1900 3070
197 119 268 148 1079

778 126 846 154 TITI
866 127 1084 157 BOSTRENSIS
1099 130 1250 159 EPISCOPI

1750 136 1830 162 4680

195 179 242 206 sed
270 183 366 207 natura
394 185 531 216 pugnant;
558 183 696 217 quomodo
723 185 846 226 cogitari.
866 194 968 222 possun

1032 191 1118 226 ετὲρῳ
1142 190 1242 216 τούτων
1270 190 1430 222 διασώζεται
1457 191 1506 227 τῆς
1528 191 1614 227 ἀρχῆς
1630 193 1645 219 ὁ
1663 190 1752 229 λόγος,
1770 195 1830 223 :11;

195 223 294 252 habere
310 223 423 253 omnino
433 228 635 262 principatum?
651 229 755 262 Quodsi
767 223 982 268 ratio-principa-

194 272 240 296 tus
256 273 383 297 neutrum
414 271 512 299 horum
538 273 677 302 incolume
704 281 814 308 servat,
843 280 982 307 quomodo

193 314 325 350 principia
345 317 540 344 vocabuntur?

1035 235 1068 266 ἂν
1082 237 1164 271 ἀρχαὶ
1181 236 1302 272 κληθεῖεν

662 377 726 406 CAP.
751 378 817 406 ‘v'lli.
837 380 914 407 Ratio
931 381 983 410 duo
996 383 1127 417 principia
1142 391 1192 409 nan
1205 383 1331 411 admittit.

228 432 370 465 Quomodo
393 435 514 462 rationes
535 437 674 464 naturales
694 437 848 471 admittunt,
875 444 903 466 ut
925 441 980 468 sint

192 479 245 506 duo
264 481 414 507 secundum
440 482 623 508 substantiam
647 485 796 517 contraria,
822 485 868 512 ubi
891 486 980 520 primo

191 525 301 559 quidem
321 533 420 553 nomen
436 527 597 554 substantia
614 536 759 557 commune
773 535 815 558 est
833 532 979 567 utrisque?

190 570 312 598 Primum
326 572 420 607 igitur,
438 578 574 608 quatenus
590 581 735 611 utrumque
755 577 909 605 substantia
924 583 977 611 est,

190 616 368 650 perspicuum
391 623 442 648 cst,
468 621 615 648 convenire
631 622 702 648 inter
726 629 765 653 se,
794 627 821 649 et
844 631 898 650 non
917 632 978 653 esse

189 662 339 688 contraria.
365 662 467 690 Deinde
491 665 570 692 ambo
593 671 657 692 sunt
681 667 820 699 animalia,
845 674 976 703 prmterea

189 707 331 741 aequaliter
344 708 474 743 ingenita.
490 710 610 743 Quorum
626 715 716 738 autem
733 713 826 740 eadem
850 721 913 742 sunt
927 724 977 742 no-

189 753 275 784 mina,
295 757 322 781 et
337 755 430 782 eadem
451 755 609 791 descriptio,
631 757 727 784 horum
742 759 894 787 substantia
909 769 977 796 quo-

188 798 270 825 modo
283 801 421 827 contraria
439 806 485 828 aut
503 809 627 837 pugnans
641 811 701 830 esse
714 806 822 839 potest?
837 804 975 840 Siquidem

1067 442 1130 473 Πῶς
1148 442 1170 468 δ’
1195 442 1227 469 ἂν
1241 443 1264 468 οἱ
1298 442 1406 476 φυσικοὶ
1429 442 1553 478 λογισμοὶ
1577 443 1771 479 παραδέξαιντ¹
1791 444 1825 470 ἂν

1032 487 1164 523 ὑπάρχειν
1192 489 1299 515 ἐναντία
1312 489 1358 515 δύο
1381 489 1439 515 κατ’
1462 489 1565 520 οὐσίαν,
1583 490 1649 516 ὅπου
1664 498 1697 524 γε
1715 490 1824 525 πρῶτον

1032 534 1082 568 μὲν
1099 534 1128 559 τὸ
1150 534 1199 568 τῆς
1212 534 1306 566 οὐσίας
1334 535 1499 569 ἀμφοτέροις
1513 535 1597 569 δνομα
1621 536 1727 566 κοινόν;
1748 536 1823 562 Καθ’)

1030 577 1119 604 τοίνυν
1135 578 1241 613 πρῶτον
1254 579 1384 614 ἑκάτερον
1396 579 1486 610 οὐσία,
1505 579 1592 614 δῆλον,
1603 580 1640 611 ὡς
1656 581 1821 615 ὁμονοοῦντα

1031 623 1077 650 καὶ
1094 625 1142 650 οὐκ
1157 625 1281 651 ἐναντία’
1294 625 1388 652 ἔπειτα
1406 626 1463 657 ζῶα
1478 626 1573 660 augur
1591 626 1658 661 πρὸς
1675 626 1705 653 δὲ
1718 627 1822 658 τούτοις

1029 670 1127 705 ἐπίσης
1141 671 1284 706 ἀγέννητα.
1304 668 1352 697 Ὧν
1367 672 1394 697 δὲ
1410 671 1445 697 τὰ
1462 671 1531 698 αὖτὰ
1543 673 1673 707 ὀνόματα,
1692 673 1739 699 καὶ
1753 674 1821 709 αὐτὴ

1030 716 1187 751 ὑπογραφὴ,
1207 716 1308 742 τούτων
1332 716 1390 748 πῶς
1404 718 1419 751 ή
1435 717 1514 743 οὐσία
1532 719 1672 753 μαχομένη
1686 719 1733 745 καὶ
1746 721 1821 746 ἐναν-

1029 762 1090 794 τία;
1112 763 1234 796 καίτοιγε
1249 763 1282 789 τὰ
1299 763 1419 797 ὀνόματα
1435 763 1488 789 τῶν
1513 764 1683 799 πραγμάτων
1695 766 1755 791 ἐστὶ
1770 775 1819 801 ση-

1032 809 1161 843 μαντικῶ
1175 810 1322 844 κατηγορεῖ
1332 809 1385 844 γὰρ
1396 809 1511 835 ἑκάστου
1525 809 1554 835 τὸ
1567 810 1593 835 τί
1605 811 1679 836 ἐστιν
1692 810 1817 843 ἕκαστον,

190 845 299 871 nomina
327 854 371 873 res
395 847 550 881 signiﬁcant
566 849 686 876 :dicitur
710 852 781 878 enim
800 851 834 879 de
854 860 964 887 unoquo

1028 854 1066 885 ὡς
1093 854 1242 888 ἐνδέχεται”
1259 855 1426 890 γνωρίζομεν
1450 857 1548 887 τοίνυν,
1578 856 1615 888 ὡς
1631 856 1748 891 δύναμις
1763 859 1818 889 τοῖς

189 897 242 924 quc
254 891 327 923 quod
346 893 559 928 unumquodque
573 898 625 926 est,
645 898 674 921 ut
690 903 751 923 esse
767 900 866 930 potest.
884 896 976 931 itaque

188 935 381 969 cognoscimus
409 936 462 963 vim
489 938 631 965 nominum
653 946 715 967 esse
741 947 796 967 res.
826 940 977 975 Utrumque

188 981 272 1015 igitur
282 989 376 1008 eorum
397 990 457 1017 quae
471 982 638 1012 Manichacus
652 986 791 1012 contraria
807 990 894 1021 putat,
911 987 977 1015 sub-

187 1027 290 1054 stantia
304 1027 398 1054 vivens
413 1032 439 1054 et
456 1029 576 1063 ingenita
599 1030 771 1064 nominatur;
789 1031 976 1058 manifestum-

186 1079 239 1106 que
255 1076 307 1102 est.
323 1081 384 1100 cum
400 1074 461 1101 talis
474 1082 552 1102 error
566 1075 729 1110 principium
744 1077 826 1104 ducat
842 1086 856 1104 a
878 1077 976 1105 barba-

186 1118 235 1149 ris.
251 1126 312 1147 esse
325 1119 406 1146 etiam
424 1120 495 1155 apud
510 1128 561 1148 eos
572 1122 707 1149 sublatam
722 1125 907 1151 communium
925 1132 974 1151 no-

185 1163 292 1191 tionum
324 1166 548 1194 consecutionem
566 1176 573 1195 :
589 1168 695 1203 integra
719 1169 792 1196 enim
820 1173 902 1204 atque
930 1177 972 1197 ea-

185 1209 247 1236 dem
269 1214 312 1237 est
330 1211 474 1246 utriusque
493 1219 526 1238 ex
546 1220 623 1247 atquo
648 1214 806 1249 descriptio,
834 1223 894 1250 qua:
917 1223 972 1242 non

185 1255 266 1282 modo
277 1263 384 1283 omnem
402 1258 603 1286 contrariorum
624 1261 808 1295 suspicionem
824 1261 909 1296 cjicit,
926 1261 974 1290 sed

184 1308 274 1335 neque
288 1301 471 1330 dill'erentiam
493 1305 574 1331 ullam
592 1306 619 1332 in
635 1306 668 1333 iis
684 1315 744 1341 qua:
756 1307 898 1335 nominant
913 1316 976 1336 esse

185 1347 328 1381 permittit.

1026 900 1140 935 ὀνόμασι
1153 900 1186 926 τὰ
1209 901 1366 936 πράγματα,
1387 902 1448 937 Ἆρ’
1465 900 1511 928 οὖν
1528 903 1657 938 ἑκάτερον
1674 903 1729 930 τῶν
1744 905 1818 940 παρὰ

1026 946 1064 981 τῷ
1081 946 1198 973 Μάνεντι
1212 944 1395 982 νομιζομένων
1410 949 1539 975 ἐναντίων
1552 949 1629 975 οὐσία
1641 948 1717 981 ζῶσά
1727 958 1756 975 τε
1771 950 1817 976 καὶ

1027 992 1172 1027 ἀγέννητος
1188 993 1348 1027 ὀνομάζεται
1359 1002 1365 1008 ·
1379 993 1498 1029 εὐδηλον,
1518 995 1554 1026 ὡς
1565 995 1596 1021 ἐκ
1608 994 1756 1030 βαρϐάρων
1768 995 1816 1030 τὴν

1026 1039 1112 1075 ἀρχὴν
1135 1039 1184 1074 τῆς
1213 1040 1341 1075 τοιαύτης
1367 1040 1503 1077 λαϐούσης
1527 1041 1640 1076 πλάνης,
1655 1041 1816 1076 διέφθαρται

1029 1085 1093 1120 παρ’
1107 1085 1198 1116 αὐτοῖς
1216 1085 1270 1111 τῶν
1286 1085 1382 1112 κοινῶν
1411 1086 1519 1112 ἐννοιῶν
1536 1087 1552 1122 ὴ
1575 1086 1737 1113 ἀκολουθίαε
1754 1086 1816 1119 (SR6-

1027 1129 1125 1166 κληρος
1152 1129 1206 1165 γὰρ
1223 1130 1270 1156 καὶ
1295 1130 1311 1165 ἡ
1333 1130 1401 1165 αὐτὴ
1422 1130 1520 1166 ἐπίσης
1542 1130 1669 1165 τυγχάνει
1685 1131 1816 1166 ἐκατέρου

1024 1175 1181 1211 ὑπογραφὴ,
1197 1174 1226 1201 οὐ
1243 1174 1322 1210 μόνον
1337 1175 1521 1210 ἐναντιότητος
1536 1176 1624 1202 πᾶσαν
1639 1175 1758 1209 ὑποψίαν
1773 1175 1816 1207 ἐξα

1024 1220 1163 1256 ορίζουσα,
1195 1221 1325 1248 ἀλλὀῠτε
1348 1221 1479 1257 διαφοράν
1506 1230 1565 1249 τινα
1588 1221 1769 1257 συγχωροῦσα
1786 1221 1816 1247 ἐν

1025 1268 1084 1298 τοῖς
1099 1266 1308 1302 ὀνομαζομένοις
1320 1267 1464 1303 ὑπάρχειν.

488 1410 552 1437 CAP.
572 1410 617 1438 IX.
640 1411 838 1448 Principiorum
852 1415 994 1449 qualitates
1005 1417 1156 1443 contrarian
1179 1416 1208 1442 In
1225 1416 1277 1443 Deo
1291 1416 1365 1442 nulla
1379 1416 1505 1451 qualitas.

221 1461 304 1490 Aiunt
324 1468 414 1492 autem
435 1465 577 1495 Manichzei
600 1470 711 1497 asseclte
730 1470 782 1497 hoc
794 1470 905 1506 quidem
926 1471 972 1499 bo-

1058 1473 1126 1499 Φασὶ
1140 1473 1167 1498 δὲ
1179 1473 1208 1499 τὸ
1220 1473 1269 1508 μὲν
1280 1472 1391 1506 ἀγαθὸν,
1407 1473 1436 1498 τὸ
1453 1472 1482 1498 δὲ
1497 1471 1591 1502 κακὸν,
1601 1470 1651 1501 τὰς
1668 1470 1815 1505 ποιότητας

185 1516 262 1540 num,
284 1510 351 1538 illud
376 1519 440 1539 vero
464 1513 742 1550 malum;qualitates
761 1516 890 1544 videlicet
909 1523 969 1546 ante

1024 1519 1104 1545 οἱονεὶ
1118 1519 1170 1554 πρὸ
1185 1518 1234 1553 τῆς
1245 1517 1338 1548 οὐσίας
1354 1517 1581 1552 ἐκλαμῦάνοντες,
1599 1517 1623 1542 ot
1640 1516 1680 1551 τῷ
1696 1516 1814 1542 Μάνεντι

185 1555 369 1591 ειιιηιεοιίοω
381 1558 572 1595 .intelligentes
586 1571 592 1589 :
605 1562 746 1589 nominata
760 1563 832 1590 enim
843 1563 970 1591 similiter

185 1601 213 1628 in
234 1606 350 1638 utroque
365 1605 519 1633 substantia
536 1606 611 1641 (sunt
627 1608 699 1635 enim
716 1609 796 1636 ambo
816 1610 969 1637 substantia

184 1648 278 1675 vivens
303 1653 330 1676 ct
357 1650 491 1687 ingenita)
523 1660 726 1688 supervacanea
755 1659 813 1688 est;
841 1655 970 1691 deinceps

185 1698 249 1722 sunt
260 1695 344 1723 veluti
359 1697 508 1731 qualitates
525 1700 671 1727 contraria:
683 1710 689 1727 :
702 1700 754 1727 etsi
767 1701 839 1728 enim
854 1709 908 1728 non
922 1703 970 1730 de-

184 1744 228 1767 cet
243 1742 383 1770 nominare
400 1743 426 1770 in
446 1743 501 1772 Deo
515 1746 686 1779 qualitatem.
707 1754 768 1774 esse
786 1752 875 1775 tamen
893 1749 969 1784 prius

183 1786 384 1819 quodammodo
411 1793 454 1816 est
481 1791 657 1825 cogitatione,
681 1799 764 1827 quam
792 1794 872 1820 talem
892 1802 966 1827 esse;

184 1831 338 1859 substantia
359 1838 449 1862 autem
477 1836 659 1870 signiﬁcatur,
689 1845 751 1865 cum
781 1839 881 1866 dicitur
904 1840 969 1867 sub-

183 1879 284 1906 stantia
305 1879 400 1908 vivens
417 1886 444 1908 et
466 1881 598 1916 ingenita.
623 1883 808 1919 Praeterquam
832 1886 854 1913 si
875 1887 967 1914 dicant

182 1925 293 1959 propria
304 1926 428 1955 accidere
446 1929 579 1956 ambobus
598 1931 747 1964 contraria,
764 1933 836 1966 quod
852 1937 893 1960 est
906 1941 967 1960 om-

182 1969 258 1997 nium
281 1972 486 2006 stultissimum,
514 1975 635 2009 ingenito
658 1977 730 2004 enim
756 1978 823 2004 nihil
851 1979 964 2012 accidit;

182 2016 226 2042 cui
237 2016 310 2043 enim
329 2025 382 2044 non
400 2019 506 2046 accidat
520 2028 592 2052 esse,
610 2021 674 2048 huic
694 2030 781 2057 neque
800 2024 892 2052 taliter
906 2033 966 2052 esse

181 2058 322 2085 acciderit.
338 2060 414 2092 Quod
433 2069 487 2088 non
501 2066 554 2095 est,
567 2071 621 2090 non
636 2065 746 2092 accidit.

216 2103 368 2136 Qualitates
387 2106 469 2140 igitur
491 2109 644 2136 contrarias
665 2110 729 2138 licet
744 2111 770 2138 in
792 2112 874 2139 rebus
890 2113 964 2139 inve-

179 2149 250 2182 nire,
266 2150 436 2179 substantias
452 2161 517 2180 vero
532 2162 703 2190 nequaquam
719 2167 725 2183 :
746 2157 836 2184 album
850 2159 921 2185 enim
938 2163 965 2186 et

178 2196 286 2231 nigrum
302 2199 439 2226 contraria
451 2204 524 2233 sunt,
537 2205 682 2238 utrumque
698 2203 724 2230 in
741 2212 854 2239 corpore
869 2205 962 2232 eadem

177 2242 348 2276 substantia;
369 2250 433 2272 sunt
449 2251 537 2274 autem
559 2248 623 2274 talia
645 2250 742 2283 partim
768 2251 903 2277 contraria
922 2251 965 2278 in-

177 2292 220 2315 ter
231 2296 271 2321 se,
288 2290 387 2325 partim
402 2300 457 2319 non
472 2294 623 2322 contraria.
640 2294 758 2322 Primum
771 2304 887 2330 namque
899 2297 964 2324 sub-

178 2338 220 2362 ter
242 2343 326 2363 unum
347 2344 432 2372 genus
459 2343 541 2373 sunt;
561 2344 677 2374 utraque
702 2341 775 2368 enim
794 2345 857 2368 sunt
875 2343 961 2370 color.

177 2381 281 2410 Deinde
300 2383 353 2410 etsi
370 2385 510 2411 contraria
532 2392 594 2412 esse
618 2385 755 2418 videntur,
774 2391 863 2414 tamen
884 2395 963 2422 aspe-

177 2430 251 2454 ctum
263 2428 339 2456 varie
349 2429 495 2462 delectant,
513 2435 640 2458 neutrum
656 2431 728 2458 enim
744 2432 852 2459 illorum
869 2433 963 2460 immo-

176 2473 317 2501 deratione
330 2475 404 2502 hunc
420 2476 542 2502 oﬂ‘endit.
557 2476 613 2503 lme
627 2477 709 2503 etiam
725 2477 811 2505 virtus
825 2482 852 2504 et
867 2477 961 2505 vitium

176 2519 204 2545 in
218 2519 328 2553 anima;
346 2525 428 2556 atque
445 2521 503 2548 haec
514 2521 622 2556 quidem
640 2523 788 2555 contraria,
807 2531 860 2550 non
874 2524 961 2551 solum

177 2565 204 2592 in
220 2565 314 2593 eadem
332 2567 499 2599 substantia,
524 2567 572 2594 sed
588 2568 615 2594 in
632 2575 686 2595 uno
704 2576 802 2603 genere
819 2570 962 2596 nominan-

177 2616 239 2638 tur:
255 2616 403 2648 utrumque
419 2613 492 2640 enim
509 2617 551 2642 est
566 2614 686 2641 habitus.
701 2622 760 2649 qua:
773 2618 903 2650 tanquam
918 2623 961 2642 ac-

176 2657 292 2685 cidentia
318 2659 412 2686 insunt
435 2660 462 2686 in
483 2661 572 2686 anima
594 2667 608 2686 a
626 2669 678 2695 qua
707 2662 804 2688 abesse
827 2666 958 2696 possunt;

176 2703 265 2731 anima
281 2704 308 2731 in
324 2713 377 2740 qua
400 2706 455 2732 haec
477 2711 550 2737 sunt.
569 2707 636 2734 alias
656 2707 734 2735 aliter
746 2707 840 2735 allecta
865 2713 891 2735 et
905 2708 960 2735 dis—

981 2187 1004 2216 D

1025 1565 1214 1600 συντρέχοντες
1226 1573 1232 1579 ·
1252 1564 1303 1598 τῆς
1322 1563 1376 1599 γὰρ
1395 1563 1486 1595 οὐσίας
1508 1563 1608 1598 ὁμοίως
1622 1563 1666 1596 ἐφ’
1683 1563 1812 1597 ἐκατέρου

1023 1609 1225 1644 ὀνομαζομένης
1254 1609 1349 1644 (οὐσία
1374 1608 1428 1643 γὰρ
1452 1608 1528 1639 ζῶσά
1542 1616 1571 1633 τε
1601 1608 1646 1633 καὶ
1665 1607 1813 1642 ἁγέννητος

1023 1654 1133 1689 ἄμφω),
1145 1654 1258 1690 περιττὴ
1276 1654 1367 1680 λοιπὸν
1383 1655 1431 1689 τῆς
1445 1653 1524 1679 οἱονεὶ
1540 1652 1680 1688 ποιότητος
1697 1653 1713 1687 ἡ
1738 1653 1812 1678 ἐναν-

1022 1700 1186 1736 τιότης(4“)·
1198 1701 1222 1726 εἰ
1237 1699 1292 1735 γὰρ
1303 1699 1349 1726 καὶ
1365 1700 1401 1735 μὴ
1417 1699 1531 1735 ἁρμόζει
1548 1699 1594 1725 ἐπὶ
1603 1698 1671 1724 Θεοῦ
1683 1698 1812 1733 ποιότητα

1022 1746 1173 1781 ὀνομάζειν,
1199 1745 1267 1772 ἀλλά
1280 1753 1311 1778 γε
1331 1747 1363 1780 τῇ
1387 1745 1476 1780 ἐννοίᾳ
1501 1745 1600 1780 τρόπον
1618 1745 1680 1770 τινὰ
1697 1744 1728 1770 τὸ
1743 1742 1812 1770 εἶναι

1022 1792 1068 1819 τοῦ
1080 1791 1179 1818 τοιόνδε
1195 1789 1264 1817 εἶναι
1285 1791 1458 1826 προτερεύει-
1469 1791 1509 1817 τὸ·
1521 1790 1547 1816 δὲ
1561 1788 1629 1817 εἶναι
1649 1790 1810 1824 σημαίνεται

1021 1837 1071 1872 τῷ.
1100 1837 1179 1863 οὐσία
1202 1835 1277 1868 ζῶσά
1304 1844 1333 1862 τε
1365 1837 1412 1862 καὶ
1440 1836 1596 1871 ἀγέννητος.
1626 1835 1700 1870 Πλὴν
1726 1836 1749 1861 εί
1772 1835 1810 1870 μὴ

1022 1883 1073 1909 ἴδια
1094 1884 1172 1917 φαῖεν
1194 1882 1377 1918 ἐπισυμϐἦναι
1393 1882 1427 1909 τὰ
1444 1883 1550 1908 ἐναντία
1571 1882 1726 1917 ἑκατέροις,
1743 1882 1811 1917 ὅπερ

1020 1930 1078 1956 ἐπὶ
1116 1929 1224 1956 πάντων
1255 1929 1454 1964 ἀνοητότερον·
1483 1929 1622 1963 ἁγεννήτῳ
1649 1928 1702 1963 γὰρ
1733 1927 1808 1953 οὐδὲν

1020 1975 1226 2011 ἐπισυμϐαίνει’
1315 1975 1369 2011 γὰρ
1402 1975 1432 2001 τὸ
1468 1973 1536 2000 εἶναι
1571 1974 1607 2009 μὴ
1643 1973 1805 2008 ἐπισυνέϐη,

1019 2021 1105 2056 τούτῳ
1130 2021 1189 2047 οὐδὲ
1209 2022 1238 2048 τὸ
1265 2021 1376 2048 τοιῶσδε
1396 2018 1474 2047 εἶναι.
1506 2022 1538 2047 Ὂ
1557 2021 1592 2055 μὴ
1611 2020 1664 2055 εἴη,
1681 2020 1732 2046 οὐκ
1749 2020 1808 2045 ἐτι-

1020 2068 1172 2102 συμϐαίνει.

1053 2113 1205 2147 [letor-ialm»;
1221 2114 1270 2149 μὲν
1283 2111 1328 2140 οὖν
1344 2113 1518 2149 ἐναντιότητά
1528 2113 1601 2138 ἐστιν
1618 2111 1647 2138 ἐν
1661 2112 1718 2142 τοῖς
1732 2108 1806 2137 οἶσιν

1018 2159 1118 2194 εὑρεῖν,
1132 2159 1223 2191 οὐσίας
1245 2160 1273 2186 δὲ
1297 2159 1432 2195 οὐδαμοῦ·
1454 2159 1549 2185 λευκὸν
1558 2152 1617 2193 ’γὰρ
1636 2158 1705 2192 πρὸς
1724 2157 1806 2192 μέλαν

1017 2205 1146 2236 ἐναντίως
1160 2205 1232 2240 ἔχει·
1258 2206 1387 2241 ἑκάτερον
1404 2205 1431 2232 δὲ
1451 2206 1480 2231 ἐν
1498 2204 1604 2239 σώματι
1618 2205 1651 2239 τῇ
1668 2203 1750 2230 αὐτοῦ
1766 2203 1804 2234 (ὅ)

1015 2251 1113 2286 οὐσίᾳ·
1148 2251 1204 2287 ἔχει
1235 2252 1326 2287 μέντοι
1357 2252 1437 2283 αὐτὰ,
1466 2251 1503 2286 πὴ
1527 2250 1577 2286 μέν
1595 2250 1724 2281 ἐναντίως
1738 2249 1804 2284 πρὸς

1016 2298 1127 2333 ἄλληλα,
1148 2298 1185 2333 πὴ
1199 2298 1227 2324 δέ
1243 2298 1293 2324 οὐκ
1314 2298 1452 2329 ἐναντίως.
1475 2297 1586 2332 Πρῶτον
1609 2297 1658 2330 μὲν
1681 2295 1737 2331 γὰρ
1759 2295 1804 2329 ei

1016 2343 1045 2369 ἓν
1067 2343 1144 2377 γένος
1174 2344 1242 2374 ἐστὶ,
1256 2343 1355 2378 χρῶμα
1365 2343 1420 2378 γὰρ
1443 2342 1574 2377 ἑκάτερα·
1593 2342 1699 2372 ἔπειτα,
1715 2342 1740 2367 εἰ
1757 2342 1802 2368 καὶ

1017 2390 1125 2416 ἐναντία
1141 2387 1210 2416 εἶναι
1223 2389 1305 2420 δοκεῖ,
1325 2389 1393 2416 ἀλλά
1408 2398 1439 2423 γε
1455 2391 1487 2425 τῇ
1504 2389 1563 2423 ὄψει
1577 2388 1708 2420 ποικίλως
1724 2396 1802 2424 προσ-

998 2443 1001 2449 ’
1014 2435 1075 2470 άγει
1091 2436 1140 2470 τὴν
1152 2436 1300 2462 ἀπόλαυσιν
1312 2445 1318 2451 ·
1332 2435 1471 2470 οὐδέτερον
1485 2435 1539 2470 γὰρ
1559 2436 1651 2461 αὐτοῖν
1663 2436 1696 2469 τῇ
1714 2435 1802 2469 ἀσυμ-

1016 2481 1114 2516 μετρία
1136 2481 1215 2508 λυπεῖ
1243 2481 1360 2516 ταύτην·
1376 2481 1442 2508 ἀλλὰ
1465 2481 1511 2508 καὶ
1529 2481 1578 2516 ἤδη
1600 2480 1685 2515 ἀρετή
1704 2488 1734 2505 τε
1755 2480 1801 2506 καὶ

1014 2527 1096 2554 κακία
1109 2529 1138 2554 ὲν
1154 2528 1238 2563 ψυχῇ,
1253 2529 1290 2560 ὡς
1304 2528 1413 2554 ἐναντία
1434 2527 1482 2563 μὲν
1500 2527 1546 2554 καὶ
1563 2526 1659 2556 ταῦτα,
1674 2526 1704 2552 οὑ
1721 2526 1799 2560 μόνον

1013 2573 1041 2599 δὲ
1057 2574 1086 2599 ἐν
1096 2575 1128 2608 τῇ
1141 2574 1209 2609 αὐτῇ
1219 2574 1307 2609 οὐσίᾳ,
1326 2574 1393 2600 ἀλλὰ
1413 2574 1460 2600 καὶ
1479 2574 1507 2600 ἐν
1521 2573 1561 2600 ἐνὶ
1576 2573 1650 2606 γένει
1664 2580 1799 2607 προσαγο-

1015 2618 1122 2653 ρεύεται
1133 2626 1139 2632 '
1156 2619 1211 2651 ἕξις
1232 2619 1285 2654 γὰρ
1314 2620 1431 2655 ἑκάτερα
1442 2640 1449 2650 ,
1463 2618 1540 2645 ἅτινα
1559 2619 1606 2645 καὶ
1622 2617 1660 2648 ὡς
1681 2618 1799 2652 ἐπισυμ-

1014 2663 1140 2689 σαίνοντα
1159 2663 1230 2698 ψυχῇ
1251 2664 1413 2699 ἐνυπάρχει·
1441 2663 1500 2690 ὅθεν
1518 2664 1564 2689 καὶ
1585 2661 1799 2696 ἁποσυμϐιίνειν

1012 2708 1146 2743 ἐνδέχεται
1162 2709 1219 2743 τῆς,
1232 2710 1260 2735 ἐν
1311 2708 1467 2739 ὲστιταῦτα,
1486 2708 1578 2735 ἄλλοτε
1598 2707 1686 2738 ἄλλως
1701 2706 1800 2732 διακει-

213 2779 587 2822 ίμηερητὴη-ῗῆμένςξντ.
603 2783 755 2820 Basnngius
771 2785 810 2814 sic
828 2785 934 2814 reddit:
950 2785 1149 2821 Supervacuum
1161 2793 1199 2815 est
1211 2789 1397 2819 contrarietas,
1408 2796 1464 2822 qum
1477 2787 1542 2821 ipsis
1555 2787 1657 2813 incstut
1670 2784 1794 2819 qualitas.

210 2813 249 2852 (‘3)
265 2813 355 2847 Forte,
375 2819 406 2850 τῇ
423 2813 500 2851 αὐτῇ.
523 2818 599 2850 Enn;
