1900 3070
50 105 65 131 1
74 104 133 134 081

611 111 797 140 ΑῡὶἙΒΞιΕΞ
817 111 1026 140 MAMCIM‘IOS
1042 112 1105 140 ΗΒ.
1127 113 1148 140 1.

1625 114 1694 142 1082

53 169 169 205 μένης·
185 169 223 202 ὡς
245 167 314 197 εἶναι
340 171 428 207 δῆλον,
447 172 483 204 ὡς
508 173 522 199 ὁ
542 173 591 209 μὲν
614 174 678 210 περὶ
697 175 747 210 τῆς
760 175 853 206 οὐσίας
867 179 890 208 Α

905 175 993 210 posita
1012 184 1018 201 :
1041 179 1073 202 ut
1085 175 1203 210 liqueat,
1220 175 1294 202 aliud
1309 183 1370 203 esse
1389 176 1423 203 dc
1437 176 1591 204 substantia
1607 176 1700 212 loqui..

49 212 144 249 λόγος
169 215 332 251 ἀφώρισται,
348 218 363 243 ὁ
376 218 404 244 δὲ
429 219 492 254 περὶ
510 219 564 245 τῶν
587 219 672 255 ταύτῃ
690 220 851 255 ὲπισυμόαι-

49 260 164 287 κιόντων
178 261 273 297 ἕτερος
289 264 427 298 τυγχάνει.

96 307 198 333 Καίτοι
219 308 251 334 τὸ
271 309 320 344 μὲν
341 310 436 337 λευκόν
455 319 484 337 τε
499 312 545 338 καὶ
564 312 646 347 μέλαν
665 311 738 338 ἐστιν
749 312 792 338 ὅτε
807 311 853 338 καὶ

50 351 99 383 ὡς
114 352 257 388 ἀχώριστα
280 355 428 391 ἐνυπάρχει
441 358 498 388 τοῖς
522 358 551 384 ἐν
567 354 608 389 οἷς
623 360 697 384 ἐστι·
713 358 759 385 καὶ
780 358 854 393 ὅμως

50 399 152 430 οὐδεὶς
175 400 285 427 πώποτε
306 402 360 429 ἀπὸ
378 403 479 429 τούτων
493 403 633 438 ὠνόμακεν
649 405 750 436 ἐκεῖνα,
771 405 798 430 ὲν
815 401 855 435 οἷς

50 443 120 469 ὲττι
152 444 255 471 ταῦτα·
277 446 364 478 οὐδεὶς
392 447 456 482 γὰρ,
483 447 599 483 θελήσας
627 449 697 482 γάλα
716 449 853 484 σημῆναι,

50 490 122 524 σιύχὶ
137 491 239 525 μᾶλλον
255 493 309 528 πρὸ
324 492 370 520 τοῦ
384 494 454 520 κατὰ
467 493 513 521 τοῦ
530 495 614 526 εἴδους
629 496 678 529 τῆς
694 495 787 526 οὐσίας
799 495 856 522 ὀνό-

55 543 149 569 ματος
164 537 291 571 κειμένου
312 539 500 574 κατεχρήσατο
517 539 547 566 τὸ
560 540 609 574 τῆς
622 539 794 575 λευκότητος,
813 541 855 567 ἵνα

53 581 99 615 μὴ
114 581 174 608 ἀνθ’
191 582 252 613 ἑνὸς
280 583 365 610 πολλὰ
389 585 532 620 σημαίνειν
552 585 625 621 δόξῃ,
641 583 681 617 οἷς
695 586 854 621 πρόσεστιν·

51 627 130 653 ἀλλὰ
146 627 201 662 μὴν
212 629 259 654 καὶ
276 629 380 664 κόρακα
394 630 425 656 οὺ
438 630 478 666 τῷ
488 631 580 666 μέλανι
596 631 773 668 σημαίνομεν,
789 632 856 659 ἀλλὰ

49 671 98 707 τῷ
109 672 159 698 τοῦ
183 672 253 705 ζὼου
275 675 322 701 καὶ
334 675 380 701 τοῦ
400 676 485 707 εἴδους
508 676 630 711 ὀνόματι.
647 675 730 704 Abeat
746 679 794 712 μὲν
809 676 856 704 οὖν

50 718 106 744 καὶ
137 718 265 746 τοιαῦται
293 720 438 756 ἀχώριστοι
466 722 622 758 ποιότητες·
650 723 734 759 ἀρετὴ
762 723 790 750 δὲ
810 725 856 750 καὶ

49 765 144 791 κακία
156 766 186 791 ἐν
196 765 268 801 ψυχῇ
278 767 330 793 τῶν
342 767 597 802 ἐπισυμϐαινουσῶν
604 769 754 804 ποιοτήτων
765 769 833 795 είσίν
847 777 853 783 ”

50 811 95 842 ὡς
117 811 222 846 μᾶλλον
238 814 387 848 προσήκειν
405 814 536 849 μηδαμῶς
551 814 604 840 ἀπὸ
630 814 731 840 τούτων
748 813 795 849 τὴν
809 815 854 840 οὑ-

909 221 981 248 aliud
995 221 1028 248 de
1039 222 1075 248 iis
1090 229 1150 256 quae
1171 221 1331 249 substantiae
1348 223 1484 250 accidunt.

941 309 1022 344 Atqui
1039 310 1068 336 [lt
1083 311 1240 345 aliquando,
1261 315 1291 338 ut
1307 311 1397 338 album
1414 313 1522 346 quidem
1540 316 1567 340 et
1583 313 1694 348 nigrum

908 353 1005 381 abesse
1024 361 1078 381 non
1099 355 1206 389 possint
1222 355 1256 382 ab
1275 356 1309 383 iis
1326 356 1352 383 in
1367 357 1466 391 quibus
1487 357 1596 391 insunt;
1612 366 1694 386 nemo

907 404 1000 426 tamen
1020 400 1056 427 ab
1070 401 1113 428 his
1127 409 1248 436 unquam
1265 402 1311 429 illa
1326 402 1353 429 in
1369 403 1469 437 quibus
1486 403 1542 430 haec
1553 409 1627 436 sunt,
1642 412 1692 432 no-

909 446 1023 472 minavit
1040 455 1046 473 :
1062 446 1155 473 nullus
1177 447 1248 474 enim
1273 455 1334 474 cum
1350 449 1435 475 voluit
1456 448 1608 484 significare
1631 450 1691 482 lac,

909 492 1002 526 potius
1018 492 1128 520 nomine
1148 493 1202 520 albi
1221 493 1383 526 abususfest
1398 502 1478 529 quam
1497 502 1562 522 usus
1584 496 1694 523 nomine

906 538 1068 565 substantia:
1086 539 1213 573 imposito
1227 539 1343 573 speciei;
1367 547 1400 566 ne
1418 547 1467 574 pro
1489 548 1543 567 uno
1558 541 1639 567 multa
1654 541 1694 568 si—

906 583 1036 618 gniﬁcare
1059 583 1196 615 videatur,
1209 585 1308 619 quibus
1327 585 1398 611 inest
1418 585 1497 612 albus
1519 585 1694 620 colorzquin

908 629 990 655 etiam
1012 635 1126 655 corvum
1146 636 1200 655 non
1219 628 1392 656 declaramus
1414 629 1524 656 nomine
1542 630 1624 664 nigri,
1645 630 1694 657 sed

906 670 1018 697 nomine
1035 671 1093 697 avis
1116 675 1143 698 et
1167 672 1278 706 speciei.
1303 671 1350 699 Hae
1371 672 1454 707 igitur
1481 677 1509 700 et
1537 673 1694 708 hujusmodi

907 715 1055 749 qualitates
1081 716 1278 750 inseparabiles
1295 722 1360 744 sunt
1373 727 1379 744 :
1391 718 1479 745 virtus
1505 723 1594 746 autem
1613 724 1640 746 et
1657 720 1696 746 vi-

906 761 973 788 tium
991 762 1017 788 in
1034 762 1125 789 anima
1139 770 1172 790 ex
1193 763 1370 798 qualitatibus
1381 771 1442 798 quae
1458 765 1596 796 accidunt,
1612 769 1692 799 sunt;

907 811 937 833 ut
954 807 1042 842 magis
1056 809 1212 840 conveniat,
1233 814 1262 835 ut
1277 809 1388 835 minimc
1402 810 1525 837 videatur
1539 811 1692 838 substantia

52 855 121 881 σίαν
141 855 198 882 δεῖν
219 856 266 882 τοῦ
281 856 424 892 ἀνθρώπου
443 858 662 894 κατηγορεῖσθαι,
677 859 731 885 δεῖν
748 859 777 886 δὲ
793 859 856 886 ταύ-
872 860 893 887 Β

908 853 1026 881 hominis
1043 854 1076 880 ab
1091 854 1134 881 bis
1151 854 1301 887 nominari;
1326 855 1372 882 sed
1400 856 1527 890 opdrtere
1546 857 1616 884 hanc
1629 865 1694 892 pro-

49 908 108 935 την
129 901 204 934 ἰδίως
218 903 409 937 σημαίνεσθαι.
427 904 520 935 οὐδεὶς
535 903 599 938 γοῦν
613 904 654 936 τὸ,
674 904 699 931 τί
722 905 795 931 ἐστιν
807 905 853 931 ἄν-

51 945 184 981 θρωπος,
210 948 241 973 ἐκ
261 947 310 981 τῆς
332 948 443 984 ἐνούσης
465 949 503 984 τῷ
519 958 572 975 τινι
591 950 689 981 κακίας
706 951 851 985 ἐσήμανεν,

50 991 128 1018 ἀλλὰ
145 993 254 1027 πρῶτον
266 994 313 1027 τῆς
325 994 419 1025 οὐσίας
442 994 472 1020 τὸ
484 993 551 1026 εἶδος
567 995 666 1027 εἰπὼν,
678 994 736 1022 εἶτα
750 996 797 1022 καὶ
810 996 850 1027 τὸ,

49 1037 111 1068 τίς,
127 1037 295 1072 προσειπὼν,
311 1037 422 1073 ὕστερον
436 1041 582 1075 κατηγορεῖ
594 1040 643 1076 τὴν
654 1040 794 1076 ποιότητα.

93 1084 252 1119 Ποιοτήτων
273 1084 322 1119 μὲν
350 1082 407 1116 οὖν,
427 1085 442 1111 ὃ
457 1085 600 1120 προλαῦὼν
615 1084 702 1119 εἶπον,
719 1086 794 1122 εὕροι
811 1096 852 1120 τις

51 1129 90 1155 ἂν
107 1129 137 1155 ἐν
152 1130 211 1161 τοῖς
231 1129 430 1165 ὑποϐεϐηκόσιν
449 1131 625 1167 ἐναντιότητα
638 1131 692 1158 τῶν
705 1132 755 1168 μὲν
768 1141 852 1168 χωρι-

51 1174 143 1204 στῶν,
155 1174 211 1200 τῶν
222 1175 249 1201 δὲ
273 1176 320 1202 καὶ
338 1176 497 1212 ἀχωρίστων
513 1185 519 1192 ·
538 1177 583 1203 ἐπὶ
595 1177 622 1204 δὲ
637 1177 682 1204 τοῦ
698 1177 765 1204 Θεοῦ
778 1179 853 1205 πᾶσα

53 1220 110 1254 μὲν
123 1220 235 1254 ποιότης
247 1220 418 1255 ὲκὸέϐληται,
435 1221 527 1257 ἐπειδή
540 1230 572 1256 γε
582 1222 657 1248 οὐδὲν
666 1219 703 1248 ὦν
719 1222 851 1256 καλεῖται,

50 1266 100 1292 Et:
107 1274 155 1301 ρον
170 1265 234 1301 παρ’
252 1267 332 1293 αὐτόν
342 1275 348 1280 ·
361 1267 463 1299 ἁπλοῦς
479 1267 534 1303 γὰρ
544 1268 592 1294 καὶ
602 1267 748 1300 ἀσύνθετός
761 1269 834 1295 ἐστιν
844 1278 852 1285 ·

50 1312 133 1346 ὅμως
157 1312 186 1338 δὲ
211 1314 243 1348 τῇ
257 1313 382 1348 ὲννοίᾳ,ὃ
401 1313 581 1349 προλαϐόντες
605 1313 728 1348 εἴπομεν,
756 1322 852 1349 προτε-

52 1358 133 1393 ρεὺει
147 1359 176 1384 τὸ
191 1357 259 1385 εἶναι
278 1359 324 1385 τοῦ
339 1359 437 1386 τοιόνδε
454 1358 534 1387 εἶναι.

901 901 959 934 prie
980 901 1146 936 signiﬁcare.
1162 901 1246 929 Nemo
1258 902 1339 934 igitur
1357 903 1422 937 quid
1437 907 1479 930 est
1496 903 1587 935 homo,
1604 912 1637 931 ex
1650 905 1693 931 vi-

901 946 940 973 tio
963 947 1036 982 quod
1061 949 1141 975 alicui
1170 949 1261 980 inest,
1293 949 1503 984 signiﬁcaverit;
1533 951 1580 978 sed
1603 952 1693 986 primo

902 993 1020 1027 speciem
1037 993 1199 1020 substantiae
1213 993 1325 1026 dixerit,
1341 994 1440 1021 deinde
1454 994 1516 1029 quis
1535 995 1572 1022 sit
1586 996 1691 1030 adjicit,

901 1042 995 1074 postea
1013 1040 1174 1074 qualitatem
1192 1040 1218 1066 in
1237 1048 1269 1066 co
1283 1039 1360 1066 dicit.

937 1085 1093 1118 Qualitates
1110 1086 1195 1121 igitur
1218 1086 1375 1117 contrariae,
1395 1086 1466 1114 sicut
1485 1091 1548 1114 ante
1570 1087 1638 1119 dixi,
1661 1088 1690 1115 in

901 1131 936 1158 iis
953 1139 1013 1166 quae
1029 1131 1168 1164 accidttnt,
1185 1131 1297 1167 reperiri
1322 1136 1438 1167 possunt
1460 1132 1559 1167 partim
1580 1133 1691 1168 quidem

902 1177 1081 1212 separabiles,
1098 1178 1195 1212 partim
1207 1185 1272 1205 vero
1291 1185 1345 1205 non
1362 1179 1406 1205 :in
1424 1178 1479 1206 Deo
1493 1183 1584 1207 autem
1600 1180 1695 1208 omnis.

902 1222 1021 1256 qualitas
1032 1221 1118 1256 ejecta
1131 1226 1190 1256 est;
1206 1222 1427 1258 quandoquidem
1444 1223 1512 1250 nihil
1523 1231 1618 1251 eorum
1630 1232 1696 1259 quae

902 1267 935 1293 de.
956 1275 989 1294 eo
1004 1267 1146 1300 dicuntur,
1168 1267 1243 1294 aliud
1269 1272 1310 1295 est
1326 1271 1425 1302 praeter
1444 1268 1553 1303 ipsum;
1574 1269 1691 1304 simplex

903 1313 975 1340 enim
1001 1318 1043 1341 est
1064 1318 1091 1341 et
1107 1314 1315 1349 compositionis
1335 1315 1628 1350 experszcogitatione
1651 1319 1692 1342 ta-

904 1367 976 1391 men,
991 1364 1022 1386 ut
1038 1359 1167 1395 superius
1183 1359 1287 1386 dictutn
1303 1363 1355 1390 est.
1373 1360 1451 1395 prius
1469 1365 1511 1388 est
1527 1368 1589 1389 esse
1608 1369 1690 1396 quam

902 1404 982 1430 talem
996 1411 1068 1432 esse.
1247 1401 1255 1407 ’

492 1447 556 1474 Car.
578 1445 610 1474 Χ.
634 1447 691 1474 Duo
709 1448 824 1483 ingenita
839 1456 890 1475 non
906 1454 1015 1483 possunt
1028 1457 1084 1476 esse
1099 1449 1235 1475 contraria

91 1505 138 1531 Διὸ
159 1514 258 1540 φαμεν,
285 1506 432 1532 ἀναλαϐόντ
438 1515 475 1537 ες,

51 1550 127 1579 εἶναι
146 1553 264 1584 ἐναντία,
288 1552 366 1579 οὐσία
379 1552 454 1584 ζῶσά
475 1561 504 1579 τε
526 1553 572 1578 καὶ
585 1552 731 1587 ἀγέννητος
746 1553 786 1587 (οὺ
797 1552 851 1588 γὰρ

50 1598 224 1635 ἀρνηθεῖεν)·
235 1598 251 1633 ἢ
267 1599 350 1633 ἄμφω
363 1598 462 1632 ἀγαοὰ,
473 1598 516 1624 ἵνα
533 1597 632 1633 μᾶλλον
644 1597 712 1632 πρὸς
723 1597 754 1623 τὸ
765 1597 850 1632 εὔφη-

52 1656 107 1682 μον
119 1646 240 1678 εὐσεϐῶς
256 1646 298 1673 διὰ
311 1647 341 1672 τὸ
357 1646 440 1677 ὅντως
461 1645 490 1672 ὃν
504 1645 606 1678 ἀγαθὸν
623 1646 669 1671 καὶ
685 1643 849 1675 τούναντίον,

49 1693 154 1727 ἕερασιν
163 1693 222 1727 (5‘).
230 1693 341 1728 ἕλκηται
348 1692 378 1718 τὸ
389 1691 517 1727 μηδαμῶς
527 1691 556 1718 ὃν
563 1691 603 1726 (οὐ
612 1691 666 1726 γὰρ
674 1690 848 1726 ἀντιστρέφο-

51 1739 132 1774 μεν),
146 1739 163 1773 ἢ
180 1739 263 1774 ἅμςςω
276 1739 363 1765 κακά’
377 1739 407 1764 τὸ
422 1738 477 1773 γὰρ
496 1738 641 1774 ἀγέννητον
657 1737 764 1768 πάντως
779 1737 848 1770 ἀγα-

49 1787 111 1812 Οόν.
125 1786 229 1812 Αὐτίκα
244 1785 392 1821 ἀγὲ-θνητος
403 1785 417 1812 ὁ
432 1785 496 1816 Θεὸς
513 1785 654 1819 ὑπάρχων,
670 1781 724 1818 ἆρα
737 1783 803 1809 αὐτὸ
818 1782 849 1809 τὸ

52 1832 94 1868 μὴ
110 1832 275 1867 γεννηθῆναι
297 1832 334 1862 ὡς
355 1832 438 1858 κακὸν
464 1831 535 1866 Extat;
561 1829 703 1865 Οὐδαμῶς,
735 1828 792 1855 ἀλλ’
811 1828 849 1860 ὡς

49 1877 159 1911 ἀγαθὴν
174 1876 285 1912 δηλαδή.
312 1876 360 1907 Τίς
377 1874 422 1902 οὖν
438 1877 454 1910 ἡ
474 1874 673 1910 ἀποκλήρωσις,
689 1874 760 1900 τοῦτ’
782 1873 848 1899 αὐτὸ

49 1923 174 1959 πρᾶγμά
189 1931 219 1948 τε
247 1923 292 1948 καὶ
316 1922 411 1956 ὄνομα,
428 1921 503 1956 παρὰ
522 1921 570 1956 μὲν
585 1921 623 1956 τῷ
644 1920 701 1956 Θεῷ
719 1919 799 1946 καλόν
817 1928 847 1946 τε

49 1964 101 1996 καὶ
123 1968 226 2002 ἀγαθὸν
251 1966 333 1999 εἶναι,
350 1967 425 2005 παρὰ
439 1967 467 1993 δὲ
478 1969 510 2002 τῇ
537 1967 632 2002 κακίᾳ,
645 1967 681 1998 ὥς
700 1975 776 2002 φασι,
787 1968 847 1992 τού-

50 2015 163 2042 ναντίον
180 2014 279 2048 κακόνς
293 2015 391 2045 Γενεᾶς
408 2014 457 2048 μὲν
469 2013 522 2049 γὰρ
535 2013 658 2048 εὑρεθείη
672 2013 704 2039 ἂν
720 2011 845 2047 διαφορὰ,

50 2061 172 2096 διαφορὰ
195 2060 285 2095 μέντοι
308 2060 355 2086 καὶ
374 2060 423 2086 οὐκ
451 2059 798 2093 ἐναντιότης¹ἀγεννησίας
818 2058 846 2084 δὲ

50 2107 134 2134 ποίαν
143 2115 185 2138 τις
195 2106 227 2132 ἂν
237 2105 454 2141 εὖροιδιαφορὰν,
466 2103 483 2140 ἦ
495 2105 545 2131 πού
554 2113 585 2138 γε
594 2104 778 2139 ἐναντιότητας
787 2103 846 2130 Διό-

49 2161 105 2188 περ
119 2152 295 2179 παντάπασιν
310 2151 449 2182 ἀδύνατον,
461 2151 607 2185 ἀγέννητον
618 2150 755 2185 ἀγεννήτῳ
770 2150 846 2175 ὲναν-

497 1506 544 1538 ὡς,
560 1507 584 1532 εἰ
605 1506 722 1542 ἑκάτερα
736 1506 754 1533 ἃ
769 1515 850 1541 φησιν
866 1511 886 1539 C

937 1507 1120 1539 Quamobrem
1138 1515 1235 1535 rursus
1257 1508 1386 1541 dicimus,
1414 1509 1437 1536 si
1457 1513 1572 1544 utraque
1594 1517 1691 1537 eorum

901 1560 962 1587 quae
977 1553 1141 1580 Manichacus
1154 1553 1292 1580 contraria
1310 1561 1372 1582 esse
1392 1554 1468 1585 dicit,
1483 1555 1636 1582 substantia
1649 1556 1690 1582 vi—

900 1607 968 1627 vens
991 1604 1018 1627 et
1044 1600 1164 1635 ingenita
1183 1605 1265 1633 sunt;
1291 1608 1345 1627 non
1367 1601 1440 1627 enim
1469 1601 1618 1635 negabunt,
1645 1602 1689 1629 vel

901 1645 981 1672 ambo
998 1645 1069 1673 bona
1086 1649 1114 1672 ut
1130 1646 1217 1681 magis
1229 1646 1262 1672 ad
1277 1646 1304 1672 id
1317 1646 1390 1680 quod
1406 1646 1474 1674 bene
1487 1648 1583 1682 pieque
1596 1652 1688 1680 sonat,

900 1694 1010 1725 propter
1027 1698 1090 1717 vere
1103 1691 1217 1722 bonum,
1235 1690 1324 1725 ipsum
1340 1692 1521 1724 contrarium,
1543 1692 1616 1726 quod
1636 1692 1687 1719 mi-

900 1735 973 1762 nime
985 1739 1037 1768 est,
1058 1735 1201 1769 trahatur;
1220 1744 1274 1763 non
1288 1736 1359 1763 enim
1375 1736 1508 1769 dicemus,
1523 1738 1564 1765 vel
1578 1743 1685 1769 contra,

899 1781 921 1807 si
939 1781 1020 1808 ambo
1044 1781 1114 1808 mala
1127 1790 1133 1808 :
1148 1782 1221 1815 quod
1244 1782 1317 1809 enim
1334 1782 1482 1818 ingenitum
1499 1787 1552 1815 est,
1574 1784 1690 1811 omnino

898 1825 1001 1852 bonum
1027 1830 1079 1853 est.
1103 1826 1242 1854 Continuo
1268 1828 1351 1863 igitur
1374 1827 1445 1856 Deus
1468 1836 1531 1855 cum
1548 1828 1686 1864 ingenitus

898 1871 945 1902 sit,
966 1878 1139 1906 nequaquam
1165 1872 1248 1900 habet
1273 1873 1326 1901 hoc
1345 1873 1435 1909 ipsum
1461 1881 1515 1901 non
1533 1874 1684 1909 ingenitum

898 1923 959 1943 esse
979 1919 1108 1951 tanquam
1132 1918 1245 1950 malum,
1263 1919 1310 1946 sed
1328 1923 1457 1954 tanquam
1481 1919 1581 1946 bonum
1598 1924 1682 1948 certe.

898 1963 963 1996 Qua:
974 1963 1056 1998 igitur
1070 1964 1178 1991 sortitio
1189 1959 1246 1992 ista
1259 1966 1381 1993 eamdem
1399 1974 1454 1994 rem
1466 1970 1492 1994 et
1503 1975 1601 1994 nomen
1611 1968 1686 2002 apud-

898 2008 982 2036 Deum
994 2009 1104 2044 quidem
1115 2010 1258 2044 pulchram
1271 2016 1298 2039 et
1308 2013 1408 2040 bonam
1420 2021 1481 2041 esse
1494 2023 1501 2047 ;
1513 2017 1607 2041 contra
1619 2018 1687 2041 vero

898 2055 995 2082 malam
1018 2056 1089 2090 apud
1105 2056 1220 2088 malum,
1245 2062 1275 2084 ut
1301 2059 1345 2085 isti
1362 2060 1455 2086 aiunt?
1470 2059 1496 2086 in
1511 2061 1687 2094 generatione

897 2101 1006 2135 quidem
1033 2102 1150 2128 inveniri
1175 2107 1257 2136 queat
1280 2103 1444 2136 dill‘erentia,
1471 2105 1622 2133 diil‘erentia
1642 2111 1685 2133 ta-

896 2155 969 2178 men,
988 2151 1016 2174 et
1031 2155 1087 2175 non
1112 2149 1292 2176 contrarium.
1311 2149 1340 2176 In
1361 2158 1394 2177 eo
1410 2159 1474 2178 vero
1491 2152 1564 2186 quod
1581 2156 1623 2179 est
1639 2152 1683 2178 in-

49 2197 109 2222 τῖον
136 2194 221 2221 εἶναι·
249 2196 272 2222 εἰ
297 2195 350 2231 γάρ
367 2203 392 2221 τι
409 2195 462 2230 εἴη,
477 2194 552 2221 οὐδὲν
567 2194 621 2221 τῶν
640 2194 729 2221 αὐτῶν
742 2193 843 2228 ὀφείλει
860 2191 881 2218 ῐ)
896 2200 901 2226 1

904 2192 1016 2227 genitum
1036 2200 1108 2223 esse,
1133 2193 1197 2227 quid
1215 2198 1303 2228 potest
1328 2202 1390 2222 esse
1415 2195 1554 2228 ditIcrens,
1581 2195 1683 2223 nedum

47 2243 114 2269 οὔτε
147 2240 227 2273 εἶναι,
248 2241 308 2268 οὗτε
327 2240 575 2277 προσαγορεύεσθαι
597 2240 636 2275 τῷ
656 2239 778 2274 ἐναντίῳ,
799 2240 842 2267 ἵνα

46 2286 264 2324 ἀκοινώνητονῇ
281 2289 336 2318 τοῖς
353 2288 420 2314 πᾶσι
432 2287 500 2323 πρὸς
515 2287 546 2313 τὸ
564 2286 692 2313 ἐναντίον.

47 2336 98 2364 sit.

45 2380 195 2408 contrario
211 2379 394 2406 communitas
409 2387 441 2406 ac
459 2379 587 2406 societas.

83 2427 118 2453 Εἰ
131 2426 187 2462 γὰρ
206 2427 242 2462 μὴ
267 2427 309 2462 εἴη
330 2427 417 2462 πάντη
431 2427 561 2459 ἐναντίον,
574 2426 640 2453 καθὸ
656 2426 838 2457 ἐπικοινωνεῖ,

44 2473 101 2500 οὐκ
123 2472 261 2500 ἐναντίον·
294 2473 415 2499 ἐναντίον
436 2473 528 2508 μέντοι
550 2473 580 2499 τὸ
597 2472 634 2508 μὴ
654 2472 683 2499 ὃν
704 2471 838 2507 τῴξὸντι·

46 2521 122 2555 τάχα
134 2519 233 2546 δὲοὺδὲ
249 2519 328 2546 τοῦτο
348 2520 397 2554 (ϐ)-
416 2520 446 2545 οὺ
464 2519 517 2555 γὰρ
531 2519 703 2554 διαμάχεται.
721 2519 757 2545 To
769 2518 797 2545 δὲ
811 2518 840 2545 ὃν

44 2567 88 2601 τῷ
113 2566 171 2592 ὄντι
197 2566 247 2592 οὐκ
276 2565 406 2592 ἐναντίον.
424 2565 456 2592 Et
469 2565 497 2591 δὲ
512 2565 542 2591 τὸ
558 2565 587 2591 ὃν
610 2564 648 2599 τῷ
660 2565 716 2591 ὄντι
734 2565 840 2597 πάντως

43 2611 192 2646 ὁμόλογον,
205 2609 235 2637 ἓν
252 2611 282 2637 τδ
299 2611 344 2638 καὶ
354 2611 433 2646 μόνον
449 2610 554 2644 ἀληθῶς
570 2610 616 2641 ὃν,
633 2611 689 2641 τοῖς
705 2611 770 2637 πᾶσι
792 2609 839 2636 τοῦ

45 2657 119 2687 εἶναι
129 2658 222 2693 ἄρχον.

98 2802 138 2830 5')
153 2801 244 2834 Forte,
260 2802 274 2828 ὃ
290 2811 381 2837 φασιν.
396 2802 475 2830 Eon.

98 2802 138 2830 ὅθ)
153 2801 244 2834 Forte,
260 2802 274 2828 ὃ
290 2811 381 2837 φασιν.
396 2802 475 2830 Eon.

86 2801 125 2874 i6)
146 2837 226 2872 Τάχα
244 2837 288 2870 δὲ,
306 2847 331 2865 κ.
356 2846 380 2864 τ.
401 2838 424 2863 λ.
443 2839 510 2865 Sunt
527 2838 597 2865 enim
619 2839 644 2865 in
673 2838 722 2866 Dea
747 2839 836 2868 simul.

897 2239 1086 2266 contrarium?
1099 2239 1281 2272 Quamobrem
1301 2240 1412 2267 omnino
1427 2240 1483 2268 ﬁeri
1505 2249 1559 2268 non
1581 2246 1683 2276 potest,

896 2288 926 2310 ut
942 2284 1093 2319 ingenitum
1105 2285 1227 2320 ingenito
1241 2286 1409 2312 contrarium
1426 2286 1477 2319 sit;
1491 2287 1513 2314 si
1528 2287 1592 2322 quid
1609 2287 1684 2316 enim.

138 2334 244 2360 nullum
269 2341 363 2360 eorum
387 2333 467 2360 debet
500 2341 550 2361 nec
587 2340 649 2360 esse
676 2339 726 2358 nec
749 2330 880 2366 appellari
900 2332 1080 2363 contrarium,
1105 2335 1135 2358 ut
1155 2332 1182 2359 in
1206 2331 1333 2359 omnibus
1355 2332 1438 2359 rebus
1462 2334 1535 2361 nulla
1560 2334 1595 2363 sit
1618 2341 1683 2362 cum

931 2421 959 2448 Si
977 2422 1049 2448 enim
1064 2429 1119 2448 non
1136 2421 1171 2448 sit
1186 2422 1299 2448 omnino
1311 2421 1489 2454 contrarium,
1502 2427 1637 2458 quatenus
1654 2427 1681 2455 ei

898 2469 1082 2495 communitas
1099 2476 1161 2495 cum
1184 2468 1268 2495 altero
1290 2472 1343 2500 est,
1359 2476 1412 2495 non
1431 2473 1472 2496 est
1489 2471 1656 2498 contrarium
1671 2482 1680 2501 ι

894 2514 1034 2541 contraria
1058 2519 1149 2541 tamen
1170 2518 1233 2542 sunt
1250 2522 1311 2542 esse
1335 2518 1362 2541 et
1382 2523 1435 2541 non
1454 2523 1524 2542 esse.
1550 2515 1681 2545 Fortasse

895 2567 959 2586 vero
974 2567 1026 2586 nec
1047 2559 1105 2586 haec
1129 2559 1269 2586 contraria
1289 2565 1363 2592 sunt,
1379 2567 1434 2587 non
1456 2561 1528 2587 enim
1545 2566 1676 2596 pugnant.

895 2604 975 2637 Quod
987 2612 1052 2631 vero
1065 2609 1116 2636 est.
1138 2613 1194 2632 non
1210 2610 1253 2633 est
1265 2606 1433 2633 contrarium
1451 2605 1476 2633 ei
1494 2607 1566 2641 quod
1584 2611 1636 2634 est.
1649 2606 1677 2634 Si

894 2654 984 2678 autem
1005 2651 1144 2685 quomodo
1158 2655 1200 2678 est
1217 2653 1325 2686 penitus
1340 2659 1401 2679 cutn
1415 2659 1448 2680 eo
1462 2652 1535 2687 quod
1554 2656 1596 2680 est
1610 2661 1677 2680 con-

895 2696 976 2728 venit,
992 2703 1076 2723 unum
1090 2701 1116 2723 et
1133 2697 1232 2729 solum,
1250 2698 1324 2733 quod
1339 2706 1402 2726 vere
1417 2703 1469 2732 est,
1485 2700 1612 2727 omnibus
1625 2701 1679 2728 erit

894 2743 1056 2778 principium
1077 2747 1105 2770 ut
1123 2745 1187 2772 sint.

894 2814 903 2828 ‹
924 2805 968 2839 qui
983 2809 1057 2841 uocat
1071 2813 1101 2831 ea
1112 2813 1168 2840 qua:
1180 2813 1233 2841 non
1245 2810 1315 2839 sunt,
1332 2810 1457 2836 tanquam
1468 2815 1499 2834 ea
1510 2815 1567 2841 quae
1581 2812 1651 2839 sunt,
1664 2815 1677 2832 ι

895 2840 966 2866 sicut
983 2840 1131 2876 Apostolus
1149 2841 1187 2867 ait
1204 2839 1290 2876 (Rom.
1311 2850 1347 2873 tv,
1362 2842 1416 2877 i7).
1434 2839 1570 2870 (Ianus-ms.
