1900 3070
231 130 302 163 i033

811 137 878 164 TITI
900 137 1118 166 BOSTilENSlS
1137 138 1294 169 EPlSCOPl'

1802 149 1860 177 ίοει

409 203 473 231 CAP.
495 203 540 232 ΧῙ.
563 204 681 233 Nomina
698 208 833 234 contraria
849 208 951 235 duobus
965 208 1102 242 principiis
1119 207 1219 239 danda,
1234 210 1406 240 Perturbatio
1420 214 1447 241 in
1464 215 1539 242 rebus
1551 220 1588 242 est
1604 215 1678 244 Ordo.

269 263 352 292 Aiunt
378 270 510 300 praeterea
527 268 609 295 etiam
628 269 679 304 ipsi
702 274 828 304 oportere
847 271 940 298 omnia
961 277 1040 306 quae.

1108 273 1177 299 Φασὶ
1194 274 1221 299 δὲ
1242 274 1289 301 καὶ
1310 274 1388 301 αὐτοὶ
1412 274 1510 310 χρῆναι
1529 275 1617 302 πάντα
1637 275 1673 301 τὰ
1701 275 1813 302 ἐναντία

233 315 298 338 sunt
314 310 369 339 Deo
383 314 521 340 contraria
534 315 671 348 appellare
686 316 831 344 materiam
845 326 852 345 :
868 318 944 344 verbi
960 325 1022 353 gra-

233 358 283 390 tia,
299 358 321 384 si
341 357 425 385 Deum
441 360 610 393 appellemus
631 360 735 390 lumen.
753 363 921 390 contrarium
940 371 1022 390 voce-

234 410 297 430 mus
322 404 464 435 tenebras;
485 404 508 431 si
531 405 644 438 lmumn,
664 406 732 434 illud
750 408 862 434 malum.
885 408 913 435 Si
931 412 1024 436 tamen

234 449 436 483 appellaremus
460 449 543 476 Deum
569 451 654 485 ipsam
679 451 752 478 illam
777 453 930 486 veritatem,
949 458 1023 489 patet

233 495 387 522 vocandum
408 503 470 523 esse
487 497 655 524 contrarium
680 498 863 526 mendacium.
879 499 956 532 Quod
975 508 1023 527 au-

234 547 290 570 tem
311 549 373 569 vere
389 547 442 574 est,
460 547 490 569 ut
501 544 604 577 opinati
630 548 706 575 sunt,
720 545 858 579 quomodo
878 547 930 574 erit
947 555 1024 574 men-

234 588 363 615 dacium?
381 588 453 623 quod
468 590 541 615 enim
555 594 607 621 est,
624 590 647 617 si
667 590 776 617 dicatur
788 599 843 618 non
860 600 931 624 esse,
949 601 1023 620 men-

235 633 343 660 dacium
357 633 450 661 fuerit.
472 633 549 667 Quod
574 642 638 662 vero
663 643 725 663 vere
744 641 798 666 est.
820 638 893 672 quod
916 639 981 666 facit
994 643 1023 666 ut

234 685 328 704 verum
345 678 382 705 sit
399 686 460 706 esse
480 679 594 714 aliquid,
615 688 755 715 nunquam
772 683 824 709 erit
839 684 1021 711 mendacium.

234 722 262 749 Si
279 724 349 751 enim
366 724 439 752 dicat
459 733 531 756 esse,
554 734 647 753 verum
662 727 746 761 dicit;
761 729 783 756 si
801 737 865 757 vero
881 738 936 757 non
950 731 1023 758 dicat

232 777 302 800 esse.
324 774 353 796 ut
369 778 423 797 non
435 771 508 798 dicat
522 780 629 804 verum,
646 781 734 808 neque
753 775 825 803 dicet
840 784 894 803 non
907 785 978 809 esse,
994 782 1023 805 ut

231 816 391 843 mentiatur.
411 817 488 850 Quod
507 818 529 845 si
545 818 618 846 dicat
632 827 687 847 non
704 828 781 854 esse,
799 823 910 850 notione
924 825 1023 852 meuti-

231 865 293 894 tur;
307 870 358 890 non
371 867 412 890 cst
423 863 506 898 igitur
519 864 608 899 ipsum
622 866 806 900 mendacium,
816 876 878 896 vere
888 870 960 897 enim
969 874 1021 899 est.

267 907 368 936 Deinde
392 909 415 936 si
437 915 536 936 vocant
564 910 611 937 isti
638 911 740 939 bonum
770 913 1024 949 immortalitatem,

231 954 331 980 malum
353 955 488 982 vocabunt
505 955 646 984 interitum
671 965 678 982 :
702 962 730 985 at
748 959 828 994 cujus
848 961 902 988 erit
924 962 1023 990 interi-

231 1003 286 1032 tus,
311 1000 369 1035 ipse
391 1001 543 1029 interitus?
569 1003 634 1030 boni
655 1004 728 1032 enim
754 1013 807 1032 non
833 1008 959 1042 poterit:
979 1009 1022 1036 sin

230 1045 283 1072 erit
300 1046 341 1073 sui
360 1046 446 1081 ipsius
462 1048 600 1082 interitus,
627 1050 722 1077 multis
737 1052 844 1080 saaculis
861 1060 876 1079 a
891 1061 921 1082 se
937 1054 1024 1083 inter-

231 1089 290 1121 ivit,
305 1094 332 1118 et
344 1091 445 1119 frustra
457 1100 489 1120 ac
500 1101 568 1121 vane
576 1102 638 1122 eum
654 1103 714 1123 esse
728 1098 894 1132 cogitatione
903 1100 1021 1137 ﬁngunt.

230 1135 373 1169 Quomodo
391 1142 481 1166 autem
506 1141 558 1167 erit
576 1141 725 1171 interitus?
744 1144 817 1173 aliud
835 1135 954 1183 namque
971 1150 1023 1176 tol-

231 1182 262 1209 lit
277 1183 415 1216 interitus,
432 1193 485 1212 non
501 1187 620 1222 seipsum
635 1197 642 1220 ;
657 1189 699 1216 sin
711 1198 776 1217 vero
787 1182 920 1228 seipsum,
935 1203 1023 1231 neque

231 1228 368 1264 principio
388 1230 540 1260 subsistere
565 1234 654 1268 potuit
672 1243 678 1260 :
697 1235 832 1265 videbitur
847 1240 919 1267 enim
936 1228 1023 1277 magis

231 1282 261 1302 se
282 1275 341 1310 ipse
361 1276 519 1305 interimere
536 1287 617 1314 quam
640 1289 702 1310 esse
718 1292 724 1316 ;
742 1284 870 1314 interitus
883 1287 955 1313 enim
972 1275 1024 1315 im-

231 1322 355 1349 mortalis
370 1330 425 1350 non
447 1328 537 1357 potest
553 1327 705 1355 secundum
719 1336 881 1359 communes
896 1334 1023 1362 notiones

230 1367 359 1401 cogitari.
376 1367 453 1401 Quod
467 1374 558 1397 autem
574 1376 617 1398 est
632 1372 798 1408 ingenitum,
813 1380 971 1407 necessario
982 1384 1024 1408 est

231 1412 266 1439 ab
286 1412 399 1440 interitu
424 1414 541 1443 liberum
564 1422 590 1445 et
611 1423 756 1453 asternum.
775 1421 847 1450 unde
867 1428 894 1451 et
916 1425 1026 1454 immor-

231 1459 285 1486 tale
306 1467 312 1484 :
330 1467 413 1495 supra
433 1462 548 1490 mortale
562 1465 636 1492 enim
654 1469 696 1493 est
712 1468 785 1501 quod
803 1469 953 1504 ingenitum
971 1477 1022 1501 est.

231 1503 261 1531 Si
284 1509 374 1533 autem
401 1507 453 1534 hoc
477 1508 558 1552 habet
585 1511 714 1544 materia,
734 1517 764 1541 ut
786 1503 928 1551 nunquam
952 1518 1023 1546 facta

231 1551 325 1598 fuerit,
345 1553 418 1587 quod
443 1551 594 1589 majus’est
611 1566 618 1590 ;
641 1559 781 1593 quomodo
806 1569 861 1589 non
879 1562 932 1590 hoc
948 1565 1022 1598 quod

1073 318 1132 354 Θεῷ
1150 319 1199 355 τήν
1217 319 1282 355 ὓλην
1298 320 1563 356 προσαγορεύεσθαι·
1577 319 1642 353 οἷον,
1665 322 1712 348 ἐὰν
1739 321 1864 357 καλῶμει

1072 365 1119 392 τὸν
1138 365 1204 392 Θεὸν
1230 366 1296 400 φῶς,
1320 366 1350 392 τὸ
1375 367 1496 393 ἐναντίον
1517 367 1627 398 σκότος·
1643 367 1690 394 ἐὰν
1704 367 1733 394 δὲ
1755 367 1865 401 ἀγαθὸν.

1073 413 1162 439 ἐκεῖνο
1191 412 1291 439 κακὸνθ
1312 413 1359 440 ὲάν
1380 413 1471 448 μέντοι
1493 413 1653 448 καλέσωμεν
1669 415 1714 440 τὸν
1737 414 1805 440 Θεὸν
1819 416 1864 441 αὺ-

1073 458 1244 494 τοαλήθειαν,
1259 458 1380 494 δηλονότι
1390 459 1420 486 τὸ
1434 460 1554 490 ἐναντίον
1569 460 1666 495 ψεῦδος
1683 460 1865 495 χιειιιλήιεῖετιιι⁸

1072 506 1103 532 τὸ
1119 505 1147 531 δὲ
1162 505 1269 540 ἀληθῶς
1283 505 1321 537 ὃν,
1335 506 1372 537 ὡς
1386 506 1561 541 ὑπειλήφασι,
1579 506 1637 537 πῶς
1652 506 1685 533 ἂν
1699 506 1743 541 εἰη
1753 506 1864 540 ψεῦδος

1073 553 1104 579 τὸ
1123 552 1172 588 μὲν
1184 552 1237 588 γάρ
1253 552 1290 588 μὴ
1305 552 1345 584 ὂν,
1361 553 1385 578 εἰ
1398 552 1503 587 λέγοιτο
1529 551 1610 584 εἶναι,
1627 553 1726 587 ψεῦδος
1750 554 1862 589 ἂν.εἴη·

1073 598 1103 625 τὸ
1114 599 1142 625 δὲ
1171 599 1210 629 ὃν,
1235 599 1282 625 καὶ
1300 598 1408 634 ἀληθῶς
1426 598 1466 631 ὂν,
1490 599 1564 634 αὐτῷ
1581 599 1619 634 τῷ
1637 597 1706 626 εἶναι
1721 599 1864 635 ἀληθεῦον,

1073 646 1123 672 οὐκ
1137 645 1170 672 ἂν
1181 645 1223 680 εἴη
1239 644 1350 679 ψεῦδος·
1363 645 1387 671 εἰ
1403 645 1456 680 γὰρ
1472 643 1541 674 εἶναι
1563 645 1636 680 λέγει
1648 654 1701 678 τις,
1717 645 1863 681 ἀληθεύει·

1073 692 1137 718 εἰδὲ
1154 691 1190 727 μὴ
1201 691 1284 726 λέγει,
1297 691 1338 718 ὃτι
1349 691 1432 724 ἔστιν,
1451 692 1495 718 ἵνα
1511 691 1548 726 μὴ
1567 691 1715 728 ἀληθεύσῃ,
1732 691 1791 718 ἀλλ’
1807 692 1865 719 οὐδὲ

1073 736 1113 762 ὃτι
1125 736 1173 762 οὐκ
1183 735 1256 762 ἔστιν
1271 735 1342 762 εἴποι
1354 736 1397 767 ἂν,
1416 735 1459 762 ἵνα
1472 735 1616 772 ψεύσηται·
1626 736 1677 765 κᾶν
1691 737 1761 764 εἴπω
1770 737 1862 772 (δ’)δὲ,

1073 783 1114 808 ὅτι
1124 782 1174 808 οὑκ
1186 782 1253 814 ἔστι,
1270 783 1303 817 τῇ
1324 782 1429 817 ἐπινοίᾳ
1445 781 1582 816 ψεύδεται.
1595 782 1700 809 οὐκοῦν
1714 783 1783 809 αὐτὸ
1799 783 1863 817 ψεῦ-

1073 828 1117 859 δος
1127 837 1133 843 ·
1145 828 1174 855 ὃν
1186 828 1239 864 γάρ
1252 829 1325 856 ἐστιν
1337 828 1444 863 ἀληθῶς

1111 921 1227 947 Ἔπειτα
1255 919 1279 946 εἰ
1313 919 1420 946 καλοῖεν
1455 918 1573 953 τάγαθὸν
1601 917 1773 953 ἀφθαρσίαν,
1803 917 1864 952 960-

1076 968 1125 1003 ράν
1153 967 1316 1002 ὀνομάσουσι
1348 966 1378 992 τὸ
1403 965 1498 992 κακόν.
1525 965 1602 996 Τίνος
1618 965 1640 991 δ’
1655 964 1688 991 ἃν
1704 964 1748 1000 εἴη
1780 963 1863 999 φθορὰ

1073 1017 1089 1051 ἡ
1103 1015 1203 1050 φθορά;
1221 1013 1267 1040 τοῦ
1287 1014 1336 1049 μὲν
1345 1013 1399 1048 γάρ
1414 1012 1516 1047 ἀγαθοῦ
1533 1011 1661 1039 ἀδύνατον
1671 1020 1678 1026 ·
1694 1011 1718 1037 εἰ
1731 1011 1755 1037 δ’
1768 1011 1863 1045 ἑαυτῆς

1073 1063 1115 1098 εἴη
1129 1061 1227 1097 φθορὰ,
1243 1062 1270 1087 ὲν
1288 1059 1394 1091 πολλοῖς
1407 1061 1463 1091 τοῖς
1479 1059 1559 1086 αίῶσι
1571 1058 1735 1092 διέφθαρκεν
1755 1058 1861 1092 ὲαυτήνσ

1073 1109 1120 1136 καὶ
1138 1109 1225 1144 μάτην
1248 1107 1333 1142 αὐτὴν
1351 1104 1420 1132 εἶναι
1449 1105 1628 1140 φαντάζονται
1643 1125 1649 1131 .
1662 1103 1727 1135 Πῶς
1741 1104 1764 1130 δ’
1774 1104 1807 1130 ἂν
1822 1103 1860 1138 εἴη

1074 1154 1178 1190 φθορά;
1200 1153 1307 1183 πάντως
1323 1152 1361 1187 (7)
1380 1151 1433 1188 γὰρ
1455 1151 1546 1185 ἕτερόν
1560 1159 1587 1176 τι
1602 1150 1719 1184 φθείρει,
1737 1149 1786 1184 οὐχ
1805 1150 1862 1175 ἐαυ-

1073 1202 1136 1236 τήν“
1153 1199 1215 1226 εἰδὲ
1235 1198 1345 1232 ἑαυτὴν,
1359 1197 1411 1223 οὐδ’
1428 1197 1461 1224 ἂν
1474 1196 1522 1232 τὴν
1537 1196 1624 1232 ἀρχὴν
1639 1195 1743 1230 ὑπέστη
1755 1203 1761 1210 ·
1781 1195 1861 1229 ὀφθή-

1075 1254 1148 1272 σεται
1163 1245 1217 1279 γὰρ
1232 1243 1330 1278 ἑαυτὴν
1346 1242 1493 1278 φθείρουσα
1510 1241 1610 1277 μᾶλλον
1629 1241 1646 1276 ἢ
1669 1239 1753 1267 οὖσα·
1780 1240 1861 1275 φθορὰ

1073 1293 1128 1328 γάρ
1151 1291 1289 1327 ἄφθαρτος
1319 1289 1458 1318 ἀδύνατον,
1475 1288 1545 1314 κατά
1572 1295 1605 1321 γε
1629 1286 1678 1318 τὰς
1699 1285 1792 1317 κοινὰς
1808 1287 1861 1311 ἐπι-

1074 1338 1148 1369 νοίας
1164 1336 1349 1370 ἐπινοηθῆναι.
1368 1333 1522 1368 Ἀφθαρτον
1541 1332 1569 1358 δὲ
1587 1332 1695 1362 πάντως
1710 1331 1740 1356 τὸ
1751 1330 1859 1364 ἀγέννη-

1073 1392 1119 1410 τον
1137 1382 1184 1409 καὶ
1201 1382 1295 1412 ἀΐδιον,
1316 1380 1376 1407 ὅθεν
1399 1379 1445 1406 καὶ
1463 1378 1610 1405 ἀθάνατον·
1636 1376 1730 1403 ἐπάνω
1750 1377 1805 1411 γὰρ
1818 1375 1859 1402 τοῦ

1075 1429 1214 1464 ἀφθάρτου
1229 1428 1258 1454 τὸ
1275 1427 1416 1462 ἀγένητον.
1433 1426 1466 1452 ΕΞ
1480 1425 1508 1451 δὲ
1518 1425 1548 1451 τὸ
1565 1425 1602 1460 μὴ
1614 1423 1742 1458 γενέσθαι
1757 1422 1859 1449 πώποτε

1075 1477 1192 1512 ὑπάρχει
1209 1476 1243 1510 τῇ
1259 1474 1309 1510 ὕλῃ
1325 1464 1415 1509 μεῖζον
1431 1472 1472 1505 ὃν,
1490 1472 1549 1503 πῶς
1563 1471 1623 1506 οὐχὶ
1641 1470 1688 1496 καὶ
1707 1469 1738 1496 τὸ
1757 1469 1860 1495 ἔλαττον

1074 1524 1144 1559 αὐτῇ
1161 1519 1360 1558 προσυπάρεει,
1376 1519 1407 1545 τὸ
1424 1519 1461 1554 μὴ
1478 1517 1627 1553 φθαρῆναι;
1642 1517 1675 1543 Εἰ
1688 1515 1717 1542 δὲ
1735 1515 1773 1550 μὴ
1789 1514 1860 1549 φθεί-

1076 1578 1152 1605 ρεται
1165 1568 1203 1599 ὼς
1220 1567 1315 1598 ἀΐδιος,
1330 1565 1384 1592 οὐδ’
1400 1564 1433 1591 ἃν
1449 1563 1549 1598 ἑαυτῆς
1564 1562 1684 1598 ὑπάρχει
1700 1559 1800 1595 φθορὰ,
1818 1560 1861 1585 καὶ

231 1595 321 1623 minus
342 1600 394 1630 est,
412 1606 466 1625 non
483 1600 508 1627 ei
525 1600 607 1636 inest,
629 1610 772 1638 nunquam
800 1606 906 1634 scilicet
929 1595 1040 1640 interid

1135 1615 1168 1642 ἂν
1184 1595 1227 1648 siin
1241 1595 1319 1639 οὐσία
1333 1611 1445 1647 φθορᾶς.

231 1649 287 1673 tum
311 1646 436 1682 cepisse?
454 1646 482 1674 Si
506 1650 597 1675 autem
620 1656 676 1676 non
696 1651 769 1686 capit
790 1651 932 1682 interitum
956 1661 1087 1696 tanquam
1117 1646 1230 1690 mterna,
1264 1665 1354 1694 neque
1380 1646 1424 1685 sui
1440 1655 1527 1691 ipsius
1542 1659 1584 1683 cst
1600 1655 1742 1687 interitus,
1757 1657 1784 1682 et
1811 1660 1860 1679 non

230 1692 282 1719 erit
295 1693 450 1720 substantia
467 1693 554 1729 ipsius
568 1694 706 1724 interitus.

267 1738 320 1766 Sed
343 1739 390 1774 qui
410 1747 443 1767 ex
467 1740 559 1768 schola
581 1740 723 1770 Manichaei
747 1744 862 1778 profecti
882 1753 955 1780 sunt,
970 1750 1022 1777 hu-

230 1784 351 1819 iusmodi
385 1785 587 1820 disputationes
608 1795 669 1814 cum
701 1789 827 1820 audiunt.
863 1793 950 1826 unde,
975 1796 1020 1823 in-

231 1831 346 1866 quiunt,
363 1839 395 1859 ea
411 1831 516 1860 ordinis
535 1833 706 1867 perturbatio
727 1843 788 1870 qua:
813 1837 839 1864 in
858 1839 940 1867 rebus
960 1849 1021 1869 cer-

231 1877 325 1904 nitur?
347 1877 382 1904 At
404 1885 476 1912 saepe
503 1878 606 1905 dictum
630 1883 681 1912 est,
705 1886 815 1916 propter
837 1883 1019 1919 ignorantiam

232 1921 331 1948 divina:
353 1922 561 1956 gubernationis
585 1928 613 1950 et
640 1926 778 1959 quomodo
804 1935 849 1955 res
879 1930 1020 1966 dispositae

232 1968 305 2000 sint,
324 1967 419 1995 falsam
438 1973 464 1995 et
490 1968 600 2004 impiam
624 1971 808 2006 cognitionem
833 1975 885 2002 sibi
909 1984 1019 2012 compa~

232 2021 328 2047 rasse,
357 2017 470 2049 propter
496 2014 632 2042 inscitiam
665 2025 759 2045 eorum
788 2028 848 2054 qua:
877 2023 947 2049 seire
968 2024 1020 2051 sibi

231 2059 407 2091 videbantur,
430 2068 490 2094 qua:
509 2060 598 2095 pejus,
618 2069 698 2097 quam
720 2064 741 2090 si
761 2065 943 2100 iguorassent,
968 2071 1017 2097 sci-

232 2110 350 2138 verunt;
372 2111 399 2132 et
419 2106 491 2140 quod
506 2107 599 2135 verius
617 2112 669 2141 est,
688 2110 802 2142 amisso.
820 2114 892 2147 quod
917 2123 1022 2149 quaxre-

232 2152 313 2183 bant,
330 2152 407 2187 prius
425 2159 508 2187 quam
527 2159 681 2188 quaererent
700 2165 706 2183 :
723 2156 873 2192 disputatio
891 2168 956 2187 vero
969 2169 1020 2188 no-

1125 1749 1197 1774 υταν
1219 1746 1310 1782 μέντοι
1335 1744 1462 1771 τοιούτων
1485 1743 1605 1770 ἀκούωσι
1628 1743 1716 1777 λόγων
1731 1743 1756 1768 οἱ
1774 1743 1805 1769 ὲκ
1820 1743 1861 1770 τοῦ

1074 1793 1212 1824 Μάνεντος
1236 1790 1400 1826 ὁρμώμενοι,
1419 1789 1594 1825 ἀποροῦντες,
1611 1789 1698 1815 Πόθεν
1713 1787 1771 1820 οὖν,
1790 1790 1861 1824 φασὶ,

1073 1839 1108 1865 τὰ
1123 1838 1212 1869 κακά;
1237 1837 1319 1863 πόθεν
1332 1836 1370 1868 δὲ,
1388 1835 1522 1870 λέγουσιν,
1535 1836 1552 1870 ὴ
1569 1836 1599 1861 ἐν
1624 1837 1679 1867 τοῖς
1707 1836 1862 1871 πράγμασιν

1075 1883 1262 1920 ἐμφαινομένη
1283 1882 1395 1914 Magia;
1419 1881 1498 1907 Ἀλλὰ
1518 1881 1648 1913 πολλάκις
1672 1881 1722 1916 μὲν
1750 1882 1861 1917 εἴρηται,

1074 1931 1115 1957 ὅτι
1133 1930 1167 1957 δι’
1181 1930 1292 1964 ἄγνοιαν
1308 1928 1357 1963 τῆς
1382 1927 1437 1954 τῶν
1461 1927 1633 1963 πραγμάτων
1656 1927 1806 1960 διαθέσεως
1822 1928 1862 1954 καὶ

1074 1978 1122 2012 τῆς
1147 1977 1223 2008 Θείας
1245 1976 1414 2011 διοικήσεως,
1435 1975 1535 2009 γνῶσιν
1549 1974 1725 2009 ὲσφαλμένην
1741 1974 1789 2000 καὶ
1805 1974 1863 2009 βλά-

1076 2031 1184 2058 σφημον
1212 2022 1318 2052 ἑαυτοῖς
1346 2019 1606 2056 ἐπραγματεύσαντο
1630 2019 1665 2045 δι’
1689 2019 1803 2053 ἄγνοιαν
1829 2016 1863 2046 ὧν

1076 2069 1177 2103 γνῶναι
1194 2067 1285 2101 ἔδοξαν
1295 2076 1301 2082 ·
1316 2067 1334 2093 ὃ.
1347 2068 1438 2103 χεῖρον
1452 2066 1585 2100 ἔγνωσαν,
1600 2067 1616 2100 ἢ
1636 2065 1754 2100 ἠγνόουν
1764 2074 1771 2080 ·
1787 2066 1831 2092 χαὶ
1851 2066 1863 2091 ὀ

1075 2115 1197 2150 ἐζήτουν.
1218 2113 1400 2148 ἀληθέστερον
1417 2112 1598 2144 ἀπολέσαντες
1617 2112 1633 2147 ἧ
1654 2111 1720 2147 πρὶν
1735 2111 1860 2147 ζητῆσαι·

1075 2162 1089 2187 ὁ
1107 2161 1136 2187 δὲ
1150 2160 1229 2194 λόγος
1246 2159 1314 2186 κατὰ
1331 2159 1425 2194 natpr
1442 2159 1491 2194 μὲν
1511 2159 1558 2185 καὶ
1573 2158 1621 2194 τὴν
1638 2159 1706 2194 παρ’
1720 2158 1814 2189 αὐτοῖς
1827 2166 1861 2184 νο-

232 2201 289 2225 stra
302 2205 363 2224 cum
380 2201 488 2234 tempus
506 2199 569 2231 erit,
582 2207 664 2234 quam
679 2206 775 2235 putant
787 2205 1020 2238 perturbationem
1038 2227 1040 2231 ,

234 2243 336 2254 __,._,_
371 2252 460 2254 _4__M_
517 2245 546 2254 ,ν
705 2247 721 2254 ..
967 2251 983 2254 -
1038 2247 1040 2254 ι

1078 2206 1225 2241 μιζομένην
1249 2205 1304 2232 τῶν
1329 2206 1498 2241 πραγμάτων
1527 2204 1650 2238 ἀταξίαν,
1665 2204 1796 2237 εὐταξίαν
1820 2204 1860 2237 τὴν

232 2243 337 2271 ordinis
371 2252 483 2278 rerum,
517 2245 619 2273 bonum
663 2247 786 2276 ordinem
823 2257 885 2278 esse
916 2259 932 2278 a
967 2251 1022 2280 Deo

231 2289 367 2317 altissimo
396 2289 633 2324 proﬁciscentem,
661 2292 787 2320 conﬁciet
809 2299 835 2321 et
854 2297 998 2324 concludet
1015 2305 1022 2329 ;

231 2339 259 2362 et
279 2343 340 2370 quae
366 2335 416 2371 ipsi
442 2337 538 2364 dicunt
563 2337 646 2370 mala,
663 2339 715 2365 alia
736 2339 847 2374 quidem
864 2341 891 2368 in
916 2342 1024 2370 actione

233 2385 338 2408 tantum
361 2382 459 2416 posita,
481 2383 534 2409 alia
559 2391 624 2410 vero
649 2384 801 2412 secundum
826 2386 1022 2421 substantiam,

233 2427 345 2454 minime
362 2428 431 2456 mala
448 2435 509 2456 esse
523 2429 645 2456 docebit.

1074 2252 1204 2280 ἀνωτάτω
1221 2249 1287 2278 Θεοῦ
1303 2252 1479 2287 παρέχοντος,
1494 2251 1645 2283 ἀποδείξει·
1666 2251 1715 2277 καὶ
1738 2251 1775 2277 τὰ
1791 2250 1859 2283 λεγὸο

1076 2307 1144 2334 μενα
1163 2299 1232 2334 πρὸς
1254 2297 1343 2325 αὐτῶν
1360 2298 1433 2325 κακὰ
1448 2297 1482 2324 τὰ
1498 2297 1548 2333 μὲν
1564 2298 1602 2328 ὡς
1622 2297 1801 2332 πραττόμενα
1821 2296 1860 2331 μό-

1075 2353 1128 2371 νον·
1145 2344 1179 2371 τὰ
1192 2344 1220 2371 δὲ
1240 2345 1300 2371 κατ’
1314 2344 1407 2371 οὐσίαν
1432 2343 1532 2380 ἥκιστά
1550 2351 1582 2377 γε
1596 2343 1673 2376 ὄντα,
1690 2343 1767 2370 κακά
1779 2342 1858 2375 δείξει.

681 2476 747 2505 Car.
768 2477 824 2505 ΧΗ.
846 2479 883 2507 De
906 2482 1020 2509 materia
1040 2481 1104 2517 quid
1125 2482 1242 2508 sentiant
1257 2481 1410 2508 Manichwi.

269 2536 344 2568 Erat,
367 2537 455 2572 inquit
474 2537 651 2570 Manichzeus,
679 2543 796 2574 tempus.
819 2548 880 2567 cum
906 2543 1018 2569 materia

233 2584 294 2612 sine
313 2584 409 2612 ordine
432 2584 592 2619 ferebatur;
615 2588 641 2612 et
663 2585 820 2620 generabat,
836 2591 863 2614 et
879 2589 1020 2615 crescebant

270 2655 319 2688 (Ψ)
335 2653 425 2691 Forte.
442 2655 517 2691 εἴπῃ.
529 2655 597 2682 Ευιτ

271 2690 308 2724 (7)
325 2689 391 2722 Πῶς
405 2689 431 2716 δ’
446 2689 485 2718 ἂν
493 2689 542 2724 an
559 2691 672 2724 paepti:
688 2691 774 2717 πάντ.
792 2691 880 2719 Locus
895 2693 1019 2722 mutilus.

236 2725 420 2762 [estituendus
440 2725 554 2762 proinde
576 2733 611 2762 εξ
630 2727 733 2762 iisquzc
757 2726 837 2753 habet
865 2727 1020 2762 Stephanus

234 2759 370 2794 Celtarus,
385 2761 430 2793 qui
442 2759 504 2786 'hmc
520 2760 577 2794 ipsa
591 2760 643 2787 Titi
660 2760 814 2787 Hosti-ensis
826 2759 1020 2789 verbn'recilat

236 2793 307 2830 apud
326 2793 450 2830 Photinm
466 2793 592 2822 Bibliot/u.
605 2795 666 2822 cod.
683 2803 804 2827 ccxxx",
822 2804 882 2830 pag.
901 2797 961 2827 894,
975 2798 1019 2824 ubi

237 2829 277 2866 sic
295 2828 408 2859 legimus
421 2839 426 2855 :
445 2830 505 2866 Πῶς
523 2830 545 2855 δ’
560 2830 648 2866 ἂνεῖη
669 2831 755 2864 φθορὰ
770 2828 870 2866 ἑαυτῆξ
916 2833 1001 2866 φοορὰ
1014 2840 1019 2860 ;

239 2864 296 2894 Quo
308 2867 393 2888 autent
407 2864 482 2890 modo
491 2865 623 2897 corruptio
634 2864 710 2897 fuerit
721 2866 760 2890 su"
775 2864 856 2892 “sius
870 2864 1001 2899 ξονι-τιμῆς)
1011 2869 1021 2885 ν

1109 2540 1163 2568 Ἦν
1176 2542 1232 2578 γάρ
1249 2550 1324 2573 ποτε,
1337 2542 1430 2577 φησὶν,
1447 2541 1491 2568 ὅτε
1505 2542 1521 2576 ἡ
1540 2540 1589 2576 ὕλη
1603 2541 1721 2575 ὴτάκτει
1733 2542 1781 2568 καὶ
1792 2542 1858 2575 ὲγένι

1074 2597 1117 2620 να,
1138 2588 1184 2614 καὶ
1199 2587 1340 2623 ηὐξάνετο,
1354 2588 1400 2613 καὶ
1417 2587 1527 2613 διετέλει
1543 2586 1645 2618 πολλὰς
1659 2588 1858 2622 προϐαλλομένη

1078 2657 1137 2684 ΜοΧ
1151 2665 1182 2684 (ιν
1197 2657 1291 2684 eodem
1306 2655 1444 2692 Stephano
1457 2657 1496 2684 sic
1511 2656 1655 2691 legendum
1673 2657 1748 2692 apud
1763 2657 1857 2684 Titum:

1075 2693 1178 2728 Φθορὰν
1196 2692 1248 2726 γὰρ
1265 2693 1402 2727 ἄφθαρτον
1424 2692 1553 2728 ἀδύνατον
1569 2693 1641 2718 κατά
1661 2700 1693 2725 γε
1708 2692 1759 2724 τὰς
1778 2693 1858 2723 κοινὰς

1076 2726 1178 2758 ἐννοίας
1195 2726 1369 2762 ὲπινοηθῆνάί
1386 2736 1459 2753 ποτε.
1478 2726 1552 2753 Fieri
1565 2728 1634 2753 enim
1651 2736 1705 2753 non
1721 2732 1814 2761 potest,
1826 2729 1858 2753 in-

1076 2762 1272 2796 corruptibilcm
1293 2763 1486 2796 corruptionem
1513 2764 1646 2788 communi
1669 2771 1750 2789 sensu
1774 2763 1857 2796 prrripi

1077 2798 1222 2831 aliquando
1244 2805 1328 2830 posse.
1350 2797 1409 2824 llaec
1431 2798 1562 2824 debemus
1584 2797 1772 2832 Wossclingio
1792 2806 1814 2823 ν.
1836 2809 1855 2823 ι.

1078 2833 1121 2859 (ib,
1141 2834 1206 2869 sing.
1228 2832 1360 2859 l‘rolrm’til.
1377 2841 1436 2867 cap.
1453 2833 1498 2864 ‘20,
1517 2840 1577 2868 pag.
1594 2833 1655 2860 168.
