1900 3070
22 127 77 166 IDES

19 193 144 227 δυνάμεις·
162 190 310 225 αὐξηθεῖσα
332 190 421 220 τοίνυν
434 190 560 225 ἀνήγετο,
573 190 623 216 οὐκ
644 189 729 216 εἰδυῖα
745 188 792 215 τοῦ
808 197 830 224 Α

19 238 105 273 ἀγειθοῦ
120 237 169 272 τὴν
185 237 313 272 ὕπαρξιν.
328 237 370 268 Ὠς
387 237 415 263 δὲ
427 236 472 262 ἐπὶ
485 235 564 261 πλέον
579 235 726 270 ἀναχθεῖσα
737 232 791 260 εἶδε

19 287 59 321 τὴν
73 285 120 319 γῆν
131 292 160 310 τε
177 284 224 310 καὶ
243 284 275 310 τὸ
287 283 343 317 φῶς
356 282 402 309 τοῦ
416 281 531 316 ἀγαθοῦ,
547 281 673 316 ὲπιὸἦναι
685 281 740 311 τοῖς
755 280 792 315 μὴ

21 333 83 363 Ιδίοις
94 331 233 366 ἐπιχειρεῖ·
244 331 258 357 ὁ
273 330 300 356 δὲ
312 329 413 363 ἀγαθὸς
419 329 532 363 δύναμιν
547 327 706 354 ἀποστέλλει
717 326 790 359 τινα,

20 377 87 414 ﬁxa).
108 377 190 412 Ilvotta
212 376 244 402 τὸ
268 375 345 409 δόξαν
363 374 437 410 αὐτῷ
459 373 606 409 ἐπιτίθησι,
625 373 793 408 φυλάξουσαν

21 425 61 459 μὲν
79 422 154 457 δῆθεν
167 423 231 453 τοὺς
252 422 341 458 ὄρους,
355 421 387 447 τὸ
401 421 423 447 δ’
440 420 538 455 ἀληθὲς
552 419 646 456 δέλεαρ
664 419 794 454 ἐσομένην

22 471 53 500 εἰς
67 468 186 496 ἀκούσιον
197 469 231 503 τῇ
245 467 297 504 ὕλῃ
307 467 496 503 σωφρονισμόν
509 475 515 481 ·
531 467 545 492 ὃ
566 466 598 501 δὴ
622 466 668 492 καὶ
688 466 794 500 γέγονε.

21 513 249 549 Θεασαμένη,γὰρ
274 515 290 549 ἡ
315 513 363 548 ὕλη
391 513 439 548 τὴν
458 513 655 539 ἀποσταλεῖσαν
681 512 795 547 δύναμιν

22 560 202 595 προσεκεσσησε
213 559 274 594 μὲν,
281 559 318 591 ὡς
325 559 352 585 δὲ
360 559 408 595 (7')
416 558 569 594 ἐρασθεῖσα
579 559 652 593 ὁρμὴ
659 558 686 584 δὲ
695 558 797 584 πλείονι

22 604 124 631 λαϐοῦσα
145 605 250 640 ταύτην
277 605 406 631 κατέπυς’
426 605 472 631 καὶ
501 605 579 640 ἐδέθη
603 605 701 640 τρόπον
726 603 796 635 τινὰ,

23 652 101 685 ὥσπερ
113 650 216 686 θηρίον.
234 651 391 687 Κέχρηνται
409 651 462 687 γὰρ
477 652 524 678 καὶ
542 651 608 686 τῷδε
618 651 656 686 τῷ
671 650 798 684 ὑποδείγ-

25 706 85 731 ματι,
108 697 145 727 ὡς
174 696 207 723 δι’
234 697 341 732 ἐπῳδῆς
360 696 410 732 τῆς
437 697 636 732 ἀποσταλείσης
658 696 800 731 δυνάμεως

25 743 161 778 ἑκοιμίσθη,
181 742 280 776 Γέγονε
305 742 393 769 τοίνυν
417 743 489 777 μίξις
512 743 558 769 καὶ
582 743 680 778 κρᾶσις
694 741 797 772 τοῦτον.

25 789 88 824 φησὶ,
104 788 147 814 τδν
161 789 264 824 τρόπον
279 789 328 824 τῆς
343 797 372 814 τε
390 788 592 824 καταποθείσης
603 787 743 823 δυνάμεως
753 787 799 814 τοῦ

26 833 113 868 ἀγαθοῦ
143 835 190 861 καὶ
214 834 264 869 τῆς
292 834 479 869 καταπιούσης
503 834 582 869 ὕλης·
606 834 654 860 καὶ
671 832 758 864 οὕτως
771 833 800 866 ἐξ

26 881 110 915 ἀμφοῖν
124 879 330 915 ὲδημιουργήθη
348 880 407 906 τόδε
425 881 489 908 πᾶν.
505 879 559 906 ὑπὸ
573 879 619 906 τοῦ
636 879 739 914 ἀγαθοῦ
755 879 802 914 δη-
818 869 838 896 Β

26 925 90 960 λσδίγ
114 926 143 952 οὐ
156 925 212 961 γὰρ
231 926 264 952 ἂν
282 926 447 960 προύνόησεν
468 927 483 960 ἡ
507 925 590 952 κακία
605 925 708 960 κόσμου
727 925 802 959 γενέ-

28 980 93 1003 σεως.
107 972 247 998 Ἐντεῦθεν
263 971 291 998 δέ
308 981 372 1006 φασι
389 972 422 998 τὰ
438 972 487 1007 μὲν
503 971 605 1005 ἀγαθὰ,
623 971 656 998 τὰ
670 971 699 997 δὲ
718 973 801 1003 κακὰ,

28 1018 67 1052 τῆς
79 1018 198 1053 κράσεως
215 1018 323 1053 ἐκείνης
345 1019 392 1045 καὶ
409 1018 460 1053 τῆς
474 1018 583 1044 συνόδου
600 1019 656 1044 τοῖν
675 1016 746 1044 δυοῖν
760 1017 803 1044 διὰ

28 1065 68 1098 τῆς
82 1065 264 1100 ἐναντιότητος
284 1064 339 1091 τῶν
359 1065 422 1100 τῇδε
445 1065 613 1100 πραγμάτων
639 1064 805 1099 ἐμφαινομέ-

29 1119 77 1145 γης.

536 132 722 161 ADVERSUS
743 131 956 160 MANICIDEOS
972 131 1035 159 LIB.
1056 119 1087 160 1.’⁵

1559 131 1627 160 1086

845 198 877 216 ac
906 190 1006 217 multas
1031 191 1183 224 potestates
1210 187 1400 224 producebat;
1433 191 1513 215 aucta
1547 189 1630 223 igitur

844 236 1010 264 evehebatur
1035 235 1162 262 nesciens
1181 235 1360 262 substantiam
1383 234 1458 261 boni.
1481 233 1629 269 Postquam

843 289 910 309 vero
931 281 1018 316 magis
1038 283 1130 308 evecta
1145 281 1221 308 novit.
1232 285 1330 308 terram
1348 285 1374 316 et.
1389 281 1480 309 lumen
1496 281 1571 311 boni,
1587 281 1631 307 nir-

845 328 953 355 tebatur
977 327 1125 355 ascendere
1144 326 1178 353 ad
1195 334 1225 354 ea
1243 334 1304 362 quae
1324 335 1376 354 non
1394 331 1471 354 erant
1494 327 1604 363 propria
1620 336 1628 354 :

845 373 938 401 Bonus
955 379 1021 400 vero
1045 375 1207 408 potestatem
1230 372 1375 407 quamdam
1394 373 1487 405 mittit,
1512 374 1555 400 cui
1578 380 1629 399 no-

845 428 908 447 men
927 419 999 454 quod
1016 419 1040 446 ei
1054 419 1142 446 visum
1154 423 1206 451 est,
1223 418 1348 454 imponit,
1364 418 1560 446 eustodituram
1575 418 1631 446 sci-

847 467 911 493 licet
922 465 1091 501 prmseripta,
1105 472 1135 492 re
1152 470 1244 491 autem
1258 472 1322 492 vera
1340 463 1458 491 futuram
1474 464 1525 499 ipsi
1546 468 1631 491 mate—

850 513 898 539 rite
915 512 1071 540 illecebram
1089 514 1117 538 et
1139 511 1349 538 invitamentum
1369 510 1402 537 ad
1418 509 1631 537 moderationem

848 557 911 592 ejus
936 563 961 583 ιιι
976 556 1116 582 voluntate
1141 554 1268 582 alienam.
1295 553 1371 586 Quod
1397 553 1504 588 quidem
1532 553 1631 579 facuuu

848 608 890 631 est
910 611 916 628 :
934 610 996 630 cum
1018 602 1090 629 enim
1114 600 1229 628 vidisset
1253 600 1365 627 materia
1387 602 1550 634 potestatem
1568 598 1634 625 mis-

850 657 909 677 sam
929 649 1008 684 quasi
1031 648 1170 679 adamans,
1193 646 1349 681 concupivit
1371 646 1480 680 quldcm
1500 652 1570 677 eam,
1586 644 1634 672 sed

851 695 1006 722 ardentiore
1020 694 1140 729 appetitu
1157 692 1319 727 prehensam
1343 691 1496 721 absorbuit,
1518 695 1544 718 et
1565 698 1635 725 quo-

851 738 913 765 dam
931 738 1012 765 modo
1041 741 1170 771 tanquam
1198 736 1286 763 bellua
1307 736 1388 771 ligata
1405 739 1457 762 est.
1483 734 1530 762 Usi
1546 737 1636 762 autem

852 789 916 812 sunt
939 783 991 811 hoc
1020 783 1163 818 exemplo,
1186 786 1315 816 tanquam
1345 782 1471 808 cautione
1494 780 1638 816 potestatis

853 831 943 857 missae
957 829 1073 863 sopitam
1090 836 1161 856 csse.
1178 827 1260 854 Facta
1280 827 1364 862 igitur
1376 830 1428 859 est,
1442 827 1531 858 aiunt,
1544 825 1638 853 mistio

854 879 882 903 et
896 874 1056 910 temperatio
1075 873 1108 900 ad
1129 874 1202 900 hunc
1220 873 1329 900 modum
1343 881 1350 906 ;
1367 873 1549 907 absorptaque
1559 876 1639 906 pole-

854 925 923 949 state
939 920 1014 952 boni,
1036 924 1063 948 et
1089 919 1203 946 matcria
1228 918 1390 946 absorbente
1410 918 1449 945 sic
1470 925 1502 944 ex
1525 920 1639 952 utraque

855 966 1018 994 fabricatum
1039 973 1100 992 esse
1126 964 1295 997 universum,
1311 971 1326 990 a
1344 963 1416 990 bono
1438 962 1565 992 scilicet:
1584 970 1639 989 non

854 1012 927 1041 enim
954 1011 1057 1038 malum
1081 1011 1200 1045 providit
1225 1013 1315 1036 ortum
1339 1009 1444 1036 mundi.
1468 1007 1538 1034 Hinc
1563 1008 1641 1034 aittnt

856 1059 910 1086 alia
925 1059 1035 1094 quidem
1057 1057 1128 1085 bona
1151 1064 1230 1089 esse,
1254 1056 1307 1083 alia
1320 1063 1385 1083 vero
1404 1056 1484 1087 mala,
1507 1054 1578 1081 facta
1592 1054 1641 1081 miv

857 1105 949 1133 stione
965 1104 1012 1131 illa
1025 1107 1051 1131 et
1065 1103 1180 1130 duorum
1193 1103 1265 1129 coitu
1283 1109 1330 1136 per
1340 1101 1394 1128 vim
1413 1100 1577 1128 contrariam
1598 1107 1642 1126 re-

855 1159 928 1183 rum,
940 1157 1001 1186 quae
1011 1150 1056 1176 hic
1071 1153 1144 1177 sunt.

207 1203 274 1230 Car.
292 1202 361 1229 XIII.
380 1203 475 1229 Anima
492 1211 508 1228 α
522 1201 588 1228 bono
607 1201 747 1235 principio,
764 1209 780 1227 (ι
799 1199 869 1227 malo
883 1202 971 1224 autem
984 1203 1089 1230 corpus,
1105 1194 1246 1222 secundum
1267 1192 1438 1220 Manicltwos.

71 1240 236 1285 Ορίζεταίδὲ
250 1249 338 1285 ψυχὴν
353 1249 401 1284 μὲν
422 1249 533 1276 ἃπασαν
549 1246 617 1275 εἶναι
632 1239 682 1283 τῆς
697 1247 805 1283 μερίδος

31 1294 69 1321 τοῦ
83 1295 190 1329 ἀγαθοῦ,
208 1295 290 1330 σῶμα
307 1296 335 1322 δὲ
353 1296 400 1322 καὶ
416 1295 464 1330 τὴν
487 1295 586 1330 σάρκα,
604 1295 653 1330 τῆς
674 1293 751 1329 ὕλης,
767 1292 806 1328 πὴ

33 1341 73 1375 μὲν
89 1342 252 1376 κατέχουσαν
265 1342 303 1373 ὼς
320 1343 348 1368 ὲν
362 1342 459 1377 εἱρκτῇ
469 1341 518 1377 τὴν
533 1340 633 1375 ψυχὴν,
650 1339 687 1375 πὴ
700 1339 728 1366 δὲ
739 1348 805 1365 κατ-

32 1386 149 1421 εχομένην
169 1386 206 1418 ὡς
229 1386 322 1422 θηρίον
342 1386 409 1422 πρὸς
421 1386 471 1421 τῆς
486 1385 604 1421 ἐπῳδῆς.
619 1385 696 1412 Οὕτω
712 1385 759 1420 μὲν
776 1383 807 1418 δὴ

33 1433 198 1468 σοφισάμενος
218 1433 270 1468 τὴν
290 1432 356 1468 ὕλην
377 1433 391 1459 ὁ
407 1433 509 1467 ἀγαθὸς
538 1433 651 1468 κόσμου,
670 1431 746 1466 φησὶ,
762 1431 808 1465 γέ-

32 1487 82 1512 γονε
96 1479 275 1515 δημιουργός
295 1479 345 1505 οὐκ
367 1478 551 1514 ἁντιποιηθείς
572 1487 603 1512 γε
622 1477 667 1504 τοῦ
679 1477 809 1512 δημιουρι
822 1488 844 1517 c

32 1524 102 1558 ’(ῆσαι
126 1524 205 1551 αὐτὸν
227 1524 397 1559 (ἀνθίσταται
414 1523 468 1560 γὰρ
489 1524 585 1559 αὐτῷ),
604 1523 671 1551 ἀλλὰ
694 1523 737 1549 διὰ
760 1522 808 1557 τὴν

32 1570 202 1597 ἐπανάστασιν
217 1570 270 1605 τῆς
285 1570 394 1601 κακίας,
414 1571 447 1605 ἦν
474 1571 646 1606 σωφρονῆσαι
668 1568 807 1604 διενοήθη·

32 1617 57 1642 οὗ
78 1617 163 1652 μέντοι
187 1616 286 1651 γέγονε
305 1616 415 1642 δυνατὸν
435 1615 535 1648 ἐξελεῖν
560 1616 609 1650 τῆς
637 1615 736 1646 κακίας
756 1614 810 1640 τῶν

33 1663 187 1698 φαινομένων
210 1663 384 1699 πραγμάτων
405 1662 450 1688 τὸν
473 1662 522 1693 ἱὸν,
535 1661 649 1687 ἕπεσθαι
670 1661 698 1687 δὲ
719 1659 811 1686 τοῦτον

32 1708 191 1744 δεικνύμενον
214 1711 249 1737 ἐκ
265 1710 315 1744 τῆς
333 1709 445 1741 ἀταξίας
467 1708 512 1735 καὶ
528 1707 588 1742 τῆς,
601 1707 638 1738 ὡς
651 1706 810 1741 ὑπείληφεν,

34 1755 178 1791 ἀνισότητος
190 1756 248 1782 τῶν
264 1756 323 1782 καθ’
334 1756 418 1791 ἡμᾶς,
434 1754 528 1781 τοῦτον
543 1754 591 1789 μὲν
606 1753 739 1783 πλουτεῖν,
750 1751 812 1778 τοῦ-

33 1808 72 1826 τον
94 1801 121 1828 δὲ
139 1802 280 1828 πένεσθαι·
302 1802 408 1828 καὶτὸν
427 1801 475 1836 μὲν
498 1799 624 1832 εὐδοξεῖν,
641 1799 687 1825 τὸν
702 1798 731 1825 δὲ
752 1798 812 1825 ἀδο-

35 1846 96 1877 ξεῖν·
110 1848 157 1874 καὶ
172 1848 227 1874 ὅσοι
240 1847 362 1874 τοιαῦτα.
377 1847 414 1873 Τό
431 1855 460 1873 τε
474 1846 506 1881 δὴ
520 1844 735 1879 σπουδαζόμενὸν
756 1838 813 1870 ἐστι

34 1893 67 1928 τῷ
81 1895 171 1930 ἀγαθῷ
187 1895 239 1930 τὴν
261 1894 349 1929 ψυχὴν
370 1892 551 1928 ἐλευθερῶσαι
571 1891 619 1926 τῆς
636 1890 750 1921 κακίας·
768 1890 815 1916 καὶ

35 1940 124 1975 ταύτην
149 1941 283 1976 ἀντλῆσαι
301 1940 401 1976 τρόπον
415 1939 477 1966 τινὰ
490 1939 522 1965 ἐκ
532 1938 579 1973 τῆς
594 1937 658 1972 ὕλης
668 1945 675 1951 ·
693 1935 772 1962 τοῦτο
787 1935 815 1962 δὲ

37 1986 165 2019 γίγνεσθαι
180 1986 224 2013 διὰ
240 1986 290 2021 τῆς
306 1986 419 2021 σελήνης
433 1983 617 2018 αὐξανομένης
625 1990 653 2008 τε
664 1982 711 2007 καὶ
724 1989 815 2017 μειου-

39 2032 122 2067 μένης,
136 2033 172 2064 ὡς
188 2033 256 2068 ὁρᾷν
272 2031 403 2066 δοκοῦμεν
420 2032 501 2066 ἡμεῖς
511 2039 517 2044 ·
532 2029 563 2056 τὸ
575 2029 629 2063 γὰρ
641 2028 748 2063 ἀληθὲς,
766 2036 817 2062 φη-

38 2078 84 2109 σὶν,
99 2078 191 2112 ὑδρίας
207 2078 310 2113 τρόπον
327 2076 395 2109 αὑτὴ
420 2075 612 2111 πληρουμένη,
636 2074 668 2100 ἐκ
687 2073 735 2107 τῆς
753 2081 818 2099 κατ-

38 2124 161 2159 εχομένης
175 2123 271 2154 οὐσίας
285 2124 324 2154 εἰς
339 2122 370 2148 τὸ
385 2121 515 2156 ὁμογενὲς
527 2119 627 2154 ἀγαθὸν
638 2118 777 2145 κενοῦται·
793 2119 817 2144 εἰ

39 2167 86 2202 γὰρ
100 2169 144 2194 καὶ
157 2168 194 2204 μὴ
216 2168 322 2199 τούτοις
340 2176 371 2201 γε
384 2168 440 2198 τοῖς
455 2167 583 2202 ῥήμασιν,
600 2165 668 2191 ἀλλά
684 2172 716 2198 γε
731 2163 816 2190 ταῦτα
833 2175 855 2203 D

40 2213 153 2247 βούλεται
165 2215 266 2248 λέγειν,
277 2214 348 2249 ειπερ
360 2212 608 2248 εὐσχημονέστερον
619 2210 689 2237 πάνυ
702 2218 734 2244 γε
748 2209 817 2244 πρὸς

40 2258 109 2292 ἡμῶν
133 2260 255 2295 εἴρηται·
282 2258 408 2284 πλεῖστον
434 2257 489 2292 γὰρ
518 2257 579 2282 ὅσον
606 2256 669 2291 παρ’
695 2255 769 2290 αὐτῷ
788 2255 817 2281 τὸ

40 2303 172 2331 ἀλλόκοτον
187 2306 216 2332 ἐν
231 2306 264 2340 τῇ
282 2304 404 2340 διηγήσει
417 2303 506 2330 καὶτὸ
521 2302 661 2329 ἀπίθανον.

894 1243 1018 1271 Decernit
1032 1245 1123 1269 autem
1146 1248 1254 1268 omnem
1271 1239 1379 1274 quidem
1400 1239 1516 1265 animam
1532 1245 1593 1265 esse
1608 1245 1641 1264 cx

859 1295 934 1326 parte
947 1289 1012 1317 boni
1033 1297 1039 1322 ;
1055 1294 1156 1322 corpus
1169 1293 1234 1313 vero
1252 1289 1278 1313 et
1292 1292 1401 1312 carnem
1418 1292 1450 1311 ex
1466 1287 1542 1319 parte
1554 1287 1641 1310 mate—

859 1335 907 1362 ria:
929 1344 935 1361 :
953 1337 981 1361 ct
999 1333 1055 1367 jam
1072 1330 1182 1367 quidem
1199 1337 1301 1365 corpus
1320 1329 1438 1356 animam
1460 1332 1591 1364 tanquam
1614 1328 1643 1354 in

860 1388 971 1407 carcere
993 1379 1137 1411 detinere;
1157 1378 1213 1410 jam
1228 1384 1294 1404 vero
1318 1376 1436 1403 animam
1452 1375 1567 1403 detineri
1583 1379 1645 1401 t-an-

862 1434 942 1461 quatn
955 1425 1072 1452 belluam
1088 1432 1102 1450 a
1117 1422 1253 1450 cautione.
1269 1421 1314 1448 Sic
1328 1421 1415 1448 bonus
1427 1428 1488 1447 cum
1504 1420 1644 1447 materiam

862 1470 1025 1505 decepisset,
1045 1467 1151 1499 mundi,
1176 1466 1276 1502 inquit,
1301 1465 1392 1492 factus
1410 1469 1452 1492 est
1475 1464 1644 1491 fabricator:

860 1524 916 1544 non
942 1515 1052 1550 quidem
1081 1512 1153 1548 quod
1182 1513 1270 1547 ipsum
1296 1511 1425 1538 fabricari
1451 1510 1645 1540 desiderasset,

861 1562 964 1590 resistit
985 1561 1057 1588 enim
1081 1560 1117 1589 ei.
1140 1559 1188 1586 sed
1216 1562 1327 1593 propter
1353 1556 1513 1584 seditionem
1534 1563 1549 1583 a
1575 1555 1648 1582 malo

861 1607 1018 1639 excitatam,
1028 1612 1109 1639 quam
1123 1604 1259 1639 corrigere
1269 1609 1296 1630 et
1309 1602 1442 1630 moderari
1459 1602 1624 1637 cogitaverat
1638 1609 1647 1632 ;

861 1662 917 1682 non
941 1658 1031 1680 tamen
1057 1651 1114 1678 ﬁeri
1133 1650 1267 1685 potuisse,
1283 1653 1312 1675 ut
1328 1655 1461 1676 venenum
1487 1648 1551 1674 mali
1574 1647 1647 1682 quod

862 1705 905 1728 est
930 1700 958 1726 in
984 1698 1066 1726 rebus
1088 1704 1157 1731 quas
1176 1696 1310 1727 videmus,
1337 1694 1549 1725 extraheretur;
1570 1693 1647 1727 scqui

863 1754 929 1774 vero
940 1745 1004 1777 hoc,
1020 1748 1049 1772 ut
1066 1743 1168 1778 opinati
1184 1745 1257 1772 sunt,
1275 1748 1308 1768 ex
1322 1739 1527 1774 perturbatione
1543 1738 1651 1765 ordinis

864 1796 890 1819 et
911 1797 945 1819 ex
972 1789 1156 1825 inaequalitate
1180 1795 1270 1815 rerum
1288 1789 1444 1813 nostrarutn
1472 1789 1553 1819 atque
1576 1784 1648 1810 hunc

864 1837 974 1873 quidem
996 1836 1107 1863 divitem
1127 1841 1197 1865 esse,
1216 1833 1292 1859 illum
1310 1839 1373 1859 vero
1387 1837 1534 1866 pauperem
1549 1839 1557 1863 ;
1573 1829 1647 1856 Iutnt'.

865 1883 1027 1920 gloriosum,
1057 1882 1134 1909 illum
1162 1879 1355 1907 inltonoratttm
1384 1882 1411 1904 et
1436 1876 1591 1911 inglorium.
1623 1879 1650 1902 ct

865 1936 1036 1966 quzecunque
1063 1927 1127 1955 talia
1155 1928 1227 1953 sunt.
1258 1923 1384 1951 Studium
1413 1930 1478 1950 vero
1499 1921 1562 1950 boni
1590 1929 1651 1949 esse

867 1977 982 2004 liberare
997 1974 1116 2002 animam
1134 1980 1149 1999 a
1165 1972 1249 2004 malo,
1264 1970 1371 1998 ethanc
1386 1969 1503 2004 quodam
1522 1967 1602 1995 modo
1617 1975 1650 1994 ex

867 2022 978 2050 materia
994 2019 1140 2048 exhaurire
1169 2027 1176 2045 :
1207 2017 1259 2044 hoc
1293 2020 1385 2043 autem
1409 2015 1467 2042 ﬁeri
1487 2021 1535 2048 per
1559 2013 1650 2040 lunam

867 2071 1035 2095 crescentem
1057 2068 1084 2092 et
1108 2064 1325 2092 accrescentem,
1350 2064 1380 2087 ut
1397 2067 1448 2087 nos
1464 2059 1559 2086 videre
1577 2057 1653 2085 vidc-

868 2121 930 2140 mur
946 2120 952 2138 :
971 2119 1000 2138 re
1017 2118 1080 2139 vera
1096 2110 1180 2140 enim,
1198 2108 1296 2143 inquit,
1312 2107 1371 2141 ipsa
1387 2106 1414 2132 in
1429 2105 1538 2132 modum
1553 2104 1655 2140 hydria:

869 2159 977 2194 impleta
988 2179 996 2188 ,
1014 2165 1047 2184 cx
1067 2155 1219 2184 substantia
1236 2153 1326 2180 infusa
1343 2153 1370 2179 iu
1387 2153 1491 2179 bonum
1508 2155 1654 2186 cognatum

870 2205 1027 2233 exinanitur
1048 2210 1055 2229 :
1074 2202 1125 2230 etsi
1141 2201 1213 2228 ettim
1238 2207 1291 2227 non
1315 2199 1357 2226 his
1374 2199 1476 2230 verbis,
1492 2197 1550 2224 haec
1563 2201 1655 2223 tamen

870 2253 927 2280 vult
955 2251 1057 2281 dicere,
1083 2256 1143 2284 quae
1170 2247 1256 2274 multo
1283 2245 1425 2273 honestius
1450 2252 1464 2271 a
1481 2244 1560 2271 nobis
1580 2242 1656 2269 dicta

873 2302 937 2326 sttnt
950 2307 958 2330 ;
973 2297 1119 2332 plurimum
1136 2294 1209 2322 enim
1232 2292 1343 2321 absurdi
1359 2295 1386 2319 et
1402 2289 1561 2318 incredibile
1573 2292 1616 2316 est
1629 2288 1656 2314 in

872 2345 932 2379 ejus
943 2342 1109 2370 narratione.

478 2395 544 2423 Car.
565 2393 634 2422 XIV.
655 2394 694 2421 De
706 2398 777 2420 terra
792 2397 817 2420 et
832 2391 961 2426 imbribus
975 2390 1089 2418 Manetis
1110 2389 1205 2423 opinio.

75 2444 140 2470 Ὅσα
165 2445 215 2479 μὲν
237 2442 283 2471 οὖν
307 2444 389 2479 ἕτερα
411 2443 496 2479 γραὸς
521 2442 598 2477 δίκην
622 2441 765 2476 μυθολογεῖ
778 2439 825 2466 καὶ

43 2490 146 2525 γράφει,
161 2493 194 2526 τῇ
205 2491 299 2526 Σύρων
324 2491 399 2525 φωνῇ
417 2488 567 2524 χρώμενος,
589 2488 663 2518 ὅπως
687 2486 735 2522 μὲν
757 2487 773 2520 ή
789 2485 825 2520 γῆ

45 2535 208 2569 βαστάζεται,
226 2537 270 2563 τὸν
284 2536 424 2571 ποιητικὸν
440 2535 476 2570 μὴ
491 2533 633 2569 διαφυγὼν
651 2533 743 2568 μῦθον·
753 2533 826 2563 ὅπως

44 2580 68 2606 δὲ
92 2582 261 2609 συνίστανται
283 2583 308 2608 οἰ
335 2582 444 2617 ὕμϐροι,
458 2581 495 2612 ὡς
512 2579 623 2615 ἱδρῶτὲς
636 2580 688 2605 εἰσι
706 2578 760 2605 τῶν
777 2578 827 2612 ἀρ-

45 2627 138 2660 χόντων
151 2629 202 2663 τῆς
217 2628 282 2663 ὕλης
292 2637 299 2643 ·
315 2628 401 2654 ταῦτα
421 2627 468 2653 καὶ
485 2626 520 2653 τὰ
536 2625 657 2655 τοιαῦτα,
673 2624 727 2651 τῶν
743 2623 826 2650 αὑτοῦ

46 2672 233 2709 παλαισμάτων
247 2672 646 2709 παρεμπορεύματα,περιττὺν
661 2670 693 2698 ἂν
707 2671 748 2706 εἴη
763 2678 829 2705 προ-

47 2719 133 2755 φέρειν
149 2722 188 2752 εἰς
214 2721 334 2755 ἔλεγχον.
359 2720 419 2755 Χρὴ
438 2719 467 2745 δὲ
482 2718 500 2745 ἃ
521 2718 585 2753 περὶ
608 2717 722 2744 ἑκάστου
738 2724 829 2751 παρα-

47 2766 129 2792 παίων
140 2766 249 2801 γράφει,
268 2766 411 2801 γνώρισμα
425 2766 481 2796 τοῖς
502 2765 596 2795 πᾶσιν,
618 2762 719 2798 ἥκιστά
734 2771 765 2796 γε
781 2762 829 2788 ἀν-

49 2809 149 2843 έχεσθαι
163 2812 228 2847 προς
239 2812 389 2847 ἀπέραντον
400 2811 531 2846 φλυαρίαν
544 2810 588 2836 τὶν
598 2809 675 2842 λόγον
690 2809 828 2835 ἐκτείιειν·

82 2856 126 2891 (7‘)
144 2858 210 2893 [θεν
223 2858 263 2891 δή.
280 2858 357 2884 Futr.

912 2437 1088 2472 Quaecunque
1114 2437 1196 2470 igitur
1216 2434 1268 2461 alia
1287 2433 1395 2460 aniliter
1421 2434 1447 2458 et
1471 2427 1659 2457 commentitio

874 2484 998 2519 loquitur
1013 2487 1041 2510 et
1061 2482 1168 2512 scribit,
1193 2487 1320 2508 sermone
1342 2478 1454 2514 Syriaco
1477 2478 1567 2504 utens.
1592 2481 1660 2507 quo-

876 2530 957 2558 modo
983 2533 1056 2556 terra
1091 2527 1260 2559 sustinetur,
1290 2533 1344 2552 non
1373 2523 1497 2551 devitans
1525 2519 1658 2555 poeticam

876 2576 996 2603 fabulam
1015 2583 1022 2607 ;
1044 2572 1182 2609 quomodo
1207 2572 1310 2599 imbres
1327 2571 1405 2600 ﬁunt,
1424 2573 1450 2596 et
1467 2567 1581 2595 sudores
1599 2572 1661 2591 esse

877 2621 1042 2658 principium
1071 2619 1191 2646 materia:
1216 2628 1222 2645 :
1249 2618 1305 2644 haec
1324 2621 1351 2643 ct
1373 2615 1424 2642 alia
1449 2611 1582 2648 ejusmodi
1601 2617 1661 2645 qum

877 2671 976 2703 praeter
997 2665 1136 2700 negotium
1162 2664 1205 2690 sui
1231 2662 1389 2690 certaminis
1405 2665 1514 2688 tractat.
1534 2663 1662 2692 superva-

878 2722 960 2742 cuum
972 2716 1046 2741 esset
1062 2712 1095 2739 ad
1110 2709 1309 2738 eonfutandum
1321 2708 1455 2744 proferre.
1474 2706 1586 2741 Oporlct
1604 2710 1664 2738 qua:

879 2760 913 2788 de
932 2759 1048 2794 singulis
1069 2757 1154 2785 delire
1174 2755 1280 2786 scribit,
1299 2761 1359 2789 qum
1372 2752 1499 2779 omnibus
1514 2755 1575 2778 nota
1589 2752 1662 2778 sunt.

880 2815 934 2835 non
952 2807 1006 2841 pati
1024 2810 1053 2832 ut
1069 2805 1167 2832 librum
1184 2801 1298 2830 infinitis
1316 2799 1394 2835 nugis
1412 2799 1525 2825 dilatcnt
1541 2806 1547 2827 ;
1566 2796 1665 2831 quippe
