  <div class='ocr_page' id='page_1' title='image "/cluster/home/n/w/nwhite01/storage/ocr_20150623/18/njp.32101077772455/881.png"; bbox 0 0 1900 3070; ppageno 0'>
   <div class='ocr_carea' id='block_1_1' title="bbox 231 119 300 147">
    <p class='ocr_par' dir='ltr' id='par_1_1' title="bbox 231 119 300 147">
     <span class='ocr_line' id='line_1_1' title="bbox 231 119 300 147; baseline -0.029 0"><span class='ocrx_word' id='word_1_1' title='bbox 231 119 300 147; x_wconf 74' lang='grc'><strong>1087</strong></span> 
     </span>
    </p>
   </div>
   <div class='ocr_carea' id='block_1_2' title="bbox 794 109 1267 140">
    <p class='ocr_par' dir='ltr' id='par_1_2' title="bbox 794 109 1267 140">
     <span class='ocr_line' id='line_1_2' title="bbox 794 109 1267 140; baseline -0.011 1"><span class='ocrx_word' id='word_1_2' title='bbox 794 113 862 140; x_wconf 78' lang='lat' dir='ltr'><strong>TITI</strong></span> <span class='ocrx_word' id='word_1_3' title='bbox 883 110 1097 140; x_wconf 75' lang='lat' dir='ltr'><strong>BOSTRENSIS</strong></span> <span class='ocrx_word' id='word_1_4' title='bbox 1115 109 1267 137; x_wconf 85' lang='lat' dir='ltr'><strong>EPISCOPI</strong></span> 
     </span>
    </p>
   </div>
   <div class='ocr_carea' id='block_1_3' title="bbox 1793 105 1868 132">
    <p class='ocr_par' dir='ltr' id='par_1_3' title="bbox 1793 105 1868 132">
     <span class='ocr_line' id='line_1_3' title="bbox 1793 105 1868 132; baseline 0.013 -1"><span class='ocrx_word' id='word_1_5' title='bbox 1793 105 1868 132; x_wconf 63' lang='lat'><strong>1083</strong></span> 
     </span>
    </p>
   </div>
   <div class='ocr_carea' id='block_1_4' title="bbox 231 163 1016 207">
    <p class='ocr_par' dir='ltr' id='par_1_4' title="bbox 231 171 1012 207">
     <span class='ocr_line' id='line_1_4' title="bbox 231 171 1012 207; baseline -0.009 -4"><span class='ocrx_word' id='word_1_6' title='bbox 231 184 291 203; x_wconf 84' lang='lat' dir='ltr'><strong>cum</strong></span> <span class='ocrx_word' id='word_1_7' title='bbox 308 174 376 202; x_wconf 83' lang='lat' dir='ltr'><strong>satis</strong></span> <span class='ocrx_word' id='word_1_8' title='bbox 390 174 426 202; x_wconf 91' lang='lat' dir='ltr'><strong>sit</strong></span> <span class='ocrx_word' id='word_1_9' title='bbox 442 172 583 201; x_wconf 79' lang='lat' dir='ltr'><strong>confutato</strong></span> <span class='ocrx_word' id='word_1_10' title='bbox 598 171 689 207; x_wconf 85' lang='lat' dir='ltr'><strong>capite</strong></span> <span class='ocrx_word' id='word_1_11' title='bbox 703 171 818 199; x_wconf 71' lang='lat' dir='ltr'><strong>insaniae</strong></span> <span class='ocrx_word' id='word_1_12' title='bbox 833 171 893 206; x_wconf 83' lang='lat' dir='ltr'><strong>ejus</strong></span> <span class='ocrx_word' id='word_1_13' title='bbox 908 171 1012 204; x_wconf 86' lang='lat' dir='ltr'><strong>reliqua</strong></span> 
     </span>
    </p>
   </div>
   <div class='ocr_carea' id='block_1_5' title="bbox 1075 163 1868 207">
    <p class='ocr_par' dir='ltr' id='par_1_5' title="bbox 1075 163 1868 203">
     <span class='ocr_line' id='line_1_5' title="bbox 1075 163 1868 203; baseline -0.008 -9"><span class='ocrx_word' id='word_1_14' title='bbox 1075 177 1103 199; x_wconf 81' lang='grc' dir='ltr'><strong>υς</strong></span> <span class='ocrx_word' id='word_1_15' title='bbox 1124 167 1223 203; x_wconf 81' lang='grc' dir='ltr'><strong>ἀρκοῦν</strong></span> <span class='ocrx_word' id='word_1_16' title='bbox 1247 166 1312 193; x_wconf 77' lang='grc' dir='ltr'>αὐτὸ</span> <span class='ocrx_word' id='word_1_17' title='bbox 1342 165 1372 192; x_wconf 70' lang='grc' dir='ltr'>τὸ</span> <span class='ocrx_word' id='word_1_18' title='bbox 1405 165 1549 200; x_wconf 81' lang='grc' dir='ltr'>κεφάλαιον</span> <span class='ocrx_word' id='word_1_19' title='bbox 1576 163 1661 191; x_wconf 73' lang='grc' dir='ltr'>αὑτοῦ</span> <span class='ocrx_word' id='word_1_20' title='bbox 1683 163 1737 198; x_wconf 74' lang='grc' dir='ltr'><strong>τῆς</strong></span> <span class='ocrx_word' id='word_1_21' title='bbox 1762 163 1868 197; x_wconf 67' lang='grc' dir='ltr'>ἀλόγου</span> 
     </span>
    </p>
   </div>
   <div class='ocr_carea' id='block_1_6' title="bbox 230 215 1014 253">
    <p class='ocr_par' dir='ltr' id='par_1_6' title="bbox 230 215 1014 253">
     <span class='ocr_line' id='line_1_6' title="bbox 230 215 1014 253; baseline -0.008 -5"><span class='ocrx_word' id='word_1_22' title='bbox 230 224 405 248; x_wconf 79' lang='lat' dir='ltr'><strong>contemnere</strong></span> <span class='ocrx_word' id='word_1_23' title='bbox 429 229 436 246; x_wconf 88' lang='lat'><strong>:</strong></span> <span class='ocrx_word' id='word_1_24' title='bbox 453 225 480 247; x_wconf 85' lang='lat' dir='ltr'><strong>et</strong></span> <span class='ocrx_word' id='word_1_25' title='bbox 499 219 522 247; x_wconf 90' lang='lat' dir='ltr'><strong>si</strong></span> <span class='ocrx_word' id='word_1_26' title='bbox 538 226 593 246; x_wconf 91' lang='lat' dir='ltr'><strong>non</strong></span> <span class='ocrx_word' id='word_1_27' title='bbox 613 218 792 253; x_wconf 77' lang='lat' dir='ltr'><strong>contingeret,</strong></span> <span class='ocrx_word' id='word_1_28' title='bbox 809 222 837 244; x_wconf 89' lang='lat' dir='ltr'><strong>ut</strong></span> <span class='ocrx_word' id='word_1_29' title='bbox 856 215 1014 244; x_wconf 85' lang='lat' dir='ltr'><strong>necessario</strong></span> 
     </span>
    </p>
   </div>
   <div class='ocr_carea' id='block_1_7' title="bbox 231 261 1014 295">
    <p class='ocr_par' dir='ltr' id='par_1_7' title="bbox 231 261 1014 295">
     <span class='ocr_line' id='line_1_7' title="bbox 231 261 1014 295; baseline -0.009 -2"><span class='ocrx_word' id='word_1_30' title='bbox 231 266 287 293; x_wconf 66' lang='lat' dir='ltr'><strong>haec</strong></span> <span class='ocrx_word' id='word_1_31' title='bbox 302 273 385 292; x_wconf 81' lang='lat' dir='ltr'><strong>causa</strong></span> <span class='ocrx_word' id='word_1_32' title='bbox 412 271 564 292; x_wconf 82' lang='lat' dir='ltr'><strong>sermonem</strong></span> <span class='ocrx_word' id='word_1_33' title='bbox 579 263 612 290; x_wconf 86' lang='lat' dir='ltr'><strong>de</strong></span> <span class='ocrx_word' id='word_1_34' title='bbox 630 262 802 290; x_wconf 75' lang='lat' dir='ltr'><strong>Providentia</strong></span> <span class='ocrx_word' id='word_1_35' title='bbox 818 261 1014 295; x_wconf 84' lang='lat' dir='ltr'><strong>complectere-</strong></span> 
     </span>
    </p>
   </div>
   <div class='ocr_carea' id='block_1_8' title="bbox 231 305 1013 346">
    <p class='ocr_par' dir='ltr' id='par_1_8' title="bbox 231 305 1013 346">
     <span class='ocr_line' id='line_1_8' title="bbox 231 305 1013 346; baseline -0.009 -8"><span class='ocrx_word' id='word_1_36' title='bbox 231 316 286 343; x_wconf 83' lang='lat' dir='ltr'><strong>tur,</strong></span> <span class='ocrx_word' id='word_1_37' title='bbox 307 318 364 346; x_wconf 85' lang='lat' dir='ltr'><strong>quo</strong></span> <span class='ocrx_word' id='word_1_38' title='bbox 387 311 577 338; x_wconf 85' lang='lat' dir='ltr'><strong>demonstrare</strong></span> <span class='ocrx_word' id='word_1_39' title='bbox 595 311 702 343; x_wconf 78' lang='lat' dir='ltr'><strong>oportet</strong></span> <span class='ocrx_word' id='word_1_40' title='bbox 715 307 808 334; x_wconf 84' lang='lat' dir='ltr'><strong>omnia</strong></span> <span class='ocrx_word' id='word_1_41' title='bbox 823 313 883 333; x_wconf 82' lang='lat' dir='ltr'><strong>esse</strong></span> <span class='ocrx_word' id='word_1_42' title='bbox 897 305 965 332; x_wconf 87' lang='lat' dir='ltr'><strong>bene</strong></span> <span class='ocrx_word' id='word_1_43' title='bbox 981 311 1013 331; x_wconf 88' lang='lat' dir='ltr'><strong>ac</strong></span> 
     </span>
    </p>
   </div>
   <div class='ocr_carea' id='block_1_9' title="bbox 232 352 1015 389">
    <p class='ocr_par' dir='ltr' id='par_1_9' title="bbox 232 352 1015 389">
     <span class='ocr_line' id='line_1_9' title="bbox 232 352 1015 389; baseline -0.009 -4"><span class='ocrx_word' id='word_1_44' title='bbox 232 358 323 385; x_wconf 87' lang='lat' dir='ltr'><strong>divine</strong></span> <span class='ocrx_word' id='word_1_45' title='bbox 337 357 474 389; x_wconf 90' lang='lat' dir='ltr'><strong>ordinata,</strong></span> <span class='ocrx_word' id='word_1_46' title='bbox 490 358 516 383; x_wconf 92' lang='lat' dir='ltr'><strong>et</strong></span> <span class='ocrx_word' id='word_1_47' title='bbox 532 352 695 382; x_wconf 84' lang='lat' dir='ltr'><strong>ineﬁ‘abilem</strong></span> <span class='ocrx_word' id='word_1_48' title='bbox 712 353 758 380; x_wconf 88' lang='lat' dir='ltr'><strong>Dei</strong></span> <span class='ocrx_word' id='word_1_49' title='bbox 769 352 930 387; x_wconf 71' lang='lat' dir='ltr'><strong>sapientiam</strong></span> <span class='ocrx_word' id='word_1_50' title='bbox 944 358 1015 385; x_wconf 67' lang='lat' dir='ltr'><strong>prae-</strong></span> 
     </span>
    </p>
   </div>
   <div class='ocr_carea' id='block_1_10' title="bbox 231 395 1014 437">
    <p class='ocr_par' dir='ltr' id='par_1_10' title="bbox 231 395 1014 437">
     <span class='ocr_line' id='line_1_10' title="bbox 231 395 1014 437; baseline -0.011 -6"><span class='ocrx_word' id='word_1_51' title='bbox 231 404 339 437; x_wconf 88' lang='lat' dir='ltr'><strong>dicare;</strong></span> <span class='ocrx_word' id='word_1_52' title='bbox 356 403 500 430; x_wconf 82' lang='lat' dir='ltr'><strong>ridiculum</strong></span> <span class='ocrx_word' id='word_1_53' title='bbox 521 404 594 428; x_wconf 80' lang='lat' dir='ltr'><strong>esset</strong></span> <span class='ocrx_word' id='word_1_54' title='bbox 610 401 652 427; x_wconf 86' lang='lat' dir='ltr'><strong>vel</strong></span> <span class='ocrx_word' id='word_1_55' title='bbox 670 400 758 434; x_wconf 84' lang='lat' dir='ltr'><strong>aliqua</strong></span> <span class='ocrx_word' id='word_1_56' title='bbox 774 398 869 425; x_wconf 89' lang='lat' dir='ltr'><strong>saltem</strong></span> <span class='ocrx_word' id='word_1_57' title='bbox 891 395 1014 423; x_wconf 85' lang='lat' dir='ltr'><strong>confuta-</strong></span> 
     </span>
    </p>
   </div>
   <div class='ocr_carea' id='block_1_11' title="bbox 232 446 1015 484">
    <p class='ocr_par' dir='ltr' id='par_1_11' title="bbox 232 446 1015 484">
     <span class='ocr_line' id='line_1_11' title="bbox 232 446 1015 484; baseline -0.01 -8"><span class='ocrx_word' id='word_1_58' title='bbox 232 449 314 481; x_wconf 85' lang='lat' dir='ltr'><strong>tione,</strong></span> <span class='ocrx_word' id='word_1_59' title='bbox 333 457 392 484; x_wconf 60' lang='lat' dir='ltr'><strong>qua:</strong></span> <span class='ocrx_word' id='word_1_60' title='bbox 408 448 545 483; x_wconf 86' lang='lat' dir='ltr'><strong>proposita</strong></span> <span class='ocrx_word' id='word_1_61' title='bbox 561 451 634 478; x_wconf 84' lang='lat' dir='ltr'><strong>sunt,</strong></span> <span class='ocrx_word' id='word_1_62' title='bbox 651 446 732 479; x_wconf 81' lang='lat' dir='ltr'><strong>digna</strong></span> <span class='ocrx_word' id='word_1_63' title='bbox 747 451 808 472; x_wconf 87' lang='lat' dir='ltr'><strong>esse</strong></span> <span class='ocrx_word' id='word_1_64' title='bbox 825 447 939 478; x_wconf 87' lang='lat' dir='ltr'><strong>putare;</strong></span> <span class='ocrx_word' id='word_1_65' title='bbox 955 449 1015 476; x_wconf 65' lang='lat' dir='ltr'><strong>qua!</strong></span> 
     </span>
    </p>
   </div>
   <div class='ocr_carea' id='block_1_12' title="bbox 232 491 1015 530">
    <p class='ocr_par' dir='ltr' id='par_1_12' title="bbox 232 491 1015 530">
     <span class='ocr_line' id='line_1_12' title="bbox 232 491 1015 530; baseline -0.011 -8"><span class='ocrx_word' id='word_1_66' title='bbox 232 495 340 530; x_wconf 85' lang='lat' dir='ltr'><strong>quidem</strong></span> <span class='ocrx_word' id='word_1_67' title='bbox 360 499 435 522; x_wconf 81' lang='lat' dir='ltr'><strong>extra</strong></span> <span class='ocrx_word' id='word_1_68' title='bbox 459 500 617 520; x_wconf 82' lang='lat' dir='ltr'><strong>communes</strong></span> <span class='ocrx_word' id='word_1_69' title='bbox 632 492 756 518; x_wconf 89' lang='lat' dir='ltr'><strong>notiones</strong></span> <span class='ocrx_word' id='word_1_70' title='bbox 774 492 902 524; x_wconf 83' lang='lat' dir='ltr'><strong>congesta</strong></span> <span class='ocrx_word' id='word_1_71' title='bbox 919 491 1015 522; x_wconf 88' lang='lat' dir='ltr'><strong>sponte</strong></span> 
     </span>
    </p>
   </div>
   <div class='ocr_carea' id='block_1_13' title="bbox 233 538 952 575">
    <p class='ocr_par' dir='ltr' id='par_1_13' title="bbox 233 538 952 575">
     <span class='ocr_line' id='line_1_13' title="bbox 233 538 952 575; baseline -0.011 -7"><span class='ocrx_word' id='word_1_72' title='bbox 233 548 282 569; x_wconf 84' lang='lat' dir='ltr'><strong>sua</strong></span> <span class='ocrx_word' id='word_1_73' title='bbox 300 541 371 575; x_wconf 87' lang='lat' dir='ltr'><strong>apud</strong></span> <span class='ocrx_word' id='word_1_74' title='bbox 386 548 432 568; x_wconf 91' lang='lat' dir='ltr'><strong>eos</strong></span> <span class='ocrx_word' id='word_1_75' title='bbox 452 540 497 574; x_wconf 90' lang='lat' dir='ltr'><strong>qui</strong></span> <span class='ocrx_word' id='word_1_76' title='bbox 515 542 631 566; x_wconf 85' lang='lat' dir='ltr'><strong>mentem</strong></span> <span class='ocrx_word' id='word_1_77' title='bbox 648 538 952 570; x_wconf 80' lang='lat' dir='ltr'><strong>habentcoarguuntur.</strong></span> 
     </span>
    </p>
   </div>
   <div class='ocr_carea' id='block_1_14' title="bbox 1068 210 1869 248">
    <p class='ocr_par' dir='ltr' id='par_1_14' title="bbox 1068 210 1869 248">
     <span class='ocr_line' id='line_1_14' title="bbox 1068 210 1869 248; baseline -0.007 -8"><span class='ocrx_word' id='word_1_78' title='bbox 1068 213 1165 248; x_wconf 85' lang='grc' dir='ltr'>μανίας</span> <span class='ocrx_word' id='word_1_79' title='bbox 1180 212 1367 246; x_wconf 81' lang='grc' dir='ltr'>διελέγξαντας</span> <span class='ocrx_word' id='word_1_80' title='bbox 1389 211 1442 238; x_wconf 86' lang='grc' dir='ltr'><strong>τῶν</strong></span> <span class='ocrx_word' id='word_1_81' title='bbox 1460 211 1545 238; x_wconf 78' lang='grc' dir='ltr'>ἄλλων</span> <span class='ocrx_word' id='word_1_82' title='bbox 1561 210 1758 245; x_wconf 75' lang='grc' dir='ltr'><strong>καταφρονεῖν·</strong></span> <span class='ocrx_word' id='word_1_83' title='bbox 1777 210 1832 236; x_wconf 68' lang='grc' dir='ltr'>καὶ</span> <span class='ocrx_word' id='word_1_84' title='bbox 1846 211 1869 235; x_wconf 82' lang='grc' dir='ltr'>εξ</span> 
     </span>
    </p>
   </div>
   <div class='ocr_carea' id='block_1_15' title="bbox 1067 256 1871 295">
    <p class='ocr_par' dir='ltr' id='par_1_15' title="bbox 1067 256 1871 295">
     <span class='ocr_line' id='line_1_15' title="bbox 1067 256 1871 295; baseline -0.005 -10"><span class='ocrx_word' id='word_1_85' title='bbox 1067 259 1103 295; x_wconf 84' lang='grc' dir='ltr'>μή</span> <span class='ocrx_word' id='word_1_86' title='bbox 1118 268 1150 293; x_wconf 88' lang='grc' dir='ltr'><strong>γε</strong></span> <span class='ocrx_word' id='word_1_87' title='bbox 1163 259 1207 285; x_wconf 80' lang='grc' dir='ltr'>τὸν</span> <span class='ocrx_word' id='word_1_88' title='bbox 1223 259 1286 294; x_wconf 67' lang='grc' dir='ltr'>περὶ</span> <span class='ocrx_word' id='word_1_89' title='bbox 1302 258 1432 293; x_wconf 78' lang='grc' dir='ltr'><strong>Προνοίας</strong></span> <span class='ocrx_word' id='word_1_90' title='bbox 1449 257 1526 291; x_wconf 77' lang='grc' dir='ltr'>λόγον</span> <span class='ocrx_word' id='word_1_91' title='bbox 1546 257 1687 283; x_wconf 77' lang='grc' dir='ltr'>συνέϐαινε</span> <span class='ocrx_word' id='word_1_92' title='bbox 1707 256 1794 291; x_wconf 79' lang='grc' dir='ltr'>τήνδε</span> <span class='ocrx_word' id='word_1_93' title='bbox 1817 256 1871 291; x_wconf 75' lang='grc' dir='ltr'>τὴν</span> 
     </span>
    </p>
   </div>
   <div class='ocr_carea' id='block_1_16' title="bbox 1066 299 1870 339">
    <p class='ocr_par' dir='ltr' id='par_1_16' title="bbox 1066 299 1870 339">
     <span class='ocr_line' id='line_1_16' title="bbox 1066 299 1870 339; baseline -0.005 -8"><span class='ocrx_word' id='word_1_94' title='bbox 1066 304 1193 331; x_wconf 80' lang='grc' dir='ltr'>ὑπόθεσιν</span> <span class='ocrx_word' id='word_1_95' title='bbox 1212 303 1366 338; x_wconf 78' lang='grc' dir='ltr'><strong>ἀναγκαίως</strong></span> <span class='ocrx_word' id='word_1_96' title='bbox 1391 303 1610 339; x_wconf 76' lang='grc' dir='ltr'>περιλαμϐάνειν,</span> <span class='ocrx_word' id='word_1_97' title='bbox 1622 302 1657 328; x_wconf 78' lang='grc' dir='ltr'>δι’</span> <span class='ocrx_word' id='word_1_98' title='bbox 1674 299 1706 329; x_wconf 75' lang='grc' dir='ltr'>οὗ</span> <span class='ocrx_word' id='word_1_99' title='bbox 1720 303 1870 336; x_wconf 71' lang='grc' dir='ltr'>προσήκει</span> 
     </span>
    </p>
   </div>
   <div class='ocr_carea' id='block_1_17' title="bbox 1066 347 1877 393">
    <p class='ocr_par' dir='ltr' id='par_1_17' title="bbox 1066 347 1877 393">
     <span class='ocr_line' id='line_1_17' title="bbox 1066 347 1877 393; baseline -0.005 -16"><span class='ocrx_word' id='word_1_100' title='bbox 1066 351 1162 383; x_wconf 78' lang='grc' dir='ltr'>δεῖξαι,</span> <span class='ocrx_word' id='word_1_101' title='bbox 1181 350 1218 382; x_wconf 85' lang='grc' dir='ltr'>ὡς</span> <span class='ocrx_word' id='word_1_102' title='bbox 1243 350 1349 377; x_wconf 74' lang='grc' dir='ltr'>ἅπαντα</span> <span class='ocrx_word' id='word_1_103' title='bbox 1370 347 1398 376; x_wconf 79' lang='grc' dir='ltr'>εὖ</span> <span class='ocrx_word' id='word_1_104' title='bbox 1422 358 1452 376; x_wconf 85' lang='grc' dir='ltr'><strong>τε</strong></span> <span class='ocrx_word' id='word_1_105' title='bbox 1473 349 1520 376; x_wconf 76' lang='grc' dir='ltr'><strong>καὶ</strong></span> <span class='ocrx_word' id='word_1_106' title='bbox 1540 349 1619 381; x_wconf 81' lang='grc' dir='ltr'>θείως</span> <span class='ocrx_word' id='word_1_107' title='bbox 1632 349 1798 384; x_wconf 75' lang='grc' dir='ltr'>τεταγμένα</span> <span class='ocrx_word' id='word_1_108' title='bbox 1817 349 1877 393; x_wconf 55' lang='grc' dir='ltr'>τίει</span> 
     </span>
    </p>
   </div>
   <div class='ocr_carea' id='block_1_18' title="bbox 1068 392 1874 432">
    <p class='ocr_par' dir='ltr' id='par_1_18' title="bbox 1068 392 1874 432">
     <span class='ocr_line' id='line_1_18' title="bbox 1068 392 1874 432; baseline -0.005 -9"><span class='ocrx_word' id='word_1_109' title='bbox 1068 397 1185 432; x_wconf 72' lang='grc' dir='ltr'>ἄρρητον</span> <span class='ocrx_word' id='word_1_110' title='bbox 1197 396 1243 423; x_wconf 79' lang='grc' dir='ltr'>τοῦ</span> <span class='ocrx_word' id='word_1_111' title='bbox 1258 395 1324 422; x_wconf 82' lang='grc' dir='ltr'>Θεοῦ</span> <span class='ocrx_word' id='word_1_112' title='bbox 1343 395 1436 430; x_wconf 71' lang='grc' dir='ltr'>σοφίαν</span> <span class='ocrx_word' id='word_1_113' title='bbox 1450 395 1578 431; x_wconf 75' lang='grc' dir='ltr'><strong>κηρύττει</strong></span> <span class='ocrx_word' id='word_1_114' title='bbox 1589 404 1595 410; x_wconf 94' lang='grc'><strong>·</strong></span> <span class='ocrx_word' id='word_1_115' title='bbox 1612 395 1699 429; x_wconf 80' lang='grc' dir='ltr'>γέλως</span> <span class='ocrx_word' id='word_1_116' title='bbox 1715 395 1752 421; x_wconf 78' lang='grc' dir='ltr'>ἂν</span> <span class='ocrx_word' id='word_1_117' title='bbox 1767 392 1805 429; x_wconf 77' lang='grc' dir='ltr'>ἦν</span> <span class='ocrx_word' id='word_1_118' title='bbox 1821 392 1874 420; x_wconf 60' lang='lat' dir='ltr'><strong>ivi</strong></span> 
     </span>
    </p>
   </div>
   <div class='ocr_carea' id='block_1_19' title="bbox 1066 440 1869 478">
    <p class='ocr_par' dir='ltr' id='par_1_19' title="bbox 1066 440 1869 478">
     <span class='ocr_line' id='line_1_19' title="bbox 1066 440 1869 478; baseline -0.002 -11"><span class='ocrx_word' id='word_1_119' title='bbox 1066 442 1216 478; x_wconf 74' lang='grc' dir='ltr'>τιρῥήσεως</span> <span class='ocrx_word' id='word_1_120' title='bbox 1240 441 1304 475; x_wconf 81' lang='grc' dir='ltr'>γοῦν</span> <span class='ocrx_word' id='word_1_121' title='bbox 1325 450 1396 472; x_wconf 84' lang='grc' dir='ltr'>τινος</span> <span class='ocrx_word' id='word_1_122' title='bbox 1417 441 1508 473; x_wconf 78' lang='grc' dir='ltr'><strong>ἀξιοῦν</strong></span> <span class='ocrx_word' id='word_1_123' title='bbox 1523 440 1557 467; x_wconf 82' lang='grc' dir='ltr'>τὰ</span> <span class='ocrx_word' id='word_1_124' title='bbox 1573 440 1759 476; x_wconf 75' lang='grc' dir='ltr'><strong>προτεθέντα,</strong></span> <span class='ocrx_word' id='word_1_125' title='bbox 1776 440 1869 474; x_wconf 68' lang='grc' dir='ltr'>ἅπερ,</span> 
     </span>
    </p>
   </div>
   <div class='ocr_carea' id='block_1_20' title="bbox 1067 487 1871 522">
    <p class='ocr_par' dir='ltr' id='par_1_20' title="bbox 1067 487 1871 522">
     <span class='ocr_line' id='line_1_20' title="bbox 1067 487 1871 522; baseline -0.002 -9"><span class='ocrx_word' id='word_1_126' title='bbox 1067 487 1143 518; x_wconf 75' lang='grc' dir='ltr'>ἐκτὸς</span> <span class='ocrx_word' id='word_1_127' title='bbox 1155 487 1209 512; x_wconf 86' lang='grc' dir='ltr'><strong>τῶν</strong></span> <span class='ocrx_word' id='word_1_128' title='bbox 1228 487 1324 513; x_wconf 80' lang='grc' dir='ltr'>κοινῶν</span> <span class='ocrx_word' id='word_1_129' title='bbox 1340 487 1447 513; x_wconf 76' lang='grc' dir='ltr'>ἐννοιῶν</span> <span class='ocrx_word' id='word_1_130' title='bbox 1471 487 1719 522; x_wconf 63' lang='grc' dir='ltr'><strong>συμπεφορημένα,</strong></span> <span class='ocrx_word' id='word_1_131' title='bbox 1736 487 1871 520; x_wconf 69' lang='grc' dir='ltr'>αὐτόμα-</span> 
     </span>
    </p>
   </div>
   <div class='ocr_carea' id='block_1_21' title="bbox 1067 532 1717 568">
    <p class='ocr_par' dir='ltr' id='par_1_21' title="bbox 1067 532 1717 568">
     <span class='ocr_line' id='line_1_21' title="bbox 1067 532 1717 568; baseline 0 -10"><span class='ocrx_word' id='word_1_132' title='bbox 1067 541 1113 558; x_wconf 87' lang='grc' dir='ltr'><strong>τον</strong></span> <span class='ocrx_word' id='word_1_133' title='bbox 1129 532 1185 567; x_wconf 75' lang='grc' dir='ltr'>ἔχει</span> <span class='ocrx_word' id='word_1_134' title='bbox 1201 532 1276 568; x_wconf 81' lang='grc' dir='ltr'>παρά</span> <span class='ocrx_word' id='word_1_135' title='bbox 1292 541 1323 566; x_wconf 85' lang='grc' dir='ltr'><strong>γε</strong></span> <span class='ocrx_word' id='word_1_136' title='bbox 1339 534 1392 563; x_wconf 86' lang='grc' dir='ltr'>τοῖς</span> <span class='ocrx_word' id='word_1_137' title='bbox 1410 533 1535 567; x_wconf 77' lang='grc' dir='ltr'>ἐχέφροσι</span> <span class='ocrx_word' id='word_1_138' title='bbox 1548 533 1594 558; x_wconf 82' lang='grc' dir='ltr'>τὸν</span> <span class='ocrx_word' id='word_1_139' title='bbox 1606 533 1717 568; x_wconf 74' lang='grc' dir='ltr'>ἔλεγχον</span> 
     </span>
    </p>
   </div>
   <div class='ocr_carea' id='block_1_22' title="bbox 473 589 1606 626">
    <p class='ocr_par' dir='ltr' id='par_1_22' title="bbox 473 589 1606 626">
     <span class='ocr_line' id='line_1_22' title="bbox 473 589 1606 626; baseline -0.004 -3"><span class='ocrx_word' id='word_1_140' title='bbox 473 595 539 623; x_wconf 77' lang='lat' dir='ltr'><strong>CAP.</strong></span> <span class='ocrx_word' id='word_1_141' title='bbox 559 594 616 621; x_wconf 77' lang='lat' dir='ltr'><strong>XV.</strong></span> <span class='ocrx_word' id='word_1_142' title='bbox 650 593 784 621; x_wconf 73' lang='lat' dir='ltr'><strong>Sententia</strong></span> <span class='ocrx_word' id='word_1_143' title='bbox 798 592 830 619; x_wconf 82' lang='lat' dir='ltr'><strong>de</strong></span> <span class='ocrx_word' id='word_1_144' title='bbox 844 592 954 618; x_wconf 79' lang='lat' dir='ltr'><strong>materia</strong></span> <span class='ocrx_word' id='word_1_145' title='bbox 967 589 1108 624; x_wconf 78' lang='lat' dir='ltr'><strong>refutatur.</strong></span> <span class='ocrx_word' id='word_1_146' title='bbox 1122 589 1163 616; x_wconf 79' lang='lat' dir='ltr'><strong>An</strong></span> <span class='ocrx_word' id='word_1_147' title='bbox 1178 589 1262 616; x_wconf 87' lang='lat' dir='ltr'><strong>Satan</strong></span> <span class='ocrx_word' id='word_1_148' title='bbox 1276 591 1310 616; x_wconf 79' lang='lat' dir='ltr'><strong>sit</strong></span> <span class='ocrx_word' id='word_1_149' title='bbox 1323 590 1435 617; x_wconf 78' lang='lat' dir='ltr'><strong>deterior</strong></span> <span class='ocrx_word' id='word_1_150' title='bbox 1454 599 1531 626; x_wconf 84' lang='lat' dir='ltr'><strong>quam</strong></span> <span class='ocrx_word' id='word_1_151' title='bbox 1546 591 1606 624; x_wconf 79' lang='lat' dir='ltr'><strong>fuit.</strong></span> 
     </span>
    </p>
   </div>
   <div class='ocr_carea' id='block_1_23' title="bbox 270 649 1014 688">
    <p class='ocr_par' dir='ltr' id='par_1_23' title="bbox 270 649 1014 688">
     <span class='ocr_line' id='line_1_23' title="bbox 270 649 1014 688; baseline -0.012 -5"><span class='ocrx_word' id='word_1_152' title='bbox 270 656 343 683; x_wconf 81' lang='lat' dir='ltr'><strong>Satis</strong></span> <span class='ocrx_word' id='word_1_153' title='bbox 358 659 447 682; x_wconf 84' lang='lat' dir='ltr'><strong>autem</strong></span> <span class='ocrx_word' id='word_1_154' title='bbox 465 658 534 685; x_wconf 90' lang='lat' dir='ltr'><strong>erat,</strong></span> <span class='ocrx_word' id='word_1_155' title='bbox 551 657 693 688; x_wconf 86' lang='lat' dir='ltr'><strong>postquam</strong></span> <span class='ocrx_word' id='word_1_156' title='bbox 711 659 766 679; x_wconf 93' lang='lat' dir='ltr'><strong>non</strong></span> <span class='ocrx_word' id='word_1_157' title='bbox 789 651 879 678; x_wconf 89' lang='lat' dir='ltr'><strong>minus</strong></span> <span class='ocrx_word' id='word_1_158' title='bbox 899 649 1014 676; x_wconf 86' lang='lat' dir='ltr'><strong>demon-</strong></span> 
     </span>
    </p>
   </div>
   <div class='ocr_carea' id='block_1_24' title="bbox 235 697 1015 734">
    <p class='ocr_par' dir='ltr' id='par_1_24' title="bbox 235 697 1015 734">
     <span class='ocr_line' id='line_1_24' title="bbox 235 697 1015 734; baseline -0.012 -5"><span class='ocrx_word' id='word_1_159' title='bbox 235 705 352 730; x_wconf 83' lang='lat' dir='ltr'><strong>stratum</strong></span> <span class='ocrx_word' id='word_1_160' title='bbox 371 705 414 728; x_wconf 89' lang='lat' dir='ltr'><strong>est</strong></span> <span class='ocrx_word' id='word_1_161' title='bbox 430 707 600 734; x_wconf 80' lang='lat' dir='ltr'><strong>nequaquam</strong></span> <span class='ocrx_word' id='word_1_162' title='bbox 623 699 677 725; x_wconf 91' lang='lat' dir='ltr'><strong>duo</strong></span> <span class='ocrx_word' id='word_1_163' title='bbox 701 697 834 732; x_wconf 88' lang='lat' dir='ltr'><strong>principia</strong></span> <span class='ocrx_word' id='word_1_164' title='bbox 855 703 928 727; x_wconf 78' lang='lat' dir='ltr'><strong>esse,</strong></span> <span class='ocrx_word' id='word_1_165' title='bbox 946 701 1015 729; x_wconf 74' lang='lat' dir='ltr'><strong>pne-</strong></span> 
     </span>
    </p>
   </div>
   <div class='ocr_carea' id='block_1_25' title="bbox 235 740 1015 776">
    <p class='ocr_par' dir='ltr' id='par_1_25' title="bbox 235 740 1015 776">
     <span class='ocr_line' id='line_1_25' title="bbox 235 740 1015 776; baseline -0.012 -3"><span class='ocrx_word' id='word_1_166' title='bbox 235 746 328 774; x_wconf 90' lang='lat' dir='ltr'><strong>sertim</strong></span> <span class='ocrx_word' id='word_1_167' title='bbox 357 745 504 775; x_wconf 83' lang='lat' dir='ltr'><strong>contraria,</strong></span> <span class='ocrx_word' id='word_1_168' title='bbox 532 743 565 770; x_wconf 87' lang='lat' dir='ltr'><strong>de</strong></span> <span class='ocrx_word' id='word_1_169' title='bbox 593 743 700 770; x_wconf 88' lang='lat' dir='ltr'><strong>homine</strong></span> <span class='ocrx_word' id='word_1_170' title='bbox 724 741 779 776; x_wconf 89' lang='lat' dir='ltr'><strong>iam</strong></span> <span class='ocrx_word' id='word_1_171' title='bbox 803 744 830 768; x_wconf 89' lang='lat' dir='ltr'><strong>et</strong></span> <span class='ocrx_word' id='word_1_172' title='bbox 853 740 887 767; x_wconf 91' lang='lat' dir='ltr'><strong>de</strong></span> <span class='ocrx_word' id='word_1_173' title='bbox 913 740 1015 773; x_wconf 82' lang='lat' dir='ltr'><strong>reliqua</strong></span> 
     </span>
    </p>
   </div>
   <div class='ocr_carea' id='block_1_26' title="bbox 235 790 539 817">
    <p class='ocr_par' dir='ltr' id='par_1_26' title="bbox 235 790 539 817">
     <span class='ocr_line' id='line_1_26' title="bbox 235 790 539 817; baseline -0.007 0"><span class='ocrx_word' id='word_1_174' title='bbox 235 791 339 817; x_wconf 70' lang='lat' dir='ltr'><strong>fabrica</strong></span> <span class='ocrx_word' id='word_1_175' title='bbox 370 790 506 817; x_wconf 84' lang='lat' dir='ltr'><strong>disserere</strong></span> <span class='ocrx_word' id='word_1_176' title='bbox 533 796 539 815; x_wconf 91' lang='lat'>:</span> 
     </span>
    </p>
   </div>
   <div class='ocr_carea' id='block_1_27' title="bbox 235 831 1014 868">
    <p class='ocr_par' dir='ltr' id='par_1_27' title="bbox 235 831 1014 868">
     <span class='ocr_line' id='line_1_27' title="bbox 235 831 1014 868; baseline -0.009 -5"><span class='ocrx_word' id='word_1_177' title='bbox 235 836 449 866; x_wconf 80' lang='lat' dir='ltr'><strong>consideremus,</strong></span> <span class='ocrx_word' id='word_1_178' title='bbox 462 834 598 868; x_wconf 91' lang='lat' dir='ltr'><strong>quomodo</strong></span> <span class='ocrx_word' id='word_1_179' title='bbox 612 833 750 868; x_wconf 87' lang='lat' dir='ltr'><strong>proposita</strong></span> <span class='ocrx_word' id='word_1_180' title='bbox 761 831 927 859; x_wconf 83' lang='lat' dir='ltr'><strong>incredibilia</strong></span> <span class='ocrx_word' id='word_1_181' title='bbox 940 834 1014 857; x_wconf 84' lang='lat' dir='ltr'><strong>sunt.</strong></span> 
     </span>
    </p>
   </div>
   <div class='ocr_carea' id='block_1_28' title="bbox 236 875 1016 914">
    <p class='ocr_par' dir='ltr' id='par_1_28' title="bbox 236 875 1016 914">
     <span class='ocr_line' id='line_1_28' title="bbox 236 875 1016 914; baseline -0.008 -7"><span class='ocrx_word' id='word_1_182' title='bbox 236 880 394 911; x_wconf 84' lang='lat' dir='ltr'><strong>Ferebatur,</strong></span> <span class='ocrx_word' id='word_1_183' title='bbox 417 879 516 914; x_wconf 87' lang='lat' dir='ltr'><strong>inquit,</strong></span> <span class='ocrx_word' id='word_1_184' title='bbox 545 878 692 913; x_wconf 86' lang='lat' dir='ltr'><strong>aliquando</strong></span> <span class='ocrx_word' id='word_1_185' title='bbox 718 877 831 904; x_wconf 85' lang='lat' dir='ltr'><strong>materia</strong></span> <span class='ocrx_word' id='word_1_186' title='bbox 861 875 1016 911; x_wconf 89' lang='lat' dir='ltr'><strong>perturbato</strong></span> 
     </span>
    </p>
   </div>
   <div class='ocr_carea' id='block_1_29' title="bbox 235 919 1017 959">
    <p class='ocr_par' dir='ltr' id='par_1_29' title="bbox 235 919 1017 959">
     <span class='ocr_line' id='line_1_29' title="bbox 235 919 1017 959; baseline -0.009 -6"><span class='ocrx_word' id='word_1_187' title='bbox 235 926 340 953; x_wconf 86' lang='lat' dir='ltr'><strong>ordine.</strong></span> <span class='ocrx_word' id='word_1_188' title='bbox 357 925 416 958; x_wconf 80' lang='lat' dir='ltr'><strong>Qua</strong></span> <span class='ocrx_word' id='word_1_189' title='bbox 431 925 536 952; x_wconf 90' lang='lat' dir='ltr'><strong>ordinis</strong></span> <span class='ocrx_word' id='word_1_190' title='bbox 550 923 771 959; x_wconf 84' lang='lat' dir='ltr'><strong>perturbatione?</strong></span> <span class='ocrx_word' id='word_1_191' title='bbox 784 930 818 948; x_wconf 87' lang='lat' dir='ltr'><strong>an</strong></span> <span class='ocrx_word' id='word_1_192' title='bbox 836 929 927 948; x_wconf 86' lang='lat' dir='ltr'><strong>secum</strong></span> <span class='ocrx_word' id='word_1_193' title='bbox 939 919 1017 948; x_wconf 85' lang='lat' dir='ltr'><strong>sola?</strong></span> 
     </span>
    </p>
   </div>
   <div class='ocr_carea' id='block_1_30' title="bbox 235 967 1017 1005">
    <p class='ocr_par' dir='ltr' id='par_1_30' title="bbox 235 967 1017 1005">
     <span class='ocr_line' id='line_1_30' title="bbox 235 967 1017 1005; baseline -0.008 -7"><span class='ocrx_word' id='word_1_194' title='bbox 235 979 270 998; x_wconf 87' lang='lat' dir='ltr'><strong>an</strong></span> <span class='ocrx_word' id='word_1_195' title='bbox 295 975 389 998; x_wconf 87' lang='lat' dir='ltr'><strong>contra</strong></span> <span class='ocrx_word' id='word_1_196' title='bbox 412 969 549 1005; x_wconf 81' lang='lat' dir='ltr'><strong>aliquem?</strong></span> <span class='ocrx_word' id='word_1_197' title='bbox 567 969 656 996; x_wconf 89' lang='lat' dir='ltr'><strong>omnis</strong></span> <span class='ocrx_word' id='word_1_198' title='bbox 670 969 742 995; x_wconf 90' lang='lat' dir='ltr'><strong>enim</strong></span> <span class='ocrx_word' id='word_1_199' title='bbox 758 967 889 1002; x_wconf 85' lang='lat' dir='ltr'><strong>iniustitia</strong></span> <span class='ocrx_word' id='word_1_200' title='bbox 906 973 960 993; x_wconf 91' lang='lat' dir='ltr'><strong>non</strong></span> <span class='ocrx_word' id='word_1_201' title='bbox 975 969 1017 993; x_wconf 83' lang='lat' dir='ltr'><strong>est</strong></span> 
     </span>
    </p>
   </div>
   <div class='ocr_carea' id='block_1_31' title="bbox 235 1012 1015 1050">
    <p class='ocr_par' dir='ltr' id='par_1_31' title="bbox 235 1012 1015 1050">
     <span class='ocr_line' id='line_1_31' title="bbox 235 1012 1015 1050; baseline -0.005 -8"><span class='ocrx_word' id='word_1_202' title='bbox 235 1016 280 1043; x_wconf 89' lang='lat' dir='ltr'><strong>sui</strong></span> <span class='ocrx_word' id='word_1_203' title='bbox 302 1016 460 1050; x_wconf 88' lang='lat' dir='ltr'><strong>iniustitia;</strong></span> <span class='ocrx_word' id='word_1_204' title='bbox 488 1015 536 1043; x_wconf 88' lang='lat' dir='ltr'><strong>sed</strong></span> <span class='ocrx_word' id='word_1_205' title='bbox 565 1015 651 1042; x_wconf 87' lang='lat' dir='ltr'><strong>altero</strong></span> <span class='ocrx_word' id='word_1_206' title='bbox 672 1014 784 1048; x_wconf 78' lang='lat' dir='ltr'><strong>indiget,</strong></span> <span class='ocrx_word' id='word_1_207' title='bbox 810 1013 836 1040; x_wconf 92' lang='lat' dir='ltr'><strong>in</strong></span> <span class='ocrx_word' id='word_1_208' title='bbox 859 1019 939 1047; x_wconf 86' lang='lat' dir='ltr'><strong>quem</strong></span> <span class='ocrx_word' id='word_1_209' title='bbox 962 1012 1015 1038; x_wconf 85' lang='lat' dir='ltr'><strong>ﬁat.</strong></span> 
     </span>
    </p>
   </div>
   <div class='ocr_carea' id='block_1_32' title="bbox 234 1057 1018 1096">
    <p class='ocr_par' dir='ltr' id='par_1_32' title="bbox 234 1057 1018 1096">
     <span class='ocr_line' id='line_1_32' title="bbox 234 1057 1018 1096; baseline -0.006 -8"><span class='ocrx_word' id='word_1_210' title='bbox 234 1061 284 1088; x_wconf 85' lang='lat' dir='ltr'><strong>Cui</strong></span> <span class='ocrx_word' id='word_1_211' title='bbox 297 1061 380 1096; x_wconf 78' lang='lat' dir='ltr'><strong>igitur</strong></span> <span class='ocrx_word' id='word_1_212' title='bbox 394 1068 450 1088; x_wconf 92' lang='lat' dir='ltr'><strong>non</strong></span> <span class='ocrx_word' id='word_1_213' title='bbox 465 1064 524 1088; x_wconf 88' lang='lat' dir='ltr'><strong>erat</strong></span> <span class='ocrx_word' id='word_1_214' title='bbox 538 1059 719 1088; x_wconf 80' lang='lat' dir='ltr'><strong>communitas</strong></span> <span class='ocrx_word' id='word_1_215' title='bbox 729 1067 792 1086; x_wconf 90' lang='lat' dir='ltr'><strong>cum</strong></span> <span class='ocrx_word' id='word_1_216' title='bbox 807 1058 860 1085; x_wconf 90' lang='lat' dir='ltr'><strong>alio</strong></span> <span class='ocrx_word' id='word_1_217' title='bbox 872 1066 880 1091; x_wconf 86' lang='lat'>;</span> <span class='ocrx_word' id='word_1_218' title='bbox 895 1057 922 1084; x_wconf 88' lang='lat' dir='ltr'><strong>in</strong></span> <span class='ocrx_word' id='word_1_219' title='bbox 936 1065 1018 1092; x_wconf 83' lang='lat' dir='ltr'><strong>quem</strong></span> 
     </span>
    </p>
   </div>
   <div class='ocr_carea' id='block_1_33' title="bbox 236 1103 1019 1141">
    <p class='ocr_par' dir='ltr' id='par_1_33' title="bbox 236 1103 1019 1141">
     <span class='ocr_line' id='line_1_33' title="bbox 236 1103 1019 1141; baseline -0.005 -8"><span class='ocrx_word' id='word_1_220' title='bbox 236 1106 394 1141; x_wconf 87' lang='lat' dir='ltr'><strong>perturbato</strong></span> <span class='ocrx_word' id='word_1_221' title='bbox 416 1105 511 1134; x_wconf 87' lang='lat' dir='ltr'><strong>ordine</strong></span> <span class='ocrx_word' id='word_1_222' title='bbox 535 1104 695 1133; x_wconf 77' lang='lat' dir='ltr'><strong>ferebatur?</strong></span> <span class='ocrx_word' id='word_1_223' title='bbox 709 1108 756 1131; x_wconf 86' lang='lat' dir='ltr'><strong>aut</strong></span> <span class='ocrx_word' id='word_1_224' title='bbox 770 1111 830 1140; x_wconf 69' lang='lat' dir='ltr'><strong>quae</strong></span> <span class='ocrx_word' id='word_1_225' title='bbox 846 1103 916 1130; x_wconf 80' lang='lat' dir='ltr'><strong>ratio</strong></span> <span class='ocrx_word' id='word_1_226' title='bbox 931 1103 1019 1138; x_wconf 80' lang='lat' dir='ltr'><strong>ipsius</strong></span> 
     </span>
    </p>
   </div>
   <div class='ocr_carea' id='block_1_34' title="bbox 236 1152 466 1186">
    <p class='ocr_par' dir='ltr' id='par_1_34' title="bbox 236 1152 466 1186">
     <span class='ocr_line' id='line_1_34' title="bbox 236 1152 466 1186; baseline -0.004 -7"><span class='ocrx_word' id='word_1_227' title='bbox 236 1152 466 1186; x_wconf 87' lang='lat' dir='ltr'><strong>perturbationis?</strong></span> 
     </span>
    </p>
   </div>
   <div class='ocr_carea' id='block_1_35' title="bbox 271 1193 1017 1232">
    <p class='ocr_par' dir='ltr' id='par_1_35' title="bbox 271 1193 1017 1232">
     <span class='ocr_line' id='line_1_35' title="bbox 271 1193 1017 1232; baseline -0.007 -7"><span class='ocrx_word' id='word_1_228' title='bbox 271 1197 426 1225; x_wconf 81' lang='lat' dir='ltr'><strong>Generabat</strong></span> <span class='ocrx_word' id='word_1_229' title='bbox 437 1196 546 1232; x_wconf 88' lang='lat' dir='ltr'><strong>quidem</strong></span> <span class='ocrx_word' id='word_1_230' title='bbox 562 1197 679 1231; x_wconf 90' lang='lat' dir='ltr'><strong>primum</strong></span> <span class='ocrx_word' id='word_1_231' title='bbox 692 1195 813 1230; x_wconf 86' lang='lat' dir='ltr'><strong>nequitia</strong></span> <span class='ocrx_word' id='word_1_232' title='bbox 832 1193 1017 1229; x_wconf 78' lang='lat' dir='ltr'><strong>progrediens,</strong></span> 
     </span>
    </p>
   </div>
   <div class='ocr_carea' id='block_1_36' title="bbox 235 1241 1018 1278">
    <p class='ocr_par' dir='ltr' id='par_1_36' title="bbox 235 1241 1018 1278">
     <span class='ocr_line' id='line_1_36' title="bbox 235 1241 1018 1278; baseline -0.004 -8"><span class='ocrx_word' id='word_1_233' title='bbox 235 1247 262 1269; x_wconf 88' lang='lat' dir='ltr'><strong>et</strong></span> <span class='ocrx_word' id='word_1_234' title='bbox 288 1243 430 1270; x_wconf 83' lang='lat' dir='ltr'><strong>crescebat</strong></span> <span class='ocrx_word' id='word_1_235' title='bbox 455 1251 462 1269; x_wconf 88' lang='lat'><strong>:</strong></span> <span class='ocrx_word' id='word_1_236' title='bbox 490 1243 573 1278; x_wconf 74' lang='lat' dir='ltr'><strong>igitur</strong></span> <span class='ocrx_word' id='word_1_237' title='bbox 600 1241 720 1276; x_wconf 75' lang='lat' dir='ltr'><strong>ingenita</strong></span> <span class='ocrx_word' id='word_1_238' title='bbox 742 1241 900 1276; x_wconf 79' lang='lat' dir='ltr'><strong>generabat.</strong></span> <span class='ocrx_word' id='word_1_239' title='bbox 918 1245 945 1268; x_wconf 89' lang='lat' dir='ltr'><strong>et</strong></span> <span class='ocrx_word' id='word_1_240' title='bbox 963 1247 1018 1267; x_wconf 87' lang='lat' dir='ltr'><strong>non</strong></span> 
     </span>
    </p>
   </div>
   <div class='ocr_carea' id='block_1_37' title="bbox 236 1285 1016 1322">
    <p class='ocr_par' dir='ltr' id='par_1_37' title="bbox 236 1285 1016 1322">
     <span class='ocr_line' id='line_1_37' title="bbox 236 1285 1016 1322; baseline -0.003 -8"><span class='ocrx_word' id='word_1_241' title='bbox 236 1288 287 1315; x_wconf 82' lang='lat' dir='ltr'><strong>erit</strong></span> <span class='ocrx_word' id='word_1_242' title='bbox 311 1289 388 1316; x_wconf 88' lang='lat' dir='ltr'><strong>locus</strong></span> <span class='ocrx_word' id='word_1_243' title='bbox 410 1288 528 1318; x_wconf 85' lang='lat' dir='ltr'><strong>dicendi.</strong></span> <span class='ocrx_word' id='word_1_244' title='bbox 553 1291 682 1314; x_wconf 64' lang='grc' dir='ltr'>αξιοι-ηοω</span> <span class='ocrx_word' id='word_1_245' title='bbox 707 1286 808 1322; x_wconf 87' lang='lat' dir='ltr'><strong>aliquid</strong></span> <span class='ocrx_word' id='word_1_246' title='bbox 824 1286 885 1314; x_wconf 87' lang='lat' dir='ltr'><strong>novi</strong></span> <span class='ocrx_word' id='word_1_247' title='bbox 899 1285 987 1319; x_wconf 79' lang='lat' dir='ltr'><strong>moliri</strong></span> <span class='ocrx_word' id='word_1_248' title='bbox 1009 1293 1016 1312; x_wconf 90' lang='lat'><strong>:</strong></span> 
     </span>
    </p>
   </div>
   <div class='ocr_carea' id='block_1_38' title="bbox 237 1333 1017 1368">
    <p class='ocr_par' dir='ltr' id='par_1_38' title="bbox 237 1333 1017 1368">
     <span class='ocr_line' id='line_1_38' title="bbox 237 1333 1017 1368; baseline -0.004 -7"><span class='ocrx_word' id='word_1_249' title='bbox 237 1338 283 1361; x_wconf 88' lang='lat' dir='ltr'><strong>aut</strong></span> <span class='ocrx_word' id='word_1_250' title='bbox 313 1334 385 1362; x_wconf 90' lang='lat' dir='ltr'><strong>enim</strong></span> <span class='ocrx_word' id='word_1_251' title='bbox 414 1338 512 1361; x_wconf 79' lang='lat' dir='ltr'><strong>natura</strong></span> <span class='ocrx_word' id='word_1_252' title='bbox 540 1334 677 1365; x_wconf 85' lang='lat' dir='ltr'><strong>molietur,</strong></span> <span class='ocrx_word' id='word_1_253' title='bbox 703 1337 784 1368; x_wconf 88' lang='lat' dir='ltr'><strong>atque</strong></span> <span class='ocrx_word' id='word_1_254' title='bbox 809 1333 845 1359; x_wconf 88' lang='lat' dir='ltr'><strong>ita</strong></span> <span class='ocrx_word' id='word_1_255' title='bbox 878 1340 1017 1367; x_wconf 88' lang='lat' dir='ltr'><strong>nunquam</strong></span> 
     </span>
    </p>
   </div>
   <div class='ocr_carea' id='block_1_39' title="bbox 238 1377 1019 1406">
    <p class='ocr_par' dir='ltr' id='par_1_39' title="bbox 238 1377 1019 1406">
     <span class='ocr_line' id='line_1_39' title="bbox 238 1377 1019 1406; baseline -0.004 -1"><span class='ocrx_word' id='word_1_256' title='bbox 238 1379 383 1406; x_wconf 82' lang='lat' dir='ltr'><strong>intermisit</strong></span> <span class='ocrx_word' id='word_1_257' title='bbox 404 1386 495 1405; x_wconf 79' lang='lat' dir='ltr'><strong>rerum</strong></span> <span class='ocrx_word' id='word_1_258' title='bbox 518 1386 649 1404; x_wconf 77' lang='lat' dir='ltr'><strong>novarum</strong></span> <span class='ocrx_word' id='word_1_259' title='bbox 671 1378 838 1405; x_wconf 84' lang='lat' dir='ltr'><strong>molitionem</strong></span> <span class='ocrx_word' id='word_1_260' title='bbox 863 1387 869 1404; x_wconf 87' lang='lat'>:</span> <span class='ocrx_word' id='word_1_261' title='bbox 892 1377 915 1404; x_wconf 87' lang='lat' dir='ltr'><strong>si</strong></span> <span class='ocrx_word' id='word_1_262' title='bbox 937 1377 1019 1403; x_wconf 89' lang='lat' dir='ltr'><strong>modo</strong></span> 
     </span>
    </p>
   </div>
   <div class='ocr_carea' id='block_1_40' title="bbox 237 1423 1015 1458">
    <p class='ocr_par' dir='ltr' id='par_1_40' title="bbox 237 1423 1015 1458">
     <span class='ocr_line' id='line_1_40' title="bbox 237 1423 1015 1458; baseline -0.001 -8"><span class='ocrx_word' id='word_1_263' title='bbox 237 1424 374 1458; x_wconf 84' lang='lat' dir='ltr'><strong>appellare</strong></span> <span class='ocrx_word' id='word_1_264' title='bbox 407 1427 515 1458; x_wconf 84' lang='lat' dir='ltr'><strong>oportet</strong></span> <span class='ocrx_word' id='word_1_265' title='bbox 549 1431 680 1451; x_wconf 90' lang='lat' dir='ltr'><strong>novarum</strong></span> <span class='ocrx_word' id='word_1_266' title='bbox 710 1431 801 1450; x_wconf 87' lang='lat' dir='ltr'><strong>rerum</strong></span> <span class='ocrx_word' id='word_1_267' title='bbox 830 1423 1015 1454; x_wconf 91' lang='lat' dir='ltr'><strong>molitionem,</strong></span> 
     </span>
    </p>
   </div>
   <div class='ocr_carea' id='block_1_41' title="bbox 237 1468 1016 1505">
    <p class='ocr_par' dir='ltr' id='par_1_41' title="bbox 237 1468 1016 1505">
     <span class='ocr_line' id='line_1_41' title="bbox 237 1468 1016 1505; baseline -0.003 -9"><span class='ocrx_word' id='word_1_268' title='bbox 237 1474 334 1497; x_wconf 90' lang='lat' dir='ltr'><strong>contra</strong></span> <span class='ocrx_word' id='word_1_269' title='bbox 355 1477 435 1505; x_wconf 88' lang='lat' dir='ltr'><strong>quam</strong></span> <span class='ocrx_word' id='word_1_270' title='bbox 455 1469 592 1504; x_wconf 77' lang='lat' dir='ltr'><strong>negotium</strong></span> <span class='ocrx_word' id='word_1_271' title='bbox 617 1477 631 1495; x_wconf 89' lang='lat' dir='ltr'><strong>a</strong></span> <span class='ocrx_word' id='word_1_272' title='bbox 653 1468 707 1496; x_wconf 87' lang='lat' dir='ltr'><strong>Deo</strong></span> <span class='ocrx_word' id='word_1_273' title='bbox 729 1473 883 1503; x_wconf 75' lang='lat' dir='ltr'><strong>susceptum</strong></span> <span class='ocrx_word' id='word_1_274' title='bbox 907 1469 1016 1495; x_wconf 84' lang='lat' dir='ltr'><strong>minime</strong></span> 
     </span>
    </p>
   </div>
   <div class='ocr_carea' id='block_1_42' title="bbox 237 1511 1018 1548">
    <p class='ocr_par' dir='ltr' id='par_1_42' title="bbox 237 1511 1018 1548">
     <span class='ocr_line' id='line_1_42' title="bbox 237 1511 1018 1548; baseline -0.003 -8"><span class='ocrx_word' id='word_1_275' title='bbox 237 1513 400 1548; x_wconf 87' lang='lat' dir='ltr'><strong>principium</strong></span> <span class='ocrx_word' id='word_1_276' title='bbox 413 1513 547 1546; x_wconf 88' lang='lat' dir='ltr'><strong>temporis</strong></span> <span class='ocrx_word' id='word_1_277' title='bbox 558 1512 675 1544; x_wconf 84' lang='lat' dir='ltr'><strong>habeat;</strong></span> <span class='ocrx_word' id='word_1_278' title='bbox 691 1517 736 1538; x_wconf 91' lang='lat' dir='ltr'><strong>aut</strong></span> <span class='ocrx_word' id='word_1_279' title='bbox 753 1512 776 1539; x_wconf 90' lang='lat' dir='ltr'><strong>si</strong></span> <span class='ocrx_word' id='word_1_280' title='bbox 793 1512 843 1538; x_wconf 84' lang='lat' dir='ltr'><strong>hoc</strong></span> <span class='ocrx_word' id='word_1_281' title='bbox 854 1511 1018 1546; x_wconf 77' lang='lat' dir='ltr'><strong>cogitatione</strong></span> 
     </span>
    </p>
   </div>
   <div class='ocr_carea' id='block_1_43' title="bbox 239 1557 1018 1592">
    <p class='ocr_par' dir='ltr' id='par_1_43' title="bbox 239 1557 1018 1592">
     <span class='ocr_line' id='line_1_43' title="bbox 239 1557 1018 1592; baseline -0.004 -7"><span class='ocrx_word' id='word_1_282' title='bbox 239 1562 318 1586; x_wconf 88' lang='lat' dir='ltr'><strong>utens</strong></span> <span class='ocrx_word' id='word_1_283' title='bbox 340 1557 414 1590; x_wconf 76' lang='lat' dir='ltr'><strong>facit,</strong></span> <span class='ocrx_word' id='word_1_284' title='bbox 441 1558 571 1584; x_wconf 88' lang='lat' dir='ltr'><strong>rationem</strong></span> <span class='ocrx_word' id='word_1_285' title='bbox 598 1557 680 1584; x_wconf 83' lang='lat' dir='ltr'><strong>habet</strong></span> <span class='ocrx_word' id='word_1_286' title='bbox 700 1562 728 1585; x_wconf 90' lang='lat' dir='ltr'><strong>et</strong></span> <span class='ocrx_word' id='word_1_287' title='bbox 748 1557 930 1592; x_wconf 75' lang='lat' dir='ltr'><strong>cognitionem</strong></span> <span class='ocrx_word' id='word_1_288' title='bbox 957 1566 963 1583; x_wconf 89' lang='lat'><strong>:</strong></span> <span class='ocrx_word' id='word_1_289' title='bbox 992 1560 1018 1583; x_wconf 90' lang='lat' dir='ltr'><strong>et</strong></span> 
     </span>
    </p>
   </div>
   <div class='ocr_carea' id='block_1_44' title="bbox 237 1601 1019 1639">
    <p class='ocr_par' dir='ltr' id='par_1_44' title="bbox 237 1601 1019 1639">
     <span class='ocr_line' id='line_1_44' title="bbox 237 1601 1019 1639; baseline -0.003 -8"><span class='ocrx_word' id='word_1_290' title='bbox 237 1611 332 1632; x_wconf 87' lang='lat' dir='ltr'><strong>eversa</strong></span> <span class='ocrx_word' id='word_1_291' title='bbox 358 1608 400 1631; x_wconf 84' lang='lat' dir='ltr'><strong>est</strong></span> <span class='ocrx_word' id='word_1_292' title='bbox 421 1611 504 1630; x_wconf 85' lang='lat' dir='ltr'><strong>causa</strong></span> <span class='ocrx_word' id='word_1_293' title='bbox 530 1603 658 1639; x_wconf 77' lang='lat' dir='ltr'><strong>nequitia:</strong></span> <span class='ocrx_word' id='word_1_294' title='bbox 679 1603 782 1630; x_wconf 85' lang='lat' dir='ltr'><strong>ratione</strong></span> <span class='ocrx_word' id='word_1_295' title='bbox 804 1602 931 1630; x_wconf 77' lang='lat' dir='ltr'><strong>carentis.</strong></span> <span class='ocrx_word' id='word_1_296' title='bbox 956 1601 1019 1629; x_wconf 82' lang='lat' dir='ltr'><strong>Sive</strong></span> 
     </span>
    </p>
   </div>
   <div class='ocr_carea' id='block_1_45' title="bbox 238 1647 1018 1684">
    <p class='ocr_par' dir='ltr' id='par_1_45' title="bbox 238 1647 1018 1684">
     <span class='ocr_line' id='line_1_45' title="bbox 238 1647 1018 1684; baseline -0.004 -7"><span class='ocrx_word' id='word_1_297' title='bbox 238 1649 321 1684; x_wconf 81' lang='lat' dir='ltr'><strong>igitur</strong></span> <span class='ocrx_word' id='word_1_298' title='bbox 349 1649 559 1676; x_wconf 85' lang='lat' dir='ltr'><strong>ratiocinatione</strong></span> <span class='ocrx_word' id='word_1_299' title='bbox 587 1653 685 1680; x_wconf 87' lang='lat' dir='ltr'><strong>utens,</strong></span> <span class='ocrx_word' id='word_1_300' title='bbox 715 1648 771 1676; x_wconf 84' lang='lat' dir='ltr'><strong>sive</strong></span> <span class='ocrx_word' id='word_1_301' title='bbox 804 1652 878 1674; x_wconf 90' lang='lat' dir='ltr'><strong>motu</strong></span> <span class='ocrx_word' id='word_1_302' title='bbox 903 1647 1018 1675; x_wconf 84' lang='lat' dir='ltr'><strong>rationis</strong></span> 
     </span>
    </p>
   </div>
   <div class='ocr_carea' id='block_1_46' title="bbox 237 1693 1020 1730">
    <p class='ocr_par' dir='ltr' id='par_1_46' title="bbox 237 1693 1020 1730">
     <span class='ocr_line' id='line_1_46' title="bbox 237 1693 1020 1730; baseline -0.004 -8"><span class='ocrx_word' id='word_1_303' title='bbox 237 1698 348 1730; x_wconf 79' lang='lat' dir='ltr'><strong>experte</strong></span> <span class='ocrx_word' id='word_1_304' title='bbox 373 1695 533 1722; x_wconf 84' lang='lat' dir='ltr'><strong>seditionem</strong></span> <span class='ocrx_word' id='word_1_305' title='bbox 557 1695 651 1725; x_wconf 83' lang='lat' dir='ltr'><strong>movit,</strong></span> <span class='ocrx_word' id='word_1_306' title='bbox 678 1701 738 1728; x_wconf 64' lang='lat' dir='ltr'><strong>quae</strong></span> <span class='ocrx_word' id='word_1_307' title='bbox 764 1693 833 1720; x_wconf 84' lang='lat' dir='ltr'><strong>ratio</strong></span> <span class='ocrx_word' id='word_1_308' title='bbox 851 1693 962 1728; x_wconf 84' lang='lat' dir='ltr'><strong>patitur,</strong></span> <span class='ocrx_word' id='word_1_309' title='bbox 989 1698 1020 1720; x_wconf 89' lang='lat' dir='ltr'><strong>ut</strong></span> 
     </span>
    </p>
   </div>
   <div class='ocr_carea' id='block_1_47' title="bbox 238 1738 1018 1773">
    <p class='ocr_par' dir='ltr' id='par_1_47' title="bbox 238 1738 1018 1773">
     <span class='ocr_line' id='line_1_47' title="bbox 238 1738 1018 1773; baseline -0.001 -7"><span class='ocrx_word' id='word_1_310' title='bbox 238 1740 351 1768; x_wconf 88' lang='lat' dir='ltr'><strong>inﬁnitis</strong></span> <span class='ocrx_word' id='word_1_311' title='bbox 370 1740 477 1767; x_wconf 71' lang='lat' dir='ltr'><strong>saeculis</strong></span> <span class='ocrx_word' id='word_1_312' title='bbox 500 1740 612 1767; x_wconf 87' lang='lat' dir='ltr'><strong>dimissa</strong></span> <span class='ocrx_word' id='word_1_313' title='bbox 628 1740 663 1767; x_wconf 89' lang='lat' dir='ltr'><strong>sit</strong></span> <span class='ocrx_word' id='word_1_314' title='bbox 680 1739 835 1773; x_wconf 87' lang='lat' dir='ltr'><strong>huiusmodi</strong></span> <span class='ocrx_word' id='word_1_315' title='bbox 858 1738 1018 1766; x_wconf 83' lang='lat' dir='ltr'><strong>seditionem</strong></span> 
     </span>
    </p>
   </div>
   <div class='ocr_carea' id='block_1_48' title="bbox 238 1783 1018 1820">
    <p class='ocr_par' dir='ltr' id='par_1_48' title="bbox 238 1783 1018 1820">
     <span class='ocr_line' id='line_1_48' title="bbox 238 1783 1018 1820; baseline -0.004 -7"><span class='ocrx_word' id='word_1_316' title='bbox 238 1786 366 1813; x_wconf 79' lang='lat' dir='ltr'><strong>movere?</strong></span> <span class='ocrx_word' id='word_1_317' title='bbox 378 1794 411 1813; x_wconf 79' lang='lat' dir='ltr'><strong>ex</strong></span> <span class='ocrx_word' id='word_1_318' title='bbox 425 1793 481 1820; x_wconf 91' lang='lat' dir='ltr'><strong>quo</strong></span> <span class='ocrx_word' id='word_1_319' title='bbox 496 1785 568 1812; x_wconf 88' lang='lat' dir='ltr'><strong>enim</strong></span> <span class='ocrx_word' id='word_1_320' title='bbox 585 1784 650 1812; x_wconf 86' lang='lat' dir='ltr'><strong>dicit</strong></span> <span class='ocrx_word' id='word_1_321' title='bbox 671 1783 818 1811; x_wconf 83' lang='lat' dir='ltr'><strong>cohibitam</strong></span> <span class='ocrx_word' id='word_1_322' title='bbox 840 1787 867 1811; x_wconf 84' lang='lat' dir='ltr'><strong>et</strong></span> <span class='ocrx_word' id='word_1_323' title='bbox 887 1787 1018 1811; x_wconf 85' lang='lat' dir='ltr'><strong>retentam</strong></span> 
     </span>
    </p>
   </div>
   <div class='ocr_carea' id='block_1_49' title="bbox 237 1830 1019 1866">
    <p class='ocr_par' dir='ltr' id='par_1_49' title="bbox 237 1830 1019 1866">
     <span class='ocr_line' id='line_1_49' title="bbox 237 1830 1019 1866; baseline -0.004 -7"><span class='ocrx_word' id='word_1_324' title='bbox 237 1839 307 1864; x_wconf 85' lang='lat' dir='ltr'><strong>esse,</strong></span> <span class='ocrx_word' id='word_1_325' title='bbox 322 1836 451 1866; x_wconf 90' lang='lat' dir='ltr'><strong>punctum</strong></span> <span class='ocrx_word' id='word_1_326' title='bbox 471 1832 600 1866; x_wconf 88' lang='lat' dir='ltr'><strong>temporis</strong></span> <span class='ocrx_word' id='word_1_327' title='bbox 617 1831 726 1859; x_wconf 79' lang='lat' dir='ltr'><strong>ﬂuxisse</strong></span> <span class='ocrx_word' id='word_1_328' title='bbox 743 1831 901 1865; x_wconf 83' lang='lat' dir='ltr'><strong>reperietur,</strong></span> <span class='ocrx_word' id='word_1_329' title='bbox 917 1830 940 1858; x_wconf 88' lang='lat' dir='ltr'><strong>si</strong></span> <span class='ocrx_word' id='word_1_330' title='bbox 957 1837 1019 1856; x_wconf 88' lang='lat' dir='ltr'><strong>cum</strong></span> 
     </span>
    </p>
   </div>
   <div class='ocr_carea' id='block_1_50' title="bbox 238 1873 1018 1910">
    <p class='ocr_par' dir='ltr' id='par_1_50' title="bbox 238 1873 1018 1910">
     <span class='ocr_line' id='line_1_50' title="bbox 238 1873 1018 1910; baseline -0.005 -6"><span class='ocrx_word' id='word_1_331' title='bbox 238 1876 351 1904; x_wconf 88' lang='lat' dir='ltr'><strong>inﬁnitis</strong></span> <span class='ocrx_word' id='word_1_332' title='bbox 367 1877 474 1904; x_wconf 66' lang='lat' dir='ltr'><strong>saeculis</strong></span> <span class='ocrx_word' id='word_1_333' title='bbox 490 1876 634 1910; x_wconf 65' lang='lat' dir='ltr'><strong>praeteritis</strong></span> <span class='ocrx_word' id='word_1_334' title='bbox 650 1879 833 1910; x_wconf 86' lang='lat' dir='ltr'><strong>comparetur.</strong></span> <span class='ocrx_word' id='word_1_335' title='bbox 850 1873 927 1907; x_wconf 87' lang='lat' dir='ltr'><strong>Quod</strong></span> <span class='ocrx_word' id='word_1_336' title='bbox 947 1874 1018 1901; x_wconf 88' lang='lat' dir='ltr'><strong>enim</strong></span> 
     </span>
    </p>
   </div>
   <div class='ocr_carea' id='block_1_51' title="bbox 239 1921 1019 1956">
    <p class='ocr_par' dir='ltr' id='par_1_51' title="bbox 239 1921 1019 1956">
     <span class='ocr_line' id='line_1_51' title="bbox 239 1921 1019 1956; baseline -0.003 -8"><span class='ocrx_word' id='word_1_337' title='bbox 239 1921 334 1956; x_wconf 87' lang='lat' dir='ltr'><strong>incipit</strong></span> <span class='ocrx_word' id='word_1_338' title='bbox 348 1926 374 1948; x_wconf 87' lang='lat' dir='ltr'><strong>et</strong></span> <span class='ocrx_word' id='word_1_339' title='bbox 388 1922 526 1953; x_wconf 79' lang='lat' dir='ltr'><strong>terminat.</strong></span> <span class='ocrx_word' id='word_1_340' title='bbox 545 1921 651 1948; x_wconf 87' lang='lat' dir='ltr'><strong>ﬁnitum</strong></span> <span class='ocrx_word' id='word_1_341' title='bbox 663 1924 704 1948; x_wconf 88' lang='lat' dir='ltr'><strong>est</strong></span> <span class='ocrx_word' id='word_1_342' title='bbox 718 1929 724 1953; x_wconf 94' lang='lat'>;</span> <span class='ocrx_word' id='word_1_343' title='bbox 740 1921 785 1955; x_wconf 92' lang='lat' dir='ltr'><strong>qui</strong></span> <span class='ocrx_word' id='word_1_344' title='bbox 804 1923 893 1947; x_wconf 87' lang='lat' dir='ltr'><strong>autem</strong></span> <span class='ocrx_word' id='word_1_345' title='bbox 906 1925 970 1948; x_wconf 90' lang='lat' dir='ltr'><strong>sunt</strong></span> <span class='ocrx_word' id='word_1_346' title='bbox 987 1928 1019 1946; x_wconf 70' lang='lat' dir='ltr'><strong>e\’</strong></span> 
     </span>
    </p>
   </div>
   <div class='ocr_carea' id='block_1_52' title="bbox 238 1966 773 2001">
    <p class='ocr_par' dir='ltr' id='par_1_52' title="bbox 238 1966 773 2001">
     <span class='ocr_line' id='line_1_52' title="bbox 238 1966 773 2001; baseline -0.002 -7"><span class='ocrx_word' id='word_1_347' title='bbox 238 1971 295 1994; x_wconf 87' lang='lat' dir='ltr'><strong>toto</strong></span> <span class='ocrx_word' id='word_1_348' title='bbox 313 1967 410 1994; x_wconf 91' lang='lat' dir='ltr'><strong>inﬁniti</strong></span> <span class='ocrx_word' id='word_1_349' title='bbox 424 1968 516 1994; x_wconf 78' lang='lat' dir='ltr'><strong>aeterni</strong></span> <span class='ocrx_word' id='word_1_350' title='bbox 535 1972 598 1994; x_wconf 91' lang='lat' dir='ltr'><strong>sunt</strong></span> <span class='ocrx_word' id='word_1_351' title='bbox 613 1971 639 1994; x_wconf 87' lang='lat' dir='ltr'><strong>et</strong></span> <span class='ocrx_word' id='word_1_352' title='bbox 651 1966 773 2001; x_wconf 80' lang='lat' dir='ltr'><strong>ingeniti.</strong></span> 
     </span>
    </p>
   </div>
   <div class='ocr_carea' id='block_1_53' title="bbox 274 2011 1019 2045">
    <p class='ocr_par' dir='ltr' id='par_1_53' title="bbox 274 2011 1019 2045">
     <span class='ocr_line' id='line_1_53' title="bbox 274 2011 1019 2045; baseline -0.004 -5"><span class='ocrx_word' id='word_1_353' title='bbox 274 2013 417 2045; x_wconf 76' lang='lat' dir='ltr'><strong>Pra-terea,</strong></span> <span class='ocrx_word' id='word_1_354' title='bbox 440 2015 462 2041; x_wconf 90' lang='lat' dir='ltr'><strong>si</strong></span> <span class='ocrx_word' id='word_1_355' title='bbox 479 2013 686 2040; x_wconf 65' lang='lat' dir='ltr'><strong>ratiocinatione</strong></span> <span class='ocrx_word' id='word_1_356' title='bbox 710 2017 789 2040; x_wconf 87' lang='lat' dir='ltr'><strong>utens</strong></span> <span class='ocrx_word' id='word_1_357' title='bbox 808 2013 842 2039; x_wconf 91' lang='lat' dir='ltr'><strong>ad</strong></span> <span class='ocrx_word' id='word_1_358' title='bbox 860 2011 1019 2039; x_wconf 83' lang='lat' dir='ltr'><strong>seditionem</strong></span> 
     </span>
    </p>
   </div>
   <div class='ocr_carea' id='block_1_54' title="bbox 238 2058 1019 2094">
    <p class='ocr_par' dir='ltr' id='par_1_54' title="bbox 238 2058 1019 2094">
     <span class='ocr_line' id='line_1_54' title="bbox 238 2058 1019 2094; baseline -0.004 -8"><span class='ocrx_word' id='word_1_359' title='bbox 238 2059 455 2094; x_wconf 82' lang='lat' dir='ltr'><strong>depravabatur;</strong></span> <span class='ocrx_word' id='word_1_360' title='bbox 474 2059 609 2094; x_wconf 92' lang='lat' dir='ltr'><strong>quomodo</strong></span> <span class='ocrx_word' id='word_1_361' title='bbox 636 2067 690 2086; x_wconf 91' lang='lat' dir='ltr'><strong>non</strong></span> <span class='ocrx_word' id='word_1_362' title='bbox 716 2059 807 2094; x_wconf 90' lang='lat' dir='ltr'><strong>potius</strong></span> <span class='ocrx_word' id='word_1_363' title='bbox 828 2058 966 2094; x_wconf 80' lang='lat' dir='ltr'><strong>aggressio</strong></span> <span class='ocrx_word' id='word_1_364' title='bbox 982 2058 1019 2084; x_wconf 87' lang='lat' dir='ltr'><strong>rei</strong></span> 
     </span>
    </p>
   </div>
   <div class='ocr_carea' id='block_1_55' title="bbox 239 2103 1020 2140">
    <p class='ocr_par' dir='ltr' id='par_1_55' title="bbox 239 2103 1020 2140">
     <span class='ocr_line' id='line_1_55' title="bbox 239 2103 1020 2140; baseline -0.004 -8"><span class='ocrx_word' id='word_1_365' title='bbox 239 2114 300 2140; x_wconf 68' lang='lat' dir='ltr'><strong>qua:</strong></span> <span class='ocrx_word' id='word_1_366' title='bbox 319 2105 376 2132; x_wconf 90' lang='lat' dir='ltr'><strong>ﬁeri</strong></span> <span class='ocrx_word' id='word_1_367' title='bbox 395 2113 449 2132; x_wconf 92' lang='lat' dir='ltr'><strong>non</strong></span> <span class='ocrx_word' id='word_1_368' title='bbox 472 2109 589 2140; x_wconf 81' lang='lat' dir='ltr'><strong>poterat,</strong></span> <span class='ocrx_word' id='word_1_369' title='bbox 610 2105 762 2140; x_wconf 85' lang='lat' dir='ltr'><strong>interrupta</strong></span> <span class='ocrx_word' id='word_1_370' title='bbox 783 2109 810 2132; x_wconf 89' lang='lat' dir='ltr'><strong>et</strong></span> <span class='ocrx_word' id='word_1_371' title='bbox 831 2104 949 2132; x_wconf 88' lang='lat' dir='ltr'><strong>rescissa</strong></span> <span class='ocrx_word' id='word_1_372' title='bbox 963 2103 1020 2131; x_wconf 88' lang='lat' dir='ltr'><strong>est?</strong></span> 
     </span>
    </p>
   </div>
   <div class='ocr_carea' id='block_1_56' title="bbox 239 2149 1019 2186">
    <p class='ocr_par' dir='ltr' id='par_1_56' title="bbox 239 2149 1019 2186">
     <span class='ocr_line' id='line_1_56' title="bbox 239 2149 1019 2186; baseline -0.004 -8"><span class='ocrx_word' id='word_1_373' title='bbox 239 2155 368 2186; x_wconf 87' lang='lat' dir='ltr'><strong>tanquam</strong></span> <span class='ocrx_word' id='word_1_374' title='bbox 382 2159 435 2178; x_wconf 88' lang='lat' dir='ltr'><strong>non</strong></span> <span class='ocrx_word' id='word_1_375' title='bbox 447 2156 538 2186; x_wconf 88' lang='lat' dir='ltr'><strong>posset</strong></span> <span class='ocrx_word' id='word_1_376' title='bbox 549 2155 644 2178; x_wconf 87' lang='lat' dir='ltr'><strong>contra</strong></span> <span class='ocrx_word' id='word_1_377' title='bbox 658 2151 817 2186; x_wconf 81' lang='lat' dir='ltr'><strong>sapientiam</strong></span> <span class='ocrx_word' id='word_1_378' title='bbox 831 2150 960 2176; x_wconf 91' lang='lat' dir='ltr'><strong>invictam</strong></span> <span class='ocrx_word' id='word_1_379' title='bbox 977 2149 1019 2175; x_wconf 92' lang='lat' dir='ltr'><strong>in-</strong></span> 
     </span>
    </p>
   </div>
   <div class='ocr_carea' id='block_1_57' title="bbox 239 2196 1020 2227">
    <p class='ocr_par' dir='ltr' id='par_1_57' title="bbox 239 2196 1020 2227">
     <span class='ocr_line' id='line_1_57' title="bbox 239 2196 1020 2227; baseline -0.003 -4"><span class='ocrx_word' id='word_1_380' title='bbox 239 2198 391 2225; x_wconf 83' lang='lat' dir='ltr'><strong>cursionem</strong></span> <span class='ocrx_word' id='word_1_381' title='bbox 405 2197 512 2225; x_wconf 81' lang='lat' dir='ltr'><strong>facere?</strong></span> <span class='ocrx_word' id='word_1_382' title='bbox 528 2197 598 2224; x_wconf 91' lang='lat' dir='ltr'><strong>unde</strong></span> <span class='ocrx_word' id='word_1_383' title='bbox 614 2196 713 2224; x_wconf 81' lang='lat' dir='ltr'><strong>factum</strong></span> <span class='ocrx_word' id='word_1_384' title='bbox 727 2201 779 2227; x_wconf 86' lang='lat' dir='ltr'><strong>est,</strong></span> <span class='ocrx_word' id='word_1_385' title='bbox 790 2200 818 2223; x_wconf 92' lang='lat' dir='ltr'><strong>ut</strong></span> <span class='ocrx_word' id='word_1_386' title='bbox 837 2200 973 2226; x_wconf 77' lang='lat' dir='ltr'><strong>caverent,</strong></span> <span class='ocrx_word' id='word_1_387' title='bbox 987 2202 1020 2221; x_wconf 86' lang='lat' dir='ltr'><strong>ne</strong></span> 
     </span>
    </p>
   </div>
   <div class='ocr_carea' id='block_1_58' title="bbox 239 2241 1019 2278">
    <p class='ocr_par' dir='ltr' id='par_1_58' title="bbox 239 2241 1019 2278">
     <span class='ocr_line' id='line_1_58' title="bbox 239 2241 1019 2278; baseline -0.005 -8"><span class='ocrx_word' id='word_1_388' title='bbox 239 2244 263 2270; x_wconf 88' lang='lat' dir='ltr'><strong>ei</strong></span> <span class='ocrx_word' id='word_1_389' title='bbox 283 2243 417 2270; x_wconf 88' lang='lat' dir='ltr'><strong>rationem</strong></span> <span class='ocrx_word' id='word_1_390' title='bbox 439 2247 466 2270; x_wconf 83' lang='lat' dir='ltr'><strong>et</strong></span> <span class='ocrx_word' id='word_1_391' title='bbox 488 2243 669 2278; x_wconf 75' lang='lat' dir='ltr'><strong>cognitionem</strong></span> <span class='ocrx_word' id='word_1_392' title='bbox 687 2242 858 2272; x_wconf 88' lang='lat' dir='ltr'><strong>tribuerent,</strong></span> <span class='ocrx_word' id='word_1_393' title='bbox 883 2244 913 2267; x_wconf 93' lang='lat' dir='ltr'><strong>ut</strong></span> <span class='ocrx_word' id='word_1_394' title='bbox 931 2241 1019 2268; x_wconf 87' lang='lat' dir='ltr'><strong>locum</strong></span> 
     </span>
    </p>
   </div>
   <div class='ocr_carea' id='block_1_59' title="bbox 239 2286 1020 2317">
    <p class='ocr_par' dir='ltr' id='par_1_59' title="bbox 239 2286 1020 2317">
     <span class='ocr_line' id='line_1_59' title="bbox 239 2286 1020 2317; baseline -0.004 -1"><span class='ocrx_word' id='word_1_395' title='bbox 239 2289 351 2316; x_wconf 83' lang='lat' dir='ltr'><strong>haberet</strong></span> <span class='ocrx_word' id='word_1_396' title='bbox 376 2293 559 2317; x_wconf 91' lang='lat' dir='ltr'><strong>commentum</strong></span> <span class='ocrx_word' id='word_1_397' title='bbox 581 2289 724 2316; x_wconf 87' lang='lat' dir='ltr'><strong>seditionis</strong></span> <span class='ocrx_word' id='word_1_398' title='bbox 742 2292 836 2315; x_wconf 87' lang='lat' dir='ltr'><strong>contra</strong></span> <span class='ocrx_word' id='word_1_399' title='bbox 861 2286 942 2314; x_wconf 88' lang='lat' dir='ltr'><strong>Deum</strong></span> <span class='ocrx_word' id='word_1_400' title='bbox 965 2296 971 2313; x_wconf 88' lang='lat'><strong>:</strong></span> <span class='ocrx_word' id='word_1_401' title='bbox 994 2291 1020 2313; x_wconf 90' lang='lat' dir='ltr'><strong>ct</strong></span> 
     </span>
    </p>
   </div>
   <div class='ocr_carea' id='block_1_60' title="bbox 239 2333 1019 2371">
    <p class='ocr_par' dir='ltr' id='par_1_60' title="bbox 239 2333 1019 2371">
     <span class='ocr_line' id='line_1_60' title="bbox 239 2333 1019 2371; baseline -0.004 -9"><span class='ocrx_word' id='word_1_402' title='bbox 239 2336 394 2363; x_wconf 88' lang='lat' dir='ltr'><strong>necessario</strong></span> <span class='ocrx_word' id='word_1_403' title='bbox 419 2336 453 2363; x_wconf 91' lang='lat' dir='ltr'><strong>ab</strong></span> <span class='ocrx_word' id='word_1_404' title='bbox 479 2337 632 2371; x_wconf 77' lang='lat' dir='ltr'><strong>ignorantia</strong></span> <span class='ocrx_word' id='word_1_405' title='bbox 658 2340 686 2363; x_wconf 90' lang='lat' dir='ltr'><strong>et</strong></span> <span class='ocrx_word' id='word_1_406' title='bbox 715 2339 813 2363; x_wconf 85' lang='lat' dir='ltr'><strong>natura</strong></span> <span class='ocrx_word' id='word_1_407' title='bbox 835 2342 888 2361; x_wconf 87' lang='lat' dir='ltr'><strong>non</strong></span> <span class='ocrx_word' id='word_1_408' title='bbox 907 2333 1019 2361; x_wconf 85' lang='lat' dir='ltr'><strong>ratioci-</strong></span> 
     </span>
    </p>
   </div>
   <div class='ocr_carea' id='block_1_61' title="bbox 240 2380 1017 2417">
    <p class='ocr_par' dir='ltr' id='par_1_61' title="bbox 240 2380 1017 2417">
     <span class='ocr_line' id='line_1_61' title="bbox 240 2380 1017 2417; baseline -0.004 -9"><span class='ocrx_word' id='word_1_409' title='bbox 240 2386 321 2409; x_wconf 87' lang='lat' dir='ltr'><strong>nante</strong></span> <span class='ocrx_word' id='word_1_410' title='bbox 349 2386 447 2413; x_wconf 80' lang='lat' dir='ltr'><strong>tracta.</strong></span> <span class='ocrx_word' id='word_1_411' title='bbox 479 2391 534 2409; x_wconf 89' lang='lat' dir='ltr'><strong>non</strong></span> <span class='ocrx_word' id='word_1_412' title='bbox 563 2382 731 2417; x_wconf 79' lang='lat' dir='ltr'><strong>exspectabit</strong></span> <span class='ocrx_word' id='word_1_413' title='bbox 766 2381 870 2417; x_wconf 85' lang='lat' dir='ltr'><strong>inﬁnita</strong></span> <span class='ocrx_word' id='word_1_414' title='bbox 908 2380 1017 2409; x_wconf 57' lang='lat' dir='ltr'><strong>saecula,</strong></span> 
     </span>
    </p>
   </div>
   <div class='ocr_carea' id='block_1_62' title="bbox 239 2424 1019 2461">
    <p class='ocr_par' dir='ltr' id='par_1_62' title="bbox 239 2424 1019 2461">
     <span class='ocr_line' id='line_1_62' title="bbox 239 2424 1019 2461; baseline -0.003 -8"><span class='ocrx_word' id='word_1_415' title='bbox 239 2426 303 2453; x_wconf 91' lang='lat' dir='ltr'><strong>dum</strong></span> <span class='ocrx_word' id='word_1_416' title='bbox 335 2435 363 2454; x_wconf 89' lang='lat' dir='ltr'><strong>se</strong></span> <span class='ocrx_word' id='word_1_417' title='bbox 388 2430 475 2454; x_wconf 84' lang='lat' dir='ltr'><strong>armat</strong></span> <span class='ocrx_word' id='word_1_418' title='bbox 504 2431 533 2454; x_wconf 84' lang='lat' dir='ltr'><strong>et</strong></span> <span class='ocrx_word' id='word_1_419' title='bbox 559 2435 587 2454; x_wconf 88' lang='lat' dir='ltr'><strong>se</strong></span> <span class='ocrx_word' id='word_1_420' title='bbox 610 2428 730 2454; x_wconf 76' lang='lat' dir='ltr'><strong>exercitu</strong></span> <span class='ocrx_word' id='word_1_421' title='bbox 757 2427 837 2461; x_wconf 72' lang='lat' dir='ltr'><strong>sopit,</strong></span> <span class='ocrx_word' id='word_1_422' title='bbox 866 2429 895 2452; x_wconf 92' lang='lat' dir='ltr'><strong>ut</strong></span> <span class='ocrx_word' id='word_1_423' title='bbox 920 2425 965 2452; x_wconf 87' lang='lat' dir='ltr'><strong>ﬁat</strong></span> <span class='ocrx_word' id='word_1_424' title='bbox 987 2424 1019 2451; x_wconf 87' lang='lat' dir='ltr'><strong>ad</strong></span> 
     </span>
    </p>
   </div>
   <div class='ocr_carea' id='block_1_63' title="bbox 240 2470 1020 2507">
    <p class='ocr_par' dir='ltr' id='par_1_63' title="bbox 240 2470 1020 2507">
     <span class='ocr_line' id='line_1_63' title="bbox 240 2470 1020 2507; baseline -0.004 -8"><span class='ocrx_word' id='word_1_425' title='bbox 240 2473 380 2500; x_wconf 82' lang='lat' dir='ltr'><strong>audaciam</strong></span> <span class='ocrx_word' id='word_1_426' title='bbox 415 2474 573 2507; x_wconf 85' lang='lat' dir='ltr'><strong>promptior.</strong></span> <span class='ocrx_word' id='word_1_427' title='bbox 612 2473 639 2499; x_wconf 78' lang='lat' dir='ltr'><strong>Si</strong></span> <span class='ocrx_word' id='word_1_428' title='bbox 671 2473 741 2499; x_wconf 86' lang='lat' dir='ltr'><strong>enim</strong></span> <span class='ocrx_word' id='word_1_429' title='bbox 775 2471 911 2506; x_wconf 82' lang='lat' dir='ltr'><strong>copiosior</strong></span> <span class='ocrx_word' id='word_1_430' title='bbox 941 2470 1020 2497; x_wconf 89' lang='lat' dir='ltr'><strong>ﬁebat</strong></span> 
     </span>
    </p>
   </div>
   <div class='ocr_carea' id='block_1_64' title="bbox 239 2517 1020 2553">
    <p class='ocr_par' dir='ltr' id='par_1_64' title="bbox 239 2517 1020 2553">
     <span class='ocr_line' id='line_1_64' title="bbox 239 2517 1020 2553; baseline -0.004 -7"><span class='ocrx_word' id='word_1_431' title='bbox 239 2517 273 2546; x_wconf 86' lang='lat' dir='ltr'><strong>iis</strong></span> <span class='ocrx_word' id='word_1_432' title='bbox 292 2526 361 2553; x_wconf 91' lang='lat' dir='ltr'><strong>quos</strong></span> <span class='ocrx_word' id='word_1_433' title='bbox 383 2519 549 2553; x_wconf 79' lang='lat' dir='ltr'><strong>generabat,</strong></span> <span class='ocrx_word' id='word_1_434' title='bbox 571 2526 742 2553; x_wconf 85' lang='lat' dir='ltr'><strong>nequaquam</strong></span> <span class='ocrx_word' id='word_1_435' title='bbox 761 2522 849 2544; x_wconf 89' lang='lat' dir='ltr'><strong>tamen</strong></span> <span class='ocrx_word' id='word_1_436' title='bbox 873 2517 1020 2552; x_wconf 85' lang='lat' dir='ltr'><strong>appetitum</strong></span> 
     </span>
    </p>
   </div>
   <div class='ocr_carea' id='block_1_65' title="bbox 239 2561 1020 2598">
    <p class='ocr_par' dir='ltr' id='par_1_65' title="bbox 239 2561 1020 2598">
     <span class='ocr_line' id='line_1_65' title="bbox 239 2561 1020 2598; baseline -0.003 -8"><span class='ocrx_word' id='word_1_437' title='bbox 239 2567 344 2591; x_wconf 70' lang='lat' dir='ltr'><strong>naturae</strong></span> <span class='ocrx_word' id='word_1_438' title='bbox 373 2563 499 2598; x_wconf 79' lang='lat' dir='ltr'><strong>augebat,</strong></span> <span class='ocrx_word' id='word_1_439' title='bbox 533 2571 621 2598; x_wconf 81' lang='lat' dir='ltr'><strong>neque</strong></span> <span class='ocrx_word' id='word_1_440' title='bbox 652 2569 742 2590; x_wconf 85' lang='lat' dir='ltr'><strong>motus</strong></span> <span class='ocrx_word' id='word_1_441' title='bbox 778 2563 911 2590; x_wconf 85' lang='lat' dir='ltr'><strong>naturalis</strong></span> <span class='ocrx_word' id='word_1_442' title='bbox 939 2561 1020 2597; x_wconf 91' lang='lat' dir='ltr'><strong>quid-</strong></span> 
     </span>
    </p>
   </div>
   <div class='ocr_carea' id='block_1_66' title="bbox 239 2607 1018 2644">
    <p class='ocr_par' dir='ltr' id='par_1_66' title="bbox 239 2607 1018 2644">
     <span class='ocr_line' id='line_1_66' title="bbox 239 2607 1018 2644; baseline -0.001 -9"><span class='ocrx_word' id='word_1_443' title='bbox 239 2615 320 2643; x_wconf 84' lang='lat' dir='ltr'><strong>quam</strong></span> <span class='ocrx_word' id='word_1_444' title='bbox 347 2609 481 2644; x_wconf 90' lang='lat' dir='ltr'><strong>appetitus</strong></span> <span class='ocrx_word' id='word_1_445' title='bbox 507 2609 680 2640; x_wconf 90' lang='lat' dir='ltr'><strong>assumebat,</strong></span> <span class='ocrx_word' id='word_1_446' title='bbox 709 2616 796 2643; x_wconf 83' lang='lat' dir='ltr'><strong>neque</strong></span> <span class='ocrx_word' id='word_1_447' title='bbox 822 2607 966 2635; x_wconf 81' lang='lat' dir='ltr'><strong>accidisset</strong></span> <span class='ocrx_word' id='word_1_448' title='bbox 994 2607 1018 2634; x_wconf 88' lang='lat' dir='ltr'><strong>ei</strong></span> 
     </span>
    </p>
   </div>
   <div class='ocr_carea' id='block_1_67' title="bbox 240 2654 1018 2691">
    <p class='ocr_par' dir='ltr' id='par_1_67' title="bbox 240 2654 1018 2691">
     <span class='ocr_line' id='line_1_67' title="bbox 240 2654 1018 2691; baseline -0.001 -11"><span class='ocrx_word' id='word_1_449' title='bbox 240 2655 358 2689; x_wconf 90' lang='lat' dir='ltr'><strong>primum</strong></span> <span class='ocrx_word' id='word_1_450' title='bbox 382 2654 491 2690; x_wconf 89' lang='lat' dir='ltr'><strong>quidem</strong></span> <span class='ocrx_word' id='word_1_451' title='bbox 513 2662 670 2691; x_wconf 83' lang='lat' dir='ltr'><strong>augescere,</strong></span> <span class='ocrx_word' id='word_1_452' title='bbox 690 2660 769 2690; x_wconf 87' lang='lat' dir='ltr'><strong>atque</strong></span> <span class='ocrx_word' id='word_1_453' title='bbox 797 2655 834 2681; x_wconf 83' lang='lat' dir='ltr'><strong>ita</strong></span> <span class='ocrx_word' id='word_1_454' title='bbox 857 2655 1018 2682; x_wconf 87' lang='lat' dir='ltr'><strong>seditionem</strong></span> 
     </span>
    </p>
   </div>
   <div class='ocr_carea' id='block_1_68' title="bbox 241 2700 1019 2734">
    <p class='ocr_par' dir='ltr' id='par_1_68' title="bbox 241 2700 1019 2734">
     <span class='ocr_line' id='line_1_68' title="bbox 241 2700 1019 2734; baseline 0 -8"><span class='ocrx_word' id='word_1_455' title='bbox 241 2707 348 2727; x_wconf 86' lang='lat' dir='ltr'><strong>movere</strong></span> <span class='ocrx_word' id='word_1_456' title='bbox 361 2708 368 2732; x_wconf 75' lang='grc' dir='ltr'><strong>ς</strong></span> <span class='ocrx_word' id='word_1_457' title='bbox 384 2700 436 2727; x_wconf 88' lang='lat' dir='ltr'><strong>hoc</strong></span> <span class='ocrx_word' id='word_1_458' title='bbox 450 2701 522 2727; x_wconf 92' lang='lat' dir='ltr'><strong>enim</strong></span> <span class='ocrx_word' id='word_1_459' title='bbox 534 2705 637 2729; x_wconf 72' lang='lat' dir='ltr'><strong>natura:</strong></span> <span class='ocrx_word' id='word_1_460' title='bbox 652 2702 755 2729; x_wconf 90' lang='lat' dir='ltr'><strong>ratione</strong></span> <span class='ocrx_word' id='word_1_461' title='bbox 775 2701 875 2728; x_wconf 84' lang='lat' dir='ltr'><strong>utentis</strong></span> <span class='ocrx_word' id='word_1_462' title='bbox 895 2703 945 2733; x_wconf 89' lang='lat' dir='ltr'><strong>est,</strong></span> <span class='ocrx_word' id='word_1_463' title='bbox 960 2707 1019 2734; x_wconf 74' lang='lat' dir='ltr'><strong>quae</strong></span> 
     </span>
    </p>
   </div>
   <div class='ocr_carea' id='block_1_69' title="bbox 240 2746 633 2781">
    <p class='ocr_par' dir='ltr' id='par_1_69' title="bbox 240 2746 633 2781">
     <span class='ocr_line' id='line_1_69' title="bbox 240 2746 633 2781; baseline 0.003 -10"><span class='ocrx_word' id='word_1_464' title='bbox 240 2752 271 2771; x_wconf 67' lang='lat' dir='ltr'><strong>ex</strong></span> <span class='ocrx_word' id='word_1_465' title='bbox 283 2746 420 2779; x_wconf 87' lang='lat' dir='ltr'><strong>proposito</strong></span> <span class='ocrx_word' id='word_1_466' title='bbox 434 2746 556 2780; x_wconf 87' lang='lat' dir='ltr'><strong>nequiter</strong></span> <span class='ocrx_word' id='word_1_467' title='bbox 570 2747 633 2781; x_wconf 75' lang='lat' dir='ltr'><strong>agit.</strong></span> 
     </span>
    </p>
   </div>
   <div class='ocr_carea' id='block_1_70' title="bbox 277 2790 643 2825">
    <p class='ocr_par' dir='ltr' id='par_1_70' title="bbox 277 2790 643 2825">
     <span class='ocr_line' id='line_1_70' title="bbox 277 2790 643 2825; baseline 0.011 -10"><span class='ocrx_word' id='word_1_468' title='bbox 277 2790 313 2825; x_wconf 60' lang='grc' dir='ltr'><strong>(κ)</strong></span> <span class='ocrx_word' id='word_1_469' title='bbox 329 2790 419 2822; x_wconf 81' lang='lat' dir='ltr'><strong>Forte,</strong></span> <span class='ocrx_word' id='word_1_470' title='bbox 432 2792 548 2824; x_wconf 76' lang='grc' dir='ltr'>ἐδέξατο.</span> <span class='ocrx_word' id='word_1_471' title='bbox 566 2792 643 2819; x_wconf 75' lang='grc' dir='ltr'>Εωτ.</span> 
     </span>
    </p>
   </div>
   <div class='ocr_carea' id='block_1_71' title="bbox 1105 649 1868 686">
    <p class='ocr_par' dir='ltr' id='par_1_71' title="bbox 1105 649 1868 686">
     <span class='ocr_line' id='line_1_71' title="bbox 1105 649 1868 686; baseline 0.004 -12"><span class='ocrx_word' id='word_1_472' title='bbox 1105 649 1203 684; x_wconf 81' lang='grc' dir='ltr'>’Ἤρκει</span> <span class='ocrx_word' id='word_1_473' title='bbox 1217 649 1256 678; x_wconf 83' lang='grc' dir='ltr'><strong>δὲ.</strong></span> <span class='ocrx_word' id='word_1_474' title='bbox 1272 650 1321 675; x_wconf 79' lang='grc' dir='ltr'>οὐκ</span> <span class='ocrx_word' id='word_1_475' title='bbox 1336 649 1443 677; x_wconf 79' lang='grc' dir='ltr'>ἔλαττον</span> <span class='ocrx_word' id='word_1_476' title='bbox 1461 650 1610 682; x_wconf 78' lang='grc' dir='ltr'>δείξαντας,</span> <span class='ocrx_word' id='word_1_477' title='bbox 1625 651 1662 683; x_wconf 78' lang='grc' dir='ltr'>ὡς</span> <span class='ocrx_word' id='word_1_478' title='bbox 1677 651 1811 686; x_wconf 68' lang='grc' dir='ltr'>οὐδαμῶς</span> <span class='ocrx_word' id='word_1_479' title='bbox 1833 652 1868 678; x_wconf 78' lang='grc' dir='ltr'>ἃν</span> 
     </span>
    </p>
   </div>
   <div class='ocr_carea' id='block_1_72' title="bbox 1068 690 1866 733">
    <p class='ocr_par' dir='ltr' id='par_1_72' title="bbox 1068 690 1866 733">
     <span class='ocr_line' id='line_1_72' title="bbox 1068 690 1866 733; baseline 0.008 -16"><span class='ocrx_word' id='word_1_480' title='bbox 1068 690 1216 725; x_wconf 76' lang='grc' dir='ltr'>ὺπάρξαιεν</span> <span class='ocrx_word' id='word_1_481' title='bbox 1230 693 1312 728; x_wconf 77' lang='grc' dir='ltr'>ἁρχαὶ</span> <span class='ocrx_word' id='word_1_482' title='bbox 1327 693 1383 724; x_wconf 82' lang='grc' dir='ltr'>δύο,</span> <span class='ocrx_word' id='word_1_483' title='bbox 1397 694 1443 720; x_wconf 79' lang='grc' dir='ltr'>καὶ</span> <span class='ocrx_word' id='word_1_484' title='bbox 1455 694 1570 729; x_wconf 74' lang='grc' dir='ltr'>μάλιπα</span> <span class='ocrx_word' id='word_1_485' title='bbox 1583 696 1713 729; x_wconf 75' lang='grc' dir='ltr'>ἐναντίαι,</span> <span class='ocrx_word' id='word_1_486' title='bbox 1723 696 1777 731; x_wconf 73' lang='grc' dir='ltr'>ἠδη</span> <span class='ocrx_word' id='word_1_487' title='bbox 1795 698 1866 733; x_wconf 73' lang='grc' dir='ltr'>περί</span> 
     </span>
    </p>
   </div>
   <div class='ocr_carea' id='block_1_73' title="bbox 1067 738 1863 777">
    <p class='ocr_par' dir='ltr' id='par_1_73' title="bbox 1067 738 1863 777">
     <span class='ocr_line' id='line_1_73' title="bbox 1067 738 1863 777; baseline 0.008 -14"><span class='ocrx_word' id='word_1_488' title='bbox 1067 745 1096 763; x_wconf 85' lang='grc' dir='ltr'><strong>τε</strong></span> <span class='ocrx_word' id='word_1_489' title='bbox 1113 738 1255 774; x_wconf 75' lang='grc' dir='ltr'>ἀνθρώπου</span> <span class='ocrx_word' id='word_1_490' title='bbox 1271 740 1316 765; x_wconf 77' lang='grc' dir='ltr'>καὶ</span> <span class='ocrx_word' id='word_1_491' title='bbox 1333 740 1381 774; x_wconf 83' lang='grc' dir='ltr'>τῆς</span> <span class='ocrx_word' id='word_1_492' title='bbox 1396 740 1478 775; x_wconf 70' lang='grc' dir='ltr'>ἄλλης</span> <span class='ocrx_word' id='word_1_493' title='bbox 1500 741 1680 777; x_wconf 80' lang='grc' dir='ltr'>δημιουργίας</span> <span class='ocrx_word' id='word_1_494' title='bbox 1697 743 1844 769; x_wconf 70' lang='grc' dir='ltr'>διαλαϐεῖν</span> <span class='ocrx_word' id='word_1_495' title='bbox 1856 752 1863 758; x_wconf 75' lang='grc'><strong>’</strong></span> 
     </span>
    </p>
   </div>
   <div class='ocr_carea' id='block_1_74' title="bbox 569 783 1016 822">
    <p class='ocr_par' dir='ltr' id='par_1_74' title="bbox 569 785 1015 821">
     <span class='ocr_line' id='line_1_74' title="bbox 569 785 1015 821; baseline -0.011 -6"><span class='ocrx_word' id='word_1_496' title='bbox 569 788 635 815; x_wconf 94' lang='lat' dir='ltr'><strong>nihil</strong></span> <span class='ocrx_word' id='word_1_497' title='bbox 664 792 754 814; x_wconf 85' lang='lat' dir='ltr'><strong>tamen</strong></span> <span class='ocrx_word' id='word_1_498' title='bbox 782 786 918 821; x_wconf 75' lang='lat' dir='ltr'><strong>prohibet,</strong></span> <span class='ocrx_word' id='word_1_499' title='bbox 949 785 1015 819; x_wconf 90' lang='lat' dir='ltr'><strong>quin</strong></span> 
     </span>
    </p>
   </div>
   <div class='ocr_carea' id='block_1_75' title="bbox 1075 783 1864 822">
    <p class='ocr_par' dir='ltr' id='par_1_75' title="bbox 1075 784 1864 822">
     <span class='ocr_line' id='line_1_75' title="bbox 1075 784 1864 822; baseline 0.008 -13"><span class='ocrx_word' id='word_1_500' title='bbox 1075 784 1139 817; x_wconf 72' lang='grc' dir='ltr'>ἱμως</span> <span class='ocrx_word' id='word_1_501' title='bbox 1155 784 1182 810; x_wconf 83' lang='grc' dir='ltr'>δὲ</span> <span class='ocrx_word' id='word_1_502' title='bbox 1198 784 1228 810; x_wconf 91' lang='grc' dir='ltr'>τὸ</span> <span class='ocrx_word' id='word_1_503' title='bbox 1245 785 1346 811; x_wconf 81' lang='grc' dir='ltr'>κωλῦον</span> <span class='ocrx_word' id='word_1_504' title='bbox 1361 785 1434 812; x_wconf 79' lang='grc' dir='ltr'>οὐδὲν</span> <span class='ocrx_word' id='word_1_505' title='bbox 1451 787 1496 813; x_wconf 78' lang='grc' dir='ltr'>καὶ</span> <span class='ocrx_word' id='word_1_506' title='bbox 1511 787 1565 813; x_wconf 88' lang='grc' dir='ltr'>τῶν</span> <span class='ocrx_word' id='word_1_507' title='bbox 1585 787 1775 822; x_wconf 80' lang='grc' dir='ltr'>προτεθέντων</span> <span class='ocrx_word' id='word_1_508' title='bbox 1794 789 1864 815; x_wconf 78' lang='grc' dir='ltr'>ἰδεῖν</span> 
     </span>
    </p>
   </div>
   <div class='ocr_carea' id='block_1_76' title="bbox 1068 828 1862 868">
    <p class='ocr_par' dir='ltr' id='par_1_76' title="bbox 1068 828 1862 868">
     <span class='ocr_line' id='line_1_76' title="bbox 1068 828 1862 868; baseline 0.008 -14"><span class='ocrx_word' id='word_1_509' title='bbox 1068 828 1099 854; x_wconf 84' lang='grc' dir='ltr'>τὸ</span> <span class='ocrx_word' id='word_1_510' title='bbox 1111 829 1249 857; x_wconf 73' lang='grc' dir='ltr'>ἀπίθανον.</span> <span class='ocrx_word' id='word_1_511' title='bbox 1267 831 1392 857; x_wconf 80' lang='grc' dir='ltr'>Ἠτάκτει</span> <span class='ocrx_word' id='word_1_512' title='bbox 1407 831 1470 866; x_wconf 77' lang='grc' dir='ltr'>γὰρ,</span> <span class='ocrx_word' id='word_1_513' title='bbox 1484 833 1602 867; x_wconf 53' lang='lat' dir='ltr'><strong>(malm?)</strong></span> <span class='ocrx_word' id='word_1_514' title='bbox 1617 833 1666 868; x_wconf 78' lang='grc' dir='ltr'>ὕλη</span> <span class='ocrx_word' id='word_1_515' title='bbox 1681 834 1760 859; x_wconf 80' lang='grc' dir='ltr'>ποτέ.</span> <span class='ocrx_word' id='word_1_516' title='bbox 1774 834 1862 860; x_wconf 73' lang='grc' dir='ltr'>Ποίαν</span> 
     </span>
    </p>
   </div>
   <div class='ocr_carea' id='block_1_77' title="bbox 1067 873 1859 913">
    <p class='ocr_par' dir='ltr' id='par_1_77' title="bbox 1067 873 1859 913">
     <span class='ocr_line' id='line_1_77' title="bbox 1067 873 1859 913; baseline 0.008 -13"><span class='ocrx_word' id='word_1_517' title='bbox 1067 874 1195 908; x_wconf 80' lang='grc' dir='ltr'>ἀταξίαν;</span> <span class='ocrx_word' id='word_1_518' title='bbox 1217 873 1272 911; x_wconf 81' lang='grc' dir='ltr'><strong>ἆρά</strong></span> <span class='ocrx_word' id='word_1_519' title='bbox 1290 885 1322 910; x_wconf 89' lang='grc' dir='ltr'><strong>γε</strong></span> <span class='ocrx_word' id='word_1_520' title='bbox 1344 876 1404 904; x_wconf 79' lang='grc' dir='ltr'>καθ’</span> <span class='ocrx_word' id='word_1_521' title='bbox 1427 877 1524 912; x_wconf 78' lang='grc' dir='ltr'>ἑαυτὴν</span> <span class='ocrx_word' id='word_1_522' title='bbox 1546 875 1623 908; x_wconf 75' lang='grc' dir='ltr'>οὖσα.</span> <span class='ocrx_word' id='word_1_523' title='bbox 1640 879 1657 913; x_wconf 80' lang='grc' dir='ltr'>ἢ</span> <span class='ocrx_word' id='word_1_524' title='bbox 1679 879 1752 905; x_wconf 85' lang='grc' dir='ltr'>κατά</span> <span class='ocrx_word' id='word_1_525' title='bbox 1766 888 1859 911; x_wconf 54' lang='grc' dir='ltr'>τινος</span> 
     </span>
    </p>
   </div>
   <div class='ocr_carea' id='block_1_78' title="bbox 1067 920 1858 959">
    <p class='ocr_par' dir='ltr' id='par_1_78' title="bbox 1067 920 1858 959">
     <span class='ocr_line' id='line_1_78' title="bbox 1067 920 1858 959; baseline 0.008 -13"><span class='ocrx_word' id='word_1_526' title='bbox 1067 920 1157 948; x_wconf 84' lang='grc' dir='ltr'>ἀδικία</span> <span class='ocrx_word' id='word_1_527' title='bbox 1179 922 1232 957; x_wconf 81' lang='grc' dir='ltr'><strong>γὰρ</strong></span> <span class='ocrx_word' id='word_1_528' title='bbox 1252 922 1353 955; x_wconf 70' lang='grc' dir='ltr'>ἅπασα,</span> <span class='ocrx_word' id='word_1_529' title='bbox 1376 923 1475 958; x_wconf 81' lang='grc' dir='ltr'>ἑαυτῆς</span> <span class='ocrx_word' id='word_1_530' title='bbox 1500 925 1549 951; x_wconf 75' lang='grc' dir='ltr'>οὐκ</span> <span class='ocrx_word' id='word_1_531' title='bbox 1570 924 1602 951; x_wconf 82' lang='grc' dir='ltr'>ἂν</span> <span class='ocrx_word' id='word_1_532' title='bbox 1623 925 1730 959; x_wconf 80' lang='grc' dir='ltr'>γένοιτο</span> <span class='ocrx_word' id='word_1_533' title='bbox 1753 926 1858 956; x_wconf 76' lang='grc' dir='ltr'>ἀδικία.</span> 
     </span>
    </p>
   </div>
   <div class='ocr_carea' id='block_1_79' title="bbox 1066 966 1860 1005">
    <p class='ocr_par' dir='ltr' id='par_1_79' title="bbox 1066 966 1860 1005">
     <span class='ocr_line' id='line_1_79' title="bbox 1066 966 1860 1005; baseline 0.005 -13"><span class='ocrx_word' id='word_1_534' title='bbox 1066 966 1150 993; x_wconf 76' lang='grc' dir='ltr'>δεῖται</span> <span class='ocrx_word' id='word_1_535' title='bbox 1165 967 1192 993; x_wconf 81' lang='grc' dir='ltr'>δὲ</span> <span class='ocrx_word' id='word_1_536' title='bbox 1206 968 1298 1002; x_wconf 79' lang='grc' dir='ltr'>ἑτέρου</span> <span class='ocrx_word' id='word_1_537' title='bbox 1320 969 1402 1001; x_wconf 78' lang='grc' dir='ltr'>τινὸς,</span> <span class='ocrx_word' id='word_1_538' title='bbox 1419 969 1479 995; x_wconf 78' lang='grc' dir='ltr'>καθ’</span> <span class='ocrx_word' id='word_1_539' title='bbox 1497 968 1526 997; x_wconf 71' lang='grc' dir='ltr'>οὗ</span> <span class='ocrx_word' id='word_1_540' title='bbox 1542 971 1640 1005; x_wconf 78' lang='grc' dir='ltr'>γένοιτ’</span> <span class='ocrx_word' id='word_1_541' title='bbox 1654 971 1697 998; x_wconf 76' lang='grc' dir='ltr'><strong>ἂν.</strong></span> <span class='ocrx_word' id='word_1_542' title='bbox 1713 970 1747 998; x_wconf 84' lang='grc' dir='ltr'><strong><em>Ἡ</em></strong></span> <span class='ocrx_word' id='word_1_543' title='bbox 1767 972 1860 998; x_wconf 76' lang='grc' dir='ltr'>τοίνυν</span> 
     </span>
    </p>
   </div>
   <div class='ocr_carea' id='block_1_80' title="bbox 1067 1012 1858 1052">
    <p class='ocr_par' dir='ltr' id='par_1_80' title="bbox 1067 1012 1858 1052">
     <span class='ocr_line' id='line_1_80' title="bbox 1067 1012 1858 1052; baseline 0.008 -14"><span class='ocrx_word' id='word_1_544' title='bbox 1067 1012 1152 1047; x_wconf 79' lang='grc' dir='ltr'>ἑτέρῳ</span> <span class='ocrx_word' id='word_1_545' title='bbox 1168 1014 1220 1039; x_wconf 83' lang='grc' dir='ltr'>τινὶ</span> <span class='ocrx_word' id='word_1_546' title='bbox 1238 1014 1274 1049; x_wconf 88' lang='grc' dir='ltr'>μὴ</span> <span class='ocrx_word' id='word_1_547' title='bbox 1291 1015 1511 1042; x_wconf 70' lang='grc' dir='ltr'>ὲπικοινωνοῦσα.</span> <span class='ocrx_word' id='word_1_548' title='bbox 1523 1017 1593 1043; x_wconf 84' lang='grc' dir='ltr'>κατὰ</span> <span class='ocrx_word' id='word_1_549' title='bbox 1605 1018 1679 1048; x_wconf 87' lang='grc' dir='ltr'>τίνος</span> <span class='ocrx_word' id='word_1_550' title='bbox 1689 1017 1823 1051; x_wconf 72' lang='grc' dir='ltr'>ἡτὰκτεις</span> <span class='ocrx_word' id='word_1_551' title='bbox 1841 1018 1858 1052; x_wconf 82' lang='grc' dir='ltr'><strong>ἧ</strong></span> 
     </span>
    </p>
   </div>
   <div class='ocr_carea' id='block_1_81' title="bbox 1066 1058 1523 1096">
    <p class='ocr_par' dir='ltr' id='par_1_81' title="bbox 1066 1058 1523 1096">
     <span class='ocr_line' id='line_1_81' title="bbox 1066 1058 1523 1096; baseline 0.007 -12"><span class='ocrx_word' id='word_1_552' title='bbox 1066 1058 1108 1090; x_wconf 86' lang='grc' dir='ltr'><strong>τίς</strong></span> <span class='ocrx_word' id='word_1_553' title='bbox 1122 1059 1135 1084; x_wconf 88' lang='grc' dir='ltr'><strong>ό</strong></span> <span class='ocrx_word' id='word_1_554' title='bbox 1149 1058 1226 1093; x_wconf 87' lang='grc' dir='ltr'>λόγος</span> <span class='ocrx_word' id='word_1_555' title='bbox 1239 1059 1289 1094; x_wconf 80' lang='grc' dir='ltr'>τῆς</span> <span class='ocrx_word' id='word_1_556' title='bbox 1301 1060 1413 1093; x_wconf 78' lang='grc' dir='ltr'>ἀταξίας</span> <span class='ocrx_word' id='word_1_557' title='bbox 1425 1061 1523 1096; x_wconf 52' lang='grc' dir='ltr'>αὐτῆς</span> 
     </span>
    </p>
   </div>
   <div class='ocr_carea' id='block_1_82' title="bbox 1109 1185 1863 1235">
    <p class='ocr_par' dir='ltr' id='par_1_82' title="bbox 1109 1196 1863 1235">
     <span class='ocr_line' id='line_1_82' title="bbox 1109 1196 1863 1235; baseline 0.004 -13"><span class='ocrx_word' id='word_1_558' title='bbox 1109 1196 1219 1230; x_wconf 82' lang='grc' dir='ltr'>Ἐγέννα</span> <span class='ocrx_word' id='word_1_559' title='bbox 1249 1197 1298 1232; x_wconf 81' lang='grc' dir='ltr'>μὲν</span> <span class='ocrx_word' id='word_1_560' title='bbox 1330 1198 1436 1233; x_wconf 83' lang='grc' dir='ltr'>πρῶτον</span> <span class='ocrx_word' id='word_1_561' title='bbox 1467 1199 1599 1235; x_wconf 79' lang='grc' dir='ltr'>προϊοῦσα</span> <span class='ocrx_word' id='word_1_562' title='bbox 1637 1199 1685 1225; x_wconf 82' lang='grc' dir='ltr'>καὶ</span> <span class='ocrx_word' id='word_1_563' title='bbox 1711 1199 1863 1234; x_wconf 67' lang='grc' dir='ltr'>ηὐξάνετο,</span> 
     </span>
    </p>
   </div>
   <div class='ocr_carea' id='block_1_83' title="bbox 1068 1240 1857 1280">
    <p class='ocr_par' dir='ltr' id='par_1_83' title="bbox 1068 1240 1857 1280">
     <span class='ocr_line' id='line_1_83' title="bbox 1068 1240 1857 1280; baseline 0.006 -15"><span class='ocrx_word' id='word_1_564' title='bbox 1068 1240 1149 1274; x_wconf 84' lang='grc' dir='ltr'>φησίν</span> <span class='ocrx_word' id='word_1_565' title='bbox 1159 1249 1165 1255; x_wconf 77' lang='grc'><strong>’</strong></span> <span class='ocrx_word' id='word_1_566' title='bbox 1182 1241 1278 1267; x_wconf 77' lang='grc' dir='ltr'>οὐκοῦν</span> <span class='ocrx_word' id='word_1_567' title='bbox 1294 1241 1385 1274; x_wconf 80' lang='grc' dir='ltr'>ἀϊδίως</span> <span class='ocrx_word' id='word_1_568' title='bbox 1401 1243 1417 1277; x_wconf 83' lang='grc' dir='ltr'>ἢ</span> <span class='ocrx_word' id='word_1_569' title='bbox 1430 1243 1512 1275; x_wconf 81' lang='grc' dir='ltr'>ἀΐδιος</span> <span class='ocrx_word' id='word_1_570' title='bbox 1532 1244 1656 1278; x_wconf 76' lang='grc' dir='ltr'>ἐγένννα,</span> <span class='ocrx_word' id='word_1_571' title='bbox 1669 1246 1686 1280; x_wconf 80' lang='grc' dir='ltr'>ὴ</span> <span class='ocrx_word' id='word_1_572' title='bbox 1704 1245 1857 1279; x_wconf 77' lang='grc' dir='ltr'>ἀγένιιητος</span> 
     </span>
    </p>
   </div>
   <div class='ocr_carea' id='block_1_84' title="bbox 1068 1286 1857 1326">
    <p class='ocr_par' dir='ltr' id='par_1_84' title="bbox 1068 1286 1857 1326">
     <span class='ocr_line' id='line_1_84' title="bbox 1068 1286 1857 1326; baseline 0.006 -15"><span class='ocrx_word' id='word_1_573' title='bbox 1068 1286 1172 1320; x_wconf 76' lang='grc' dir='ltr'>ἐγέννα,</span> <span class='ocrx_word' id='word_1_574' title='bbox 1190 1287 1237 1313; x_wconf 68' lang='grc' dir='ltr'><strong>καὶ</strong></span> <span class='ocrx_word' id='word_1_575' title='bbox 1255 1287 1345 1323; x_wconf 82' lang='grc' dir='ltr'>χώραν</span> <span class='ocrx_word' id='word_1_576' title='bbox 1367 1289 1415 1324; x_wconf 74' lang='grc' dir='ltr'><strong>οὐχ</strong></span> <span class='ocrx_word' id='word_1_577' title='bbox 1432 1289 1485 1322; x_wconf 72' lang='grc' dir='ltr'>ἕξει</span> <span class='ocrx_word' id='word_1_578' title='bbox 1508 1290 1537 1316; x_wconf 72' lang='grc' dir='ltr'><strong>τὸ</strong></span> <span class='ocrx_word' id='word_1_579' title='bbox 1562 1292 1733 1326; x_wconf 78' lang='grc' dir='ltr'>καινοτομεῖν</span> <span class='ocrx_word' id='word_1_580' title='bbox 1755 1301 1781 1318; x_wconf 84' lang='grc' dir='ltr'><strong>τι</strong></span> <span class='ocrx_word' id='word_1_581' title='bbox 1806 1292 1857 1325; x_wconf 65' lang='grc' dir='ltr'>τὴν</span> 
     </span>
    </p>
   </div>
   <div class='ocr_carea' id='block_1_85' title="bbox 1068 1331 1857 1370">
    <p class='ocr_par' dir='ltr' id='par_1_85' title="bbox 1068 1331 1857 1370">
     <span class='ocr_line' id='line_1_85' title="bbox 1068 1331 1857 1370; baseline 0.009 -14"><span class='ocrx_word' id='word_1_582' title='bbox 1068 1331 1161 1357; x_wconf 78' lang='grc' dir='ltr'>ἀΐδιον·</span> <span class='ocrx_word' id='word_1_583' title='bbox 1180 1331 1196 1366; x_wconf 80' lang='grc' dir='ltr'>ἢ</span> <span class='ocrx_word' id='word_1_584' title='bbox 1219 1332 1272 1367; x_wconf 75' lang='grc' dir='ltr'><strong>γὰρ</strong></span> <span class='ocrx_word' id='word_1_585' title='bbox 1291 1333 1368 1367; x_wconf 84' lang='grc' dir='ltr'>φύσει</span> <span class='ocrx_word' id='word_1_586' title='bbox 1382 1335 1582 1370; x_wconf 79' lang='grc' dir='ltr'>καινοτομήσει,</span> <span class='ocrx_word' id='word_1_587' title='bbox 1597 1337 1644 1362; x_wconf 78' lang='grc' dir='ltr'>καὶ</span> <span class='ocrx_word' id='word_1_588' title='bbox 1660 1336 1789 1362; x_wconf 75' lang='grc' dir='ltr'>οὐδέποτε</span> <span class='ocrx_word' id='word_1_589' title='bbox 1805 1337 1857 1370; x_wconf 68' lang='grc' dir='ltr'>τῆς</span> 
     </span>
    </p>
   </div>
   <div class='ocr_carea' id='block_1_86' title="bbox 1068 1377 1858 1416">
    <p class='ocr_par' dir='ltr' id='par_1_86' title="bbox 1068 1377 1858 1416">
     <span class='ocr_line' id='line_1_86' title="bbox 1068 1377 1858 1416; baseline 0.008 -14"><span class='ocrx_word' id='word_1_590' title='bbox 1068 1377 1239 1412; x_wconf 82' lang='grc' dir='ltr'>καινοτομίας</span> <span class='ocrx_word' id='word_1_591' title='bbox 1260 1378 1411 1405; x_wconf 57' lang='lat' dir='ltr'><strong>Semina-MO“</strong></span> <span class='ocrx_word' id='word_1_592' title='bbox 1427 1381 1451 1406; x_wconf 84' lang='grc' dir='ltr'><strong>εί</strong></span> <span class='ocrx_word' id='word_1_593' title='bbox 1473 1380 1503 1414; x_wconf 87' lang='grc' dir='ltr'><strong>δὴ</strong></span> <span class='ocrx_word' id='word_1_594' title='bbox 1524 1380 1602 1407; x_wconf 75' lang='grc' dir='ltr'>τοῦτο</span> <span class='ocrx_word' id='word_1_595' title='bbox 1622 1382 1799 1416; x_wconf 80' lang='grc' dir='ltr'>καινοτομίαν</span> <span class='ocrx_word' id='word_1_596' title='bbox 1816 1382 1858 1407; x_wconf 73' lang='grc' dir='ltr'>δεῖ</span> 
     </span>
    </p>
   </div>
   <div class='ocr_carea' id='block_1_87' title="bbox 1068 1422 1857 1462">
    <p class='ocr_par' dir='ltr' id='par_1_87' title="bbox 1068 1422 1857 1462">
     <span class='ocr_line' id='line_1_87' title="bbox 1068 1422 1857 1462; baseline 0.006 -14"><span class='ocrx_word' id='word_1_597' title='bbox 1068 1422 1167 1453; x_wconf 78' lang='grc' dir='ltr'>καλεῖν.</span> <span class='ocrx_word' id='word_1_598' title='bbox 1184 1423 1221 1455; x_wconf 85' lang='grc' dir='ltr'>ὡς</span> <span class='ocrx_word' id='word_1_599' title='bbox 1238 1424 1370 1460; x_wconf 81' lang='grc' dir='ltr'>μηδαμῶς</span> <span class='ocrx_word' id='word_1_600' title='bbox 1392 1426 1518 1461; x_wconf 82' lang='grc' dir='ltr'>χρονικὴν</span> <span class='ocrx_word' id='word_1_601' title='bbox 1536 1427 1622 1462; x_wconf 78' lang='grc' dir='ltr'>ἀρχὴν</span> <span class='ocrx_word' id='word_1_602' title='bbox 1639 1427 1712 1461; x_wconf 74' lang='grc' dir='ltr'>ἔχειν</span> <span class='ocrx_word' id='word_1_603' title='bbox 1724 1428 1776 1462; x_wconf 83' lang='grc' dir='ltr'>τὴν</span> <span class='ocrx_word' id='word_1_604' title='bbox 1796 1428 1857 1453; x_wconf 78' lang='grc' dir='ltr'>κατ’</span> 
     </span>
    </p>
   </div>
   <div class='ocr_carea' id='block_1_88' title="bbox 1067 1469 1857 1508">
    <p class='ocr_par' dir='ltr' id='par_1_88' title="bbox 1067 1469 1857 1508">
     <span class='ocr_line' id='line_1_88' title="bbox 1067 1469 1857 1508; baseline 0.008 -14"><span class='ocrx_word' id='word_1_605' title='bbox 1067 1469 1152 1504; x_wconf 76' lang='grc' dir='ltr'>αὐτῆς</span> <span class='ocrx_word' id='word_1_606' title='bbox 1172 1469 1218 1495; x_wconf 87' lang='grc' dir='ltr'>τοῦ</span> <span class='ocrx_word' id='word_1_607' title='bbox 1235 1471 1336 1504; x_wconf 83' lang='grc' dir='ltr'>ἁγαοοῦ</span> <span class='ocrx_word' id='word_1_608' title='bbox 1363 1472 1564 1508; x_wconf 81' lang='grc' dir='ltr'>μεταχείρησιν,</span> <span class='ocrx_word' id='word_1_609' title='bbox 1591 1473 1606 1508; x_wconf 83' lang='grc' dir='ltr'>ἢ</span> <span class='ocrx_word' id='word_1_610' title='bbox 1627 1472 1752 1508; x_wconf 77' lang='grc' dir='ltr'>λογισμῷ</span> <span class='ocrx_word' id='word_1_611' title='bbox 1776 1473 1857 1500; x_wconf 75' lang='grc' dir='ltr'>τοῦτο</span> 
     </span>
    </p>
   </div>
   <div class='ocr_carea' id='block_1_89' title="bbox 1067 1514 1857 1554">
    <p class='ocr_par' dir='ltr' id='par_1_89' title="bbox 1067 1514 1857 1554">
     <span class='ocr_line' id='line_1_89' title="bbox 1067 1514 1857 1554; baseline 0.006 -15"><span class='ocrx_word' id='word_1_612' title='bbox 1067 1514 1222 1550; x_wconf 72' lang='grc' dir='ltr'>πράττουσα</span> <span class='ocrx_word' id='word_1_613' title='bbox 1237 1515 1313 1550; x_wconf 77' lang='grc' dir='ltr'>λόγον</span> <span class='ocrx_word' id='word_1_614' title='bbox 1327 1515 1382 1550; x_wconf 78' lang='grc' dir='ltr'>ἔχει</span> <span class='ocrx_word' id='word_1_615' title='bbox 1399 1518 1445 1543; x_wconf 77' lang='grc' dir='ltr'>καὶ</span> <span class='ocrx_word' id='word_1_616' title='bbox 1459 1517 1558 1551; x_wconf 83' lang='grc' dir='ltr'>γνῶσιν</span> <span class='ocrx_word' id='word_1_617' title='bbox 1568 1527 1575 1532; x_wconf 90' lang='grc'>·</span> <span class='ocrx_word' id='word_1_618' title='bbox 1591 1518 1638 1544; x_wconf 69' lang='grc' dir='ltr'>καὶ</span> <span class='ocrx_word' id='word_1_619' title='bbox 1651 1519 1857 1554; x_wconf 63' lang='grc' dir='ltr'>ἀνατέτραπται</span> 
     </span>
    </p>
   </div>
   <div class='ocr_carea' id='block_1_90' title="bbox 1067 1560 1854 1600">
    <p class='ocr_par' dir='ltr' id='par_1_90' title="bbox 1067 1560 1854 1600">
     <span class='ocr_line' id='line_1_90' title="bbox 1067 1560 1854 1600; baseline 0.008 -15"><span class='ocrx_word' id='word_1_620' title='bbox 1067 1560 1117 1595; x_wconf 81' lang='grc' dir='ltr'>τῆς</span> <span class='ocrx_word' id='word_1_621' title='bbox 1137 1560 1233 1594; x_wconf 82' lang='grc' dir='ltr'>ἀλόγου</span> <span class='ocrx_word' id='word_1_622' title='bbox 1258 1562 1355 1594; x_wconf 80' lang='grc' dir='ltr'>κακίας</span> <span class='ocrx_word' id='word_1_623' title='bbox 1377 1563 1392 1598; x_wconf 81' lang='grc' dir='ltr'>ἡ</span> <span class='ocrx_word' id='word_1_624' title='bbox 1411 1564 1547 1595; x_wconf 73' lang='grc' dir='ltr'>ὑπόθεσις.</span> <span class='ocrx_word' id='word_1_625' title='bbox 1562 1565 1623 1590; x_wconf 80' lang='grc' dir='ltr'>Εἴτε</span> <span class='ocrx_word' id='word_1_626' title='bbox 1649 1563 1695 1591; x_wconf 70' lang='grc' dir='ltr'>οὖν</span> <span class='ocrx_word' id='word_1_627' title='bbox 1718 1564 1854 1600; x_wconf 78' lang='grc' dir='ltr'>λογισμῷ,</span> 
     </span>
    </p>
   </div>
   <div class='ocr_carea' id='block_1_91' title="bbox 1067 1607 1857 1645">
    <p class='ocr_par' dir='ltr' id='par_1_91' title="bbox 1067 1607 1857 1645">
     <span class='ocr_line' id='line_1_91' title="bbox 1067 1607 1857 1645; baseline 0.004 -12"><span class='ocrx_word' id='word_1_628' title='bbox 1067 1607 1121 1634; x_wconf 69' lang='grc' dir='ltr'>εἴτε</span> <span class='ocrx_word' id='word_1_629' title='bbox 1138 1608 1183 1634; x_wconf 77' lang='grc' dir='ltr'>καὶ</span> <span class='ocrx_word' id='word_1_630' title='bbox 1199 1608 1331 1644; x_wconf 77' lang='grc' dir='ltr'>ἀλογίστῳ</span> <span class='ocrx_word' id='word_1_631' title='bbox 1344 1611 1414 1645; x_wconf 78' lang='grc' dir='ltr'>φορᾷ</span> <span class='ocrx_word' id='word_1_632' title='bbox 1427 1610 1597 1641; x_wconf 77' lang='grc' dir='ltr'>ἐπανίστατο,</span> <span class='ocrx_word' id='word_1_633' title='bbox 1615 1611 1657 1642; x_wconf 85' lang='grc' dir='ltr'><strong>τίς</strong></span> <span class='ocrx_word' id='word_1_634' title='bbox 1669 1612 1683 1636; x_wconf 85' lang='grc' dir='ltr'><strong><em>ὁ</em></strong></span> <span class='ocrx_word' id='word_1_635' title='bbox 1695 1611 1777 1644; x_wconf 68' lang='grc' dir='ltr'>λόγος</span> <span class='ocrx_word' id='word_1_636' title='bbox 1794 1612 1857 1642; x_wconf 74' lang='grc' dir='ltr'>τοὺς</span> 
     </span>
    </p>
   </div>
   <div class='ocr_carea' id='block_1_92' title="bbox 1069 1653 1855 1692">
    <p class='ocr_par' dir='ltr' id='par_1_92' title="bbox 1069 1653 1855 1692">
     <span class='ocr_line' id='line_1_92' title="bbox 1069 1653 1855 1692; baseline 0.005 -14"><span class='ocrx_word' id='word_1_637' title='bbox 1069 1653 1235 1688; x_wconf 73' lang='grc' dir='ltr'>ἀπεράντους</span> <span class='ocrx_word' id='word_1_638' title='bbox 1246 1653 1347 1685; x_wconf 79' lang='grc' dir='ltr'>αἰῶνας</span> <span class='ocrx_word' id='word_1_639' title='bbox 1360 1655 1461 1690; x_wconf 82' lang='grc' dir='ltr'>ταύτην</span> <span class='ocrx_word' id='word_1_640' title='bbox 1471 1657 1597 1691; x_wconf 79' lang='grc' dir='ltr'>παρεῖναι</span> <span class='ocrx_word' id='word_1_641' title='bbox 1616 1657 1683 1691; x_wconf 84' lang='grc' dir='ltr'>πρὸς</span> <span class='ocrx_word' id='word_1_642' title='bbox 1699 1657 1749 1692; x_wconf 74' lang='grc' dir='ltr'>τὴν</span> <span class='ocrx_word' id='word_1_643' title='bbox 1763 1656 1855 1682; x_wconf 61' lang='grc' dir='ltr'>τοιαύ-</span> 
     </span>
    </p>
   </div>
   <div class='ocr_carea' id='block_1_93' title="bbox 1068 1696 1856 1735">
    <p class='ocr_par' dir='ltr' id='par_1_93' title="bbox 1068 1696 1856 1735">
     <span class='ocr_line' id='line_1_93' title="bbox 1068 1696 1856 1735; baseline 0.004 -12"><span class='ocrx_word' id='word_1_644' title='bbox 1068 1705 1117 1732; x_wconf 87' lang='grc' dir='ltr'><strong>την</strong></span> <span class='ocrx_word' id='word_1_645' title='bbox 1131 1697 1313 1725; x_wconf 79' lang='grc' dir='ltr'>ἐπανάστασιν</span> <span class='ocrx_word' id='word_1_646' title='bbox 1324 1707 1330 1731; x_wconf 93' lang='grc'><strong>;</strong></span> <span class='ocrx_word' id='word_1_647' title='bbox 1346 1700 1391 1733; x_wconf 76' lang='grc' dir='ltr'><strong>ἀφ’</strong></span> <span class='ocrx_word' id='word_1_648' title='bbox 1403 1696 1432 1726; x_wconf 72' lang='grc' dir='ltr'>οὗ</span> <span class='ocrx_word' id='word_1_649' title='bbox 1448 1701 1499 1735; x_wconf 78' lang='grc' dir='ltr'><strong>γὰρ</strong></span> <span class='ocrx_word' id='word_1_650' title='bbox 1511 1701 1696 1735; x_wconf 74' lang='grc' dir='ltr'>κατεσχῆσῡαί</span> <span class='ocrx_word' id='word_1_651' title='bbox 1709 1709 1791 1735; x_wconf 67' lang='grc' dir='ltr'>φησιν</span> <span class='ocrx_word' id='word_1_652' title='bbox 1804 1701 1856 1727; x_wconf 72' lang='grc' dir='ltr'><strong>αὖ·</strong></span> 
     </span>
    </p>
   </div>
   <div class='ocr_carea' id='block_1_94' title="bbox 1068 1743 1853 1781">
    <p class='ocr_par' dir='ltr' id='par_1_94' title="bbox 1068 1743 1853 1781">
     <span class='ocr_line' id='line_1_94' title="bbox 1068 1743 1853 1781; baseline 0.004 -12"><span class='ocrx_word' id='word_1_653' title='bbox 1068 1743 1116 1779; x_wconf 83' lang='grc' dir='ltr'>τὴν</span> <span class='ocrx_word' id='word_1_654' title='bbox 1146 1744 1197 1776; x_wconf 80' lang='grc' dir='ltr'>ἓως</span> <span class='ocrx_word' id='word_1_655' title='bbox 1220 1744 1277 1776; x_wconf 82' lang='grc' dir='ltr'>νῦν,</span> <span class='ocrx_word' id='word_1_656' title='bbox 1301 1747 1400 1780; x_wconf 85' lang='grc' dir='ltr'>στιγμῇ</span> <span class='ocrx_word' id='word_1_657' title='bbox 1418 1746 1513 1781; x_wconf 71' lang='grc' dir='ltr'>χρόνον</span> <span class='ocrx_word' id='word_1_658' title='bbox 1525 1746 1622 1780; x_wconf 82' lang='grc' dir='ltr'>γένοιτ’</span> <span class='ocrx_word' id='word_1_659' title='bbox 1637 1746 1680 1776; x_wconf 83' lang='grc' dir='ltr'>ἂν,</span> <span class='ocrx_word' id='word_1_660' title='bbox 1694 1748 1719 1772; x_wconf 86' lang='grc' dir='ltr'><strong>εί</strong></span> <span class='ocrx_word' id='word_1_661' title='bbox 1734 1746 1853 1781; x_wconf 66' lang='grc' dir='ltr'>παραδα-</span> 
     </span>
    </p>
   </div>
   <div class='ocr_carea' id='block_1_95' title="bbox 1068 1790 1854 1828">
    <p class='ocr_par' dir='ltr' id='par_1_95' title="bbox 1068 1790 1854 1828">
     <span class='ocr_line' id='line_1_95' title="bbox 1068 1790 1854 1828; baseline 0.004 -13"><span class='ocrx_word' id='word_1_662' title='bbox 1068 1790 1140 1816; x_wconf 84' lang='grc' dir='ltr'>λοιτο</span> <span class='ocrx_word' id='word_1_663' title='bbox 1158 1792 1215 1822; x_wconf 79' lang='grc' dir='ltr'>τοῖς</span> <span class='ocrx_word' id='word_1_664' title='bbox 1238 1791 1415 1826; x_wconf 77' lang='grc' dir='ltr'>προλαϐοῦσιν</span> <span class='ocrx_word' id='word_1_665' title='bbox 1433 1793 1556 1828; x_wconf 79' lang='grc' dir='ltr'>ἀπείροις</span> <span class='ocrx_word' id='word_1_666' title='bbox 1572 1792 1668 1819; x_wconf 77' lang='grc' dir='ltr'>αἰῶσι·</span> <span class='ocrx_word' id='word_1_667' title='bbox 1684 1792 1715 1818; x_wconf 80' lang='grc' dir='ltr'>τὸ</span> <span class='ocrx_word' id='word_1_668' title='bbox 1738 1792 1787 1827; x_wconf 80' lang='grc' dir='ltr'>μὲν</span> <span class='ocrx_word' id='word_1_669' title='bbox 1802 1792 1854 1826; x_wconf 73' lang='grc' dir='ltr'>γὰρ</span> 
     </span>
    </p>
   </div>
   <div class='ocr_carea' id='block_1_96' title="bbox 1069 1833 1854 1872">
    <p class='ocr_par' dir='ltr' id='par_1_96' title="bbox 1069 1833 1854 1872">
     <span class='ocr_line' id='line_1_96' title="bbox 1069 1833 1854 1872; baseline 0.004 -12"><span class='ocrx_word' id='word_1_670' title='bbox 1069 1833 1151 1870; x_wconf 78' lang='grc' dir='ltr'>ἄρχον</span> <span class='ocrx_word' id='word_1_671' title='bbox 1165 1836 1211 1861; x_wconf 77' lang='grc' dir='ltr'>καὶ</span> <span class='ocrx_word' id='word_1_672' title='bbox 1224 1835 1342 1862; x_wconf 80' lang='grc' dir='ltr'>τελειοῦν</span> <span class='ocrx_word' id='word_1_673' title='bbox 1360 1836 1537 1872; x_wconf 80' lang='grc' dir='ltr'>πεπέρασται·</span> <span class='ocrx_word' id='word_1_674' title='bbox 1562 1838 1586 1863; x_wconf 84' lang='grc' dir='ltr'>οἱ</span> <span class='ocrx_word' id='word_1_675' title='bbox 1600 1837 1629 1863; x_wconf 77' lang='grc' dir='ltr'>δὲ</span> <span class='ocrx_word' id='word_1_676' title='bbox 1646 1837 1788 1868; x_wconf 75' lang='grc' dir='ltr'>παντελῶς</span> <span class='ocrx_word' id='word_1_677' title='bbox 1801 1838 1854 1863; x_wconf 73' lang='grc' dir='ltr'>ἀπ-</span> 
     </span>
    </p>
   </div>
   <div class='ocr_carea' id='block_1_97' title="bbox 1070 1880 1537 1918">
    <p class='ocr_par' dir='ltr' id='par_1_97' title="bbox 1070 1880 1537 1918">
     <span class='ocr_line' id='line_1_97' title="bbox 1070 1880 1537 1918; baseline 0.009 -12"><span class='ocrx_word' id='word_1_678' title='bbox 1070 1880 1177 1916; x_wconf 83' lang='grc' dir='ltr'>έραντοι</span> <span class='ocrx_word' id='word_1_679' title='bbox 1193 1882 1272 1909; x_wconf 81' lang='grc' dir='ltr'>ἁῖδιοί</span> <span class='ocrx_word' id='word_1_680' title='bbox 1287 1891 1314 1909; x_wconf 88' lang='grc' dir='ltr'><strong>τε</strong></span> <span class='ocrx_word' id='word_1_681' title='bbox 1326 1884 1372 1910; x_wconf 74' lang='grc' dir='ltr'>καὶ</span> <span class='ocrx_word' id='word_1_682' title='bbox 1387 1884 1537 1918; x_wconf 73' lang='grc' dir='ltr'>ἀγέννητοι.</span> 
     </span>
    </p>
   </div>
   <div class='ocr_carea' id='block_1_98' title="bbox 1108 2022 1852 2060">
    <p class='ocr_par' dir='ltr' id='par_1_98' title="bbox 1108 2022 1852 2060">
     <span class='ocr_line' id='line_1_98' title="bbox 1108 2022 1852 2060; baseline 0.003 -11"><span class='ocrx_word' id='word_1_683' title='bbox 1108 2023 1221 2049; x_wconf 82' lang='grc' dir='ltr'>Ἔπειτα</span> <span class='ocrx_word' id='word_1_684' title='bbox 1233 2022 1384 2058; x_wconf 82' lang='grc' dir='ltr'>εἰλογισμῴ</span> <span class='ocrx_word' id='word_1_685' title='bbox 1399 2023 1544 2051; x_wconf 72' lang='grc' dir='ltr'>ὲκακύνετο</span> <span class='ocrx_word' id='word_1_686' title='bbox 1555 2025 1623 2060; x_wconf 70' lang='grc' dir='ltr'>πρὸς</span> <span class='ocrx_word' id='word_1_687' title='bbox 1639 2024 1688 2059; x_wconf 85' lang='grc' dir='ltr'>τὴν</span> <span class='ocrx_word' id='word_1_688' title='bbox 1704 2025 1852 2052; x_wconf 68' lang='grc' dir='ltr'>ἐπαναπαο</span> 
     </span>
    </p>
   </div>
   <div class='ocr_carea' id='block_1_99' title="bbox 1072 2068 1850 2105">
    <p class='ocr_par' dir='ltr' id='par_1_99' title="bbox 1072 2068 1850 2105">
     <span class='ocr_line' id='line_1_99' title="bbox 1072 2068 1850 2105; baseline 0.005 -12"><span class='ocrx_word' id='word_1_689' title='bbox 1072 2076 1123 2100; x_wconf 81' lang='grc' dir='ltr'>σιν,</span> <span class='ocrx_word' id='word_1_690' title='bbox 1134 2068 1191 2100; x_wconf 86' lang='grc' dir='ltr'><strong>πῶς</strong></span> <span class='ocrx_word' id='word_1_691' title='bbox 1205 2068 1265 2103; x_wconf 72' lang='grc' dir='ltr'>οὐχὶ</span> <span class='ocrx_word' id='word_1_692' title='bbox 1282 2069 1328 2094; x_wconf 81' lang='grc' dir='ltr'>καὶ</span> <span class='ocrx_word' id='word_1_693' title='bbox 1350 2068 1470 2103; x_wconf 87' lang='grc' dir='ltr'>λογισμῷ</span> <span class='ocrx_word' id='word_1_694' title='bbox 1486 2068 1597 2103; x_wconf 75' lang='grc' dir='ltr'><strong>διεκόπη</strong></span> <span class='ocrx_word' id='word_1_695' title='bbox 1616 2069 1647 2095; x_wconf 81' lang='grc' dir='ltr'>τὸ</span> <span class='ocrx_word' id='word_1_696' title='bbox 1663 2070 1792 2097; x_wconf 82' lang='grc' dir='ltr'>ἀδύνατον</span> <span class='ocrx_word' id='word_1_697' title='bbox 1803 2071 1850 2105; x_wconf 70' lang='grc' dir='ltr'>τῆς</span> 
     </span>
    </p>
   </div>
   <div class='ocr_carea' id='block_1_100' title="bbox 1071 2112 1849 2152">
    <p class='ocr_par' dir='ltr' id='par_1_100' title="bbox 1071 2112 1849 2152">
     <span class='ocr_line' id='line_1_100' title="bbox 1071 2112 1849 2152; baseline 0.003 -11"><span class='ocrx_word' id='word_1_698' title='bbox 1071 2116 1266 2151; x_wconf 78' lang='grc' dir='ltr'>ἐπιχειρήσεως</span> <span class='ocrx_word' id='word_1_699' title='bbox 1276 2123 1284 2148; x_wconf 87' lang='grc'>;</span> <span class='ocrx_word' id='word_1_700' title='bbox 1296 2115 1334 2146; x_wconf 84' lang='grc' dir='ltr'>ὡς</span> <span class='ocrx_word' id='word_1_701' title='bbox 1345 2116 1394 2150; x_wconf 83' lang='grc' dir='ltr'><strong>οὐχ</strong></span> <span class='ocrx_word' id='word_1_702' title='bbox 1402 2112 1456 2141; x_wconf 75' lang='grc' dir='ltr'>οἶόν</span> <span class='ocrx_word' id='word_1_703' title='bbox 1469 2124 1498 2141; x_wconf 88' lang='grc' dir='ltr'><strong>τε</strong></span> <span class='ocrx_word' id='word_1_704' title='bbox 1510 2115 1539 2141; x_wconf 83' lang='grc' dir='ltr'><strong>ὂν</strong></span> <span class='ocrx_word' id='word_1_705' title='bbox 1551 2116 1714 2151; x_wconf 76' lang='grc' dir='ltr'>ἐπιδραμεῖν</span> <span class='ocrx_word' id='word_1_706' title='bbox 1730 2117 1849 2152; x_wconf 76' lang='grc' dir='ltr'>ἀηττήτῳ</span> 
     </span>
    </p>
   </div>
   <div class='ocr_carea' id='block_1_101' title="bbox 1072 2161 1848 2198">
    <p class='ocr_par' dir='ltr' id='par_1_101' title="bbox 1072 2161 1848 2198">
     <span class='ocr_line' id='line_1_101' title="bbox 1072 2161 1848 2198; baseline -0.001 -9"><span class='ocrx_word' id='word_1_707' title='bbox 1072 2163 1168 2198; x_wconf 69' lang='grc' dir='ltr'>σοφίας</span> <span class='ocrx_word' id='word_1_708' title='bbox 1183 2162 1243 2188; x_wconf 76' lang='grc' dir='ltr'>ὅθεν</span> <span class='ocrx_word' id='word_1_709' title='bbox 1257 2161 1409 2196; x_wconf 79' lang='grc' dir='ltr'>πεφεύγασι</span> <span class='ocrx_word' id='word_1_710' title='bbox 1423 2161 1632 2196; x_wconf 79' lang='grc' dir='ltr'>προσομολογεῖν</span> <span class='ocrx_word' id='word_1_711' title='bbox 1644 2163 1714 2197; x_wconf 79' lang='grc' dir='ltr'>αὑτῇ</span> <span class='ocrx_word' id='word_1_712' title='bbox 1727 2162 1848 2198; x_wconf 66' lang='grc' dir='ltr'>λογισμόν</span> 
     </span>
    </p>
   </div>
   <div class='ocr_carea' id='block_1_102' title="bbox 1070 2207 1848 2242">
    <p class='ocr_par' dir='ltr' id='par_1_102' title="bbox 1070 2207 1848 2242">
     <span class='ocr_line' id='line_1_102' title="bbox 1070 2207 1848 2242; baseline -0.001 -7"><span class='ocrx_word' id='word_1_713' title='bbox 1070 2217 1100 2235; x_wconf 86' lang='grc' dir='ltr'><strong>τε</strong></span> <span class='ocrx_word' id='word_1_714' title='bbox 1120 2209 1168 2235; x_wconf 78' lang='grc' dir='ltr'>καὶ</span> <span class='ocrx_word' id='word_1_715' title='bbox 1183 2207 1291 2242; x_wconf 78' lang='grc' dir='ltr'>γνῶσιν,</span> <span class='ocrx_word' id='word_1_716' title='bbox 1308 2207 1345 2239; x_wconf 87' lang='grc' dir='ltr'>ὡς</span> <span class='ocrx_word' id='word_1_717' title='bbox 1361 2207 1393 2234; x_wconf 88' lang='grc' dir='ltr'>ἂν</span> <span class='ocrx_word' id='word_1_718' title='bbox 1406 2207 1498 2242; x_wconf 82' lang='grc' dir='ltr'>χώραν</span> <span class='ocrx_word' id='word_1_719' title='bbox 1513 2207 1568 2242; x_wconf 77' lang='grc' dir='ltr'>ἔχοι</span> <span class='ocrx_word' id='word_1_720' title='bbox 1583 2208 1634 2242; x_wconf 77' lang='grc' dir='ltr'>τῆς</span> <span class='ocrx_word' id='word_1_721' title='bbox 1645 2209 1848 2240; x_wconf 75' lang='grc' dir='ltr'>ἐπαναστάσεως</span> 
     </span>
    </p>
   </div>
   <div class='ocr_carea' id='block_1_103' title="bbox 1071 2253 1848 2289">
    <p class='ocr_par' dir='ltr' id='par_1_103' title="bbox 1071 2253 1848 2289">
     <span class='ocr_line' id='line_1_103' title="bbox 1071 2253 1848 2289; baseline 0 -9"><span class='ocrx_word' id='word_1_722' title='bbox 1071 2254 1120 2289; x_wconf 80' lang='grc' dir='ltr'>τῆς</span> <span class='ocrx_word' id='word_1_723' title='bbox 1145 2253 1215 2280; x_wconf 83' lang='grc' dir='ltr'>κατὰ</span> <span class='ocrx_word' id='word_1_724' title='bbox 1243 2253 1309 2279; x_wconf 83' lang='grc' dir='ltr'>Θεοῦ</span> <span class='ocrx_word' id='word_1_725' title='bbox 1334 2254 1365 2280; x_wconf 86' lang='grc' dir='ltr'>τὸ</span> <span class='ocrx_word' id='word_1_726' title='bbox 1390 2254 1516 2288; x_wconf 85' lang='grc' dir='ltr'>πλάσμα·</span> <span class='ocrx_word' id='word_1_727' title='bbox 1545 2254 1591 2280; x_wconf 76' lang='grc' dir='ltr'>καὶ</span> <span class='ocrx_word' id='word_1_728' title='bbox 1618 2254 1774 2288; x_wconf 77' lang='grc' dir='ltr'>ἐπάναγκες</span> <span class='ocrx_word' id='word_1_729' title='bbox 1801 2255 1848 2280; x_wconf 69' lang='grc' dir='ltr'><strong>ὑπὸ</strong></span> 
     </span>
    </p>
   </div>
   <div class='ocr_carea' id='block_1_104' title="bbox 1071 2298 1846 2335">
    <p class='ocr_par' dir='ltr' id='par_1_104' title="bbox 1071 2298 1846 2335">
     <span class='ocr_line' id='line_1_104' title="bbox 1071 2298 1846 2335; baseline 0.001 -10"><span class='ocrx_word' id='word_1_730' title='bbox 1071 2299 1181 2333; x_wconf 85' lang='grc' dir='ltr'>ἀγνοίας</span> <span class='ocrx_word' id='word_1_731' title='bbox 1198 2299 1245 2325; x_wconf 61' lang='grc' dir='ltr'><strong>καὶ⁸</strong></span> <span class='ocrx_word' id='word_1_732' title='bbox 1259 2298 1399 2333; x_wconf 83' lang='grc' dir='ltr'>ἀλογίστου</span> <span class='ocrx_word' id='word_1_733' title='bbox 1417 2300 1521 2333; x_wconf 82' lang='grc' dir='ltr'>φύσεως</span> <span class='ocrx_word' id='word_1_734' title='bbox 1536 2299 1668 2335; x_wconf 74' lang='grc' dir='ltr'>ἑλκομένη</span> <span class='ocrx_word' id='word_1_735' title='bbox 1685 2300 1737 2326; x_wconf 78' lang='grc' dir='ltr'>οὐκ</span> <span class='ocrx_word' id='word_1_736' title='bbox 1752 2300 1846 2331; x_wconf 78' lang='grc' dir='ltr'>ἐκδέξε-</span> 
     </span>
    </p>
   </div>
   <div class='ocr_carea' id='block_1_105' title="bbox 1070 2345 1845 2381">
    <p class='ocr_par' dir='ltr' id='par_1_105' title="bbox 1070 2345 1845 2381">
     <span class='ocr_line' id='line_1_105' title="bbox 1070 2345 1845 2381; baseline 0 -10"><span class='ocrx_word' id='word_1_737' title='bbox 1070 2354 1114 2372; x_wconf 82' lang='grc' dir='ltr'><strong>ται</strong></span> <span class='ocrx_word' id='word_1_738' title='bbox 1126 2345 1254 2380; x_wconf 84' lang='grc' dir='ltr'>ἀπείρους</span> <span class='ocrx_word' id='word_1_739' title='bbox 1271 2345 1318 2371; x_wconf 77' lang='grc' dir='ltr'>καὶ</span> <span class='ocrx_word' id='word_1_740' title='bbox 1330 2345 1533 2381; x_wconf 79' lang='grc' dir='ltr'>ἀποπεράντους</span> <span class='ocrx_word' id='word_1_741' title='bbox 1552 2345 1654 2377; x_wconf 83' lang='grc' dir='ltr'>αἰῶνας</span> <span class='ocrx_word' id='word_1_742' title='bbox 1665 2346 1764 2381; x_wconf 73' lang='grc' dir='ltr'>ἑαυτὴν</span> <span class='ocrx_word' id='word_1_743' title='bbox 1776 2346 1845 2372; x_wconf 78' lang='grc' dir='ltr'>ὁπλί-</span> 
     </span>
    </p>
   </div>
   <div class='ocr_carea' id='block_1_106' title="bbox 1070 2391 1845 2427">
    <p class='ocr_par' dir='ltr' id='par_1_106' title="bbox 1070 2391 1845 2427">
     <span class='ocr_line' id='line_1_106' title="bbox 1070 2391 1845 2427; baseline 0 -9"><span class='ocrx_word' id='word_1_744' title='bbox 1070 2392 1152 2424; x_wconf 81' lang='grc' dir='ltr'>ζουσα</span> <span class='ocrx_word' id='word_1_745' title='bbox 1171 2391 1218 2418; x_wconf 78' lang='grc' dir='ltr'>καὶ</span> <span class='ocrx_word' id='word_1_746' title='bbox 1237 2391 1348 2426; x_wconf 82' lang='grc' dir='ltr'>δυνάμει</span> <span class='ocrx_word' id='word_1_747' title='bbox 1364 2391 1573 2427; x_wconf 80' lang='grc' dir='ltr'>περιϐάλλουσα,</span> <span class='ocrx_word' id='word_1_748' title='bbox 1587 2392 1626 2422; x_wconf 78' lang='grc' dir='ltr'>ὡς</span> <span class='ocrx_word' id='word_1_749' title='bbox 1641 2392 1768 2425; x_wconf 78' lang='grc' dir='ltr'>γενέσθαι</span> <span class='ocrx_word' id='word_1_750' title='bbox 1786 2392 1845 2426; x_wconf 73' lang='grc' dir='ltr'>πρὸς</span> 
     </span>
    </p>
   </div>
   <div class='ocr_carea' id='block_1_107' title="bbox 1069 2437 1845 2474">
    <p class='ocr_par' dir='ltr' id='par_1_107' title="bbox 1069 2437 1845 2474">
     <span class='ocr_line' id='line_1_107' title="bbox 1069 2437 1845 2474; baseline 0 -10"><span class='ocrx_word' id='word_1_751' title='bbox 1069 2438 1119 2474; x_wconf 81' lang='grc' dir='ltr'>τὴν</span> <span class='ocrx_word' id='word_1_752' title='bbox 1149 2437 1249 2473; x_wconf 83' lang='grc' dir='ltr'>τόλμαν</span> <span class='ocrx_word' id='word_1_753' title='bbox 1275 2438 1493 2473; x_wconf 84' lang='grc' dir='ltr'>προχειροτέραν.</span> <span class='ocrx_word' id='word_1_754' title='bbox 1511 2438 1543 2464; x_wconf 77' lang='lat' dir='ltr'><strong>Et</strong></span> <span class='ocrx_word' id='word_1_755' title='bbox 1562 2438 1616 2473; x_wconf 72' lang='grc' dir='ltr'><strong>γὰρ</strong></span> <span class='ocrx_word' id='word_1_756' title='bbox 1637 2437 1669 2472; x_wconf 80' lang='grc' dir='ltr'>δὴ</span> <span class='ocrx_word' id='word_1_757' title='bbox 1695 2438 1742 2464; x_wconf 76' lang='grc' dir='ltr'>καὶ</span> <span class='ocrx_word' id='word_1_758' title='bbox 1756 2438 1845 2464; x_wconf 71' lang='grc' dir='ltr'>πλείων</span> 
     </span>
    </p>
   </div>
   <div class='ocr_carea' id='block_1_108' title="bbox 1070 2481 1847 2518">
    <p class='ocr_par' dir='ltr' id='par_1_108' title="bbox 1070 2481 1847 2518">
     <span class='ocr_line' id='line_1_108' title="bbox 1070 2481 1847 2518; baseline -0.001 -8"><span class='ocrx_word' id='word_1_759' title='bbox 1070 2484 1191 2518; x_wconf 77' lang='grc' dir='ltr'>ἐγίγνετο</span> <span class='ocrx_word' id='word_1_760' title='bbox 1205 2481 1245 2515; x_wconf 81' lang='grc' dir='ltr'>οἷς</span> <span class='ocrx_word' id='word_1_761' title='bbox 1262 2484 1367 2518; x_wconf 77' lang='grc' dir='ltr'>ἐγέννα,</span> <span class='ocrx_word' id='word_1_762' title='bbox 1387 2484 1443 2510; x_wconf 76' lang='grc' dir='ltr'>ἀλλ’</span> <span class='ocrx_word' id='word_1_763' title='bbox 1461 2482 1521 2510; x_wconf 75' lang='grc' dir='ltr'>οὗτε</span> <span class='ocrx_word' id='word_1_764' title='bbox 1536 2492 1568 2517; x_wconf 87' lang='grc' dir='ltr'><strong>γε</strong></span> <span class='ocrx_word' id='word_1_765' title='bbox 1583 2483 1633 2518; x_wconf 76' lang='grc' dir='ltr'>τὴν</span> <span class='ocrx_word' id='word_1_766' title='bbox 1646 2483 1737 2518; x_wconf 79' lang='grc' dir='ltr'>ὁρμὴν</span> <span class='ocrx_word' id='word_1_767' title='bbox 1749 2483 1795 2518; x_wconf 84' lang='grc' dir='ltr'>τῆς</span> <span class='ocrx_word' id='word_1_768' title='bbox 1805 2484 1847 2518; x_wconf 59' lang='lat' dir='ltr'><strong>et}-</strong></span> 
     </span>
    </p>
   </div>
   <div class='ocr_carea' id='block_1_109' title="bbox 1071 2529 1866 2566">
    <p class='ocr_par' dir='ltr' id='par_1_109' title="bbox 1071 2529 1866 2566">
     <span class='ocr_line' id='line_1_109' title="bbox 1071 2529 1866 2566; baseline -0.001 -9"><span class='ocrx_word' id='word_1_769' title='bbox 1071 2540 1139 2562; x_wconf 84' lang='grc' dir='ltr'>σεως</span> <span class='ocrx_word' id='word_1_770' title='bbox 1149 2531 1288 2566; x_wconf 77' lang='grc' dir='ltr'>ηὐξάνετο,</span> <span class='ocrx_word' id='word_1_771' title='bbox 1300 2530 1359 2557; x_wconf 75' lang='grc' dir='ltr'>οὐδὲ</span> <span class='ocrx_word' id='word_1_772' title='bbox 1373 2529 1577 2565; x_wconf 74' lang='grc' dir='ltr'>προσελάμϐανέ</span> <span class='ocrx_word' id='word_1_773' title='bbox 1588 2538 1614 2555; x_wconf 83' lang='grc' dir='ltr'><strong>τι</strong></span> <span class='ocrx_word' id='word_1_774' title='bbox 1624 2530 1729 2565; x_wconf 80' lang='grc' dir='ltr'>ταύτης</span> <span class='ocrx_word' id='word_1_775' title='bbox 1738 2530 1768 2556; x_wconf 79' lang='grc' dir='ltr'>τὸ</span> <span class='ocrx_word' id='word_1_776' title='bbox 1777 2539 1845 2561; x_wconf 78' lang='grc' dir='ltr'>φυσι-</span> <span class='ocrx_word' id='word_1_777' title='bbox 1864 2548 1866 2556; x_wconf 53' lang='grc' dir='ltr'><strong>ι</strong></span> 
     </span>
    </p>
   </div>
   <div class='ocr_carea' id='block_1_110' title="bbox 1070 2565 1865 2612">
    <p class='ocr_par' dir='ltr' id='par_1_110' title="bbox 1070 2565 1865 2612">
     <span class='ocr_line' id='line_1_110' title="bbox 1070 2565 1865 2612; baseline -0.004 -8"><span class='ocrx_word' id='word_1_778' title='bbox 1070 2578 1117 2604; x_wconf 73' lang='grc' dir='ltr'><strong>κὸν</strong></span> <span class='ocrx_word' id='word_1_779' title='bbox 1132 2565 1242 2612; x_wconf 82' lang='grc' dir='ltr'>κίνημα·</span> <span class='ocrx_word' id='word_1_780' title='bbox 1253 2577 1305 2604; x_wconf 81' lang='grc' dir='ltr'>οὐδ’</span> <span class='ocrx_word' id='word_1_781' title='bbox 1315 2577 1348 2604; x_wconf 83' lang='grc' dir='ltr'>ἂν</span> <span class='ocrx_word' id='word_1_782' title='bbox 1359 2576 1520 2611; x_wconf 74' lang='grc' dir='ltr'>ὲδείξατοίὸ)</span> <span class='ocrx_word' id='word_1_783' title='bbox 1531 2575 1639 2611; x_wconf 76' lang='grc' dir='ltr'>πρῶτον</span> <span class='ocrx_word' id='word_1_784' title='bbox 1649 2584 1682 2610; x_wconf 85' lang='grc' dir='ltr'><strong>γε</strong></span> <span class='ocrx_word' id='word_1_785' title='bbox 1694 2575 1844 2611; x_wconf 63' lang='grc' dir='ltr'>αὐξηθῆναι,</span> <span class='ocrx_word' id='word_1_786' title='bbox 1861 2565 1865 2598; x_wconf 59' lang='grc' dir='ltr'>ξ</span> 
     </span>
    </p>
   </div>
   <div class='ocr_carea' id='block_1_111' title="bbox 1070 2621 1846 2658">
    <p class='ocr_par' dir='ltr' id='par_1_111' title="bbox 1070 2621 1846 2658">
     <span class='ocr_line' id='line_1_111' title="bbox 1070 2621 1846 2658; baseline -0.001 -8"><span class='ocrx_word' id='word_1_787' title='bbox 1070 2623 1117 2650; x_wconf 67' lang='grc' dir='ltr'>καὶ</span> <span class='ocrx_word' id='word_1_788' title='bbox 1138 2623 1224 2655; x_wconf 77' lang='grc' dir='ltr'>οὕτως</span> <span class='ocrx_word' id='word_1_789' title='bbox 1245 2623 1437 2658; x_wconf 78' lang='grc' dir='ltr'>ὲπαναστῆνιαι·</span> <span class='ocrx_word' id='word_1_790' title='bbox 1451 2622 1529 2649; x_wconf 81' lang='grc' dir='ltr'>τοῦτο</span> <span class='ocrx_word' id='word_1_791' title='bbox 1543 2622 1596 2657; x_wconf 79' lang='grc' dir='ltr'><strong>γὰρ</strong></span> <span class='ocrx_word' id='word_1_792' title='bbox 1610 2621 1727 2657; x_wconf 76' lang='grc' dir='ltr'>λογικῆς</span> <span class='ocrx_word' id='word_1_793' title='bbox 1751 2622 1846 2656; x_wconf 72' lang='grc' dir='ltr'>φύσεος</span> 
     </span>
    </p>
   </div>
   <div class='ocr_carea' id='block_1_112' title="bbox 1071 2668 1432 2704">
    <p class='ocr_par' dir='ltr' id='par_1_112' title="bbox 1071 2668 1432 2704">
     <span class='ocr_line' id='line_1_112' title="bbox 1071 2668 1432 2704; baseline 0.003 -10"><span class='ocrx_word' id='word_1_794' title='bbox 1071 2668 1195 2704; x_wconf 81' lang='grc' dir='ltr'>προθέσει</span> <span class='ocrx_word' id='word_1_795' title='bbox 1207 2677 1273 2704; x_wconf 62' lang='lat' dir='ltr'><strong>mw}</strong></span> <span class='ocrx_word' id='word_1_796' title='bbox 1277 2669 1432 2704; x_wconf 73' lang='grc' dir='ltr'>ρευομένης.</span> 
     </span>
    </p>
   </div>
  </div>
