1900 3070
18 75 87 108 "toea
559 81 742 111 aovmsus
763 83 768 110 1

910 82 976 110 EOS
992 80 1058 111 LIB.
1077 80 1099 111 ι.
1593 86 1660 116 ωειο

53 137 116 169 Πῶς
128 137 158 164 δὲ
173 139 227 164 κα⁴¹ι
241 138 354 174 αὔξησις
365 139 413 174 τῆς
430 139 529 171 κακίας
541 140 639 174 γένοιτ’
657 141 689 168 ἂν
703 142 719 176 ἦ
734 149 803 177 προσ

908 141 1048 174 Quomodo
1064 146 1154 169 autem
1172 143 1264 178 augeri
1281 147 1387 178 poterat
1411 143 1533 179 nequitia
1550 144 1588 178 (id
1604 149 1658 177 est,

21 186 88 219 Cran
109 184 166 210 τῶν
186 185 352 220 προϐολῶν;
374 186 405 212 Εἰ
427 186 480 222 γὰρ
498 184 537 218 οἷς
564 188 646 222 γεννᾷ
667 187 771 214 τελειοῦ

911 187 1000 223 lanas)
1021 188 1178 216 accessione
1203 189 1324 217 sobolis?
1346 190 1369 218 si
1386 191 1458 217 enim
1480 190 1515 217 iis
1531 198 1601 225 quos
1619 192 1660 226 gi-

20 230 57 260 zi;
75 229 192 262 κακίαν,
205 231 306 266 ἀτελὴς
320 229 354 267 ἦν
372 233 388 267 ἡ
404 233 497 265 κακία,
512 233 558 260 καὶ
577 234 627 260 οὐκ
638 231 672 269 ἦν
689 236 718 262 ὲν
733 235 768 261 ἀκ

908 234 981 266 cbat,
997 234 1031 261 ad
1045 234 1194 270 nequitiam
1206 235 1356 270 perﬁcitur,
1368 235 1526 271 imperfecta
1538 241 1598 264 erat
1609 245 1658 265 ne-

19 282 77 308 τητι
93 275 200 307 κακίας
212 284 220 290 ε
239 277 263 302 εί
286 277 313 302 δὲ
328 277 419 304 τελεία
436 278 482 304 καὶ
501 279 583 314 ἄκρα,
601 280 672 305 κατὰ.
685 280 730 306 τὸν
753 280 769 306 ii

905 280 967 312 .itia,
985 284 1011 307 et
1026 287 1079 307 non
1096 284 1155 307 erat
1176 280 1203 307 in
1219 288 1326 307 summo
1338 285 1364 308 et
1377 280 1487 316 fastigio
1507 283 1655 317 nequitiae:

20 320 105 354 λόγον,
121 321 251 358 ἑκάτερα
268 323 407 356 τάναντία,
427 324 554 359 οὐδαμῶς
564 324 727 358 αὐξάνεσθαι
747 326 770 352 δέ

908 334 914 353 l
931 334 994 354 vero
1013 331 1072 354 erat
1089 326 1210 361 perfecta
1233 331 1260 354 et
1285 334 1391 353 summa
1404 327 1552 355 secundum
1573 328 1658 354 ratio-

20 366 135 401 ἡκακία
158 367 208 394 διὰ
224 368 279 395 τῶν
302 369 526 404 προϐολῶννούδὲ
549 370 757 407 θαρσαλεωτέρα

907 379 931 398 m
948 372 1096 407 propriam,
1113 379 1210 399 rursus
1227 371 1338 399 minime
1353 371 1488 400 videbitur
1503 374 1596 408 augeri
1613 381 1657 400 ne-

20 414 138 448 νήσεται,
154 414 260 450 λογικὴ
274 416 312 450 μὴ
325 413 402 449 οὖσα,
417 417 477 443 οὐδὲ
493 417 561 452 πρὸς
576 417 737 453 ἐπικουρίαν
751 418 770 444 ἑ‹

906 418 953 445 itia
972 426 1021 453 per
1043 418 1264 453 propagationem
1285 422 1485 453 generatorum,
1506 427 1594 454 neque
1612 420 1656 447 [iet

20 460 64 494 τῆς
88 460 306 496 παραλήψεται·
333 461 402 495 δόξει
424 463 478 499 γὰρ
505 464 558 499 πρὸ
582 464 631 499 τῆς
655 464 770 495 τεκνὼσε

906 463 1028 490 daciorel
1037 464 1229 499 praelidentior,
1243 472 1366 491 cumnon
1377 464 1413 492 sit
1426 466 1560 501 particeps
1572 467 1656 494 ratio-

20 506 113 542 ἀτελὴς
134 507 284 541 γεγονέναι
307 508 336 535 οὐ
360 509 439 544 μόνον
467 509 534 546 πρὸς
553 510 652 537 κακίαν
674 511 690 545 ὴ
710 518 770 536 κακι

903 518 926 543 ι;
951 518 1001 537 nec
1020 510 1053 537 ad
1070 510 1199 538 auxilium
1216 518 1296 538 suum
1311 511 1449 538 adhibebit
1460 520 1529 547 quos
1544 514 1653 547 genuit;

19 552 81 578 ἀλλὰ
105 553 154 578 καί
181 554 256 589 πρὸς
283 555 360 589 ἰσχὺν
382 555 428 581 καὶ
451 555 546 591 ῥώμην
586 556 654 591 ὅπερ
675 555 769 590 mm

905 556 968 591 oqui
990 556 1123 584 videbitur
1146 560 1290 592 antequam
1305 563 1478 592 procrearet,
1498 558 1653 594 imperfecta

19 600 165 635 ἁγεννήτου
170 619 177 626 ,

903 602 955 630 isse
979 610 1033 629 non
1060 603 1148 629 solum
1170 603 1291 637 nequitia
1312 603 1346 630 ad
1366 604 1527 638 nequitiam,
1552 604 1600 632 sed
1620 605 1653 632 ad

868 648 939 676 vires
959 652 985 675 et
998 648 1100 681 robur;
1116 648 1188 683 quod
1202 648 1320 676 alienum
1335 654 1378 677 est
1393 650 1428 677 ab
1449 650 1580 685 ingenito.

357 701 422 729 CAP.
443 702 513 730 XVI.
530 702 631 730 Seditio
650 703 719 730 inter
731 708 808 731 natos
825 703 891 730 mali
910 703 1043 738 principii.
1061 703 1198 736 Quomodo
1212 703 1317 731 sedata.

51 747 100 773 Τὸν
120 747 148 773 δὲ
175 747 282 782 τρόπον
306 747 356 783 τῆς
382 748 592 780 ἐπαναστάσεως
616 749 801 784 εἰσηγούμενος

900 749 1056 784 Explanans
1070 753 1161 777 autem
1177 749 1287 777 modutn
1303 749 1446 778 seditionis
1462 750 1544 785 hujus
1563 751 1650 785 factae,

20 788 132 828 ταύτης,Δ
151 794 242 828 φησίν
252 802 260 809 ’
278 794 413 821 Ἤλαυνον
426 796 473 821 καὶ
486 795 631 831 κατήσθιον
645 797 669 822 οἱ
683 795 712 827 ἐξ
727 796 770 822 αύτ

907 796 925 827 i,
949 795 1048 830 inquit,
1072 803 1105 823 ex
1126 803 1157 822 ea
1178 795 1234 822 nati
1253 800 1332 827 sunt.
1358 803 1387 823 se
1410 801 1505 824 mutuo
1528 798 1652 826 inscctati

21 840 153 874 ἀλλήλοις,
170 840 252 867 δεινὰ
266 841 313 867 καὶ
327 841 432 876 χαλεπὰ
443 841 623 874 διατιθέντες·
639 843 687 869 καὶ
703 843 733 869 οὐ
747 851 771 878 πί

901 847 928 868 nt
947 846 974 868 et
994 842 1205 873 devoraverunt,
1225 841 1293 868 dura
1310 845 1337 868 et
1366 842 1458 876 gravia
1487 844 1582 877 passi;
1604 851 1651 871 ne-

21 894 94 921 τερον
105 886 270 913 ἐπαύσαντο
286 887 410 922 ἀλλήλοις
422 888 641 923 ἐπανιστάμενοι,
660 888 728 924 αὐτῇ
741 888 769 914 λέ

902 895 916 914 c
942 887 1018 922 prius
1049 886 1215 914 destiterunt
1240 887 1268 914 in
1291 895 1321 914 se
1345 887 1419 922 ipsos
1443 889 1545 916 moveri
1569 897 1651 924 quam

23 932 93 967 φησὶ,
110 933 214 968 μέχρις
237 931 268 960 οὗ
284 933 314 960 τὸ
335 933 392 968 φῶς
410 933 459 969 ὀψέ
482 943 547 960 ποτε
564 934 725 970 ἐφώρασαν⁵
748 935 773 961 δι

903 941 955 961 nen
975 940 1037 960 sero
1051 933 1161 960 tandem
1181 931 1324 966 viderent;
1346 933 1389 961 his
1408 933 1479 961 enim
1493 935 1583 962 verbis
1598 935 1651 962 uti-

21 978 125 1013 πιόμενοι
138 978 197 1014 γὰρ
223 979 272 1005 ἀπ’
291 978 425 1015 ἀλλήλων,
444 980 603 1014 ἀγνοοῦντες
620 981 678 1015 μὲν,
693 981 767 1016 ὅμως

902 987 925 1012 ';
950 985 965 1005 a
984 987 1013 1006 se
1035 979 1107 1006 enim
1130 978 1182 1014 ipsi
1206 979 1333 1014 exagitati
1358 987 1421 1006 cum
1439 980 1539 1016 alioqui
1565 982 1652 1009 nesci-

23 1024 204 1060 τετολμήκασι
220 1025 269 1051 καὶ
286 1024 365 1060 μέχρι
376 1025 422 1051 τοῦ
440 1025 530 1060 φωτὸς
545 1026 706 1060 ἀναχθῆναι.
717 1026 772 1052 Καὶ

899 1030 932 1057 at,
945 1025 981 1052 ita
999 1029 1090 1052 tamen
1105 1027 1163 1053 ausi
1178 1030 1242 1053 sunt
1257 1034 1342 1061 usque
1357 1027 1390 1052 ad
1403 1026 1492 1054 lumen
1509 1027 1649 1056 accedere.

22 1070 48 1105 δὴ
63 1070 164 1096 τούτων
185 1069 392 1106 ἀπιθανώτεροι)
407 1071 424 1106 ἢ
437 1071 653 1106 μυθωδέστερον;
672 1071 734 1102 τοὺς
748 1075 772 1106 μΙ

900 1070 964 1105 quid
988 1070 1030 1098 bis
1053 1070 1242 1098 incredibilius
1266 1075 1292 1098 et
1319 1071 1406 1106 magis
1429 1072 1648 1099 commentitium

25 1117 67 1150 μὲν
89 1116 333 1152 ἐπιγραφομένους
350 1117 472 1152 μητέρα,
489 1117 634 1152 συγγενείᾳ
654 1116 682 1143 δὲ
705 1117 775 1152 φύσει

897 1124 908 1143 s
923 1116 968 1151 qui
985 1123 1066 1142 unam
1086 1119 1200 1143 matrem
1220 1117 1271 1144 sibi
1293 1117 1434 1144 ascribunt
1448 1121 1476 1145 et
1498 1117 1647 1150 vindicant,

23 1163 185 1196 ἡνωμένους,
199 1162 328 1198 ἀλλήλοις
342 1162 504 1197 ἐπιφύεσθαι
519 1164 618 1198 μάτην,
630 1164 676 1189 καὶ
690 1162 772 1198 ἀλλήλ

904 1163 1068 1196 cognatione
1091 1166 1195 1189 natura:
1206 1162 1294 1197 juncti
1313 1168 1387 1194 sunt.
1404 1164 1431 1190 in
1452 1172 1481 1191 se
1498 1165 1572 1199 ipsos
1592 1164 1649 1191 fru-

24 1208 53 1233 τὰ
64 1209 129 1244 μέλη
145 1208 316 1240 κατεσθίειν,
326 1209 371 1235 καὶ
384 1209 516 1244 μηδέποτε
529 1209 622 1245 λήγειν
633 1208 712 1236 τοῦτο
725 1209 774 1245 δρᾶ

897 1215 917 1233 'a
933 1207 1072 1240 invadere,
1102 1213 1129 1235 et
1147 1208 1269 1236 vicissim
1291 1209 1414 1236 membra
1430 1217 1479 1237 sua
1504 1210 1647 1244 devorare,

24 1262 82 1286 τα;;
101 1255 192 1290 Ὅπερ
208 1255 233 1280 εί
248 1255 295 1281 καὶ
307 1254 405 1290 ἀληθὲς
425 1253 468 1290 ἦν,
487 1254 589 1290 βέλτιον
599 1253 633 1289 ἦν
649 1255 747 1286 αὐτοὺς
764 1255 774 1281 ί

906 1260 1046 1288 nunquam
1069 1253 1098 1281 in
1118 1254 1169 1281 hac
1188 1262 1218 1282 re
1244 1255 1370 1282 cessare?
1387 1255 1465 1288 Quod
1489 1256 1599 1291 quidem
1625 1257 1648 1284 si

25 1300 120 1327 ἑαυτῶν
133 1301 348 1328 ἀναλίσκεσθαι·
363 1302 410 1328 καὶ
431 1302 519 1336 μάτην
530 1302 544 1328 ὀ
567 1302 679 1336 ἀνόητος
696 1301 774 1334 ἁταξί

895 1307 954 1326 rum
978 1303 1047 1332 erat,
1077 1300 1225 1334 praestabat
1246 1300 1320 1335 ipsos
1335 1309 1349 1328 a
1369 1309 1398 1329 se
1417 1301 1484 1336 ipsis
1502 1303 1625 1330 consumi
1641 1313 1645 1330 :

24 1346 95 1373 καλεῖ
106 1347 136 1374 τὸ
147 1348 292 1383 συμφέρον
302 1356 308 1362 ·
324 1347 426 1382 ταύτης
440 1347 494 1383 γὰρ
511 1347 625 1382 μάλιστα
644 1347 693 1382 τῆς
710 1347 774 1374 κακί

910 1338 1027 1373 inaniter
1043 1345 1155 1373 demens
1180 1345 1377 1381 (Manichacus)
1405 1347 1530 1380 ἀταξίαν,
1555 1348 1581 1376 id
1596 1354 1647 1380 est,

25 1392 137 1428 ὁρίζεται
149 1393 201 1429 τὴν
217 1393 271 1429 πρὸ
285 1393 387 1429 κόσμου
405 1393 533 1426 ἀταξίαν·
548 1393 580 1428 ἣν
597 1392 691 1428 ὥσπερ
709 1392 775 1419 λνπο

896 1391 1092 1419 rturbationem
1107 1392 1214 1420 ordinis
1230 1399 1310 1419 vocat
1325 1393 1406 1425 ineo,
1420 1394 1491 1428 quod
1504 1395 1570 1421 utile
1585 1400 1626 1422 est
1641 1407 1646 1422 :

26 1446 97 1472 μενος
111 1439 160 1473 τῆς
174 1439 243 1475 ὕλης
258 1439 343 1471 οὕτως
357 1439 493 1475 ὀνομάζει,
507 1440 548 1466 ὅτι
564 1439 600 1474 μὴ
616 1439 776 1474 προσηκόντ‹

901 1437 925 1464 ie
936 1438 1008 1464 enim
1026 1437 1156 1473 nequitia:
1169 1438 1282 1465 ascribit
1293 1441 1320 1465 et
1331 1439 1453 1473 assignat
1466 1439 1649 1474 perturbatio‘

25 1484 64 1518 ὑφ’
75 1485 173 1520 ἑαυτῆς
188 1486 366 1522 ἀνηλίσκετο“
384 1486 431 1512 καὶ
441 1485 535 1522 ὥσπερ
548 1494 591 1517 τις
607 1485 682 1519 φίλος
694 1484 775 1519 ταύτῃ

899 1490 922 1509 m
947 1482 1052 1510 ordinis
1076 1488 1139 1510 ante
1159 1484 1307 1517 mundum;
1329 1491 1410 1520 quam
1428 1484 1467 1511 sic
1481 1490 1571 1518 vocat,
1588 1489 1649 1512 tan-

24 1530 157 1565 ἀδημονῶν
176 1532 221 1566 ἐφ’
240 1529 281 1564 οἷς
299 1532 398 1567 ἑαυτὴν
412 1531 609 1562 κατέϐλαπτεν,
629 1530 743 1563 ἀταξίαν
760 1539 774 1557 κ

899 1537 943 1556 am
959 1529 1060 1562 doleat,
1083 1533 1111 1557 et
1125 1537 1155 1557 se
1182 1530 1312 1558 misereat
1334 1531 1470 1563 materiae,
1494 1531 1567 1566 quod
1593 1539 1647 1559 non

25 1576 74 1602 λεῐ·
87 1577 104 1603 ἃ.
117 1578 313 1613 συμφερόντως
327 1577 387 1604 καθ’
398 1577 496 1612 ἑαυτῆς
508 1577 572 1612 ἔδρα
581 1586 588 1591 ·
605 1576 664 1603 δέον
681 1575 773 1608 εὐταξί

896 1575 937 1603 ius
951 1583 966 1602 a
981 1584 1010 1603 se
1036 1576 1095 1610 ipsa
1111 1575 1216 1603 utiliter
1232 1579 1259 1604 et
1275 1576 1470 1603 convenienter
1484 1583 1646 1612 consumpta

25 1622 68 1657 τὴν
81 1623 212 1650 ἀνωτάτω
222 1624 345 1654 καλέσαι,
354 1624 383 1650 τὸ
397 1623 554 1659 φθείρεσθαι
565 1631 597 1657 γε
612 1622 656 1657 ὑφ’
665 1622 763 1655 ἑαυτοῦ

897 1625 950 1654 set;
966 1625 993 1649 et
1005 1627 1132 1656 tanquam
1146 1620 1255 1655 quidam
1268 1621 1371 1648 amicus
1385 1620 1466 1655 hujus
1481 1628 1598 1649 maerens
1614 1628 1647 1649 ac

26 1669 109 1696 κακόν.
119 1669 148 1695 '0
164 1670 204 1697 δὲ.
221 1671 379 1702 Ἰἰτάκτουν,
389 1671 464 1705 φησὶ,
477 1669 524 1696 καὶ
535 1669 644 1705 ἠδίκουν
660 1668 773 1704 ἀλλήλου

897 1668 979 1694 aviter
993 1667 1098 1700 dolens,
1112 1667 1184 1702 quod
1197 1666 1250 1694 sibi
1265 1667 1415 1698 nocuisset,
1430 1674 1490 1701 qum
1505 1670 1600 1694 contra
1618 1675 1647 1695 se

26 1713 52 1738 τὸ
67 1714 121 1747 φῶς
131 1715 159 1741 δὲ
181 1715 283 1746 ἰδόντες
298 1715 461 1742 ὲπαύσαντοζ

895 1714 966 1741 iliter
983 1713 1056 1746 fecit,
1072 1714 1100 1741 in
1122 1714 1156 1740 iis
1176 1713 1406 1748 perturbationem
1429 1714 1533 1741 ordinis
1555 1718 1644 1746 vocat,

26 1766 81 1785 cum
93 1760 203 1788 deberet
217 1762 307 1796 potius
319 1762 543 1796 compositionem
555 1761 660 1788 ordinis
689 1760 947 1788 excellentissimam
973 1767 1080 1792 rocare,
1113 1759 1225 1787 interire
1254 1759 1359 1786 scilicet
1376 1759 1476 1787 malum
1510 1768 1525 1786 a
1543 1760 1645 1795 seipso.

28 1804 67 1831 llle
81 1810 169 1833 autem
184 1807 235 1838 ait,
260 1807 287 1833 ln
311 1807 467 1842 perturbato
493 1807 589 1834 ordine
623 1811 712 1838 crant,
730 1812 756 1834 et
771 1807 823 1834 sibi
840 1806 914 1840 utter
939 1814 969 1833 se
984 1806 1138 1839 nocebant;
1162 1806 1218 1833 viso
1236 1809 1326 1832 autem
1343 1806 1445 1833 lumine
1476 1806 1643 1834 desiverunt.

56 1853 156 1880 Οὐκοῦν
172 1855 355 1882 ἐπεϐούλευσε
374 1855 413 1890 τῷ
434 1855 599 1891 συμφέροντι
611 1855 642 1881 τὺ
659 1855 727 1889 φῶς,
747 1854 805 1889 εἴγε

895 1853 978 1888 Igitur
1009 1854 1165 1881 insidiatum
1187 1856 1229 1880 est
1249 1853 1339 1879 lumen
1356 1852 1475 1885 utilitati,
1500 1853 1522 1879 si
1536 1853 1644 1887 quidem

27 1899 82 1930 τοὺς
96 1902 198 1932 κακοὺς
217 1900 339 1936 ἀλλήλων
352 1901 496 1936 ἐρρύσατο,
513 1902 560 1927 καὶ
580 1901 674 1936 ὥσπερ
694 1900 777 1936 φάρμι

894 1900 946 1927 llos
966 1907 980 1926 a
1000 1903 1093 1926 mutua
1112 1899 1185 1926 caede
1208 1898 1341 1929 liberavit,
1364 1904 1390 1925 et
1411 1903 1540 1933 tanquam
1556 1899 1644 1925 medi-

27 1952 69 1970 κον
88 1946 179 1982 ἰατροῦ
206 1946 374 1982 εὐηργέτησε
397 1947 459 1978 τοὺς
484 1947 636 1978 νοσοῦντας.
654 1946 710 1972 υὺκ
729 1944 762 1981 ἦν

894 1953 921 1972 ιιιι
944 1945 1042 1973 medici
1067 1945 1168 1980 profuit
1188 1945 1306 1980 aegrotis.
1331 1944 1365 1970 At
1389 1951 1442 1971 non
1468 1944 1644 1971 conveniebat

27 1990 88 2025 πρὸς
110 1992 214 2026 ἀγαθοῦ
231 1992 373 2027 φείσασθαι
388 1991 433 2018 τοῦ
448 1992 544 2023 κακοῦ,
567 1993 606 2023 εἰς
623 1992 653 2018 τὸ
669 1992 777 2027 διαμένε

893 2000 943 2026 ιηο,
965 1997 993 2020 ut
1010 1996 1131 2027 parceret
1153 1992 1234 2023 malo,
1258 1996 1284 2019 et
1302 1992 1401 2019 sineret
1423 1998 1579 2025 permanere
1600 1990 1643 2017 in-

27 2037 68 2062 καὶ
81 2036 214 2069 σώζεσθαι
227 2058 233 2070 ,
259 2039 305 2065 καὶ
323 2037 360 2073 μὴ
373 2039 417 2072 ὑφ’
436 2036 534 2064 ἑαυτοῦ
552 2037 757 2065 ἀναλίσκεσθαι.
775 2061 777 2063 ,

892 2039 977 2072 ηΙιιιηθ,
992 2044 1018 2066 et
1033 2046 1087 2065 non
1104 2038 1205 2065 sineret
1217 2045 1232 2064 a
1248 2045 1277 2065 se
1292 2038 1350 2072 ipso
1364 2037 1499 2064 consumi.
1517 2036 1545 2064 Si
1560 2036 1642 2067 enim,

27 2081 74 2117 γὰρ
93 2083 135 2118 ὑφ’
148 2085 247 2111 ἑαυτοῦ
264 2084 435 2111 δαπανᾶσθαι
446 2084 524 2111 τοῦτο
543 2084 714 2115 διεκώλυσεν,
730 2085 777 2111 ἅντ

920 2092 934 2110 a
955 2092 985 2111 se
1010 2087 1229 2115 consumeretur.
1247 2083 1298 2110 boc
1319 2083 1468 2118 prohibuit,
1488 2083 1546 2118 ipse
1563 2082 1644 2117 plane

28 2136 87 2163 κρυς
97 2129 177 2161 αὐτὸς
191 2131 352 2166 διετήρησεν
365 2130 430 2157 αὐτό
442 2138 448 2145 ·
467 2130 514 2157 καὶ
528 2130 569 2165 εἴη
584 2130 616 2156 ἂν
627 2129 778 2165 ἁληϐἑστερ

894 2130 978 2157 rvavit
993 2130 1092 2165 ipsum,
1108 2133 1235 2164 essetque
1246 2129 1334 2156 verior
1348 2128 1454 2162 ἀταξία,
1468 2128 1493 2156 id
1506 2133 1557 2160 est,
1570 2129 1644 2156 aber-

29 2176 99 2203 τοῦτο
115 2178 224 2211 ἀταξία,
241 2179 255 2204 ὅ
273 2186 338 2213 φησι
354 2177 402 2212 τὴν
419 2176 532 2209 ἀταξίαν
552 2176 731 2202 πεπαυκέναι.
743 2176 779 2201 ’⁷0

893 2176 929 2202 tio
946 2183 961 2202 a
979 2176 1051 2203 bono
1073 2176 1168 2202 ordine
1190 2175 1242 2202 hoe
1260 2175 1331 2209 quod
1352 2175 1400 2204 ait.
1425 2175 1558 2202 sublatam
1583 2183 1643 2202 esse

28 2222 109 2249 τοίνυν
124 2225 192 2260 αὐτῇ
208 2225 279 2256 λέξει
294 2224 402 2258 φησὶνή
421 2223 484 2257 παρ’
502 2222 592 2253 αὶτοῖς
610 2221 699 2256 βίϐλος
710 2229 716 2235 ·
734 2221 776 2257 Πρ

891 2221 1089 2248 ητιιινὺθιὶοιιειη
1104 2220 1218 2248 ordinis.
1241 2219 1286 2247 Sic
1302 2221 1384 2255 igitur
1404 2223 1445 2247 est
1467 2219 1493 2246 in
1512 2219 1582 2247 libro
1595 2221 1641 2255 qui

30 2267 151 2304 ἀλλήλους
166 2270 367 2302 στασιάζοντες,
392 2270 563 2296 ἐπεπόλασαν
578 2269 624 2295 καὶ¹
648 2268 727 2305 μέχρι
751 2268 780 2294 τᾶ

893 2267 930 2294 ηιιά
952 2267 1026 2302 ipsos
1040 2267 1128 2294 fertur
1142 2276 1148 2294 :
1163 2265 1297 2294 seditione
1313 2266 1385 2294 inter
1408 2265 1481 2300 ipsos
1496 2270 1566 2297 orta,
1583 2274 1643 2300 pro-

31 2315 165 2351 μεθορίων,
181 2319 230 2345 καὶ
242 2318 272 2344 τὸ
284 2317 341 2352 φῶς
355 2315 436 2349 εἷδον,
451 2316 542 2351 θέαμά
559 2325 584 2342 τι
602 2315 744 2342 κάλλιστον
758 2323 781 2341 κε

890 2316 967 2339 erunt
992 2320 1079 2347 usque
1103 2312 1136 2339 ad
1157 2311 1322 2344 conﬁnium,
1347 2315 1374 2339 et
1390 2312 1514 2339 viderunt
1539 2311 1640 2344 lumen,

30 2361 241 2397 εὐπρεπέστατον
254 2373 260 2379 ·
279 2365 348 2391 τότε.
374 2363 426 2390 ὑπὸ
447 2363 497 2398 τῆς
519 2364 548 2389 ἐν
559 2362 650 2393 αὐτοῖς
673 2361 780 2396 κινήσεο

893 2359 1044 2386 :ctaculum
1071 2358 1207 2393 quoddam
1234 2357 1448 2393 pulcherrimum
1471 2362 1499 2385 et
1523 2358 1642 2385 maxime

31 2407 223 2443 ἐνθουσιῶντες,
237 2411 307 2437 κατὰ
330 2410 378 2436 τοῦ
392 2410 479 2444 eme;
502 2408 705 2438 ἐϐουλεύσαντο.
727 2407 752 2433 τί
773 2407 781 2433 ἱ

891 2412 988 2432 eorum
1007 2414 1014 2431 :
1035 2408 1099 2431 tunc
1115 2404 1296 2431 commotione
1316 2411 1364 2430 sua
1387 2403 1414 2430 in
1436 2403 1569 2431 insaniam
1590 2403 1641 2430 acti

32 2455 183 2490 ποιήσαντες
199 2458 322 2484 δύναιντο
335 2457 368 2484 ἂν
383 2457 480 2487 αὐτοὺς
492 2455 530 2490 τῷ
549 2455 684 2490 κρείττονι
706 2461 782 2487 συγκε

895 2451 1084 2478 nsultaverunt
1097 2451 1131 2478 de
1144 2450 1244 2477 lumine
1259 2449 1323 2484 quid
1344 2449 1499 2477 faciendum
1514 2454 1597 2481 esset,
1614 2453 1642 2476 ut

34 2501 119 2534 pint;
133 2504 217 2531 Τοῦτο
229 2503 257 2531 δὲ
278 2503 438 2538 λογίσασθαι
460 2503 509 2536 οὐχ
531 2498 581 2528 οἷοί
601 2509 630 2528 τε
643 2498 724 2536 ἦσαν,
748 2499 784 2525 ax

903 2505 964 2524 cum
984 2504 1016 2524 eo
1035 2496 1110 2531 quod
1129 2495 1303 2530 praestantius
1324 2500 1382 2522 erat
1405 2495 1561 2523 miscerent.
1587 2494 1642 2522 Hoc

33 2546 154 2586 ἐπιθυμία
168 2552 214 2578 τοῦ
243 2551 396 2587 κρείττονος
421 2550 486 2576 ἴδιον
510 2548 622 2584 θήραμα
647 2547 783 2582 νομίσαντε

898 2548 951 2571 tem
969 2543 1088 2578 cogitare
1112 2550 1166 2570 non
1183 2546 1320 2577 poterant,
1350 2541 1397 2568 sed
1419 2549 1474 2576 pne
1496 2542 1644 2578 cupiditate

32 2593 114 2628 αὐτοῖς
127 2597 246 2630 ἔσεσθαι,
267 2597 359 2624 πολλοὶ
375 2596 451 2627 ὄντες
473 2593 733 2630 ἐπεστρατεύσαντο.

892 2589 980 2616 elioris
996 2588 1119 2616 arbitrati
1137 2587 1255 2615 futuram
1278 2594 1340 2615 esse
1354 2587 1491 2622 propriam
1513 2588 1642 2623 praedam,

859 2642 920 2662 cum
940 2633 1016 2661 multi
1030 2637 1132 2666 essent,
1149 2633 1299 2661 exercitum
1320 2632 1468 2659 instruunt.

530 2696 594 2724 CAP.
612 2694 692 2722 XVII.
710 2693 874 2721 Desiderium
887 2692 1000 2720 hominis
1018 2694 1122 2719 ίνυηιιηιΔ

67 2741 191 2773 Λανθάνει
206 2746 234 2774 δὲ
248 2749 304 2779 τοῖς
321 2747 372 2782 τῆς
382 2745 482 2785 κακίας
494 2745 561 2776 υἱοῖς
574 2743 608 2771 τὰ
622 2743 729 2770 πάντων
740 2741 806 2768 κάλ-

894 2740 1071 2777 llanichzeus.
1093 2746 1153 2774 qua:
1175 2741 1239 2765 sunt
1262 2737 1384 2765 omnium
1406 2736 1590 2772 pulcherrima
1616 2741 1643 2764 et

37 2783 105 2816 74m
128 2793 335 2830 προμαρτυρῶν.
362 2782 392 2820 El
408 2792 462 2828 γὰρ
485 2791 515 2818 τὸ
535 2791 675 2818 κάλλιστον
697 2788 744 2816 καὶ
762 2788 787 2814 εὖ

893 2787 1018 2822 llissima,
1044 2785 1107 2814 ﬁliis
1129 2785 1257 2821 nequitiae
1276 2784 1431 2814 testimonio
1451 2791 1501 2812 suo
1517 2782 1642 2812 nesciens
