  <div class='ocr_page' id='page_1' title='image "/cluster/home/n/w/nwhite01/storage/ocr_20150623/18/njp.32101077772455/883.png"; bbox 0 0 1900 3070; ppageno 0'>
   <div class='ocr_carea' id='block_1_1' title="bbox 266 88 330 116">
    <p class='ocr_par' dir='ltr' id='par_1_1' title="bbox 266 88 330 116">
     <span class='ocr_line' id='line_1_1' title="bbox 266 88 330 116; baseline -0.016 -1"><span class='ocrx_word' id='word_1_1' title='bbox 266 88 330 116; x_wconf 77' lang='grc'><strong>1091</strong></span> 
     </span>
    </p>
   </div>
   <div class='ocr_carea' id='block_1_2' title="bbox 833 86 1306 117">
    <p class='ocr_par' dir='ltr' id='par_1_2' title="bbox 833 86 1306 117">
     <span class='ocr_line' id='line_1_2' title="bbox 833 86 1306 117; baseline 0 -3"><span class='ocrx_word' id='word_1_2' title='bbox 833 86 900 114; x_wconf 85' lang='lat' dir='ltr'><strong>TITI</strong></span> <span class='ocrx_word' id='word_1_3' title='bbox 919 86 1132 114; x_wconf 76' lang='lat' dir='ltr'><strong>BOSTRENSIS</strong></span> <span class='ocrx_word' id='word_1_4' title='bbox 1145 86 1306 117; x_wconf 75' lang='lat' dir='ltr'><strong>,EPlStZOPI</strong></span> 
     </span>
    </p>
   </div>
   <div class='ocr_carea' id='block_1_3' title="bbox 1829 88 1886 115">
    <p class='ocr_par' dir='ltr' id='par_1_3' title="bbox 1829 88 1886 115">
     <span class='ocr_line' id='line_1_3' title="bbox 1829 88 1886 115; baseline 0.035 -2"><span class='ocrx_word' id='word_1_5' title='bbox 1829 88 1838 113; x_wconf 83' lang='lat' dir='ltr'><strong>I</strong></span> <span class='ocrx_word' id='word_1_6' title='bbox 1844 88 1886 115; x_wconf 61' lang='lat'><strong>01&#39;!</strong></span> 
     </span>
    </p>
   </div>
   <div class='ocr_carea' id='block_1_4' title="bbox 265 143 1046 180">
    <p class='ocr_par' dir='ltr' id='par_1_4' title="bbox 265 143 1046 179">
     <span class='ocr_line' id='line_1_4' title="bbox 265 143 1046 179; baseline -0.001 -7"><span class='ocrx_word' id='word_1_7' title='bbox 265 145 370 172; x_wconf 86' lang='lat' dir='ltr'><strong>tribuit.</strong></span> <span class='ocrx_word' id='word_1_8' title='bbox 386 143 490 172; x_wconf 86' lang='lat' dir='ltr'><strong>Etenim</strong></span> <span class='ocrx_word' id='word_1_9' title='bbox 507 144 530 172; x_wconf 91' lang='lat' dir='ltr'><strong>si</strong></span> <span class='ocrx_word' id='word_1_10' title='bbox 546 144 619 179; x_wconf 85' lang='lat' dir='ltr'><strong>quod</strong></span> <span class='ocrx_word' id='word_1_11' title='bbox 633 149 675 172; x_wconf 87' lang='lat' dir='ltr'><strong>est</strong></span> <span class='ocrx_word' id='word_1_12' title='bbox 689 144 905 179; x_wconf 83' lang='lat' dir='ltr'><strong>pulcherrimum</strong></span> <span class='ocrx_word' id='word_1_13' title='bbox 923 149 950 173; x_wconf 90' lang='lat' dir='ltr'><strong>et</strong></span> <span class='ocrx_word' id='word_1_14' title='bbox 964 144 1046 172; x_wconf 73' lang='lat' dir='ltr'><strong>maxi-</strong></span> 
     </span>
    </p>
   </div>
   <div class='ocr_carea' id='block_1_5' title="bbox 1101 143 1886 180">
    <p class='ocr_par' dir='ltr' id='par_1_5' title="bbox 1104 143 1886 180">
     <span class='ocr_line' id='line_1_5' title="bbox 1104 143 1886 180; baseline -0.001 -9"><span class='ocrx_word' id='word_1_15' title='bbox 1104 145 1292 180; x_wconf 75' lang='grc' dir='ltr'>πρεπέστατον</span> <span class='ocrx_word' id='word_1_16' title='bbox 1319 144 1457 180; x_wconf 82' lang='grc' dir='ltr'>ἐρασμίως</span> <span class='ocrx_word' id='word_1_17' title='bbox 1491 143 1575 177; x_wconf 80' lang='grc' dir='ltr'>εἶδον,</span> <span class='ocrx_word' id='word_1_18' title='bbox 1601 145 1648 172; x_wconf 73' lang='grc' dir='ltr'>καὶ</span> <span class='ocrx_word' id='word_1_19' title='bbox 1674 144 1886 179; x_wconf 70' lang='grc' dir='ltr'>ἐπιθυμήσαντες</span> 
     </span>
    </p>
   </div>
   <div class='ocr_carea' id='block_1_6' title="bbox 265 191 1050 225">
    <p class='ocr_par' dir='ltr' id='par_1_6' title="bbox 265 191 1050 225">
     <span class='ocr_line' id='line_1_6' title="bbox 265 191 1050 225; baseline -0.001 -6"><span class='ocrx_word' id='word_1_20' title='bbox 265 199 310 220; x_wconf 91' lang='lat' dir='ltr'><strong>me</strong></span> <span class='ocrx_word' id='word_1_21' title='bbox 323 192 444 219; x_wconf 87' lang='lat' dir='ltr'><strong>omnium</strong></span> <span class='ocrx_word' id='word_1_22' title='bbox 467 191 608 224; x_wconf 82' lang='lat' dir='ltr'><strong>decorum,</strong></span> <span class='ocrx_word' id='word_1_23' title='bbox 629 195 754 218; x_wconf 88' lang='lat' dir='ltr'><strong>amanter</strong></span> <span class='ocrx_word' id='word_1_24' title='bbox 771 191 909 224; x_wconf 89' lang='lat' dir='ltr'><strong>viderunt,</strong></span> <span class='ocrx_word' id='word_1_25' title='bbox 928 196 955 218; x_wconf 85' lang='lat' dir='ltr'><strong>et</strong></span> <span class='ocrx_word' id='word_1_26' title='bbox 971 191 1050 225; x_wconf 91' lang='lat' dir='ltr'><strong>cupi-</strong></span> 
     </span>
    </p>
   </div>
   <div class='ocr_carea' id='block_1_7' title="bbox 263 237 1052 272">
    <p class='ocr_par' dir='ltr' id='par_1_7' title="bbox 263 237 1052 272">
     <span class='ocr_line' id='line_1_7' title="bbox 263 237 1052 272; baseline 0 -7"><span class='ocrx_word' id='word_1_27' title='bbox 263 238 349 266; x_wconf 83' lang='lat' dir='ltr'><strong>ditate</strong></span> <span class='ocrx_word' id='word_1_28' title='bbox 372 238 475 265; x_wconf 85' lang='lat' dir='ltr'><strong>incensi</strong></span> <span class='ocrx_word' id='word_1_29' title='bbox 500 237 636 272; x_wconf 86' lang='lat' dir='ltr'><strong>propriam</strong></span> <span class='ocrx_word' id='word_1_30' title='bbox 659 237 776 271; x_wconf 67' lang='lat' dir='ltr'><strong>praedam</strong></span> <span class='ocrx_word' id='word_1_31' title='bbox 798 245 859 265; x_wconf 90' lang='lat' dir='ltr'><strong>esse</strong></span> <span class='ocrx_word' id='word_1_32' title='bbox 879 237 1052 265; x_wconf 82' lang='lat' dir='ltr'><strong>existimave-</strong></span> 
     </span>
    </p>
   </div>
   <div class='ocr_carea' id='block_1_8' title="bbox 263 282 1052 318">
    <p class='ocr_par' dir='ltr' id='par_1_8' title="bbox 263 282 1052 318">
     <span class='ocr_line' id='line_1_8' title="bbox 263 282 1052 318; baseline 0 -8"><span class='ocrx_word' id='word_1_33' title='bbox 263 287 339 315; x_wconf 84' lang='lat' dir='ltr'><strong>runt,</strong></span> <span class='ocrx_word' id='word_1_34' title='bbox 359 283 443 318; x_wconf 89' lang='lat' dir='ltr'><strong>liquet</strong></span> <span class='ocrx_word' id='word_1_35' title='bbox 471 287 545 310; x_wconf 85' lang='lat' dir='ltr'><strong>recte</strong></span> <span class='ocrx_word' id='word_1_36' title='bbox 569 283 699 310; x_wconf 87' lang='lat' dir='ltr'><strong>sensisse.</strong></span> <span class='ocrx_word' id='word_1_37' title='bbox 722 282 813 316; x_wconf 82' lang='lat' dir='ltr'><strong>Quare</strong></span> <span class='ocrx_word' id='word_1_38' title='bbox 835 283 981 311; x_wconf 83' lang='lat' dir='ltr'><strong>consilium</strong></span> <span class='ocrx_word' id='word_1_39' title='bbox 1004 290 1052 310; x_wconf 83' lang='lat' dir='ltr'><strong>ca-</strong></span> 
     </span>
    </p>
   </div>
   <div class='ocr_carea' id='block_1_9' title="bbox 264 329 1051 364">
    <p class='ocr_par' dir='ltr' id='par_1_9' title="bbox 264 329 1051 364">
     <span class='ocr_line' id='line_1_9' title="bbox 264 329 1051 364; baseline 0.003 -9"><span class='ocrx_word' id='word_1_40' title='bbox 264 329 352 364; x_wconf 89' lang='lat' dir='ltr'><strong>piunt,</strong></span> <span class='ocrx_word' id='word_1_41' title='bbox 363 329 409 364; x_wconf 88' lang='lat' dir='ltr'><strong>qui</strong></span> <span class='ocrx_word' id='word_1_42' title='bbox 425 337 479 356; x_wconf 90' lang='lat' dir='ltr'><strong>non</strong></span> <span class='ocrx_word' id='word_1_43' title='bbox 497 333 562 356; x_wconf 87' lang='lat' dir='ltr'><strong>sunt</strong></span> <span class='ocrx_word' id='word_1_44' title='bbox 578 329 691 356; x_wconf 89' lang='lat' dir='ltr'><strong>rationis</strong></span> <span class='ocrx_word' id='word_1_45' title='bbox 703 329 859 364; x_wconf 80' lang='lat' dir='ltr'><strong>participes.</strong></span> <span class='ocrx_word' id='word_1_46' title='bbox 870 329 1007 364; x_wconf 86' lang='lat' dir='ltr'><strong>quomodo</strong></span> <span class='ocrx_word' id='word_1_47' title='bbox 1022 337 1051 357; x_wconf 91' lang='lat' dir='ltr'><strong>se</strong></span> 
     </span>
    </p>
   </div>
   <div class='ocr_carea' id='block_1_10' title="bbox 256 375 1050 410">
    <p class='ocr_par' dir='ltr' id='par_1_10' title="bbox 256 375 1050 410">
     <span class='ocr_line' id='line_1_10' title="bbox 256 375 1050 410; baseline 0 -8"><span class='ocrx_word' id='word_1_48' title='bbox 256 375 316 410; x_wconf 75' lang='lat' dir='ltr'><strong>ipsi</strong></span> <span class='ocrx_word' id='word_1_49' title='bbox 332 383 394 402; x_wconf 91' lang='lat' dir='ltr'><strong>cum</strong></span> <span class='ocrx_word' id='word_1_50' title='bbox 407 375 513 402; x_wconf 80' lang='lat' dir='ltr'><strong>lumine</strong></span> <span class='ocrx_word' id='word_1_51' title='bbox 530 375 684 408; x_wconf 84' lang='lat' dir='ltr'><strong>misceant;</strong></span> <span class='ocrx_word' id='word_1_52' title='bbox 710 379 736 402; x_wconf 85' lang='lat' dir='ltr'><strong>et</strong></span> <span class='ocrx_word' id='word_1_53' title='bbox 760 376 924 410; x_wconf 77' lang='lat' dir='ltr'><strong>relinquitur</strong></span> <span class='ocrx_word' id='word_1_54' title='bbox 937 395 945 407; x_wconf 86' lang='lat'><strong>,</strong></span> <span class='ocrx_word' id='word_1_55' title='bbox 966 380 996 402; x_wconf 91' lang='lat' dir='ltr'><strong>ut</strong></span> <span class='ocrx_word' id='word_1_56' title='bbox 1007 375 1050 402; x_wconf 86' lang='lat' dir='ltr'><strong>in-</strong></span> 
     </span>
    </p>
   </div>
   <div class='ocr_carea' id='block_1_11' title="bbox 257 421 1050 456">
    <p class='ocr_par' dir='ltr' id='par_1_11' title="bbox 257 421 1050 456">
     <span class='ocr_line' id='line_1_11' title="bbox 257 421 1050 456; baseline 0 -9"><span class='ocrx_word' id='word_1_57' title='bbox 257 422 336 448; x_wconf 69' lang='lat' dir='ltr'><strong>‘vidia</strong></span> <span class='ocrx_word' id='word_1_58' title='bbox 359 426 440 454; x_wconf 76' lang='lat' dir='ltr'><strong>esset,</strong></span> <span class='ocrx_word' id='word_1_59' title='bbox 466 428 520 448; x_wconf 92' lang='lat' dir='ltr'><strong>non</strong></span> <span class='ocrx_word' id='word_1_60' title='bbox 542 421 699 456; x_wconf 84' lang='lat' dir='ltr'><strong>permittere</strong></span> <span class='ocrx_word' id='word_1_61' title='bbox 729 421 790 448; x_wconf 89' lang='lat' dir='ltr'><strong>istis</strong></span> <span class='ocrx_word' id='word_1_62' title='bbox 810 421 862 447; x_wconf 92' lang='lat' dir='ltr'><strong>frui</strong></span> <span class='ocrx_word' id='word_1_63' title='bbox 886 421 979 448; x_wconf 89' lang='lat' dir='ltr'><strong>bono:</strong></span> <span class='ocrx_word' id='word_1_64' title='bbox 997 428 1050 447; x_wconf 91' lang='lat' dir='ltr'><strong>non</strong></span> 
     </span>
    </p>
   </div>
   <div class='ocr_carea' id='block_1_12' title="bbox 263 466 1052 495">
    <p class='ocr_par' dir='ltr' id='par_1_12' title="bbox 263 466 1052 495">
     <span class='ocr_line' id='line_1_12' title="bbox 263 466 1052 495; baseline 0 -1"><span class='ocrx_word' id='word_1_65' title='bbox 263 467 336 495; x_wconf 85' lang='lat' dir='ltr'><strong>enim</strong></span> <span class='ocrx_word' id='word_1_66' title='bbox 356 472 416 495; x_wconf 86' lang='lat' dir='ltr'><strong>erat</strong></span> <span class='ocrx_word' id='word_1_67' title='bbox 429 474 520 495; x_wconf 82' lang='lat' dir='ltr'><strong>sermo</strong></span> <span class='ocrx_word' id='word_1_68' title='bbox 536 466 678 495; x_wconf 74' lang='lat' dir='ltr'><strong>Manichzei</strong></span> <span class='ocrx_word' id='word_1_69' title='bbox 698 472 839 495; x_wconf 87' lang='lat' dir='ltr'><strong>constans.</strong></span> <span class='ocrx_word' id='word_1_70' title='bbox 856 467 886 494; x_wconf 88' lang='lat' dir='ltr'><strong>Si</strong></span> <span class='ocrx_word' id='word_1_71' title='bbox 902 468 973 495; x_wconf 88' lang='lat' dir='ltr'><strong>enim</strong></span> <span class='ocrx_word' id='word_1_72' title='bbox 988 475 1052 495; x_wconf 81' lang='lat' dir='ltr'><strong>con-</strong></span> 
     </span>
    </p>
   </div>
   <div class='ocr_carea' id='block_1_13' title="bbox 255 513 1049 548">
    <p class='ocr_par' dir='ltr' id='par_1_13' title="bbox 255 513 1049 548">
     <span class='ocr_line' id='line_1_13' title="bbox 255 513 1049 548; baseline 0 -7"><span class='ocrx_word' id='word_1_73' title='bbox 255 518 307 541; x_wconf 70' lang='lat' dir='ltr'><strong>&#39;tra</strong></span> <span class='ocrx_word' id='word_1_74' title='bbox 319 522 348 541; x_wconf 86' lang='lat' dir='ltr'><strong>se</strong></span> <span class='ocrx_word' id='word_1_75' title='bbox 365 513 548 546; x_wconf 86' lang='lat' dir='ltr'><strong>insaniebant,</strong></span> <span class='ocrx_word' id='word_1_76' title='bbox 563 514 704 548; x_wconf 84' lang='lat' dir='ltr'><strong>oportebat</strong></span> <span class='ocrx_word' id='word_1_77' title='bbox 715 514 823 548; x_wconf 87' lang='lat' dir='ltr'><strong>quidem</strong></span> <span class='ocrx_word' id='word_1_78' title='bbox 838 514 975 541; x_wconf 81' lang='lat' dir='ltr'><strong>dimittere</strong></span> <span class='ocrx_word' id='word_1_79' title='bbox 991 521 1049 546; x_wconf 84' lang='lat' dir='ltr'><strong>eos,</strong></span> 
     </span>
    </p>
   </div>
   <div class='ocr_carea' id='block_1_14' title="bbox 264 558 1050 593">
    <p class='ocr_par' dir='ltr' id='par_1_14' title="bbox 264 558 1050 593">
     <span class='ocr_line' id='line_1_14' title="bbox 264 558 1050 593; baseline 0.001 -8"><span class='ocrx_word' id='word_1_80' title='bbox 264 562 294 585; x_wconf 87' lang='lat' dir='ltr'><strong>ut</strong></span> <span class='ocrx_word' id='word_1_81' title='bbox 311 566 326 585; x_wconf 91' lang='lat' dir='ltr'><strong>a</strong></span> <span class='ocrx_word' id='word_1_82' title='bbox 347 566 378 585; x_wconf 89' lang='lat' dir='ltr'><strong>se</strong></span> <span class='ocrx_word' id='word_1_83' title='bbox 398 558 465 593; x_wconf 89' lang='lat' dir='ltr'><strong>ipsis</strong></span> <span class='ocrx_word' id='word_1_84' title='bbox 482 558 636 585; x_wconf 89' lang='lat' dir='ltr'><strong>interirent.</strong></span> <span class='ocrx_word' id='word_1_85' title='bbox 663 558 692 584; x_wconf 88' lang='lat' dir='ltr'><strong>Si</strong></span> <span class='ocrx_word' id='word_1_86' title='bbox 707 558 845 586; x_wconf 89' lang='lat' dir='ltr'><strong>desiderio</strong></span> <span class='ocrx_word' id='word_1_87' title='bbox 861 559 973 586; x_wconf 88' lang='lat' dir='ltr'><strong>luminis</strong></span> <span class='ocrx_word' id='word_1_88' title='bbox 988 563 1050 586; x_wconf 88' lang='lat' dir='ltr'><strong>tan-</strong></span> 
     </span>
    </p>
   </div>
   <div class='ocr_carea' id='block_1_15' title="bbox 256 603 1050 638">
    <p class='ocr_par' dir='ltr' id='par_1_15' title="bbox 256 603 1050 638">
     <span class='ocr_line' id='line_1_15' title="bbox 256 603 1050 638; baseline 0.001 -8"><span class='ocrx_word' id='word_1_89' title='bbox 256 611 346 638; x_wconf 56' lang='lat' dir='ltr'><strong>Iquam</strong></span> <span class='ocrx_word' id='word_1_90' title='bbox 367 603 504 638; x_wconf 81' lang='lat' dir='ltr'><strong>elegantes</strong></span> <span class='ocrx_word' id='word_1_91' title='bbox 519 603 691 635; x_wconf 84' lang='lat' dir='ltr'><strong>tenebantur,</strong></span> <span class='ocrx_word' id='word_1_92' title='bbox 716 603 861 631; x_wconf 85' lang='lat' dir='ltr'><strong>honestum</strong></span> <span class='ocrx_word' id='word_1_93' title='bbox 884 605 966 632; x_wconf 86' lang='lat' dir='ltr'><strong>etiam</strong></span> <span class='ocrx_word' id='word_1_94' title='bbox 991 609 1050 632; x_wconf 85' lang='lat' dir='ltr'><strong>erat</strong></span> 
     </span>
    </p>
   </div>
   <div class='ocr_carea' id='block_1_16' title="bbox 263 648 1052 681">
    <p class='ocr_par' dir='ltr' id='par_1_16' title="bbox 263 648 1052 681">
     <span class='ocr_line' id='line_1_16' title="bbox 263 648 1052 681; baseline 0.001 -5"><span class='ocrx_word' id='word_1_95' title='bbox 263 649 304 676; x_wconf 89' lang='lat' dir='ltr'><strong>eis</strong></span> <span class='ocrx_word' id='word_1_96' title='bbox 318 648 479 681; x_wconf 87' lang='lat' dir='ltr'><strong>concedere,</strong></span> <span class='ocrx_word' id='word_1_97' title='bbox 492 652 522 676; x_wconf 92' lang='lat' dir='ltr'><strong>ut</strong></span> <span class='ocrx_word' id='word_1_98' title='bbox 538 648 705 676; x_wconf 85' lang='lat' dir='ltr'><strong>fruerentur.</strong></span> <span class='ocrx_word' id='word_1_99' title='bbox 720 649 855 676; x_wconf 85' lang='lat' dir='ltr'><strong>Decorum</strong></span> <span class='ocrx_word' id='word_1_100' title='bbox 868 650 942 677; x_wconf 89' lang='lat' dir='ltr'><strong>enim</strong></span> <span class='ocrx_word' id='word_1_101' title='bbox 957 653 984 677; x_wconf 87' lang='lat' dir='ltr'><strong>et</strong></span> <span class='ocrx_word' id='word_1_102' title='bbox 994 650 1052 677; x_wconf 78' lang='lat' dir='ltr'><strong>lau-</strong></span> 
     </span>
    </p>
   </div>
   <div class='ocr_carea' id='block_1_17' title="bbox 263 694 1051 723">
    <p class='ocr_par' dir='ltr' id='par_1_17' title="bbox 263 694 1051 723">
     <span class='ocr_line' id='line_1_17' title="bbox 263 694 1051 723; baseline 0.003 -3"><span class='ocrx_word' id='word_1_103' title='bbox 263 694 354 722; x_wconf 88' lang='lat' dir='ltr'><strong>dabile</strong></span> <span class='ocrx_word' id='word_1_104' title='bbox 370 694 482 721; x_wconf 90' lang='lat' dir='ltr'><strong>omnino</strong></span> <span class='ocrx_word' id='word_1_105' title='bbox 505 698 547 721; x_wconf 90' lang='lat' dir='ltr'><strong>est</strong></span> <span class='ocrx_word' id='word_1_106' title='bbox 565 694 713 721; x_wconf 88' lang='lat' dir='ltr'><strong>secundum</strong></span> <span class='ocrx_word' id='word_1_107' title='bbox 739 700 863 722; x_wconf 85' lang='lat' dir='ltr'><strong>naturam</strong></span> <span class='ocrx_word' id='word_1_108' title='bbox 886 695 1051 723; x_wconf 76' lang='lat' dir='ltr'><strong>desiderium</strong></span> 
     </span>
    </p>
   </div>
   <div class='ocr_carea' id='block_1_18' title="bbox 263 736 1050 776">
    <p class='ocr_par' dir='ltr' id='par_1_18' title="bbox 263 736 1050 776">
     <span class='ocr_line' id='line_1_18' title="bbox 263 736 1050 776; baseline -0.001 -8"><span class='ocrx_word' id='word_1_109' title='bbox 263 741 339 773; x_wconf 85' lang='lat' dir='ltr'><strong>boni,</strong></span> <span class='ocrx_word' id='word_1_110' title='bbox 359 748 413 776; x_wconf 93' lang='lat' dir='ltr'><strong>quo</strong></span> <span class='ocrx_word' id='word_1_111' title='bbox 428 740 481 767; x_wconf 85' lang='lat' dir='ltr'><strong>frui</strong></span> <span class='ocrx_word' id='word_1_112' title='bbox 497 736 553 767; x_wconf 86' lang='lat' dir='ltr'><strong>non</strong></span> <span class='ocrx_word' id='word_1_113' title='bbox 564 744 721 774; x_wconf 88' lang='lat' dir='ltr'><strong>potuerunt,</strong></span> <span class='ocrx_word' id='word_1_114' title='bbox 738 740 809 767; x_wconf 91' lang='lat' dir='ltr'><strong>sicut</strong></span> <span class='ocrx_word' id='word_1_115' title='bbox 825 741 863 767; x_wconf 89' lang='lat' dir='ltr'><strong>ait</strong></span> <span class='ocrx_word' id='word_1_116' title='bbox 874 741 921 775; x_wconf 90' lang='lat' dir='ltr'><strong>qui</strong></span> <span class='ocrx_word' id='word_1_117' title='bbox 937 740 1050 776; x_wconf 75' lang='lat' dir='ltr'><strong>dogma-</strong></span> 
     </span>
    </p>
   </div>
   <div class='ocr_carea' id='block_1_19' title="bbox 263 786 1052 822">
    <p class='ocr_par' dir='ltr' id='par_1_19' title="bbox 263 786 1052 822">
     <span class='ocr_line' id='line_1_19' title="bbox 263 786 1052 822; baseline 0 -8"><span class='ocrx_word' id='word_1_118' title='bbox 263 791 290 814; x_wconf 85' lang='lat' dir='ltr'><strong>ta</strong></span> <span class='ocrx_word' id='word_1_119' title='bbox 303 786 445 814; x_wconf 68' lang='lat' dir='ltr'><strong>Manicbwi</strong></span> <span class='ocrx_word' id='word_1_120' title='bbox 460 786 586 820; x_wconf 88' lang='lat' dir='ltr'><strong>scripsit;</strong></span> <span class='ocrx_word' id='word_1_121' title='bbox 603 793 665 812; x_wconf 91' lang='lat' dir='ltr'><strong>cum</strong></span> <span class='ocrx_word' id='word_1_122' title='bbox 681 786 780 821; x_wconf 84' lang='lat' dir='ltr'><strong>alioqui</strong></span> <span class='ocrx_word' id='word_1_123' title='bbox 795 787 992 818; x_wconf 78' lang='lat' dir='ltr'><strong>desiderarent,</strong></span> <span class='ocrx_word' id='word_1_124' title='bbox 1004 795 1052 822; x_wconf 91' lang='lat' dir='ltr'><strong>po-</strong></span> 
     </span>
    </p>
   </div>
   <div class='ocr_carea' id='block_1_20' title="bbox 1103 189 1887 226">
    <p class='ocr_par' dir='ltr' id='par_1_20' title="bbox 1103 189 1887 226">
     <span class='ocr_line' id='line_1_20' title="bbox 1103 189 1887 226; baseline -0.001 -10"><span class='ocrx_word' id='word_1_125' title='bbox 1103 189 1212 226; x_wconf 85' lang='grc' dir='ltr'>θήραμα</span> <span class='ocrx_word' id='word_1_126' title='bbox 1232 190 1297 216; x_wconf 79' lang='grc' dir='ltr'>ἴδιον</span> <span class='ocrx_word' id='word_1_127' title='bbox 1319 191 1447 226; x_wconf 80' lang='grc' dir='ltr'><strong>ἐνόμισαν</strong></span> <span class='ocrx_word' id='word_1_128' title='bbox 1472 191 1555 222; x_wconf 73' lang='grc' dir='ltr'>αὐτὸ,</span> <span class='ocrx_word' id='word_1_129' title='bbox 1572 190 1668 225; x_wconf 82' lang='grc' dir='ltr'>δῆλον,</span> <span class='ocrx_word' id='word_1_130' title='bbox 1697 190 1736 220; x_wconf 83' lang='grc' dir='ltr'><strong>ὡς</strong></span> <span class='ocrx_word' id='word_1_131' title='bbox 1763 189 1841 224; x_wconf 76' lang='grc' dir='ltr'>ὀρθοί</span> <span class='ocrx_word' id='word_1_132' title='bbox 1863 199 1887 222; x_wconf 72' lang='grc' dir='ltr'><strong>τε</strong></span> 
     </span>
    </p>
   </div>
   <div class='ocr_carea' id='block_1_21' title="bbox 1102 234 1889 273">
    <p class='ocr_par' dir='ltr' id='par_1_21' title="bbox 1102 234 1889 273">
     <span class='ocr_line' id='line_1_21' title="bbox 1102 234 1889 273; baseline 0.001 -11"><span class='ocrx_word' id='word_1_133' title='bbox 1102 234 1171 271; x_wconf 85' lang='grc' dir='ltr'>ἦσαν</span> <span class='ocrx_word' id='word_1_134' title='bbox 1184 237 1233 273; x_wconf 85' lang='grc' dir='ltr'>τὴν</span> <span class='ocrx_word' id='word_1_135' title='bbox 1245 237 1387 272; x_wconf 76' lang='grc' dir='ltr'><strong>ὑπόληψιν.</strong></span> <span class='ocrx_word' id='word_1_136' title='bbox 1408 237 1489 264; x_wconf 82' lang='grc' dir='ltr'>Ὥστε</span> <span class='ocrx_word' id='word_1_137' title='bbox 1513 238 1561 264; x_wconf 67' lang='grc' dir='ltr'><strong>καὶ</strong></span> <span class='ocrx_word' id='word_1_138' title='bbox 1579 237 1756 272; x_wconf 76' lang='grc' dir='ltr'><strong>βουλεύονται</strong></span> <span class='ocrx_word' id='word_1_139' title='bbox 1775 237 1801 262; x_wconf 81' lang='grc' dir='ltr'>οἱ</span> <span class='ocrx_word' id='word_1_140' title='bbox 1818 236 1889 270; x_wconf 63' lang='grc' dir='ltr'>λόγου</span> 
     </span>
    </p>
   </div>
   <div class='ocr_carea' id='block_1_22' title="bbox 1104 281 1889 319">
    <p class='ocr_par' dir='ltr' id='par_1_22' title="bbox 1104 281 1889 319">
     <span class='ocr_line' id='line_1_22' title="bbox 1104 281 1889 319; baseline 0 -11"><span class='ocrx_word' id='word_1_141' title='bbox 1104 281 1141 318; x_wconf 86' lang='grc' dir='ltr'>μὴ</span> <span class='ocrx_word' id='word_1_142' title='bbox 1165 283 1337 318; x_wconf 80' lang='grc' dir='ltr'><strong>μετέχοντες,</strong></span> <span class='ocrx_word' id='word_1_143' title='bbox 1362 284 1436 315; x_wconf 82' lang='grc' dir='ltr'><strong>ὅπως</strong></span> <span class='ocrx_word' id='word_1_144' title='bbox 1458 284 1490 310; x_wconf 77' lang='grc' dir='ltr'>ἂν</span> <span class='ocrx_word' id='word_1_145' title='bbox 1513 284 1624 315; x_wconf 76' lang='grc' dir='ltr'>ἑαυτοὺς</span> <span class='ocrx_word' id='word_1_146' title='bbox 1649 283 1835 319; x_wconf 78' lang='grc' dir='ltr'>ἐγκεράσαιεν</span> <span class='ocrx_word' id='word_1_147' title='bbox 1858 284 1889 318; x_wconf 63' lang='grc' dir='ltr'>τῷ</span> 
     </span>
    </p>
   </div>
   <div class='ocr_carea' id='block_1_23' title="bbox 1102 327 1890 365">
    <p class='ocr_par' dir='ltr' id='par_1_23' title="bbox 1102 327 1890 365">
     <span class='ocr_line' id='line_1_23' title="bbox 1102 327 1890 365; baseline 0.001 -12"><span class='ocrx_word' id='word_1_148' title='bbox 1102 327 1186 361; x_wconf 62' lang='grc' dir='ltr'>φυκί’</span> <span class='ocrx_word' id='word_1_149' title='bbox 1205 329 1252 353; x_wconf 82' lang='grc' dir='ltr'>καὶ</span> <span class='ocrx_word' id='word_1_150' title='bbox 1279 328 1376 362; x_wconf 82' lang='grc' dir='ltr'>φθόνου</span> <span class='ocrx_word' id='word_1_151' title='bbox 1395 329 1487 355; x_wconf 82' lang='grc' dir='ltr'>λοιπὸν</span> <span class='ocrx_word' id='word_1_152' title='bbox 1513 327 1546 364; x_wconf 77' lang='grc' dir='ltr'>ἦν</span> <span class='ocrx_word' id='word_1_153' title='bbox 1566 330 1596 356; x_wconf 83' lang='grc' dir='ltr'>τὸ</span> <span class='ocrx_word' id='word_1_154' title='bbox 1612 329 1650 365; x_wconf 81' lang='grc' dir='ltr'>μὴ</span> <span class='ocrx_word' id='word_1_155' title='bbox 1665 331 1774 356; x_wconf 71' lang='grc' dir='ltr'>ἀνεῖναι</span> <span class='ocrx_word' id='word_1_156' title='bbox 1791 328 1890 360; x_wconf 68' lang='grc' dir='ltr'>τούτοις</span> 
     </span>
    </p>
   </div>
   <div class='ocr_carea' id='block_1_24' title="bbox 1101 374 1890 413">
    <p class='ocr_par' dir='ltr' id='par_1_24' title="bbox 1101 374 1890 413">
     <span class='ocr_line' id='line_1_24' title="bbox 1101 374 1890 413; baseline 0.001 -12"><span class='ocrx_word' id='word_1_157' title='bbox 1101 375 1148 401; x_wconf 76' lang='grc' dir='ltr'>τοῦ</span> <span class='ocrx_word' id='word_1_158' title='bbox 1171 374 1274 408; x_wconf 85' lang='grc' dir='ltr'>ἀγαθοῦ</span> <span class='ocrx_word' id='word_1_159' title='bbox 1297 375 1346 411; x_wconf 86' lang='grc' dir='ltr'><strong>τὴν</strong></span> <span class='ocrx_word' id='word_1_160' title='bbox 1371 376 1537 403; x_wconf 59' lang='grc' dir='ltr'>ἀπόλαυσιν</span> <span class='ocrx_word' id='word_1_161' title='bbox 1557 378 1606 412; x_wconf 68' lang='grc' dir='ltr'><strong>οὐχ</strong></span> <span class='ocrx_word' id='word_1_162' title='bbox 1631 378 1734 412; x_wconf 75' lang='grc' dir='ltr'>ἕστηκε</span> <span class='ocrx_word' id='word_1_163' title='bbox 1766 378 1825 413; x_wconf 74' lang='grc' dir='ltr'><strong>γὰρ</strong></span> <span class='ocrx_word' id='word_1_164' title='bbox 1851 378 1890 403; x_wconf 68' lang='grc' dir='ltr'>τοὶ</span> 
     </span>
    </p>
   </div>
   <div class='ocr_carea' id='block_1_25' title="bbox 1101 421 1891 460">
    <p class='ocr_par' dir='ltr' id='par_1_25' title="bbox 1101 421 1891 460">
     <span class='ocr_line' id='line_1_25' title="bbox 1101 421 1891 460; baseline 0.005 -13"><span class='ocrx_word' id='word_1_165' title='bbox 1101 421 1238 452; x_wconf 79' lang='grc' dir='ltr'>Μάνεντος</span> <span class='ocrx_word' id='word_1_166' title='bbox 1247 422 1260 447; x_wconf 81' lang='grc' dir='ltr'>ὁ</span> <span class='ocrx_word' id='word_1_167' title='bbox 1270 421 1357 455; x_wconf 81' lang='grc' dir='ltr'>λόγος.</span> <span class='ocrx_word' id='word_1_168' title='bbox 1365 423 1395 449; x_wconf 81' lang='lat' dir='ltr'><strong>El</strong></span> <span class='ocrx_word' id='word_1_169' title='bbox 1408 422 1462 458; x_wconf 78' lang='grc' dir='ltr'><strong>γὰρ</strong></span> <span class='ocrx_word' id='word_1_170' title='bbox 1473 424 1532 450; x_wconf 78' lang='grc' dir='ltr'>κατ’</span> <span class='ocrx_word' id='word_1_171' title='bbox 1545 424 1668 459; x_wconf 82' lang='grc' dir='ltr'>ἀλλήλων</span> <span class='ocrx_word' id='word_1_172' title='bbox 1676 425 1836 460; x_wconf 81' lang='grc' dir='ltr'>ἐμαίνοντο,</span> <span class='ocrx_word' id='word_1_173' title='bbox 1853 428 1891 451; x_wconf 64' lang='grc' dir='ltr'><strong>καὶ</strong></span> 
     </span>
    </p>
   </div>
   <div class='ocr_carea' id='block_1_26' title="bbox 1101 467 1888 506">
    <p class='ocr_par' dir='ltr' id='par_1_26' title="bbox 1101 467 1888 506">
     <span class='ocr_line' id='line_1_26' title="bbox 1101 467 1888 506; baseline 0.005 -13"><span class='ocrx_word' id='word_1_174' title='bbox 1101 467 1154 493; x_wconf 74' lang='grc' dir='ltr'>ἔδει</span> <span class='ocrx_word' id='word_1_175' title='bbox 1166 476 1198 501; x_wconf 84' lang='grc' dir='ltr'><strong>γε</strong></span> <span class='ocrx_word' id='word_1_176' title='bbox 1212 468 1311 499; x_wconf 74' lang='grc' dir='ltr'>αὐτοὺς</span> <span class='ocrx_word' id='word_1_177' title='bbox 1327 469 1487 495; x_wconf 76' lang='grc' dir='ltr'><strong>καταλιπεῖν</strong></span> <span class='ocrx_word' id='word_1_178' title='bbox 1501 470 1546 496; x_wconf 75' lang='grc' dir='ltr'><strong>ὑπ’</strong></span> <span class='ocrx_word' id='word_1_179' title='bbox 1565 469 1689 505; x_wconf 81' lang='grc' dir='ltr'>ἀλλήλων</span> <span class='ocrx_word' id='word_1_180' title='bbox 1713 471 1888 506; x_wconf 66' lang='grc' dir='ltr'>φθείρετθιιι</span> 
     </span>
    </p>
   </div>
   <div class='ocr_carea' id='block_1_27' title="bbox 1101 513 1891 553">
    <p class='ocr_par' dir='ltr' id='par_1_27' title="bbox 1101 513 1891 553">
     <span class='ocr_line' id='line_1_27' title="bbox 1101 513 1891 553; baseline 0.006 -14"><span class='ocrx_word' id='word_1_181' title='bbox 1101 514 1125 539; x_wconf 89' lang='grc' dir='ltr'><strong>εί</strong></span> <span class='ocrx_word' id='word_1_182' title='bbox 1142 513 1170 539; x_wconf 82' lang='grc' dir='ltr'>δὲ</span> <span class='ocrx_word' id='word_1_183' title='bbox 1197 514 1374 550; x_wconf 76' lang='grc' dir='ltr'><strong>ἐπεθύμησαν</strong></span> <span class='ocrx_word' id='word_1_184' title='bbox 1387 516 1424 547; x_wconf 85' lang='grc' dir='ltr'><strong>ὼς</strong></span> <span class='ocrx_word' id='word_1_185' title='bbox 1443 516 1544 543; x_wconf 77' lang='grc' dir='ltr'><strong>ἀστεῖοι</strong></span> <span class='ocrx_word' id='word_1_186' title='bbox 1557 516 1603 543; x_wconf 80' lang='grc' dir='ltr'>τοῦ</span> <span class='ocrx_word' id='word_1_187' title='bbox 1617 517 1716 551; x_wconf 74' lang='grc' dir='ltr'>φωτὸς,</span> <span class='ocrx_word' id='word_1_188' title='bbox 1736 518 1786 544; x_wconf 79' lang='grc' dir='ltr'><strong>καὶ</strong></span> <span class='ocrx_word' id='word_1_189' title='bbox 1813 527 1891 553; x_wconf 47' lang='grc' dir='ltr'>προε</span> 
     </span>
    </p>
   </div>
   <div class='ocr_carea' id='block_1_28' title="bbox 1101 559 1888 600">
    <p class='ocr_par' dir='ltr' id='par_1_28' title="bbox 1101 559 1888 600">
     <span class='ocr_line' id='line_1_28' title="bbox 1101 559 1888 600; baseline 0.005 -13"><span class='ocrx_word' id='word_1_190' title='bbox 1101 561 1168 596; x_wconf 78' lang='grc' dir='ltr'>ἧκον</span> <span class='ocrx_word' id='word_1_191' title='bbox 1189 559 1222 597; x_wconf 83' lang='grc' dir='ltr'>ἦν</span> <span class='ocrx_word' id='word_1_192' title='bbox 1245 562 1337 594; x_wconf 77' lang='grc' dir='ltr'>αὐτοῖς</span> <span class='ocrx_word' id='word_1_193' title='bbox 1361 563 1507 598; x_wconf 62' lang='grc' dir='ltr'>ἐπιτρέψαι</span> <span class='ocrx_word' id='word_1_194' title='bbox 1528 564 1623 590; x_wconf 78' lang='grc' dir='ltr'>τούτου</span> <span class='ocrx_word' id='word_1_195' title='bbox 1649 564 1698 600; x_wconf 75' lang='grc' dir='ltr'>τὴν</span> <span class='ocrx_word' id='word_1_196' title='bbox 1723 564 1888 591; x_wconf 68' lang='grc' dir='ltr'>ἀπόλαυςξν·</span> 
     </span>
    </p>
   </div>
   <div class='ocr_carea' id='block_1_29' title="bbox 1101 607 1889 646">
    <p class='ocr_par' dir='ltr' id='par_1_29' title="bbox 1101 607 1889 646">
     <span class='ocr_line' id='line_1_29' title="bbox 1101 607 1889 646; baseline 0.004 -13"><span class='ocrx_word' id='word_1_197' title='bbox 1101 607 1197 633; x_wconf 87' lang='grc' dir='ltr'>ἀστεία</span> <span class='ocrx_word' id='word_1_198' title='bbox 1218 608 1273 645; x_wconf 81' lang='grc' dir='ltr'><strong>γὰρ</strong></span> <span class='ocrx_word' id='word_1_199' title='bbox 1289 609 1334 634; x_wconf 76' lang='grc' dir='ltr'><strong>καὶ</strong></span> <span class='ocrx_word' id='word_1_200' title='bbox 1352 609 1479 644; x_wconf 70' lang='grc' dir='ltr'>ἐπαινετὴ</span> <span class='ocrx_word' id='word_1_201' title='bbox 1501 610 1571 636; x_wconf 81' lang='grc' dir='ltr'>κατὰ</span> <span class='ocrx_word' id='word_1_202' title='bbox 1585 609 1665 644; x_wconf 76' lang='grc' dir='ltr'>φύσιν</span> <span class='ocrx_word' id='word_1_203' title='bbox 1683 611 1796 640; x_wconf 77' lang='grc' dir='ltr'>’πάντως</span> <span class='ocrx_word' id='word_1_204' title='bbox 1819 612 1834 646; x_wconf 78' lang='grc' dir='ltr'><strong>ἡ</strong></span> <span class='ocrx_word' id='word_1_205' title='bbox 1850 612 1889 636; x_wconf 67' lang='grc' dir='ltr'>τοῦ</span> 
     </span>
    </p>
   </div>
   <div class='ocr_carea' id='block_1_30' title="bbox 1101 653 1889 692">
    <p class='ocr_par' dir='ltr' id='par_1_30' title="bbox 1101 653 1889 692">
     <span class='ocr_line' id='line_1_30' title="bbox 1101 653 1889 692; baseline 0.004 -12"><span class='ocrx_word' id='word_1_206' title='bbox 1101 654 1204 685; x_wconf 82' lang='grc' dir='ltr'>ἀγαθοῦ</span> <span class='ocrx_word' id='word_1_207' title='bbox 1217 655 1359 690; x_wconf 80' lang='grc' dir='ltr'>ἐπιθυμία,</span> <span class='ocrx_word' id='word_1_208' title='bbox 1372 653 1457 692; x_wconf 79' lang='grc' dir='ltr'>οὗπερ</span> <span class='ocrx_word' id='word_1_209' title='bbox 1471 657 1619 683; x_wconf 79' lang='grc' dir='ltr'><strong>ἀπολαύειν</strong></span> <span class='ocrx_word' id='word_1_210' title='bbox 1633 657 1683 692; x_wconf 79' lang='grc' dir='ltr'>μὲν</span> <span class='ocrx_word' id='word_1_211' title='bbox 1699 656 1737 692; x_wconf 79' lang='grc' dir='ltr'>μὴ</span> <span class='ocrx_word' id='word_1_212' title='bbox 1750 657 1889 692; x_wconf 61' lang='grc' dir='ltr'>ἠδύναντο,</span> 
     </span>
    </p>
   </div>
   <div class='ocr_carea' id='block_1_31' title="bbox 1101 699 1890 738">
    <p class='ocr_par' dir='ltr' id='par_1_31' title="bbox 1101 699 1890 738">
     <span class='ocr_line' id='line_1_31' title="bbox 1101 699 1890 738; baseline 0.005 -13"><span class='ocrx_word' id='word_1_213' title='bbox 1101 699 1139 730; x_wconf 85' lang='grc' dir='ltr'><strong>ὦς</strong></span> <span class='ocrx_word' id='word_1_214' title='bbox 1158 708 1189 734; x_wconf 86' lang='grc' dir='ltr'><strong>γε</strong></span> <span class='ocrx_word' id='word_1_215' title='bbox 1207 701 1220 726; x_wconf 83' lang='grc'>6</span> <span class='ocrx_word' id='word_1_216' title='bbox 1237 700 1270 727; x_wconf 83' lang='grc' dir='ltr'>τὰ</span> <span class='ocrx_word' id='word_1_217' title='bbox 1287 700 1332 727; x_wconf 75' lang='grc' dir='ltr'>τοῦ</span> <span class='ocrx_word' id='word_1_218' title='bbox 1357 701 1496 733; x_wconf 79' lang='grc' dir='ltr'>Μάνεντος</span> <span class='ocrx_word' id='word_1_219' title='bbox 1523 703 1691 738; x_wconf 74' lang='grc' dir='ltr'>συγγράφων</span> <span class='ocrx_word' id='word_1_220' title='bbox 1716 703 1802 738; x_wconf 63' lang='grc' dir='ltr'>φησὶν</span> <span class='ocrx_word' id='word_1_221' title='bbox 1815 723 1823 734; x_wconf 85' lang='lat'><strong>,</strong></span> <span class='ocrx_word' id='word_1_222' title='bbox 1838 704 1890 729; x_wconf 67' lang='grc' dir='ltr'>ἑπι-</span> 
     </span>
    </p>
   </div>
   <div class='ocr_carea' id='block_1_32' title="bbox 1101 745 1889 784">
    <p class='ocr_par' dir='ltr' id='par_1_32' title="bbox 1101 745 1889 784">
     <span class='ocr_line' id='line_1_32' title="bbox 1101 745 1889 784; baseline 0.005 -13"><span class='ocrx_word' id='word_1_223' title='bbox 1101 745 1260 780; x_wconf 81' lang='grc' dir='ltr'>θυμοῦντες,</span> <span class='ocrx_word' id='word_1_224' title='bbox 1273 746 1440 783; x_wconf 79' lang='grc' dir='ltr'>διαφθείρειν</span> <span class='ocrx_word' id='word_1_225' title='bbox 1454 747 1482 774; x_wconf 86' lang='grc' dir='ltr'>δὲ</span> <span class='ocrx_word' id='word_1_226' title='bbox 1502 748 1551 783; x_wconf 85' lang='grc' dir='ltr'><strong>οὐχ</strong></span> <span class='ocrx_word' id='word_1_227' title='bbox 1570 746 1621 774; x_wconf 75' lang='grc' dir='ltr'>οἷοί</span> <span class='ocrx_word' id='word_1_228' title='bbox 1637 758 1666 775; x_wconf 86' lang='grc' dir='ltr'><strong>τε</strong></span> <span class='ocrx_word' id='word_1_229' title='bbox 1679 746 1752 784; x_wconf 76' lang='grc' dir='ltr'>ἦσαν</span> <span class='ocrx_word' id='word_1_230' title='bbox 1765 758 1772 763; x_wconf 95' lang='grc'><strong>·</strong></span> <span class='ocrx_word' id='word_1_231' title='bbox 1791 750 1889 775; x_wconf 59' lang='grc' dir='ltr'>τοιοῦτο</span> 
     </span>
    </p>
   </div>
   <div class='ocr_carea' id='block_1_33' title="bbox 1101 791 1887 829">
    <p class='ocr_par' dir='ltr' id='par_1_33' title="bbox 1101 791 1887 829">
     <span class='ocr_line' id='line_1_33' title="bbox 1101 791 1887 829; baseline 0.004 -12"><span class='ocrx_word' id='word_1_232' title='bbox 1101 791 1156 827; x_wconf 77' lang='grc' dir='ltr'><strong>γὰρ</strong></span> <span class='ocrx_word' id='word_1_233' title='bbox 1176 792 1284 823; x_wconf 83' lang='grc' dir='ltr'>πάντως</span> <span class='ocrx_word' id='word_1_234' title='bbox 1298 792 1328 818; x_wconf 83' lang='grc' dir='ltr'><strong>τὺ</strong></span> <span class='ocrx_word' id='word_1_235' title='bbox 1342 793 1454 826; x_wconf 81' lang='grc' dir='ltr'>ἀγαθὸν,</span> <span class='ocrx_word' id='word_1_236' title='bbox 1472 791 1526 820; x_wconf 83' lang='grc' dir='ltr'>οἷον</span> <span class='ocrx_word' id='word_1_237' title='bbox 1540 795 1609 829; x_wconf 82' lang='grc' dir='ltr'>μήτε</span> <span class='ocrx_word' id='word_1_238' title='bbox 1620 794 1810 825; x_wconf 70' lang='grc' dir='ltr'>δαπανᾶσθαι,</span> <span class='ocrx_word' id='word_1_239' title='bbox 1827 796 1887 829; x_wconf 74' lang='grc' dir='ltr'>μὴτ;</span> 
     </span>
    </p>
   </div>
   <div class='ocr_carea' id='block_1_34' title="bbox 263 828 1046 876">
    <p class='ocr_par' dir='ltr' id='par_1_34' title="bbox 263 833 1046 860">
     <span class='ocr_line' id='line_1_34' title="bbox 263 833 1046 860; baseline 0 0"><span class='ocrx_word' id='word_1_240' title='bbox 263 838 373 860; x_wconf 85' lang='lat' dir='ltr'><strong>luerunt</strong></span> <span class='ocrx_word' id='word_1_241' title='bbox 384 836 475 860; x_wconf 88' lang='lat' dir='ltr'><strong>tamen</strong></span> <span class='ocrx_word' id='word_1_242' title='bbox 490 839 520 860; x_wconf 92' lang='lat' dir='ltr'><strong>se</strong></span> <span class='ocrx_word' id='word_1_243' title='bbox 533 833 668 860; x_wconf 80' lang='lat' dir='ltr'><strong>coniicere</strong></span> <span class='ocrx_word' id='word_1_244' title='bbox 682 837 710 859; x_wconf 91' lang='lat' dir='ltr'><strong>et</strong></span> <span class='ocrx_word' id='word_1_245' title='bbox 725 833 866 860; x_wconf 79' lang='lat' dir='ltr'><strong>destruere</strong></span> <span class='ocrx_word' id='word_1_246' title='bbox 883 843 889 860; x_wconf 89' lang='lat'><strong><em>:</em></strong></span> <span class='ocrx_word' id='word_1_247' title='bbox 907 834 961 860; x_wconf 88' lang='lat' dir='ltr'><strong>tale</strong></span> <span class='ocrx_word' id='word_1_248' title='bbox 976 834 1046 860; x_wconf 90' lang='lat' dir='ltr'><strong>enim</strong></span> 
     </span>
    </p>
   </div>
   <div class='ocr_carea' id='block_1_35' title="bbox 1101 828 1886 876">
    <p class='ocr_par' dir='ltr' id='par_1_35' title="bbox 1101 828 1886 876">
     <span class='ocr_line' id='line_1_35' title="bbox 1101 828 1886 876; baseline 0.005 -13"><span class='ocrx_word' id='word_1_249' title='bbox 1101 837 1188 869; x_wconf 81' lang='grc' dir='ltr'>ἄλλως</span> <span class='ocrx_word' id='word_1_250' title='bbox 1206 838 1430 866; x_wconf 72' lang='grc' dir='ltr'>ἐπιϐουλεύεσθαι</span> <span class='ocrx_word' id='word_1_251' title='bbox 1452 839 1519 876; x_wconf 71' lang='grc' dir='ltr'>πρὸς</span> <span class='ocrx_word' id='word_1_252' title='bbox 1607 841 1778 876; x_wconf 79' lang='grc' dir='ltr'><strong>μετεχόντων</strong></span> <span class='ocrx_word' id='word_1_253' title='bbox 1803 828 1886 867; x_wconf 45' lang='grc' dir='ltr'>αἰτοῖ.</span> 
     </span>
    </p>
   </div>
   <div class='ocr_carea' id='block_1_36' title="bbox 255 879 1050 915">
    <p class='ocr_par' dir='ltr' id='par_1_36' title="bbox 255 879 1050 915">
     <span class='ocr_line' id='line_1_36' title="bbox 255 879 1050 915; baseline 0.001 -10"><span class='ocrx_word' id='word_1_254' title='bbox 255 880 370 915; x_wconf 89' lang='lat' dir='ltr'><strong>.penitus</strong></span> <span class='ocrx_word' id='word_1_255' title='bbox 385 883 426 907; x_wconf 85' lang='lat' dir='ltr'><strong>est</strong></span> <span class='ocrx_word' id='word_1_256' title='bbox 441 879 553 910; x_wconf 88' lang='lat' dir='ltr'><strong>bonum,</strong></span> <span class='ocrx_word' id='word_1_257' title='bbox 571 883 600 905; x_wconf 95' lang='lat' dir='ltr'><strong>ut</strong></span> <span class='ocrx_word' id='word_1_258' title='bbox 612 886 700 913; x_wconf 87' lang='lat' dir='ltr'><strong>neque</strong></span> <span class='ocrx_word' id='word_1_259' title='bbox 709 879 833 906; x_wconf 84' lang='lat' dir='ltr'><strong>consumi</strong></span> <span class='ocrx_word' id='word_1_260' title='bbox 849 879 946 914; x_wconf 81' lang='lat' dir='ltr'><strong>possit.</strong></span> <span class='ocrx_word' id='word_1_261' title='bbox 962 887 1050 914; x_wconf 85' lang='lat' dir='ltr'><strong>neque</strong></span> 
     </span>
    </p>
   </div>
   <div class='ocr_carea' id='block_1_37' title="bbox 257 924 1047 960">
    <p class='ocr_par' dir='ltr' id='par_1_37' title="bbox 257 924 1047 960">
     <span class='ocr_line' id='line_1_37' title="bbox 257 924 1047 960; baseline 0 -9"><span class='ocrx_word' id='word_1_262' title='bbox 257 926 368 960; x_wconf 90' lang='lat' dir='ltr'><strong>.possint</strong></span> <span class='ocrx_word' id='word_1_263' title='bbox 379 925 493 952; x_wconf 83' lang='lat' dir='ltr'><strong>insidias</strong></span> <span class='ocrx_word' id='word_1_264' title='bbox 506 925 531 951; x_wconf 87' lang='lat' dir='ltr'><strong>ei</strong></span> <span class='ocrx_word' id='word_1_265' title='bbox 549 931 658 959; x_wconf 88' lang='lat' dir='ltr'><strong>ponere,</strong></span> <span class='ocrx_word' id='word_1_266' title='bbox 677 925 723 958; x_wconf 91' lang='lat' dir='ltr'><strong>qui</strong></span> <span class='ocrx_word' id='word_1_267' title='bbox 739 924 798 958; x_wconf 88' lang='lat' dir='ltr'><strong>ejus</strong></span> <span class='ocrx_word' id='word_1_268' title='bbox 811 925 958 959; x_wconf 60' lang='lat' dir='ltr'><strong>participes</strong></span> <span class='ocrx_word' id='word_1_269' title='bbox 974 929 1047 952; x_wconf 89' lang='lat' dir='ltr'><strong>sunt.</strong></span> 
     </span>
    </p>
   </div>
   <div class='ocr_carea' id='block_1_38' title="bbox 262 970 1047 1005">
    <p class='ocr_par' dir='ltr' id='par_1_38' title="bbox 262 970 1047 1005">
     <span class='ocr_line' id='line_1_38' title="bbox 262 970 1047 1005; baseline 0 -7"><span class='ocrx_word' id='word_1_270' title='bbox 262 971 404 1005; x_wconf 85' lang='lat' dir='ltr'><strong>Quomodo</strong></span> <span class='ocrx_word' id='word_1_271' title='bbox 428 975 517 998; x_wconf 86' lang='lat' dir='ltr'><strong>autem</strong></span> <span class='ocrx_word' id='word_1_272' title='bbox 533 978 626 997; x_wconf 88' lang='lat' dir='ltr'><strong>omnes</strong></span> <span class='ocrx_word' id='word_1_273' title='bbox 648 970 728 998; x_wconf 86' lang='lat' dir='ltr'><strong>simul</strong></span> <span class='ocrx_word' id='word_1_274' title='bbox 750 971 776 997; x_wconf 90' lang='lat' dir='ltr'><strong>in</strong></span> <span class='ocrx_word' id='word_1_275' title='bbox 796 970 918 996; x_wconf 80' lang='lat' dir='ltr'><strong>militiam</strong></span> <span class='ocrx_word' id='word_1_276' title='bbox 936 970 1047 1005; x_wconf 65' lang='lat' dir='ltr'><strong>profer-ti</strong></span> 
     </span>
    </p>
   </div>
   <div class='ocr_carea' id='block_1_39' title="bbox 261 1015 1048 1051">
    <p class='ocr_par' dir='ltr' id='par_1_39' title="bbox 261 1015 1048 1051">
     <span class='ocr_line' id='line_1_39' title="bbox 261 1015 1048 1051; baseline -0.004 -7"><span class='ocrx_word' id='word_1_277' title='bbox 261 1021 336 1047; x_wconf 84' lang='lat' dir='ltr'><strong>sunt.</strong></span> <span class='ocrx_word' id='word_1_278' title='bbox 357 1016 404 1051; x_wconf 90' lang='lat' dir='ltr'><strong>qui</strong></span> <span class='ocrx_word' id='word_1_279' title='bbox 426 1023 481 1043; x_wconf 94' lang='lat' dir='ltr'><strong>non</strong></span> <span class='ocrx_word' id='word_1_280' title='bbox 496 1019 694 1051; x_wconf 81' lang='lat' dir='ltr'><strong>cognoverant,</strong></span> <span class='ocrx_word' id='word_1_281' title='bbox 719 1015 780 1050; x_wconf 91' lang='lat' dir='ltr'><strong>quis</strong></span> <span class='ocrx_word' id='word_1_282' title='bbox 800 1015 939 1042; x_wconf 85' lang='lat' dir='ltr'><strong>resisteret</strong></span> <span class='ocrx_word' id='word_1_283' title='bbox 953 1019 980 1041; x_wconf 73' lang='lat' dir='ltr'><strong>et</strong></span> <span class='ocrx_word' id='word_1_284' title='bbox 999 1015 1048 1041; x_wconf 77' lang='lat' dir='ltr'><strong>atl-</strong></span> 
     </span>
    </p>
   </div>
   <div class='ocr_carea' id='block_1_40' title="bbox 260 1061 1050 1097">
    <p class='ocr_par' dir='ltr' id='par_1_40' title="bbox 260 1061 1050 1097">
     <span class='ocr_line' id='line_1_40' title="bbox 260 1061 1050 1097; baseline -0.003 -8"><span class='ocrx_word' id='word_1_285' title='bbox 260 1062 437 1090; x_wconf 62' lang='lat' dir='ltr'><strong>versaretur?</strong></span> <span class='ocrx_word' id='word_1_286' title='bbox 452 1061 498 1088; x_wconf 88' lang='lat' dir='ltr'><strong>Sic</strong></span> <span class='ocrx_word' id='word_1_287' title='bbox 513 1061 586 1097; x_wconf 77' lang='lat' dir='ltr'><strong>enim</strong></span> <span class='ocrx_word' id='word_1_288' title='bbox 600 1065 641 1089; x_wconf 80' lang='lat' dir='ltr'><strong>est</strong></span> <span class='ocrx_word' id='word_1_289' title='bbox 664 1061 690 1088; x_wconf 91' lang='lat' dir='ltr'><strong>in</strong></span> <span class='ocrx_word' id='word_1_290' title='bbox 706 1061 788 1093; x_wconf 88' lang='lat' dir='ltr'><strong>libro,</strong></span> <span class='ocrx_word' id='word_1_291' title='bbox 804 1061 877 1088; x_wconf 87' lang='lat' dir='ltr'><strong>unde</strong></span> <span class='ocrx_word' id='word_1_292' title='bbox 891 1061 944 1088; x_wconf 89' lang='lat' dir='ltr'><strong>ista</strong></span> <span class='ocrx_word' id='word_1_293' title='bbox 966 1061 1050 1087; x_wconf 87' lang='lat' dir='ltr'><strong>Mani-</strong></span> 
     </span>
    </p>
   </div>
   <div class='ocr_carea' id='block_1_41' title="bbox 261 1107 1050 1143">
    <p class='ocr_par' dir='ltr' id='par_1_41' title="bbox 261 1107 1050 1143">
     <span class='ocr_line' id='line_1_41' title="bbox 261 1107 1050 1143; baseline -0.004 -8"><span class='ocrx_word' id='word_1_294' title='bbox 261 1109 328 1136; x_wconf 69' lang='grc' dir='ltr'>(ιιιςεὶ</span> <span class='ocrx_word' id='word_1_295' title='bbox 342 1108 530 1143; x_wconf 69' lang='lat' dir='ltr'><strong>opposuimus,</strong></span> <span class='ocrx_word' id='word_1_296' title='bbox 544 1107 617 1142; x_wconf 90' lang='lat' dir='ltr'><strong>quod</strong></span> <span class='ocrx_word' id='word_1_297' title='bbox 634 1115 722 1142; x_wconf 89' lang='lat' dir='ltr'><strong>neque</strong></span> <span class='ocrx_word' id='word_1_298' title='bbox 738 1107 821 1133; x_wconf 78' lang='lat' dir='ltr'><strong>Deum</strong></span> <span class='ocrx_word' id='word_1_299' title='bbox 842 1108 869 1134; x_wconf 89' lang='lat' dir='ltr'><strong>in</strong></span> <span class='ocrx_word' id='word_1_300' title='bbox 886 1107 987 1134; x_wconf 88' lang='lat' dir='ltr'><strong>lumine</strong></span> <span class='ocrx_word' id='word_1_301' title='bbox 1002 1107 1050 1133; x_wconf 82' lang='lat' dir='ltr'><strong>ba-</strong></span> 
     </span>
    </p>
   </div>
   <div class='ocr_carea' id='block_1_42' title="bbox 263 1153 1049 1189">
    <p class='ocr_par' dir='ltr' id='par_1_42' title="bbox 263 1153 1049 1189">
     <span class='ocr_line' id='line_1_42' title="bbox 263 1153 1049 1189; baseline 0 -8"><span class='ocrx_word' id='word_1_302' title='bbox 263 1155 349 1182; x_wconf 62' lang='lat' dir='ltr'><strong>liitare</strong></span> <span class='ocrx_word' id='word_1_303' title='bbox 371 1155 506 1184; x_wconf 84' lang='lat' dir='ltr'><strong>sciebant,</strong></span> <span class='ocrx_word' id='word_1_304' title='bbox 526 1161 614 1189; x_wconf 89' lang='lat' dir='ltr'><strong>neque</strong></span> <span class='ocrx_word' id='word_1_305' title='bbox 628 1161 657 1181; x_wconf 86' lang='lat' dir='ltr'><strong>se</strong></span> <span class='ocrx_word' id='word_1_306' title='bbox 675 1161 795 1188; x_wconf 83' lang='lat' dir='ltr'><strong>unquam</strong></span> <span class='ocrx_word' id='word_1_307' title='bbox 812 1153 922 1187; x_wconf 86' lang='lat' dir='ltr'><strong>impune</strong></span> <span class='ocrx_word' id='word_1_308' title='bbox 934 1154 1049 1185; x_wconf 84' lang='lat' dir='ltr'><strong>laturos,</strong></span> 
     </span>
    </p>
   </div>
   <div class='ocr_carea' id='block_1_43' title="bbox 262 1199 878 1228">
    <p class='ocr_par' dir='ltr' id='par_1_43' title="bbox 262 1199 878 1228">
     <span class='ocr_line' id='line_1_43' title="bbox 262 1199 878 1228; baseline -0.003 0"><span class='ocrx_word' id='word_1_309' title='bbox 262 1202 285 1228; x_wconf 78' lang='lat' dir='ltr'><strong>si</strong></span> <span class='ocrx_word' id='word_1_310' title='bbox 302 1201 328 1228; x_wconf 90' lang='lat' dir='ltr'><strong>in</strong></span> <span class='ocrx_word' id='word_1_311' title='bbox 347 1201 392 1228; x_wconf 92' lang='lat' dir='ltr'><strong>Dei</strong></span> <span class='ocrx_word' id='word_1_312' title='bbox 406 1200 575 1228; x_wconf 88' lang='lat' dir='ltr'><strong>domicilium</strong></span> <span class='ocrx_word' id='word_1_313' title='bbox 591 1199 719 1227; x_wconf 82' lang='lat' dir='ltr'><strong>invadere</strong></span> <span class='ocrx_word' id='word_1_314' title='bbox 734 1200 878 1226; x_wconf 84' lang='lat' dir='ltr'><strong>auderent.</strong></span> 
     </span>
    </p>
   </div>
   <div class='ocr_carea' id='block_1_44' title="bbox 1109 883 1886 922">
    <p class='ocr_par' dir='ltr' id='par_1_44' title="bbox 1109 883 1886 922">
     <span class='ocr_line' id='line_1_44' title="bbox 1109 883 1886 922; baseline 0.004 -13"><span class='ocrx_word' id='word_1_315' title='bbox 1109 883 1344 919; x_wconf 78' lang='grc' dir='ltr'>Ἐπεστράτευσαν</span> <span class='ocrx_word' id='word_1_316' title='bbox 1359 885 1387 911; x_wconf 83' lang='grc' dir='ltr'>δὲ</span> <span class='ocrx_word' id='word_1_317' title='bbox 1412 885 1479 921; x_wconf 79' lang='grc' dir='ltr'>ὁμοῦ</span> <span class='ocrx_word' id='word_1_318' title='bbox 1500 885 1600 917; x_wconf 80' lang='grc' dir='ltr'>πάντες</span> <span class='ocrx_word' id='word_1_319' title='bbox 1623 887 1685 912; x_wconf 76' lang='grc' dir='ltr'>τίνα</span> <span class='ocrx_word' id='word_1_320' title='bbox 1711 886 1834 922; x_wconf 76' lang='grc' dir='ltr'>τρόπον,</span> <span class='ocrx_word' id='word_1_321' title='bbox 1857 888 1886 920; x_wconf 65' lang='grc' dir='ltr'>μὴ</span> 
     </span>
    </p>
   </div>
   <div class='ocr_carea' id='block_1_45' title="bbox 1101 929 1886 968">
    <p class='ocr_par' dir='ltr' id='par_1_45' title="bbox 1101 929 1886 968">
     <span class='ocr_line' id='line_1_45' title="bbox 1101 929 1886 968; baseline 0.005 -13"><span class='ocrx_word' id='word_1_322' title='bbox 1101 929 1201 960; x_wconf 81' lang='grc' dir='ltr'>εἰδότες</span> <span class='ocrx_word' id='word_1_323' title='bbox 1211 929 1257 956; x_wconf 83' lang='grc' dir='ltr'><strong>τὸν</strong></span> <span class='ocrx_word' id='word_1_324' title='bbox 1269 930 1464 966; x_wconf 76' lang='grc' dir='ltr'>ἀνθιστάμενον</span> <span class='ocrx_word' id='word_1_325' title='bbox 1475 941 1482 964; x_wconf 90' lang='grc'>;</span> <span class='ocrx_word' id='word_1_326' title='bbox 1496 933 1564 967; x_wconf 75' lang='grc' dir='ltr'>Φησὶ</span> <span class='ocrx_word' id='word_1_327' title='bbox 1576 933 1630 968; x_wconf 82' lang='grc' dir='ltr'><strong>γὰρ</strong></span> <span class='ocrx_word' id='word_1_328' title='bbox 1643 932 1711 959; x_wconf 72' lang='grc' dir='ltr'>αὐτὸ</span> <span class='ocrx_word' id='word_1_329' title='bbox 1724 933 1757 959; x_wconf 77' lang='grc' dir='ltr'>τὸ</span> <span class='ocrx_word' id='word_1_330' title='bbox 1766 934 1886 967; x_wconf 65' lang='grc' dir='ltr'>γράμμα,</span> 
     </span>
    </p>
   </div>
   <div class='ocr_carea' id='block_1_46' title="bbox 1100 972 1885 1014">
    <p class='ocr_par' dir='ltr' id='par_1_46' title="bbox 1100 972 1885 1014">
     <span class='ocr_line' id='line_1_46' title="bbox 1100 972 1885 1014; baseline 0.006 -14"><span class='ocrx_word' id='word_1_331' title='bbox 1100 974 1147 1008; x_wconf 85' lang='grc' dir='ltr'><strong>ἀφ’</strong></span> <span class='ocrx_word' id='word_1_332' title='bbox 1163 972 1192 1001; x_wconf 72' lang='grc' dir='ltr'><strong>οὗ</strong></span> <span class='ocrx_word' id='word_1_333' title='bbox 1206 974 1239 1000; x_wconf 80' lang='grc' dir='ltr'><strong>τὰ</strong></span> <span class='ocrx_word' id='word_1_334' title='bbox 1254 975 1330 1011; x_wconf 70' lang='grc' dir='ltr'>παρὰ</span> <span class='ocrx_word' id='word_1_335' title='bbox 1348 977 1394 1002; x_wconf 81' lang='grc' dir='ltr'>τοὺ</span> <span class='ocrx_word' id='word_1_336' title='bbox 1404 977 1541 1009; x_wconf 76' lang='grc' dir='ltr'>Μάνεντος</span> <span class='ocrx_word' id='word_1_337' title='bbox 1556 978 1770 1014; x_wconf 77' lang='grc' dir='ltr'>παρεθήκαμεν,</span> <span class='ocrx_word' id='word_1_338' title='bbox 1787 979 1824 1010; x_wconf 78' lang='grc' dir='ltr'>ὡς</span> <span class='ocrx_word' id='word_1_339' title='bbox 1841 979 1885 1004; x_wconf 67' lang='grc' dir='ltr'><strong>οξιῖ</strong></span> 
     </span>
    </p>
   </div>
   <div class='ocr_carea' id='block_1_47' title="bbox 1097 1022 1886 1059">
    <p class='ocr_par' dir='ltr' id='par_1_47' title="bbox 1097 1022 1886 1059">
     <span class='ocr_line' id='line_1_47' title="bbox 1097 1022 1886 1059; baseline 0.001 -10"><span class='ocrx_word' id='word_1_340' title='bbox 1097 1022 1211 1053; x_wconf 70' lang='grc' dir='ltr'>ὅτιθεὸς</span> <span class='ocrx_word' id='word_1_341' title='bbox 1223 1023 1251 1048; x_wconf 83' lang='grc' dir='ltr'>ὲν</span> <span class='ocrx_word' id='word_1_342' title='bbox 1266 1023 1336 1056; x_wconf 75' lang='grc' dir='ltr'><strong>φωτὶ</strong></span> <span class='ocrx_word' id='word_1_343' title='bbox 1350 1023 1459 1059; x_wconf 77' lang='grc' dir='ltr'>διῃτᾶτο</span> <span class='ocrx_word' id='word_1_344' title='bbox 1477 1026 1636 1059; x_wconf 76' lang='grc' dir='ltr'>ἐγίνωσκον,</span> <span class='ocrx_word' id='word_1_345' title='bbox 1653 1025 1710 1051; x_wconf 69' lang='grc' dir='ltr'>οὐδ’</span> <span class='ocrx_word' id='word_1_346' title='bbox 1726 1026 1780 1056; x_wconf 79' lang='grc' dir='ltr'>ὅτι,</span> <span class='ocrx_word' id='word_1_347' title='bbox 1797 1025 1886 1059; x_wconf 72' lang='grc' dir='ltr'>τολμή-</span> 
     </span>
    </p>
   </div>
   <div class='ocr_carea' id='block_1_48' title="bbox 1099 1067 1885 1106">
    <p class='ocr_par' dir='ltr' id='par_1_48' title="bbox 1099 1067 1885 1106">
     <span class='ocr_line' id='line_1_48' title="bbox 1099 1067 1885 1106; baseline 0.003 -13"><span class='ocrx_word' id='word_1_348' title='bbox 1099 1076 1194 1100; x_wconf 84' lang='grc' dir='ltr'>σαντες</span> <span class='ocrx_word' id='word_1_349' title='bbox 1207 1067 1276 1094; x_wconf 82' lang='grc' dir='ltr'>κατὰ</span> <span class='ocrx_word' id='word_1_350' title='bbox 1292 1068 1338 1095; x_wconf 79' lang='grc' dir='ltr'>τοῦ</span> <span class='ocrx_word' id='word_1_351' title='bbox 1359 1071 1515 1106; x_wconf 61' lang='grc' dir='ltr'>οἰκητηρίοι.</span> <span class='ocrx_word' id='word_1_352' title='bbox 1537 1071 1584 1097; x_wconf 77' lang='grc' dir='ltr'>τοῦ</span> <span class='ocrx_word' id='word_1_353' title='bbox 1599 1070 1669 1097; x_wconf 72' lang='grc' dir='ltr'>Θεοῦ</span> <span class='ocrx_word' id='word_1_354' title='bbox 1681 1091 1688 1102; x_wconf 87' lang='grc'><strong>,</strong></span> <span class='ocrx_word' id='word_1_355' title='bbox 1707 1072 1761 1097; x_wconf 66' lang='grc' dir='ltr'>οὐκ</span> <span class='ocrx_word' id='word_1_356' title='bbox 1786 1071 1885 1106; x_wconf 61' lang='grc' dir='ltr'>ἔμελλον</span> 
     </span>
    </p>
   </div>
   <div class='ocr_carea' id='block_1_49' title="bbox 1098 1115 1471 1152">
    <p class='ocr_par' dir='ltr' id='par_1_49' title="bbox 1098 1115 1471 1152">
     <span class='ocr_line' id='line_1_49' title="bbox 1098 1115 1471 1152; baseline 0.003 -10"><span class='ocrx_word' id='word_1_357' title='bbox 1098 1115 1183 1143; x_wconf 84' lang='grc' dir='ltr'>ἀθῶοί</span> <span class='ocrx_word' id='word_1_358' title='bbox 1196 1125 1261 1143; x_wconf 86' lang='grc' dir='ltr'>ποτε</span> <span class='ocrx_word' id='word_1_359' title='bbox 1273 1116 1471 1152; x_wconf 70' lang='grc' dir='ltr'>ἀπαλλαγῆναι,</span> 
     </span>
    </p>
   </div>
   <div class='ocr_carea' id='block_1_50' title="bbox 722 1255 1432 1290">
    <p class='ocr_par' dir='ltr' id='par_1_50' title="bbox 722 1255 1432 1290">
     <span class='ocr_line' id='line_1_50' title="bbox 722 1255 1432 1290; baseline 0 -8"><span class='ocrx_word' id='word_1_360' title='bbox 722 1255 786 1282; x_wconf 79' lang='lat' dir='ltr'><strong>CAP.</strong></span> <span class='ocrx_word' id='word_1_361' title='bbox 807 1255 899 1282; x_wconf 72' lang='lat' dir='ltr'>XVIII.</span> <span class='ocrx_word' id='word_1_362' title='bbox 919 1255 1076 1290; x_wconf 76' lang='lat' dir='ltr'><strong>Ignorantia</strong></span> <span class='ocrx_word' id='word_1_363' title='bbox 1090 1255 1259 1282; x_wconf 70' lang='lat' dir='ltr'><strong>Munia/mica</strong></span> <span class='ocrx_word' id='word_1_364' title='bbox 1271 1255 1432 1290; x_wconf 72' lang='lat' dir='ltr'><strong>exagitatur.</strong></span> 
     </span>
    </p>
   </div>
   <div class='ocr_carea' id='block_1_51' title="bbox 299 1314 1047 1350">
    <p class='ocr_par' dir='ltr' id='par_1_51' title="bbox 299 1314 1047 1350">
     <span class='ocr_line' id='line_1_51' title="bbox 299 1314 1047 1350; baseline -0.001 -8"><span class='ocrx_word' id='word_1_365' title='bbox 299 1315 328 1342; x_wconf 87' lang='lat' dir='ltr'><strong>Si</strong></span> <span class='ocrx_word' id='word_1_366' title='bbox 342 1315 425 1350; x_wconf 80' lang='lat' dir='ltr'><strong>igitur</strong></span> <span class='ocrx_word' id='word_1_367' title='bbox 439 1322 493 1341; x_wconf 91' lang='lat' dir='ltr'><strong>non</strong></span> <span class='ocrx_word' id='word_1_368' title='bbox 515 1317 701 1349; x_wconf 67' lang='lat' dir='ltr'><strong>cognm&#39;erunt</strong></span> <span class='ocrx_word' id='word_1_369' title='bbox 728 1314 895 1341; x_wconf 85' lang='lat' dir='ltr'><strong>contrarium</strong></span> <span class='ocrx_word' id='word_1_370' title='bbox 913 1314 986 1349; x_wconf 84' lang='lat' dir='ltr'><strong>quod</strong></span> <span class='ocrx_word' id='word_1_371' title='bbox 999 1314 1047 1342; x_wconf 88' lang='lat' dir='ltr'><strong>ob-</strong></span> 
     </span>
    </p>
   </div>
   <div class='ocr_carea' id='block_1_52' title="bbox 262 1360 1048 1394">
    <p class='ocr_par' dir='ltr' id='par_1_52' title="bbox 262 1360 1048 1394">
     <span class='ocr_line' id='line_1_52' title="bbox 262 1360 1048 1394; baseline -0.001 -6"><span class='ocrx_word' id='word_1_372' title='bbox 262 1362 351 1389; x_wconf 83' lang='lat' dir='ltr'><strong>stabat</strong></span> <span class='ocrx_word' id='word_1_373' title='bbox 372 1361 422 1394; x_wconf 91' lang='lat' dir='ltr'><strong>eis,</strong></span> <span class='ocrx_word' id='word_1_374' title='bbox 443 1360 562 1388; x_wconf 90' lang='lat' dir='ltr'><strong>alienum</strong></span> <span class='ocrx_word' id='word_1_375' title='bbox 587 1363 629 1387; x_wconf 87' lang='lat' dir='ltr'><strong>est</strong></span> <span class='ocrx_word' id='word_1_376' title='bbox 650 1367 763 1394; x_wconf 76' lang='lat' dir='ltr'><strong>prorsus</strong></span> <span class='ocrx_word' id='word_1_377' title='bbox 778 1367 792 1386; x_wconf 89' lang='lat' dir='ltr'><strong>a</strong></span> <span class='ocrx_word' id='word_1_378' title='bbox 811 1361 917 1387; x_wconf 87' lang='lat' dir='ltr'><strong>ratione</strong></span> <span class='ocrx_word' id='word_1_379' title='bbox 931 1361 1048 1388; x_wconf 76' lang='lat' dir='ltr'><strong>educere</strong></span> 
     </span>
    </p>
   </div>
   <div class='ocr_carea' id='block_1_53' title="bbox 258 1402 1048 1441">
    <p class='ocr_par' dir='ltr' id='par_1_53' title="bbox 258 1402 1048 1441">
     <span class='ocr_line' id='line_1_53' title="bbox 258 1402 1048 1441; baseline 0 -7"><span class='ocrx_word' id='word_1_380' title='bbox 258 1407 414 1434; x_wconf 75' lang='lat' dir='ltr'><strong>exercitum</strong></span> <span class='ocrx_word' id='word_1_381' title='bbox 439 1402 536 1433; x_wconf 83' lang='lat' dir='ltr'><strong>contra</strong></span> <span class='ocrx_word' id='word_1_382' title='bbox 553 1413 602 1434; x_wconf 88' lang='lat' dir='ltr'><strong>eos</strong></span> <span class='ocrx_word' id='word_1_383' title='bbox 631 1413 647 1432; x_wconf 85' lang='lat' dir='ltr'><strong>a</strong></span> <span class='ocrx_word' id='word_1_384' title='bbox 668 1405 768 1441; x_wconf 87' lang='lat' dir='ltr'><strong>quibus</strong></span> <span class='ocrx_word' id='word_1_385' title='bbox 783 1414 813 1433; x_wconf 88' lang='lat' dir='ltr'><strong>se</strong></span> <span class='ocrx_word' id='word_1_386' title='bbox 833 1406 927 1441; x_wconf 85' lang='lat' dir='ltr'><strong>repelli</strong></span> <span class='ocrx_word' id='word_1_387' title='bbox 943 1407 1048 1434; x_wconf 84' lang='lat' dir='ltr'><strong>nescie—</strong></span> 
     </span>
    </p>
   </div>
   <div class='ocr_carea' id='block_1_54' title="bbox 262 1451 1047 1488">
    <p class='ocr_par' dir='ltr' id='par_1_54' title="bbox 262 1451 1047 1488">
     <span class='ocr_line' id='line_1_54' title="bbox 262 1451 1047 1488; baseline -0.001 -8"><span class='ocrx_word' id='word_1_388' title='bbox 262 1454 406 1488; x_wconf 83' lang='lat' dir='ltr'><strong>bant:par</strong></span> <span class='ocrx_word' id='word_1_389' title='bbox 417 1453 489 1480; x_wconf 85' lang='lat' dir='ltr'><strong>enim</strong></span> <span class='ocrx_word' id='word_1_390' title='bbox 505 1457 564 1480; x_wconf 85' lang='lat' dir='ltr'><strong>erat</strong></span> <span class='ocrx_word' id='word_1_391' title='bbox 576 1451 677 1479; x_wconf 86' lang='lat' dir='ltr'><strong>armari</strong></span> <span class='ocrx_word' id='word_1_392' title='bbox 691 1460 749 1485; x_wconf 89' lang='lat' dir='ltr'><strong>eos,</strong></span> <span class='ocrx_word' id='word_1_393' title='bbox 766 1456 795 1479; x_wconf 89' lang='lat' dir='ltr'><strong>ut</strong></span> <span class='ocrx_word' id='word_1_394' title='bbox 815 1452 892 1480; x_wconf 87' lang='lat' dir='ltr'><strong>aiunt</strong></span> <span class='ocrx_word' id='word_1_395' title='bbox 905 1452 968 1488; x_wconf 88' lang='lat' dir='ltr'><strong>ipsi,</strong></span> <span class='ocrx_word' id='word_1_396' title='bbox 986 1453 1047 1488; x_wconf 77' lang='lat' dir='ltr'><strong>igne</strong></span> 
     </span>
    </p>
   </div>
   <div class='ocr_carea' id='block_1_55' title="bbox 257 1498 1047 1534">
    <p class='ocr_par' dir='ltr' id='par_1_55' title="bbox 257 1498 1047 1534">
     <span class='ocr_line' id='line_1_55' title="bbox 257 1498 1047 1534; baseline 0 -9"><span class='ocrx_word' id='word_1_397' title='bbox 257 1502 288 1525; x_wconf 77' lang='lat' dir='ltr'><strong>et</strong></span> <span class='ocrx_word' id='word_1_398' title='bbox 314 1499 444 1530; x_wconf 85' lang='lat' dir='ltr'><strong>tenebris,</strong></span> <span class='ocrx_word' id='word_1_399' title='bbox 471 1498 494 1526; x_wconf 92' lang='lat' dir='ltr'><strong>si</strong></span> <span class='ocrx_word' id='word_1_400' title='bbox 519 1498 709 1534; x_wconf 75' lang='lat' dir='ltr'><strong>praavidissent</strong></span> <span class='ocrx_word' id='word_1_401' title='bbox 724 1506 754 1526; x_wconf 83' lang='lat' dir='ltr'><strong>se</strong></span> <span class='ocrx_word' id='word_1_402' title='bbox 768 1498 803 1525; x_wconf 90' lang='lat' dir='ltr'><strong>ab</strong></span> <span class='ocrx_word' id='word_1_403' title='bbox 830 1498 926 1526; x_wconf 87' lang='lat' dir='ltr'><strong>alienis</strong></span> <span class='ocrx_word' id='word_1_404' title='bbox 950 1499 1047 1526; x_wconf 86' lang='lat' dir='ltr'><strong>arceri.</strong></span> 
     </span>
    </p>
   </div>
   <div class='ocr_carea' id='block_1_56' title="bbox 261 1543 1050 1578">
    <p class='ocr_par' dir='ltr' id='par_1_56' title="bbox 261 1543 1050 1578">
     <span class='ocr_line' id='line_1_56' title="bbox 261 1543 1050 1578; baseline 0 -8"><span class='ocrx_word' id='word_1_405' title='bbox 261 1543 317 1571; x_wconf 82' lang='lat' dir='ltr'><strong>Sed</strong></span> <span class='ocrx_word' id='word_1_406' title='bbox 341 1544 406 1578; x_wconf 89' lang='lat' dir='ltr'><strong>quia</strong></span> <span class='ocrx_word' id='word_1_407' title='bbox 424 1544 536 1571; x_wconf 90' lang='lat' dir='ltr'><strong>omnino</strong></span> <span class='ocrx_word' id='word_1_408' title='bbox 557 1543 730 1578; x_wconf 70' lang='lat' dir='ltr'><strong>ignorabant,</strong></span> <span class='ocrx_word' id='word_1_409' title='bbox 759 1551 813 1570; x_wconf 92' lang='lat' dir='ltr'><strong>non</strong></span> <span class='ocrx_word' id='word_1_410' title='bbox 829 1544 916 1571; x_wconf 87' lang='lat' dir='ltr'><strong>solum</strong></span> <span class='ocrx_word' id='word_1_411' title='bbox 932 1551 986 1571; x_wconf 91' lang='lat' dir='ltr'><strong>non</strong></span> <span class='ocrx_word' id='word_1_412' title='bbox 1008 1548 1050 1572; x_wconf 86' lang='lat' dir='ltr'><strong>est</strong></span> 
     </span>
    </p>
   </div>
   <div class='ocr_carea' id='block_1_57' title="bbox 260 1589 1050 1627">
    <p class='ocr_par' dir='ltr' id='par_1_57' title="bbox 260 1589 1050 1627">
     <span class='ocr_line' id='line_1_57' title="bbox 260 1589 1050 1627; baseline 0.001 -12"><span class='ocrx_word' id='word_1_413' title='bbox 260 1589 403 1627; x_wconf 71' lang='lat' dir='ltr'><strong>credibile,</strong></span> <span class='ocrx_word' id='word_1_414' title='bbox 420 1589 466 1616; x_wconf 89' lang='lat' dir='ltr'><strong>sed</strong></span> <span class='ocrx_word' id='word_1_415' title='bbox 484 1589 565 1624; x_wconf 82' lang='lat' dir='ltr'><strong>plane</strong></span> <span class='ocrx_word' id='word_1_416' title='bbox 582 1589 632 1616; x_wconf 85' lang='lat' dir='ltr'><strong>sibi</strong></span> <span class='ocrx_word' id='word_1_417' title='bbox 655 1596 820 1623; x_wconf 79' lang='lat' dir='ltr'><strong>repugnans,</strong></span> <span class='ocrx_word' id='word_1_418' title='bbox 839 1595 1004 1616; x_wconf 84' lang='lat' dir='ltr'><strong>armaturam</strong></span> <span class='ocrx_word' id='word_1_419' title='bbox 1023 1594 1050 1616; x_wconf 90' lang='lat' dir='ltr'><strong>et</strong></span> 
     </span>
    </p>
   </div>
   <div class='ocr_carea' id='block_1_58' title="bbox 261 1635 1050 1670">
    <p class='ocr_par' dir='ltr' id='par_1_58' title="bbox 261 1635 1050 1670">
     <span class='ocr_line' id='line_1_58' title="bbox 261 1635 1050 1670; baseline 0.001 -7"><span class='ocrx_word' id='word_1_420' title='bbox 261 1637 410 1664; x_wconf 76' lang='lat' dir='ltr'><strong>exercitum</strong></span> <span class='ocrx_word' id='word_1_421' title='bbox 433 1636 599 1667; x_wconf 81' lang='lat' dir='ltr'><strong>describere,</strong></span> <span class='ocrx_word' id='word_1_422' title='bbox 625 1644 687 1662; x_wconf 87' lang='lat' dir='ltr'><strong>eum</strong></span> <span class='ocrx_word' id='word_1_423' title='bbox 709 1636 801 1664; x_wconf 89' lang='lat' dir='ltr'><strong>nullus</strong></span> <span class='ocrx_word' id='word_1_424' title='bbox 822 1635 930 1670; x_wconf 87' lang='lat' dir='ltr'><strong>penitus</strong></span> <span class='ocrx_word' id='word_1_425' title='bbox 955 1643 1050 1670; x_wconf 83' lang='lat' dir='ltr'><strong>exspe—</strong></span> 
     </span>
    </p>
   </div>
   <div class='ocr_carea' id='block_1_59' title="bbox 263 1681 1049 1710">
    <p class='ocr_par' dir='ltr' id='par_1_59' title="bbox 263 1681 1049 1710">
     <span class='ocr_line' id='line_1_59' title="bbox 263 1681 1049 1710; baseline 0.001 -2"><span class='ocrx_word' id='word_1_426' title='bbox 263 1686 386 1710; x_wconf 84' lang='lat' dir='ltr'><strong>ctaretur</strong></span> <span class='ocrx_word' id='word_1_427' title='bbox 412 1681 445 1709; x_wconf 88' lang='lat' dir='ltr'><strong>ad</strong></span> <span class='ocrx_word' id='word_1_428' title='bbox 479 1681 662 1709; x_wconf 83' lang='lat' dir='ltr'><strong>resistendum</strong></span> <span class='ocrx_word' id='word_1_429' title='bbox 696 1681 851 1708; x_wconf 84' lang='lat' dir='ltr'><strong>adfuturus.</strong></span> <span class='ocrx_word' id='word_1_430' title='bbox 873 1681 932 1708; x_wconf 89' lang='lat' dir='ltr'><strong>Non</strong></span> <span class='ocrx_word' id='word_1_431' title='bbox 959 1682 1049 1709; x_wconf 84' lang='lat' dir='ltr'><strong>minus</strong></span> 
     </span>
    </p>
   </div>
   <div class='ocr_carea' id='block_1_60' title="bbox 260 1726 1049 1761">
    <p class='ocr_par' dir='ltr' id='par_1_60' title="bbox 260 1726 1049 1761">
     <span class='ocr_line' id='line_1_60' title="bbox 260 1726 1049 1761; baseline 0.001 -8"><span class='ocrx_word' id='word_1_432' title='bbox 260 1727 428 1754; x_wconf 87' lang='lat' dir='ltr'><strong>contrarium</strong></span> <span class='ocrx_word' id='word_1_433' title='bbox 441 1730 483 1754; x_wconf 77' lang='lat' dir='ltr'><strong>est</strong></span> <span class='ocrx_word' id='word_1_434' title='bbox 493 1726 593 1758; x_wconf 86' lang='lat' dir='ltr'><strong>dicere,</strong></span> <span class='ocrx_word' id='word_1_435' title='bbox 603 1730 659 1753; x_wconf 90' lang='lat' dir='ltr'><strong>tum</strong></span> <span class='ocrx_word' id='word_1_436' title='bbox 671 1726 846 1761; x_wconf 87' lang='lat' dir='ltr'><strong>cupiditatem</strong></span> <span class='ocrx_word' id='word_1_437' title='bbox 865 1727 975 1754; x_wconf 90' lang='lat' dir='ltr'><strong>luminis</strong></span> <span class='ocrx_word' id='word_1_438' title='bbox 987 1727 1049 1754; x_wconf 91' lang='lat' dir='ltr'><strong>illos</strong></span> 
     </span>
    </p>
   </div>
   <div class='ocr_carea' id='block_1_61' title="bbox 260 1772 1046 1807">
    <p class='ocr_par' dir='ltr' id='par_1_61' title="bbox 260 1772 1046 1807">
     <span class='ocr_line' id='line_1_61' title="bbox 260 1772 1046 1807; baseline 0.001 -8"><span class='ocrx_word' id='word_1_439' title='bbox 260 1772 401 1805; x_wconf 74' lang='lat' dir='ltr'><strong>habuissr,</strong></span> <span class='ocrx_word' id='word_1_440' title='bbox 418 1778 474 1799; x_wconf 91' lang='lat' dir='ltr'><strong>tum</strong></span> <span class='ocrx_word' id='word_1_441' title='bbox 486 1776 617 1807; x_wconf 87' lang='lat' dir='ltr'><strong>apparatu</strong></span> <span class='ocrx_word' id='word_1_442' title='bbox 639 1772 735 1799; x_wconf 87' lang='lat' dir='ltr'><strong>bellico</strong></span> <span class='ocrx_word' id='word_1_443' title='bbox 751 1779 816 1800; x_wconf 88' lang='lat' dir='ltr'><strong>usos</strong></span> <span class='ocrx_word' id='word_1_444' title='bbox 833 1780 894 1800; x_wconf 88' lang='lat' dir='ltr'><strong>esse</strong></span> <span class='ocrx_word' id='word_1_445' title='bbox 907 1773 1046 1800; x_wconf 86' lang='lat' dir='ltr'><strong>confiteri:</strong></span> 
     </span>
    </p>
   </div>
   <div class='ocr_carea' id='block_1_62' title="bbox 260 1818 1049 1846">
    <p class='ocr_par' dir='ltr' id='par_1_62' title="bbox 260 1818 1049 1846">
     <span class='ocr_line' id='line_1_62' title="bbox 260 1818 1049 1846; baseline 0 0"><span class='ocrx_word' id='word_1_446' title='bbox 260 1819 344 1846; x_wconf 81' lang='lat' dir='ltr'><strong>armis</strong></span> <span class='ocrx_word' id='word_1_447' title='bbox 367 1819 439 1846; x_wconf 89' lang='lat' dir='ltr'><strong>enim</strong></span> <span class='ocrx_word' id='word_1_448' title='bbox 458 1819 562 1846; x_wconf 86' lang='lat' dir='ltr'><strong>bellicis</strong></span> <span class='ocrx_word' id='word_1_449' title='bbox 589 1818 679 1846; x_wconf 90' lang='lat' dir='ltr'><strong>omnis</strong></span> <span class='ocrx_word' id='word_1_450' title='bbox 692 1818 781 1846; x_wconf 84' lang='lat' dir='ltr'><strong>hostis</strong></span> <span class='ocrx_word' id='word_1_451' title='bbox 798 1824 893 1846; x_wconf 89' lang='lat' dir='ltr'><strong>contra</strong></span> <span class='ocrx_word' id='word_1_452' title='bbox 920 1820 1049 1846; x_wconf 80' lang='lat' dir='ltr'><strong>adversa-</strong></span> 
     </span>
    </p>
   </div>
   <div class='ocr_carea' id='block_1_63' title="bbox 259 1865 1049 1901">
    <p class='ocr_par' dir='ltr' id='par_1_63' title="bbox 259 1865 1049 1901">
     <span class='ocr_line' id='line_1_63' title="bbox 259 1865 1049 1901; baseline 0.001 -10"><span class='ocrx_word' id='word_1_453' title='bbox 259 1865 331 1892; x_wconf 87' lang='lat' dir='ltr'><strong>rium</strong></span> <span class='ocrx_word' id='word_1_454' title='bbox 354 1873 383 1892; x_wconf 89' lang='lat' dir='ltr'><strong>se</strong></span> <span class='ocrx_word' id='word_1_455' title='bbox 402 1865 467 1899; x_wconf 82' lang='lat' dir='ltr'><strong>tegit</strong></span> <span class='ocrx_word' id='word_1_456' title='bbox 487 1868 514 1892; x_wconf 89' lang='lat' dir='ltr'><strong>et</strong></span> <span class='ocrx_word' id='word_1_457' title='bbox 531 1865 632 1897; x_wconf 84' lang='lat' dir='ltr'><strong>munit;</strong></span> <span class='ocrx_word' id='word_1_458' title='bbox 647 1873 700 1891; x_wconf 91' lang='lat' dir='ltr'><strong>non</strong></span> <span class='ocrx_word' id='word_1_459' title='bbox 720 1870 813 1892; x_wconf 89' lang='lat' dir='ltr'><strong>contra</strong></span> <span class='ocrx_word' id='word_1_460' title='bbox 829 1865 866 1896; x_wconf 88' lang='lat' dir='ltr'><strong>id.</strong></span> <span class='ocrx_word' id='word_1_461' title='bbox 885 1866 958 1900; x_wconf 88' lang='lat' dir='ltr'><strong>quod</strong></span> <span class='ocrx_word' id='word_1_462' title='bbox 974 1866 1049 1901; x_wconf 89' lang='lat' dir='ltr'><strong>cupit</strong></span> 
     </span>
    </p>
   </div>
   <div class='ocr_carea' id='block_1_64' title="bbox 259 1910 1049 1946">
    <p class='ocr_par' dir='ltr' id='par_1_64' title="bbox 259 1910 1049 1946">
     <span class='ocr_line' id='line_1_64' title="bbox 259 1910 1049 1946; baseline 0 -8"><span class='ocrx_word' id='word_1_463' title='bbox 259 1918 320 1938; x_wconf 82' lang='lat' dir='ltr'><strong>esse</strong></span> <span class='ocrx_word' id='word_1_464' title='bbox 334 1911 474 1946; x_wconf 59' lang='lat' dir='ltr'><strong>praemium</strong></span> <span class='ocrx_word' id='word_1_465' title='bbox 497 1911 664 1937; x_wconf 83' lang='lat' dir='ltr'><strong>certaminis.</strong></span> <span class='ocrx_word' id='word_1_466' title='bbox 683 1910 711 1937; x_wconf 93' lang='lat' dir='ltr'><strong>Si</strong></span> <span class='ocrx_word' id='word_1_467' title='bbox 729 1918 794 1945; x_wconf 81' lang='lat' dir='ltr'><strong>ergo</strong></span> <span class='ocrx_word' id='word_1_468' title='bbox 808 1918 862 1938; x_wconf 93' lang='lat' dir='ltr'><strong>non</strong></span> <span class='ocrx_word' id='word_1_469' title='bbox 882 1915 940 1938; x_wconf 86' lang='lat' dir='ltr'><strong>erat</strong></span> <span class='ocrx_word' id='word_1_470' title='bbox 954 1911 1049 1938; x_wconf 84' lang='lat' dir='ltr'><strong>adver-</strong></span> 
     </span>
    </p>
   </div>
   <div class='ocr_carea' id='block_1_65' title="bbox 259 1957 1047 1992">
    <p class='ocr_par' dir='ltr' id='par_1_65' title="bbox 259 1957 1047 1992">
     <span class='ocr_line' id='line_1_65' title="bbox 259 1957 1047 1992; baseline 0.001 -8"><span class='ocrx_word' id='word_1_471' title='bbox 259 1957 368 1989; x_wconf 76' lang='lat' dir='ltr'><strong>sarius,</strong></span> <span class='ocrx_word' id='word_1_472' title='bbox 395 1961 530 1991; x_wconf 84' lang='lat' dir='ltr'><strong>quatenus</strong></span> <span class='ocrx_word' id='word_1_473' title='bbox 550 1957 602 1991; x_wconf 91' lang='lat' dir='ltr'><strong>ipsi</strong></span> <span class='ocrx_word' id='word_1_474' title='bbox 627 1957 808 1992; x_wconf 78' lang='lat' dir='ltr'><strong>ignorabant,</strong></span> <span class='ocrx_word' id='word_1_475' title='bbox 837 1958 973 1992; x_wconf 88' lang='lat' dir='ltr'><strong>quomodo</strong></span> <span class='ocrx_word' id='word_1_476' title='bbox 993 1966 1047 1985; x_wconf 83' lang='lat' dir='ltr'><strong>non</strong></span> 
     </span>
    </p>
   </div>
   <div class='ocr_carea' id='block_1_66' title="bbox 257 2003 1049 2038">
    <p class='ocr_par' dir='ltr' id='par_1_66' title="bbox 257 2003 1049 2038">
     <span class='ocr_line' id='line_1_66' title="bbox 257 2003 1049 2038; baseline 0.001 -8"><span class='ocrx_word' id='word_1_477' title='bbox 257 2007 324 2031; x_wconf 83' lang='lat' dir='ltr'><strong>sunt</strong></span> <span class='ocrx_word' id='word_1_478' title='bbox 337 2003 485 2035; x_wconf 87' lang='lat' dir='ltr'><strong>contraria,</strong></span> <span class='ocrx_word' id='word_1_479' title='bbox 498 2010 598 2036; x_wconf 89' lang='lat' dir='ltr'><strong>cupere</strong></span> <span class='ocrx_word' id='word_1_480' title='bbox 613 2008 639 2030; x_wconf 88' lang='lat' dir='ltr'><strong>et</strong></span> <span class='ocrx_word' id='word_1_481' title='bbox 654 2003 832 2038; x_wconf 77' lang='lat' dir='ltr'><strong>bel&#39;igrrare?</strong></span> <span class='ocrx_word' id='word_1_482' title='bbox 847 2003 988 2036; x_wconf 88' lang='lat' dir='ltr'><strong>Quomodo</strong></span> <span class='ocrx_word' id='word_1_483' title='bbox 1003 2012 1049 2031; x_wconf 86' lang='lat' dir='ltr'><strong>au-</strong></span> 
     </span>
    </p>
   </div>
   <div class='ocr_carea' id='block_1_67' title="bbox 260 2050 1048 2086">
    <p class='ocr_par' dir='ltr' id='par_1_67' title="bbox 260 2050 1048 2086">
     <span class='ocr_line' id='line_1_67' title="bbox 260 2050 1048 2086; baseline 0 -8"><span class='ocrx_word' id='word_1_484' title='bbox 260 2055 314 2078; x_wconf 86' lang='lat' dir='ltr'><strong>tem</strong></span> <span class='ocrx_word' id='word_1_485' title='bbox 330 2050 396 2077; x_wconf 85' lang='lat' dir='ltr'><strong>illud</strong></span> <span class='ocrx_word' id='word_1_486' title='bbox 409 2051 489 2077; x_wconf 82' lang='lat' dir='ltr'><strong>etiam</strong></span> <span class='ocrx_word' id='word_1_487' title='bbox 505 2058 558 2076; x_wconf 83' lang='lat' dir='ltr'><strong>nou</strong></span> <span class='ocrx_word' id='word_1_488' title='bbox 570 2053 612 2077; x_wconf 89' lang='lat' dir='ltr'><strong>est</strong></span> <span class='ocrx_word' id='word_1_489' title='bbox 637 2057 801 2085; x_wconf 72' lang='lat' dir='ltr'><strong>magnopere</strong></span> <span class='ocrx_word' id='word_1_490' title='bbox 815 2058 981 2086; x_wconf 77' lang='lat' dir='ltr'><strong>repugnans,</strong></span> <span class='ocrx_word' id='word_1_491' title='bbox 1001 2059 1048 2078; x_wconf 85' lang='lat' dir='ltr'><strong>eos</strong></span> 
     </span>
    </p>
   </div>
   <div class='ocr_carea' id='block_1_68' title="bbox 260 2095 1046 2131">
    <p class='ocr_par' dir='ltr' id='par_1_68' title="bbox 260 2095 1046 2131">
     <span class='ocr_line' id='line_1_68' title="bbox 260 2095 1046 2131; baseline 0.001 -9"><span class='ocrx_word' id='word_1_492' title='bbox 260 2096 307 2130; x_wconf 89' lang='lat' dir='ltr'><strong>qui</strong></span> <span class='ocrx_word' id='word_1_493' title='bbox 324 2095 352 2122; x_wconf 93' lang='lat' dir='ltr'><strong>in</strong></span> <span class='ocrx_word' id='word_1_494' title='bbox 368 2096 401 2122; x_wconf 89' lang='lat' dir='ltr'><strong>iis</strong></span> <span class='ocrx_word' id='word_1_495' title='bbox 423 2103 483 2130; x_wconf 71' lang='lat' dir='ltr'><strong>quae</strong></span> <span class='ocrx_word' id='word_1_496' title='bbox 506 2095 656 2122; x_wconf 82' lang='lat' dir='ltr'><strong>secundum</strong></span> <span class='ocrx_word' id='word_1_497' title='bbox 672 2099 799 2122; x_wconf 86' lang='lat' dir='ltr'><strong>naturam</strong></span> <span class='ocrx_word' id='word_1_498' title='bbox 817 2100 882 2124; x_wconf 88' lang='lat' dir='ltr'><strong>sunt</strong></span> <span class='ocrx_word' id='word_1_499' title='bbox 906 2105 1046 2131; x_wconf 89' lang='lat' dir='ltr'><strong>nunquam</strong></span> 
     </span>
    </p>
   </div>
   <div class='ocr_carea' id='block_1_69' title="bbox 1135 1313 1883 1350">
    <p class='ocr_par' dir='ltr' id='par_1_69' title="bbox 1135 1313 1883 1350">
     <span class='ocr_line' id='line_1_69' title="bbox 1135 1313 1883 1350; baseline -0.003 -10"><span class='ocrx_word' id='word_1_500' title='bbox 1135 1315 1167 1340; x_wconf 85' lang='grc' dir='ltr'><strong>Εί</strong></span> <span class='ocrx_word' id='word_1_501' title='bbox 1185 1314 1274 1340; x_wconf 79' lang='grc' dir='ltr'>τοίνυν</span> <span class='ocrx_word' id='word_1_502' title='bbox 1293 1314 1330 1350; x_wconf 83' lang='grc' dir='ltr'>μὴ</span> <span class='ocrx_word' id='word_1_503' title='bbox 1345 1314 1442 1349; x_wconf 75' lang='grc' dir='ltr'>ᾔδεσαν</span> <span class='ocrx_word' id='word_1_504' title='bbox 1460 1313 1489 1340; x_wconf 77' lang='grc' dir='ltr'>τὸ</span> <span class='ocrx_word' id='word_1_505' title='bbox 1510 1313 1615 1340; x_wconf 85' lang='grc' dir='ltr'>κωλῦον</span> <span class='ocrx_word' id='word_1_506' title='bbox 1641 1314 1782 1345; x_wconf 81' lang='grc' dir='ltr'>ἐναντίον,</span> <span class='ocrx_word' id='word_1_507' title='bbox 1801 1314 1883 1347; x_wconf 63' lang='grc' dir='ltr'>ἄλογον</span> 
     </span>
    </p>
   </div>
   <div class='ocr_carea' id='block_1_70' title="bbox 1101 1357 1882 1396">
    <p class='ocr_par' dir='ltr' id='par_1_70' title="bbox 1101 1357 1882 1396">
     <span class='ocr_line' id='line_1_70' title="bbox 1101 1357 1882 1396; baseline -0.001 -10"><span class='ocrx_word' id='word_1_508' title='bbox 1101 1360 1187 1395; x_wconf 85' lang='grc' dir='ltr'>πάντη</span> <span class='ocrx_word' id='word_1_509' title='bbox 1205 1360 1235 1386; x_wconf 83' lang='grc' dir='ltr'>τὸ</span> <span class='ocrx_word' id='word_1_510' title='bbox 1254 1359 1469 1395; x_wconf 84' lang='grc' dir='ltr'>ἐπιστρατεύειν,</span> <span class='ocrx_word' id='word_1_511' title='bbox 1486 1359 1528 1394; x_wconf 75' lang='grc' dir='ltr'>ἐφ’</span> <span class='ocrx_word' id='word_1_512' title='bbox 1545 1357 1586 1391; x_wconf 75' lang='grc' dir='ltr'><strong>οἷς</strong></span> <span class='ocrx_word' id='word_1_513' title='bbox 1601 1361 1652 1387; x_wconf 83' lang='grc' dir='ltr'><strong>οὐκ</strong></span> <span class='ocrx_word' id='word_1_514' title='bbox 1666 1360 1771 1396; x_wconf 67' lang='grc' dir='ltr'>ᾔδεσαν</span> <span class='ocrx_word' id='word_1_515' title='bbox 1793 1361 1882 1386; x_wconf 53' lang='grc' dir='ltr'>κωλυὼ</span> 
     </span>
    </p>
   </div>
   <div class='ocr_carea' id='block_1_71' title="bbox 1102 1403 1881 1441">
    <p class='ocr_par' dir='ltr' id='par_1_71' title="bbox 1102 1403 1881 1441">
     <span class='ocr_line' id='line_1_71' title="bbox 1102 1403 1881 1441; baseline 0 -9"><span class='ocrx_word' id='word_1_516' title='bbox 1102 1413 1194 1441; x_wconf 82' lang='grc' dir='ltr'>μενοι·</span> <span class='ocrx_word' id='word_1_517' title='bbox 1211 1405 1368 1437; x_wconf 80' lang='grc' dir='ltr'>ὁπλίζεσθαι</span> <span class='ocrx_word' id='word_1_518' title='bbox 1385 1405 1439 1441; x_wconf 77' lang='grc' dir='ltr'>γὰρ</span> <span class='ocrx_word' id='word_1_519' title='bbox 1459 1405 1532 1436; x_wconf 73' lang='grc' dir='ltr'>εἰκὸς</span> <span class='ocrx_word' id='word_1_520' title='bbox 1548 1403 1582 1441; x_wconf 82' lang='grc' dir='ltr'><strong>ἦν</strong></span> <span class='ocrx_word' id='word_1_521' title='bbox 1611 1406 1732 1437; x_wconf 77' lang='grc' dir='ltr'>αὐτοὺς,</span> <span class='ocrx_word' id='word_1_522' title='bbox 1751 1405 1789 1436; x_wconf 82' lang='grc' dir='ltr'>ὡς</span> <span class='ocrx_word' id='word_1_523' title='bbox 1810 1413 1881 1440; x_wconf 64' lang='grc' dir='ltr'>φησι.</span> 
     </span>
    </p>
   </div>
   <div class='ocr_carea' id='block_1_72' title="bbox 1101 1451 1882 1487">
    <p class='ocr_par' dir='ltr' id='par_1_72' title="bbox 1101 1451 1882 1487">
     <span class='ocr_line' id='line_1_72' title="bbox 1101 1451 1882 1487; baseline 0 -10"><span class='ocrx_word' id='word_1_524' title='bbox 1101 1452 1169 1487; x_wconf 85' lang='grc' dir='ltr'>πυρὶ</span> <span class='ocrx_word' id='word_1_525' title='bbox 1186 1452 1232 1478; x_wconf 81' lang='grc' dir='ltr'><strong>καὶ</strong></span> <span class='ocrx_word' id='word_1_526' title='bbox 1250 1451 1347 1486; x_wconf 81' lang='grc' dir='ltr'>σκότῳ,</span> <span class='ocrx_word' id='word_1_527' title='bbox 1359 1452 1383 1478; x_wconf 85' lang='grc' dir='ltr'><strong>εί</strong></span> <span class='ocrx_word' id='word_1_528' title='bbox 1394 1451 1545 1487; x_wconf 80' lang='grc' dir='ltr'>προῄδεσαν</span> <span class='ocrx_word' id='word_1_529' title='bbox 1563 1453 1617 1478; x_wconf 84' lang='grc' dir='ltr'>τῶν</span> <span class='ocrx_word' id='word_1_530' title='bbox 1633 1452 1789 1487; x_wconf 79' lang='grc' dir='ltr'>ἀλλοτρίων</span> <span class='ocrx_word' id='word_1_531' title='bbox 1805 1452 1882 1486; x_wconf 63' lang='grc' dir='ltr'>εἰργά-</span> 
     </span>
    </p>
   </div>
   <div class='ocr_carea' id='block_1_73' title="bbox 1102 1497 1880 1532">
    <p class='ocr_par' dir='ltr' id='par_1_73' title="bbox 1102 1497 1880 1532">
     <span class='ocr_line' id='line_1_73' title="bbox 1102 1497 1880 1532; baseline 0.001 -9"><span class='ocrx_word' id='word_1_532' title='bbox 1102 1505 1187 1532; x_wconf 88' lang='grc' dir='ltr'>μενοι.</span> <span class='ocrx_word' id='word_1_533' title='bbox 1212 1497 1289 1524; x_wconf 79' lang='grc' dir='ltr'>Ἐπεὶ</span> <span class='ocrx_word' id='word_1_534' title='bbox 1309 1498 1337 1524; x_wconf 84' lang='grc' dir='ltr'><strong>δέ</strong></span> <span class='ocrx_word' id='word_1_535' title='bbox 1359 1497 1497 1529; x_wconf 82' lang='grc' dir='ltr'>παντελῶς</span> <span class='ocrx_word' id='word_1_536' title='bbox 1519 1498 1649 1532; x_wconf 77' lang='grc' dir='ltr'>ἠγνόουν,</span> <span class='ocrx_word' id='word_1_537' title='bbox 1676 1498 1730 1525; x_wconf 70' lang='grc' dir='ltr'>οὐκ</span> <span class='ocrx_word' id='word_1_538' title='bbox 1761 1499 1880 1526; x_wconf 57' lang='grc' dir='ltr'>ἀπιθᾰνοςι</span> 
     </span>
    </p>
   </div>
   <div class='ocr_carea' id='block_1_74' title="bbox 1101 1543 1881 1579">
    <p class='ocr_par' dir='ltr' id='par_1_74' title="bbox 1101 1543 1881 1579">
     <span class='ocr_line' id='line_1_74' title="bbox 1101 1543 1881 1579; baseline 0.001 -11"><span class='ocrx_word' id='word_1_539' title='bbox 1101 1543 1191 1577; x_wconf 76' lang='grc' dir='ltr'>μόνον,</span> <span class='ocrx_word' id='word_1_540' title='bbox 1209 1543 1276 1569; x_wconf 85' lang='grc' dir='ltr'>ἀλλὰ</span> <span class='ocrx_word' id='word_1_541' title='bbox 1291 1544 1338 1569; x_wconf 78' lang='grc' dir='ltr'><strong>καὶ</strong></span> <span class='ocrx_word' id='word_1_542' title='bbox 1352 1543 1444 1578; x_wconf 84' lang='grc' dir='ltr'>σαφῶς</span> <span class='ocrx_word' id='word_1_543' title='bbox 1462 1543 1616 1579; x_wconf 78' lang='grc' dir='ltr'>μαχομένου</span> <span class='ocrx_word' id='word_1_544' title='bbox 1630 1544 1724 1578; x_wconf 76' lang='grc' dir='ltr'>λόγου,</span> <span class='ocrx_word' id='word_1_545' title='bbox 1743 1545 1846 1571; x_wconf 67' lang='grc' dir='ltr'>ὅτλιτίν</span> <span class='ocrx_word' id='word_1_546' title='bbox 1859 1553 1881 1569; x_wconf 74' lang='grc' dir='ltr'><strong>τε</strong></span> 
     </span>
    </p>
   </div>
   <div class='ocr_carea' id='block_1_75' title="bbox 1100 1589 1883 1625">
    <p class='ocr_par' dir='ltr' id='par_1_75' title="bbox 1100 1589 1883 1625">
     <span class='ocr_line' id='line_1_75' title="bbox 1100 1589 1883 1625; baseline 0.001 -10"><span class='ocrx_word' id='word_1_547' title='bbox 1100 1590 1147 1615; x_wconf 78' lang='grc' dir='ltr'><strong>καὶ</strong></span> <span class='ocrx_word' id='word_1_548' title='bbox 1167 1589 1296 1625; x_wconf 81' lang='grc' dir='ltr'>στρατιὰν</span> <span class='ocrx_word' id='word_1_549' title='bbox 1323 1589 1491 1625; x_wconf 83' lang='grc' dir='ltr'>διαγράφειν,</span> <span class='ocrx_word' id='word_1_550' title='bbox 1516 1591 1586 1617; x_wconf 69' lang='grc' dir='ltr'>κατὰ</span> <span class='ocrx_word' id='word_1_551' title='bbox 1613 1591 1731 1625; x_wconf 79' lang='grc' dir='ltr'>μηδενὸς</span> <span class='ocrx_word' id='word_1_552' title='bbox 1754 1592 1883 1622; x_wconf 64' lang='grc' dir='ltr'>παντελές</span> 
     </span>
    </p>
   </div>
   <div class='ocr_carea' id='block_1_76' title="bbox 1099 1634 1882 1672">
    <p class='ocr_par' dir='ltr' id='par_1_76' title="bbox 1099 1634 1882 1672">
     <span class='ocr_line' id='line_1_76' title="bbox 1099 1634 1882 1672; baseline -0.003 -10"><span class='ocrx_word' id='word_1_553' title='bbox 1099 1635 1285 1662; x_wconf 81' lang='grc' dir='ltr'>ἐναντιοῦσθαι</span> <span class='ocrx_word' id='word_1_554' title='bbox 1303 1635 1538 1671; x_wconf 80' lang='grc' dir='ltr'>προσδοκωμένου.</span> <span class='ocrx_word' id='word_1_555' title='bbox 1552 1637 1608 1671; x_wconf 82' lang='grc' dir='ltr'><strong>Οὐχ</strong></span> <span class='ocrx_word' id='word_1_556' title='bbox 1622 1634 1705 1672; x_wconf 78' lang='grc' dir='ltr'>ἦττον</span> <span class='ocrx_word' id='word_1_557' title='bbox 1727 1637 1755 1662; x_wconf 81' lang='grc' dir='ltr'>δὲ</span> <span class='ocrx_word' id='word_1_558' title='bbox 1771 1639 1882 1664; x_wconf 63' lang='grc' dir='ltr'>ἐναντίω</span> 
     </span>
    </p>
   </div>
   <div class='ocr_carea' id='block_1_77' title="bbox 1099 1681 1881 1717">
    <p class='ocr_par' dir='ltr' id='par_1_77' title="bbox 1099 1681 1881 1717">
     <span class='ocr_line' id='line_1_77' title="bbox 1099 1681 1881 1717; baseline 0.003 -10"><span class='ocrx_word' id='word_1_559' title='bbox 1099 1682 1146 1707; x_wconf 78' lang='grc' dir='ltr'><strong>καὶ</strong></span> <span class='ocrx_word' id='word_1_560' title='bbox 1161 1681 1192 1707; x_wconf 82' lang='grc' dir='ltr'>τὸ</span> <span class='ocrx_word' id='word_1_561' title='bbox 1208 1681 1245 1716; x_wconf 83' lang='grc' dir='ltr'>πὴ</span> <span class='ocrx_word' id='word_1_562' title='bbox 1272 1681 1321 1716; x_wconf 83' lang='grc' dir='ltr'>μὲν</span> <span class='ocrx_word' id='word_1_563' title='bbox 1337 1681 1484 1716; x_wconf 81' lang='grc' dir='ltr'>ἐπιθυμίαν</span> <span class='ocrx_word' id='word_1_564' title='bbox 1501 1681 1567 1717; x_wconf 58' lang='grc' dir='ltr'>προς</span> <span class='ocrx_word' id='word_1_565' title='bbox 1590 1683 1620 1708; x_wconf 85' lang='grc' dir='ltr'>τὸ</span> <span class='ocrx_word' id='word_1_566' title='bbox 1636 1682 1695 1716; x_wconf 84' lang='grc' dir='ltr'><strong>φῶς</strong></span> <span class='ocrx_word' id='word_1_567' title='bbox 1711 1683 1881 1715; x_wconf 75' lang='grc' dir='ltr'>ἐκείνοις.γε-</span> 
     </span>
    </p>
   </div>
   <div class='ocr_carea' id='block_1_78' title="bbox 1099 1725 1881 1762">
    <p class='ocr_par' dir='ltr' id='par_1_78' title="bbox 1099 1725 1881 1762">
     <span class='ocr_line' id='line_1_78' title="bbox 1099 1725 1881 1762; baseline 0 -10"><span class='ocrx_word' id='word_1_568' title='bbox 1099 1726 1192 1753; x_wconf 82' lang='grc' dir='ltr'>νὲσθαι</span> <span class='ocrx_word' id='word_1_569' title='bbox 1211 1726 1310 1760; x_wconf 80' lang='grc' dir='ltr'>λέγειν,</span> <span class='ocrx_word' id='word_1_570' title='bbox 1323 1725 1360 1761; x_wconf 82' lang='grc' dir='ltr'>πὴ</span> <span class='ocrx_word' id='word_1_571' title='bbox 1378 1726 1406 1752; x_wconf 83' lang='grc' dir='ltr'>δὲ</span> <span class='ocrx_word' id='word_1_572' title='bbox 1428 1727 1589 1762; x_wconf 77' lang='grc' dir='ltr'>παρασκευῇ</span> <span class='ocrx_word' id='word_1_573' title='bbox 1610 1726 1749 1761; x_wconf 74' lang='grc' dir='ltr'>πολεμικῇ</span> <span class='ocrx_word' id='word_1_574' title='bbox 1767 1729 1825 1752; x_wconf 63' lang='grc' dir='ltr'>κατ</span> <span class='ocrx_word' id='word_1_575' title='bbox 1843 1727 1881 1751; x_wconf 63' lang='lat'><strong>2&#39;}-</strong></span> 
     </span>
    </p>
   </div>
   <div class='ocr_carea' id='block_1_79' title="bbox 1098 1772 1880 1808">
    <p class='ocr_par' dir='ltr' id='par_1_79' title="bbox 1098 1772 1880 1808">
     <span class='ocr_line' id='line_1_79' title="bbox 1098 1772 1880 1808; baseline 0.001 -10"><span class='ocrx_word' id='word_1_576' title='bbox 1098 1772 1145 1799; x_wconf 86' lang='grc' dir='ltr'>τοῦ</span> <span class='ocrx_word' id='word_1_577' title='bbox 1160 1773 1309 1808; x_wconf 81' lang='grc' dir='ltr'>κεχρῆσθαι</span> <span class='ocrx_word' id='word_1_578' title='bbox 1324 1772 1436 1804; x_wconf 80' lang='grc' dir='ltr'>τούτους</span> <span class='ocrx_word' id='word_1_579' title='bbox 1448 1773 1588 1807; x_wconf 79' lang='grc' dir='ltr'>ὁμολογεῖν</span> <span class='ocrx_word' id='word_1_580' title='bbox 1597 1781 1605 1788; x_wconf 88' lang='grc'><strong>·</strong></span> <span class='ocrx_word' id='word_1_581' title='bbox 1616 1773 1700 1799; x_wconf 82' lang='grc' dir='ltr'>ὅπλον</span> <span class='ocrx_word' id='word_1_582' title='bbox 1712 1773 1769 1808; x_wconf 71' lang='grc' dir='ltr'><strong>γὰρ</strong></span> <span class='ocrx_word' id='word_1_583' title='bbox 1783 1774 1880 1803; x_wconf 71' lang='grc' dir='ltr'>πάντως</span> 
     </span>
    </p>
   </div>
   <div class='ocr_carea' id='block_1_80' title="bbox 1099 1818 1882 1854">
    <p class='ocr_par' dir='ltr' id='par_1_80' title="bbox 1099 1818 1882 1854">
     <span class='ocr_line' id='line_1_80' title="bbox 1099 1818 1882 1854; baseline -0.001 -9"><span class='ocrx_word' id='word_1_584' title='bbox 1099 1819 1246 1854; x_wconf 71' lang='grc' dir='ltr'>πολεμικὸν</span> <span class='ocrx_word' id='word_1_585' title='bbox 1259 1818 1328 1845; x_wconf 79' lang='grc' dir='ltr'>κατὰ</span> <span class='ocrx_word' id='word_1_586' title='bbox 1340 1818 1386 1844; x_wconf 86' lang='grc' dir='ltr'>τοῦ</span> <span class='ocrx_word' id='word_1_587' title='bbox 1404 1819 1598 1854; x_wconf 81' lang='grc' dir='ltr'>ἁνθισταμένου</span> <span class='ocrx_word' id='word_1_588' title='bbox 1613 1819 1799 1854; x_wconf 73' lang='grc' dir='ltr'>προϐάλλεται</span> <span class='ocrx_word' id='word_1_589' title='bbox 1814 1819 1882 1844; x_wconf 63' lang='grc' dir='ltr'>τελέ-</span> 
     </span>
    </p>
   </div>
   <div class='ocr_carea' id='block_1_81' title="bbox 1100 1861 1879 1901">
    <p class='ocr_par' dir='ltr' id='par_1_81' title="bbox 1100 1861 1879 1901">
     <span class='ocr_line' id='line_1_81' title="bbox 1100 1861 1879 1901; baseline -0.003 -9"><span class='ocrx_word' id='word_1_590' title='bbox 1100 1874 1160 1901; x_wconf 84' lang='grc' dir='ltr'>μιος</span> <span class='ocrx_word' id='word_1_591' title='bbox 1175 1865 1257 1898; x_wconf 71' lang='grc' dir='ltr'>ἅπας,</span> <span class='ocrx_word' id='word_1_592' title='bbox 1279 1866 1309 1891; x_wconf 83' lang='grc' dir='ltr'>οὺ</span> <span class='ocrx_word' id='word_1_593' title='bbox 1329 1864 1389 1892; x_wconf 80' lang='grc' dir='ltr'>καθ’</span> <span class='ocrx_word' id='word_1_594' title='bbox 1403 1861 1433 1891; x_wconf 72' lang='grc' dir='ltr'><strong>οἶ)</strong></span> <span class='ocrx_word' id='word_1_595' title='bbox 1452 1864 1509 1900; x_wconf 81' lang='grc' dir='ltr'>ἔχει</span> <span class='ocrx_word' id='word_1_596' title='bbox 1526 1865 1575 1900; x_wconf 87' lang='grc' dir='ltr'>τὴν</span> <span class='ocrx_word' id='word_1_597' title='bbox 1598 1865 1750 1900; x_wconf 77' lang='grc' dir='ltr'>ἐπιθυμίαν</span> <span class='ocrx_word' id='word_1_598' title='bbox 1760 1865 1879 1892; x_wconf 69' lang='grc' dir='ltr'>ἐπάθλοι.</span> 
     </span>
    </p>
   </div>
   <div class='ocr_carea' id='block_1_82' title="bbox 1098 1910 1881 1947">
    <p class='ocr_par' dir='ltr' id='par_1_82' title="bbox 1098 1910 1881 1947">
     <span class='ocr_line' id='line_1_82' title="bbox 1098 1910 1881 1947; baseline -0.003 -8"><span class='ocrx_word' id='word_1_599' title='bbox 1098 1913 1130 1939; x_wconf 85' lang='grc' dir='ltr'>Εἰ</span> <span class='ocrx_word' id='word_1_600' title='bbox 1149 1913 1237 1938; x_wconf 83' lang='grc' dir='ltr'>τοίνυν</span> <span class='ocrx_word' id='word_1_601' title='bbox 1254 1912 1290 1947; x_wconf 85' lang='grc' dir='ltr'>μὴ</span> <span class='ocrx_word' id='word_1_602' title='bbox 1301 1910 1334 1947; x_wconf 86' lang='grc' dir='ltr'>ἦν</span> <span class='ocrx_word' id='word_1_603' title='bbox 1355 1912 1425 1938; x_wconf 83' lang='grc' dir='ltr'>κατὰ</span> <span class='ocrx_word' id='word_1_604' title='bbox 1438 1912 1486 1947; x_wconf 84' lang='grc' dir='ltr'>τὴν</span> <span class='ocrx_word' id='word_1_605' title='bbox 1505 1912 1592 1939; x_wconf 74' lang='grc' dir='ltr'>αὐτῶν</span> <span class='ocrx_word' id='word_1_606' title='bbox 1610 1912 1723 1945; x_wconf 75' lang='grc' dir='ltr'>ᾶγνοιαν</span> <span class='ocrx_word' id='word_1_607' title='bbox 1736 1913 1751 1938; x_wconf 84' lang='grc' dir='ltr'>ὁ</span> <span class='ocrx_word' id='word_1_608' title='bbox 1764 1912 1881 1939; x_wconf 73' lang='grc' dir='ltr'>ἀνθιστὰ-</span> 
     </span>
    </p>
   </div>
   <div class='ocr_carea' id='block_1_83' title="bbox 1098 1958 1878 1993">
    <p class='ocr_par' dir='ltr' id='par_1_83' title="bbox 1098 1958 1878 1993">
     <span class='ocr_line' id='line_1_83' title="bbox 1098 1958 1878 1993; baseline -0.001 -9"><span class='ocrx_word' id='word_1_609' title='bbox 1098 1967 1190 1993; x_wconf 74' lang='grc' dir='ltr'>μενος,</span> <span class='ocrx_word' id='word_1_610' title='bbox 1202 1958 1259 1989; x_wconf 77' lang='grc' dir='ltr'><strong>πῶς</strong></span> <span class='ocrx_word' id='word_1_611' title='bbox 1276 1959 1325 1984; x_wconf 74' lang='grc' dir='ltr'><strong>οὐκ</strong></span> <span class='ocrx_word' id='word_1_612' title='bbox 1340 1958 1458 1985; x_wconf 80' lang='grc' dir='ltr'>ἐναντίον</span> <span class='ocrx_word' id='word_1_613' title='bbox 1475 1958 1506 1984; x_wconf 75' lang='grc' dir='ltr'>τὸ</span> <span class='ocrx_word' id='word_1_614' title='bbox 1527 1958 1670 1993; x_wconf 81' lang='grc' dir='ltr'>ἐπιθυμεῖν</span> <span class='ocrx_word' id='word_1_615' title='bbox 1684 1958 1726 1993; x_wconf 80' lang='grc' dir='ltr'>τῷ</span> <span class='ocrx_word' id='word_1_616' title='bbox 1741 1959 1878 1993; x_wconf 73' lang='grc' dir='ltr'>πολεμεῖνς</span> 
     </span>
    </p>
   </div>
   <div class='ocr_carea' id='block_1_84' title="bbox 1098 2003 1880 2039">
    <p class='ocr_par' dir='ltr' id='par_1_84' title="bbox 1098 2003 1880 2039">
     <span class='ocr_line' id='line_1_84' title="bbox 1098 2003 1880 2039; baseline 0.001 -10"><span class='ocrx_word' id='word_1_617' title='bbox 1098 2003 1160 2035; x_wconf 87' lang='grc' dir='ltr'><strong>Πῶς</strong></span> <span class='ocrx_word' id='word_1_618' title='bbox 1174 2003 1202 2029; x_wconf 78' lang='grc' dir='ltr'>δὲ</span> <span class='ocrx_word' id='word_1_619' title='bbox 1217 2004 1276 2038; x_wconf 68' lang='grc' dir='ltr'><strong>οὐχ).</strong></span> <span class='ocrx_word' id='word_1_620' title='bbox 1294 2003 1354 2030; x_wconf 80' lang='grc' dir='ltr'>λίαν</span> <span class='ocrx_word' id='word_1_621' title='bbox 1371 2004 1480 2030; x_wconf 79' lang='grc' dir='ltr'>κάκεῖνο</span> <span class='ocrx_word' id='word_1_622' title='bbox 1504 2004 1668 2039; x_wconf 84' lang='grc' dir='ltr'>μαχόμενον,</span> <span class='ocrx_word' id='word_1_623' title='bbox 1683 2004 1743 2038; x_wconf 72' lang='grc' dir='ltr'>εἴγε</span> <span class='ocrx_word' id='word_1_624' title='bbox 1760 2005 1786 2030; x_wconf 82' lang='lat' dir='ltr'><strong>al</strong></span> <span class='ocrx_word' id='word_1_625' title='bbox 1810 2004 1880 2039; x_wconf 66' lang='grc' dir='ltr'>μηδέ-</span> 
     </span>
    </p>
   </div>
   <div class='ocr_carea' id='block_1_85' title="bbox 1098 2049 1878 2085">
    <p class='ocr_par' dir='ltr' id='par_1_85' title="bbox 1098 2049 1878 2085">
     <span class='ocr_line' id='line_1_85' title="bbox 1098 2049 1878 2085; baseline 0.001 -11"><span class='ocrx_word' id='word_1_626' title='bbox 1098 2057 1163 2074; x_wconf 86' lang='grc' dir='ltr'>ποτε</span> <span class='ocrx_word' id='word_1_627' title='bbox 1181 2049 1410 2084; x_wconf 74' lang='grc' dir='ltr'>συμφωνήσαντες</span> <span class='ocrx_word' id='word_1_628' title='bbox 1437 2049 1466 2075; x_wconf 82' lang='grc' dir='ltr'><strong>ἐν</strong></span> <span class='ocrx_word' id='word_1_629' title='bbox 1482 2050 1537 2080; x_wconf 86' lang='grc' dir='ltr'>τοῖς</span> <span class='ocrx_word' id='word_1_630' title='bbox 1561 2049 1632 2075; x_wconf 79' lang='grc' dir='ltr'>κατὰ</span> <span class='ocrx_word' id='word_1_631' title='bbox 1653 2049 1738 2084; x_wconf 79' lang='grc' dir='ltr'>φύσιν</span> <span class='ocrx_word' id='word_1_632' title='bbox 1765 2051 1878 2085; x_wconf 69' lang='grc' dir='ltr'>ἀλλήλοις</span> 
     </span>
    </p>
   </div>
   <div class='ocr_carea' id='block_1_86' title="bbox 1099 2094 1877 2131">
    <p class='ocr_par' dir='ltr' id='par_1_86' title="bbox 1099 2094 1877 2131">
     <span class='ocr_line' id='line_1_86' title="bbox 1099 2094 1877 2131; baseline 0.003 -11"><span class='ocrx_word' id='word_1_633' title='bbox 1099 2094 1260 2126; x_wconf 81' lang='grc' dir='ltr'>συνέπνεον;</span> <span class='ocrx_word' id='word_1_634' title='bbox 1280 2095 1362 2129; x_wconf 74' lang='grc' dir='ltr'>Ὁμοῦ</span> <span class='ocrx_word' id='word_1_635' title='bbox 1378 2095 1441 2130; x_wconf 83' lang='grc' dir='ltr'>γὰρ,</span> <span class='ocrx_word' id='word_1_636' title='bbox 1457 2096 1535 2130; x_wconf 70' lang='grc' dir='ltr'>φησὶ,</span> <span class='ocrx_word' id='word_1_637' title='bbox 1555 2096 1626 2122; x_wconf 80' lang='grc' dir='ltr'>κατὰ</span> <span class='ocrx_word' id='word_1_638' title='bbox 1640 2095 1688 2122; x_wconf 80' lang='grc' dir='ltr'><strong>τοῦ</strong></span> <span class='ocrx_word' id='word_1_639' title='bbox 1708 2097 1800 2131; x_wconf 69' lang='grc' dir='ltr'>φωτὸς</span> <span class='ocrx_word' id='word_1_640' title='bbox 1813 2098 1877 2122; x_wconf 61' lang='grc' dir='ltr'>ἐϐου-</span> 
     </span>
    </p>
   </div>
   <div class='ocr_carea' id='block_1_87' title="bbox 259 2139 1046 2178">
    <p class='ocr_par' dir='ltr' id='par_1_87' title="bbox 259 2139 1046 2176">
     <span class='ocr_line' id='line_1_87' title="bbox 259 2139 1046 2176; baseline 0.003 -10"><span class='ocrx_word' id='word_1_641' title='bbox 259 2139 411 2167; x_wconf 86' lang='lat' dir='ltr'><strong>concordes</strong></span> <span class='ocrx_word' id='word_1_642' title='bbox 426 2139 545 2171; x_wconf 82' lang='lat' dir='ltr'><strong>fuerunt,</strong></span> <span class='ocrx_word' id='word_1_643' title='bbox 570 2140 642 2167; x_wconf 86' lang='lat' dir='ltr'><strong>inter</strong></span> <span class='ocrx_word' id='word_1_644' title='bbox 663 2147 693 2167; x_wconf 87' lang='lat' dir='ltr'><strong>se</strong></span> <span class='ocrx_word' id='word_1_645' title='bbox 715 2140 747 2166; x_wconf 88' lang='lat' dir='ltr'><strong>ad</strong></span> <span class='ocrx_word' id='word_1_646' title='bbox 766 2140 921 2168; x_wconf 89' lang='lat' dir='ltr'><strong>bellandum</strong></span> <span class='ocrx_word' id='word_1_647' title='bbox 939 2141 1046 2176; x_wconf 89' lang='lat' dir='ltr'><strong>conspi-</strong></span> 
     </span>
    </p>
   </div>
   <div class='ocr_carea' id='block_1_88' title="bbox 1101 2139 1876 2178">
    <p class='ocr_par' dir='ltr' id='par_1_88' title="bbox 1101 2139 1876 2178">
     <span class='ocr_line' id='line_1_88' title="bbox 1101 2139 1876 2178; baseline 0.003 -13"><span class='ocrx_word' id='word_1_648' title='bbox 1101 2139 1238 2168; x_wconf 83' lang='grc' dir='ltr'>λεύσαντο.</span> <span class='ocrx_word' id='word_1_649' title='bbox 1259 2141 1288 2166; x_wconf 83' lang='lat' dir='ltr'><strong>Oi</strong></span> <span class='ocrx_word' id='word_1_650' title='bbox 1309 2141 1362 2176; x_wconf 81' lang='grc' dir='ltr'><strong>γὰρ</strong></span> <span class='ocrx_word' id='word_1_651' title='bbox 1378 2140 1412 2167; x_wconf 87' lang='grc' dir='ltr'>τὰ</span> <span class='ocrx_word' id='word_1_652' title='bbox 1430 2141 1550 2175; x_wconf 87' lang='grc' dir='ltr'>ἀλλήλων</span> <span class='ocrx_word' id='word_1_653' title='bbox 1567 2142 1635 2177; x_wconf 79' lang='grc' dir='ltr'>μέλη</span> <span class='ocrx_word' id='word_1_654' title='bbox 1651 2143 1826 2178; x_wconf 72' lang='grc' dir='ltr'>τρεφόμενοι,</span> <span class='ocrx_word' id='word_1_655' title='bbox 1841 2144 1876 2168; x_wconf 74' lang='grc' dir='ltr'><strong>κιὶ</strong></span> 
     </span>
    </p>
   </div>
   <div class='ocr_carea' id='block_1_89' title="bbox 259 2184 1047 2220">
    <p class='ocr_par' dir='ltr' id='par_1_89' title="bbox 259 2184 1047 2220">
     <span class='ocr_line' id='line_1_89' title="bbox 259 2184 1047 2220; baseline 0.001 -8"><span class='ocrx_word' id='word_1_656' title='bbox 259 2186 356 2212; x_wconf 76' lang='lat' dir='ltr'><strong>rasse?</strong></span> <span class='ocrx_word' id='word_1_657' title='bbox 373 2184 470 2216; x_wconf 86' lang='lat' dir='ltr'><strong>Simul,</strong></span> <span class='ocrx_word' id='word_1_658' title='bbox 492 2185 596 2220; x_wconf 87' lang='lat' dir='ltr'><strong>inquit.</strong></span> <span class='ocrx_word' id='word_1_659' title='bbox 610 2190 706 2212; x_wconf 69' lang='lat' dir='ltr'><strong>contra</strong></span> <span class='ocrx_word' id='word_1_660' title='bbox 724 2186 816 2213; x_wconf 81' lang='lat' dir='ltr'><strong>lumen</strong></span> <span class='ocrx_word' id='word_1_661' title='bbox 832 2186 976 2213; x_wconf 87' lang='lat' dir='ltr'><strong>consilium</strong></span> <span class='ocrx_word' id='word_1_662' title='bbox 1002 2195 1047 2213; x_wconf 86' lang='lat' dir='ltr'><strong>ce-</strong></span> 
     </span>
    </p>
   </div>
   <div class='ocr_carea' id='block_1_90' title="bbox 260 2230 1046 2265">
    <p class='ocr_par' dir='ltr' id='par_1_90' title="bbox 260 2230 1046 2265">
     <span class='ocr_line' id='line_1_90' title="bbox 260 2230 1046 2265; baseline 0.003 -9"><span class='ocrx_word' id='word_1_663' title='bbox 260 2234 370 2265; x_wconf 87' lang='lat' dir='ltr'><strong>perunt.</strong></span> <span class='ocrx_word' id='word_1_664' title='bbox 397 2230 447 2263; x_wconf 87' lang='lat' dir='ltr'><strong>Qui</strong></span> <span class='ocrx_word' id='word_1_665' title='bbox 469 2230 540 2257; x_wconf 90' lang='lat' dir='ltr'><strong>enim</strong></span> <span class='ocrx_word' id='word_1_666' title='bbox 563 2230 692 2258; x_wconf 88' lang='lat' dir='ltr'><strong>membris</strong></span> <span class='ocrx_word' id='word_1_667' title='bbox 714 2231 772 2258; x_wconf 80' lang='lat' dir='ltr'><strong>Suis</strong></span> <span class='ocrx_word' id='word_1_668' title='bbox 788 2230 858 2258; x_wconf 89' lang='lat' dir='ltr'><strong>inter</strong></span> <span class='ocrx_word' id='word_1_669' title='bbox 882 2239 912 2258; x_wconf 90' lang='lat' dir='ltr'><strong>se</strong></span> <span class='ocrx_word' id='word_1_670' title='bbox 926 2232 1046 2258; x_wconf 79' lang='lat' dir='ltr'><strong>vicissim</strong></span> 
     </span>
    </p>
   </div>
   <div class='ocr_carea' id='block_1_91' title="bbox 259 2276 1047 2311">
    <p class='ocr_par' dir='ltr' id='par_1_91' title="bbox 259 2276 1047 2311">
     <span class='ocr_line' id='line_1_91' title="bbox 259 2276 1047 2311; baseline 0.001 -8"><span class='ocrx_word' id='word_1_671' title='bbox 259 2276 451 2311; x_wconf 86' lang='lat' dir='ltr'><strong>pascebantur,</strong></span> <span class='ocrx_word' id='word_1_672' title='bbox 468 2281 494 2303; x_wconf 91' lang='lat' dir='ltr'><strong>et</strong></span> <span class='ocrx_word' id='word_1_673' title='bbox 507 2283 613 2310; x_wconf 90' lang='lat' dir='ltr'><strong>semper</strong></span> <span class='ocrx_word' id='word_1_674' title='bbox 628 2276 702 2303; x_wconf 90' lang='lat' dir='ltr'><strong>nulla</strong></span> <span class='ocrx_word' id='word_1_675' title='bbox 711 2284 831 2311; x_wconf 91' lang='lat' dir='ltr'><strong>unquam</strong></span> <span class='ocrx_word' id='word_1_676' title='bbox 845 2276 1047 2304; x_wconf 88' lang='lat' dir='ltr'><strong>intermissione</strong></span> 
     </span>
    </p>
   </div>
   <div class='ocr_carea' id='block_1_92' title="bbox 1101 2185 1876 2224">
    <p class='ocr_par' dir='ltr' id='par_1_92' title="bbox 1101 2185 1876 2224">
     <span class='ocr_line' id='line_1_92' title="bbox 1101 2185 1876 2224; baseline 0.006 -13"><span class='ocrx_word' id='word_1_677' title='bbox 1101 2185 1234 2221; x_wconf 75' lang='grc' dir='ltr'>μηδέποτε</span> <span class='ocrx_word' id='word_1_678' title='bbox 1245 2187 1295 2221; x_wconf 85' lang='grc' dir='ltr'><strong>τῆς</strong></span> <span class='ocrx_word' id='word_1_679' title='bbox 1310 2188 1369 2213; x_wconf 82' lang='grc' dir='ltr'>κατ’</span> <span class='ocrx_word' id='word_1_680' title='bbox 1381 2187 1502 2222; x_wconf 82' lang='grc' dir='ltr'>ἀλλήλων</span> <span class='ocrx_word' id='word_1_681' title='bbox 1515 2188 1614 2223; x_wconf 80' lang='grc' dir='ltr'>μανίας</span> <span class='ocrx_word' id='word_1_682' title='bbox 1628 2190 1814 2224; x_wconf 69' lang='grc' dir='ltr'>παυσᾶμενοι,</span> 
     </span>
    </p>
   </div>
   <div class='ocr_carea' id='block_1_93' title="bbox 1099 2232 1875 2271">
    <p class='ocr_par' dir='ltr' id='par_1_93' title="bbox 1099 2232 1875 2271">
     <span class='ocr_line' id='line_1_93' title="bbox 1099 2232 1875 2271; baseline -0.003 -13"><span class='ocrx_word' id='word_1_683' title='bbox 1099 2232 1128 2258; x_wconf 81' lang='grc' dir='ltr'><strong>ἐν</strong></span> <span class='ocrx_word' id='word_1_684' title='bbox 1146 2233 1202 2263; x_wconf 83' lang='grc' dir='ltr'>τοῖς</span> <span class='ocrx_word' id='word_1_685' title='bbox 1227 2232 1302 2267; x_wconf 81' lang='grc' dir='ltr'>παρὰ</span> <span class='ocrx_word' id='word_1_686' title='bbox 1329 2232 1408 2266; x_wconf 71' lang='grc' dir='ltr'>φύσιν</span> <span class='ocrx_word' id='word_1_687' title='bbox 1427 2234 1465 2265; x_wconf 83' lang='grc' dir='ltr'>εἰς</span> <span class='ocrx_word' id='word_1_688' title='bbox 1481 2233 1629 2268; x_wconf 77' lang='grc' dir='ltr'>ἐπιθυμίαν</span> <span class='ocrx_word' id='word_1_689' title='bbox 1651 2235 1709 2269; x_wconf 84' lang='grc' dir='ltr'>ἆμα</span> <span class='ocrx_word' id='word_1_690' title='bbox 1736 2236 1784 2262; x_wconf 70' lang='grc' dir='ltr'><strong>καὶ</strong></span> <span class='ocrx_word' id='word_1_691' title='bbox 1807 2236 1875 2271; x_wconf 43' lang='grc' dir='ltr'><strong>ἀρήν,</strong></span> 
     </span>
    </p>
   </div>
   <div class='ocr_carea' id='block_1_94' title="bbox 1099 2277 1633 2314">
    <p class='ocr_par' dir='ltr' id='par_1_94' title="bbox 1099 2277 1633 2314">
     <span class='ocr_line' id='line_1_94' title="bbox 1099 2277 1633 2314; baseline 0.006 -11"><span class='ocrx_word' id='word_1_692' title='bbox 1099 2277 1171 2304; x_wconf 83' lang='grc' dir='ltr'>κατὰ</span> <span class='ocrx_word' id='word_1_693' title='bbox 1186 2277 1233 2303; x_wconf 82' lang='grc' dir='ltr'>τοῦ</span> <span class='ocrx_word' id='word_1_694' title='bbox 1250 2277 1402 2312; x_wconf 87' lang='grc' dir='ltr'>κρείττονος</span> <span class='ocrx_word' id='word_1_695' title='bbox 1421 2279 1633 2314; x_wconf 77' lang='grc' dir='ltr'>συνεφιὶινησαν;</span> 
     </span>
    </p>
   </div>
   <div class='ocr_carea' id='block_1_95' title="bbox 259 2322 1875 2362">
    <p class='ocr_par' dir='ltr' id='par_1_95' title="bbox 259 2322 1875 2362">
     <span class='ocr_line' id='line_1_95' title="bbox 259 2322 1875 2362; baseline 0.004 -14"><span class='ocrx_word' id='word_1_696' title='bbox 259 2322 333 2349; x_wconf 84' lang='lat' dir='ltr'><strong>facta</strong></span> <span class='ocrx_word' id='word_1_697' title='bbox 349 2325 443 2349; x_wconf 89' lang='lat' dir='ltr'><strong>contra</strong></span> <span class='ocrx_word' id='word_1_698' title='bbox 464 2329 493 2349; x_wconf 88' lang='lat' dir='ltr'><strong>se</strong></span> <span class='ocrx_word' id='word_1_699' title='bbox 512 2322 695 2353; x_wconf 85' lang='lat' dir='ltr'><strong>insaniebant,</strong></span> <span class='ocrx_word' id='word_1_700' title='bbox 723 2322 860 2356; x_wconf 90' lang='lat' dir='ltr'><strong>quomodo</strong></span> <span class='ocrx_word' id='word_1_701' title='bbox 877 2323 904 2350; x_wconf 93' lang='lat' dir='ltr'><strong>in</strong></span> <span class='ocrx_word' id='word_1_702' title='bbox 927 2323 960 2349; x_wconf 92' lang='lat' dir='ltr'><strong>iis</strong></span> <span class='ocrx_word' id='word_1_703' title='bbox 982 2330 1043 2357; x_wconf 66' lang='lat' dir='ltr'><strong>quae</strong></span> <span class='ocrx_word' id='word_1_704' title='bbox 1061 2328 1160 2358; x_wconf 70' lang='lat' dir='ltr'><strong>prmter</strong></span> <span class='ocrx_word' id='word_1_705' title='bbox 1174 2328 1300 2351; x_wconf 81' lang='lat' dir='ltr'><strong>naturam</strong></span> <span class='ocrx_word' id='word_1_706' title='bbox 1321 2329 1396 2357; x_wconf 85' lang='lat' dir='ltr'><strong>sunt,</strong></span> <span class='ocrx_word' id='word_1_707' title='bbox 1415 2325 1619 2360; x_wconf 40' lang='lat' dir='ltr'><strong>ad‘habendam</strong></span> <span class='ocrx_word' id='word_1_708' title='bbox 1651 2327 1830 2362; x_wconf 79' lang='lat' dir='ltr'><strong>cupiditatem</strong></span> <span class='ocrx_word' id='word_1_709' title='bbox 1856 2333 1875 2355; x_wconf 82' lang='lat' dir='ltr'><strong>cl</strong></span> 
     </span>
    </p>
   </div>
   <div class='ocr_carea' id='block_1_96' title="bbox 258 2367 1115 2396">
    <p class='ocr_par' dir='ltr' id='par_1_96' title="bbox 258 2367 1115 2396">
     <span class='ocr_line' id='line_1_96' title="bbox 258 2367 1115 2396; baseline 0.001 -1"><span class='ocrx_word' id='word_1_710' title='bbox 258 2368 293 2395; x_wconf 84' lang='lat' dir='ltr'><strong>ad</strong></span> <span class='ocrx_word' id='word_1_711' title='bbox 310 2367 518 2395; x_wconf 88' lang='lat' dir='ltr'><strong>commotionem</strong></span> <span class='ocrx_word' id='word_1_712' title='bbox 541 2368 588 2394; x_wconf 67' lang='lat' dir='ltr'><strong>irae</strong></span> <span class='ocrx_word' id='word_1_713' title='bbox 609 2372 704 2395; x_wconf 88' lang='lat' dir='ltr'><strong>contra</strong></span> <span class='ocrx_word' id='word_1_714' title='bbox 730 2367 814 2396; x_wconf 90' lang='lat' dir='ltr'><strong>Deum</strong></span> <span class='ocrx_word' id='word_1_715' title='bbox 827 2369 979 2396; x_wconf 83' lang='lat' dir='ltr'><strong>concordes</strong></span> <span class='ocrx_word' id='word_1_716' title='bbox 1003 2369 1115 2396; x_wconf 86' lang='lat' dir='ltr'><strong>fuerunt</strong></span> 
     </span>
    </p>
   </div>
   <div class='ocr_carea' id='block_1_97' title="bbox 295 2414 1044 2450">
    <p class='ocr_par' dir='ltr' id='par_1_97' title="bbox 295 2414 1044 2450">
     <span class='ocr_line' id='line_1_97' title="bbox 295 2414 1044 2450; baseline 0.001 -9"><span class='ocrx_word' id='word_1_717' title='bbox 295 2414 325 2441; x_wconf 89' lang='lat' dir='ltr'><strong>Si</strong></span> <span class='ocrx_word' id='word_1_718' title='bbox 339 2422 403 2441; x_wconf 87' lang='lat' dir='ltr'><strong>vero</strong></span> <span class='ocrx_word' id='word_1_719' title='bbox 424 2414 495 2449; x_wconf 81' lang='lat' dir='ltr'><strong>juvit</strong></span> <span class='ocrx_word' id='word_1_720' title='bbox 508 2419 647 2449; x_wconf 83' lang='lat' dir='ltr'><strong>spectasse</strong></span> <span class='ocrx_word' id='word_1_721' title='bbox 672 2415 774 2448; x_wconf 87' lang='lat' dir='ltr'><strong>lumen,</strong></span> <span class='ocrx_word' id='word_1_722' title='bbox 793 2423 884 2442; x_wconf 88' lang='lat' dir='ltr'><strong>nonne</strong></span> <span class='ocrx_word' id='word_1_723' title='bbox 900 2416 1044 2450; x_wconf 88' lang='lat' dir='ltr'><strong>oportebat</strong></span> 
     </span>
    </p>
   </div>
   <div class='ocr_carea' id='block_1_98' title="bbox 258 2460 1042 2495">
    <p class='ocr_par' dir='ltr' id='par_1_98' title="bbox 258 2460 1042 2495">
     <span class='ocr_line' id='line_1_98' title="bbox 258 2460 1042 2495; baseline 0 -7"><span class='ocrx_word' id='word_1_724' title='bbox 258 2460 322 2488; x_wconf 88' lang='lat' dir='ltr'><strong>duci</strong></span> <span class='ocrx_word' id='word_1_725' title='bbox 337 2468 384 2488; x_wconf 88' lang='lat' dir='ltr'><strong>eos</strong></span> <span class='ocrx_word' id='word_1_726' title='bbox 400 2468 414 2487; x_wconf 90' lang='lat' dir='ltr'><strong>a</strong></span> <span class='ocrx_word' id='word_1_727' title='bbox 434 2460 489 2488; x_wconf 89' lang='lat' dir='ltr'><strong>Deo</strong></span> <span class='ocrx_word' id='word_1_728' title='bbox 511 2460 545 2487; x_wconf 87' lang='lat' dir='ltr'><strong>ad</strong></span> <span class='ocrx_word' id='word_1_729' title='bbox 569 2460 715 2495; x_wconf 83' lang='lat' dir='ltr'><strong>perfectam</strong></span> <span class='ocrx_word' id='word_1_730' title='bbox 731 2465 836 2488; x_wconf 67' lang='lat' dir='ltr'><strong>natura:</strong></span> <span class='ocrx_word' id='word_1_731' title='bbox 852 2462 1042 2494; x_wconf 87' lang='lat' dir='ltr'><strong>mutationem,</strong></span> 
     </span>
    </p>
   </div>
   <div class='ocr_carea' id='block_1_99' title="bbox 259 2507 1044 2542">
    <p class='ocr_par' dir='ltr' id='par_1_99' title="bbox 259 2507 1044 2542">
     <span class='ocr_line' id='line_1_99' title="bbox 259 2507 1044 2542; baseline 0.003 -9"><span class='ocrx_word' id='word_1_732' title='bbox 259 2507 380 2534; x_wconf 85' lang='lat' dir='ltr'><strong>adhibita</strong></span> <span class='ocrx_word' id='word_1_733' title='bbox 407 2507 461 2534; x_wconf 86' lang='lat' dir='ltr'><strong>illis</strong></span> <span class='ocrx_word' id='word_1_734' title='bbox 486 2507 626 2534; x_wconf 84' lang='lat' dir='ltr'><strong>curatione</strong></span> <span class='ocrx_word' id='word_1_735' title='bbox 651 2507 684 2533; x_wconf 89' lang='lat' dir='ltr'><strong>ad</strong></span> <span class='ocrx_word' id='word_1_736' title='bbox 705 2507 849 2534; x_wconf 86' lang='lat' dir='ltr'><strong>fruendum</strong></span> <span class='ocrx_word' id='word_1_737' title='bbox 874 2507 933 2542; x_wconf 89' lang='lat' dir='ltr'><strong>ipso</strong></span> <span class='ocrx_word' id='word_1_738' title='bbox 961 2508 1044 2540; x_wconf 84' lang='lat' dir='ltr'><strong>bono,</strong></span> 
     </span>
    </p>
   </div>
   <div class='ocr_carea' id='block_1_100' title="bbox 260 2552 1044 2588">
    <p class='ocr_par' dir='ltr' id='par_1_100' title="bbox 260 2552 1044 2588">
     <span class='ocr_line' id='line_1_100' title="bbox 260 2552 1044 2588; baseline 0.001 -9"><span class='ocrx_word' id='word_1_739' title='bbox 260 2552 311 2579; x_wconf 84' lang='lat' dir='ltr'><strong>hoc</strong></span> <span class='ocrx_word' id='word_1_740' title='bbox 332 2557 388 2583; x_wconf 80' lang='lat' dir='ltr'><strong>est,</strong></span> <span class='ocrx_word' id='word_1_741' title='bbox 413 2552 468 2580; x_wconf 91' lang='lat' dir='ltr'><strong>Deo</strong></span> <span class='ocrx_word' id='word_1_742' title='bbox 496 2553 633 2588; x_wconf 83' lang='lat' dir='ltr'><strong>perfecte?</strong></span> <span class='ocrx_word' id='word_1_743' title='bbox 653 2553 794 2586; x_wconf 84' lang='lat' dir='ltr'><strong>Quomodo</strong></span> <span class='ocrx_word' id='word_1_744' title='bbox 812 2554 882 2588; x_wconf 89' lang='lat' dir='ltr'><strong>juvit</strong></span> <span class='ocrx_word' id='word_1_745' title='bbox 904 2558 1044 2588; x_wconf 79' lang='lat' dir='ltr'><strong>spectacu-</strong></span> 
     </span>
    </p>
   </div>
   <div class='ocr_carea' id='block_1_101' title="bbox 259 2598 1046 2633">
    <p class='ocr_par' dir='ltr' id='par_1_101' title="bbox 259 2598 1046 2633">
     <span class='ocr_line' id='line_1_101' title="bbox 259 2598 1046 2633; baseline 0.001 -8"><span class='ocrx_word' id='word_1_746' title='bbox 259 2598 315 2625; x_wconf 95' lang='lat' dir='ltr'><strong>lum</strong></span> <span class='ocrx_word' id='word_1_747' title='bbox 329 2598 439 2626; x_wconf 85' lang='lat' dir='ltr'><strong>luminis</strong></span> <span class='ocrx_word' id='word_1_748' title='bbox 454 2598 504 2626; x_wconf 89' lang='lat' dir='ltr'><strong>visi</strong></span> <span class='ocrx_word' id='word_1_749' title='bbox 519 2598 655 2633; x_wconf 78' lang='lat' dir='ltr'><strong>profectos</strong></span> <span class='ocrx_word' id='word_1_750' title='bbox 670 2599 701 2628; x_wconf 91' lang='lat' dir='ltr'><strong>ad</strong></span> <span class='ocrx_word' id='word_1_751' title='bbox 720 2599 872 2626; x_wconf 86' lang='lat' dir='ltr'><strong>bellandum</strong></span> <span class='ocrx_word' id='word_1_752' title='bbox 885 2606 946 2626; x_wconf 88' lang='lat' dir='ltr'><strong>cum</strong></span> <span class='ocrx_word' id='word_1_753' title='bbox 967 2607 1046 2626; x_wconf 83' lang='lat' dir='ltr'><strong>exer-</strong></span> 
     </span>
    </p>
   </div>
   <div class='ocr_carea' id='block_1_102' title="bbox 258 2643 1044 2679">
    <p class='ocr_par' dir='ltr' id='par_1_102' title="bbox 258 2643 1044 2679">
     <span class='ocr_line' id='line_1_102' title="bbox 258 2643 1044 2679; baseline 0.001 -8"><span class='ocrx_word' id='word_1_754' title='bbox 258 2644 334 2677; x_wconf 85' lang='lat' dir='ltr'><strong>citu;</strong></span> <span class='ocrx_word' id='word_1_755' title='bbox 353 2644 452 2678; x_wconf 91' lang='lat' dir='ltr'><strong>quibus</strong></span> <span class='ocrx_word' id='word_1_756' title='bbox 467 2643 518 2670; x_wconf 89' lang='lat' dir='ltr'><strong>hoc</strong></span> <span class='ocrx_word' id='word_1_757' title='bbox 536 2644 625 2679; x_wconf 91' lang='lat' dir='ltr'><strong>ipsum</strong></span> <span class='ocrx_word' id='word_1_758' title='bbox 648 2645 738 2671; x_wconf 87' lang='lat' dir='ltr'><strong>lumen</strong></span> <span class='ocrx_word' id='word_1_759' title='bbox 758 2652 811 2671; x_wconf 92' lang='lat' dir='ltr'><strong>non</strong></span> <span class='ocrx_word' id='word_1_760' title='bbox 836 2646 959 2679; x_wconf 86' lang='lat' dir='ltr'><strong>permisit</strong></span> <span class='ocrx_word' id='word_1_761' title='bbox 977 2652 1044 2672; x_wconf 86' lang='lat' dir='ltr'><strong>con-</strong></span> 
     </span>
    </p>
   </div>
   <div class='ocr_carea' id='block_1_103' title="bbox 259 2689 1042 2725">
    <p class='ocr_par' dir='ltr' id='par_1_103' title="bbox 259 2689 1042 2725">
     <span class='ocr_line' id='line_1_103' title="bbox 259 2689 1042 2725; baseline 0.003 -10"><span class='ocrx_word' id='word_1_762' title='bbox 259 2694 301 2715; x_wconf 88' lang='lat' dir='ltr'><strong>tra</strong></span> <span class='ocrx_word' id='word_1_763' title='bbox 328 2689 432 2724; x_wconf 89' lang='lat' dir='ltr'><strong>seipsos</strong></span> <span class='ocrx_word' id='word_1_764' title='bbox 449 2689 568 2716; x_wconf 86' lang='lat' dir='ltr'><strong>furorem</strong></span> <span class='ocrx_word' id='word_1_765' title='bbox 595 2690 712 2724; x_wconf 83' lang='lat' dir='ltr'><strong>amplius</strong></span> <span class='ocrx_word' id='word_1_766' title='bbox 731 2697 869 2722; x_wconf 83' lang='lat' dir='ltr'><strong>exercere,</strong></span> <span class='ocrx_word' id='word_1_767' title='bbox 885 2695 914 2718; x_wconf 94' lang='lat' dir='ltr'><strong>ut</strong></span> <span class='ocrx_word' id='word_1_768' title='bbox 934 2690 1042 2725; x_wconf 90' lang='lat' dir='ltr'><strong>quidem</strong></span> 
     </span>
    </p>
   </div>
   <div class='ocr_carea' id='block_1_104' title="bbox 259 2735 1044 2772">
    <p class='ocr_par' dir='ltr' id='par_1_104' title="bbox 259 2735 1044 2772">
     <span class='ocr_line' id='line_1_104' title="bbox 259 2735 1044 2772; baseline 0.004 -12"><span class='ocrx_word' id='word_1_769' title='bbox 259 2741 387 2762; x_wconf 77' lang='lat' dir='ltr'><strong>exercere</strong></span> <span class='ocrx_word' id='word_1_770' title='bbox 409 2735 570 2769; x_wconf 81' lang='lat' dir='ltr'><strong>oportebat;</strong></span> <span class='ocrx_word' id='word_1_771' title='bbox 595 2740 690 2763; x_wconf 86' lang='lat' dir='ltr'><strong>contra</strong></span> <span class='ocrx_word' id='word_1_772' title='bbox 711 2743 740 2763; x_wconf 87' lang='lat' dir='ltr'><strong>se</strong></span> <span class='ocrx_word' id='word_1_773' title='bbox 753 2744 818 2763; x_wconf 87' lang='lat' dir='ltr'><strong>vero</strong></span> <span class='ocrx_word' id='word_1_774' title='bbox 842 2737 930 2771; x_wconf 90' lang='lat' dir='ltr'><strong>ipsum</strong></span> <span class='ocrx_word' id='word_1_775' title='bbox 946 2741 1044 2772; x_wconf 61' lang='lat' dir='ltr'><strong>prreter</strong></span> 
     </span>
    </p>
   </div>
   <div class='ocr_carea' id='block_1_105' title="bbox 259 2780 1042 2816">
    <p class='ocr_par' dir='ltr' id='par_1_105' title="bbox 259 2780 1042 2816">
     <span class='ocr_line' id='line_1_105' title="bbox 259 2780 1042 2816; baseline 0.006 -13"><span class='ocrx_word' id='word_1_776' title='bbox 259 2785 341 2812; x_wconf 88' lang='lat' dir='ltr'><strong>quam</strong></span> <span class='ocrx_word' id='word_1_777' title='bbox 362 2780 512 2814; x_wconf 57' lang='lat' dir='ltr'><strong>oportebat,</strong></span> <span class='ocrx_word' id='word_1_778' title='bbox 539 2781 680 2814; x_wconf 87' lang='lat' dir='ltr'><strong>permisit?</strong></span> <span class='ocrx_word' id='word_1_779' title='bbox 706 2781 806 2809; x_wconf 86' lang='lat' dir='ltr'><strong>Verum</strong></span> <span class='ocrx_word' id='word_1_780' title='bbox 825 2782 852 2809; x_wconf 90' lang='lat' dir='ltr'><strong>in</strong></span> <span class='ocrx_word' id='word_1_781' title='bbox 876 2782 918 2810; x_wconf 89' lang='lat' dir='ltr'><strong>bis</strong></span> <span class='ocrx_word' id='word_1_782' title='bbox 933 2782 1042 2816; x_wconf 88' lang='lat' dir='ltr'><strong>quidem</strong></span> 
     </span>
    </p>
   </div>
   <div class='ocr_carea' id='block_1_106' title="bbox 1134 2417 1875 2454">
    <p class='ocr_par' dir='ltr' id='par_1_106' title="bbox 1134 2417 1875 2454">
     <span class='ocr_line' id='line_1_106' title="bbox 1134 2417 1875 2454; baseline 0.007 -12"><span class='ocrx_word' id='word_1_783' title='bbox 1134 2417 1164 2443; x_wconf 83' lang='grc' dir='ltr'><strong>Εἰ</strong></span> <span class='ocrx_word' id='word_1_784' title='bbox 1181 2417 1208 2443; x_wconf 88' lang='grc' dir='ltr'>δὲ</span> <span class='ocrx_word' id='word_1_785' title='bbox 1228 2417 1332 2452; x_wconf 70' lang='grc' dir='ltr'>ὤνησεν</span> <span class='ocrx_word' id='word_1_786' title='bbox 1354 2418 1452 2449; x_wconf 71' lang='grc' dir='ltr'>αὐτοὺς</span> <span class='ocrx_word' id='word_1_787' title='bbox 1469 2419 1485 2452; x_wconf 86' lang='grc' dir='ltr'>ἡ</span> <span class='ocrx_word' id='word_1_788' title='bbox 1513 2418 1562 2445; x_wconf 77' lang='grc' dir='ltr'>θέα</span> <span class='ocrx_word' id='word_1_789' title='bbox 1581 2419 1627 2445; x_wconf 69' lang='grc' dir='ltr'>τοῦ</span> <span class='ocrx_word' id='word_1_790' title='bbox 1646 2420 1749 2454; x_wconf 70' lang='grc' dir='ltr'>φωτὸς,</span> <span class='ocrx_word' id='word_1_791' title='bbox 1838 2423 1875 2447; x_wconf 68' lang='grc' dir='ltr'><strong>οἰχ</strong></span> 
     </span>
    </p>
   </div>
   <div class='ocr_carea' id='block_1_107' title="bbox 1097 2462 1874 2502">
    <p class='ocr_par' dir='ltr' id='par_1_107' title="bbox 1097 2462 1874 2502">
     <span class='ocr_line' id='line_1_107' title="bbox 1097 2462 1874 2502; baseline 0.006 -14"><span class='ocrx_word' id='word_1_792' title='bbox 1097 2462 1151 2490; x_wconf 78' lang='grc' dir='ltr'>ἔδει</span> <span class='ocrx_word' id='word_1_793' title='bbox 1164 2471 1195 2496; x_wconf 90' lang='grc' dir='ltr'><strong>γε</strong></span> <span class='ocrx_word' id='word_1_794' title='bbox 1208 2463 1275 2498; x_wconf 81' lang='grc' dir='ltr'>πρὸς</span> <span class='ocrx_word' id='word_1_795' title='bbox 1287 2463 1389 2497; x_wconf 76' lang='grc' dir='ltr'>ἀγαθοῦ</span> <span class='ocrx_word' id='word_1_796' title='bbox 1403 2464 1470 2499; x_wconf 79' lang='grc' dir='ltr'>πρὸς</span> <span class='ocrx_word' id='word_1_797' title='bbox 1477 2464 1582 2490; x_wconf 84' lang='grc' dir='ltr'>τελείαν</span> <span class='ocrx_word' id='word_1_798' title='bbox 1601 2466 1702 2497; x_wconf 74' lang='grc' dir='ltr'>αὐτοὺς</span> <span class='ocrx_word' id='word_1_799' title='bbox 1717 2467 1769 2502; x_wconf 81' lang='grc' dir='ltr'>τῆς</span> <span class='ocrx_word' id='word_1_800' title='bbox 1785 2468 1874 2501; x_wconf 63' lang='grc' dir='ltr'>φύτευέ</span> 
     </span>
    </p>
   </div>
   <div class='ocr_carea' id='block_1_108' title="bbox 1100 2508 1875 2547">
    <p class='ocr_par' dir='ltr' id='par_1_108' title="bbox 1100 2508 1875 2547">
     <span class='ocr_line' id='line_1_108' title="bbox 1100 2508 1875 2547; baseline 0.004 -13"><span class='ocrx_word' id='word_1_801' title='bbox 1100 2509 1248 2544; x_wconf 75' lang='grc' dir='ltr'>μεταϐολὴν</span> <span class='ocrx_word' id='word_1_802' title='bbox 1265 2508 1487 2545; x_wconf 78' lang='grc' dir='ltr'>ξεναγωγηθῆναι</span> <span class='ocrx_word' id='word_1_803' title='bbox 1497 2512 1530 2545; x_wconf 87' lang='grc' dir='ltr'><strong>τῇ</strong></span> <span class='ocrx_word' id='word_1_804' title='bbox 1547 2511 1684 2546; x_wconf 82' lang='grc' dir='ltr'>ἐπιτροπῇ</span> <span class='ocrx_word' id='word_1_805' title='bbox 1702 2513 1755 2547; x_wconf 79' lang='grc' dir='ltr'><strong>τῆς</strong></span> <span class='ocrx_word' id='word_1_806' title='bbox 1769 2513 1875 2541; x_wconf 56' lang='grc' dir='ltr'>ἐντελοῦς</span> 
     </span>
    </p>
   </div>
   <div class='ocr_carea' id='block_1_109' title="bbox 1097 2555 1875 2594">
    <p class='ocr_par' dir='ltr' id='par_1_109' title="bbox 1097 2555 1875 2594">
     <span class='ocr_line' id='line_1_109' title="bbox 1097 2555 1875 2594; baseline 0.005 -13"><span class='ocrx_word' id='word_1_807' title='bbox 1097 2555 1144 2582; x_wconf 76' lang='grc' dir='ltr'>τοῦ</span> <span class='ocrx_word' id='word_1_808' title='bbox 1163 2555 1316 2590; x_wconf 81' lang='grc' dir='ltr'>κρείττονος</span> <span class='ocrx_word' id='word_1_809' title='bbox 1338 2555 1529 2589; x_wconf 80' lang='grc' dir='ltr'>ἀπολαύσεως;</span> <span class='ocrx_word' id='word_1_810' title='bbox 1543 2557 1620 2589; x_wconf 46' lang='grc' dir='ltr'><strong>κΠῶς</strong></span> <span class='ocrx_word' id='word_1_811' title='bbox 1636 2558 1664 2584; x_wconf 83' lang='grc' dir='ltr'>δὲ</span> <span class='ocrx_word' id='word_1_812' title='bbox 1688 2558 1795 2594; x_wconf 76' lang='grc' dir='ltr'>ὤνησεν</span> <span class='ocrx_word' id='word_1_813' title='bbox 1811 2560 1825 2594; x_wconf 79' lang='grc' dir='ltr'><strong>ή</strong></span> <span class='ocrx_word' id='word_1_814' title='bbox 1838 2558 1875 2584; x_wconf 68' lang='grc' dir='ltr'>θέει</span> 
     </span>
    </p>
   </div>
   <div class='ocr_carea' id='block_1_110' title="bbox 1097 2599 1874 2639">
    <p class='ocr_par' dir='ltr' id='par_1_110' title="bbox 1097 2599 1874 2639">
     <span class='ocr_line' id='line_1_110' title="bbox 1097 2599 1874 2639; baseline 0.006 -14"><span class='ocrx_word' id='word_1_815' title='bbox 1097 2599 1144 2626; x_wconf 76' lang='grc' dir='ltr'>τοῦ</span> <span class='ocrx_word' id='word_1_816' title='bbox 1162 2599 1290 2634; x_wconf 70' lang='grc' dir='ltr'>φανέντος</span> <span class='ocrx_word' id='word_1_817' title='bbox 1303 2600 1390 2634; x_wconf 75' lang='grc' dir='ltr'>φωτὸς</span> <span class='ocrx_word' id='word_1_818' title='bbox 1406 2601 1662 2636; x_wconf 77' lang='grc' dir='ltr'>στρατευσαμένους</span> <span class='ocrx_word' id='word_1_819' title='bbox 1674 2623 1681 2634; x_wconf 84' lang='grc'><strong>,</strong></span> <span class='ocrx_word' id='word_1_820' title='bbox 1701 2601 1744 2635; x_wconf 76' lang='grc' dir='ltr'><strong>οἷς</strong></span> <span class='ocrx_word' id='word_1_821' title='bbox 1765 2605 1812 2639; x_wconf 78' lang='grc' dir='ltr'>τὴν</span> <span class='ocrx_word' id='word_1_822' title='bbox 1834 2612 1874 2638; x_wconf 68' lang='grc' dir='ltr'><strong>μι-</strong></span> 
     </span>
    </p>
   </div>
   <div class='ocr_carea' id='block_1_111' title="bbox 1097 2645 1875 2683">
    <p class='ocr_par' dir='ltr' id='par_1_111' title="bbox 1097 2645 1875 2683">
     <span class='ocr_line' id='line_1_111' title="bbox 1097 2645 1875 2683; baseline 0.004 -12"><span class='ocrx_word' id='word_1_823' title='bbox 1097 2645 1155 2671; x_wconf 80' lang='grc' dir='ltr'>νίαν</span> <span class='ocrx_word' id='word_1_824' title='bbox 1167 2645 1258 2671; x_wconf 79' lang='grc' dir='ltr'>οὐκέτι</span> <span class='ocrx_word' id='word_1_825' title='bbox 1273 2647 1332 2672; x_wconf 79' lang='grc' dir='ltr'>κατ’</span> <span class='ocrx_word' id='word_1_826' title='bbox 1347 2646 1468 2681; x_wconf 81' lang='grc' dir='ltr'>ἀλλήλων</span> <span class='ocrx_word' id='word_1_827' title='bbox 1477 2646 1590 2679; x_wconf 77' lang='grc' dir='ltr'>δεόντως</span> <span class='ocrx_word' id='word_1_828' title='bbox 1602 2648 1728 2683; x_wconf 70' lang='grc' dir='ltr'>ἐνεργεῖν</span> <span class='ocrx_word' id='word_1_829' title='bbox 1739 2650 1816 2676; x_wconf 79' lang='grc' dir='ltr'>τοῦτο</span> <span class='ocrx_word' id='word_1_830' title='bbox 1829 2658 1875 2675; x_wconf 69' lang='grc' dir='ltr'>σννε</span> 
     </span>
    </p>
   </div>
   <div class='ocr_carea' id='block_1_112' title="bbox 1096 2691 1871 2732">
    <p class='ocr_par' dir='ltr' id='par_1_112' title="bbox 1096 2691 1871 2732">
     <span class='ocr_line' id='line_1_112' title="bbox 1096 2691 1871 2732; baseline 0.008 -15"><span class='ocrx_word' id='word_1_831' title='bbox 1096 2691 1236 2727; x_wconf 80' lang='grc' dir='ltr'>εχώρησε,</span> <span class='ocrx_word' id='word_1_832' title='bbox 1260 2692 1320 2718; x_wconf 79' lang='grc' dir='ltr'>καθ’</span> <span class='ocrx_word' id='word_1_833' title='bbox 1345 2692 1440 2719; x_wconf 82' lang='grc' dir='ltr'>ἐαυτοῦ</span> <span class='ocrx_word' id='word_1_834' title='bbox 1459 2693 1487 2719; x_wconf 82' lang='grc' dir='ltr'>δὲ</span> <span class='ocrx_word' id='word_1_835' title='bbox 1510 2693 1585 2728; x_wconf 80' lang='grc' dir='ltr'>παρὰ</span> <span class='ocrx_word' id='word_1_836' title='bbox 1615 2695 1646 2721; x_wconf 65' lang='grc' dir='ltr'>τὸ</span> <span class='ocrx_word' id='word_1_837' title='bbox 1671 2695 1735 2723; x_wconf 81' lang='grc' dir='ltr'>δέον</span> <span class='ocrx_word' id='word_1_838' title='bbox 1760 2696 1871 2732; x_wconf 55' lang='grc' dir='ltr'>ἓτρεψεη</span> 
     </span>
    </p>
   </div>
   <div class='ocr_carea' id='block_1_113' title="bbox 1103 2737 1871 2777">
    <p class='ocr_par' dir='ltr' id='par_1_113' title="bbox 1103 2737 1871 2777">
     <span class='ocr_line' id='line_1_113' title="bbox 1103 2737 1871 2777; baseline 0.004 -14"><span class='ocrx_word' id='word_1_839' title='bbox 1103 2737 1182 2763; x_wconf 64' lang='grc' dir='ltr'><strong>1Αλλᾶι</strong></span> <span class='ocrx_word' id='word_1_840' title='bbox 1198 2737 1264 2763; x_wconf 77' lang='grc' dir='ltr'>πολὺ</span> <span class='ocrx_word' id='word_1_841' title='bbox 1284 2738 1333 2772; x_wconf 71' lang='grc' dir='ltr'>μὲν</span> <span class='ocrx_word' id='word_1_842' title='bbox 1351 2739 1379 2764; x_wconf 79' lang='grc' dir='ltr'><strong>ἐν</strong></span> <span class='ocrx_word' id='word_1_843' title='bbox 1391 2738 1495 2770; x_wconf 86' lang='grc' dir='ltr'>τούτοις</span> <span class='ocrx_word' id='word_1_844' title='bbox 1510 2739 1564 2770; x_wconf 82' lang='grc' dir='ltr'>τοῖς</span> <span class='ocrx_word' id='word_1_845' title='bbox 1582 2739 1727 2775; x_wconf 82' lang='grc' dir='ltr'>πλάσμασι</span> <span class='ocrx_word' id='word_1_846' title='bbox 1747 2742 1778 2767; x_wconf 70' lang='grc' dir='ltr'><strong>τὸ</strong></span> <span class='ocrx_word' id='word_1_847' title='bbox 1798 2741 1871 2777; x_wconf 49' lang='lat' dir='ltr'><strong>ltum]—</strong></span> 
     </span>
    </p>
   </div>
   <div class='ocr_carea' id='block_1_114' title="bbox 1096 2783 1869 2823">
    <p class='ocr_par' dir='ltr' id='par_1_114' title="bbox 1096 2783 1869 2823">
     <span class='ocr_line' id='line_1_114' title="bbox 1096 2783 1869 2823; baseline 0.006 -14"><span class='ocrx_word' id='word_1_848' title='bbox 1096 2783 1155 2815; x_wconf 75' lang='lat' dir='ltr'><strong>C:;&#39;</strong></span> <span class='ocrx_word' id='word_1_849' title='bbox 1175 2783 1260 2810; x_wconf 68' lang='grc' dir='ltr'>ταῦτα</span> <span class='ocrx_word' id='word_1_850' title='bbox 1278 2785 1305 2810; x_wconf 69' lang='grc' dir='ltr'>δὲ</span> <span class='ocrx_word' id='word_1_851' title='bbox 1321 2785 1367 2811; x_wconf 72' lang='grc' dir='ltr'>καὶ</span> <span class='ocrx_word' id='word_1_852' title='bbox 1382 2785 1466 2817; x_wconf 80' lang='grc' dir='ltr'>ἄλλως</span> <span class='ocrx_word' id='word_1_853' title='bbox 1488 2785 1670 2820; x_wconf 60' lang='grc' dir='ltr'>ἀπύτγνωστα</span> <span class='ocrx_word' id='word_1_854' title='bbox 1687 2787 1814 2823; x_wconf 65' lang='grc' dir='ltr'>δειχθείη.</span> <span class='ocrx_word' id='word_1_855' title='bbox 1830 2787 1869 2821; x_wconf 62' lang='grc' dir='ltr'><strong>Γῆν</strong></span> 
     </span>
    </p>
   </div>
  </div>
