1900 3070
50 59 131 88 109-3

611 61 794 88 ADVERSUS
811 60 1024 90 M.\NICH1EOS
1045 62 1107 89 LIB.
1133 64 1151 90 1.

1620 64 1688 91 1091

44 116 110 151 ’γὰρ
137 117 298 151 ὀνομάζουσι
317 117 363 144 τοῦ
380 116 499 152 ἀγαθοῦ·
521 118 600 144 ποίαν
620 118 648 144 δὲ
665 118 766 153 ταύτην
789 127 824 153 πρ

894 120 1056 147 commentis
1088 120 1202 146 multum
1229 120 1400 147 deliramenti
1431 126 1489 152 est,
1523 129 1583 155 qua:
1608 121 1688 148 aliter

48 162 103 196 τῆς
126 162 324 198 δημιουργίας;
353 163 541 198 Προλαμϐἀνει
557 164 588 199 δὴ
609 165 673 199 παρ’
696 163 788 195 αὐτοῖς
809 163 843 190 τὰ

46 207 175 242 ὀνόματα
200 208 253 235 τῶν
279 209 450 244 πραγμάτων
475 209 524 244 τὴν
557 209 677 243 γένεσιν·
699 209 763 244 πρὶν
789 209 842 244 γὰρ

47 253 222 288 ὁμολογῆσαι
249 253 296 281 τὸν
322 254 388 281 Θεὸν
415 255 613 290 πεποιηκέναι,
640 254 715 289 λέγει
743 251 812 280 εἶναι
829 255 843 280 ὁ

48 299 237 334 χαλεπώτατα
251 301 346 336 μανεὶς
357 301 387 328 τὸ
401 302 513 337 μηδέπω
522 301 716 336 γεγενημένον.
728 300 767 336 Γῆ
777 300 842 336 γὰρ,

50 346 76 371 εί
96 347 148 381 μὲν
165 347 285 381 ἐγένετο,
300 345 333 382 ἦν
343 356 350 362 ·
365 348 388 373 εί
404 347 432 373 δὲ
449 347 486 383 μὴ
500 347 633 383 γενομένη
649 347 764 382 ὑπῆρχε,
779 355 843 373 συν-

49 392 188 428 αγένητος
200 391 235 428 ἦν
247 393 286 428 τῷ
298 393 367 429 Θεῷ.
383 394 436 428 Γῆς
452 393 479 420 δὲ
491 394 551 420 τίνα
561 393 656 430 χρείαν
670 392 726 428 ἔχει
741 394 755 419 ὁ
765 392 841 424 Θεὸς,

49 440 86 474 γῇ
103 439 142 474 μὴ
154 440 341 475 κεχρημένοςς
356 440 551 474 Ἀναλογίστως
561 440 612 476 γῆν
622 439 690 466 Θεοῦ
703 439 841 474 ὀνομάζει,

49 485 119 519 πρὶν
132 485 235 520 ταύτην
252 487 338 513 εἰπεῖν
360 487 518 521 γεγονέναμ
532 486 592 513 οὐδὲ
608 486 662 520 γὰρ
687 483 741 512 οἷόν
756 492 785 512 τε
808 483 842 521 ἦν

49 532 106 567 πρὸ
122 532 302 569 δημιουργίας
320 533 488 568 μαρτυρῆσαι
504 532 590 569 ταύτῃ
607 532 638 558 τὸ
653 531 788 566 γενέσθαι.

897 165 978 192 etiam
995 165 1195 195 convincimus,
1224 172 1278 192 non
1301 174 1384 200 posse
1398 167 1547 194 condonari
1566 176 1572 193 :
1596 167 1685 193 nomi-

896 215 963 238 nant
976 211 1048 238 enim
1067 213 1167 241 terram
1183 211 1246 238 boni
1264 212 1273 246 (
1287 212 1313 238 id
1325 217 1376 246 est,
1394 212 1439 240 Dei
1455 222 1461 246 ;
1474 213 1482 247 )
1498 214 1604 248 qualem
1621 220 1687 240 vero

895 261 998 285 terram
1022 261 1083 284 ante
1107 256 1202 284 mundi
1227 258 1414 285 creationem?
1439 259 1517 294 Apud
1535 266 1582 286 eos
1611 258 1687 286 scili-

896 306 941 330 cet
962 306 1052 330 ortum
1074 306 1166 330 rerum
1183 303 1334 337 anticipant
1355 305 1464 331 nomina
1482 314 1489 331 :
1506 304 1584 340 prius
1610 304 1684 331 enim

895 356 977 384 quam
995 348 1131 376 fateantur
1152 356 1260 376 creasse
1276 348 1359 377 Deum
1374 350 1514 382 mundum,
1538 351 1576 377 ait
1591 350 1686 377 absur-

894 395 1025 423 dissimus
1052 394 1234 427 Manicbteus,
1259 403 1320 423 esse
1351 396 1424 431 quod
1440 387 1560 423 nondum
1583 396 1684 423 factum

894 444 964 467 erat.
989 439 1074 466 Terra
1097 447 1226 475 namque.
1249 441 1272 468 si
1294 441 1405 476 quidem
1431 441 1529 474 fuerat,
1545 447 1603 469 erat
1618 451 1625 469 :
1641 442 1685 468 sin

897 494 960 513 vero
975 494 1029 513 non
1047 490 1106 513 erat
1121 485 1203 517 facta,
1219 491 1279 513 erat
1292 487 1372 514 simul
1398 494 1460 514 cum
1482 487 1537 514 Deo
1553 488 1683 523 ingenita.

896 530 965 564 Quid
982 538 1046 558 vero
1061 539 1129 565 opus
1144 535 1203 558 erat
1219 531 1274 559 Deo
1288 535 1361 559 terra
1372 552 1379 564 ,
1397 540 1450 567 qua
1466 540 1520 559 non
1535 532 1585 559 fuit
1599 533 1684 560 usus?

50 577 108 605 Sed
135 578 182 605 hic
203 579 364 613 insipienter
387 583 487 606 terram
508 578 554 607 Dei
579 583 668 612 vocat,
693 582 840 614 antequam
860 578 934 606 dicat
949 578 1049 605 factam
1068 585 1129 606 esse
1149 587 1155 604 :
1173 585 1224 605 nec
1255 579 1328 606 enim
1355 584 1419 607 ante
1446 581 1612 608 creationem
1636 587 1684 615 p0-

49 627 125 651 terat
139 625 328 652 testimonium
343 625 395 652 dici
414 626 446 652 lic
462 629 534 652 terra
551 625 634 652 facta.

451 681 515 709 Cap.
538 681 609 708 XIX.
626 681 729 709 Malum
745 680 903 716 principium
920 677 1006 705 videre
1019 677 1107 704 lumen
1129 685 1181 704 non
1201 679 1295 712 patuit.

87 741 208 768 Ἔπειτα
232 741 299 767 Θεοῦ
325 741 375 776 μὲν
398 740 456 767 ἐστι
480 739 538 775 φῶς
558 740 685 776 αἰσθητὸν
707 740 840 776 δημιούρ-

930 736 1032 764 Deinde
1059 743 1074 762 a
1098 736 1153 763 Deo
1177 735 1286 771 quidem
1316 739 1437 763 creatum
1470 743 1511 766 est
1541 739 1630 767 lumen
1655 741 1683 769 in

46 796 141 823 γημα,
165 787 246 819 αὐτὸς
264 787 293 814 δὲ
312 787 369 821 φῶς
386 787 419 814 ἂν
436 788 480 821 εῐη
499 786 604 822 νοητὸν,
620 786 670 813 οὐκ
692 785 819 820 αἰσθητόν

894 786 1033 817 aspectum
1054 781 1174 815 cadens;
1200 782 1259 816 ipse
1270 785 1359 808 autem
1378 781 1449 810 Deus
1471 785 1561 811 lumen
1577 790 1619 813 est
1639 787 1683 814 in-

47 832 129 861 Εἷδεν
145 832 192 861 οὖν
203 835 219 870 ἡ
231 833 325 865 κακία,
342 834 420 869 φησὶ,
435 833 465 859 τὸ
481 832 539 868 φῶς
551 832 598 859 τοῦ
615 831 728 866 ἀγαθοῦ.
745 832 776 858 Ei
790 831 840 867 μὲν

45 880 78 906 τὸ
95 879 227 915 αἰσθητὸν
253 881 321 914 φῶς,
338 879 415 906 οΰπω
442 878 555 914 κόσμος,
578 878 640 904 οὔτε
662 878 770 912 γένεσις
798 878 840 904 κό-

46 935 120 961 σμου
136 934 144 941 ·
173 925 231 958 πῶς
245 924 298 952 εἶδε
319 925 348 951 τὸ
361 924 475 960 μηδέπω
499 924 699 959 γεγενημένον,
721 922 768 950 τοῦ
786 923 840 959 γὰρ

45 972 222 1007 κεχρημένου
241 972 323 1007 μήπω
339 971 516 1006 τυγχάνοντος
536 969 691 1005 ἀνθρώπου,
706 969 759 995 τίνι
774 970 841 1005 χρή-

47 1026 131 1053 σιμον
152 1016 187 1052 ἦν
206 1017 236 1044 τὸ
255 1016 330 1051 φῶς;
355 1017 472 1052 συγγενῆ
493 1016 547 1052 γὰρ
571 1015 610 1051 τῷ
631 1016 793 1051 κεχρημένῳ
806 1015 841 1042 τὰ

43 1064 192 1098 χρήσιμα.’
206 1063 236 1089 οὐ
251 1062 305 1098 γὰρ
319 1062 351 1098 δὴ
368 1061 426 1096 Θεῷ
441 1062 575 1098 χρήσιμον
590 1059 624 1097 ἧν
636 1061 841 1097 ἀπηλλαγμένῳ

43 1110 142 1145 πάσης
155 1109 287 1145 αἰσθητῆς
304 1108 458 1143 μετουσίας.
481 1108 512 1134 Εἰ
537 1108 566 1134 δὲ
591 1108 672 1134 αὐτὸν
700 1108 744 1134 τὺν
761 1107 840 1140 Θεὸν,

43 1155 137 1191 ὅσπερ
153 1156 211 1182 ἐστὶ
227 1155 320 1190 νοερὸν
338 1154 405 1189 φῶς,
428 1155 537 1186 πάντως
559 1154 712 1189 ὁμοιώματι
734 1153 842 1188 φύσεως

43 1199 98 1227 εἶδε
118 1202 151 1228 τὸ
167 1202 269 1237 ὅμοιον.
291 1201 411 1236 ’Λνάγκη
423 1200 510 1227 τοίνυν
532 1200 659 1235 αἰσθητὸν
684 1199 740 1234 φῶς
757 1200 841 1236 αὐτὴν

43 1247 219 1284 ἑωρακέναι·
241 1248 369 1283 αἰσθητὸν
384 1247 413 1274 δὲ
428 1246 481 1281 πρὸ
503 1246 557 1272 τῶν
573 1245 720 1282 αἰσθητῶν,
737 1246 784 1273 τοῦ
807 1246 842 1273 τί-

41 1302 89 1325 νος
111 1294 193 1330 χάριν
217 1294 334 1330 ὑπῆρχε.
355 1293 418 1325 Πῶς
434 1293 463 1319 δὲ
485 1293 559 1328 ὅμως
578 1291 673 1324 σκότος
694 1292 746 1328 ὁρᾷ
766 1292 839 1326 φῶς;

42 1340 75 1367 Εἰ
96 1341 154 1376 γὰρ
176 1340 306 1367 ἐθεάσατο
326 1339 395 1374 φῶς,
417 1338 467 1365 οὐκ
486 1337 520 1365 ἂν
542 1337 586 1373 εἴη
608 1337 718 1369 σκότος·
741 1337 841 1374 πολλὴν

41 1387 100 1422 γὰρ
114 1386 172 1422 ἕχει
188 1386 236 1422 τὴν
250 1386 419 1421 κοινωνίανὴ
436 1384 562 1420 αἴσθησις
577 1384 646 1420 πρὸς
658 1384 689 1411 τὸ
702 1384 840 1420 αίσθητόν.

41 1432 152 1467 Φυσικὴ
167 1432 220 1468 γὰρ
237 1433 254 1467 ἡ
269 1431 380 1467 ἐπιϐολὴ
392 1430 583 1466 δι’ὁμοιότητα
603 1431 653 1466 τῆς
666 1430 754 1465 ὅψεως
773 1430 842 1466 πρὸς

891 828 1031 863 telligibile
1047 835 1102 854 non
1117 827 1257 855 sensibile.
1274 826 1347 854 Vidit
1360 827 1451 862 igitur,
1467 829 1565 864 inquit,
1589 833 1683 867 nequi-

890 874 928 900 tia
944 874 1035 900 lumen
1053 872 1153 900 summi
1170 873 1244 900 boni.
1265 872 1293 900 Si
1305 874 1409 906 lumen,
1435 875 1508 910 quod
1521 876 1549 902 in
1570 885 1682 906 sensum

890 918 973 950 cadit.
988 918 1109 946 nondum
1121 923 1179 946 erat
1194 919 1324 951 mundus,
1340 928 1391 947 nec
1404 925 1482 949 ortus
1493 924 1599 954 mundi.
1612 932 1682 959 quo-

891 965 973 992 modo
989 965 1072 999 igitur
1087 964 1154 992 vidit
1173 965 1247 1000 quod
1265 966 1388 993 nondum
1410 966 1511 995 factum
1531 971 1610 996 erat?
1636 971 1680 998 cui

890 1010 964 1038 enim
985 1011 1084 1038 fuisset
1107 1011 1179 1044 usui,
1201 1011 1321 1038 nondum
1349 1012 1457 1040 homine
1481 1014 1527 1048 qui
1545 1020 1678 1049 uteretur,

891 1057 1001 1084 creato?
1019 1057 1095 1084 utilia
1112 1057 1184 1084 enim
1200 1058 1288 1085 uteuti
1304 1064 1417 1093 cognata
1437 1065 1521 1089 sunt:
1536 1069 1590 1088 non
1608 1064 1681 1090 enim

892 1102 948 1130 Deo
968 1103 1014 1138 qui
1030 1103 1063 1130 ab
1084 1103 1158 1130 omni
1177 1103 1386 1139 participatione
1407 1106 1501 1134 sensili
1529 1107 1598 1134 liber
1618 1112 1680 1140 est.

893 1149 958 1176 utile
966 1153 1034 1176 erat.
1051 1148 1077 1176 Si
1094 1155 1184 1177 autem
1211 1151 1301 1185 ipsum
1320 1150 1415 1183 Deum,
1434 1151 1508 1187 quod
1525 1157 1568 1180 est
1589 1153 1681 1181 lumen

893 1195 1074 1231 intelligibile,
1091 1197 1203 1223 omnino
1223 1195 1290 1223 vidit
1313 1196 1495 1226 similitudine
1518 1203 1623 1227 natura:
1643 1201 1665 1227 si

892 1242 969 1275 mile;
986 1249 1100 1270 necesse
1120 1242 1202 1277 igitur
1222 1247 1282 1270 erat
1304 1246 1334 1270 ut
1352 1243 1411 1278 ipsa
1431 1243 1523 1272 lumen
1549 1245 1682 1273 sensibile

891 1287 1024 1321 vidisset;
1054 1288 1186 1315 sensibile
1206 1292 1297 1316 autem
1323 1297 1455 1324 quorsum
1482 1290 1589 1323 fuisset,
1608 1295 1635 1318 et
1653 1291 1681 1318 in

891 1341 974 1369 quem
993 1341 1074 1361 usum
1091 1338 1155 1361 ante
1182 1335 1322 1364 sensibilia
1349 1336 1461 1363 creata?
1485 1336 1593 1373 Alioqui
1612 1346 1681 1373 quo-

892 1380 973 1407 modo
984 1379 1103 1407 tenebrae
1113 1379 1206 1407 vident
1218 1380 1330 1408 lumen?
1356 1380 1385 1408 Si
1408 1382 1481 1409 enim
1498 1383 1622 1410 viderunt
1640 1384 1682 1412 lu-

893 1433 966 1458 men,
982 1425 1108 1453 diabolus
1120 1434 1174 1453 non
1188 1430 1246 1454 erat
1258 1427 1396 1461 tenebrat;
1412 1435 1538 1464 magnam
1554 1430 1625 1457 enim
1640 1439 1684 1458 so-

41 1478 72 1504 τὺ
90 1477 273 1513 φαινόμενον·
292 1477 389 1504 αὐτίκα
401 1476 589 1512 ἀναμάσσεται
607 1476 665 1512 ἅμα
678 1476 772 1502 τούτου
793 1476 823 1503 τὸ

894 1471 1016 1499 cictatem
1028 1475 1055 1499 et
1066 1471 1290 1506 conjunctionem
1305 1473 1387 1501 habet
1408 1482 1507 1502 sensus
1528 1483 1589 1510 cum
1616 1484 1681 1504 sen-

42 1524 210 1560 χαρακτῆρα
223 1523 266 1550 διὰ
286 1523 334 1559 τὴν
348 1523 458 1558 ⁴ἔννομον
479 1523 528 1558 τῆς
548 1522 655 1557 φύσεως
675 1522 835 1549 κοινωνίαν·

41 1570 128 1606 σῶμα
143 1570 192 1606 μὲν
212 1570 266 1605 γὰρ
288 1570 368 1605 σῶμα
384 1570 450 1605 ὁρᾷ·
467 1569 557 1605 ὅμοιον
577 1569 605 1595 δὲ
618 1568 657 1603 τῷ
671 1568 756 1604 ὁμοίῳ
778 1569 839 1594 ἑπι-

43 1615 153 1647 ϐἀλλει,
172 1616 220 1642 καὶ
233 1616 283 1642 οὐκ
301 1615 390 1642 ἔνεστι
411 1615 442 1641 τὺ
464 1616 588 1650 κρεῖττον
608 1615 655 1641 καὶ
669 1614 837 1649 ἀναϐεϐηκὺς

41 1663 74 1696 τῇ
96 1661 190 1696 φύσει,
208 1661 327 1694 καίτοιγε
348 1661 398 1687 οὐκ
414 1661 543 1692 ἐναντίως
560 1660 621 1696 ἔχον
640 1659 700 1695 (8’),
716 1659 784 1695 πλὴν
796 1660 836 1685 ὃτι

41 1715 73 1741 γε
103 1706 249 1742 ἀσώματον
273 1707 311 1743 τῷ
336 1706 531 1742 ὑποϐεϐηκάτι,
558 1706 606 1733 ἅτε
632 1706 664 1742 δὴ
690 1705 837 1741 σωματικῷ

41 1753 158 1784 πάντως
174 1753 223 1788 οὺχ
233 1754 329 1789 ὁρατόν
338 1761 344 1768 ·
361 1753 416 1788 ἄρα
427 1761 459 1787 γε
472 1753 503 1779 τὸ
515 1753 637 1780 ἐναντίον
652 1752 692 1787 τῷ
713 1752 835 1787 ἐναντίῳ,

40 1798 105 1832 εἴγε
118 1799 204 1831 ἐστὶν,
216 1799 349 1834 ἀόρατον·
371 1799 467 1825 οὺκοῦν
487 1799 604 1834 συγγενῖι
624 1798 672 1826 καὶ
695 1798 769 1833 φίλα,
789 1798 836 1825 καὶ

39 1843 171 1878 οὐδαμῶς
187 1844 305 1871 ἐναντία.

891 1516 1125 1546 sibili.Naturalis
1146 1518 1219 1545 enitn
1242 1520 1383 1554 conjectus
1403 1521 1546 1548 oculorum
1570 1527 1682 1558 propter

891 1563 1100 1591 similitudinem
1116 1568 1244 1599 aspectus
1259 1573 1321 1592 eum
1335 1573 1365 1593 re
1381 1573 1441 1600 quae
1456 1566 1573 1599 videtur,
1588 1569 1679 1595 statim

891 1610 1019 1645 exprimit
1036 1609 1150 1646 ﬁguram
1177 1611 1238 1646 ejus
1259 1615 1370 1647 propter
1398 1612 1547 1647 legitimam
1575 1618 1681 1642 natura:

890 1658 1109 1685 communionem
1123 1666 1130 1690 ;
1156 1665 1258 1693 corpus
1273 1659 1344 1685 enim
1362 1666 1463 1693 corpus
1478 1659 1559 1686 videt.
1586 1659 1680 1688 Simile

890 1703 919 1731 in
937 1704 1026 1731 simile
1041 1704 1159 1731 intendit
1172 1705 1274 1737 aciem;
1291 1712 1380 1740 neque
1397 1709 1513 1739 possunt
1534 1706 1608 1733 oeuli
1628 1714 1679 1733 na-

890 1753 957 1776 turae
977 1747 1117 1776 inferioris
1132 1749 1205 1783 quod
1220 1753 1318 1776 natura
1338 1750 1513 1784 praestantius
1542 1754 1569 1778 et
1586 1751 1678 1779 excel-

889 1796 990 1824 lentius
1007 1799 1050 1824 est
1063 1795 1165 1829 videre,
1193 1795 1293 1823 nedum
1312 1796 1385 1832 quod
1403 1801 1507 1824 naturze
1532 1798 1678 1824 contraria:

887 1846 939 1870 est.
947 1841 977 1869 Si
991 1846 1093 1874 autem,
1104 1841 1176 1876 quod
1184 1846 1225 1870 est
1236 1847 1340 1869 natura).
1355 1842 1568 1877 execIlentioris,
1576 1844 1678 1878 quippe

41 1898 108 1917 cum
124 1899 179 1918 non
197 1891 234 1919 sit
244 1891 422 1924 contrarium,
440 1895 619 1926 pmterquam
650 1891 854 1926 incorporeum,
875 1889 909 1916 ab
925 1889 1057 1917 inferiore
1072 1892 1168 1924 utpote
1184 1896 1317 1924 corporeo
1333 1888 1445 1916 omnino
1463 1897 1518 1916 non
1531 1893 1620 1924 potest
1635 1889 1677 1916 vi-

41 1936 122 1971 deri;
139 1944 207 1964 sane
229 1938 396 1965 contrarium
421 1945 437 1965 a
461 1937 613 1969 contrario.
629 1937 652 1965 si
679 1937 761 1965 modo
785 1941 838 1969 est,
859 1935 946 1964 videri
981 1943 1035 1962 non
1064 1939 1165 1971 potest.
1189 1935 1260 1962 Sunt
1283 1935 1366 1970 igitur
1403 1935 1455 1962 ista
1482 1942 1542 1970 quae
1572 1935 1676 1963 scilicet

40 1989 72 2008 se
101 1981 206 2014 vident,
231 1986 347 2017 cognata
377 1987 404 2009 et
424 1981 511 2009 amica
531 1987 558 2009 et
581 1989 755 2017 nequaquam
777 1982 927 2009 contraria.

239 2038 303 2066 CAP.
324 2038 383 2066 XX.
403 2038 520 2066 Materia
534 2047 566 2066 ea:
581 2038 686 2067 Manete
702 2039 840 2067 ascendere
858 2042 980 2065 canatur.
994 2037 1116 2066 Materia
1130 2047 1205 2065 amor
1214 2046 1277 2074 erga
1293 2039 1407 2067 sobolem
1421 2039 1482 2067 Dei.

85 2097 168 2124 Ἀλλὰ
190 2097 291 2132 πλῆρες
315 2097 425 2133 ὀλέθρου
451 2098 588 2134 βαρϐάρου
608 2098 639 2125 τὸ
656 2098 768 2134 πλάσμα
783 2098 819 2134 (9)

920 2096 974 2124 Sed
992 2097 1102 2132 plenum
1121 2100 1164 2125 est
1181 2102 1369 2125 commentum
1387 2098 1506 2126 barbara
1530 2100 1651 2134 pernicie
1666 2110 1672 2126 :

40 2144 112 2180 φησὶ
128 2144 193 2177 γάρ·
211 2143 249 2169 Οὐ
268 2143 347 2178 μόνον
361 2141 429 2169 εῐδεν
445 2145 462 2179 ή
479 2143 539 2178 ὕλη,
558 2143 625 2170 ἀλλὰ
641 2144 689 2170 καὶ
705 2143 833 2179 ἐπιϐῆναι

41 2188 212 2218 ἐϐουλεύετο,
232 2188 326 2225 ὥσπερ
348 2189 408 2216 τινὰ
429 2189 545 2226 σπουδὴν
569 2190 710 2225 τιθέμενος
731 2190 833 2225 ταύτην

41 2235 81 2266 εἰς
95 2234 235 2266 ἀπόδειξιν
251 2234 301 2269 τῆς
322 2235 389 2269 πρὸς
406 2235 435 2261 τὸ
450 2236 507 2270 φῶς
524 2236 681 2268 κοινωνίας·
699 2236 769 2271 τάχα
787 2236 834 2263 καὶ

42 2279 219 2315 μετέγνωσαν
233 2280 256 2306 οί
273 2279 303 2312 ἐξ
319 2280 415 2315 αὐτῆς,
434 2281 474 2307 ὅτι
486 2282 515 2308 ὲν
528 2278 656 2312 ἀπλέτοις
674 2281 755 2308 αίῶσι
778 2283 834 2313 τοῖς

42 2324 227 2360 προλαϐοῦσιν
246 2326 387 2362 ἀπείρατοι
409 2326 578 2361 ἐγεγόνεισαν
598 2327 645 2353 τοῦ
663 2327 762 2361 φωτός.
778 2327 834 2354 Καὶ

41 2372 104 2398 τίνα
120 2371 220 2407 τρόπον
235 2372 330 2404 σκότος
347 2375 531 2408 μεταποιεῖται
553 2373 656 2408 φωτός;
671 2373 686 2409 ἦ
700 2373 772 2406 τίνος
785 2373 834 2408 χά-

42 2426 86 2453 ριν
103 2417 229 2443 ἐπελθεῖν
249 2417 335 2453 τούτῳ
359 2427 391 2452 γε
414 2418 554 2453 βούλεται;
576 2417 649 2454 Ἀρά
674 2428 706 2453 γε
727 2419 771 2447 ῐνα
783 2418 833 2455 τὴν

40 2464 125 2498 φύσιν
140 2463 335 2499 μεταϐάληται,
354 2465 402 2490 καὶ
415 2464 527 2500 γένηται
547 2465 623 2499 φῶς;
644 2465 660 2500 ἢ
676 2465 720 2492 ἵνα
740 2465 834 2501 γράφῃ

41 2509 92 2544 (9⁸)
109 2509 180 2543 φωτὶ
196 2509 319 2536 ἐναντίαν
339 2510 389 2545 τῆς
404 2509 511 2543 φύσεως
524 2510 642 2545 τροφήν;
664 2510 733 2536 Ἀλλ’
751 2510 833 2544 ἀγνο-

40 2555 122 2587 οὖσα,
136 2554 264 2589 ἐπιϐῆναι
277 2555 366 2590 ήθελε·
377 2555 474 2586 καίτοι,
492 2555 516 2581 εί
529 2555 577 2589 μὲν
592 2555 672 2589 ἔγνω,
687 2555 764 2590 λόγον
776 2552 833 2591 εἷχε

40 2601 71 2627 τὸ
89 2600 307 2636 μεταποιηθῆναι
318 2610 325 2617 ·
340 2599 422 2628 οὖσαν
439 2600 468 2628 δὲ
483 2601 563 2635 φύσει
580 2601 679 2628 κακίαν
696 2603 742 2628 καὶ
756 2602 834 2636 ἀγνο-

78 2667 130 2702 (8·)
150 2668 253 2702 Ἔχον.
280 2667 344 2695 Post
365 2668 435 2695 hanc
460 2675 555 2696 vocem
577 2668 673 2697 deesse
699 2668 726 2695 in
753 2672 832 2695 .textu

42 2703 179 2730 nonnulla
197 2703 336 2731 videntur.

81 2739 119 2771 (9)
141 2738 235 2769 Ἀλλὰ
246 2739 298 2764 ml.
315 2747 341 2764 κ.
351 2747 375 2765 τ.
386 2738 410 2765 λ.
421 2737 498 2765 "unc
512 2738 600 2764 locum
615 2738 651 2765 ita
667 2736 755 2765 reddit
767 2738 833 2766 Bas-

46 2775 161 2809 nogius:
176 2774 289 2800 Barbari
304 2775 454 2808 ﬁgmentum
465 2774 579 2808 pernicie
596 2774 756 2807 plenumcsl.
768 2773 829 2800 Bar-

885 2142 923 2168 ait
939 2142 1022 2174 enim,
1048 2149 1102 2168 non
1127 2142 1215 2169 solum
1237 2142 1306 2169 vidit
1338 2143 1461 2175 materia,
1485 2144 1533 2171 sed
1556 2144 1675 2172 decrevit

884 2188 1030 2215 ascendere
1047 2192 1178 2223 tanquam
1193 2188 1316 2215 studium
1337 2189 1474 2224 quoddam
1495 2189 1629 2217 adhibens
1641 2191 1674 2216 ad

883 2233 1129 2262 demonstrandum
1144 2234 1246 2262 habere
1264 2242 1294 2262 se
1303 2236 1522 2263 communionem
1540 2239 1566 2263 et
1587 2237 1675 2264 sacie-

883 2284 967 2308 tatem
983 2288 1045 2308 cum
1062 2280 1182 2308 lumine:
1201 2281 1318 2309 fortasse
1342 2289 1390 2309 eos
1412 2282 1458 2316 qui
1482 2289 1513 2309 ex
1537 2281 1596 2316 ipsa
1617 2283 1673 2309 nati

884 2330 959 2358 sunt,
982 2325 1120 2361 paenituit,
1132 2326 1204 2361 quod
1227 2326 1342 2354 inlinitis
1361 2327 1468 2354 saeculis
1485 2327 1673 2360 superioribus

883 2379 938 2399 non
962 2371 1080 2399 fuissent
1102 2371 1206 2407 experti
1226 2372 1317 2399 lumen
1334 2380 1340 2399 :
1356 2376 1383 2399 et
1402 2372 1538 2407 quomodo
1556 2373 1674 2399 tenebrae

884 2417 1042 2446 adsciscunt
1061 2422 1088 2445 et
1103 2418 1242 2445 vindicant
1267 2418 1318 2445 sibi
1335 2418 1448 2445 lumen?
1464 2422 1510 2445 aut
1528 2426 1671 2453 quorsum.

882 2468 911 2491 et
926 2464 952 2491 in
970 2472 1049 2499 quem
1065 2471 1144 2492 usum
1160 2464 1254 2491 volunt
1276 2463 1395 2493 tenebrae
1417 2465 1547 2492 invadere
1562 2465 1673 2491 lumen?

884 2517 918 2537 an
932 2514 961 2537 ut
984 2514 1110 2537 naturam
1128 2514 1233 2538 mutent
1247 2514 1273 2539 et
1293 2510 1447 2538 elliciantur
1463 2511 1575 2538 lumen?
1589 2518 1623 2538 an
1642 2515 1671 2537 ut

883 2555 1044 2582 nutriantur
1058 2556 1172 2589 lumine,
1189 2556 1319 2583 alimento
1342 2560 1447 2582 natura!
1465 2555 1606 2583 contrario
1617 2557 1672 2584 ἳΛι

884 2601 1014 2636 ignorans
1035 2601 1121 2628 voluit
1141 2601 1300 2629 ascendere.
1318 2601 1424 2628 Etenim
1443 2601 1466 2628 si
1485 2601 1670 2638 cognovisset,

883 2667 966 2729 lparus
988 2667 1060 2694 enim
1078 2667 1134 2699 ille,
1153 2667 1252 2702 inquit,
1269 2669 1316 2703 qui
1330 2669 1393 2696 talia
1418 2668 1503 2700 ﬁnxit,
1518 2673 1560 2696 est
1577 2667 1670 2697 Malles

906 2709 978 2729 ersa.

906 2709 1024 2772 Ἢ
1032 2737 1081 2763 ἵνα
1092 2746 1135 2771 7:0.
1147 2736 1185 2773 An
1201 2741 1229 2763 ut
1242 2737 1378 2773 imprimat
1396 2739 1552 2768 alimentum
1565 2742 1670 2768 natura:

884 2773 952 2801 lucis
969 2772 1158 2799 contrarium?
1173 2772 1251 2800 3.xsn.
