1900 3070
639 92 652 107 ο

244 105 314 135 1095

242 163 314 191 ratio
326 166 465 190 constaret
481 170 530 190 cur
555 164 655 190 mutari
672 163 804 191 voluisset

241 215 305 249 cum
321 213 419 235 natura
437 210 471 235 sit
483 208 606 242 nequitia
621 209 797 244 etignorans,
812 209 916 244 integra
931 209 1037 236 eversio

241 254 324 282 totius
334 255 373 281 rei
389 259 415 281 et
432 262 523 282 causa:
534 259 638 282 estnon
656 255 772 289 fuget-ea
788 255 939 282 contrario.

277 299 354 332 Quod
377 304 468 327 autem
491 300 578 335 magis
601 308 615 326 ιι
638 301 745 327 ratione
767 307 894 326 aversum
923 303 976 327 est.
998 301 1037 325 ait

243 346 356 374 missam
375 346 488 374 fuissea
502 347 575 374 bono
593 350 766 381 potestatem,
790 354 845 372 non
864 345 920 380 jam
945 346 1034 372 lumen

242 392 382 423 sensibile,
401 392 448 419 sed
464 392 660 419 velutdiceret.
677 392 799 419 sobolem
815 391 870 418 Dei.
884 390 959 417 Hanc
971 398 1035 417 cum

242 438 356 466 vidisset
371 437 496 468 materia.
509 438 667 472 concupivit
678 437 787 472 quidem
797 442 926 471 tanquam
939 444 1035 463 amans

242 494 320 518 eam;
340 486 471 520 impetum
488 493 553 513 vero
573 485 673 512 iueam
695 485 759 512 fecit
780 489 806 512 et
827 485 981 516 absorbuit,
1008 489 1035 512 et

242 533 301 560 suis
316 532 500 566 potestatibus
513 531 673 563 distribuit;
692 539 745 566 qua
755 532 798 557 via
818 531 876 558 lieri
893 539 946 557 non
963 535 1036 566 pote-

242 580 295 608 rat,
311 580 341 604 ut
351 577 455 604 videret
472 577 585 605 missum
596 584 629 603 ex
645 580 742 603 natura
753 576 834 608 boni;
853 576 913 607 hoc,
934 576 1033 610 inquit,

235 621 369 649 ‘eﬂ‘eetum
399 624 452 654 est,
477 625 507 648 ut
532 621 679 648 absorbere
705 625 797 655 posset
820 621 946 648 missum.
970 619 1036 648 Utar

241 667 316 694 enim
339 667 429 694 adhuc
444 667 561 702 amplius
577 667 670 694 eodem
685 667 780 698 verbo,
805 667 935 701 quoniam
952 667 974 693 si
994 667 1035 693 vel

241 714 331 741 solum
359 713 434 744 vidit,
462 713 580 748 quodex
602 713 755 740 substantia
777 713 824 740 Dei
850 717 1032 749 propagatum

242 763 312 791 erat,
329 766 383 786 non
399 763 439 786 est
454 767 523 794 opus
535 759 588 785 alio
599 759 727 793 quopiam
748 759 832 786 verbo
853 759 885 786 ad
909 764 1032 787 everten-

242 804 306 830 dum
318 808 511 831 commentum.
523 802 594 830 Vidil
611 804 683 831 enim
704 804 818 830 omnino
844 808 974 839 tanquam
996 805 1034 832 si-

242 849 315 877 milis
327 849 425 876 simile.
444 848 521 882 ρυοά
533 849 605 876 enim
621 853 663 876 est
685 850 794 884 penitus
816 850 966 877 secundum
985 858 1034 877 na-
1050 842 1072 869 Β

241 899 330 921 turam
339 895 517 928 contrarium,
535 900 561 922 et
583 902 689 921 summe
700 895 881 925 contrarium.
893 903 1033 930 nunquam

241 939 334 968 videre
344 940 443 975 poterit
454 940 634 973 contrarium,
645 947 696 967 nec
713 940 906 975 propinquabit
916 942 951 973 ei,
969 941 1035 976 quia

241 986 266 1013 si
282 986 322 1013 vel
340 986 429 1013 solum
450 986 549 1019 videat,
563 986 632 1013 ratio
644 987 774 1013 contrarii
789 994 903 1021 prorsus
919 988 1031 1014 tollitur.

826 102 896 134 Tl'l‘l
916 101 1132 133 BOSTBENSIS
1151 100 1306 132 EPISCON

828 174 833 190 ε
854 171 927 191 nunc
947 169 1032 191 autem

1101 163 1182 194 νῦσαν,
1195 162 1334 198 ἀνατροπὴ
1350 161 1484 197 παντελὴς
1496 161 1544 195 τῆς
1559 159 1720 190 ὑποθέσεως
1736 156 1771 184 τὸ
1789 158 1830 192 μὴ
1846 159 1886 184 tu".

1825 98 1887 127 1096

1089 211 1186 243 φυγεῖν
1196 208 1226 235 τὸ
1238 207 1367 234 ἐναντίον.

1123 299 1160 325 Τὸ
1170 299 1199 325 δὲ
1213 298 1244 334 δὴ
1257 298 1348 334 μεῖζον
1358 298 1398 330 εἰς
1413 297 1533 332 ἀλογίαν,
1550 296 1757 323 ἀποσταλεῖσαν
1774 294 1889 329 δύναμιν

1087 346 1134 372 τοῦ
1148 346 1261 380 ἀγαθοῦ,
1277 346 1369 372 οὐκέτι
1391 345 1448 379 φῶς
1462 345 1589 380 αἰσθητόν
1600 352 1606 358 ·
1626 343 1684 370 ἀλλ’
1705 343 1744 374 ὡς
1760 343 1795 368 iv
1809 343 1887 375 φαίη,

1087 391 1222 427 προϐολὴν
1245 390 1292 417 τοῦ
1309 389 1376 417 Θεοῦ
1403 389 1568 424 θεασαμένη,
1597 388 1756 424 προσκισσᾷ
1785 387 1838 422 μὲν
1855 387 1890 417 ὡς

1087 436 1187 473 ἐρῶσα,
1201 436 1275 472 ὁρμᾷ
1289 435 1316 461 δὲ
1337 435 1382 462 καὶ
1405 434 1558 466 καταπίνει,
1574 434 1620 460 καὶ
1633 434 1694 464 ταῖς
1711 433 1794 463 ἰδίαις
1809 432 1890 458 διινὰ-

1088 491 1151 517 μεσι
1162 482 1284 517 διανέμει
1297 490 1302 495 ·
1350 481 1378 507 δὲ
1393 481 1439 506 καὶ
1453 480 1602 507 θεάσασθαι
1617 480 1648 506 τὸ
1665 480 1697 505 ἐκ
1710 479 1762 514 τῆς
1778 478 1888 512 φύσεως

1085 529 1133 556 τοῦ
1157 527 1260 562 ἀγαθοῦ
1282 526 1405 563 πεμφθὲν
1432 527 1561 554 ἀδύνατον
1585 525 1630 561 ἦν.
1654 525 1742 561 ταύτῃ
1774 524 1889 550 δυνατόν

1087 583 1152 610 φησι
1176 574 1328 608 γεγονέναι,
1355 573 1402 600 καὶ
1428 574 1572 598 καταπιεῖν
1601 571 1690 598 τοῦτο.
1713 570 1779 597 Ἐπὶ
1805 570 1888 596 πλέον

1086 622 1140 657 γὰρ
1155 622 1194 656 τῷ
1213 620 1287 655 αὑτῷ
1304 621 1440 656 χρήσομαι
1454 619 1535 654 λόγῳ,
1552 619 1599 651 ὡς,
1617 619 1641 644 εἰ
1659 619 1706 644 καὶ
1724 618 1809 653 μόνον
1835 615 1887 642 εἶξε

1085 668 1116 694 τὸ
1128 669 1160 694 ἐκ
1171 668 1220 702 τῆς
1232 668 1325 697 οὐσίας
1339 665 1385 692 τοῦ
1400 665 1467 692 Θεοῦ
1481 665 1712 702 προϐεϐλημένον,
1731 663 1831 698 ἑτέρον
1847 671 1887 688 τι-

1086 712 1131 744 νὸς
1139 714 1188 739 οὐκ
1196 713 1228 739 ἂν
1237 711 1350 748 δεόμεθα
1360 712 1415 747 (I0)
1425 711 1503 746 λόγου
1512 711 1580 746 πρὸς
1590 710 1748 745 ἀνατροπὴν
1758 709 1806 735 τοῦ
1819 709 1887 734 πλα-

1088 767 1205 794 σματος·
1226 756 1279 785 εἶδε
1298 758 1351 793 γὰρ
1374 758 1493 789 πάντως,
1517 757 1558 788 ὡς
1577 756 1659 791 ὁμοία
1674 757 1704 782 τὺ
1719 756 1826 790 ὅμοιον.
1853 754 1886 780 Ta

1087 805 1141 841 γὰρ
1157 805 1244 839 πάντη
1259 804 1329 831 κατὰ
1350 803 1431 838 φύσιν
1445 803 1566 829 ἐναντίον
1586 803 1633 829 καὶ
1652 800 1721 837 πρὸς
1737 801 1831 836 ἄκραν
1844 801 1886 826 ἐν·

1088 851 1231 886 αντιότητα
1248 849 1414 885 κεχωρηκὸς,
1431 848 1486 875 οὔτ’
1502 848 1535 875 ἂν
1557 848 1606 874 ἴδοι
1629 848 1660 874 τὸ
1676 847 1814 877 ἐναντίον,
1830 846 1884 872 οὒτ’

1089 897 1122 923 ἂν
1148 896 1354 931 προσεγγίσειεν
1377 893 1467 929 αὐτῷ·
1494 893 1588 928 ἐπειδὴ
1618 893 1811 928 διαφθείρεται
1838 891 1884 925 τῆς

1089 941 1273 976 ἐναντιότητος
1287 941 1301 966 ὁ
1317 940 1395 974 λόγος
1412 939 1560 971 παντελῶς,
1579 940 1602 965 εἰ
1617 939 1663 965 καὶ
1681 938 1765 973 μόνον
1785 937 1848 963 ἴδοι.

850 1043 916 1071 CAP.
938 1042 1009 1070 XXI.
1028 1044 1098 1071 Deus
1113 1041 1264 1070 invisibilis.

276 1087 332 1115 lloc
347 1092 437 1116 autem
455 1087 531 1115 addit
556 1089 663 1116 caeteris
684 1095 745 1124 qua”:
768 1089 847 1122 dixit,
875 1089 1031 1122 absurdius,

239 1139 266 1162 et
285 1142 378 1162 secum
395 1134 570 1162 vehementer
578 1142 702 1170 pugnans
716 1144 723 1168 ;
735 1143 769 1162 ne
785 1142 854 1170 opus
861 1135 908 1166 sit,
923 1139 951 1162 ut
961 1135 1033 1163 alius

239 1186 335 1208 contra
349 1188 410 1207 eum
425 1180 507 1207 dicat.
522 1180 629 1207 Amavit
643 1181 728 1212 enim,
746 1181 845 1216 inquit,
871 1185 1033 1215 potestatem

239 1227 314 1254 illam
326 1226 411 1254 visam
429 1230 557 1261 tanquam
567 1226 651 1254 oblita
665 1227 775 1262 penitus
787 1232 890 1254 natura:
900 1228 1031 1262 propriaz:

240 1278 295 1298 non
307 1271 352 1298 illa
367 1270 476 1306 quidem
492 1271 577 1298 oblita
599 1274 652 1302 est,
668 1279 728 1306 quae
749 1280 805 1298 non
828 1276 888 1299 erat
911 1281 917 1298 :
935 1271 982 1299 sed
1005 1272 1032 1299 bi

240 1321 305 1346 sunt
337 1325 450 1345 suorum
483 1321 701 1344 conimentorum
731 1318 924 1350 immemores;
958 1317 1033 1344 aiunt

240 1363 327 1395 enim,
341 1365 502 1398 priusquam
520 1362 578 1390 haec
596 1363 759 1390 seditionem
769 1367 900 1394 moveret.
916 1371 970 1390 non
986 1364 1034 1389 ba-

241 1409 336 1436 buisse
350 1409 536 1444 cognitionem
552 1408 635 1441 boni;
657 1416 692 1436 ne
704 1409 862 1444 cognitione
890 1409 955 1436 boui
983 1416 1032 1435 na-
1045 1412 1066 1440 C

241 1459 332 1482 turam
347 1455 381 1481 ab
399 1455 461 1489 ipso
485 1458 642 1481 accusatam
669 1460 776 1482 ornent.
797 1454 894 1482 Nonne
913 1455 1033 1482 amentia

240 1505 295 1532 est,
310 1503 407 1535 putare
417 1507 476 1526 eam
492 1507 553 1535 quae
567 1500 595 1526 in
609 1508 639 1528 se
660 1507 715 1527 non
744 1499 826 1528 habet
841 1499 912 1527 unde
933 1507 1036 1535 cogno-

241 1551 301 1573 scat
312 1553 374 1573 esse
393 1545 505 1579 bonum,
522 1546 645 1581 potuisse
656 1545 760 1578 videre,
787 1549 816 1573 et
831 1549 977 1581 postquam
991 1545 1035 1572 vi-

240 1590 291 1622 dit,
304 1589 495 1618 desiderasse?
507 1590 587 1626 longe
600 1590 673 1618 enim
688 1590 777 1625 majus
790 1594 834 1618 est
850 1590 1034 1618 substantiam

240 1640 352 1672 aspectu
367 1636 470 1668 videre,
487 1644 569 1671 quam
585 1644 754 1672 cognoscere
764 1644 836 1664 esse.
848 1636 969 1664 Primum
979 1645 1035 1664 non

239 1683 329 1710 solum
346 1691 408 1715 nos,
424 1683 472 1710 sed
490 1686 640 1718 potestates
663 1683 793 1717 angelicae
813 1683 1033 1716 excellentiores,

244 1736 307 1756 esse
328 1729 439 1764 qutdem
465 1729 566 1756 bonum
590 1729 794 1764 cognoscimus.
823 1736 855 1756 ac
878 1729 1035 1764 cognitione

239 1775 299 1802 sola
315 1775 348 1801 ad
361 1775 489 1810 pietatem
503 1775 530 1801 in
544 1774 628 1802 Deum
641 1775 740 1801 alimur
755 1784 762 1807 ;
775 1779 850 1802 tanto
867 1783 933 1802 vero
943 1777 1035 1803 excel—

242 1821 342 1849 hantius
353 1821 454 1856 angeli,
471 1826 574 1856 quanto
592 1826 690 1848 natura
714 1825 779 1848 sunt
800 1822 1032 1849 excellentiores:

240 1866 333 1893 videre
344 1870 435 1893 autem
451 1867 633 1893 substantiam
644 1865 690 1893 Dei
706 1873 795 1901 neque
810 1867 900 1898 nobis,
913 1874 963 1894 nec
980 1867 1034 1895 illis

239 1910 322 1938 licet:
338 1911 472 1945 siquidem
485 1919 535 1938 nos
551 1911 671 1946 quandiu
691 1919 792 1946 corpus
811 1911 962 1938 secundum
984 1919 1034 1938 na-

240 1962 329 1983 turam
343 1955 431 1982 induti
448 1963 555 1989 sumus,
568 1964 620 1983 nec
636 1956 747 1991 angelos
763 1956 837 1991 ipsos
860 1956 953 1984 videre
970 1965 1033 1992 pos-

240 2007 348 2026 sumus.

277 2045 451 2072 Manifestum
463 2045 536 2073 enim
556 2049 598 2072 est
613 2050 640 2072 et
653 2054 670 2080 p
681 2054 731 2073 aue
746 2054 920 2079 concessum,
936 2049 982 2082 qui
995 2048 1034 2074 vi-

241 2090 287 2118 det
304 2091 395 2119 simile
406 2092 459 2119 sibi
475 2092 577 2119 videre.
601 2091 705 2127 Siquis
726 2100 789 2120 vero
805 2093 942 2121 existimet
956 2094 1032 2121 futile
1048 2089 1069 2116 Ι)

243 2144 304 2165 esse
319 2137 392 2172 quod
414 2137 552 2170 dicimus;
578 2138 703 2166 videmus
723 2139 796 2166 enim
819 2139 915 2171 solem,
940 2139 1030 2167 lunam

238 2187 270 2210 et
283 2182 393 2214 stellas.
409 2186 539 2217 pra-terea
556 2183 626 2217 apud
646 2191 697 2210 nos
719 2183 835 2219 lapides,
860 2191 968 2216 aurum,
987 2192 1032 2210 ar-

240 2233 364 2264 gentum,
389 2228 507 2264 denique
531 2236 605 2255 mare
630 2229 718 2263 ipsum
738 2233 766 2256 et
780 2230 872 2257 omnia
892 2227 1030 2260 animalia.

239 2282 272 2302 ac
296 2275 373 2301 nullo
391 2278 470 2310 pacto
490 2275 533 2302 bis
556 2275 660 2303 similes
681 2283 794 2310 sumus;
825 2276 948 2315 advertat
969 2277 1030 2308 iste,

239 2321 311 2356 quod
327 2321 380 2348 etsi
391 2328 486 2348 eorum
498 2329 559 2355 qua:
573 2323 806 2354 enumeravimus,
828 2322 943 2349 diversa:
967 2330 1031 2356 spe—

236 2367 296 2394 cies
308 2366 381 2400 sint;
415 2371 442 2393 at
475 2367 573 2395 borum
607 2368 730 2394 omnium
759 2375 847 2402 genus
873 2376 1030 2402 supremum

237 2421 340 2448 corpus
356 2416 408 2440 est.
434 2413 595 2440 Substautia
614 2421 732 2448 namque
751 2415 850 2448 partim
877 2414 1032 2449 inaspecta—

238 2459 302 2487 bilis
319 2465 371 2490 est.
403 2464 433 2486 ut.
456 2460 634 2494 incorporea;
659 2460 759 2495 partim
788 2461 977 2495 aspectabibs,
1002 2466 1032 2488 ut

236 2511 350 2539 corpus.
366 2503 457 2530 Prima
482 2505 564 2540 igitur
579 2505 691 2540 partitio
714 2505 807 2531 omnia
826 2505 883 2532 haec
900 2509 1030 2540 tauquam

236 2558 324 2585 genus
337 2555 446 2585 separat
468 2554 495 2577 et
518 2550 673 2586 distinguit.
699 2551 790 2583 Quare
807 2558 908 2586 corpus
929 2559 1030 2586 corpus

238 2596 312 2624 videt
326 2606 333 2630 ;
353 2600 379 2623 et
393 2604 529 2631 quatenus
540 2605 652 2633 corpus,
671 2598 761 2625 simile
774 2602 802 2626 et
825 2603 971 2634 cognatum
989 2603 1032 2626 est

236 2642 333 2669 videns
351 2643 421 2675 viso,
441 2644 567 2678 quamvis
591 2644 644 2671 sint
667 2644 784 2672 diverse
807 2644 905 2672 horum
924 2646 1030 2680 species

236 2693 348 2722 propter
361 2689 523 2718 varietatem
537 2693 565 2717 et
576 2695 705 2718 ornatum
722 2690 857 2718 universi.

272 2733 428 2762 Ridiculum
441 2736 516 2763 enim
530 2740 614 2769 esset,
630 2737 652 2764 si
670 2736 733 2771 quia
747 2736 798 2764 llos
812 2737 1029 2772 pulcherrimum

272 2790 330 2825 (10)
345 2790 425 2820 Forte
438 2791 565 2828 δεοίμεθα
581 2793 624 2821 vel
639 2793 723 2829 δεώμ,
741 2793 821 2821 Enn.

1121 1087 1206 1115 Τοῦτο
1225 1086 1253 1113 δὲ
1275 1085 1435 1121 προστίθησι
1452 1084 1506 1111 τῶν
1524 1084 1680 1120 εἰρημένων
1704 1082 1884 1117 ἀτοπώτεμν

1088 1133 1205 1170 ἰσχυρῶς
1218 1132 1306 1167 ἑαυτῷ
1328 1132 1480 1167 μαχόμενος
1492 1139 1500 1147 ⁸
1516 1131 1559 1157 ἵνα
1576 1130 1672 1166 μηδεὶς
1688 1130 1785 1165 ἕτερος
1800 1130 1883 1164 δεηθῇ

1087 1181 1155 1217 πρὸς
1166 1179 1247 1206 αὐτὸν
1263 1180 1359 1206 εἰπεῖν.
1374 1178 1442 1213 Φησὶ
1455 1178 1524 1213 γάρ·
1542 1176 1664 1212 Ἠράσθη
1682 1176 1734 1211 τῆς
1750 1176 1883 1210 quam;

1086 1228 1236 1263 δυνάμεως,
1255 1226 1348 1261 ὥσπερ
1371 1223 1546 1260 ὲπιλησθεῖσα
1569 1223 1710 1254 παντελῶς
1736 1222 1790 1257 τῆς
1816 1222 1883 1252 ἰδίας

1086 1273 1192 1308 φύσεως
1205 1280 1211 1286 ·
1226 1271 1257 1297 οὐ
1274 1270 1324 1305 μὲν
1344 1269 1375 1305 δὴ
1396 1269 1488 1304 ἐκείνη
1502 1277 1533 1303 γε
1549 1269 1565 1304 ἡ
1581 1269 1619 1304 μὴ
1633 1267 1712 1300 οὖσα,
1734 1268 1794 1294 ἀλλ’
1811 1266 1882 1294 οἶκτοί

1085 1324 1117 1353 γε
1138 1318 1192 1345 τῶν
1214 1317 1285 1343 ἰδίων
1302 1316 1468 1351 πλασμάτων
1479 1324 1485 1330 ·
1503 1316 1526 1341 εί
1543 1315 1596 1351 γὰρ
1612 1316 1676 1351 πρὶν
1692 1315 1882 1349 sumiani-In;

1085 1365 1187 1399 ταύτην
1201 1363 1268 1398 φασὶ
1287 1362 1388 1396 γνῶσιν
1407 1361 1455 1387 τοῦ
1472 1361 1576 1395 ἀγαθοῦ
1595 1362 1631 1396 μὴ
1655 1361 1817 1396 ἐσχηκέναι,
1842 1361 1881 1387 ἶνα

1084 1411 1120 1446 μὴ
1137 1409 1312 1445 σεμνώσωσιν
1328 1407 1430 1442 ἀγαθοῦ
1448 1408 1546 1441 γνώσει
1571 1407 1621 1442 τὴν
1644 1409 1709 1442 παρ“
1727 1406 1814 1433 αὑτοῦ
1833 1407 1883 1441 57.3-

1087 1465 1128 1483 σιν
1141 1456 1354 1491 διαῦεϐλημένην
1366 1463 1372 1470 ·
1391 1454 1450 1486 πῶς
1467 1455 1517 1481 οὐκ
1531 1453 1628 1487 ἄλογον
1649 1454 1699 1488 τὴν
1716 1454 1755 1489 μὴ
1767 1454 1880 1488 ἔχουσαν

1085 1504 1115 1529 ὲν
1138 1503 1206 1538 αὐτῇ
1229 1503 1259 1529 τὸ
1285 1501 1394 1533 ειδέναι,
1412 1502 1453 1528 ὃτι
1476 1501 1533 1527 ἐστι
1556 1498 1684 1535 τάγαθὺν,
1707 1501 1815 1536 ταύτην
1837 1503 1881 1527 καὶ

1088 1549 1150 1575 ἰδεῖν
1160 1548 1317 1584 δυνηθῆναι,
1330 1548 1377 1575 καὶ
1395 1547 1567 1582 θεασαμένην
1579 1547 1772 1582 ὲπιθυμῆσαι;
1790 1548 1880 1582 μεῖξον

1085 1594 1140 1629 γὰρ
1160 1593 1333 1630 ἀσυγκρίτως
1352 1591 1401 1619 τοῦ
1416 1592 1528 1626 γνῶναι,
1544 1593 1586 1618 ὅτι
1604 1592 1664 1618 ἐστι
1681 1592 1714 1618 τὸ
1729 1592 1880 1619 θεάσασθαι

1085 1640 1144 1675 ὕψει
1158 1640 1206 1675 τὴν
1219 1640 1322 1666 οὐσίαν.
1347 1639 1452 1666 Λύτίκα
1472 1639 1522 1674 οὐχ
1543 1640 1623 1674 ἡμεῖς
1639 1639 1732 1673 μόνον,
1753 1639 1824 1665 ἀλλὰ
1837 1641 1881 1665 καὶ

1084 1686 1138 1711 τῶν
1149 1685 1272 1720 ἀγγέλων
1286 1686 1314 1711 αι
1332 1685 1526 1719 ἀνασεϐηκυῖαι
1545 1683 1684 1719 δυνάμεις,
1702 1685 1745 1710 ὅτι
1762 1685 1814 1719 μὲν
1826 1685 1879 1710 ἔστι

1084 1731 1212 1765 τάγαθὸν,
1229 1730 1409 1766 γινώσκομεν,
1427 1731 1459 1765 τῇ
1476 1730 1575 1764 γνώσει
1595 1730 1642 1756 καὶ
1665 1730 1735 1766 μόνῃ
1750 1730 1821 1765 πρὸς
1834 1732 1879 1765 τὴν

1084 1777 1225 1803 εὺσὲδειαν
1246 1775 1417 1811 τρεφόμενοι,
1438 1775 1559 1809 ἀγγέλων
1582 1774 1682 1810 δηλαδὴ
1711 1775 1880 1809 ἀναϐεεηκό-

1084 1833 1138 1850 των
1152 1823 1223 1850 κατὰ
1235 1823 1285 1858 τὴν
1305 1823 1416 1857 γνῶσιν,
1438 1822 1500 1847 ὅσον
1515 1821 1561 1847 καὶ
1580 1821 1651 1847 κατὰ
1672 1821 1755 1854 φύσιν
1766 1829 1773 1835 ·
1789 1821 1836 1847 τοῦ
1854 1822 1878 1847 ὁὲ

1084 1870 1149 1895 Θεὸν
1166 1869 1226 1896 κατ’
1239 1869 1332 1895 οὐσίαν
1344 1869 1418 1898 ἰδεῖν,
1431 1867 1487 1894 οὗθ’
1501 1868 1566 1902 ἡμῖν
1581 1866 1638 1893 οὔθ’
1654 1867 1774 1898 ἐκείνοις
1788 1867 1875 1902 μετὸν

1083 1916 1150 1942 ὅπου
1164 1916 1229 1951 ἡμῖν
1243 1915 1297 1942 οὐδ’
1317 1915 1447 1949 ἀγγέλους
1464 1914 1572 1945 αὐτοὺς.
1588 1915 1618 1940 ὲν
1630 1914 1686 1949 ὅσῳ
1703 1914 1734 1940 τὸ
1745 1914 1818 1940 κατὰ
1831 1914 1878 1948 spi-

1085 1971 1126 1989 σιν
1139 1961 1318 1998 περικείμεθα
1334 1961 1424 1995 σῶμα,
1442 1960 1554 1986 δυνατὸν
1568 1960 1642 1986 ἰδεῖν.

1119 2051 1204 2086 Δῆλον
1219 2050 1274 2086 γὰρ
1291 2051 1339 2078 καὶ
1352 2051 1445 2085 σαφῶς
1457 2049 1681 2085 ὁμολογούμενον,
1697 2049 1736 2080 ὡς
1751 2049 1766 2074 ὁ
1779 2048 1807 2074 τὶ
1822 2048 1876 2083 βλέ-

1084 2107 1153 2129 πων,
1166 2097 1257 2133 ὅμοιον
1270 2097 1358 2133 ἐαυτῷ
1377 2097 1416 2129 ὃν,
1431 2096 1509 2123 τοῦτο
1527 2096 1628 2131 βλέπει.
1642 2096 1674 2122 Et
1688 2095 1717 2122 δέ
1736 2104 1781 2126 τις
1797 2096 1875 2121 ἀπαιυ

1083 2144 1183 2176 δεύτως
1205 2144 1310 2180 οἰηθείη
1333 2144 1432 2180 σαθρὸν
1446 2143 1516 2169 εἶναι
1540 2142 1571 2169 τὸ
1596 2142 1677 2178 ῥηθὲν
1693 2141 1874 2177 (ἑμὸλέπομεν

1083 2191 1137 2228 γὰρ
1151 2191 1225 2226 ἥλιον
1238 2191 1285 2217 καὶ
1302 2191 1416 2225 σελήνην
1429 2190 1475 2216 καὶ
1485 2189 1612 2225 ἀστέρας,
1624 2188 1665 2215 ἔτι
1682 2188 1736 2223 μὴν
1750 2188 1795 2222 ὑφ’
1808 2188 1872 2222 ἡμᾶς

1083 2237 1181 2268 λίθους,
1197 2237 1296 2272 χρυσόν
1315 2245 1344 2262 τε
1362 2237 1409 2263 καὶ
1427 2235 1556 2271 ἄργυρον,
1574 2236 1622 2261 καὶ
1640 2235 1763 2266 συνόλως
1780 2235 1828 2269 τήν
1847 2242 1871 2258 τε

1084 2282 1222 2309 θάλασσαν
1238 2283 1284 2309 καὶ
1299 2282 1333 2308 τὰ
1351 2282 1408 2314 ζῶα
1428 2282 1583 2316 σύμπαντα,
1601 2281 1649 2307 καὶ
1664 2279 1695 2306 οὐ
1712 2281 1800 2315 δήπου
1816 2280 1871 2306 10-3-

1081 2337 1137 2360 τοις
1154 2328 1241 2363 ὅμοιοί
1257 2327 1362 2363 ἐσμεν),
1383 2327 1551 2362 μανθανέτω,
1574 2326 1621 2358 ὼς,
1641 2327 1666 2351 εἰ
1690 2326 1739 2352 καὶ
1766 2325 1872 2359 attigas;

1081 2374 1115 2399 τὰ
1131 2373 1188 2408 εἴδη
1205 2372 1259 2399 τῶν
1272 2372 1532 2408 κατηριθμημένων,
1548 2371 1616 2397 ἀλλά
1627 2378 1659 2404 γε
1676 2370 1781 2396 τούτων
1796 2370 1873 2396 ἀπα-ι-

1081 2426 1136 2444 των
1150 2417 1319 2453 ἀναϐεϐηκὺς
1330 2417 1408 2451 γένος
1421 2417 1451 2443 τὸ
1472 2416 1550 2451 σῶμα
1563 2424 1570 2430 ·
1593 2415 1643 2450 τῆς
1661 2416 1718 2450 γὰρ
1737 2415 1831 2445 οὐσίας
1849 2416 1872 2439 τῇ

1083 2464 1132 2499 μὲν
1149 2464 1275 2500 ἀόρατον,
1295 2464 1332 2495 ὼς
1347 2462 1504 2498 ἀσώματον,
1521 2462 1552 2488 ’τὸ
1567 2462 1594 2488 δὲ
1614 2459 1727 2498 ὁρατὸν,
1738 2463 1778 2494 ὡς
1790 2462 1871 2497 σῶμα.

1088 2510 1120 2537 Ἠ
1137 2510 1227 2536 τοίνυν
1257 2509 1352 2545 πρώτη
1375 2509 1446 2544 τομὴ
1472 2509 1562 2535 πάντα
1586 2509 1675 2535 ταῦτα
1700 2509 1737 2540 ὡς
1756 2509 1790 2535 ἃν
1803 2509 1871 2542 γένος

1081 2556 1223 2592 ἀφορίζειο
1253 2556 1331 2592 σῶμα
1349 2556 1448 2588 τοίνυν,
1477 2555 1557 2590 σῶμα
1587 2555 1702 2590 βλέπει·
1735 2556 1785 2582 καὶ
1814 2554 1872 2580 καθὸ

1082 2602 1172 2638 σῶμα,
1186 2603 1278 2638 ὅμοιον
1295 2603 1342 2629 καὶ
1357 2602 1487 2636 συγγενὲς
1497 2601 1528 2627 τὸ
1544 2601 1615 2636 ὁρῶν
1637 2601 1678 2636 τῷ
1699 2601 1840 2637 ὁρωμένῳ,
1852 2601 1872 2625 ει

1081 2647 1127 2672 καὶ
1145 2646 1260 2682 διάφορα
1277 2646 1379 2673 τούτων
1399 2646 1434 2672 τὰ
1450 2645 1507 2681 εἴδη
1520 2646 1565 2673 διὰ
1579 2646 1610 2673 τὸ
1628 2647 1754 2673 ποικίλον
1773 2647 1818 2673 καὶ
1834 2646 1871 2670 κί-

1082 2700 1161 2727 σμιον
1177 2692 1216 2727 τῷ
1231 2693 1322 2720 παντί.

1124 2737 1200 2764 Ἐπεί
1209 2747 1250 2765 τοι
1262 2739 1348 2773 γέλως
1364 2739 1396 2766 ἂν
1411 2739 1454 2775 εἴη
1467 2738 1569 2774 χρυσοῦ
1585 2747 1615 2766 τε
1629 2739 1663 2766 τὸ
1673 2739 1770 2772 ἄνθος,
1788 2740 1868 2769 stam;
