1900 3070
57 97 128 125 1097

605 89 790 118 ADVERSUS
809 86 1020 115 MAMCHJ‘IOS
1038 86 1101 113 [ΑΒ.
1124 85 1142 111 Ι.

1618 83 1686 110 1093

55 164 87 190 γε
107 155 251 182 κάλλιστον
264 156 296 190 τῇ
310 154 369 189 ὄψει
383 155 515 188 φαίνεται,
533 162 579 180 και
591 152 704 187 αῑθάλης
720 152 750 178 τὸ
763 152 844 177 ἀναν-

916 152 1036 183 speetum
1054 147 1146 178 habet,
1162 150 1189 173 et
1207 146 1240 173 ab
1255 154 1323 173 auro
1338 145 1440 178 dilIert,
1452 149 1479 173 et
1498 144 1570 180 quod
1588 149 1628 171 est
1640 144 1687 169 llo'

56 201 112 233 θὲς,
134 201 172 236 μὴ
187 200 326 235 ἑκάτερον,
349 200 417 234 ὅπερ
439 200 486 225 καὶ
510 199 593 230 ὅντως
615 198 684 230 ἐστὶ,
702 197 842 224 καλεῖσθαι

55 246 177 283 χρῶμα·
204 246 302 281 χρῶμα
333 246 397 281 γὰρ,
422 246 446 271 εἰ
468 245 513 271 καὶ
536 244 673 280 διάφορον,
698 243 843 278 ἑκάτερον·

55 294 117 328 ὄψις
134 293 189 329 γὰρ
204 294 220 328 ἡ
236 293 305 328 αὑτὴ
325 292 424 327 ὁμοίως
443 292 563 327 ἐκατέρῳ
577 292 709 318 κοινωνεῖ.
726 290 803 317 Οὕτω
815 290 846 325 δὴ

54 340 147 366 πάντα
161 339 196 365 τὰ
217 338 330 373 σώματα
350 339 445 374 ὁρατὰ,
465 339 488 364 εἰ
504 339 550 364 καὶ
572 337 687 372 διάφορα
706 337 745 372 τῷ
770 337 846 368 εἴδει,

55 387 158 420 ξάσκει
173 386 235 421 μέν·
251 387 275 412 εἱ
291 386 320 411 δὲ
332 385 444 420 σώματα
455 385 587 419 σωμάτων
602 384 727 419 κρείττω,
742 383 773 409 τὸ
795 392 845 409 κω-

55 431 120 457 λῦον
145 431 233 462 οὐδὲν,
265 431 335 466 πλήν
366 439 397 464 γε
425 430 538 465 σώματα
565 430 672 456 πάνταο
698 429 758 455 ὅθεν
786 428 847 454 οὐδὲ

55 477 248 512 προσκυνητον
278 477 394 511 μάλιστα
422 475 460 510 τῷ
486 475 582 509 ὁρῶντι
608 474 637 501 τὸ
671 474 778 508 ὁρατὸν,
809 471 848 503 ὡς

55 521 335 557 καταλαμϐανόμενον
353 521 418 556 πρὸς
438 521 529 548 αὑτοῦ.

896 195 985 223 ridum
997 193 1087 221 diilert
1101 201 1116 219 a
1134 193 1222 223 viridi,
1241 200 1295 218 non
1318 196 1433 226 uterque
1457 194 1613 221 vocaretur,
1640 189 1686 224 qui

900 241 928 268 in
943 248 972 267 re
987 245 1038 272 est,
1060 239 1136 266 color
1154 247 1161 265 :
1181 238 1257 265 color
1272 238 1344 264 enim
1370 241 1412 264 est
1429 240 1556 270 uterque,
1579 235 1687 261 tametsi

903 287 1027 314 diversus
1044 295 1050 311 :
1066 285 1136 311 idem
1149 284 1220 311 enim
1245 287 1372 318 aspectus
1394 291 1455 310 cum
1483 287 1599 316 utroque
1622 287 1689 307 con-

898 334 1070 370 iunctionem
1089 337 1116 361 et
1128 333 1287 360 societatem
1300 331 1391 359 habet.
1411 330 1457 358 Sic
1471 331 1561 358 omnia
1573 336 1687 364 corpora

902 385 965 408 sunt
980 379 1165 414 aspectabilia.
1179 379 1243 405 licet
1257 377 1413 404 diﬂ'crentes
1422 378 1476 404 sint
1493 377 1608 411 species.
1623 376 1688 402 Esse

898 427 988 449 autem
1012 429 1126 456 corpora
1148 421 1200 448 alia
1217 421 1279 447 aliis
1295 420 1495 455 praestantiora,
1513 419 1578 446 nihil
1594 418 1688 454 prolui-

899 469 955 499 bet,
971 468 1037 502 quin
1062 467 1153 495 omnia
1169 474 1286 502 corpora
1310 467 1366 494 sint
1386 466 1542 501 spectabilia
1558 475 1563 492 :
1580 473 1613 492 ex
1635 471 1689 499 quo

899 514 939 546 iit,
958 518 986 540 ut
1003 522 1056 540 non
1075 514 1110 540 sil.
1125 513 1198 547 quod
1215 513 1266 540 sub
1279 516 1419 547 aspectum
1440 511 1512 538 radit
1528 511 1646 538 maxime
1663 513 1690 536 et

899 560 1046 595 przecipue.
1070 558 1239 586 adorandum
1257 559 1291 585 ab
1307 567 1339 586 eo
1350 558 1396 593 qui
1414 557 1482 584 illud
1511 556 1608 588 cernit,
1628 559 1690 583 tan-

900 613 981 640 quam
994 605 1028 632 ab
1043 605 1102 640 ipso
1117 605 1355 639 comprehensum.

413 660 476 687 CAP.
498 659 579 687 XXII.
600 660 716 687 Materia
733 661 813 687 Deum
825 669 877 687 non
896 660 970 687 vidit.
985 659 1074 695 Neque
1087 660 1173 687 lumen
1185 660 1332 687 absorbuit.

92 720 128 747 Et
144 719 234 746 τοίνυν
257 716 309 746 εἶδε
329 719 359 745 τὸ
373 720 404 745 ἐκ
426 719 475 754 τῆς
495 719 590 750 οὐσίας
614 720 630 753 ὴ
646 718 695 754 ὕλη
710 718 756 745 τοῦ
773 717 851 749 Θεοῦ,
875 731 879 736 -

58 766 209 800 συγγενείᾳ
222 765 335 800 πλείστῃ
351 773 381 790 τε
404 764 449 790 καὶ
473 764 612 799 ὁμοιότητι
631 764 698 799 πρὸς
719 764 768 798 τὴν
790 763 853 789 θέαν

943 717 971 745 Si
984 719 1065 754 igitur
1082 718 1196 745 materia
1216 717 1293 748 vidit,
1312 717 1386 752 quod
1413 725 1446 744 ex
1474 717 1627 745 substantia
1644 717 1692 745 Dei

906 769 976 795 erat,
991 764 1154 799 cognatione
1171 770 1268 798 magna
1292 767 1318 789 et
1341 762 1521 790 similitudine
1545 763 1636 795 ducta,
1657 762 1692 790 ad

56 810 137 848 ἦλθε,
153 812 199 838 καὶ
211 811 285 837 οὐδὲν
301 810 379 837 πλέον
393 810 477 845 ἐχρῆν
490 810 558 845 προς
572 810 617 836 τὸν
629 810 778 837 ἀσύστατον
791 818 852 836 του-

918 811 1090 846 pectaculum
1112 810 1205 841 venit,
1229 817 1279 836 nec
1295 809 1413 844 amplius
1433 817 1502 843 opus
1524 814 1584 836 erat
1603 810 1693 838 dicere

56 858 118 883 τονὶ
135 857 218 892 μῦθον
235 857 320 883 εἰπεῖν
332 864 339 870 ·
358 858 381 882 εἰ
397 857 426 882 δὲ
448 857 494 883 καὶ
511 856 668 891 ἐπεθύμησε
689 855 736 882 τοῦ
752 856 849 888 φανέν-

57 912 116 935 τος,
135 903 165 929 τὸ
191 903 298 929 πάντων
318 902 428 938 ἄριστον
453 903 520 938 αὐτῇ
546 902 807 938 προσεμαρτύρησεν
836 903 850 928 ὁ

58 950 190 985 ἀνόητος·
213 949 250 980 ὡς
276 950 373 976 κακίαν
404 949 452 984 μὲν
469 949 553 984 ὄνομα
576 948 726 975 τεθεικέναι
752 948 850 979 δοκεῖν,

57 995 157 1021 οὐσίαν
171 994 198 1020 δὲ
219 993 323 1029 ἀγαθὴν
345 994 589 1029 προσομολογῆσαι.
609 993 640 1020 Τί
656 993 710 1029 γὰρ
727 994 766 1024 εἰς
782 993 851 1020 ἁπό-

58 1040 144 1074 ῑειξιν
170 1040 371 1075 καλοκαγαθίας
394 1041 485 1076 μεῖζον
510 1039 555 1067 τοῦ
577 1040 741 1075 ἐπιθυμῆσαι
766 1040 852 1073 τάγα-

60 1087 131 1119 θοῦ;
152 1087 184 1113 Εἰ
207 1086 235 1112 δέ
256 1095 322 1121 φησι
346 1087 392 1112 καὶ
412 1085 570 1118 ἐπελάϐετο,
591 1086 638 1112 καὶ
661 1085 798 1117 κατέπιεν,
815 1085 853 1116 ὡς

60 1133 193 1168 ἐγκύμων
219 1132 343 1167 γενέσθαι
368 1133 416 1167 τῆς
440 1132 563 1163 ἐναντίας
585 1131 632 1158 τοῦ
658 1130 725 1157 Θεοῦ
749 1131 852 1163 οὐσίας,

61 1180 113 1206 καὶ
129 1180 188 1211 ταῖς
212 1179 289 1210 ἰδίαις
315 1178 444 1213 δυνάμεσι
466 1178 616 1212 διένειμεν’·
640 1177 662 1204 ὣ
683 1179 732 1213 τῆς
757 1177 853 1211 ἀλόγου

64 1225 182 1261 μανίαςῑ
204 1225 254 1252 οὐκ
279 1223 331 1251 εἶδε
354 1225 443 1260 μόνον,
461 1224 529 1250 ἀλλὰ
549 1224 595 1250 καὶ
614 1223 787 1259 ἐπεθύμησε·
808 1224 854 1250 καὶ

62 1271 115 1298 οὐκ
139 1271 293 1307 ἐπεθύμησε
318 1271 407 1306 μόνον,
431 1270 498 1296 ἀλλὰ
525 1270 571 1296 καὶ
595 1269 726 1296 κατέπιε·
752 1269 799 1295 καὶ
824 1269 854 1295 οὐ

64 1316 181 1343 κατέπιε
201 1317 289 1351 μόνον,
310 1315 377 1341 ἀλλὰ
399 1315 446 1342 καὶ
461 1315 580 1349 κατέχει.
597 1313 689 1340 Ταῦτα
706 1314 795 1340 πάντα
809 1322 857 1340 σα-

65 1362 126 1397 φῶς
140 1362 170 1388 οὺ
187 1362 235 1397 τὴν
255 1361 430 1397 ἐναντιότητα
451 1361 499 1396 τῆς
523 1360 629 1394 φύσεως
647 1358 743 1395 ὁρίζει,
769 1359 856 1394 ἄκραν

65 1409 96 1436 δὲ
114 1408 163 1435 καὶ
175 1409 224 1444 τὴν
236 1408 365 1435 ἀνωτάτω
386 1405 544 1440 συγγένειαν
557 1405 656 1440 ἀμφοῖν
669 1404 803 1439 ὁμολογεῖ.

104 1541 168 1568 Εἴτε
196 1540 250 1576 γὰρ
278 1539 481 1574 ἀγανακτοῦσα,
506 1540 575 1575 ὅπερ
602 1538 734 1575 λογισμοῦ
758 1540 859 1574 δεῖγμα.

66 1588 208 1622 τυγχάνει,
224 1587 278 1613 εἴτε
307 1587 354 1613 καὶ
381 1586 553 1622 ἐπιθυμοῦσα
576 1586 691 1613 κατέπιε
714 1586 743 1612 τὸ
765 1586 857 1620 φανὲν,

67 1635 176 1669 φύσεως
191 1634 319 1669 ἄντικρυς
338 1634 464 1660 κοινωνία
485 1632 570 1660 ταῦτα
584 1633 682 1667 γένοιτ’
695 1634 743 1660 ἄν·
762 1633 785 1658 εἱ
805 1632 858 1668 γὰρ

68 1682 161 1715 ᾅκρως
178 1680 298 1715 ὑπῆρχεν
315 1680 433 1710 ἐναντία,
457 1679 588 1714 συνῆλθεν
610 1679 734 1714 οὐδαμῶς
749 1679 781 1705 ἂν
796 1679 860 1705 ἑκα-

69 1734 148 1762 τερα.
166 1725 203 1753 Οὐ
226 1725 328 1751 συνεῖδε
345 1725 372 1751 δὲ
393 1726 459 1760 πρὸς
474 1727 530 1756 τοῖς
545 1725 633 1756 ἄλλοις
649 1725 784 1760 βάρϐαρος
801 1724 861 1751 οὐδὲ

69 1771 160 1802 τοῦτο,
173 1771 240 1806 ὅτιή
258 1771 441 1797 ἀποσταλεῖσα
457 1770 532 1805 παρὰ
553 1770 599 1796 τοῦ
613 1770 680 1797 Θεοῦ
695 1771 820 1805 δύναμις,
836 1771 860 1796 εἰ

72 1817 123 1852 μὲν
137 1816 280 1852 ὰσὲματος
299 1815 343 1852 ἦν,
369 1816 455 1851 τομὴν
478 1816 604 1851 οὐδεμίαν
621 1816 787 1852 παρεδέξατο
812 1816 858 1843 ἄν·

71 1864 111 1894 ὡς
129 1863 259 1898 μηδαμῶς
282 1862 520 1897 καταδιαιρεθῆναι
544 1861 673 1888 δύνασθαι
688 1861 748 1888 κατ’
769 1861 862 1888 οὐσίαν

71 1911 113 1942 είς
132 1909 181 1941 τὰς
204 1909 327 1940 ἐναντίας
349 1909 484 1944 δυνάμεις,
503 1908 570 1943 μήτε
593 1907 646 1942 μὴν
658 1907 860 1942 καταποθῆναι¹

71 1956 104 1982 τὺ
119 1956 173 1991 γὰρ
190 1955 334 1990 ἀσώματον
346 1955 406 1981 τίνα
422 1955 454 1981 ἂν
470 1953 636 1988 καταποθείη
646 1953 762 1989 τρόπον;
784 1953 815 1979 El
834 1952 862 1978 δὲ

74 2001 229 2038 σωματικὴ,
246 2003 299 2028 πᾶν
316 2001 395 2037 σῶμα
408 2001 644 2036 κατατεμνόμενον
665 2000 712 2025 καὶ
728 2007 864 2034 κατακερ-

75 2049 255 2085 ματιζόμενον
272 2049 423 2084 ἀναιρεῖται
435 2048 534 2083 τρόπον
552 2047 622 2077 τινὰ,
643 2047 688 2073 καὶ
703 2046 752 2081 ζῇν
773 2046 864 2072 οὐκέτι

74 2096 187 2122 δύναται
201 2095 250 2130 τὴν
275 2095 341 2122 ἰδίαν
361 2094 444 2128 ζωήν.
465 2093 613 2129 Τοιγαροῦν
637 2093 653 2129 ἢ
673 2093 818 2128 ἀσώματος
831 2090 864 2127 ῆν

900 861 996 885 contra
1014 856 1083 884 hanc
1100 855 1231 886 fabulam,
1248 863 1306 890 qua:
1326 855 1477 882 consistere
1500 863 1554 882 non
1578 860 1667 891 potest
1684 865 1691 882 ε

904 903 926 931 si
941 910 1005 930 vero
1016 903 1098 929 etiam
1114 901 1281 929 desideravit
1292 901 1363 936 quod
1379 901 1457 932 vidit,
1476 902 1509 928 de
1530 909 1559 929 re
1571 902 1693 930 omnium

901 949 1002 983 optima
1019 947 1206 975 testimonium
1222 947 1260 973 illi
1271 945 1411 981 perhibuit
1433 947 1514 973 homo
1530 948 1648 981 stultus;
1664 951 1694 975 ut

901 993 1026 1020 videatur
1046 999 1145 1019 nomen
1175 991 1283 1026 quidem
1311 991 1443 1025 nequitia:
1468 991 1634 1026 imposuisse
1656 994 1692 1024 ei,

902 1039 1086 1067 substantiam
1117 1045 1183 1065 vero
1206 1038 1305 1065 bonam
1338 1046 1398 1065 esse
1425 1038 1511 1066 eidem
1539 1043 1696 1068 attestatns;

904 1085 975 1118 Quid
992 1086 1064 1112 enim
1078 1085 1167 1119 majus
1179 1092 1239 1111 esse
1249 1089 1356 1119 poterat
1373 1085 1406 1110 ad
1421 1085 1593 1120 probamlum
1616 1087 1695 1114 boni-

903 1136 1088 1166 tatem,quam
1113 1131 1283 1159 desiderasse
1301 1130 1506 1164 bonum?Quod
1518 1136 1607 1159 autem
1629 1133 1696 1160 dicit

904 1177 1117 1212 apprehendisse
1143 1182 1170 1204 et
1201 1177 1388 1209 absorbuisse,
1416 1181 1446 1203 ut
1477 1178 1628 1205 substantia
1648 1178 1696 1206 Dei

905 1223 1044 1250 contraria
1061 1227 1191 1258 tanquam
1213 1223 1318 1250 semine
1335 1222 1410 1250 ﬁeret
1424 1223 1546 1258 gravida,
1566 1229 1591 1251 et
1603 1223 1698 1252 distri-

906 1271 998 1298 buisse
1013 1269 1071 1297 suis
1086 1270 1267 1304 potestatibus
1286 1279 1292 1296 :
1313 1277 1330 1297 o
1349 1269 1468 1297 furorem
1489 1270 1619 1298 amentis!
1643 1278 1697 1297 non

907 1316 994 1343 solum
1011 1315 1089 1346 vidit.
1108 1315 1155 1343 sed
1175 1315 1361 1348 desideravit;
1383 1319 1410 1343 et
1428 1323 1481 1342 non
1499 1319 1605 1343 tantum
1621 1316 1697 1344 drsi-

907 1361 1025 1395 deravit,
1051 1362 1099 1389 sed
1122 1361 1280 1394 absorbuit;
1308 1367 1335 1389 et
1361 1370 1416 1389 non
1439 1362 1526 1389 solum
1545 1362 1699 1395 absorbuit,

908 1407 955 1434 sed
970 1407 1050 1434 etiam
1066 1407 1188 1435 retinuit.
1208 1407 1269 1435 llaec
1281 1407 1372 1434 omnia
1388 1408 1530 1443 perspicue
1558 1417 1613 1435 non
1633 1417 1700 1436 con-

908 1453 1021 1479 trariam
1036 1457 1162 1480 naturam
1180 1453 1328 1485 deliniant,
1347 1453 1394 1481 sed
1411 1454 1503 1488 potius
1516 1461 1649 1481 summam
1674 1458 1701 1481 et

869 1484 891 1514 θ
908 1497 1069 1524 altissimam
1086 1497 1268 1533 cognitionem
1287 1499 1429 1533 utriusque
1446 1499 1611 1527 concedunt.

946 1542 1008 1570 Sive
1020 1543 1092 1570 enim
1109 1551 1286 1575 succensens,
1297 1544 1368 1579 quod
1386 1544 1496 1579 quidem
1510 1545 1700 1573 ratiocinatio-

909 1586 954 1613 nis
971 1586 1105 1613 indicium
1124 1591 1176 1618 est,
1201 1587 1258 1614 sive
1283 1588 1442 1616 desiderans
1467 1589 1607 1617 absorbuit
1626 1591 1701 1625 quod

910 1633 990 1664 vidit,
1017 1633 1074 1660 hac
1089 1633 1169 1668 plane
1192 1634 1224 1660 ad
1243 1636 1464 1663 communitatem
1486 1640 1591 1663 naturae
1615 1637 1702 1672 perti-

911 1683 1002 1706 neant.
1018 1678 1047 1705 Si
1061 1677 1133 1706 enim
1149 1687 1255 1706 summe
1279 1680 1415 1707 contraria
1437 1677 1568 1715 fuissent,
1596 1689 1702 1717 nequa-

911 1731 992 1759 quam
1005 1728 1122 1760 utraque
1137 1725 1266 1752 coissent.
1278 1724 1311 1752 Lit
1322 1726 1375 1752 alia
1391 1726 1524 1760 omittam,
1544 1735 1633 1763 neque
1650 1728 1702 1756 hoc

912 1771 1045 1810 barbarus
1061 1770 1187 1802 advertit,
1205 1771 1277 1806 quod
1298 1776 1419 1807 potestas
1439 1779 1454 1799 a
1469 1772 1524 1800 Deo
1541 1773 1636 1807 missa,
1662 1774 1702 1801 si-

912 1817 1020 1851 quidem
1038 1817 1197 1851 incorporea
1220 1823 1289 1845 erat.
1306 1819 1406 1844 nullam
1417 1818 1599 1853 {partitionem
1624 1826 1702 1846 rece-

912 1862 1008 1897 pisset.
1020 1866 1050 1888 ut
1066 1863 1141 1889 nullo
1156 1863 1236 1890 modo
1255 1867 1346 1898 posset
1369 1863 1453 1890 dividi
1468 1864 1618 1891 secundum
1637 1865 1702 1892 sub—

914 1908 1042 1934 stantiam
1059 1908 1086 1934 in
1102 1909 1255 1936 contrarias
1271 1913 1429 1944 potestates,
1449 1917 1481 1937 ac
1497 1910 1583 1937 multo
1608 1910 1702 1937 minus

914 1953 1054 1980 absorberi
1068 1963 1074 1980 :
1088 1953 1160 1989 quod
1174 1955 1246 1981 enim
1261 1963 1357 1990 expers
1369 1956 1492 1991 corporis
1506 1960 1558 1990 est,
1582 1964 1701 1992 quonam

914 1999 996 2026 modo
1018 2000 1214 2028 absorbeatur?
1238 2000 1265 2028 Si
1292 2010 1356 2029 vero
1378 2010 1509 2038 corporea
1527 2009 1597 2035 erat.
1621 2011 1702 2030 omne

915 2053 1015 2081 corpus
1025 2050 1130 2073 sectum
1148 2052 1174 2074 et
1190 2047 1216 2074 in
1230 2047 1319 2074 frusta
1336 2049 1463 2083 partitum
1484 2049 1602 2084 quodam
1621 2048 1702 2076 modo

916 2093 985 2127 perit
1000 2096 1027 2119 et
1041 2100 1094 2119 non
1110 2097 1200 2128 potest
1217 2094 1299 2120 vitam
1325 2102 1402 2121 suam
1424 2095 1525 2122 vivere.
1551 2095 1636 2129 Igitur
1660 2096 1703 2124 vel

74 2143 92 2177 ἡ
109 2141 294 2168 ἀποσταλεῖσα
312 2141 385 2176 παρὰ
403 2140 448 2168 τοῦ
464 2140 567 2175 ἀγαθοῦ
585 2140 709 2175 δύναμις,
728 2139 774 2164 καὶ
785 2138 849 2164 οὺδα

917 2138 1078 2172 incorporea
1107 2142 1164 2164 erat
1192 2142 1314 2173 potestas
1334 2147 1349 2165 a
1373 2139 1444 2166 bono
1470 2140 1567 2171 missa,
1580 2144 1607 2167 et
1627 2141 1702 2167 nullo

76 2188 135 2223 μῶς
155 2186 217 2213 οῦτε
239 2187 386 2221 κατεπόθη,
409 2186 470 2213 οὔτε
492 2185 531 2218 εἰς
546 2186 658 2217 πολλοὺς
679 2185 801 2221 διῃρέθη,
817 2185 863 2211 καὶ

73 2233 222 2265 πέπαυται,
236 2232 282 2259 καὶ
300 2232 371 2258 οὕτω
386 2233 522 2263 παντελῶς
537 2232 550 2258 ὀ
569 2231 651 2266 μῦθος
663 2240 669 2246 ·
686 2231 702 2266 ἢ
719 2230 861 2266 σωματική

73 2287 116 2310 τις
126 2278 258 2313 ἐτύγχανε
272 2278 318 2304 καὶ
333 2277 465 2314 ἀνῄρηται
479 2279 578 2312 πάντη,
597 2278 642 2304 καὶ
659 2277 780 2303 ἀπόλωλε
794 2276 863 2312 πρὸς

72 2325 124 2358 τῆς
149 2324 257 2356 κακίας,
283 2325 352 2359 ὅπερ
370 2324 428 2350 ἐστὶ
454 2320 641 2359 χαλεπῶτερον
663 2325 701 2354 είς
723 2322 799 2358 ὕϐριν
815 2322 861 2349 τοῦ

72 2369 195 2403 ἀγαθοῦ·
221 2370 320 2404 μᾶλλον
342 2369 370 2396 δὲ
387 2370 565 2405 ἰσχυρώτερον
584 2371 624 2401 εἰς
644 2369 796 2404 ἁνασκευὴν
815 2368 861 2394 τοῦ

72 2414 164 2451 μύθου
177 2423 184 2430 ·
201 2415 280 2449 σῶμα
294 2415 348 2450 γὰρ
359 2416 418 2442 καθ’
436 2415 515 2441 ἑαυτὸ
531 2414 664 2450 διαιρεθὲν
675 2415 721 2441 καὶ
736 2414 864 2450 διασκορ-

70 2459 183 2492 ττισθὲν,
197 2459 268 2495 (νοῦς
279 2460 333 2495 γὰρ
344 2461 373 2486 οὺ
387 2460 551 2496 διαιρεῖται).
561 2460 638 2487 ποίαν
649 2460 704 2496 ἔχει
714 2460 762 2495 τὴν
777 2461 862 2495 ἰσχὺν,

69 2505 148 2532 ὥστε
161 2506 320 2532 ὑποτάττειν
335 2506 384 2542 τὴν
395 2506 502 2537 κακία-ι,
518 2506 548 2532 τὸ
563 2506 696 2542 τοσαύτην
714 2515 742 2540 γε
762 2506 864 2541 βλάϐην

70 2553 123 2579 καὶ
141 2551 219 2587 ῦόριν
235 2554 275 2585 εἰς
287 2553 336 2589 τὴν
358 2553 425 2579 ἰδίαν
449 2553 527 2587 φύσιν
541 2553 696 2588 ὑπομεῖναν,
718 2553 754 2584 ὡς
771 2553 865 2586 ἠφανί-

71 2598 141 2624 σθαι
156 2599 202 2624 καὶ
217 2599 384 2626 ἀπολωλέναι
404 2599 491 2625 δοκεῖν
505 2607 511 2631 ;
526 2598 603 2624 τοῦτο
623 2599 677 2634 γὰρ
694 2599 759 2625 ἴδιον
778 2599 867 2633 σώμα-

67 2651 122 2675 τος
144 2644 391 2679 κατατεμνομὲνου.

917 2184 998 2210 modo
1013 2184 1140 2218 absorpta
1154 2188 1205 2216 est,
1224 2192 1273 2211 nec
1290 2185 1317 2212 in
1335 2185 1435 2212 multos
1445 2185 1533 2213 divisa
1549 2190 1600 2216 est,
1619 2190 1704 2220 atque

917 2230 954 2256 ita
972 2238 1004 2257 ex
1021 2234 1078 2256 toto
1103 2230 1192 2257 fabula
1209 2230 1315 2257 sublata
1333 2235 1375 2258 est
1392 2241 1398 2257 :
1421 2231 1463 2258 vel
1480 2238 1611 2266 corporea
1630 2239 1703 2266 quaa—

917 2275 978 2302 dam
997 2280 1117 2311 potestas
1137 2280 1206 2308 erat,
1223 2281 1249 2304 et
1269 2285 1283 2303 a
1302 2277 1421 2312 nequitia
1442 2277 1531 2304 deleta
1551 2281 1594 2304 est
1621 2281 1648 2304 et
1665 2278 1704 2304 in—

917 2322 1024 2348 teritum
1041 2322 1132 2357 cepit;
1148 2322 1275 2357 quodest
1295 2323 1328 2349 ad
1344 2323 1536 2349 contumeliam
1553 2321 1599 2349 Dei
1615 2322 1702 2349 scele-

916 2367 1012 2398 ratius,
1025 2368 1090 2402 quin
1104 2369 1195 2403 potius
1210 2368 1243 2394 ad
1253 2368 1421 2394 aversionem
1434 2367 1532 2394 fabulae
1546 2367 1680 2394 valentius
1695 2376 1701 2394 :

916 2420 1016 2447 corpus
1028 2413 1101 2440 enim
1116 2421 1164 2448 per
1174 2421 1203 2441 se
1215 2413 1329 2440 divisum
1342 2418 1368 2440 et
1379 2413 1539 2447 dissipatum
1549 2420 1580 2438 ac
1595 2413 1703 2446 disper-

916 2466 975 2486 sum
991 2459 1079 2494 (mens
1093 2461 1163 2488 enim
1173 2468 1226 2487 non
1239 2459 1389 2494 dividitur),
1403 2467 1471 2494 quas
1486 2460 1557 2487 vires
1573 2460 1652 2486 habet
1669 2457 1703 2486 ad

917 2505 1094 2540 subigendam
1110 2506 1270 2540 nequitiam,
1284 2506 1354 2541 quod
1377 2509 1481 2532 tantum
1508 2505 1701 2532 detrimentum

917 2555 944 2578 et
960 2552 1153 2578 contumeliam
1181 2552 1208 2579 in
1232 2557 1358 2579 naturam
1380 2552 1516 2587 propriam
1537 2552 1654 2586 accepit,
1674 2554 1704 2578 ut

918 2596 1044 2623 videatur
1057 2599 1176 2625 deletum
1193 2606 1253 2626 esse
1268 2603 1295 2626 et
1314 2598 1467 2626 interiisse?
1483 2599 1533 2626 hoc
1549 2598 1622 2625 enim
1642 2604 1705 2625 cor-

918 2643 993 2677 poris
1004 2643 1083 2671 divisi
1098 2645 1237 2679 proprinm
1255 2650 1306 2673 est.

353 2701 417 2729 Car.
441 2700 532 2728 XXIII.
554 2701 622 2728 Deus
637 2700 813 2727 substantiam
830 2707 906 2726 suam
923 2707 974 2726 non
990 2700 1073 2728 misit.
1087 2699 1180 2727 Mane:
1200 2702 1226 2728 in
1244 2701 1330 2729 Deum
1341 2702 1440 2736 larens.

113 2758 151 2785 Τὸ
171 2758 199 2784 δὲ
218 2757 250 2793 δὴ
273 2757 511 2793 παραλογώτερον,
541 2758 565 2783 εἰ
586 2757 701 2792 θελήσας
725 2756 792 2787 Θεὸς
817 2757 868 2791 γῆν

69 2804 218 2838 ἐξελέσθαι
242 2803 291 2838 τῆς
310 2804 417 2835 κακίας,
440 2803 471 2830 τὸ
493 2804 524 2830 ἐκ
541 2804 589 2838 τῆς
612 2803 678 2834 ἰδίας
696 2803 802 2837 φύσεως
821 2811 869 2837 γυ-

162 2851 298 2883 iumen.
315 2851 373 2881 Gn.
391 2850 493 2880 XVlll

958 2755 1035 2788 Quod
1053 2761 1143 2784 autem
1158 2757 1293 2785 amentius
1312 2764 1362 2791 est,
1378 2758 1401 2787 si
1413 2766 1474 2787 cum
1491 2758 1621 2785 voluisset
1635 2757 1704 2784 Deus

927 2806 1026 2830 terram
1039 2802 1144 2837 eripere
1161 2803 1300 2838 nequitize,
1321 2811 1355 2831 ex
1372 2809 1468 2832 natura
1486 2804 1596 2839 propria
1616 2803 1707 2831 emisit

1530 2851 1568 2880 35
