1900 3070
32 115 86 154 uti);

29 182 154 215 δυνάμεις·
173 179 320 214 αὐξηθεῖσα
342 180 430 207 τοίνυν
444 181 570 214 ἀνήγετο,
583 180 632 206 οὐκ
654 180 739 206 εἰδυῖα
755 180 802 206 τοῦ
818 189 839 215 Α

29 226 114 262 ἀγειθοῦ
130 226 179 261 τὴν
196 226 323 262 ὕπαρξιν.
337 227 380 258 Ὠς
397 226 425 253 δὲ
437 226 482 252 ἐπὶ
495 225 574 252 πλέον
589 225 735 260 ἀναχθεῖσαι
747 223 800 251 εἶδε

30 276 68 310 τὴν
83 273 129 308 γῆν
141 281 170 299 τε
188 273 237 299 καὶ
254 273 283 299 τὸ
296 272 353 306 φῶς
365 272 412 299 τοῦ
426 271 540 306 ἀγαθοῦ,
556 271 683 307 ἐπιϐῆναι
694 272 750 302 τοῖς
764 271 801 306 μὴ

31 322 92 351 ιδίοις
103 321 245 355 ἐπιχειρεῖ·
254 320 267 346 ό
282 319 309 345 δὲ
322 319 422 353 ἀγαθὸς
429 318 542 353 δύναμιν
557 318 715 345 ἀποστέλλει
726 317 799 350 τινὰ,

31 365 96 403 in}.
118 366 202 400 ονομα
223 365 254 391 τὺ
277 365 354 398 δόξαν
373 364 446 399 αὺτῷ
468 363 616 399 ἐπιτίθησι,
635 364 802 398 φυλάξουσαν

31 413 70 447 μὲν
88 411 164 446 δῆθεν
178 412 242 442 τοὺς
261 411 350 447 ὅρους,
364 411 396 437 τὸ
410 410 432 436 δ’
449 410 547 445 ἀληθὲς
561 410 655 446 δέλεαρ
673 410 804 445 ἐσομένην

32 459 63 489 εἱς
77 457 196 484 ἀκούσιον
208 458 242 492 τῇ
255 457 306 493 ὕλῃ
315 457 504 492 σωφρονισμόν
518 465 523 471 ·
540 457 554 482 ὃ
575 457 607 491 δὴ
630 457 676 483 καὶ
697 456 803 490 γέγονε.

31 503 172 537 Θεασαμένη
186 529 189 533 ,
203 502 258 538 γὰρ
282 504 299 538 ἡ
324 503 372 538 ὖλη
399 502 447 538 τὴν
467 503 664 529 ἀποσταλεῖσαν
690 503 804 538 δύναμιν

33 548 212 584 προσεκίσσησε
224 549 282 583 μὲν,
289 548 326 580 ὡς
334 549 361 575 δὲ
369 549 416 584 (7')
424 548 578 584 ἐρασθεῖσα·
587 550 660 584 ὁρμὴ
667 549 695 575 δὲ
704 549 805 575 πλείονι

33 593 134 620 λαῦοὖσα
155 594 258 629 ταύτην
285 595 414 620 κατέπιε·
434 595 481 622 καὶ
509 595 587 630 ἐδέθη
612 596 709 631 τρόπον
735 595 805 627 τινὰ,

33 640 110 674 ὥσπερ
123 639 226 675 θηρίον.
244 641 399 676 Κέχρηνται
417 641 470 677 γὰρ
486 642 532 668 καὶ
550 641 616 676 τῷδε
626 642 664 677 τῷ
680 641 806 676 ὑποδείγ-

35 695 95 720 ματι,
117 685 154 716 ὡς
183 686 216 712 δι’
243 686 349 721 ὲπῳδῆς
368 686 418 721 τῆς
445 688 644 722 ἀποσταλείσης
666 687 807 722 δυνάμεως

34 732 170 766 ὲκοιμίσθη.
190 732 288 765 Γέγονε
314 732 401 758 τοίνυν
425 733 497 767 μίξις
520 734 566 759 καὶ
590 734 688 768 κρᾶσις
702 733 805 762 τοῦτον.

35 777 97 812 emi,
113 777 155 803 τὸν
170 778 272 813 τρόπον
287 779 336 813 τῆς
351 787 379 804 τε
398 779 600 814 καταποοείσης
611 778 751 813 δυνάμεως
761 778 807 805 τοῦ

36 822 121 857 ἀγαθοῦ
152 823 198 849 καὶ
223 823 272 858 τῆς
300 824 487 859 καταπιοὺσης
511 824 591 859 ὕλης·
614 825 661 851 καὶ¹
679 824 765 856 οὕτως
779 823 807 857 ἐξ

35 870 118 903 ἀμφοῖν
132 869 338 904 ὲδημιουργήθη
355 869 414 896 τόδε
432 871 496 898 πᾶν.
513 870 566 896 ὑπὸ
581 870 627 896 τοῦ
644 870 746 905 ἀγαθοῦ
762 870 809 906 δη-
825 861 846 888 Β

35 913 98 949 λαδὴ·
122 915 151 940 οὑ
164 914 220 950 γὰρ
239 915 272 942 ἂν
289 915 454 950 προύνόησεν
475 917 491 950 ἡ
514 916 597 942 κακία
612 916 715 951 κόσμου
734 916 809 950 γενέ-

37 969 101 992 σεως,
115 961 255 988 Ἐντεῦθεν
270 961 298 987 δέ
315 970 379 996 φασι
396 962 430 988 τὰ
445 962 494 997 μὲν
511 962 612 996 ἀγαθὰ,
631 962 663 989 τὰ
677 962 706 988 δὲ
725 964 808 995 κακὰ,

36 1006 75 1041 τῆς
86 1007 205 1042 κράσεως
223 1008 330 1043 ἐκείνης
352 1009 399 1034 καὶ
415 1008 466 1043 τῆς
481 1009 590 1035 συνόδου
607 1009 663 1035 τοῖν
681 1007 753 1035 δυοῖν
767 1008 810 1035 διὰ

37 1053 76 1087 τῆς
90 1053 271 1089 ἐναντιότητος
291 1054 346 1080 τῶν
365 1054 428 1090 τῇδε
451 1055 621 1090 πραγμάτων
645 1055 811 1090 ἐμφαινομέ-

38 1107 84 1133 urg.

546 123 732 152 ADVERSUS
753 123 966 152 numerosos
982 123 1044 152 LIB.
1066 111 1096 152 If

1569 125 1638 154 1086

855 189 887 208 ac
916 181 1015 209 multas
1040 184 1193 216 potestates
1220 181 1409 217 producebat;
1443 185 1523 208 aucta
1557 183 1640 217 igitur

854 227 1019 255 evchehatur
1045 227 1172 255 nesciens
1191 228 1369 254 substantiam
1393 227 1468 255 boni.
1490 227 1638 264 Postquam

853 281 919 300 vero
940 273 1027 308 magis
1048 276 1139 300 evecta
1155 273 1230 300 novit
1241 278 1339 300 terram
1357 279 1384 309 et
1398 275 1490 302 lumen
1506 275 1580 305 boni.
1597 275 1640 301 niw

855 320 962 346 tebatur
986 319 1135 347 ascendere
1153 319 1186 346 ad
1204 327 1235 346 ea
1252 327 1313 355 qua!
1333 328 1386 348 non
1404 324 1481 348 erant
1503 321 1613 356 propria
1630 330 1637 348 :

854 365 946 393 Bonus
965 372 1030 392 vero
1054 368 1216 400 potestatem
1239 365 1384 400 quamdam
1403 366 1496 398 miltit,
1521 368 1564 394 cui
1587 374 1638 394 no-

855 419 916 438 men
935 411 1008 446 quod
1024 411 1048 438 ei
1063 411 1150 438 visum
1164 416 1215 444 est,
1232 411 1357 447 imponit,
1373 412 1569 440 custodituram
1585 413 1640 440 sci—

856 458 919 484 licet
931 457 1100 493 prmscripta.
1114 465 1144 484 re
1161 463 1253 484 autem
1267 465 1331 485 vera
1349 457 1467 484 futuram
1482 458 1534 493 ipsi
1555 462 1640 485 mate~

859 505 907 531 ria:
924 503 1079 531 illecebram
1098 507 1125 531 et
1148 503 1357 531 invitamentum
1378 503 1410 530 ad
1427 503 1639 531 moderationem

857 549 919 583 ejus
945 555 969 575 α·
984 548 1124 574 voluntate
1150 547 1276 574 alienam.
1303 547 1380 580 Quod
1405 546 1513 581 quidem
1540 547 1640 573 factum

857 599 898 622 est
918 603 924 620 :
942 602 1004 622 eum
1026 594 1098 621 enim
1122 593 1237 621 vidisset
1261 594 1373 620 materia
1396 596 1558 628 potestatem
1576 592 1642 619 mis-

858 649 917 668 sam
937 641 1015 676 quasi
1039 640 1179 672 adamans,
1201 640 1357 674 concupivit
1379 639 1488 674 quidem
1508 646 1578 671 eam,
1594 638 1642 666 sed

858 687 1013 714 ardentiore
1029 686 1147 721 appetitu
1165 685 1327 720 prehensam
1351 685 1503 715 absorbuit,
1526 689 1552 712 et
1573 691 1642 719 quo—

859 730 920 756 dam
938 730 1020 757 modo
1049 734 1178 764 tanquam
1206 729 1294 756 bellua
1315 729 1395 764 ligata
1413 733 1464 756 est.
1491 729 1538 756 Usi
1554 731 1643 756 autem

860 781 924 804 sunt
946 775 999 803 hoc
1027 776 1171 810 exemplo,
1194 779 1322 809 tanquam
1353 775 1479 802 cautione
1502 774 1645 810 potestatis

860 822 950 848 missae
964 821 1081 855 sopitam
1098 829 1168 848 esse.
1186 819 1268 847 Facta
1287 821 1372 855 igitur
1383 824 1435 853 est,
1450 821 1537 852 aiunt,
1551 819 1645 847 mistio

861 871 888 894 et
904 867 1063 901 temperatio
1083 866 1115 893 ad
1136 867 1209 893 hunc
1227 866 1357 899 modum;
1374 866 1556 901 absorptaque
1566 870 1645 900 pote-

861 916 930 941 state
946 912 1021 944 boni,
1043 916 1070 940 et
1096 912 1209 939 materia
1235 911 1398 939 absorbente
1416 911 1456 938 sic
1477 919 1509 938 ex
1531 915 1646 946 utraque

862 958 1026 985 fabricatum
1046 965 1107 985 esse
1133 958 1302 990 universum,
1318 965 1333 983 ιι
1351 957 1422 984 bono
1445 956 1572 986 scilicet:
1591 964 1646 983 non

861 1004 934 1032 enim
961 1004 1063 1030 malum
1088 1003 1206 1038 providit
1232 1006 1321 1030 ortum
1346 1002 1451 1029 mundi.
1475 1001 1544 1028 Hinc
1569 1001 1647 1028 aiunt

863 1051 916 1078 alia
932 1051 1041 1086 quidem
1064 1049 1135 1078 bona
1158 1057 1236 1081 esse,
1260 1049 1313 1076 alia
1327 1057 1391 1077 vero
1411 1049 1490 1081 mala,
1513 1048 1584 1075 facta
1599 1049 1648 1075 mi;

864 1097 955 1125 stione
972 1096 1018 1123 illa
1031 1100 1058 1123 et
1071 1095 1186 1122 duorum
1199 1095 1271 1122 coitu
1289 1102 1337 1129 per
1346 1095 1400 1121 vim
1419 1094 1583 1121 contrariam
1603 1101 1648 1121 rc-

861 1151 934 1175 rum,
947 1149 1007 1177 quae
1017 1142 1062 1169 hic
1077 1146 1150 1169 sunt.

213 1192 280 1219 Cir.
298 1191 367 1218 XIII.
386 1193 482 1219 Anima
498 1201 514 1218 α
529 1191 594 1218 bona
613 1192 753 1226 principio,
770 1200 786 1218 (ι
805 1190 875 1218 malo
890 1193 977 1216 autem
990 1195 1094 1222 corpus,
1111 1187 1252 1214 secundum
1273 1185 1443 1213 Manio/neos.

78 1229 244 1273 "figam-5}.
257 1239 344 1274 ψυχὴν
359 1239 408 1274 μὲν
428 1239 539 1266 ἃπασαν
555 1237 623 1265 εἷναι
638 1230 687 1274 τῆς
703 1238 811 1274 μερίδος

39 1282 76 1309 τοῦ
89 1284 195 1317 ἀγαθοῦ.
213 1284 295 1320 σῶμα
313 1286 341 1312 δὲ
359 1286 405 1312 καὶ
422 1285 470 1319 τὴν
493 1285 591 1321 σάρκα,
610 1285 659 1320 τῆς
681 1284 757 1320 ὕλης,
772 1283 812 1319 πὴ

41 1330 80 1363 μὲν
95 1330 259 1366 κατέχουσαν
271 1331 309 1363 ὡς
325 1333 354 1357 ἐν
368 1332 464 1367 εἱρκτῇ
475 1331 524 1367 τὴν
539 1331 639 1366 ψυχὴν,
655 1330 693 1366 πὴ
705 1331 734 1357 δὲ
745 1339 811 1356 κατ-

40 1375 154 1410 εχομένην
174 1375 211 1407 ὡς
236 1375 328 1411 θηρίον
348 1376 414 1411 πρὸς
427 1376 476 1411 τῆς
492 1376 609 1411 ἐπῳδῆς.
625 1375 702 1402 Οὕτω
717 1376 765 1411 μὲν
781 1374 813 1410 δὴ

41 1421 203 1456 σοφισάμενος
226 1422 275 1457 τὴν
296 1421 362 1457 ὕλην
382 1423 396 1448 ὁ
413 1423 515 1457 ἀγαθὸς
544 1423 656 1458 κόσμου,
675 1423 752 1457 φησὶ,
768 1422 813 1456 γέ-

41 1476 90 1500 γονε
104 1468 280 1504 δημιουργός·
300 1469 350 1494 οὐκ
372 1468 556 1503 ὰντιποιηθείς
577 1477 609 1502 γε
626 1468 672 1494 τοῦ
684 1468 814 1503 δημιουρ-
827 1479 849 1508 C

42 1512 110 1546 γῆσαι
133 1513 212 1540 αὐτὸν
234 1513 402 1548 (ἀνθίσταται
419 1514 473 1549 γὰρ
494 1514 590 1549 αὐτῷ),
609 1514 676 1541 ἀλλὰ
699 1514 742 1540 διὰ
765 1513 813 1548 τὴν

42 1558 209 1586 ἐπανάστασιν
224 1560 275 1594 τῆς
289 1559 400 1591 κακίας,
419 1561 451 1595 ἣν
479 1561 652 1596 σωφρονῆσαι
674 1559 796 1595 διενοήθη
806 1568 812 1573 ·

42 1604 66 1630 οὗ
86 1606 169 1640 μέντοι
193 1606 290 1640 γέγονε
309 1606 420 1632 δυνατὸν
439 1605 540 1638 ἐξελεῖν
564 1607 614 1641 τῆς
642 1606 741 1637 κακίας
761 1605 814 1631 τῶν

43 1652 194 1687 φαινομένων
217 1652 388 1688 πραγμάτων
410 1652 455 1678 τὸν
478 1652 526 1683 ἰὸν,
540 1652 653 1678 ἕπεσθαι
675 1652 703 1678 δὲ
724 1651 815 1677 τοῦτον

43 1696 198 1732 δ;ικνύμενον
220 1701 253 1726 ὲκ
270 1699 319 1734 τῆς
338 1699 450 1731 ἀταξίας
471 1698 517 1725 καὶ
533 1698 592 1733 τῆς,
606 1698 642 1728 ὡς
656 1697 814 1732 ὑπείληφεν,

44 1742 184 1779 ἀνισότητος
196 1745 252 1772 τῶν
268 1745 328 1772 καθ’
339 1747 423 1781 ἡμᾶς,
438 1745 532 1771 τοῦτον
547 1745 596 1780 μὲν
610 1743 743 1774 πλουτεῖν,
755 1742 816 1769 τοῦ-

43 1796 80 1814 τον
102 1790 129 1816 δὲ
146 1791 285 1818 πένεσθαι·
306 1792 412 1818 καὶτὸν
431 1791 479 1826 μὲν
502 1790 628 1822 εὐδοξεῖν.
646 1789 691 1816 τὸν
706 1789 734 1815 δὲ
756 1789 817 1816 ἁδο-

45 1833 89 1865 ξ;ῖν
98 1843 104 1849 ”
118 1836 163 1863 καὶ
178 1837 230 1864 ὅσα
243 1837 366 1864 τοιαῦτα.
382 1837 418 1863 Τό
435 1845 464 1863 τε
478 1836 510 1872 δὴ
524 1835 739 1870 σπουδαζόμενὸν
759 1829 817 1861 ἐστι

44 1881 76 1916 ’ιῷ
89 1883 177 1918 ἀγαθῷ
193 1884 243 1920 τὴν
265 1883 354 1919 ψυχὴν
374 1882 555 1918 ἐλευθερῶσαι
574 1881 623 1916 τῆς
639 1881 754 1912 κακίας’
771 1881 818 1907 καὶ

44 1928 131 1964 ταύτην
155 1930 286 1965 ἀντλῆσαι
304 1930 404 1965 τρόπον
419 1929 480 1957 τινὰ
494 1929 525 1955 ἐκ
535 1928 583 1963 τῆς
598 1927 662 1962 ὓλης
672 1935 679 1942 ’
696 1926 775 1953 τοῦτο
791 1926 819 1952 δὲ

46 1973 169 2006 γίγνεσθαι
184 1975 228 2001 διὰ
245 1975 294 2010 τῆς
310 1975 422 2011 σελήνης
437 1973 621 2008 αὐξανομένης
628 1981 656 1998 τε
667 1972 714 1998 καὶ
727 1980 818 2007 μειου-

47 2019 127 2054 μένης,
141 2021 177 2053 ὡς
192 2022 259 2057 ὁρᾷν
276 2021 407 2056 δοκοῦμεν
423 2022 504 2056 ἡμεῖς
514 2029 520 2034 ·
535 2020 566 2046 τὸ
579 2019 632 2054 γὰρ
644 2018 751 2053 ἀληθὲς,
768 2027 820 2053 φη-

47 2065 91 2096 σὶν,
105 2066 194 2101 ὑδρίας
211 2067 313 2102 τρόπον
330 2066 399 2098 αὑτὴ
422 2065 614 2101 πληρουμένη,
639 2065 671 2090 ὲκ
690 2064 738 2098 τῆς
756 2072 821 2090 κατ-

47 2111 165 2147 εχομένης
179 2113 273 2144 οὐσίας
288 2113 328 2143 εἰς
342 2112 373 2138 τὸ
388 2111 518 2147 ὁμογενὲς
530 2109 630 2144 ἀγαθὸν
641 2109 780 2135 κενοῦ-ται·
796 2109 819 2135 εἰ

47 2155 93 2190 γὰρ
106 2157 197 2193 καὶμὴ
219 2158 324 2189 τούτοις
343 2165 374 2191 γε
387 2158 443 2188 τοῖς
457 2157 586 2193 ῥήμασιν,
603 2155 670 2182 ἀλλά
687 2163 719 2189 γε
734 2155 819 2181 ταῦτα

49 2199 156 2233 βούλεται
169 2203 268 2237 λέγειν,
279 2203 350 2238 ἆπερ
362 2202 611 2237 εὐσχημονέστερον
622 2200 692 2228 πάνυ
705 2209 736 2234 γε
751 2201 820 2235 πρὸς

48 2245 114 2278 ἡμῶν
137 2249 257 2284 εἴρηται·
285 2247 410 2274 πλεῖστον
437 2246 491 2283 γὰρ
521 2247 582 2272 ὅσον
609 2246 671 2281 παρ’
698 2245 771 2280 αὐτῷ
790 2246 819 2272 τὸ

49 2289 175 2320 ἀλλόκοτον
190 2295 219 2320 ἐν
233 2295 266 2329 τῇ
284 2294 406 2330 διηγήσει
419 2293 466 2320 καὶ
478 2293 508 2319 τὸ
523 2292 663 2319 ἀπίθανον.

900 1235 1024 1263 Decernit
1038 1237 1129 1261 autem
1152 1241 1259 1260 omnem
1276 1232 1384 1267 quidem
1405 1232 1522 1259 animam
1538 1239 1598 1259 esse
1614 1239 1647 1258 ex

865 1288 940 1318 parte
953 1281 1018 1309 boni
1038 1289 1045 1314 ;
1061 1287 1161 1315 corpus
1175 1286 1240 1307 vero
1257 1282 1284 1305 et
1297 1285 1407 1305 carnem
1424 1285 1455 1305 ex
1471 1281 1547 1312 parte
1559 1281 1647 1304 mate-

865 1326 913 1355 ria:
935 1336 940 1353 :
959 1329 986 1353 et
1005 1325 1060 1359 jam
1077 1323 1186 1359 quidem
1205 1331 1306 1358 corpus
1326 1322 1443 1350 animam
1465 1326 1596 1357 tanquam
1620 1323 1649 1349 in

865 1380 976 1399 carcere
999 1371 1142 1403 detinere;
1163 1370 1219 1403 jam
1233 1377 1298 1398 vero
1323 1369 1440 1396 animam
1457 1369 1572 1397 detineri
1589 1374 1650 1396 Ian-

867 1425 947 1452 quam
960 1417 1077 1444 bclluam
1093 1424 1108 1443 a
1122 1415 1258 1442 cautione.
1274 1414 1319 1441 Sic
1333 1415 1420 1441 bonus
1432 1422 1493 1441 cum
1509 1414 1649 1441 materiam

867 1462 1030 1497 decepisset,
1050 1460 1156 1491 mundi,
1181 1459 1280 1494 inquit.
1305 1458 1396 1485 factus
1414 1462 1456 1486 est
1479 1458 1649 1486 fabricator:

865 1515 921 1535 non
947 1507 1057 1542 quidem
1085 1505 1158 1541 quod
1187 1506 1275 1540 ipsum
1301 1504 1430 1532 fabricari
1455 1503 1650 1535 desiderasset,

865 1554 969 1582 resistit
989 1553 1062 1580 enim
1086 1553 1121 1582 ei.
1145 1551 1192 1578 sed
1220 1555 1331 1586 propter
1356 1550 1518 1577 seditioriem
1539 1558 1554 1576 a
1580 1550 1652 1576 man

865 1599 1023 1630 excitatam,
1033 1604 1113 1632 quam
1127 1597 1263 1632 corrigere
1273 1601 1300 1623 et
1313 1595 1446 1623 moderari
1463 1596 1629 1630 cogitaverat
1643 1604 1651 1627 ;

866 1654 921 1673 non
945 1649 1035 1672 tamen
1060 1643 1118 1670 ﬁeri
1138 1643 1271 1677 potuisse,
1287 1646 1316 1668 ut
1332 1649 1465 1669 venenum
1491 1642 1555 1668 mali
1578 1642 1652 1676 quod

866 1697 909 1719 est
934 1691 962 1718 in
987 1691 1070 1718 rebus
1093 1697 1161 1724 quas
1179 1689 1314 1721 videmus,
1341 1687 1553 1719 extraheretur;
1574 1687 1651 1722 sequi

866 1745 932 1766 vero
943 1737 1008 1769 hoc,
1024 1740 1054 1763 ut
1070 1735 1172 1771 opinati
1188 1737 1261 1765 sunt,
1279 1741 1311 1760 ex
1326 1733 1530 1768 perturbatione
1547 1733 1654 1759 ordinis

868 1787 894 1810 ct
915 1789 950 1810 ex
975 1782 1160 1817 inmqualitate
1184 1787 1274 1807 rerum
1291 1782 1448 1806 nostrarum
1475 1782 1556 1814 atque
1580 1779 1652 1805 hune

868 1829 978 1864 quidem
999 1828 1110 1855 divitem
1130 1834 1201 1858 esse,
1219 1825 1296 1853 illum
1314 1832 1376 1852 vero
1391 1832 1560 1859 pauperem;
1577 1824 1650 1851 hunc

869 1875 1030 1911 gloriosum,
1060 1874 1137 1901 illum
1165 1873 1359 1900 inhonoratum
1387 1875 1414 1898 et
1439 1869 1594 1905 inglorium,
1625 1874 1654 1897 (ιι

869 1928 1040 1957 quascunque
1066 1920 1130 1947 talia
1158 1921 1230 1946 sunt.
1262 1917 1388 1945 Studium
1416 1924 1481 1943 vero
1502 1916 1564 1944 honi
1592 1923 1653 1943 esse

870 1968 985 1995 liberare
1000 1966 1119 1993 animam
1136 1973 1151 1991 a
1169 1965 1251 1998 malo,
1267 1968 1293 1992 et
1304 1964 1374 1990 hanc
1389 1962 1506 1998 quodam
1524 1961 1605 1988 modo
1619 1969 1653 1988 ex

870 2014 982 2041 materia
997 2011 1142 2040 exhaurire
1172 2019 1179 2038 ε
1210 2010 1262 2037 hoc
1296 2014 1387 2037 autem
1411 2008 1470 2036 ﬁeri
1490 2015 1538 2042 per
1562 2007 1652 2034 lunam

871 2063 1038 2086 crescentem
1059 2061 1086 2083 cl.
1110 2056 1327 2086 decrescentem,
1353 2057 1382 2081 ut
1400 2061 1451 2081 nos
1467 2053 1561 2080 videre
1579 2052 1656 2079 vidc-

871 2112 933 2131 mur
949 2112 955 2129 :
974 2111 1003 2130 re
1020 2110 1082 2130 vera
1098 2101 1182 2133 enim,
1199 2101 1298 2136 inquit,
1314 2101 1373 2135 ipsa
1389 2100 1416 2126 in
1431 2099 1540 2126 modum
1554 2098 1656 2134 hydri-.e

872 2150 979 2185 impleta
991 2171 998 2180 .
1015 2156 1049 2176 ex
1069 2147 1221 2175 substantia
1238 2146 1328 2173 infusa
1345 2147 1373 2173 in
1390 2147 1493 2173 bonum
1510 2149 1656 2180 cognatum

872 2196 1029 2224 exinanilur
1050 2201 1057 2220 :
1076 2194 1127 2221 etsi
1143 2193 1216 2220 enim
1239 2200 1293 2220 non
1317 2193 1359 2220 his
1376 2193 1478 2224 verbis,
1494 2192 1552 2219 hmc
1565 2195 1656 2218 tamen

872 2243 929 2271 vult
957 2243 1058 2272 dicere,
1084 2247 1145 2275 quze
1172 2239 1257 2266 multo
1285 2239 1427 2267 honestius
1452 2247 1466 2266 a
1484 2238 1562 2266 nobis
1582 2237 1658 2264 dicta

874 2293 938 2317 sunt
952 2298 960 2321 ;
974 2288 1120 2323 plurimum
1138 2286 1211 2313 enim
1234 2285 1345 2313 absurdi
1361 2289 1388 2312 et
1403 2284 1563 2312 incredibile
1575 2287 1618 2311 est
1630 2283 1658 2309 in

873 2336 934 2370 ejus
945 2333 1110 2361 narratione.

480 2385 546 2413 CAP.
566 2383 636 2411 XIV.
658 2384 696 2411 De
708 2389 779 2411 terra
794 2388 819 2410 et
833 2382 962 2417 imbribus
977 2381 1090 2409 Manetis
1111 2381 1206 2415 opinio.

81 2430 144 2457 Ὀσα.
168 2433 217 2468 μὲν
239 2431 285 2460 οὖν
309 2433 391 2468 ἕτερα
413 2433 498 2468 γραὸς
523 2432 600 2467 δίκην
623 2431 766 2466 μυθολογεῖ
778 2430 827 2457 καὶ

51 2477 149 2511 γράφει,
164 2481 196 2514 τῇ
207 2480 301 2515 Σύρων
326 2480 401 2514 φωνῇ
419 2479 569 2514 χρώμενος,
591 2478 665 2508 ὅπως
688 2476 737 2511 μὲν
758 2477 775 2511 ἡ
790 2475 827 2511 γῆ

53 2521 210 2557 βαστάζεται,
227 2526 272 2552 τὸν
286 2526 425 2560 ποιητικὸν
441 2525 478 2560 μὴ
493 2524 634 2559 διαφυγὼν
653 2523 827 2558 μῦθον-ὄπως

52 2566 75 2592 δὲ
98 2570 262 2598 συνίστανται
285 2572 309 2598 οἱ
335 2571 445 2606 ὄμϐροι,
459 2571 496 2602 ὼς
514 2569 624 2605 ἱδρῶτές
637 2571 690 2596 εἰσι
707 2569 761 2595 τῶν
778 2569 828 2603 ἀρ-

52 2613 142 2646 χόντων
154 2617 203 2652 τῆς
218 2617 283 2653 ὕλης
293 2626 300 2632 ·
317 2617 402 2644 ταῦτα
423 2617 469 2643 καὶ
486 2616 520 2642 τὰ
537 2615 658 2646 τοιαῦτα,
674 2615 728 2642 τῶν
744 2613 827 2641 αὐτοῦ

54 2659 234 2697 παλαισμάτων
247 2662 647 2699 παρεμπορεύματα,περιττὸν
661 2661 694 2689 ἂν
708 2662 749 2697 εἴη
763 2669 830 2696 προ-

54 2705 136 2741 φέρειν
151 2710 189 2740 εἰς
214 2709 335 2744 ἔλεγχον.
360 2709 420 2745 Χρὴ
439 2709 468 2735 δὲ
483 2708 501 2736 ἃ.
521 2708 585 2743 περὶ
608 2708 722 2734 ἑκάστου
739 2715 830 2742 παρα-

55 2751 132 2779 παίων
142 2755 250 2790 γράφει,
268 2755 411 2790 γνώρισμα
425 2756 482 2786 τοῖς
503 2755 596 2785 πᾶσιν,
618 2753 719 2788 ἥκιστά
735 2761 766 2786 γε
782 2753 830 2778 ἀν-

56 2794 151 2829 έλεςθαιι
164 2801 228 2835 προς
239 2802 390 2836 ἀπέραντον
400 2801 531 2835 φλυαρίαν
545 2800 589 2826 τὶν
599 2800 676 2832 λόγον
691 2799 762 2825 ὲκτεί
771 2806 829 2824 θειν·

87 2842 129 2877 (Τ)
146 2845 210 2882 Lt‘gt‘
222 2847 263 2881 δή.
280 2848 357 2873 Ιείιιτ.

914 2429 1090 2463 Quzeeunque
1115 2428 1198 2462 igitur
1216 2426 1269 2453 alia
1288 2425 1396 2453 aniliter
1422 2428 1449 2451 et
1473 2422 1660 2451 commentitio

875 2475 1000 2510 loquitur
1015 2479 1042 2502 et
1063 2474 1169 2503 scribit.
1195 2479 1320 2500 sermone
1342 2471 1455 2506 Syriaco
1478 2473 1569 2498 utens.
1593 2476 1661 2502 quo-

877 2521 959 2549 modo
984 2525 1058 2548 terra
1092 2520 1261 2551 sustinetur,
1291 2525 1344 2544 non
1373 2515 1497 2544 devitans
1527 2513 1660 2548 poeticam

877 2567 997 2594 fabulam
1016 2575 1023 2599 ;
1046 2565 1183 2601 quomodo
1208 2564 1310 2591 imbres
1327 2563 1405 2593 ﬁunt,
1423 2566 1450 2589 et
1467 2560 1582 2588 sudores
1599 2566 1662 2585 esse

878 2613 1044 2650 principium
1073 2612 1192 2639 materize
1217 2621 1223 2638 :
1250 2611 1306 2638 haec
1324 2613 1350 2635 et
1372 2608 1424 2635 alia
1449 2605 1582 2642 ejusmodi
1602 2612 1662 2639 qnaé

879 2663 977 2695 praeter
998 2658 1138 2692 negotium
1164 2658 1206 2684 sui
1232 2655 1389 2683 certaminis
1405 2658 1514 2682 tractat.
1533 2658 1662 2685 superva-

878 2713 961 2733 cuum
973 2709 1047 2732 esset
1063 2705 1096 2732 ad
1111 2703 1310 2732 confutandum
1321 2701 1454 2737 proferre.
1473 2699 1585 2735 Oportet
1603 2704 1663 2732 qua:

879 2751 914 2778 de
932 2751 1048 2785 singulis
1069 2750 1155 2777 delire
1175 2749 1281 2780 scribit,
1300 2755 1359 2783 qum
1372 2746 1499 2774 omnibus
1514 2749 1575 2772 uota
1588 2747 1662 2773 sunt.

880 2806 934 2826 non
953 2798 1006 2832 pati
1024 2801 1052 2824 ut
1069 2797 1167 2823 Iihrnm
1184 2795 1298 2823 inﬁnitis
1316 2794 1395 2830 nugis
1412 2794 1524 2820 dilatent
1541 2801 1546 2823 ;
1565 2790 1664 2825 quippe
