1900 3070
234 119 245 146 1
252 117 303 145 087

797 112 865 140 TITI
886 109 1100 139 BOSTRENSIS
1118 108 1270 137 EPiSCOPl

1797 105 1864 132 1088

233 183 295 202 cum
311 173 379 202 satis
393 173 429 201 sit
446 172 586 200 confutata
602 172 691 206 capite
707 171 822 199 insania
836 171 896 205 ejus
912 170 1015 204 reliqua

1073 176 1106 199 ως
1126 166 1226 202 ἀρκοῦν
1249 166 1314 193 αὐτὸ
1345 165 1375 192 τδ
1408 164 1552 199 κεφάλαιον
1579 162 1663 191 αὐτοῦ
1686 163 1741 198 τῆς
1767 163 1863 197 ἀλόγου

233 223 408 247 contemnere
433 229 439 246 :
457 224 484 247 et
502 219 525 246 si
541 226 596 245 non
616 218 795 252 contingeret,
812 221 839 243 nl
859 215 1016 243 necessario

234 265 291 292 inec
305 271 389 292 causa
416 271 567 292 sermonem
582 262 615 290 de
632 261 804 289 Providentia
821 260 1016 294 complectere—

234 315 290 342 tur,
311 317 367 346 quo
391 310 579 337 demonstrare
598 310 705 342 oportet
718 306 811 333 omnia
826 313 886 332 esse
900 305 967 331 bene
984 311 1016 330 ac

235 357 325 384 divine
341 356 477 388 ordinata,
492 358 519 382 et
535 351 698 381 ineiTabilem
715 352 761 380 Dei
771 351 932 386 sapientiam
947 357 1018 384 prae-

234 403 343 436 dicare;
359 402 503 429 ridiculum
523 404 597 428 esset
613 400 654 426 vel
673 399 760 433 aliqua
777 398 871 424 saltem
894 395 1017 422 confuta-

235 449 317 480 tione,
336 456 395 483 quae
410 447 548 482 proposita
564 450 636 477 sunt,
653 445 733 478 digna
750 451 810 471 esse
827 447 942 478 putare;
958 449 1017 476 qum,

235 494 343 528 quidem
362 498 437 521 extra
462 500 619 519 communes
635 491 758 518 notiones
777 492 905 523 Congesta
921 490 1017 522 sponte

236 547 285 567 sua
303 540 373 575 apud
389 547 435 567 eos
454 539 499 573 qui
518 541 633 565 mentem
651 537 954 569 lmbcntcoarguuntur.

1071 213 1168 248 μανίας
1183 211 1369 246 διελέγξαντας
1392 211 1445 237 τῶν
1463 211 1548 238 ἄλλων
1563 211 1762 245 καταφρονεῖν·
1780 210 1831 236 καὶ
1843 211 1864 236 εἰ

1070 259 1106 294 μή
1121 267 1152 292 γε
1165 258 1210 285 τὸν
1226 258 1289 293 περὶ
1305 257 1434 292 Προνοίας
1452 257 1528 291 λόγον
1548 256 1690 282 συνέϐαινε
1710 256 1798 291 τήνδε
1818 256 1863 291 τὴν

1069 304 1196 331 ὑπόθεσιν
1215 303 1368 337 ἀναγκαίως
1393 302 1613 338 περιλαμϐάνειν,
1625 302 1660 328 δι’
1677 299 1709 329 οὗ
1725 303 1863 336 προςήκει

1069 350 1164 383 δεῖξαι,
1183 350 1221 381 ὡς
1246 350 1351 377 ἅπαντα
1372 347 1401 375 εὖ
1425 358 1454 375 τε
1476 349 1523 376 καὶ
1542 348 1621 381 θείως
1635 348 1801 383 τεταγμένα

1070 395 1188 431 ἄρρητον
1200 395 1246 422 τοῦ
1260 395 1327 421 Θεοῦ
1345 395 1438 429 σοφίαν
1453 395 1581 430 κηρύττει
1591 404 1598 410 ο
1615 395 1703 429 γέλως
1719 394 1757 421 ἄν
1772 392 1808 429 ἦν
1821 392 1866 420 ἑνὶ

1068 442 1219 477 τιῤῥήσεως
1242 440 1307 475 γοῦν
1328 449 1398 472 τινος
1420 441 1510 472 ἀξιοῦν
1526 440 1560 467 τὰ
1575 440 1764 476 προτεθέντα,
1779 440 1862 475 ἅπερ,

1069 487 1146 518 ἐκτὸς
1158 487 1211 512 τῶν
1231 486 1326 513 κοινῶν
1342 486 1449 513 ἐννοιῶν
1473 487 1725 522 συμπεφορημένα,
1743 486 1864 521 αὐτόμα-

1069 540 1115 558 τον
1131 532 1187 567 ἕχει
1203 532 1278 567 παρά
1295 540 1325 566 γε
1341 533 1395 563 τοῖς
1412 532 1537 568 ἐχέφροσι
1551 532 1596 558 τὸν
1609 532 1722 567 ἔλεγχον

476 594 541 622 Car.
562 593 618 620 XV.
652 593 786 620 Sententia
801 591 832 618 de
847 591 957 617 materia
969 588 1110 623 refutatur.
1124 589 1165 615 An
1181 588 1264 616 Satan
1279 591 1313 616 sit
1325 590 1437 617 deterior
1455 599 1533 626 quam
1548 591 1608 624 fuit.

273 655 346 681 Satis
360 658 450 681 autem
467 657 537 684 erat,
553 657 696 687 postquam
714 659 768 678 non
791 651 882 677 minus
901 648 1016 676 demon-

237 704 354 729 stratum
374 704 416 727 est
433 706 602 733 nequaquam
625 698 680 724 duo
703 696 836 731 principia
857 702 929 726 esse,
949 701 1017 728 prte-

237 744 330 772 sertim
360 743 506 773 contraria.
534 742 567 769 de
595 742 702 768 homine
726 740 782 775 jam
805 744 832 767 et
855 739 889 766 de
914 739 1018 772 reliqua

237 789 342 816 fabrica
373 788 508 816 disserere
535 795 542 814 :

237 834 451 865 consideremus,
465 833 600 868 quomodo
614 832 752 868 proposita
763 831 929 858 incredibilia
942 833 1016 857 sunt.

238 879 396 909 Ferebatur,
419 878 519 912 inquit,
547 877 694 912 aliquando
720 876 833 903 materia
862 874 1019 910 perturbato

238 925 343 952 ordine.
359 924 418 957 Qua
433 923 538 950 ordinis
552 921 773 958 perturbatione?
787 929 820 948 an
838 928 929 947 secum
941 919 1019 947 sola?

238 977 272 996 an
297 973 391 997 contra
414 969 552 1004 aliquem?
569 968 657 995 omnis
672 967 744 994 enim
760 966 891 1001 iujustitia
908 973 961 992 non
977 968 1019 992 est

238 1015 282 1042 sui
305 1015 462 1049 injustitia;
491 1013 538 1041 sed
567 1014 653 1040 altero
674 1013 786 1047 indiget,
811 1011 838 1038 in
861 1018 940 1046 quem
963 1011 1017 1037 ﬁat.

237 1060 286 1086 Cui
299 1060 382 1094 igitur
396 1067 452 1087 non
467 1062 526 1087 erat
540 1058 721 1087 communitas
731 1065 793 1085 eum
809 1058 862 1084 alio
874 1065 882 1090 ;
897 1056 924 1084 in
938 1063 1019 1092 quem

239 1105 395 1140 perturbato
418 1104 513 1132 ordine
538 1103 697 1132 ferebatur?
710 1107 757 1130 aut
772 1110 832 1139 quae.
848 1102 918 1130 ratio
932 1102 1021 1137 ipsius

239 1150 468 1184 perturbationis?

273 1196 428 1224 Generabat
439 1195 548 1231 quidem
564 1195 681 1230 primum
694 1194 815 1229 nequitia
833 1192 1019 1228 progrediens,

237 1246 264 1268 et
290 1242 432 1269 crescebat
457 1251 463 1268 :
491 1241 575 1276 igitur
602 1241 722 1276 ingenita
744 1240 902 1276 generabat,
920 1244 1019 1267 etnon

237 1287 290 1314 erit
313 1287 390 1314 locus
412 1287 530 1317 dicendi.
555 1290 684 1313 aeternam
708 1285 810 1321 aliquid
825 1285 886 1312 novi
901 1285 989 1318 moliri
1011 1293 1017 1311 :

239 1336 285 1360 aut
316 1333 387 1360 enim
417 1337 512 1360 natura
542 1333 678 1364 molietur,
705 1336 785 1367 atque
810 1332 846 1358 ita
879 1339 1018 1366 nunquam

240 1377 384 1404 intermisit
406 1385 497 1404 rerum
520 1385 650 1403 novarum
673 1377 839 1404 molitionem
864 1386 871 1403 :
894 1377 917 1404 si
939 1376 1019 1402 modo

240 1423 376 1457 appellare
409 1426 516 1458 oportet
549 1430 682 1449 novarum
711 1430 802 1449 rerum
831 1422 1016 1453 molitionem,

239 1473 336 1496 contra
357 1476 437 1503 quam
457 1468 593 1503 negotium
619 1476 633 1494 a
654 1467 708 1495 Deo
730 1472 885 1502 susceptum
908 1468 1018 1494 minime

239 1511 402 1546 principium
415 1512 548 1546 temporis
560 1511 676 1543 habeat;
692 1515 738 1537 aut
754 1511 777 1538 si
794 1511 844 1538 hoc
855 1510 1019 1545 cogitatione

241 1561 320 1584 utens
342 1556 416 1588 facit,
443 1557 572 1583 rationem
600 1556 681 1583 habet
701 1561 729 1584 et
749 1555 932 1590 cognitionem
958 1565 964 1582 :
993 1559 1020 1582 et

239 1610 333 1630 eversa
360 1607 402 1629 est
423 1609 505 1629 causa
532 1602 660 1637 nequitiae
680 1602 784 1629 ratione
805 1601 932 1629 carentis.
958 1601 1020 1628 Sive

240 1648 324 1683 igitur
351 1647 560 1675 ratiocinatione
588 1652 686 1679 utens,
716 1647 772 1675 sive
805 1651 880 1673 motu
905 1647 1019 1674 rationis

239 1697 349 1728 experte
375 1694 535 1721 seditionem
559 1694 652 1724 movit,
679 1700 739 1727 qua:
765 1692 835 1720 ratio
853 1693 964 1727 patitur,
991 1697 1021 1720 ut

239 1739 353 1766 inﬁnitis
371 1739 478 1766 sacculis
501 1738 613 1766 dimissa
629 1739 664 1766 sit
681 1738 837 1772 hujusmodi
860 1737 1019 1765 seditionem

240 1785 367 1812 movere?
380 1792 412 1811 ex
427 1792 483 1819 quo
498 1784 569 1811 enim
586 1783 652 1810 dicit
673 1782 819 1810 cohibitam
841 1786 868 1809 et
888 1786 1019 1810 retentam

239 1838 309 1863 esse,
323 1835 452 1865 punctum
473 1831 601 1865 temporis
618 1829 728 1858 ﬂuxisse
743 1830 902 1864 reperietur,
919 1829 942 1857 si
959 1836 1020 1856 cum

240 1875 353 1902 inﬁnitis
368 1876 475 1903 saeculis
491 1875 635 1909 prarteritis
652 1878 834 1909 comparetur.
851 1872 929 1906 Quod
949 1873 1019 1900 enim

240 1920 335 1955 incipit
349 1924 376 1947 et
390 1920 528 1952 terminat,
547 1919 652 1946 (initum
665 1923 705 1947 est
719 1928 726 1952 ;
741 1919 787 1953 qui
805 1922 894 1946 autent
907 1923 971 1946 sunt
988 1927 1021 1945 ex

239 1970 296 1993 tuto
314 1966 411 1993 inﬁniti
425 1966 518 1993 mterui
537 1970 600 1993 sunt
614 1970 640 1993 et
653 1965 775 2000 ingeniti.

275 2012 419 2043 Prmterea,
441 2013 464 2040 si
480 2012 687 2039 ratiocinatione
712 2015 790 2039 utens
809 2011 843 2038 ad
861 2010 1021 2038 seditionem

239 2057 456 2093 depravabatur;
475 2058 611 2093 quomodo
637 2065 692 2085 non
718 2058 809 2093 potius
829 2057 967 2092 aggressio
983 2057 1020 2083 rei

241 2112 301 2138 qua:
321 2104 378 2131 ﬁeri
396 2112 450 2131 non
473 2108 590 2139 poterat,
611 2104 763 2139 interrupta
784 2107 811 2131 et
833 2103 950 2131 rescissa
964 2102 1021 2130 est?

240 2154 370 2184 tanquam
383 2158 436 2177 non
448 2155 540 2185 posset
551 2154 646 2177 contra
659 2149 818 2184 sapientiam
833 2149 961 2175 invictam
978 2148 1020 2174 in-

241 2196 392 2224 uursionem
407 2195 513 2224 facere?
530 2196 600 2223 unde
615 2196 714 2223 factum
728 2200 780 2226 est,
791 2199 819 2222 ut
838 2199 973 2225 caverent,
988 2201 1021 2220 nc

240 2242 265 2268 ci
285 2241 418 2269 rationem
441 2246 467 2269 et
489 2241 670 2277 cognitionem
688 2241 859 2271 tribuerent,
884 2243 914 2266 ut
932 2240 1020 2266 locum

240 2287 352 2316 haberet
377 2292 560 2315 commentum
582 2288 725 2315 seditionis
742 2291 837 2314 contra
862 2286 943 2313 Deum
966 2295 972 2312 :
995 2289 1021 2312 ct

241 2335 395 2361 necessario
420 2335 454 2361 ab
480 2335 633 2369 ignorantia
660 2339 686 2362 et
716 2338 814 2362 natura
835 2341 888 2360 non
908 2333 1020 2359 ratioci-

241 2385 322 2408 nante
350 2385 448 2412 tracta.
480 2389 535 2408 non
564 2382 732 2416 exspectabit
767 2380 871 2407 inﬁnita
909 2379 1018 2409 saecula,

240 2425 304 2452 dum
335 2433 365 2453 se
389 2430 477 2453 armat
506 2430 534 2453 ct
560 2435 588 2454 se
611 2427 731 2453 exercitu
758 2426 838 2460 sopit,
867 2428 896 2451 ut
920 2424 965 2451 ﬁat
987 2423 1019 2450 ad

241 2471 380 2498 audaciam
415 2473 574 2506 promptior.
613 2472 640 2498 Si
671 2472 742 2499 enim
776 2471 912 2505 copiosior
941 2470 1020 2497 iiebat

240 2516 275 2544 iis
293 2525 362 2551 quos
383 2518 529 2552 generabnt
543 2538 550 2549 ,
572 2525 743 2552 nequaquam
763 2521 850 2544 tamen
874 2516 1020 2551 appetitum

240 2565 345 2589 naturae
374 2563 501 2597 augebat,
535 2570 622 2597 neque
653 2568 743 2590 motus
778 2562 912 2589 naturalis
940 2560 1021 2596 quid-

240 2614 321 2641 quam
348 2608 482 2642 appetitus
509 2609 680 2639 assumehat,
709 2615 796 2642 neque
823 2607 967 2634 accidisset
995 2606 1019 2633 ei

241 2653 359 2688 primum
383 2653 492 2689 quidem
514 2661 670 2690 augescere,
690 2659 770 2689 atque
797 2654 834 2680 ita
858 2654 1019 2681 seditionem

241 2706 349 2726 movere
363 2707 370 2731 ;
386 2699 438 2726 hoc
451 2700 523 2726 enim
535 2705 638 2728 natura:
653 2701 756 2728 ratione
775 2700 876 2727 utentis
895 2703 946 2732 est,
960 2705 1019 2733 quae

241 2751 272 2769 cs
283 2745 421 2778 proposito
435 2746 557 2780 nequiter
570 2746 634 2781 agit.

278 2790 314 2823 (ν)
330 2789 420 2821 Forte,
434 2790 548 2823 ἐδέξατο.
567 2791 643 2818 Eutr.

1107 648 1205 683 ’Ἤρκει
1219 649 1258 678 δὲ.
1274 649 1323 675 οὐκ
1338 649 1445 676 ἔλαττον
1463 650 1611 682 δείξαντας,
1627 651 1665 683 ὡς
1680 651 1813 686 οὐδαμῶς
1830 652 1861 678 ἄν

1070 690 1218 725 ὺπάρξαιεν
1232 693 1314 727 ἀρχαὶ
1330 693 1385 724 δύο,
1399 694 1445 720 καὶ
1457 694 1572 729 μάλιστα
1585 696 1718 728 ἐναντίαι,
1728 696 1781 731 ήδη
1799 698 1859 733 περί

1069 744 1098 762 τε
1115 737 1257 773 ἀνθρώπου
1273 739 1318 765 καὶ
1335 740 1383 774 τῆς
1398 740 1479 775 ἄλλης
1502 741 1683 777 δημιουργίας
1701 743 1857 769 διαλαθεῖν.

570 787 637 813 nihil
666 790 756 813 tamen
784 785 921 820 prohibet,
951 784 1017 818 quin

1073 783 1141 817 Ξμως
1157 783 1185 810 δὲ
1200 783 1230 810 τὸ
1247 784 1348 811 κωλῦον
1363 785 1436 812 οὐδὲν
1453 786 1499 812 καὶ
1513 787 1567 812 τῶν
1587 787 1779 822 προτεθέντων
1797 789 1859 815 ἰδεῖν

1070 827 1101 853 τὸ
1113 828 1251 857 ἀπίθανον.
1269 830 1394 857 Ἠτάκτει
1409 831 1472 866 γὰρ,
1487 832 1604 867 ῳησὶν,ὴ
1619 833 1668 867 ὕλη
1683 834 1765 860 ποτέ.
1778 834 1857 860 Ποίαν

1069 873 1197 907 ἀταξίαν;
1219 873 1274 910 ἆρά
1292 885 1323 910 γε
1346 876 1406 903 καθ’
1429 877 1526 912 ἑαυτὴν
1549 876 1658 913 miscui,
1682 879 1757 905 κατά
1771 888 1855 912 τινοςς

1069 920 1159 947 ἀδικία
1180 921 1234 956 γὰρ
1254 922 1355 954 ἅπασα,
1378 923 1477 958 ἑαυτῆς
1501 925 1551 951 οὐκ
1572 924 1605 951 ἆν
1625 925 1736 959 γένοιτο
1758 926 1853 956 ἀδικία,

1068 965 1152 993 δεῖται
1167 966 1194 993 δὲ
1208 967 1300 1002 ἑτέρου
1322 968 1403 1000 τινὸς,
1422 969 1481 995 καθ’
1499 968 1528 997 οὗ
1545 971 1642 1005 γένοιτ’
1655 971 1699 998 ἄν.
1716 970 1751 998 Ἢ
1771 972 1854 998 τοίνυν

1069 1012 1154 1047 ἑτέρῳ
1170 1013 1222 1039 τινὶ
1240 1013 1276 1048 μὴ
1292 1014 1513 1042 ἐπικοινωνοῦσιι.
1525 1017 1595 1043 κατὰ
1607 1017 1680 1048 τίνος
1691 1017 1823 1052 ὴτὰκτεις
1837 1019 1851 1053 ἤ

1068 1057 1110 1089 τίς
1124 1058 1138 1083 ό
1151 1057 1228 1092 λόγος
1241 1059 1291 1094 τῆς
1303 1059 1414 1093 ἀταξίας
1427 1061 1525 1096 αὐτῆς

1111 1195 1221 1230 Ἐγέννα
1251 1197 1299 1231 μὲν
1332 1198 1439 1232 πρῶτον
1470 1199 1601 1234 προϊοῦσα
1638 1199 1687 1225 καὶ
1715 1199 1854 1234 ηὐξάνετο,

1070 1240 1151 1274 φησίν
1161 1249 1167 1254 ·
1183 1240 1279 1267 οὐκοῦν
1295 1241 1387 1273 ἀϊδίως
1403 1242 1419 1277 ἢ
1432 1243 1514 1274 ἀΐδιος
1533 1243 1657 1277 ὲγένννι,
1671 1246 1687 1280 ὴ
1707 1245 1849 1279 ἀγέννητκ

1069 1285 1174 1319 ἐγέννα,
1192 1287 1238 1313 καὶ
1256 1286 1346 1322 χώραν
1368 1289 1417 1323 οὐχ
1433 1289 1487 1322 ἔξει
1509 1290 1539 1315 τὸ
1563 1292 1737 1326 καινοτομεῖν
1758 1300 1783 1318 τι
1807 1292 1849 1325 τὴν

1069 1330 1162 1357 ἀΐδιον·
1181 1331 1197 1366 ἢ
1220 1332 1273 1366 γὰρ
1292 1332 1370 1367 φύσει
1384 1335 1583 1369 καινοτομήσει,
1599 1336 1645 1362 καὶ
1662 1336 1791 1362 οὐδέποτε
1806 1337 1848 1370 τῆς

1069 1377 1240 1412 καινοτομίας
1262 1378 1413 1405 ἐπέπαυτο³
1429 1380 1452 1406 εί
1474 1380 1505 1414 δὴ
1526 1380 1603 1407 τοῦτο
1623 1382 1800 1416 καινοτομίαν
1815 1382 1849 1408 δεῖ

1070 1421 1169 1453 καλεῖν,
1185 1423 1222 1454 ὡς
1240 1423 1371 1459 μηδαμῶς
1393 1426 1519 1461 χρονικὴν
1537 1427 1624 1462 ἀρχὴν
1641 1427 1716 1462 ἔχειν
1729 1427 1778 1462 τὴν
1797 1428 1847 1453 κατ’

1069 1468 1153 1503 αὐτῆς
1173 1468 1219 1494 τοῦ
1235 1470 1338 1503 ἁγαοοῦ
1364 1472 1565 1507 μεταχείρησιν,
1592 1473 1607 1507 ἦ
1628 1472 1756 1508 λογισμῷ
1779 1473 1847 1500 τοῦτο

1069 1513 1224 1549 πράττουσα
1239 1515 1315 1549 λόγον
1329 1515 1384 1550 ἔχει
1400 1517 1446 1543 καὶ
1461 1517 1559 1550 γνῶσιν
1569 1526 1576 1532 ·
1591 1518 1639 1544 καὶ
1652 1519 1847 1554 ἀνατέτραπται

1068 1559 1118 1594 τῆς
1138 1559 1235 1594 ἀλόγου
1259 1561 1357 1593 κακίας
1378 1563 1393 1597 ή
1412 1563 1547 1595 ὑπόθεσις.
1563 1564 1624 1590 Εἴτε
1650 1563 1699 1590 οὖν
1723 1564 1846 1600 λογισμῷ.

1068 1606 1123 1633 εἴτε
1139 1608 1185 1633 καὶ
1200 1607 1333 1643 ἀλογίστῳ
1345 1610 1415 1645 φορᾷ
1428 1610 1598 1641 ἐπανίστατο,
1615 1610 1658 1642 τίς
1671 1612 1686 1636 ὁ
1700 1611 1781 1644 λόγος
1796 1611 1849 1642 τοὺς

1070 1652 1236 1687 ἀπεράντους
1247 1653 1348 1685 αἰῶνας
1361 1655 1462 1689 ταύτην
1472 1657 1597 1690 παρεῖναι
1616 1657 1686 1691 πρὸς
1703 1657 1755 1692 τὴν
1767 1656 1850 1682 τοιαύ-

1069 1705 1119 1732 την
1133 1697 1332 1730 ὲπανάστασιν;
1348 1699 1393 1733 ἀφ’
1403 1696 1433 1726 οὗ
1449 1700 1500 1735 γὰρ
1513 1700 1700 1735 κατεσχῆσοαί
1714 1709 1795 1736 φησιν
1808 1701 1850 1727 αὺ-

1069 1742 1118 1778 τὴν
1147 1744 1198 1775 ἓως
1221 1744 1278 1776 νῦν,
1303 1746 1402 1780 στιγμῇ
1419 1745 1514 1781 χρόνου
1526 1746 1622 1780 γένοιτ’
1637 1746 1682 1777 ἂν,
1699 1748 1725 1772 εἰ
1740 1747 1847 1782 παραϐά-

1070 1789 1140 1815 λοιτο
1159 1791 1215 1821 τοῖς
1238 1791 1416 1825 προλαϐοῦσιν
1433 1792 1557 1828 ἀπείροις
1573 1791 1671 1819 αίῶσιυ
1688 1793 1721 1819 τὸ
1745 1793 1792 1827 μὲν
1806 1793 1848 1827 γὰρ

1070 1833 1152 1868 ἄρχον
1166 1835 1211 1860 καὶ
1225 1835 1343 1861 τελειοῦν
1362 1836 1538 1872 πεπέρασται·
1563 1838 1586 1863 οἱ
1601 1837 1629 1863 δὲ
1647 1837 1793 1869 παντελῶς
1805 1838 1848 1863 ἀπ-

1071 1879 1177 1915 έραντοι
1194 1882 1273 1908 ἁῖδιοί
1288 1891 1315 1909 τε
1327 1884 1374 1909 καὶ
1388 1884 1537 1918 ἀγέννητοι.

1108 2023 1222 2049 Ἔπειτα
1234 2022 1385 2058 εἱλογισμῷ
1400 2024 1547 2050 ὲκακύνετο
1555 2024 1623 2059 πρὸς
1639 2024 1692 2059 τὴν
1708 2025 1847 2052 ἐπαναπε-

1073 2075 1124 2099 σιν,
1135 2067 1192 2099 πῶς
1206 2068 1266 2102 οὐχὶ
1283 2068 1329 2094 καὶ
1351 2067 1471 2103 λογισμῷ
1487 2068 1598 2102 διεκόπη
1617 2069 1648 2094 τὸ
1665 2070 1798 2098 ἀδύνατον
1808 2071 1846 2105 τῆς

1072 2115 1267 2151 ἐπιχειρήσεως
1277 2123 1285 2147 ;
1297 2115 1334 2146 ὼς
1347 2115 1394 2150 οὐχ
1402 2112 1457 2142 οἷόν
1469 2124 1498 2141 τε
1510 2114 1540 2141 ὃν
1552 2115 1719 2150 ἐπιδραμεῖν
1736 2118 1845 2153 ἀηττήτῳ

1073 2163 1169 2197 ampla;
1183 2161 1244 2187 ὅθεν
1257 2161 1409 2195 πεφεύγασι
1423 2161 1631 2196 προσοιιολογείν
1645 2162 1718 2198 αὐτῇ
1733 2163 1845 2198 λογισμόν

1071 2216 1100 2234 τε
1121 2209 1168 2234 καὶ
1184 2207 1292 2241 γνῶσιν,
1309 2207 1346 2238 ὡς
1362 2207 1394 2233 ἂν
1407 2207 1498 2242 χώραν
1513 2207 1569 2242 ἔχοι
1584 2208 1634 2243 τῆς
1646 2208 1844 2239 ἐπαναστάσεως

1071 2253 1120 2288 τῆς
1146 2253 1216 2279 κατὰ
1244 2253 1310 2279 Θεοῦ
1335 2253 1365 2280 τὸ
1390 2253 1516 2288 πλάσμα·
1545 2254 1592 2280 καὶ
1618 2254 1779 2288 ἐπάναγκες
1804 2255 1844 2280 ὑπὸ

1072 2299 1182 2332 ἀγνοίας
1199 2298 1246 2324 καλ⁴
1260 2298 1399 2332 ἀλογίστου
1417 2299 1522 2333 φύσεως
1537 2299 1670 2336 ἑλκομένη
1687 2301 1741 2326 οὐκ
1757 2300 1842 2332 ἐκδέξε-

1071 2353 1114 2371 ται
1127 2344 1255 2380 ἀπείρους
1272 2345 1318 2371 καὶ
1331 2345 1534 2380 ἀποπεράντους
1553 2345 1655 2377 αἰῶνας
1666 2346 1769 2382 ἑαυτὴν
1780 2346 1841 2372 ὁπλί-

1071 2391 1152 2423 ζουσα
1172 2391 1219 2417 καὶ
1237 2391 1348 2426 δυνάμει
1365 2391 1574 2426 περιϐάλλουσα,
1588 2392 1626 2422 ὡς
1642 2392 1771 2426 γενέσθαι
1789 2392 1841 2426 πρὸς

1070 2437 1119 2473 τὴν
1149 2437 1250 2473 τόλμαν
1275 2438 1493 2473 προχειροτέραν.
1512 2438 1543 2464 Εἰ
1562 2437 1617 2473 γὰρ
1637 2437 1670 2472 δὴ
1697 2438 1746 2464 καὶ
1760 2438 1841 2464 πλείων

1071 2484 1191 2518 ἐγίγνετο
1206 2481 1246 2514 οἷς
1262 2483 1368 2517 ἐγέννα,
1387 2483 1444 2510 ἀλλ’
1462 2482 1521 2509 οὔτε
1537 2491 1568 2517 γε
1583 2483 1633 2518 τὴν
1647 2483 1740 2519 ὁρμὴν
1752 2484 1796 2519 τῆς
1806 2483 1842 2518 φύ-

1071 2539 1139 2562 σεως
1149 2531 1288 2565 ηὐξάνετο,
1300 2530 1359 2556 οὐδὲ
1373 2529 1578 2565 προσελάμϐανέ
1589 2538 1614 2555 τι
1624 2530 1731 2565 ταύτης
1740 2531 1770 2557 τὸ
1778 2538 1840 2561 φυςι-
1855 2546 1858 2568 τ

1071 2577 1118 2603 κον
1132 2576 1243 2612 κίνημα·
1253 2577 1306 2603 οὐδ’
1316 2576 1348 2603 ἂν
1359 2576 1476 2608 ὲδείξατο
1483 2575 1520 2610 (8)
1530 2575 1639 2610 πρῶτόν
1649 2584 1682 2610 γε
1694 2576 1839 2611 αὐξηθῆναι,
1854 2584 1855 2596 ι

1071 2622 1118 2649 καὶ
1139 2622 1224 2654 οὕτως
1245 2623 1438 2657 ὲπαναστῆναι·
1452 2622 1529 2649 τοῦτο
1543 2621 1596 2657 γὰρ
1611 2621 1728 2657 λογικῆς
1752 2622 1840 2656 (passu;

1072 2667 1196 2703 προθέσει
1208 2668 1433 2704 πονηρευομένης.
