1900 3070
34 94 91 122 {089

548 91 730 122 ADVERSUS
752 90 965 122 MANICHA‘ZOS
981 91 1046 122 LIB.
1066 91 1087 122 ι.

1581 96 1650 126 1οείο

61 150 116 182 ιῐὼς
127 150 153 177 δὲ
167 150 214 176 xit
227 151 342 186 αὔξησις
353 151 402 186 τῆς
418 151 517 182 κακίας
530 152 628 186 γένοιτ’
645 152 678 179 ἂν
692 153 708 188 ἢ
723 161 799 188 προσ-

894 152 1036 186 Quomodo
1053 157 1143 180 autem
1160 154 1252 189 augeri
1269 157 1376 189 poterat
1400 154 1521 189 nequitia
1538 154 1576 190 (id
1592 159 1647 188 est,

33 199 92 232 (ῖῄκῃ
110 197 161 223 τῶν
179 197 340 232 προὸολώνς
362 198 393 224 Εἰ
415 198 469 233 γὰρ
487 195 526 230 οῖς
552 199 634 234 γεννᾷ
656 198 806 226 τελειοῦται

31 244 64 274 είς
81 242 185 274 κακίαν,
195 243 295 278 ἀτελὴς
309 241 343 278 ἦν
361 244 377 278 ἡ
393 244 486 276 κακία,
500 245 547 271 καὶ
566 245 616 272 οὐκ
627 243 661 280 ἦν
678 247 707 272 ὲν
722 245 807 281 ἀκρό-

31 295 82 322 τητι
96 287 191 319 κακίας
202 297 208 302 ·
226 289 250 314 εί
275 288 302 314 δὲ
317 288 408 315 τελεία
425 290 471 316 καὶ
490 290 572 325 ἂκρα,
590 291 661 317 κατὰ
674 291 720 317 τὸν
742 291 806 318 ἴδιον

31 333 106 367 λόγον,
120 333 238 369 ἑκάτερα
257 335 395 368 τάναντία,
416 335 542 370 οὐδαμῶς
553 336 715 369 αὐξάνεσθαι
736 337 806 370 δόξει

30 382 43 414 ἡ
58 379 132 406 κακία
153 379 197 406 διὰ
211 380 269 407 τῶν
291 381 515 416 προὸολῶννοὺδὲ
538 381 746 418 θαρσαλεωτέρα
759 392 805 417 γε-

30 427 135 461 νήσεται,
149 426 247 462 λογικὴ
263 427 300 462 μὴ
313 425 391 460 οὖσα,
405 428 465 454 οὐδὲ
481 429 550 464 πρὸς
565 428 726 464 ἐπικουρίαν
740 429 804 456 ἑαυ-

29 473 69 507 τῆς
90 473 296 508 παραλήψεται·
322 473 391 506 δόξει
412 475 466 510 γὰρ
494 475 547 510 πρὸ
571 475 620 510 τῆς
644 475 801 507 τεκνώοῖεως

29 519 113 554 ἀτελὴς
131 519 273 553 γεγονέναι
295 520 325 546 οὐ
349 521 428 556 μόνον
455 521 524 557 πρὸς
542 522 641 548 κακίαν
663 523 679 557 ἡ
699 521 799 553 κακία,

28 565 84 590 ἀλλὰ
104 565 149 591 καὶ
173 565 244 601 πρὸς
273 567 349 601 ἰσχὺν
371 567 418 593 καὶ
440 567 535 603 ῥώμην
575 567 643 602 ὅπερ
664 567 803 602 ἀλλότριον

27 612 170 647 ἀγεννῆ-του.

861 198 988 234 Satanas)
1009 199 1167 226 accessione
1191 200 1312 228 sobolis?
1335 201 1358 228 si
1375 201 1446 228 enim
1469 201 1504 228 iis
1520 209 1589 236 quos
1607 202 1649 237 gi-

859 245 969 279 gnebat,
986 245 1019 272 ad
1034 245 1182 280 nequitiam
1195 246 1344 280 perﬁcitur,
1357 246 1515 282 imperfecta
1527 252 1586 274 erat
1598 255 1647 275 ne-

859 291 956 325 quitia,
973 295 999 318 et
1015 298 1068 318 non
1085 295 1144 318 erat
1165 291 1192 317 iu
1208 299 1315 318 summo
1327 296 1353 318 et
1366 291 1476 326 fastigio
1495 293 1645 327 nequitia:

860 337 903 364 sin
920 345 983 365 vero
1002 342 1061 364 erat
1077 337 1199 372 perfecta
1222 341 1249 364 et
1274 344 1380 364 summa
1393 338 1541 365 secundum
1562 339 1648 365 ratio-

858 390 920 410 nem
936 383 1085 418 propriam,
1101 390 1199 410 rursus
1215 382 1327 409 minime
1342 382 1477 410 videbitur
1492 384 1584 418 augeri
1602 391 1647 410 ne-

857 429 942 463 quitia
961 437 1010 464 per
1032 429 1253 464 propagationem
1275 433 1474 464 generatorum,
1496 438 1582 464 neque
1601 430 1646 457 ﬁet

854 474 984 502 audacior
992 479 1017 501 et
1026 475 1218 510 przelidentior,
1232 482 1355 502 cumnon
1366 475 1402 502 sit
1415 476 1549 512 particeps
1561 478 1646 504 ratio-

853 521 915 554 nis;
940 529 990 548 nec
1008 521 1042 548 ad
1058 521 1188 548 auxilium
1205 529 1285 548 suum
1300 521 1438 549 adhibebit
1449 530 1518 557 quos
1533 524 1642 558 genuit;

857 567 957 602 alioqui
979 567 1112 595 videbitur
1135 571 1279 602 antequam
1295 573 1467 602 procrearet,
1487 569 1643 604 imperfecta

858 612 944 641 fuisse
968 621 1022 641 non
1049 613 1137 640 solum
1159 614 1280 648 nequitia
1301 613 1335 641 ad
1356 614 1516 649 nequitiam,
1541 614 1588 642 sed
1609 615 1643 642 ad

857 659 928 687 vires
948 663 974 686 et
987 659 1089 692 robur;
1105 659 1177 694 quod
1191 659 1308 687 alienum
1325 664 1368 688 est
1382 661 1417 688 ab
1438 661 1570 696 ingenito.

347 713 412 741 Car.
433 713 502 741 XVI.
519 713 620 742 Seditio
639 715 707 741 inter
720 719 797 742 natos
813 715 880 741 mali
899 715 1032 748 principii.
1050 714 1187 747 Quomodo
1201 714 1306 742 sedata.

55 759 100 785 Τὸν
117 759 144 785 δὲ
168 759 270 794 τρόπον
295 759 345 795 τῆς
371 760 582 792 ἐπαναστάσεως
605 760 800 796 εἰσηγούμενος

889 760 1045 795 Explanans
1059 763 1150 788 autem
1166 760 1276 788 modum
1292 759 1436 788 seditionis
1451 761 1533 796 hujus
1552 761 1640 795 facta,

28 800 129 840 ταῦτηςξ
145 806 230 840 φησίν
240 813 248 821 ·
266 806 402 833 Ἤλαυνον
415 807 462 833 καὶ
476 807 621 842 κατήσθιον
635 808 658 834 οι
671 806 701 839 ἐξ
716 807 799 842 αὐτῆς

854 805 914 839 Qui,
938 807 1037 841 inquit,
1061 814 1094 833 cx
1115 814 1146 833 ea
1167 806 1223 832 nati
1242 810 1321 837 sunt,
1347 814 1376 834 se
1399 811 1494 834 mutuo
1518 808 1642 836 insectali

27 851 148 886 ἀλλήλοις,
163 852 240 879 δεινὰ
256 853 302 879 καὶ
316 853 422 888 χαλεπὰ
433 853 612 885 διατιθέντες·
629 854 676 880 καὶ
692 854 722 880 οὐ
736 854 802 889 πρό-

27 906 93 933 τερον
104 898 260 925 ἐπαύσαντο
275 899 399 934 ἀλλήλοις
411 900 630 935 ἐπανιστάμενοι,
649 900 717 936 αὐτῇ
730 899 801 932 λέξει

29 945 92 979 φησὶ,
107 945 203 980 μέχρις
225 942 258 972 οὗ
273 945 303 972 τὺ
325 945 382 980 φῶς
400 945 449 980 ὀψέ
472 955 536 972 ποτε
553 945 714 981 ἐφώρασαν·
737 946 800 973 διω-

27 990 121 1024 κόμενοι
133 990 187 1025 γὰρ
211 991 261 1017 ἀπ’
280 990 414 1027 ἀλλήλων,
433 991 592 1025 ἀγνοοῦντες
609 992 667 1027 μὲν,
682 992 756 1027 ὅμως
772 992 801 1018 δὲ

28 1035 193 1071 τετολμήκασι
208 1037 259 1064 καὶ
275 1036 355 1072 μέχρι
365 1036 412 1063 τοῦ
430 1037 519 1072 φωτὸς
535 1037 695 1072 ἀναχθῆναι.
706 1037 761 1064 Καὶ
774 1037 800 1064 τί

26 1082 51 1117 δὴ
64 1082 157 1108 τούτων
175 1081 382 1118 ἀπιθανώτερον
397 1082 413 1117 ἦ
426 1082 642 1118 μυθωδέστερονς
661 1082 723 1113 τοὺς
736 1082 800 1117 μίαν

29 1128 68 1161 μὲν
88 1128 322 1164 ἐπιγραφομένους
339 1129 461 1164 μητέρα,
478 1128 623 1164 συγγενείᾳ
644 1128 672 1154 δὲ
694 1128 800 1163 φύσεως

27 1174 176 1208 ἡνωμένους,
188 1174 318 1210 ἀλλήλοις
331 1174 493 1209 ὲπιφύεσθαι
509 1175 608 1209 μάτην,
619 1175 665 1200 καὶ
679 1173 800 1210 ἀλλήλων

28 1219 54 1245 τὰ
64 1220 124 1255 μέλη
139 1220 306 1252 κατεσθίειν,
315 1221 361 1246 καὶ
373 1220 506 1256 μηδέποτε
519 1220 611 1256 λήγειν
622 1220 702 1247 τοῦτο
715 1220 799 1256 δρῶν-

27 1273 81 1297 τας;
99 1266 183 1302 Ὅπερ
197 1267 221 1292 εὶ
237 1266 285 1292 καὶ
297 1266 395 1302 ἀληθὲς
414 1264 458 1301 ἦν,
476 1266 579 1301 βέλτιον
589 1264 622 1300 ἦν
639 1267 736 1298 αὐτοὺς
754 1266 799 1300 ὑφ’

28 1312 116 1339 ἑαυτῶν
127 1312 338 1339 ἀναλίσκεσθαι·
353 1313 400 1339 καὶ
421 1313 509 1348 μάτην
520 1313 534 1339 ὁ
556 1313 668 1348 ἀνόητος
685 1311 798 1346 ἀταξίαν

26 1358 92 1384 καλεῖ
102 1359 130 1385 τὺ
140 1359 298 1395 συμφέρον·
314 1358 416 1394 ταύτης
429 1358 483 1394 γὰρ
500 1358 615 1394 μάλιστα
634 1358 682 1394 τῆς
699 1358 798 1389 κακίας

27 1403 130 1439 ὁρίζεται
143 1405 190 1440 τὴν
205 1405 261 1441 πρὸ
275 1405 377 1440 κόσμου
394 1404 523 1438 ἀταξίανι
538 1404 571 1439 ἦν
587 1403 681 1439 ὥσπερ
699 1403 798 1430 λυπού-

28 1458 94 1483 μενος
106 1451 152 1485 τῆς
165 1451 232 1486 ὕλης
248 1451 333 1483 οὕτως
347 1451 483 1486 ὀνομάζει,
497 1451 538 1477 ὃτι
554 1449 590 1486 μὴ
605 1450 797 1485 προσηκόντως

27 1495 63 1529 ὑφ’
72 1496 164 1532 ἑαυτῆς
178 1498 356 1533 ἀνηλίσκετο*
373 1497 420 1524 καὶ
431 1497 525 1533 ὥσπερ
538 1505 580 1528 τις
597 1495 671 1531 φίλος
684 1495 796 1531 ταύτης,

26 1541 150 1577 ἀδημονῶν
167 1543 209 1578 ἐφ’
231 1541 271 1575 οἷς
289 1543 388 1579 ἑαυτὴν
402 1543 600 1573 κατέῦλαπτεν,
619 1541 733 1574 ἀταξίαν
750 1550 799 1568 κα-

27 1587 72 1613 ὶξῖθ
83 1587 100 1614 ἃ
111 1589 303 1625 συμφερόντως
318 1589 377 1615 καθ’
388 1589 486 1624 ἑαυτῆς
498 1588 562 1623 ἔδρα
571 1598 578 1603 ·
596 1587 654 1614 δέον
671 1586 797 1618 εὐταξίαν

27 1633 66 1668 τὴν
79 1635 202 1662 ἀνωτάτω
211 1636 335 1666 καλέσαι,
344 1636 373 1662 τὸ
387 1635 544 1671 φθείρεσθαι
555 1643 587 1669 γε
602 1633 752 1669 ὑφ’ἑαυτοῦ
768 1633 798 1659 τὸ

28 1680 106 1708 κακόν,
115 1681 142 1707 ’0
157 1682 194 1709 δὲ.
211 1682 369 1714 Ἠτάκτουν,
379 1682 454 1716 φησὶ,
467 1681 514 1708 καὶ
525 1681 634 1717 ἠδίκουν
650 1680 780 1716 ἀλλήλους
790 1688 797 1695 '

28 1724 52 1750 τὸ
66 1726 117 1759 φῶς
126 1726 153 1753 δὲ
173 1727 273 1758 ίδὸντες
288 1727 452 1754 ἐπαύσαντο.

854 858 916 880 sunt
936 857 963 879 et
984 853 1194 884 devoraverunt,
1214 851 1282 879 dura
1299 855 1326 879 et
1355 853 1448 888 gravia
1476 854 1571 888 passi;
1594 862 1642 881 nc-

852 906 905 933 que
931 898 1008 933 prius
1039 897 1204 925 destiterunt
1230 898 1258 924 in
1280 905 1310 925 se
1334 898 1408 932 ipsos
1432 899 1535 926 m0veri
1558 907 1641 934 quam

852 945 944 972 lumen
964 951 1026 971 sero
1040 943 1150 971 tandem
1171 943 1313 977 viderent;
1335 944 1379 971 bis
1397 944 1469 972 enim
1482 945 1573 972 verbis
1588 946 1642 973 uti-

852 993 914 1023 tur;
939 997 954 1016 a
973 997 1002 1017 se
1024 990 1097 1016 enim
1121 989 1172 1025 ipsi
1195 990 1323 1024 exagitati
1347 998 1410 1017 cum
1428 991 1528 1026 alioqui
1554 993 1642 1020 nesci-

851 1041 922 1068 rent,
935 1037 970 1063 ita
989 1040 1079 1063 tamen
1094 1037 1152 1063 ausi
1168 1040 1232 1064 sunt
1247 1044 1332 1072 usque
1347 1038 1379 1063 ad
1393 1037 1482 1064 lumen
1498 1038 1639 1066 accedere.

851 1081 953 1116 Ecquid
978 1081 1019 1109 his
1043 1080 1232 1109 incredibilius
1255 1085 1282 1108 et
1308 1082 1396 1116 magis
1419 1083 1639 1110 commonlitium

849 1135 897 1154 cos
913 1127 958 1162 qui
974 1134 1055 1153 unam
1076 1130 1189 1154 matrem
1209 1127 1260 1154 sibi
1283 1128 1423 1155 ascribunt
1437 1132 1465 1155 et
1487 1128 1638 1160 vindicant,

850 1178 876 1200 et
894 1174 1057 1207 cognatione
1081 1177 1184 1200 natura:
1196 1173 1284 1208 juncti
1303 1179 1377 1205 sunt,
1394 1174 1420 1201 in
1441 1182 1470 1202 se
1487 1175 1561 1210 ipsos
1582 1175 1640 1202 l‘ru-

850 1222 906 1246 stra
923 1218 1062 1251 invadere,
1091 1223 1118 1246 et
1137 1219 1258 1247 vicissim
1281 1220 1404 1247 membra
1419 1228 1468 1248 sua
1493 1221 1638 1254 devorare,

849 1269 876 1292 et
895 1272 1036 1299 nunquam
1058 1265 1087 1292 in
1107 1265 1159 1292 hac
1178 1273 1208 1293 re
1233 1266 1360 1293 cessare?
1377 1266 1454 1299 Quod
1479 1267 1589 1302 quidem
1614 1267 1639 1294 si

849 1318 944 1337 verum
968 1314 1037 1343 erat,
1066 1311 1214 1346 praestabat
1235 1311 1309 1346 ipsos
1324 1320 1338 1338 a
1359 1320 1388 1340 se
1407 1312 1474 1347 ipsis
1492 1313 1614 1340 consumi
1631 1324 1636 1340 :

849 1361 876 1383 et
900 1349 1017 1384 inaniter
1033 1356 1145 1384 demens
1170 1357 1367 1392 (Manichmus)
1395 1358 1519 1390 ἀταξίαν,
1544 1359 1570 1386 id
1585 1364 1638 1390 est.

848 1402 1082 1437 perturbationem
1097 1403 1204 1431 ordinis
1220 1411 1300 1431 vocat
1315 1404 1341 1431 iu
1353 1412 1395 1435 eo.
1409 1405 1480 1439 quod
1494 1405 1560 1432 utile
1575 1410 1615 1433 est
1630 1417 1637 1433 :

851 1448 915 1476 huic
925 1449 998 1475 enim
1016 1448 1145 1484 nequitiae
1159 1449 1271 1476 ascribit
1283 1453 1309 1476 et
1320 1450 1442 1484 assignat
1456 1450 1640 1485 perturbatio-

849 1501 913 1522 nem
936 1493 1041 1522 ordinis
1066 1499 1128 1521 ante
1149 1495 1296 1528 mundum;
1318 1502 1399 1531 quam
1417 1495 1457 1522 sic
1471 1501 1560 1528 vocat,
1578 1500 1639 1524 tau-

850 1548 933 1576 quam
949 1541 1050 1573 doleat,
1073 1544 1101 1568 et
1115 1547 1145 1568 se
1172 1540 1302 1569 misereat
1323 1541 1460 1573 materiae,
1484 1542 1558 1577 quod
1583 1549 1638 1570 non

851 1587 928 1622 prius
941 1594 956 1613 a
971 1595 1001 1615 se
1026 1587 1085 1622 ipsa
1101 1586 1206 1614 utiliter
1222 1590 1249 1614 et
1265 1587 1460 1614 convenienter
1474 1593 1638 1623 consumpta

849 1637 940 1665 esset;
956 1636 983 1660 et
995 1637 1122 1668 tanquam
1136 1631 1245 1666 quidam
1257 1632 1361 1659 amicus
1375 1631 1456 1666 hujus
1471 1639 1588 1660 moerens
1604 1639 1638 1659 ac

851 1679 969 1714 graviter
983 1679 1088 1711 dolens,
1102 1677 1174 1713 quod
1188 1677 1240 1705 sibi
1255 1678 1405 1709 nocuisset,
1419 1685 1480 1712 qua:
1495 1681 1589 1704 contra
1608 1685 1638 1706 se

852 1726 956 1752 utiliter
973 1724 1046 1758 fecit,
1063 1726 1090 1753 in
1112 1725 1146 1752 iis
1166 1724 1396 1760 perturbationem
1420 1725 1524 1752 ordinis
1545 1729 1636 1756 vocat.

27 1777 79 1796 cum
90 1771 194 1800 deberet
207 1774 298 1808 potius
310 1773 533 1808 compositionem
546 1772 651 1800 ordinis
679 1771 937 1800 excdlentissimam
963 1779 1070 1804 vocare,
1103 1771 1216 1798 interire
1244 1770 1348 1798 scilicet
1366 1771 1466 1798 malum
1500 1778 1515 1797 a
1533 1771 1635 1806 seipso.

29 1816 66 1842 llle
79 1822 162 1845 autem
176 1819 223 1850 ait,
250 1818 278 1845 In
301 1819 457 1854 perturbato
483 1818 580 1846 ordine
613 1822 702 1850 erant,
720 1824 746 1846 et
761 1818 814 1845 sibi
830 1817 905 1851 inter
929 1824 959 1844 se
974 1817 1129 1850 nocebant;
1151 1817 1208 1844 viso
1227 1820 1316 1843 autem
1333 1817 1436 1844 lumine
1466 1817 1633 1844 desiverunt.

55 1864 150 1892 Οὐκοῦν
165 1867 346 1894 ἐπεϐούλευσε
365 1867 403 1902 τῷ
424 1867 590 1903 συμςξέροντι
601 1867 632 1893 τὸ
649 1866 718 1901 φῶς,
738 1865 795 1900 εἴγε

27 1911 79 1942 τοὺς
93 1913 189 1944 κακοὺς
206 1913 329 1948 ἀλλήλων
343 1912 487 1948 ἐρρύσατο,
503 1913 551 1938 καὶ
571 1912 664 1947 ὥσπερ
684 1911 796 1947 φάρμα-

28 1963 67 1981 κον
85 1958 171 1993 ἰατροῦ
196 1958 365 1994 εὐηργέτησε
388 1958 450 1989 τοὺς
474 1958 627 1989 νοσοῦντας.
644 1957 701 1984 Οὐκ
719 1955 753 1992 ἦν
768 1956 797 1983 δὲ

28 2002 85 2036 πρὸς
105 2004 204 2037 ἀγαθοῦ
221 2004 363 2039 φείσασθαι
379 2003 424 2030 τοῦ
438 2003 534 2035 κακοῦ,
557 2005 597 2035 εἰς
614 2003 644 2029 τὸ
660 2003 796 2038 διαμένειν

28 2048 66 2073 καὶ
79 2048 223 2082 σώζεσθαι,
249 2051 295 2077 καὶ
314 2049 350 2085 μὴ
364 2051 408 2084 ὑφ’
427 2047 524 2076 ἑαυτοῦ
542 2049 747 2076 ἀναλίσκεσθαι.
766 2050 797 2076 Εἰ

27 2093 71 2128 γὰρ
89 2095 129 2130 ὑφ’
141 2097 237 2123 ἑαυτοῦ
255 2095 426 2123 δαπανᾶσθαι
436 2095 516 2122 τοῦτο
533 2095 705 2126 διεκώλυσεν,
721 2096 796 2122 ἀντι-

836 1864 846 1875 *
884 1864 969 1900 Igitur
999 1865 1155 1892 insidiatum
1177 1868 1219 1892 est
1240 1864 1329 1890 lumen
1346 1864 1465 1897 utilitati,
1490 1863 1636 1898 siquidem

850 1911 936 1938 malos
956 1918 970 1937 a
989 1915 1083 1937 mutua
1102 1910 1176 1937 caede
1197 1909 1331 1940 liberavit,
1355 1915 1381 1936 et
1401 1914 1530 1944 tanquam
1547 1910 1636 1936 medi-

849 1957 911 1983 cina
934 1956 1032 1984 medici
1057 1956 1158 1991 profuit
1179 1957 1297 1991 aegrotis.
1321 1955 1356 1982 At
1379 1963 1433 1982 non
1459 1955 1635 1982 conveniebat

851 2003 933 2036 bono,
955 2008 983 2030 ut
1000 2007 1122 2038 parceret
1142 2003 1224 2035 malo,
1248 2007 1274 2030 et
1292 2003 1392 2030 sineret
1413 2009 1570 2036 permanere
1590 2001 1634 2028 in-

850 2050 968 2082 colume,
982 2055 1008 2076 et
1023 2057 1076 2076 non
1093 2048 1195 2076 sineret
1207 2056 1222 2075 a
1238 2057 1268 2076 se
1282 2050 1341 2084 ipso
1355 2048 1489 2076 consumi.
1507 2046 1535 2074 Si
1550 2047 1633 2078 enim,

851 2102 885 2122 ne
910 2102 925 2121 a
946 2103 975 2122 se
1000 2098 1219 2126 consumeretur,
1237 2094 1288 2121 hoc
1309 2094 1458 2129 prohibuit,
1478 2093 1536 2128 ipse
1553 2093 1634 2128 plane

27 2147 84 2174 κρυς
93 2141 170 2173 αὐτὸς
182 2142 343 2178 διετήρησεν
356 2141 421 2168 αὑτό
432 2150 439 2156 “
457 2142 504 2168 καὶ
518 2141 561 2176 εἴη
575 2141 606 2167 ἂν
618 2141 797 2176 ἀληθέστερον

854 2141 968 2168 servavit
984 2140 1082 2176 ipsum,
1098 2143 1224 2174 essetque
1236 2140 1324 2167 verior
1338 2140 1444 2174 ἀταξία,
1458 2140 1483 2167 id
1496 2144 1548 2171 est,
1561 2140 1636 2167 aber-

28 2187 94 2215 τοῦτο
110 2190 215 2223 ἀταξία,
232 2192 246 2217 ὅ
263 2198 329 2224 φησι
345 2189 393 2225 τὴν
410 2188 523 2221 ἀταξίαν
542 2187 722 2214 πεπαυκέναι.
733 2187 797 2212 "(hs

27 2233 104 2261 τοίνυν
119 2237 184 2272 αὐτῇ
199 2237 269 2268 λέξει
285 2236 365 2271 φησὶν
377 2236 393 2269 ἡ
411 2235 475 2269 παρ’
493 2234 583 2265 αὲτοῖς
601 2232 690 2267 βίϐλος
701 2240 707 2246 ⁸
725 2233 797 2268 Πρὸς

28 2279 144 2315 ἀλλήλους
158 2282 358 2315 στασιάζοντες.
383 2281 553 2308 ἐπεπόλασαν
569 2280 615 2307 καὶ
638 2279 719 2316 μέχρι
742 2279 796 2305 τῶν

29 2326 158 2362 μεθορίων,
174 2331 220 2357 καὶ
233 2330 262 2356 τὸ
275 2329 332 2364 φῶς
346 2327 427 2361 εἶδον,
442 2327 532 2362 θέαμά
549 2336 575 2353 τι
593 2325 735 2353 κάλλιστον
749 2325 796 2352 καὶ

28 2373 232 2408 εὐπρεπέστατον
245 2385 251 2392 ·
270 2376 339 2403 τότε.
365 2375 418 2402 ὑπὸ
438 2375 488 2410 τῆς
511 2375 539 2400 ἐν
550 2373 641 2404 αὐτοῖς
664 2372 797 2407 κινήσεως

28 2418 214 2455 ἐνθουσιῶντες,
228 2423 298 2449 κατὰ
322 2421 369 2448 τοῦ
382 2422 470 2456 φωτὸς
493 2419 696 2448 ἐϐουλεύσαντο.
718 2417 743 2444 τί
765 2417 796 2453 δὴ

29 2466 175 2501 ποιήσαντες
190 2470 313 2496 δύναιντο
326 2468 359 2495 ἂν
373 2469 471 2499 αὐτοὺς
483 2467 520 2502 τῷ
540 2465 675 2502 κρείττονι
697 2472 797 2498 συγκε-

30 2512 113 2545 Pint;
126 2515 209 2543 Τοῦτο
220 2516 248 2543 δὲ
269 2514 429 2550 λογίσασθαι
451 2515 500 2548 οὐχ
522 2510 572 2539 οἷοί
591 2521 621 2539 τε
634 2509 715 2547 ἦσαν,
739 2509 796 2536 ἀλλ’

29 2557 146 2597 ἐπιθυμίᾳ
160 2563 206 2590 τοῦ
234 2562 387 2598 κρείττονος
413 2561 477 2587 ἴδιον
501 2560 613 2595 θήραμα
638 2558 798 2593 νομίσαντες

27 2605 107 2639 αὐτοῖς
120 2608 238 2642 ἔσεσθαι,
259 2608 351 2636 πολλοὶ
367 2607 442 2638 ὅντες
464 2604 724 2641 ἐπεστρατεύσαντο.

852 2187 919 2213 ratio
936 2194 951 2213 a
970 2187 1042 2213 bono
1064 2186 1158 2213 ordine
1181 2185 1233 2212 hoc
1249 2186 1321 2219 quod
1342 2187 1390 2215 ait.
1416 2186 1549 2214 sublatam
1573 2194 1635 2213 esse

851 2232 1080 2267 perturbationem
1094 2230 1209 2258 ordinis.
1231 2229 1276 2257 Sic
1292 2231 1374 2265 igitur
1394 2235 1436 2258 est
1457 2231 1484 2258 in
1503 2231 1573 2258 libro
1586 2231 1632 2266 qui

850 2278 921 2313 apud
943 2278 1016 2313 ipsos
1031 2277 1118 2304 fertur
1132 2286 1138 2304 :
1153 2275 1287 2304 seditione
1303 2276 1374 2304 inter
1399 2277 1472 2311 ipsos
1487 2282 1557 2309 orta.
1575 2286 1634 2312 pro-

849 2323 958 2350 dierunt
983 2331 1069 2358 usque
1093 2322 1127 2349 ad
1147 2321 1312 2354 conﬁnium,
1337 2325 1364 2349 et
1380 2322 1505 2349 viderunt
1531 2323 1632 2355 lumen,

850 2370 1035 2404 spectaculum
1062 2368 1198 2404 quoddam
1225 2367 1438 2403 pulcherrimum
1461 2372 1489 2395 ct
1513 2369 1634 2396 maxime

850 2415 979 2442 decorum
999 2425 1004 2442 :
1026 2419 1090 2442 tunc
1106 2414 1286 2442 commotione
1306 2421 1354 2440 sua
1378 2413 1404 2440 in
1426 2413 1560 2441 insaniam
1581 2415 1633 2441 acti

850 2462 1075 2489 consultaverunt
1088 2461 1122 2489 de
1135 2461 1236 2488 lumine
1250 2460 1314 2495 quid
1335 2459 1489 2486 faciendum
1504 2464 1588 2491 esset,
1605 2464 1634 2488 ut

852 2515 881 2535 se
894 2515 956 2534 cum
975 2515 1007 2534 eo
1027 2507 1100 2542 quod
1121 2506 1294 2541 praestantius
1315 2511 1373 2533 erat
1395 2505 1551 2532 miscerent.
1578 2505 1634 2533 lloc

852 2558 942 2581 autem
960 2554 1080 2588 cogitare
1103 2561 1157 2580 non
1174 2557 1311 2588 poterant,
1341 2551 1389 2580 sed
1409 2559 1464 2586 prae
1486 2551 1636 2587 cupiditate

851 2599 972 2626 melioris
988 2598 1111 2626 arbitrati
1128 2598 1247 2626 futuram
1270 2605 1331 2626 esse
1345 2597 1483 2633 propriam
1503 2597 1633 2633 praedam,

850 2652 912 2672 cum
931 2644 1008 2671 multi
1022 2647 1124 2675 essent,
1141 2644 1291 2671 exercitum
1311 2643 1460 2670 instruunt.

521 2707 585 2735 CAP.
603 2705 684 2733 XVII.
701 2704 866 2732 Desiderium
878 2702 991 2730 hominis
1009 2704 1114 2729 bonum.

59 2753 182 2785 Λανϐἀνει
198 2757 225 2786 δὲ
240 2760 296 2790 τοῖς
314 2758 364 2793 τῆς
374 2756 473 2796 κακίας
486 2757 553 2787 υἱοῖς
565 2754 599 2782 τὰ
613 2754 720 2781 πάντων
732 2752 798 2779 κάλ-

29 2795 97 2828 λιῐτα
120 2805 327 2841 προμαρτυρῶν.
354 2805 384 2832 El
400 2804 454 2839 γὰρ
477 2802 507 2829 τὸ
527 2801 667 2829 κάλλιστον
689 2799 735 2826 καὶ
753 2798 796 2825 εὑ-

885 2750 1062 2780 Maniehaeus,
1084 2755 1144 2784 quae
1166 2752 1231 2775 sunt
1254 2748 1376 2776 omnium
1398 2748 1582 2784 pulcherrima
1607 2751 1635 2775 et

851 2797 1009 2832 bellissima,
1035 2795 1098 2824 ﬁliis
1120 2795 1248 2830 nequitiae
1267 2794 1422 2824 testimonio
1442 2803 1493 2824 suo
1509 2794 1635 2824 nesciens
