1900 3070
269 89 334 116 1θ91

836 87 904 114 TITI
923 87 1136 115 BOSTRENSIS
1149 87 1311 117 ,EPISlZOPl

1829 89 1880 116 ίοΞ

268 145 374 173 tribuit.
390 144 494 172 Etenim
511 145 534 173 si
550 145 622 180 quod
637 149 679 173 est
693 145 909 180 pulcherrimum
927 150 955 174 et
968 145 1050 173 maxi-

1108 146 1296 180 πρεπέστατον
1323 145 1461 180 ἐρασμίως
1494 143 1579 178 εἶδον,
1605 145 1651 172 καὶ
1679 144 1880 180 ἐπιθυμήσαντες

268 200 314 221 me
327 193 447 219 omnium
471 192 612 224 decorum,
633 195 758 218 amanter
775 191 913 225 viderunt,
932 197 959 219 et
975 191 1054 226 cupi-

266 239 353 267 ditate
376 239 479 266 incensi
504 238 640 273 propriam
663 238 780 272 praedam
802 246 863 266 esse
883 238 1056 266 existimave-

267 287 343 316 runt,
364 283 447 319 liquet
475 287 549 310 recte
573 283 703 310 sensisse.
727 283 817 316 Quare
839 283 984 311 consilium
1009 291 1056 311 ea-

267 330 356 364 piunt,
368 331 413 365 qui
429 337 483 356 non
501 333 566 356 sunt
582 330 695 356 rationis
707 330 863 364 participes,
875 330 1011 365 quomodo
1026 338 1056 358 se

260 376 320 410 'ipsi
335 384 398 403 cum
411 376 517 403 iumine
533 376 688 409 misceant;
714 379 741 403 et
765 376 928 411 relinquitur
942 396 949 408 ,
970 381 1000 403 ut
1011 376 1055 403 in-

260 422 340 449 ‘vidia
363 427 444 454 esset,
470 429 524 448 non
545 422 703 456 permittere
733 421 794 449 istis
814 421 867 448 frui
890 421 962 449 bono
977 431 983 448 :
1001 429 1053 448 non

267 468 340 496 enim
361 473 420 496 erat
434 475 525 496 sermo
540 467 682 495 Manichtei
702 473 844 496 constans.
860 467 891 495 Si
906 469 977 496 enim
992 476 1056 495 con—

260 519 310 541 tra
323 523 352 542 se
369 514 552 546 insaniebant,
568 514 708 549 oportebat
719 514 827 549 quidem
842 514 979 542 dimittere
995 522 1053 547 eos,

267 563 298 586 ut
315 567 330 586 a
351 566 381 586 se
402 559 469 594 ipsis
486 559 640 587 interirent.
667 559 696 585 Si
712 559 849 587 desiderio
866 559 977 586 luminis
992 564 1054 586 tan-

260 611 350 638 iquam
371 603 508 639 elegantes
523 604 695 636 tenebantur,
720 604 865 632 honestum
888 605 970 632 etiam
995 609 1055 632 erat

267 649 308 676 eis
323 649 483 681 concedere,
497 653 527 676 ut
542 649 709 677 fruerentur.
725 649 859 677 Decorum
872 651 946 678 enim
961 654 988 678 et
998 651 1056 677 lan-

267 694 358 722 dabile
375 695 487 722 omnino
510 699 551 722 est
569 695 717 722 secundum
743 700 868 722 naturam
890 695 1054 723 desiderium

267 741 343 773 boni,
363 749 418 776 quo
433 740 485 768 frui
502 737 557 768 non
569 745 725 775 potuerunt,
742 741 814 768 sicut
829 741 866 768 ait
878 741 925 776 qui
941 741 1054 777 dogma-

261 792 294 814 ta
308 786 449 814 Manicbtci
464 786 590 821 scripsit;
607 794 669 813 cum
685 786 784 821 alioqui
799 787 996 819 desiderarent,
1008 795 1057 822 p0-

1107 190 1216 226 θήραμα
1236 191 1301 217 ἴδιον
1323 191 1451 226 ἐνόμισαν
1475 192 1558 222 αὐτὸ,
1576 191 1673 226 δῆλον,
1701 190 1741 221 ὡς
1768 189 1839 224 ὀρθοί
1858 199 1883 223 γε

1106 235 1175 272 ἦσαν
1188 238 1237 274 τὴν
1248 237 1391 273 ὑπόληψιν.
1412 238 1493 264 Ὥστε
1517 238 1565 265 καὶ
1583 237 1760 272 βουλεύονται
1780 237 1803 263 οἱ
1818 236 1884 270 λόγου

1108 283 1145 318 μὴ
1169 283 1341 318 μετέχοντες,
1366 285 1440 315 ὅπως
1462 284 1494 310 ἂν
1517 284 1628 316 ἑαυτοὺς
1653 284 1835 319 ἐγκεράσαιεν
1855 284 1885 318 τῷ

1106 327 1189 362 φωτί·
1209 329 1256 354 καὶ
1283 328 1380 362 φθόνου
1399 329 1491 355 λοιπὸν
1516 327 1550 364 ἦν
1570 331 1600 356 τὸ
1616 330 1654 365 μὴ
1669 331 1780 357 ἀνεῖναι
1794 329 1886 360 τούτοις

1105 375 1151 402 τοῦ
1175 375 1279 410 ἀγαθοῦ
1301 376 1350 412 τὴν
1375 377 1540 403 ἀπόλαυσιν·
1561 378 1610 412 οὐχ
1635 378 1738 413 ἕστηκε
1772 377 1826 414 γὰρ
1849 378 1886 404 τοῦ

1105 421 1241 453 Μάνεντος
1250 422 1264 447 ὁ
1273 422 1360 455 λόγος.
1368 423 1399 449 Et
1412 423 1466 459 γὰρ
1476 424 1536 450 κατ’
1549 424 1672 460 ἀλλήλων
1679 425 1836 460 ἐμαίνοντο,
1851 435 1887 452 και

1105 468 1158 494 ἔδει
1170 476 1202 502 γε
1216 468 1314 500 αὐτοὺς
1331 470 1490 496 καταλιπεῖν
1505 470 1549 496 ὑπ’
1569 470 1693 506 ἀλλήλων
1718 471 1884 506 φθείρεσθαιλ

1105 514 1129 540 εἰ
1146 513 1174 540 δέ
1201 514 1378 550 ἐπεθύμησαν
1390 516 1428 547 ὡς
1447 517 1548 543 ἀστεῖοι
1560 517 1607 543 τοῦ
1621 518 1721 552 φωτὸς,
1739 519 1789 544 καὶ
1815 527 1887 554 προε-

1105 561 1172 597 ἦκον
1192 559 1226 597 ἦν
1249 563 1341 594 αὐτοῖς
1365 563 1510 599 ἐπιτρέψαι
1532 564 1627 591 τούτου
1653 564 1702 600 τὴν
1727 565 1884 592 ἀπολαυτεψ

1105 607 1200 634 ἀστεία
1222 608 1277 645 γὰρ
1293 609 1338 635 καὶ
1356 610 1483 645 ἐπαινετὴ
1505 610 1575 636 κατὰ
1589 610 1669 645 φύσιν
1686 611 1799 641 πάντως
1819 612 1834 646 ὴ
1848 612 1885 637 τοῦ

1105 654 1208 685 ἀγαθοῦ
1221 655 1363 690 ἐπιθυμία,
1376 654 1461 692 οὗπερ
1475 657 1623 683 ἀπολαύειν
1637 658 1686 693 μὲν
1703 657 1741 692 μὴ
1755 657 1885 692 ἡδύναντι,

1105 700 1143 731 ὦς
1162 709 1193 734 γε
1210 701 1224 726 ὀ
1241 700 1274 727 τὰ
1291 701 1336 728 τοῦ
1361 701 1499 733 Μάνεντος
1527 703 1695 738 συγγράφων
1720 704 1805 738 φησιν
1816 724 1824 734 ,
1838 705 1887 730 ἐπι-

1106 745 1264 781 θυμοῦντες,
1277 747 1444 783 διαφθείρειν
1459 748 1486 775 δὲ
1506 749 1555 784 οὺχ
1574 747 1625 775 οἷοί
1641 758 1670 776 τε
1683 747 1757 784 ἦσαν
1771 758 1777 764 ·
1794 750 1886 776 τοιοῦτο

1105 791 1160 827 γὰρ
1180 792 1288 824 πάντως
1302 793 1332 819 τὸ
1346 793 1457 827 ἀγαθὸν,
1475 791 1530 820 οἷον
1544 795 1613 830 μήτε
1624 795 1812 827 δαπανᾶσθαι,
1829 796 1885 830 μήτε

267 838 378 861 luerunt
389 837 479 860 tamen
495 840 524 860 se
538 834 672 860 conficere
686 838 714 860 et
729 833 870 861 destruere
887 844 893 860 :
911 834 965 861 tale
981 834 1050 861 enim

1105 837 1192 870 ἄλλως
1210 839 1434 867 ἐπιϐουλεύεσθαι
1456 839 1523 876 πρδς
1539 841 1592 867 τῶν
1611 841 1782 876 μετεχόντων
1805 829 1884 868 axi-xi;

260 881 375 916 .penitus
389 884 430 907 est
445 879 558 910 bonum,
576 884 604 906 ut
616 887 704 914 neque
713 880 837 906 consumi
853 880 950 914 possit.
966 887 1054 914 neque

261 926 373 961 .possint
383 925 497 953 insidias
511 925 535 952 ei
553 932 663 959 ponere,
681 925 728 959 qui
743 925 802 959 ejus
815 925 962 960 participes
978 929 1051 952 sunt.

266 971 408 1005 Quomodo
432 975 521 998 autem
537 979 631 998 omnes
652 971 733 998 simul
754 971 780 997 in
801 971 922 997 militiam
940 970 1051 1005 profecti

265 1021 340 1048 sunt,
362 1017 408 1052 qui
430 1024 485 1043 non
501 1019 698 1051 cognoverant,
723 1015 785 1050 quis
804 1016 943 1042 resisteret
957 1019 984 1041 et
1003 1015 1052 1042 ad-

264 1063 441 1091 versaretur?
457 1062 502 1089 Sic
518 1062 590 1097 enim
605 1065 646 1089 est
668 1062 694 1088 in
711 1062 792 1093 libro,
809 1061 881 1088 unde
896 1061 948 1089 ista
969 1061 1054 1088 Mani-

266 1109 332 1136 chaei
346 1109 534 1144 apposuimus,
549 1108 621 1143 quod
639 1115 726 1142 neque
742 1107 825 1134 Deum
847 1108 873 1134 in
890 1107 991 1134 lmnine
1006 1107 1054 1133 ba-

267 1156 354 1183 bitare
376 1155 510 1185 sciebant,
531 1162 618 1189 neque
632 1161 662 1181 se
679 1161 798 1188 unquam
816 1153 927 1187 impune
938 1154 1053 1185 laturos,

266 1203 288 1228 si
306 1202 332 1228 in
351 1201 396 1229 Dei
411 1200 579 1228 domicilium
595 1199 723 1227 invadere
738 1200 882 1226 auderent.

1113 883 1348 919 Ὲπεστράτευσαν
1363 884 1392 911 δέ
1416 885 1483 920 ὁμοῦ
1504 886 1604 918 πάντες
1627 887 1688 913 τίνα
1715 887 1836 922 τρόπον.
1858 888 1885 921 μή

1105 930 1205 961 εἰδότες
1216 930 1261 956 τὸν
1273 931 1468 966 ἀνθιστάμενον
1479 941 1486 965 ;
1501 933 1568 968 Φησὶ
1580 934 1633 969 γὰρ
1646 932 1714 959 αὐτὸ
1728 933 1760 959 τὸ
1771 934 1885 968 γραμμι,

1104 975 1151 1009 ἀφ’
1167 972 1196 1002 οὗ
1210 974 1243 1001 τὰ
1258 976 1334 1011 παρὰ
1352 977 1398 1003 τοῦ
1408 977 1545 1010 Μάνεντος
1561 979 1774 1014 παρεθήκαμεν,
1791 979 1828 1010 ὡς
1844 980 1886 1004 οὐδ’

1101 1022 1215 1054 ὃτιΘεὺς
1227 1023 1256 1049 ὲν
1270 1023 1340 1056 φωτὶ
1354 1023 1463 1059 διῃτᾶτο
1480 1026 1639 1059 ἐγίνωσκον,
1657 1026 1714 1052 οὐδ’
1729 1026 1784 1057 ὅτι,
1802 1026 1886 1060 τολμή-

1103 1077 1198 1099 σαντες
1211 1067 1280 1094 κατὰ
1296 1069 1342 1095 τοῦ
1363 1071 1519 1106 οἱκητηρὶοι.
1542 1071 1588 1097 τού
1603 1071 1690 1103 Θεοῦ,
1711 1072 1765 1098 οὐκ
1791 1071 1887 1106 ἕμξὶᾶον

1103 1116 1187 1143 ἁθῶοί
1201 1125 1265 1143 ποτε
1277 1117 1475 1152 ἀπαλλαγῆναι.

726 1255 790 1283 CAP.
811 1255 904 1282 XVIII.
923 1255 1080 1291 Ignorantia
1094 1255 1263 1282 Manichaica
1275 1255 1435 1290 exagitetur.

303 1316 332 1343 Si
346 1315 429 1351 igitur
443 1323 497 1342 non
519 1318 705 1350 cognoverunt
733 1314 899 1341 contrarium
917 1314 989 1349 quod
1003 1314 1051 1342 ob-

266 1363 356 1390 stabat
376 1362 426 1394 eis,
447 1361 566 1388 alienum
591 1363 633 1388 est
655 1367 767 1395 prorsus
782 1367 796 1386 a
815 1361 921 1387 ratione
936 1361 1052 1388 educere

262 1408 418 1435 exercitum
443 1402 539 1434 contra
558 1413 606 1434 eos
635 1413 651 1432 a
672 1406 772 1441 quibus
787 1414 817 1434 se
837 1407 931 1442 repelli
947 1407 1052 1434 nescie-

266 1455 348 1481 bant:
360 1460 410 1489 par
421 1453 493 1481 enim
509 1458 569 1481 erat
580 1452 681 1480 armari
695 1460 753 1486 eos,
771 1457 799 1480 ut
819 1453 896 1480 aiunt
910 1453 973 1489 ipsi,
990 1453 1052 1488 igne

261 1503 293 1526 et
318 1499 448 1530 tenebris,
475 1499 498 1526 si
523 1498 713 1534 praevidissent
728 1506 758 1526 se
772 1499 807 1526 ab
834 1499 930 1526 alienis
954 1499 1052 1526 arceri.

266 1544 321 1572 Sed
345 1544 410 1579 quia
428 1545 540 1571 omnino
561 1544 734 1579 ignorabant,
762 1551 817 1571 non
833 1544 920 1571 solum
937 1552 990 1571 non
1013 1549 1054 1572 est

264 1589 407 1628 credibile,
424 1589 471 1617 sed
488 1590 569 1624 plane
586 1589 636 1616 sibi
659 1596 824 1624 repugnans,
843 1596 1008 1616 armaturam
1027 1594 1054 1616 et

265 1637 414 1664 exercitum
437 1637 603 1668 describere,
629 1644 691 1663 cum
714 1636 805 1663 nullus
826 1636 934 1670 penitus
959 1644 1055 1670 exspe-

267 1687 390 1710 ctaretur
416 1682 449 1709 ad
484 1682 666 1710 resistendum
701 1681 855 1709 adfuturus.
877 1681 936 1708 Non
963 1683 1053 1709 minus

264 1727 432 1754 contrarium
445 1731 487 1754 est
497 1727 597 1758 dicere,
607 1731 663 1753 turn
675 1726 849 1762 cupiditatem
869 1727 979 1754 luminis
992 1727 1054 1755 illos

263 1772 405 1806 habuisse,
422 1778 478 1799 tum
490 1777 621 1808 apparatu
642 1773 740 1799 bellico
755 1780 820 1800 usos
837 1780 898 1800 esse
911 1773 1050 1800 confiteri:

264 1820 348 1846 armis
371 1820 443 1846 enim
462 1819 566 1846 bellicis
594 1819 683 1846 omnis
697 1819 785 1846 hostis
802 1825 897 1846 contra
924 1820 1054 1847 adversa-

264 1866 335 1893 rium
358 1873 388 1893 se
406 1865 471 1900 tegit
492 1869 518 1892 et
535 1865 636 1897 munit;
651 1873 704 1892 non
724 1870 818 1892 contra
833 1866 870 1897 id,
889 1866 961 1901 quod
979 1867 1053 1902 cupit

263 1919 324 1939 esse
338 1911 479 1947 praemium
501 1911 668 1938 certaminis.
687 1910 715 1937 Si
733 1918 798 1945 ergo
812 1918 866 1938 non
886 1916 944 1939 erat
958 1912 1053 1939 adver-

263 1958 372 1990 sarius,
399 1962 534 1992 quatenus
554 1957 606 1992 ipsi
632 1957 813 1992 ignorabant,
841 1958 977 1993 quomodo
998 1967 1052 1985 non

264 2009 328 2032 sunt
342 2004 489 2035 contraria,
502 2011 603 2037 cupere
617 2008 643 2030 'et
658 2004 836 2039 bel'igerare?
851 2005 992 2037 Quomodo
1007 2013 1053 2032 au-

264 2056 317 2079 tem
334 2051 400 2078 illud
413 2052 494 2077 etiam
509 2059 562 2077 nun
575 2054 616 2078 est
641 2058 805 2086 magnopere
819 2059 985 2087 repugnans,
1005 2059 1052 2078 eos

264 2096 311 2131 qui
328 2096 356 2122 in
371 2097 405 2123 iis
427 2103 488 2130 qua:
510 2096 661 2123 secundum
676 2100 803 2123 naturam
822 2101 886 2124 sunt
910 2105 1050 2131 nunquam

1139 1315 1171 1341 Εἰ
1189 1314 1279 1341 τοίνυν
1297 1315 1334 1350 μὴ
1349 1315 1446 1350 ᾔδεσαν
1464 1314 1494 1340 τὸ
1515 1313 1618 1340 κωλῦον
1645 1314 1786 1345 ἐναντίον,
1806 1314 1885 1347 ἄλογον

1105 1360 1192 1395 πάντη
1209 1360 1239 1386 τὺ
1258 1360 1473 1396 ἐπιστρατεύειν,
1491 1360 1532 1394 ἐφ’
1549 1358 1589 1392 οἷς
1605 1361 1656 1387 οὐκ
1670 1361 1775 1396 ᾔδεσαν
1797 1361 1884 1386 κωλυό-

1106 1414 1198 1441 μενοι·
1215 1405 1373 1438 ὁπλίζεσθαι
1389 1406 1443 1441 γὰρ
1463 1406 1536 1437 εἰκὸς
1552 1403 1586 1441 ἦν
1615 1406 1736 1438 αὐτοὺς,
1754 1406 1793 1437 ὦς
1815 1413 1882 1440 φησι.

1105 1452 1173 1487 πυρὶ
1190 1452 1236 1478 καὶ
1254 1452 1352 1487 σκότῳ,
1364 1452 1388 1478 ει
1398 1451 1550 1488 προῄδεσαν
1567 1453 1621 1478 τῶν
1637 1452 1793 1487 ἀλλοτρίων
1809 1453 1883 1486 52931.!

1106 1506 1191 1532 μενοι.
1216 1498 1293 1524 Ἐπεὶ
1313 1498 1341 1524 δὲ
1364 1498 1501 1530 παντελῶς
1523 1499 1654 1533 ἠγνόουν,
1679 1499 1734 1526 οὐκ
1765 1499 1881 1526 ἀπιοᾱνγι

1106 1543 1195 1577 μόνον,
1213 1543 1280 1570 ἀλλὰ
1295 1544 1342 1570 καὶ
1356 1543 1448 1578 σαφῶς
1466 1544 1620 1579 μαχομένου
1633 1545 1728 1578 λόγου,
1747 1545 1849 1571 ὁτλισίν
1860 1554 1882 1570 τε

1104 1590 1151 1616 καὶ
1171 1589 1300 1625 στρατιὰν
1327 1590 1496 1625 διαγράφειν,
1520 1591 1590 1617 κατὰ
1617 1592 1734 1626 μηδενὸς
1759 1592 1884 1621 παντελῶς

1104 1635 1289 1662 ἐναντιοῦσθαι
1307 1636 1541 1671 προσδοκωμένου.
1556 1637 1612 1671 Οὐχ
1625 1634 1710 1672 ⁴ἦττον
1730 1637 1760 1663 δὲ
1776 1639 1884 1664 ἐναντίω

1103 1682 1150 1707 καὶ
1165 1681 1196 1707 τὸ
1212 1681 1250 1716 πὴ
1277 1681 1325 1716 μὲν
1341 1681 1488 1716 ἐπιθυμίαν
1505 1682 1572 1717 πρὸς
1594 1683 1624 1708 τὸ
1639 1683 1700 1716 φῶς
1715 1683 1883 1715 ὲκείνοις.γε-

1103 1726 1197 1753 νέσθαι
1215 1726 1314 1760 λέγειν,
1327 1725 1364 1761 πὴ
1382 1726 1410 1752 δὲ
1432 1727 1592 1762 παρασκευῇ
1614 1727 1754 1762 πολεμικῇ
1773 1730 1829 1753 κατ’
1846 1727 1883 1751 αὐ-

1102 1773 1149 1799 τοῦ
1164 1773 1313 1808 κεχρῆσθαι
1329 1773 1441 1805 τούτους
1452 1773 1592 1807 ὁμολογεῖν
1601 1781 1609 1789 ο
1620 1773 1706 1800 ὅπλον
1717 1773 1774 1809 γὰρ
1788 1774 1883 1803 πάντως

1104 1819 1250 1854 πολεμικὸν
1264 1818 1333 1845 κατὰ
1344 1818 1391 1845 τοῦ
1408 1819 1602 1854 ἀνθισταμένου
1617 1819 1804 1854 προϐάλλεται
1819 1819 1884 1845 τίλέ-

1105 1874 1164 1901 μιος
1179 1865 1261 1898 ἅπας,
1283 1866 1313 1892 ού
1333 1865 1393 1892 καθ’
1407 1861 1437 1892 οὗ
1456 1865 1513 1900 ἔχει
1531 1865 1579 1900 τὴν
1602 1865 1755 1900 ἐπιθυμίαν
1766 1865 1882 1892 ἐπάθλου.

1103 1914 1134 1939 Εἰ
1153 1913 1241 1939 τοίνυν
1259 1912 1294 1948 μὴ
1305 1911 1338 1948 ἦν
1360 1913 1429 1939 κατὰ
1442 1912 1490 1947 τὴν
1509 1912 1597 1940 αὐτῶν
1614 1912 1727 1946 ἄγνοιαν
1741 1914 1756 1939 ὁ
1771 1913 1883 1939 ἀνθιστᾶ-

1103 1967 1194 1994 μενος,
1207 1959 1264 1990 πῶς
1280 1959 1329 1984 ούκ
1345 1958 1463 1985 ἐναντίον
1479 1959 1509 1984 τὸ
1530 1958 1674 1993 ἐπιθυμεῖν
1689 1959 1731 1993 τῷ
1746 1959 1881 1993 πολεμεῖν;

1103 2003 1165 2035 Πῶς
1179 2004 1206 2029 δὲ
1221 2004 1281 2038 οὐχὶ
1298 2004 1358 2030 λίαν
1375 2004 1485 2030 κάκεῖνο
1508 2004 1672 2039 μαχόμενον,
1687 2004 1748 2038 εῑγε
1767 2006 1792 2031 οἱ
1816 2005 1883 2039 μηᾶέ-

1103 2057 1168 2075 ποτε
1185 2049 1415 2084 συμφωνήσαντες
1441 2050 1470 2075 ἐν
1485 2051 1541 2081 τοῖς
1565 2049 1636 2076 κατὰ
1657 2050 1744 2084 φύσιν
1772 2051 1882 2084 ἀλλῂλως

1103 2094 1264 2127 συνέπνεον;
1284 2095 1366 2129 Ὁμοῦ
1382 2095 1446 2130 γὰρ,
1461 2096 1538 2130 φησὶ.
1559 2096 1630 2123 κατὰ
1643 2096 1692 2122 τοῦ
1714 2098 1806 2131 φωτὸς
1819 2098 1881 2122 Mar

264 2140 415 2168 concordes
431 2140 549 2171 fuerunt,
575 2140 646 2167 inter
667 2148 697 2168 se
719 2141 752 2167 ad
770 2141 925 2169 bellandum
943 2142 1050 2177 conspi-

1105 2139 1242 2168 λεύσαντο.
1263 2142 1293 2167 Οἱ
1313 2141 1366 2176 γὰρ
1383 2141 1417 2167 τὰ
1434 2141 1554 2176 ἀλλήλων
1571 2142 1638 2177 μέλη
1655 2143 1832 2178 τρεφόμενοι,
1847 2145 1880 2168 καὶ

265 2186 360 2213 rasse‘!
377 2185 474 2217 Simul,
497 2186 600 2220 inquit.
614 2191 710 2213 contra
729 2187 819 2213 lumen
836 2187 981 2214 consilium
1006 2195 1052 2214 ce-

264 2235 374 2266 perunt.
401 2230 451 2264 Qui
473 2231 545 2258 enim
567 2231 696 2258 membris
718 2231 776 2259 suis
792 2231 862 2258 inter
886 2240 915 2259 se
930 2231 1051 2259 vicissim

263 2277 455 2311 pascebantur,
472 2281 498 2304 et
511 2283 617 2312 semper
632 2277 706 2304 nulla
715 2284 835 2311 unquam
850 2277 1052 2304 intermissione

1106 2186 1239 2222 μηδέποτε
1249 2187 1300 2222 τῆς
1314 2189 1374 2213 κατ’
1386 2187 1506 2223 ἀλλήλων
1519 2189 1618 2223 μανίας
1632 2190 1819 2224 παυσάμενοι,

1104 2233 1133 2258 ἐν
1151 2233 1207 2264 τοῖς
1231 2233 1306 2268 παρὰ
1333 2233 1413 2267 φύσιν
1431 2234 1469 2265 εἰς
1485 2233 1633 2269 ἐπιθυμίαν
1654 2235 1714 2269 ἃμα
1741 2236 1791 2262 καὶ
1813 2236 1879 2272 ὀργὴν

1104 2277 1176 2304 κατὰ
1191 2278 1237 2304 τοῦ
1254 2278 1407 2313 κρείττονος
1426 2279 1637 2315 συνεφώνησαν;

263 2323 337 2349 facta
353 2326 447 2349 contra
468 2330 498 2350 se
516 2323 699 2355 insaniebant,
727 2323 864 2358 quomodo
881 2323 908 2350 in
931 2324 965 2350 iis
987 2331 1047 2358 quae
1066 2329 1164 2358 praeter
1179 2329 1305 2352 naturam
1325 2329 1400 2357 sunt,
1419 2325 1622 2360 ad1habendam
1654 2328 1835 2362 cupiditatem
1862 2333 1880 2355 et

263 2369 297 2396 ad
313 2368 522 2396 commotionem
546 2369 592 2395 ira:
613 2373 708 2396 contra
733 2369 818 2396 Deum
831 2370 983 2397 concordes
1008 2370 1120 2397 fuerunt

299 2415 329 2442 Si
343 2423 407 2442 vero
428 2415 499 2450 juvit
512 2419 651 2450 spectasse
676 2416 778 2448 lumen,
797 2423 888 2443 nonne
904 2417 1048 2450 oportebat

263 2461 327 2489 duci
341 2469 389 2489 eos
404 2469 418 2488 ιι
438 2461 494 2489 Deo
515 2461 549 2489 ad
573 2461 719 2496 perfectam
735 2466 840 2489 natum
856 2463 1047 2494 mutationem,

264 2508 384 2535 adhibita
411 2508 465 2535 illis
490 2508 630 2535 curatione
655 2508 688 2534 ad
709 2507 853 2535 fruendum
879 2508 937 2542 ipso
965 2508 1047 2540 bono,

264 2553 316 2580 boc
336 2558 393 2583 est.
418 2553 472 2580 Deo
500 2554 637 2588 perfecte?
658 2553 799 2587 Quomodo
816 2554 886 2589 juvit
908 2558 1048 2589 spectacu-

264 2599 319 2626 Inm
334 2599 443 2626 luminis
458 2599 508 2627 visi
523 2599 659 2634 profectos
674 2600 706 2628 ad
724 2599 877 2627 bellandum
889 2607 950 2627 cum
971 2607 1050 2627 exer-

262 2645 339 2678 citu;
357 2645 456 2679 quibus
471 2645 522 2672 hoc
540 2645 629 2679 ipsum
652 2645 742 2672 lumen
762 2653 816 2672 non
840 2646 963 2680 permisit
982 2653 1048 2672 con—

263 2695 305 2716 tra
333 2690 437 2724 seipsos
454 2689 572 2717 furorem
599 2690 716 2724 amplius
735 2698 873 2723 exercere,
890 2695 918 2718 ut
939 2691 1046 2726 quidem

263 2742 392 2762 exercere
413 2736 574 2770 oportebat;
599 2741 695 2763 contra
715 2744 744 2764 se
757 2745 822 2764 vero
846 2737 934 2772 ipsum
951 2741 1048 2772 praeter

263 2785 345 2812 quam
366 2780 516 2814 oportebat,
543 2781 684 2815 permisit?
710 2781 810 2809 Verum
830 2783 855 2810 in
880 2782 922 2810 bis
937 2782 1045 2816 quidem

1139 2417 1169 2444 Et
1185 2417 1213 2443 δέ
1233 2417 1336 2452 ὤνησεν
1359 2419 1456 2450 αὐτοὺς
1473 2419 1489 2453 ὴ
1517 2418 1566 2445 θέα
1585 2419 1631 2446 τοῦ
1649 2421 1754 2455 φωτὸς,
1772 2422 1827 2453 πῶς
1844 2423 1880 2447 οὐκ

1102 2463 1155 2490 ἔδει
1167 2472 1199 2496 γε
1212 2464 1279 2499 πρὸς
1291 2463 1392 2497 ἀγαθοῦ
1407 2464 1474 2499 πρὸς
1481 2464 1586 2491 τελείαν
1605 2465 1708 2498 αὐτοὺς
1722 2467 1774 2502 τῆς
1791 2468 1879 2501 φύσεως

1104 2509 1252 2544 μεταδολὴν
1269 2508 1491 2545 ξεναγωγηθῆναι
1501 2511 1534 2546 τῇ
1552 2511 1688 2546 ἐπιτροπῇ
1708 2513 1760 2547 τῆς
1775 2512 1880 2541 ἐντελοῦς

1101 2555 1148 2581 τοῦ
1167 2556 1320 2590 κρείττονος
1342 2556 1534 2589 ἀπολαύσεως;
1547 2557 1623 2589 *Πῶς
1639 2558 1668 2584 δὲ
1692 2559 1800 2594 ὤνησεν
1817 2558 1879 2594 ήθέι

1101 2600 1148 2626 τοῦ
1166 2600 1294 2633 φανέντος
1307 2600 1395 2634 φωτὸς
1410 2601 1666 2636 στρατευσαμένους
1678 2624 1685 2633 ,
1706 2601 1749 2636 οἷς
1770 2605 1818 2639 τὴν
1841 2613 1879 2639 μα·

1101 2645 1159 2671 νίαν
1172 2645 1262 2671 οὐκέτι
1277 2647 1336 2672 κατ’
1351 2646 1472 2681 ἀλλήλων
1481 2647 1594 2679 δεόντως
1607 2648 1732 2683 ἐνεργεῖν
1744 2650 1823 2676 τοῦτο
1836 2658 1879 2676 στα-ε-

1101 2691 1240 2727 εχὼρησε,
1264 2693 1325 2719 καθ’
1349 2693 1444 2719 ἐαυτοῦ
1464 2693 1492 2719 δέ
1514 2693 1590 2729 παρὰ
1619 2695 1651 2721 τὸ
1675 2695 1740 2723 δέον
1766 2697 1877 2733 ἐτεκψεη

1107 2737 1186 2763 Ἀλλὰ
1202 2738 1268 2763 πολὺ
1288 2739 1337 2773 μὲν
1355 2739 1383 2764 ἐν
1395 2738 1499 2771 τούτοις
1514 2740 1569 2771 τοῖς
1585 2739 1732 2776 πλάσμασι
1753 2742 1784 2768 τὸ
1804 2741 1876 2776 ληρῶ-

1100 2783 1160 2815 δες·
1178 2784 1264 2811 ταῦτα
1282 2785 1309 2810 δὲ
1326 2785 1371 2812 καὶ
1386 2785 1470 2817 ἄλλως
1492 2785 1674 2821 ἀσύγγνωστα
1691 2788 1821 2824 δειχθείη.
1837 2787 1875 2820 Fiu-
