1900 3070
44 58 126 86 1095

607 60 790 88 ADVERSUS
808 59 1021 88 MANICHIEOS
1041 61 1104 88 LIB.
1129 63 1147 89 1.

1617 63 1684 90 i091

39 115 104 150 γὰρ
133 115 294 150 ὀνομάζουσι
313 116 360 143 τοῦ
377 117 478 151 ἀγαθοῦ
490 126 496 132 ·
519 117 596 143 ποίαν
616 117 644 143 δέ
662 117 763 152 ταύτην
786 127 821 152 πρ

890 119 1053 146 commentis
1084 119 1198 146 multum
1226 119 1396 147 deliramenti
1427 125 1485 152 est,
1519 128 1579 155 qua:
1604 121 1684 147 aliter

42 161 98 195 τῆς
122 161 320 197 δημιουργίας,
350 162 538 198 Προλαμὸἀνει
553 163 584 198 δὴ
605 164 670 198 παρ’
693 163 785 194 αὐτοῖς
805 162 839 189 τὰ

41 206 171 241 ὀνόματα
196 207 249 234 τῶν
276 208 447 243 πραγμάτων
471 208 521 243 τὴν
554 208 674 242 γένεσιν·
696 208 759 243 πρὶν
785 208 839 243 γὰρ

42 252 219 287 ὁμολογῆσαι
246 253 292 280 τὸν
318 254 384 280 Θεὸν
412 254 610 289 πεποιηκέναι,
638 253 711 288 λέγει
740 251 809 280 εἶναι
825 254 839 279 ὁ

43 298 234 332 χαλεπώτατα
248 300 342 335 μανεὶς
354 300 384 327 τὸ
398 301 510 336 μηδέπω
519 301 712 336 γεγενημένον.
725 300 763 335 Γῆ
774 300 838 335 γὰρ,

44 345 70 370 εί
91 345 145 380 μὲν
161 347 281 380 ἐγένετο,
296 345 330 382 ἧν
340 355 346 361 ·
362 347 385 372 εἰ
401 347 428 372 δὲ
446 346 483 382 μὴ
497 346 629 382 γενομένη
645 346 760 382 ὑπῆρχε,
775 354 839 372 συν-

43 391 184 427 αγένητος
197 390 231 427 ἦν
243 392 282 428 τῷ
295 392 363 427 Θεῷ.
379 393 432 427 Γῆς
449 392 476 419 δὲ
487 393 548 419 τίνα
558 392 652 429 χρείαν
667 391 723 426 ἔχει
737 393 751 418 ό
761 391 837 423 Θεὸς,

43 439 82 473 γῇ
98 437 138 473 μὴ
151 439 337 474 κεχρημένος;
353 439 547 473 Ἀναλογίστως
557 439 609 474 γῆν
619 437 686 464 Θεοῦ
699 437 837 473 ὀνομάζει,

44 485 114 518 πρὶν
128 484 232 520 ταύτην
249 486 335 512 εἰπεῖν
357 485 514 520 γεγονέναι*
529 485 588 512 οὐδὲ
605 485 659 519 γὰρ
683 482 738 511 οἷόν
752 491 782 511 τε
805 483 839 520 ἦν

44 531 102 566 πρὸ
117 531 299 568 δημιουργίας
316 532 485 567 μαρτυρῆσαι
501 531 587 568 ταύτῃ
604 531 634 557 τὸ
649 530 785 565 γενέσθαι.

893 164 974 191 etiam
991 164 1191 194 convincimus,
1220 171 1275 191 non
1298 173 1380 200 posse
1394 167 1543 193 condonari
1563 176 1568 192 :
1592 167 1682 193 uomi-

893 215 959 237 nant
973 210 1045 238 enim
1063 212 1163 240 terram
1179 210 1242 237 boni
1261 211 1310 246 (id
1321 216 1372 245 est,
1390 211 1435 239 Dei
1451 213 1478 247 ;)
1494 213 1601 247 qualem
1617 219 1683 239 vero

891 260 995 284 terram
1018 260 1079 283 ante
1103 255 1198 283 mundi
1224 257 1410 284 creationem?
1435 258 1513 293 Apud
1531 265 1577 285 eos
1607 257 1683 285 scili-

893 305 937 329 cet
959 305 1049 329 ortum
1071 305 1162 329 rerum
1180 302 1330 336 anticipant
1351 305 1460 330 nomina
1478 313 1485 330 :
1503 303 1580 339 prius
1606 303 1680 331 enim

892 355 974 383 quam
991 348 1128 375 fateantur
1149 355 1257 376 creasse
1273 347 1356 375 Deum
1370 350 1510 381 mundum,
1534 350 1572 377 ait
1587 349 1682 376 absur-

891 395 1021 422 dissimus
1048 393 1230 426 Manichacus,
1256 402 1317 422 esse
1347 395 1420 430 quod
1436 386 1556 422 nondum
1579 395 1681 422 factum

891 444 960 467 erat.
985 438 1071 466 Terra
1093 447 1222 474 namque.
1245 440 1268 467 si
1291 440 1402 475 quidem
1427 441 1525 473 fuerat,
1541 446 1599 469 erat
1615 451 1621 468 ι
1637 441 1681 468 sin

894 493 957 512 vero
972 492 1025 512 non
1043 489 1103 512 erat
1117 484 1199 516 facta,
1215 490 1275 512 erat
1288 486 1369 513 simul
1394 494 1457 513 cum
1478 486 1533 514 Deo
1549 487 1679 522 ingenim.

893 530 961 563 Quid
978 537 1043 557 vero
1057 537 1125 564 opus
1140 534 1199 557 erat
1215 530 1270 558 Deo
1284 534 1357 558 terra
1368 552 1376 563 ,
1393 539 1446 566 qua
1463 539 1517 558 non
1532 531 1581 559 fuit
1594 532 1681 559 usus?

44 576 104 604 Sed
132 577 178 604 bic
200 578 360 613 insipienter
383 582 484 605 terram
505 577 551 605 Dei
575 583 664 611 vocat,
690 581 836 613 antequam
856 577 931 605 dicat
946 577 1045 604 factam
1065 584 1125 605 esse
1145 586 1151 604 :
1170 585 1220 604 nec
1251 578 1325 605 enim
1352 583 1415 606 ante
1443 580 1609 607 creationem
1632 585 1680 614 p0-

44 627 121 650 terat
136 624 324 651 testimonium
340 624 392 651 dici
410 625 443 651 de
459 628 531 651 terra
547 624 631 651 facta.

447 681 512 708 (In.
534 680 606 708 XIX.
623 680 726 708 Malum
742 679 899 715 principium
917 676 1002 704 videre
1015 676 1103 703 lumen
1125 685 1178 704 non
1197 678 1291 711 potuit.

83 740 205 767 Ἔπειτα
229 740 296 766 Θεοῦ
322 740 371 775 μὲν
395 739 452 766 ἐστι
477 738 535 775 φῶς
554 739 681 775 αἰσθητὸν
703 739 837 775 δημιούρ-

926 735 1029 762 Deinde
1056 742 1071 762 a
1094 735 1150 762 Deo
1174 734 1282 770 quidem
1312 739 1434 762 creatum
1467 742 1508 764 est
1537 738 1626 766 lumen
1651 740 1680 768 in

42 795 138 822 γημα,
161 786 242 818 αὐτὸς
261 786 289 813 δὲ
308 786 366 820 φῶς
383 786 416 813 ἂν
433 786 476 820 εἴη
496 786 601 822 νοητὸν,
617 785 666 811 οὐκ
688 784 816 819 αἰσθητόν

890 785 1029 816 aspectum
1051 780 1170 814 cadens;
1197 781 1255 815 ipse
1266 785 1355 807 autem
1375 781 1445 809 Deus
1467 785 1557 811 lutlten
1573 789 1615 812 est
1636 786 1679 813 in-

42 831 125 860 Είδεν
142 831 188 860 οὖν
199 834 216 868 ὴ
227 833 322 864 κακία,
339 832 417 868 φησὶ,
431 832 461 858 τὸ
478 831 536 866 φῶς
548 831 595 858 τοῦ
612 830 724 865 ἀγαθοῦ.
741 831 772 857 Εἰ
787 830 836 866 μὲν

40 879 73 905 τὸ
91 878 223 914 αἰσθητὸν
250 880 318 913 φῶς,
335 878 412 905 οὔπω
439 878 551 913 κόσμος,
574 876 636 903 οὗτε
658 877 766 912 γένεσις
794 876 837 903 κό-

42 934 117 960 σμου
132 933 140 940 ο
169 925 227 957 πῶς
241 923 295 951 εἶδε
315 924 345 950 τὸ
358 923 472 959 μηδέπω
495 922 696 958 γεγενημένονς
717 921 764 949 τοῦ
783 922 837 958 γὰρ

40 971 219 1007 κεχρημένου
237 971 319 1006 μήπω
336 970 513 1005 τυγχάνοντος
532 969 688 1004 ἀνθρώπου,
703 969 756 995 τίνι
771 969 838 1004 χρή-

42 1025 128 1052 σιμον
148 1015 183 1052 ἦν
203 1016 233 1043 τὺ
252 1015 327 1050 φῶς;
352 1015 469 1051 συγγενῆ
490 1015 544 1051 γὰρ
568 1015 607 1050 τῷ
628 1016 790 1051 κεχρημένῳ
803 1015 838 1042 τὰ

38 1063 172 1098 χρήσιμα
182 1071 188 1077 ·
203 1062 233 1088 οὺ
247 1061 301 1098 γὰρ
315 1061 348 1097 δὴ
364 1060 423 1096 Θεῷ
437 1061 571 1097 χρήσιμον
587 1058 621 1096 ἦν
633 1060 838 1096 ἀπηλλαγμένῳ

39 1109 139 1144 πάθης
151 1108 283 1144 αἰσθητῆς
300 1107 455 1142 μετουσίας.
478 1108 510 1133 Εἰ
534 1107 563 1133 δὲ
588 1107 668 1133 αὑτὸν
696 1107 740 1134 τὸν
758 1107 836 1140 Θεὸν,

39 1155 133 1190 ὅσπερ
149 1155 208 1181 ἐστὶ
224 1154 316 1189 νοερὸν
334 1154 401 1188 φῶς,
424 1153 533 1185 πάντως
556 1153 709 1188 ὁμοιώματι
731 1152 838 1187 φύσεως

39 1198 95 1227 εἶδε
115 1201 147 1227 τδ
163 1201 265 1236 ὅμοιον.
288 1200 408 1235 ’Λνάγκη
420 1199 507 1226 τοίνυν
529 1199 656 1234 αίσΘητὺν
680 1198 737 1233 φῶς
754 1199 838 1236 αὐτὴν

36 1247 216 1283 ἑωρακέναιι
237 1247 366 1282 αἰσθητὸν
381 1246 409 1273 δὲ
425 1246 477 1280 πρὸ
500 1245 554 1272 τῶν
570 1244 716 1280 αἰσθητῶν,
734 1245 781 1272 τοῦ
803 1245 839 1272 τί·

37 1301 86 1325 νος
108 1293 190 1329 χάριν
213 1293 330 1329 ὑπῆρχε.
352 1292 415 1324 Πῶς
431 1292 460 1319 δὲ
482 1291 555 1327 ὅμως
575 1291 669 1322 σκότος
691 1292 742 1327 ὁρᾷ
762 1291 836 1325 φῶς;

38 1339 72 1366 Εἰ
93 1340 151 1375 γὰρ
172 1339 302 1367 ἐθεάσατο
323 1338 391 1373 φῶς,
414 1337 464 1364 οὐκ
483 1337 517 1364 ἃν
539 1336 582 1372 εἴη
605 1337 715 1368 σκότος·
738 1337 838 1373 πολλὴν

37 1386 97 1421 γὰρ
112 1385 169 1421 εχει
184 1385 232 1422 τὴν
246 1385 416 1420 κοινωνίανή
433 1383 558 1419 αἴσθησις
574 1383 643 1419 πρὸς
655 1383 686 1410 τὺ
699 1384 837 1419 αἰσθητόν.

37 1431 148 1467 Φυσικὴ
163 1431 217 1467 γὰρ
233 1432 250 1466 ἡ
265 1430 377 1466 ἐπιϐολὴ
389 1430 422 1456 δι’
432 1429 579 1465 ὁμοιότητα
599 1430 649 1465 τῆς
663 1429 750 1464 ὂψεως
770 1429 838 1466 πρὸς

888 827 1028 863 telligihile
1044 834 1098 853 non
1114 826 1253 854 sensibile.
1270 825 1344 853 Vidit
1356 827 1448 862 igitur,
1463 828 1561 864 inquit,
1586 833 1680 866 nequi-

887 873 925 899 tia
940 873 1033 899 lumen
1050 871 1150 899 summi
1167 872 1240 899 boni.
1261 871 1289 899 Si
1301 873 1405 905 lumen,
1432 875 1504 909 quod
1518 875 1546 902 in
1566 884 1678 904 sensum

886 918 970 949 cadit.
984 917 1106 945 nondum
1117 922 1176 945 erat
1191 918 1320 950 mundus,
1337 927 1388 947 nec
1401 925 1478 948 ortus
1490 923 1595 953 mundi.
1608 931 1679 958 quo-

887 964 969 992 modo
986 964 1069 999 igitur
1084 963 1150 991 vidit
1169 964 1242 999 quod
1261 965 1384 992 nondum
1406 966 1508 993 factum
1527 970 1606 995 erat?
1632 971 1676 997 cui

887 1010 960 1037 enim
982 1010 1080 1037 fuisset
1103 1010 1176 1043 usui,
1197 1010 1318 1037 nondum
1345 1011 1454 1039 homine
1477 1014 1523 1047 qui
1542 1018 1675 1048 uteretur,

888 1056 997 1083 creato?
1015 1056 1092 1083 utilia
1108 1057 1180 1083 enim
1197 1057 1284 1084 utenti
1300 1063 1414 1093 cognata
1434 1064 1497 1086 sunt
1511 1069 1518 1088 :
1532 1068 1586 1088 non
1604 1063 1678 1089 enim

888 1102 944 1130 Deo
965 1102 1011 1138 qui
1026 1102 1060 1129 ab
1080 1103 1154 1129 omni
1174 1103 1383 1138 participatione
1404 1105 1497 1133 sensili
1525 1106 1595 1134 liber
1615 1111 1656 1135 est
1669 1128 1676 1139 ,

889 1148 954 1176 utile
962 1153 1031 1176 erat.
1047 1147 1074 1176 Si
1091 1154 1180 1176 autem
1208 1149 1297 1184 ipsutn
1316 1150 1411 1182 Deum,
1431 1151 1505 1186 quod
1522 1156 1565 1179 est
1586 1152 1678 1180 lumen

889 1195 1071 1230 intelligibile,
1088 1196 1199 1222 omnino
1220 1195 1287 1222 vidit
1309 1195 1491 1225 similitudine
1515 1202 1620 1226 natura:
1639 1200 1662 1226 si

888 1241 966 1274 mile;
983 1249 1097 1270 necesse
1116 1241 1199 1276 igitur
1218 1246 1278 1269 erat
1300 1245 1330 1269 ut
1348 1242 1407 1277 ipsa
1428 1242 1519 1271 lumen
1545 1244 1678 1272 sensibile

888 1287 1021 1321 vidisset;
1051 1287 1182 1314 sensibile
1203 1292 1294 1315 autem
1319 1296 1452 1323 quorsum
1478 1289 1585 1322 fuisset,
1604 1294 1632 1317 et
1649 1290 1678 1318 in

887 1340 970 1368 quem
990 1341 1071 1360 usum
1087 1337 1151 1360 ante
1178 1334 1318 1363 sensibilia
1346 1334 1457 1362 creata?
1482 1335 1589 1372 Alioqui
1609 1345 1678 1372 quo-

889 1379 970 1406 modo
981 1379 1099 1406 tenebrae
1109 1379 1202 1406 vident
1214 1379 1326 1408 lumen?
1352 1379 1381 1407 Si
1404 1381 1478 1408 enim
1495 1382 1618 1410 viderunt
1637 1384 1678 1410 ln-

891 1432 963 1457 men,
978 1424 1104 1452 diabolus
1117 1433 1170 1452 non
1184 1430 1243 1453 erat
1254 1426 1392 1460 tenebrae;
1409 1434 1534 1463 magnam
1550 1428 1622 1456 enim
1636 1438 1680 1457 so-

37 1477 69 1503 τὸ
88 1477 270 1512 φαινόμενον·
288 1476 385 1503 αὐτίκα
397 1475 586 1511 ἀναμάσσεται
603 1475 662 1510 ἅμα
674 1475 769 1502 τούτου
789 1475 820 1502 τὸ

890 1470 1012 1498 cietatem
1024 1474 1052 1498 et
1062 1471 1286 1505 conjunctioncm
1301 1473 1384 1500 habet
1405 1481 1503 1502 sensus
1524 1483 1586 1509 cum
1612 1483 1677 1503 sen-

38 1523 207 1559 χαρακτῆρα
219 1523 262 1550 διὰ
283 1523 331 1558 τὴν
345 1522 455 1558 ἔννομον
475 1522 525 1558 τῆς
545 1521 652 1556 φύσεως
671 1521 832 1548 κοινωνίαν·

38 1569 125 1605 σῶμα
139 1570 189 1605 μὲν
209 1569 263 1605 γὰρ
285 1569 365 1604 σῶμα
381 1569 446 1605 ὁρᾷ·
463 1569 554 1604 ὅμοιον
573 1568 602 1594 δέ
615 1567 653 1602 τῷ
667 1567 753 1603 ὁμοίῳ
775 1568 836 1594 ἐπι-

38 1614 150 1645 ϐάλλει,
168 1615 216 1641 καὶ
230 1615 280 1641 οὐκ
298 1614 387 1641 ἔνεστι
408 1615 439 1640 τὸ
461 1616 585 1650 κρεῖττον
604 1614 652 1640 καὶ
666 1613 834 1649 ὰναϐεὸηκὺς

37 1662 71 1696 τῇ
93 1661 187 1695 φύσει,
205 1660 324 1694 καίτοιγε
345 1660 394 1686 οὐκ
411 1660 540 1691 ἐναντίως
557 1659 617 1695 ἔχον
637 1659 697 1694 (8‘),
713 1658 781 1694 πλὴν
793 1659 833 1685 ὅτι

37 1715 70 1739 γε
101 1706 246 1742 ἀσώματον
269 1706 308 1742 τῷ
333 1705 528 1741 ὑποϐεϐηκότι,
555 1706 603 1732 ἅτε
629 1705 661 1741 δὴ
686 1704 834 1740 σωματικῷ

37 1752 155 1783 πάντως
171 1752 220 1787 οὐχ
230 1753 325 1788 ὁρατόν
335 1761 341 1767 ·
358 1752 412 1788 ἄρα
423 1760 455 1786 γε
469 1752 500 1778 τὺ
512 1752 633 1778 ἐναντίον
649 1751 689 1786 τῷ
709 1751 832 1786 ἐναντίῳ,

37 1797 101 1832 εἴγε
114 1798 200 1830 ἐστὶν,
213 1798 345 1833 ἀόρατον·
367 1798 464 1825 οὐκοῦν
483 1798 600 1832 συγγενὶ
620 1798 668 1825 καὶ
691 1797 766 1832 φίλα,
786 1797 833 1824 καὶ

36 1842 168 1878 οὐδαμῶς
183 1843 302 1870 ἐναντία.

888 1516 970 1544 sibili.
983 1515 1122 1544 Naturalis
1142 1518 1215 1544 enim
1237 1518 1380 1553 conjectus
1399 1520 1543 1547 oculorum
1566 1526 1678 1557 propter

887 1562 1096 1590 similitudinem
1112 1567 1241 1598 aspectus
1255 1572 1317 1592 cum
1331 1573 1362 1592 re
1377 1572 1437 1599 quae
1452 1565 1570 1598 videtur,
1584 1568 1676 1594 statim

887 1609 1015 1644 exprimit
1032 1609 1146 1645 ﬁguram
1173 1610 1234 1645 ejus
1255 1614 1367 1646 propter
1394 1611 1543 1647 legitimam
1572 1617 1678 1641 natura:

887 1657 1105 1684 communionem
1119 1665 1126 1689 ;
1153 1665 1254 1692 corpus
1269 1658 1341 1684 enim
1358 1665 1459 1692 corpus
1475 1658 1556 1686 videt.
1582 1658 1677 1687 Simile

887 1703 916 1730 in
934 1703 1023 1730 simile
1038 1703 1155 1730 intendit
1168 1703 1270 1736 aciem;
1288 1712 1376 1738 neque
1392 1709 1509 1738 possunt
1531 1705 1604 1732 oculi
1625 1713 1675 1733 na—

887 1752 954 1775 turae
974 1746 1113 1775 inferioris
1128 1748 1201 1782 quod
1216 1752 1313 1775 natura
1335 1749 1509 1783 praestantius
1539 1753 1565 1777 et
1582 1751 1674 1778 excel-

886 1795 986 1823 lentius
1003 1798 1046 1822 εει
1059 1794 1161 1828 videre,
1189 1794 1289 1822 nedum
1308 1796 1381 1830 quod
1400 1800 1503 1823 natura:
1529 1797 1675 1823 contraria:

884 1845 936 1869 est.
944 1840 973 1868 Si
987 1845 1089 1873 autem,
1100 1840 1172 1875 quod
1180 1844 1221 1868 est
1232 1846 1336 1868 natura;
1351 1841 1564 1876 excellentioris,
1573 1843 1674 1878 quippe

37 1897 104 1917 eum
120 1898 176 1917 non
194 1890 231 1918 sit
240 1891 418 1923 contrarium,
437 1894 616 1926 praeterquam
647 1890 851 1925 incorporeum,
872 1888 906 1916 ab
922 1887 1053 1916 inferiore
1068 1891 1164 1923 utpote
1180 1895 1313 1923 corporeo
1329 1887 1441 1915 omnino
1459 1895 1514 1916 non
1527 1892 1616 1923 potest
1632 1888 1673 1916 vi-

37 1935 118 1971 deri;
137 1943 204 1963 sane
225 1937 392 1964 contrarium
418 1944 434 1964 a
457 1936 609 1968 contrario,
626 1936 649 1964 si
676 1936 758 1964 modo
782 1940 834 1968 est,
855 1934 943 1962 videri
977 1941 1032 1961 non
1061 1938 1162 1970 potest.
1185 1933 1256 1961 Sunt
1279 1933 1362 1969 igitur
1399 1934 1452 1961 ista
1478 1942 1539 1970 quae
1568 1934 1673 1962 scilicet

37 1988 70 2008 se
97 1980 203 2013 vident,
228 1984 344 2016 cognata
374 1985 400 2008 et
421 1981 507 2008 amica
527 1985 554 2008 et
577 1988 752 2016 nequaquam
773 1980 924 2008 contraria.

236 2037 300 2065 CAP.
321 2037 379 2065 XX.
400 2037 516 2065 Materia
530 2046 563 2065 ea:
577 2037 683 2066 Manete
699 2038 837 2066 ascendere
855 2041 977 2064 conatur.
990 2035 1112 2064 Materiae
1126 2045 1201 2064 amor
1210 2046 1274 2073 erga
1289 2037 1403 2065 sebalem
1417 2038 1478 2066 Dei.

81 2096 165 2123 Ἀλλὰ
187 2096 288 2132 πλῆρες
312 2096 422 2132 ὀλέθρου
447 2097 584 2133 βαρϐάρου
605 2097 636 2124 τὸ
652 2097 821 2133 πλάσμα

917 2095 971 2123 Sed
989 2095 1098 2131 plenum
1117 2099 1160 2124 est
1178 2101 1365 2124 commentum
1383 2097 1502 2125 barbara
1526 2099 1647 2133 pernicie
1663 2109 1669 2126 :

37 2143 109 2178 φησὶ
125 2143 189 2176 γάρ·
208 2143 246 2168 οὐ
265 2142 344 2177 μόνον
358 2141 426 2169 εἶδεν
442 2144 459 2178 ἡ
475 2142 536 2178 ὖλη,
555 2143 622 2170 ἀλλὰ
638 2143 685 2169 καὶ
702 2143 830 2178 ὲπιΰῆναι

37 2187 209 2218 ἐϐουλεύετο,
229 2187 323 2224 ὥσπερ
345 2188 405 2215 τινὰ
426 2189 542 2226 σπουδὴν
565 2189 706 2224 τιθέμενος
728 2189 830 2225 ταύτην

37 2235 78 2265 εἰς
92 2233 232 2265 ἀπόδειξιν
247 2233 298 2268 τῆς
319 2234 386 2269 πρὸς
402 2234 432 2260 τὸ
446 2235 503 2269 φῶς
520 2235 678 2267 κοινωνίας·
696 2235 766 2271 τάχα
784 2235 830 2262 καὶ

38 2278 216 2314 μετέγνωσαν
230 2279 253 2305 οἰ
270 2278 300 2311 ἐξ
316 2279 411 2314 αὐτῆς,
430 2280 470 2307 ὃτι
483 2281 512 2307 ἐν
525 2278 652 2312 ἀπλέτοις
671 2280 751 2307 αίῶσι
775 2282 830 2312 τοῖς

38 2324 223 2359 προλαϐοῦσι-ιν
243 2325 384 2360 ἀπείρατοι
406 2326 574 2360 ἐγεγόνεισαν
595 2326 642 2353 τοῦ
661 2326 758 2361 φωτός.
775 2327 831 2353 Καὶ

37 2371 102 2397 τίνα
118 2371 217 2406 τρόπον
232 2371 327 2403 σκότος
344 2374 528 2407 μεταποιεῖται
550 2372 653 2407 φωτός;
667 2372 683 2409 ἢ
697 2372 769 2404 τίνος
782 2372 831 2408 χά-

39 2426 83 2452 ριν
101 2416 226 2443 ἐπελθεῖν
246 2417 332 2452 τούτῳ
356 2425 388 2451 γε
411 2417 550 2452 βούλεται;
573 2417 646 2454 τΑρά
671 2427 703 2453 γε
724 2419 767 2446 ῐνα
780 2417 830 2454 τὴν

37 2463 122 2497 φύσιν
138 2462 332 2498 μεταϐάληται,
350 2464 398 2490 καὶ
412 2463 524 2499 γένηται
544 2464 620 2498 φῶς;
641 2463 657 2499 ἥ
673 2464 716 2490 ἵνα
737 2464 830 2500 γράφῃ

37 2508 89 2543 (9⁵)
108 2508 177 2542 φωτὶ
193 2508 315 2535 ἐναντίαν
336 2510 386 2544 τῆς
401 2509 508 2542 φύσεως
521 2510 639 2545 τροφήν;
661 2509 730 2535 Ἀλλ’
748 2509 830 2543 ἀγνο-

37 2554 67 2580 οὖ
73 2562 119 2586 σα,
134 2553 260 2589 ἐπιϐῆναι
274 2554 362 2589 ἤθελε
374 2554 471 2586 καίτοι,
489 2555 513 2580 εί
526 2555 574 2589 μὲν
589 2554 669 2588 ἔγνω,
684 2555 761 2589 λόγον
772 2552 830 2590 εἶχε

37 2601 68 2626 τὸ
87 2599 305 2635 μεταποιηθῆναι
315 2609 322 2616 ·
337 2599 419 2627 οὖσαν
436 2600 465 2627 δὲ
480 2600 560 2635 φύσει
577 2601 676 2628 κακίαν
693 2602 739 2628 καὶ
753 2602 830 2636 ἁγνο-

76 2666 127 2702 (8“)
147 2667 250 2701 Ἔχον.
277 2666 341 2694 Post
362 2667 432 2695 hanc
458 2675 552 2695 vocem
574 2668 671 2696 deesse
695 2668 722 2695 in
750 2671 829 2695 textu

38 2702 176 2730 nonnulla
194 2702 332 2730 videntur.

78 2738 117 2771 (9)
139 2737 231 2768 Ἀλλὰ
243 2739 295 2763 ml.
312 2746 372 2764 κ.τ,
383 2735 495 2764 λ.11υιι(ι
509 2737 597 2764 locum
612 2737 647 2764 ita
664 2735 751 2765 reddit
763 2737 829 2765 Bas-

42 2774 157 2808 uogius:
173 2773 286 2799 Barbari
301 2774 451 2807 ﬁgmentum
462 2773 576 2807 pernicie
593 2773 752 2806 plunumcst.
764 2772 826 2800 Bar-

882 2141 920 2167 ait
935 2141 1020 2173 enim,
1045 2147 1099 2167 non
1123 2141 1211 2169 solum
1234 2141 1302 2168 vidit
1334 2142 1458 2174 materia,
1481 2143 1529 2170 sed
1552 2143 1672 2171 decrevit

881 2187 1027 2218 ascendere
1044 2191 1174 2222 tanquam
1190 2187 1312 2214 studium
1334 2188 1470 2223 quoddam
1490 2188 1625 2216 adhibens
1637 2190 1670 2216 ad

880 2232 1126 2261 demonstrandum
1141 2233 1243 2261 habere
1261 2241 1290 2261 se
1299 2235 1518 2262 communionem
1536 2239 1562 2262 et
1584 2236 1672 2262 socie-

880 2283 963 2307 tatem
980 2287 1042 2306 cum
1058 2280 1179 2307 lumine:
1198 2279 1315 2308 fortasse
1339 2289 1386 2308 eos
1409 2281 1455 2316 qui
1479 2288 1510 2308 ex
1533 2280 1592 2315 ipsa
1613 2282 1669 2308 nati

880 2329 955 2357 sunt,
978 2324 1117 2360 ptenituit,
1129 2325 1202 2360 quod
1224 2325 1339 2353 intinitis
1358 2327 1465 2354 saeculis
1482 2326 1670 2360 superioribus

879 2379 935 2398 non
959 2370 1077 2398 fuissent
1099 2371 1203 2406 experti
1223 2371 1314 2398 lumen
1331 2379 1338 2398 :
1353 2376 1380 2398 et
1399 2372 1535 2406 quomodo
1553 2372 1670 2399 tenebrae

880 2417 1039 2444 adsciscunt
1057 2421 1084 2444 et
1100 2417 1239 2444 vindicant
1264 2417 1315 2445 sibi
1332 2417 1445 2445 lumen?
1462 2423 1507 2445 aut
1525 2425 1667 2453 quorsum.

879 2467 907 2490 et
922 2463 949 2490 in
967 2471 1046 2498 quem
1061 2470 1141 2490 usum
1157 2463 1251 2490 volunt
1273 2463 1392 2492 tenebra:
1414 2464 1545 2492 invadere
1559 2464 1669 2491 lumen?

881 2516 915 2536 an
929 2513 958 2536 ut
980 2513 1106 2536 naturam
1124 2513 1230 2536 mutent
1243 2513 1270 2537 et
1290 2510 1444 2537 elliciantur
1460 2511 1573 2538 lumen?
1587 2517 1620 2537 an
1639 2514 1668 2536 ut

881 2555 1040 2581 nutriantur
1055 2554 1169 2586 lumine,
1185 2554 1315 2582 alimento
1339 2559 1444 2581 natura:
1462 2556 1668 2583 contrariolAt

881 2600 1011 2635 ignorans
1031 2599 1118 2627 voluit
1137 2600 1296 2627 ascendere.
1315 2599 1421 2626 Etenim
1440 2600 1463 2627 si
1482 2601 1666 2638 cognovisset,

880 2666 964 2728 lﬁarus
985 2667 1058 2694 enim
1076 2666 1131 2699 ille.
1149 2666 1247 2702 inquit,
1266 2667 1312 2702 qtti
1326 2667 1389 2694 talia
1414 2666 1499 2699 finxit,
1515 2672 1557 2695 est
1574 2667 1667 2697 Manes

903 2709 975 2728 ersa.

903 2709 1022 2771 egit?!
1029 2737 1078 2763 ἵνα
1089 2746 1133 2772 πο.
1145 2737 1182 2773 An
1198 2740 1226 2763 ut
1239 2737 1375 2773 imprimat
1392 2737 1548 2765 alimentum
1562 2741 1666 2766 natura:

881 2772 949 2800 lucis
965 2773 1156 2799 contrarium?
1171 2772 1249 2800 mss.
