  <div class='ocr_page' id='page_1' title='image "/cluster/home/n/w/nwhite01/storage/ocr_20150623/18/njp.32101077772455/893.png"; bbox 0 0 1900 3070; ppageno 0'>
   <div class='ocr_carea' id='block_1_1' title="bbox 248 100 318 130">
    <p class='ocr_par' dir='ltr' id='par_1_1' title="bbox 248 100 318 130">
     <span class='ocr_line' id='line_1_1' title="bbox 248 100 318 130; baseline -0.014 0"><span class='ocrx_word' id='word_1_1' title='bbox 248 100 318 130; x_wconf 71' lang='grc' dir='ltr'><strong>10θέ</strong></span> 
     </span>
    </p>
   </div>
   <div class='ocr_carea' id='block_1_2' title="bbox 246 158 837 186">
    <p class='ocr_par' dir='ltr' id='par_1_2' title="bbox 246 158 837 186">
     <span class='ocr_line' id='line_1_2' title="bbox 246 158 837 186; baseline 0.003 -2"><span class='ocrx_word' id='word_1_2' title='bbox 246 158 319 186; x_wconf 89' lang='lat' dir='ltr'><strong>ratio</strong></span> <span class='ocrx_word' id='word_1_3' title='bbox 330 162 470 186; x_wconf 81' lang='lat' dir='ltr'><strong>constaret</strong></span> <span class='ocrx_word' id='word_1_4' title='bbox 485 165 535 185; x_wconf 86' lang='lat' dir='ltr'><strong>cur</strong></span> <span class='ocrx_word' id='word_1_5' title='bbox 559 159 659 185; x_wconf 87' lang='lat' dir='ltr'><strong>mutari</strong></span> <span class='ocrx_word' id='word_1_6' title='bbox 676 158 809 186; x_wconf 60' lang='lat' dir='ltr'><strong>voluissa</strong></span> <span class='ocrx_word' id='word_1_7' title='bbox 831 169 837 186; x_wconf 80' lang='lat'><strong>2</strong></span> 
     </span>
    </p>
   </div>
   <div class='ocr_carea' id='block_1_3' title="bbox 245 204 1042 240">
    <p class='ocr_par' dir='ltr' id='par_1_3' title="bbox 245 204 1042 240">
     <span class='ocr_line' id='line_1_3' title="bbox 245 204 1042 240; baseline 0.004 -11"><span class='ocrx_word' id='word_1_8' title='bbox 245 210 309 240; x_wconf 79' lang='lat' dir='ltr'><strong>cum</strong></span> <span class='ocrx_word' id='word_1_9' title='bbox 326 208 423 230; x_wconf 85' lang='lat' dir='ltr'><strong>natura</strong></span> <span class='ocrx_word' id='word_1_10' title='bbox 441 205 475 230; x_wconf 88' lang='lat' dir='ltr'><strong>sit</strong></span> <span class='ocrx_word' id='word_1_11' title='bbox 488 204 610 238; x_wconf 88' lang='lat' dir='ltr'><strong>nequitia</strong></span> <span class='ocrx_word' id='word_1_12' title='bbox 625 208 652 230; x_wconf 84' lang='lat' dir='ltr'><strong>et</strong></span> <span class='ocrx_word' id='word_1_13' title='bbox 661 204 801 239; x_wconf 80' lang='lat' dir='ltr'><strong>ignorans,</strong></span> <span class='ocrx_word' id='word_1_14' title='bbox 816 205 920 240; x_wconf 79' lang='lat' dir='ltr'><strong>integra</strong></span> <span class='ocrx_word' id='word_1_15' title='bbox 935 205 1042 232; x_wconf 84' lang='lat' dir='ltr'><strong>eversio</strong></span> 
     </span>
    </p>
   </div>
   <div class='ocr_carea' id='block_1_4' title="bbox 245 239 943 284">
    <p class='ocr_par' dir='ltr' id='par_1_4' title="bbox 245 239 943 284">
     <span class='ocr_line' id='line_1_4' title="bbox 245 239 943 284; baseline 0 -8"><span class='ocrx_word' id='word_1_16' title='bbox 245 239 329 277; x_wconf 82' lang='lat' dir='ltr'><strong>totilis</strong></span> <span class='ocrx_word' id='word_1_17' title='bbox 338 249 378 276; x_wconf 88' lang='lat' dir='ltr'><strong>rei</strong></span> <span class='ocrx_word' id='word_1_18' title='bbox 393 254 419 276; x_wconf 89' lang='lat' dir='ltr'><strong>et</strong></span> <span class='ocrx_word' id='word_1_19' title='bbox 436 257 527 278; x_wconf 65' lang='lat' dir='ltr'><strong>causa:</strong></span> <span class='ocrx_word' id='word_1_20' title='bbox 538 254 580 278; x_wconf 80' lang='lat' dir='ltr'><strong>est</strong></span> <span class='ocrx_word' id='word_1_21' title='bbox 589 258 642 277; x_wconf 87' lang='lat' dir='ltr'><strong>non</strong></span> <span class='ocrx_word' id='word_1_22' title='bbox 660 250 752 284; x_wconf 75' lang='lat' dir='ltr'><strong>lugere</strong></span> <span class='ocrx_word' id='word_1_23' title='bbox 762 258 776 276; x_wconf 89' lang='lat' dir='ltr'><strong>a</strong></span> <span class='ocrx_word' id='word_1_24' title='bbox 793 251 943 277; x_wconf 88' lang='lat' dir='ltr'><strong>contrario.</strong></span> 
     </span>
    </p>
   </div>
   <div class='ocr_carea' id='block_1_5' title="bbox 281 294 1041 330">
    <p class='ocr_par' dir='ltr' id='par_1_5' title="bbox 281 294 1041 330">
     <span class='ocr_line' id='line_1_5' title="bbox 281 294 1041 330; baseline -0.001 -8"><span class='ocrx_word' id='word_1_25' title='bbox 281 294 358 327; x_wconf 80' lang='lat' dir='ltr'><strong>Quod</strong></span> <span class='ocrx_word' id='word_1_26' title='bbox 381 299 472 322; x_wconf 89' lang='lat' dir='ltr'><strong>autem</strong></span> <span class='ocrx_word' id='word_1_27' title='bbox 495 296 582 330; x_wconf 77' lang='lat' dir='ltr'><strong>magis</strong></span> <span class='ocrx_word' id='word_1_28' title='bbox 605 304 619 321; x_wconf 94' lang='lat' dir='ltr'><strong>a</strong></span> <span class='ocrx_word' id='word_1_29' title='bbox 642 296 749 322; x_wconf 92' lang='lat' dir='ltr'><strong>ratione</strong></span> <span class='ocrx_word' id='word_1_30' title='bbox 771 303 898 322; x_wconf 84' lang='lat' dir='ltr'><strong>aversum</strong></span> <span class='ocrx_word' id='word_1_31' title='bbox 927 299 979 323; x_wconf 79' lang='lat' dir='ltr'><strong>est.</strong></span> <span class='ocrx_word' id='word_1_32' title='bbox 1002 297 1041 321; x_wconf 88' lang='lat' dir='ltr'><strong>ait</strong></span> 
     </span>
    </p>
   </div>
   <div class='ocr_carea' id='block_1_6' title="bbox 247 341 1038 377">
    <p class='ocr_par' dir='ltr' id='par_1_6' title="bbox 247 341 1038 377">
     <span class='ocr_line' id='line_1_6' title="bbox 247 341 1038 377; baseline 0 -9"><span class='ocrx_word' id='word_1_33' title='bbox 247 341 360 369; x_wconf 87' lang='lat' dir='ltr'><strong>missam</strong></span> <span class='ocrx_word' id='word_1_34' title='bbox 379 341 465 369; x_wconf 83' lang='lat' dir='ltr'><strong>fuisse</strong></span> <span class='ocrx_word' id='word_1_35' title='bbox 477 349 491 368; x_wconf 90' lang='lat' dir='ltr'><strong>a</strong></span> <span class='ocrx_word' id='word_1_36' title='bbox 506 342 579 369; x_wconf 85' lang='lat' dir='ltr'><strong>bono</strong></span> <span class='ocrx_word' id='word_1_37' title='bbox 598 345 770 377; x_wconf 73' lang='lat' dir='ltr'><strong>potestatem,</strong></span> <span class='ocrx_word' id='word_1_38' title='bbox 794 349 849 368; x_wconf 87' lang='lat' dir='ltr'><strong>non</strong></span> <span class='ocrx_word' id='word_1_39' title='bbox 868 341 925 375; x_wconf 87' lang='lat' dir='ltr'><strong>jam</strong></span> <span class='ocrx_word' id='word_1_40' title='bbox 948 342 1038 368; x_wconf 85' lang='lat' dir='ltr'><strong>lumen</strong></span> 
     </span>
    </p>
   </div>
   <div class='ocr_carea' id='block_1_7' title="bbox 246 386 1038 419">
    <p class='ocr_par' dir='ltr' id='par_1_7' title="bbox 246 386 1038 419">
     <span class='ocr_line' id='line_1_7' title="bbox 246 386 1038 419; baseline -0.003 -5"><span class='ocrx_word' id='word_1_41' title='bbox 246 387 385 419; x_wconf 78' lang='lat' dir='ltr'><strong>sensibile,</strong></span> <span class='ocrx_word' id='word_1_42' title='bbox 405 388 452 414; x_wconf 87' lang='lat' dir='ltr'><strong>sed</strong></span> <span class='ocrx_word' id='word_1_43' title='bbox 468 387 663 414; x_wconf 82' lang='lat' dir='ltr'><strong>velutdiceret.</strong></span> <span class='ocrx_word' id='word_1_44' title='bbox 682 387 803 414; x_wconf 88' lang='lat' dir='ltr'><strong>sobolem</strong></span> <span class='ocrx_word' id='word_1_45' title='bbox 819 387 874 414; x_wconf 81' lang='lat' dir='ltr'><strong>Dei.</strong></span> <span class='ocrx_word' id='word_1_46' title='bbox 888 386 963 413; x_wconf 81' lang='lat' dir='ltr'><strong>Hanc</strong></span> <span class='ocrx_word' id='word_1_47' title='bbox 976 394 1038 413; x_wconf 84' lang='lat' dir='ltr'><strong>cum</strong></span> 
     </span>
    </p>
   </div>
   <div class='ocr_carea' id='block_1_8' title="bbox 245 433 1039 467">
    <p class='ocr_par' dir='ltr' id='par_1_8' title="bbox 245 433 1039 467">
     <span class='ocr_line' id='line_1_8' title="bbox 245 433 1039 467; baseline -0.001 -8"><span class='ocrx_word' id='word_1_48' title='bbox 245 433 360 461; x_wconf 86' lang='lat' dir='ltr'><strong>vidisset</strong></span> <span class='ocrx_word' id='word_1_49' title='bbox 375 433 500 464; x_wconf 88' lang='lat' dir='ltr'><strong>materia,</strong></span> <span class='ocrx_word' id='word_1_50' title='bbox 513 433 671 467; x_wconf 76' lang='lat' dir='ltr'><strong>concupivit</strong></span> <span class='ocrx_word' id='word_1_51' title='bbox 681 433 790 467; x_wconf 78' lang='lat' dir='ltr'><strong>quidem</strong></span> <span class='ocrx_word' id='word_1_52' title='bbox 800 437 930 467; x_wconf 87' lang='lat' dir='ltr'><strong>tanquam</strong></span> <span class='ocrx_word' id='word_1_53' title='bbox 943 440 1039 459; x_wconf 87' lang='lat' dir='ltr'><strong>amans</strong></span> 
     </span>
    </p>
   </div>
   <div class='ocr_carea' id='block_1_9' title="bbox 245 480 1038 515">
    <p class='ocr_par' dir='ltr' id='par_1_9' title="bbox 245 480 1038 515">
     <span class='ocr_line' id='line_1_9' title="bbox 245 480 1038 515; baseline 0 -8"><span class='ocrx_word' id='word_1_54' title='bbox 245 489 324 513; x_wconf 77' lang='lat' dir='ltr'><strong>eam;</strong></span> <span class='ocrx_word' id='word_1_55' title='bbox 344 481 475 515; x_wconf 91' lang='lat' dir='ltr'><strong>impetum</strong></span> <span class='ocrx_word' id='word_1_56' title='bbox 492 489 557 508; x_wconf 90' lang='lat' dir='ltr'><strong>vero</strong></span> <span class='ocrx_word' id='word_1_57' title='bbox 577 481 604 507; x_wconf 92' lang='lat' dir='ltr'><strong>in</strong></span> <span class='ocrx_word' id='word_1_58' title='bbox 616 489 676 507; x_wconf 87' lang='lat' dir='ltr'><strong>eam</strong></span> <span class='ocrx_word' id='word_1_59' title='bbox 699 480 763 508; x_wconf 78' lang='lat' dir='ltr'><strong>fecit</strong></span> <span class='ocrx_word' id='word_1_60' title='bbox 783 485 810 508; x_wconf 86' lang='lat' dir='ltr'><strong>et</strong></span> <span class='ocrx_word' id='word_1_61' title='bbox 830 481 984 511; x_wconf 81' lang='lat' dir='ltr'><strong>absorbuit.</strong></span> <span class='ocrx_word' id='word_1_62' title='bbox 1012 485 1038 508; x_wconf 90' lang='lat' dir='ltr'><strong>ct</strong></span> 
     </span>
    </p>
   </div>
   <div class='ocr_carea' id='block_1_10' title="bbox 246 526 1040 562">
    <p class='ocr_par' dir='ltr' id='par_1_10' title="bbox 246 526 1040 562">
     <span class='ocr_line' id='line_1_10' title="bbox 246 526 1040 562; baseline 0 -8"><span class='ocrx_word' id='word_1_63' title='bbox 246 528 305 554; x_wconf 85' lang='lat' dir='ltr'><strong>suis</strong></span> <span class='ocrx_word' id='word_1_64' title='bbox 319 527 504 562; x_wconf 90' lang='lat' dir='ltr'><strong>potestatibus</strong></span> <span class='ocrx_word' id='word_1_65' title='bbox 517 526 656 554; x_wconf 85' lang='lat' dir='ltr'><strong>distribuit</strong></span> <span class='ocrx_word' id='word_1_66' title='bbox 670 535 677 558; x_wconf 89' lang='lat'><strong>;</strong></span> <span class='ocrx_word' id='word_1_67' title='bbox 696 534 748 562; x_wconf 88' lang='lat' dir='ltr'><strong>qua</strong></span> <span class='ocrx_word' id='word_1_68' title='bbox 759 527 802 553; x_wconf 89' lang='lat' dir='ltr'><strong>via</strong></span> <span class='ocrx_word' id='word_1_69' title='bbox 821 527 880 554; x_wconf 90' lang='lat' dir='ltr'><strong>licri</strong></span> <span class='ocrx_word' id='word_1_70' title='bbox 896 535 949 553; x_wconf 89' lang='lat' dir='ltr'><strong>non</strong></span> <span class='ocrx_word' id='word_1_71' title='bbox 967 531 1040 561; x_wconf 84' lang='lat' dir='ltr'><strong>pole-</strong></span> 
     </span>
    </p>
   </div>
   <div class='ocr_carea' id='block_1_11' title="bbox 246 571 1037 605">
    <p class='ocr_par' dir='ltr' id='par_1_11' title="bbox 246 571 1037 605">
     <span class='ocr_line' id='line_1_11' title="bbox 246 571 1037 605; baseline -0.001 -6"><span class='ocrx_word' id='word_1_72' title='bbox 246 575 299 602; x_wconf 81' lang='lat' dir='ltr'><strong>rat.</strong></span> <span class='ocrx_word' id='word_1_73' title='bbox 315 575 344 598; x_wconf 89' lang='lat' dir='ltr'><strong>ut</strong></span> <span class='ocrx_word' id='word_1_74' title='bbox 355 571 458 599; x_wconf 86' lang='lat' dir='ltr'><strong>videret</strong></span> <span class='ocrx_word' id='word_1_75' title='bbox 475 572 589 599; x_wconf 90' lang='lat' dir='ltr'><strong>missum</strong></span> <span class='ocrx_word' id='word_1_76' title='bbox 599 579 633 599; x_wconf 82' lang='lat' dir='ltr'><strong>ex</strong></span> <span class='ocrx_word' id='word_1_77' title='bbox 648 575 746 598; x_wconf 86' lang='lat' dir='ltr'><strong>natura</strong></span> <span class='ocrx_word' id='word_1_78' title='bbox 756 571 838 604; x_wconf 82' lang='lat' dir='ltr'><strong>boni;</strong></span> <span class='ocrx_word' id='word_1_79' title='bbox 856 572 917 602; x_wconf 74' lang='lat' dir='ltr'><strong>boo,</strong></span> <span class='ocrx_word' id='word_1_80' title='bbox 938 572 1037 605; x_wconf 78' lang='lat' dir='ltr'><strong>inquit,</strong></span> 
     </span>
    </p>
   </div>
   <div class='ocr_carea' id='block_1_12' title="bbox 245 615 1040 651">
    <p class='ocr_par' dir='ltr' id='par_1_12' title="bbox 245 615 1040 651">
     <span class='ocr_line' id='line_1_12' title="bbox 245 615 1040 651; baseline -0.003 -7"><span class='ocrx_word' id='word_1_81' title='bbox 245 616 372 644; x_wconf 78' lang='lat' dir='ltr'><strong>cll&#39;ectum</strong></span> <span class='ocrx_word' id='word_1_82' title='bbox 404 620 455 649; x_wconf 83' lang='lat' dir='ltr'><strong>est,</strong></span> <span class='ocrx_word' id='word_1_83' title='bbox 481 620 511 643; x_wconf 90' lang='lat' dir='ltr'><strong>ut</strong></span> <span class='ocrx_word' id='word_1_84' title='bbox 535 616 683 643; x_wconf 83' lang='lat' dir='ltr'><strong>absorbere</strong></span> <span class='ocrx_word' id='word_1_85' title='bbox 708 620 801 651; x_wconf 77' lang='lat' dir='ltr'><strong>posset</strong></span> <span class='ocrx_word' id='word_1_86' title='bbox 823 617 950 643; x_wconf 86' lang='lat' dir='ltr'><strong>missum.</strong></span> <span class='ocrx_word' id='word_1_87' title='bbox 973 615 1040 643; x_wconf 85' lang='lat' dir='ltr'><strong>Utar</strong></span> 
     </span>
    </p>
   </div>
   <div class='ocr_carea' id='block_1_13' title="bbox 245 661 1038 698">
    <p class='ocr_par' dir='ltr' id='par_1_13' title="bbox 245 661 1038 698">
     <span class='ocr_line' id='line_1_13' title="bbox 245 661 1038 698; baseline -0.001 -9"><span class='ocrx_word' id='word_1_88' title='bbox 245 662 319 689; x_wconf 85' lang='lat' dir='ltr'><strong>enim</strong></span> <span class='ocrx_word' id='word_1_89' title='bbox 343 661 432 689; x_wconf 91' lang='lat' dir='ltr'><strong>adhuc</strong></span> <span class='ocrx_word' id='word_1_90' title='bbox 448 663 565 698; x_wconf 86' lang='lat' dir='ltr'><strong>amplius</strong></span> <span class='ocrx_word' id='word_1_91' title='bbox 580 662 674 689; x_wconf 72' lang='lat' dir='ltr'><strong>eodem</strong></span> <span class='ocrx_word' id='word_1_92' title='bbox 689 663 783 693; x_wconf 87' lang='lat' dir='ltr'><strong>verbo,</strong></span> <span class='ocrx_word' id='word_1_93' title='bbox 809 663 938 697; x_wconf 88' lang='lat' dir='ltr'><strong>quoniam</strong></span> <span class='ocrx_word' id='word_1_94' title='bbox 955 662 978 689; x_wconf 87' lang='lat' dir='ltr'><strong>si</strong></span> <span class='ocrx_word' id='word_1_95' title='bbox 997 662 1038 689; x_wconf 82' lang='lat' dir='ltr'><strong>vel</strong></span> 
     </span>
    </p>
   </div>
   <div class='ocr_carea' id='block_1_14' title="bbox 245 708 1035 744">
    <p class='ocr_par' dir='ltr' id='par_1_14' title="bbox 245 708 1035 744">
     <span class='ocr_line' id='line_1_14' title="bbox 245 708 1035 744; baseline 0.001 -9"><span class='ocrx_word' id='word_1_96' title='bbox 245 708 335 736; x_wconf 87' lang='lat' dir='ltr'><strong>solum</strong></span> <span class='ocrx_word' id='word_1_97' title='bbox 362 708 438 739; x_wconf 78' lang='lat' dir='ltr'><strong>vidit,</strong></span> <span class='ocrx_word' id='word_1_98' title='bbox 466 708 538 743; x_wconf 90' lang='lat' dir='ltr'><strong>quod</strong></span> <span class='ocrx_word' id='word_1_99' title='bbox 551 716 583 735; x_wconf 82' lang='lat' dir='ltr'><strong>ex</strong></span> <span class='ocrx_word' id='word_1_100' title='bbox 605 708 758 735; x_wconf 86' lang='lat' dir='ltr'><strong>substantia</strong></span> <span class='ocrx_word' id='word_1_101' title='bbox 781 708 827 736; x_wconf 92' lang='lat' dir='ltr'><strong>Dei</strong></span> <span class='ocrx_word' id='word_1_102' title='bbox 854 713 1035 744; x_wconf 80' lang='lat' dir='ltr'><strong>propagatum</strong></span> 
     </span>
    </p>
   </div>
   <div class='ocr_carea' id='block_1_15' title="bbox 245 754 1035 789">
    <p class='ocr_par' dir='ltr' id='par_1_15' title="bbox 245 754 1035 789">
     <span class='ocr_line' id='line_1_15' title="bbox 245 754 1035 789; baseline 0.003 -8"><span class='ocrx_word' id='word_1_103' title='bbox 245 758 315 786; x_wconf 85' lang='lat' dir='ltr'><strong>erat,</strong></span> <span class='ocrx_word' id='word_1_104' title='bbox 332 761 387 781; x_wconf 90' lang='lat' dir='ltr'><strong>non</strong></span> <span class='ocrx_word' id='word_1_105' title='bbox 402 759 443 781; x_wconf 78' lang='lat' dir='ltr'><strong>est</strong></span> <span class='ocrx_word' id='word_1_106' title='bbox 457 762 527 789; x_wconf 88' lang='lat' dir='ltr'><strong>opus</strong></span> <span class='ocrx_word' id='word_1_107' title='bbox 539 754 591 781; x_wconf 91' lang='lat' dir='ltr'><strong>alio</strong></span> <span class='ocrx_word' id='word_1_108' title='bbox 603 755 731 789; x_wconf 89' lang='lat' dir='ltr'><strong>quopiam</strong></span> <span class='ocrx_word' id='word_1_109' title='bbox 752 755 835 782; x_wconf 87' lang='lat' dir='ltr'><strong>verbo</strong></span> <span class='ocrx_word' id='word_1_110' title='bbox 857 755 888 782; x_wconf 91' lang='lat' dir='ltr'><strong>ad</strong></span> <span class='ocrx_word' id='word_1_111' title='bbox 913 760 1035 783; x_wconf 86' lang='lat' dir='ltr'><strong>everten-</strong></span> 
     </span>
    </p>
   </div>
   <div class='ocr_carea' id='block_1_16' title="bbox 245 797 1037 835">
    <p class='ocr_par' dir='ltr' id='par_1_16' title="bbox 245 797 1037 835">
     <span class='ocr_line' id='line_1_16' title="bbox 245 797 1037 835; baseline 0.003 -10"><span class='ocrx_word' id='word_1_112' title='bbox 245 798 310 825; x_wconf 91' lang='lat' dir='ltr'><strong>dum</strong></span> <span class='ocrx_word' id='word_1_113' title='bbox 321 797 597 826; x_wconf 85' lang='lat' dir='ltr'><strong>commentum.Vidil</strong></span> <span class='ocrx_word' id='word_1_114' title='bbox 615 799 686 826; x_wconf 89' lang='lat' dir='ltr'><strong>enim</strong></span> <span class='ocrx_word' id='word_1_115' title='bbox 707 800 822 826; x_wconf 88' lang='lat' dir='ltr'><strong>omnino</strong></span> <span class='ocrx_word' id='word_1_116' title='bbox 847 804 977 835; x_wconf 85' lang='lat' dir='ltr'><strong>tanquam</strong></span> <span class='ocrx_word' id='word_1_117' title='bbox 999 801 1037 828; x_wconf 80' lang='lat' dir='ltr'><strong>si-</strong></span> 
     </span>
    </p>
   </div>
   <div class='ocr_carea' id='block_1_17' title="bbox 245 837 1075 880">
    <p class='ocr_par' dir='ltr' id='par_1_17' title="bbox 245 837 1075 880">
     <span class='ocr_line' id='line_1_17' title="bbox 245 837 1075 880; baseline 0.001 -9"><span class='ocrx_word' id='word_1_118' title='bbox 245 844 318 872; x_wconf 88' lang='lat' dir='ltr'><strong>milis</strong></span> <span class='ocrx_word' id='word_1_119' title='bbox 331 844 428 871; x_wconf 86' lang='lat' dir='ltr'><strong>simile.</strong></span> <span class='ocrx_word' id='word_1_120' title='bbox 447 844 524 877; x_wconf 81' lang='lat' dir='ltr'><strong>Quod</strong></span> <span class='ocrx_word' id='word_1_121' title='bbox 536 844 609 871; x_wconf 91' lang='lat' dir='ltr'><strong>enim</strong></span> <span class='ocrx_word' id='word_1_122' title='bbox 624 849 666 872; x_wconf 83' lang='lat' dir='ltr'><strong>est</strong></span> <span class='ocrx_word' id='word_1_123' title='bbox 689 845 797 880; x_wconf 83' lang='lat' dir='ltr'><strong>penitus</strong></span> <span class='ocrx_word' id='word_1_124' title='bbox 819 846 970 872; x_wconf 88' lang='lat' dir='ltr'><strong>secundum</strong></span> <span class='ocrx_word' id='word_1_125' title='bbox 989 854 1037 872; x_wconf 91' lang='lat' dir='ltr'><strong>na-</strong></span> <span class='ocrx_word' id='word_1_126' title='bbox 1053 837 1075 865; x_wconf 75' lang='grc' dir='ltr'><strong>Β</strong></span> 
     </span>
    </p>
   </div>
   <div class='ocr_carea' id='block_1_18' title="bbox 245 890 1036 925">
    <p class='ocr_par' dir='ltr' id='par_1_18' title="bbox 245 890 1036 925">
     <span class='ocr_line' id='line_1_18' title="bbox 245 890 1036 925; baseline 0.001 -9"><span class='ocrx_word' id='word_1_127' title='bbox 245 894 333 916; x_wconf 87' lang='lat' dir='ltr'><strong>turam</strong></span> <span class='ocrx_word' id='word_1_128' title='bbox 342 890 520 923; x_wconf 82' lang='lat' dir='ltr'><strong>contrarium,</strong></span> <span class='ocrx_word' id='word_1_129' title='bbox 537 895 564 917; x_wconf 90' lang='lat' dir='ltr'><strong>et</strong></span> <span class='ocrx_word' id='word_1_130' title='bbox 587 897 692 916; x_wconf 89' lang='lat' dir='ltr'><strong>summe</strong></span> <span class='ocrx_word' id='word_1_131' title='bbox 703 891 884 919; x_wconf 83' lang='lat' dir='ltr'><strong>contrarium.</strong></span> <span class='ocrx_word' id='word_1_132' title='bbox 897 899 1036 925; x_wconf 79' lang='lat' dir='ltr'><strong>utinquam</strong></span> 
     </span>
    </p>
   </div>
   <div class='ocr_carea' id='block_1_19' title="bbox 244 934 1037 972">
    <p class='ocr_par' dir='ltr' id='par_1_19' title="bbox 244 934 1037 972">
     <span class='ocr_line' id='line_1_19' title="bbox 244 934 1037 972; baseline 0.003 -11"><span class='ocrx_word' id='word_1_133' title='bbox 244 934 337 962; x_wconf 85' lang='lat' dir='ltr'><strong>videre</strong></span> <span class='ocrx_word' id='word_1_134' title='bbox 347 935 447 970; x_wconf 89' lang='lat' dir='ltr'><strong>poterit</strong></span> <span class='ocrx_word' id='word_1_135' title='bbox 457 935 636 968; x_wconf 84' lang='lat' dir='ltr'><strong>contrarium,</strong></span> <span class='ocrx_word' id='word_1_136' title='bbox 649 942 699 962; x_wconf 88' lang='lat' dir='ltr'><strong>nec</strong></span> <span class='ocrx_word' id='word_1_137' title='bbox 715 936 908 971; x_wconf 84' lang='lat' dir='ltr'><strong>propinquabit</strong></span> <span class='ocrx_word' id='word_1_138' title='bbox 919 937 954 968; x_wconf 86' lang='lat' dir='ltr'><strong>ei,</strong></span> <span class='ocrx_word' id='word_1_139' title='bbox 973 937 1037 972; x_wconf 78' lang='lat' dir='ltr'><strong>quia</strong></span> 
     </span>
    </p>
   </div>
   <div class='ocr_carea' id='block_1_20' title="bbox 244 981 1034 1016">
    <p class='ocr_par' dir='ltr' id='par_1_20' title="bbox 244 981 1034 1016">
     <span class='ocr_line' id='line_1_20' title="bbox 244 981 1034 1016; baseline 0.004 -9"><span class='ocrx_word' id='word_1_140' title='bbox 244 981 268 1008; x_wconf 83' lang='lat' dir='ltr'><strong>si</strong></span> <span class='ocrx_word' id='word_1_141' title='bbox 285 981 325 1008; x_wconf 90' lang='lat' dir='ltr'><strong>vel</strong></span> <span class='ocrx_word' id='word_1_142' title='bbox 343 981 432 1008; x_wconf 88' lang='lat' dir='ltr'><strong>solum</strong></span> <span class='ocrx_word' id='word_1_143' title='bbox 453 981 552 1014; x_wconf 81' lang='lat' dir='ltr'><strong>videat,</strong></span> <span class='ocrx_word' id='word_1_144' title='bbox 566 981 635 1008; x_wconf 84' lang='lat' dir='ltr'><strong>ratio</strong></span> <span class='ocrx_word' id='word_1_145' title='bbox 647 982 777 1008; x_wconf 72' lang='lat' dir='ltr'><strong>contrarii</strong></span> <span class='ocrx_word' id='word_1_146' title='bbox 792 990 906 1016; x_wconf 88' lang='lat' dir='ltr'><strong>prorsus</strong></span> <span class='ocrx_word' id='word_1_147' title='bbox 922 983 1034 1010; x_wconf 89' lang='lat' dir='ltr'><strong>tollitur.</strong></span> 
     </span>
    </p>
   </div>
   <div class='ocr_carea' id='block_1_21' title="bbox 830 96 1310 129">
    <p class='ocr_par' dir='ltr' id='par_1_21' title="bbox 830 96 1310 129">
     <span class='ocr_line' id='line_1_21' title="bbox 830 96 1310 129; baseline -0.004 0"><span class='ocrx_word' id='word_1_148' title='bbox 830 98 900 129; x_wconf 76' lang='lat' dir='ltr'><strong>Tm</strong></span> <span class='ocrx_word' id='word_1_149' title='bbox 920 98 1136 129; x_wconf 81' lang='lat' dir='ltr'><strong>BOSTRENSiS</strong></span> <span class='ocrx_word' id='word_1_150' title='bbox 1155 96 1310 128; x_wconf 72' lang='lat' dir='ltr'><strong>EPISCOPi</strong></span> 
     </span>
    </p>
   </div>
   <div class='ocr_carea' id='block_1_22' title="bbox 858 153 1879 193">
    <p class='ocr_par' dir='ltr' id='par_1_22' title="bbox 858 153 1879 193">
     <span class='ocr_line' id='line_1_22' title="bbox 858 153 1879 193; baseline -0.006 -7"><span class='ocrx_word' id='word_1_151' title='bbox 858 167 931 186; x_wconf 86' lang='lat' dir='ltr'><strong>nunc</strong></span> <span class='ocrx_word' id='word_1_152' title='bbox 951 164 1041 186; x_wconf 87' lang='lat' dir='ltr'><strong>autem</strong></span> <span class='ocrx_word' id='word_1_153' title='bbox 1057 163 1080 190; x_wconf 76' lang='grc' dir='ltr'><strong>Α</strong></span> <span class='ocrx_word' id='word_1_154' title='bbox 1093 158 1186 190; x_wconf 79' lang='grc' dir='ltr'>οὖσαν,</span> <span class='ocrx_word' id='word_1_155' title='bbox 1199 158 1338 193; x_wconf 77' lang='grc' dir='ltr'>ἀνατροπὴ</span> <span class='ocrx_word' id='word_1_156' title='bbox 1354 157 1488 193; x_wconf 71' lang='grc' dir='ltr'>παντελὴς</span> <span class='ocrx_word' id='word_1_157' title='bbox 1501 157 1549 191; x_wconf 70' lang='grc' dir='ltr'>τῆς</span> <span class='ocrx_word' id='word_1_158' title='bbox 1563 156 1725 186; x_wconf 62' lang='grc' dir='ltr'>ὑποθέσεως</span> <span class='ocrx_word' id='word_1_159' title='bbox 1741 153 1770 181; x_wconf 71' lang='grc' dir='ltr'><strong>τὸ</strong></span> <span class='ocrx_word' id='word_1_160' title='bbox 1789 155 1827 189; x_wconf 72' lang='grc' dir='ltr'>μὴ</span> <span class='ocrx_word' id='word_1_161' title='bbox 1839 156 1879 180; x_wconf 68' lang='grc' dir='ltr'><strong>ιιὶ</strong></span> 
     </span>
    </p>
   </div>
   <div class='ocr_carea' id='block_1_23' title="bbox 1822 94 1878 124">
    <p class='ocr_par' dir='ltr' id='par_1_23' title="bbox 1822 94 1878 124">
     <span class='ocr_line' id='line_1_23' title="bbox 1822 94 1878 124; baseline 0 0"><span class='ocrx_word' id='word_1_162' title='bbox 1822 94 1878 124; x_wconf 68' lang='lat' dir='ltr'><strong>tuas</strong></span> 
     </span>
    </p>
   </div>
   <div class='ocr_carea' id='block_1_24' title="bbox 1094 203 1371 239">
    <p class='ocr_par' dir='ltr' id='par_1_24' title="bbox 1094 203 1371 239">
     <span class='ocr_line' id='line_1_24' title="bbox 1094 203 1371 239; baseline -0.004 -8"><span class='ocrx_word' id='word_1_163' title='bbox 1094 206 1190 239; x_wconf 77' lang='grc' dir='ltr'><strong>φυγεῖν</strong></span> <span class='ocrx_word' id='word_1_164' title='bbox 1200 204 1230 231; x_wconf 81' lang='grc' dir='ltr'>τὸ</span> <span class='ocrx_word' id='word_1_165' title='bbox 1242 203 1371 231; x_wconf 75' lang='grc' dir='ltr'>ἐναντίον.</span> 
     </span>
    </p>
   </div>
   <div class='ocr_carea' id='block_1_25' title="bbox 1127 291 1881 330">
    <p class='ocr_par' dir='ltr' id='par_1_25' title="bbox 1127 291 1881 330">
     <span class='ocr_line' id='line_1_25' title="bbox 1127 291 1881 330; baseline -0.005 -9"><span class='ocrx_word' id='word_1_166' title='bbox 1127 295 1164 321; x_wconf 82' lang='grc' dir='ltr'>Τὸ</span> <span class='ocrx_word' id='word_1_167' title='bbox 1174 295 1203 322; x_wconf 75' lang='grc' dir='ltr'><strong>δὲ</strong></span> <span class='ocrx_word' id='word_1_168' title='bbox 1216 294 1248 330; x_wconf 81' lang='grc' dir='ltr'><strong>δὴ</strong></span> <span class='ocrx_word' id='word_1_169' title='bbox 1261 293 1352 330; x_wconf 78' lang='grc' dir='ltr'>μεῖζον</span> <span class='ocrx_word' id='word_1_170' title='bbox 1363 295 1402 326; x_wconf 80' lang='grc' dir='ltr'><strong>εἰς</strong></span> <span class='ocrx_word' id='word_1_171' title='bbox 1416 294 1538 328; x_wconf 80' lang='grc' dir='ltr'>ἀλογίαν,</span> <span class='ocrx_word' id='word_1_172' title='bbox 1555 292 1759 320; x_wconf 72' lang='grc' dir='ltr'>ἀποσταλεῖσαν</span> <span class='ocrx_word' id='word_1_173' title='bbox 1775 291 1881 326; x_wconf 64' lang='grc' dir='ltr'>δύναμιν</span> 
     </span>
    </p>
   </div>
   <div class='ocr_carea' id='block_1_26' title="bbox 1091 339 1881 376">
    <p class='ocr_par' dir='ltr' id='par_1_26' title="bbox 1091 339 1881 376">
     <span class='ocr_line' id='line_1_26' title="bbox 1091 339 1881 376; baseline -0.004 -8"><span class='ocrx_word' id='word_1_174' title='bbox 1091 342 1138 369; x_wconf 83' lang='grc' dir='ltr'>τοῦ</span> <span class='ocrx_word' id='word_1_175' title='bbox 1152 342 1264 376; x_wconf 80' lang='grc' dir='ltr'><strong>ἀγαθοῦ,</strong></span> <span class='ocrx_word' id='word_1_176' title='bbox 1281 341 1373 368; x_wconf 79' lang='grc' dir='ltr'>οὐκέτι</span> <span class='ocrx_word' id='word_1_177' title='bbox 1395 341 1451 376; x_wconf 73' lang='grc' dir='ltr'>φῶς</span> <span class='ocrx_word' id='word_1_178' title='bbox 1467 341 1610 376; x_wconf 70' lang='grc' dir='ltr'>αἰσθητόν·</span> <span class='ocrx_word' id='word_1_179' title='bbox 1631 339 1689 366; x_wconf 81' lang='grc' dir='ltr'>ἀλλ’</span> <span class='ocrx_word' id='word_1_180' title='bbox 1709 340 1748 370; x_wconf 82' lang='grc' dir='ltr'>ὡς</span> <span class='ocrx_word' id='word_1_181' title='bbox 1762 340 1796 365; x_wconf 80' lang='grc' dir='ltr'>ἂν</span> <span class='ocrx_word' id='word_1_182' title='bbox 1811 340 1881 372; x_wconf 55' lang='lat' dir='ltr'><strong>gain.</strong></span> 
     </span>
    </p>
   </div>
   <div class='ocr_carea' id='block_1_27' title="bbox 1091 384 1883 423">
    <p class='ocr_par' dir='ltr' id='par_1_27' title="bbox 1091 384 1883 423">
     <span class='ocr_line' id='line_1_27' title="bbox 1091 384 1883 423; baseline -0.006 -9"><span class='ocrx_word' id='word_1_183' title='bbox 1091 387 1226 423; x_wconf 80' lang='grc' dir='ltr'>προϐολὴν</span> <span class='ocrx_word' id='word_1_184' title='bbox 1248 387 1295 413; x_wconf 78' lang='grc' dir='ltr'>τοῦ</span> <span class='ocrx_word' id='word_1_185' title='bbox 1313 387 1380 413; x_wconf 76' lang='grc' dir='ltr'>Θεοῦ</span> <span class='ocrx_word' id='word_1_186' title='bbox 1406 386 1572 421; x_wconf 78' lang='grc' dir='ltr'>θεασαμένη,</span> <span class='ocrx_word' id='word_1_187' title='bbox 1601 385 1759 420; x_wconf 73' lang='grc' dir='ltr'>προσκισσᾷ</span> <span class='ocrx_word' id='word_1_188' title='bbox 1787 385 1835 419; x_wconf 78' lang='grc' dir='ltr'>μὲν</span> <span class='ocrx_word' id='word_1_189' title='bbox 1851 384 1883 413; x_wconf 72' lang='grc' dir='ltr'><strong>ὡς</strong></span> 
     </span>
    </p>
   </div>
   <div class='ocr_carea' id='block_1_28' title="bbox 1090 428 1883 469">
    <p class='ocr_par' dir='ltr' id='par_1_28' title="bbox 1090 428 1883 469">
     <span class='ocr_line' id='line_1_28' title="bbox 1090 428 1883 469; baseline -0.006 -10"><span class='ocrx_word' id='word_1_190' title='bbox 1090 432 1191 469; x_wconf 80' lang='grc' dir='ltr'>ἐρῶσα,</span> <span class='ocrx_word' id='word_1_191' title='bbox 1205 433 1279 468; x_wconf 74' lang='grc' dir='ltr'>ὁρμᾷ.</span> <span class='ocrx_word' id='word_1_192' title='bbox 1292 432 1321 458; x_wconf 75' lang='grc' dir='ltr'><strong>δὲ</strong></span> <span class='ocrx_word' id='word_1_193' title='bbox 1341 432 1386 458; x_wconf 73' lang='grc' dir='ltr'><strong>καὶ</strong></span> <span class='ocrx_word' id='word_1_194' title='bbox 1409 431 1562 462; x_wconf 71' lang='grc' dir='ltr'><strong>καταπίνει,</strong></span> <span class='ocrx_word' id='word_1_195' title='bbox 1577 431 1624 456; x_wconf 73' lang='grc' dir='ltr'><strong>καὶ</strong></span> <span class='ocrx_word' id='word_1_196' title='bbox 1638 431 1698 461; x_wconf 77' lang='grc' dir='ltr'>ταῖς</span> <span class='ocrx_word' id='word_1_197' title='bbox 1714 430 1795 460; x_wconf 65' lang='grc' dir='ltr'>ἰδίαις</span> <span class='ocrx_word' id='word_1_198' title='bbox 1810 428 1883 454; x_wconf 66' lang='grc' dir='ltr'>δυνὰ-</span> 
     </span>
    </p>
   </div>
   <div class='ocr_carea' id='block_1_29' title="bbox 1091 474 1882 514">
    <p class='ocr_par' dir='ltr' id='par_1_29' title="bbox 1091 474 1882 514">
     <span class='ocr_line' id='line_1_29' title="bbox 1091 474 1882 514; baseline -0.006 -9"><span class='ocrx_word' id='word_1_199' title='bbox 1091 487 1155 513; x_wconf 86' lang='grc' dir='ltr'>μεσι</span> <span class='ocrx_word' id='word_1_200' title='bbox 1166 477 1287 512; x_wconf 79' lang='grc' dir='ltr'>διανέμει</span> <span class='ocrx_word' id='word_1_201' title='bbox 1300 486 1306 492; x_wconf 90' lang='grc'><strong>·</strong></span> <span class='ocrx_word' id='word_1_202' title='bbox 1354 477 1382 503; x_wconf 76' lang='grc' dir='ltr'><strong>δὲ</strong></span> <span class='ocrx_word' id='word_1_203' title='bbox 1397 477 1442 503; x_wconf 76' lang='grc' dir='ltr'>καὶ</span> <span class='ocrx_word' id='word_1_204' title='bbox 1456 476 1605 503; x_wconf 71' lang='grc' dir='ltr'>θεάσασθαι</span> <span class='ocrx_word' id='word_1_205' title='bbox 1621 477 1652 502; x_wconf 80' lang='grc' dir='ltr'><strong>τὸ</strong></span> <span class='ocrx_word' id='word_1_206' title='bbox 1669 476 1702 502; x_wconf 81' lang='grc' dir='ltr'><strong>ὲκ</strong></span> <span class='ocrx_word' id='word_1_207' title='bbox 1714 476 1764 510; x_wconf 79' lang='grc' dir='ltr'>τῆς</span> <span class='ocrx_word' id='word_1_208' title='bbox 1780 475 1882 509; x_wconf 69' lang='grc' dir='ltr'>φύσεως</span> 
     </span>
    </p>
   </div>
   <div class='ocr_carea' id='block_1_30' title="bbox 1089 521 1883 559">
    <p class='ocr_par' dir='ltr' id='par_1_30' title="bbox 1089 521 1883 559">
     <span class='ocr_line' id='line_1_30' title="bbox 1089 521 1883 559; baseline -0.005 -9"><span class='ocrx_word' id='word_1_209' title='bbox 1089 525 1136 552; x_wconf 78' lang='grc' dir='ltr'>τοῦ</span> <span class='ocrx_word' id='word_1_210' title='bbox 1161 524 1263 558; x_wconf 73' lang='grc' dir='ltr'>ἀγειθοῦ</span> <span class='ocrx_word' id='word_1_211' title='bbox 1285 523 1409 559; x_wconf 71' lang='grc' dir='ltr'>πεμφθὲν</span> <span class='ocrx_word' id='word_1_212' title='bbox 1436 523 1565 550; x_wconf 73' lang='grc' dir='ltr'>ἀδύνατον</span> <span class='ocrx_word' id='word_1_213' title='bbox 1589 521 1635 558; x_wconf 76' lang='grc' dir='ltr'><strong>ἦν.</strong></span> <span class='ocrx_word' id='word_1_214' title='bbox 1657 522 1746 557; x_wconf 71' lang='grc' dir='ltr'>ταύτῃ</span> <span class='ocrx_word' id='word_1_215' title='bbox 1775 521 1883 547; x_wconf 66' lang='grc' dir='ltr'>δυνατόν</span> 
     </span>
    </p>
   </div>
   <div class='ocr_carea' id='block_1_31' title="bbox 1091 567 1882 606">
    <p class='ocr_par' dir='ltr' id='par_1_31' title="bbox 1091 567 1882 606">
     <span class='ocr_line' id='line_1_31' title="bbox 1091 567 1882 606; baseline -0.008 -9"><span class='ocrx_word' id='word_1_216' title='bbox 1091 580 1156 606; x_wconf 74' lang='grc' dir='ltr'>φησι</span> <span class='ocrx_word' id='word_1_217' title='bbox 1179 570 1331 604; x_wconf 77' lang='grc' dir='ltr'>γεγονέναι,</span> <span class='ocrx_word' id='word_1_218' title='bbox 1359 569 1406 595; x_wconf 74' lang='grc' dir='ltr'><strong>καὶ</strong></span> <span class='ocrx_word' id='word_1_219' title='bbox 1432 570 1575 594; x_wconf 71' lang='grc' dir='ltr'>καταπιεῖν</span> <span class='ocrx_word' id='word_1_220' title='bbox 1604 568 1694 594; x_wconf 79' lang='grc' dir='ltr'>τοῦτο.</span> <span class='ocrx_word' id='word_1_221' title='bbox 1717 567 1781 593; x_wconf 82' lang='grc' dir='ltr'><strong>Ἐπὶ</strong></span> <span class='ocrx_word' id='word_1_222' title='bbox 1808 567 1882 593; x_wconf 57' lang='grc' dir='ltr'>πλέον</span> 
     </span>
    </p>
   </div>
   <div class='ocr_carea' id='block_1_32' title="bbox 1089 612 1881 653">
    <p class='ocr_par' dir='ltr' id='par_1_32' title="bbox 1089 612 1881 653">
     <span class='ocr_line' id='line_1_32' title="bbox 1089 612 1881 653; baseline -0.008 -9"><span class='ocrx_word' id='word_1_223' title='bbox 1089 618 1144 653; x_wconf 77' lang='grc' dir='ltr'><strong>γὰρ</strong></span> <span class='ocrx_word' id='word_1_224' title='bbox 1159 618 1197 652; x_wconf 85' lang='grc' dir='ltr'>τῷ</span> <span class='ocrx_word' id='word_1_225' title='bbox 1217 616 1291 652; x_wconf 85' lang='grc' dir='ltr'>αὺτῴ</span> <span class='ocrx_word' id='word_1_226' title='bbox 1308 618 1444 652; x_wconf 77' lang='grc' dir='ltr'><strong>χρήσομαι</strong></span> <span class='ocrx_word' id='word_1_227' title='bbox 1457 615 1539 650; x_wconf 80' lang='grc' dir='ltr'>λόγῳ,</span> <span class='ocrx_word' id='word_1_228' title='bbox 1555 616 1603 647; x_wconf 83' lang='grc' dir='ltr'>ὡς,</span> <span class='ocrx_word' id='word_1_229' title='bbox 1620 615 1645 641; x_wconf 81' lang='grc' dir='ltr'>εἰ</span> <span class='ocrx_word' id='word_1_230' title='bbox 1663 615 1710 640; x_wconf 75' lang='grc' dir='ltr'><strong>καὶ</strong></span> <span class='ocrx_word' id='word_1_231' title='bbox 1728 615 1811 649; x_wconf 72' lang='grc' dir='ltr'>μόνον</span> <span class='ocrx_word' id='word_1_232' title='bbox 1834 612 1881 639; x_wconf 73' lang='grc' dir='ltr'>εἶδε</span> 
     </span>
    </p>
   </div>
   <div class='ocr_carea' id='block_1_33' title="bbox 1089 660 1881 698">
    <p class='ocr_par' dir='ltr' id='par_1_33' title="bbox 1089 660 1881 698">
     <span class='ocr_line' id='line_1_33' title="bbox 1089 660 1881 698; baseline -0.008 -8"><span class='ocrx_word' id='word_1_233' title='bbox 1089 664 1120 690; x_wconf 76' lang='grc' dir='ltr'>τὸ</span> <span class='ocrx_word' id='word_1_234' title='bbox 1132 665 1163 690; x_wconf 83' lang='grc' dir='ltr'>ἐκ</span> <span class='ocrx_word' id='word_1_235' title='bbox 1174 663 1223 698; x_wconf 82' lang='grc' dir='ltr'>τῆς</span> <span class='ocrx_word' id='word_1_236' title='bbox 1235 664 1328 693; x_wconf 71' lang='grc' dir='ltr'>οὐσίας</span> <span class='ocrx_word' id='word_1_237' title='bbox 1343 662 1388 688; x_wconf 77' lang='grc' dir='ltr'>τοῦ</span> <span class='ocrx_word' id='word_1_238' title='bbox 1403 662 1471 688; x_wconf 79' lang='grc' dir='ltr'>Θεοῦ</span> <span class='ocrx_word' id='word_1_239' title='bbox 1485 661 1716 698; x_wconf 69' lang='grc' dir='ltr'>προϐεϐλημένον,</span> <span class='ocrx_word' id='word_1_240' title='bbox 1736 660 1831 694; x_wconf 72' lang='grc' dir='ltr'>ἐτέρου</span> <span class='ocrx_word' id='word_1_241' title='bbox 1844 668 1881 685; x_wconf 76' lang='grc' dir='ltr'>τί-</span> 
     </span>
    </p>
   </div>
   <div class='ocr_carea' id='block_1_34' title="bbox 1090 705 1882 744">
    <p class='ocr_par' dir='ltr' id='par_1_34' title="bbox 1090 705 1882 744">
     <span class='ocr_line' id='line_1_34' title="bbox 1090 705 1882 744; baseline -0.005 -10"><span class='ocrx_word' id='word_1_242' title='bbox 1090 709 1134 740; x_wconf 79' lang='grc' dir='ltr'>νὸς</span> <span class='ocrx_word' id='word_1_243' title='bbox 1143 709 1192 735; x_wconf 72' lang='grc' dir='ltr'><strong>οὐκ</strong></span> <span class='ocrx_word' id='word_1_244' title='bbox 1199 709 1232 736; x_wconf 82' lang='grc' dir='ltr'>ἂν</span> <span class='ocrx_word' id='word_1_245' title='bbox 1240 707 1354 744; x_wconf 79' lang='grc' dir='ltr'>δεόμεθα</span> <span class='ocrx_word' id='word_1_246' title='bbox 1363 708 1418 744; x_wconf 87' lang='lat' dir='ltr'><strong>(I0)</strong></span> <span class='ocrx_word' id='word_1_247' title='bbox 1428 707 1506 742; x_wconf 82' lang='grc' dir='ltr'><strong>λόγου</strong></span> <span class='ocrx_word' id='word_1_248' title='bbox 1515 707 1583 742; x_wconf 81' lang='grc' dir='ltr'>πρὸς</span> <span class='ocrx_word' id='word_1_249' title='bbox 1594 707 1752 741; x_wconf 78' lang='grc' dir='ltr'><strong>ἀνατροπὴν</strong></span> <span class='ocrx_word' id='word_1_250' title='bbox 1761 705 1809 732; x_wconf 77' lang='grc' dir='ltr'>τοῦ</span> <span class='ocrx_word' id='word_1_251' title='bbox 1820 705 1882 731; x_wconf 64' lang='grc' dir='ltr'><strong>πλὰο</strong></span> 
     </span>
    </p>
   </div>
   <div class='ocr_carea' id='block_1_35' title="bbox 1091 751 1881 790">
    <p class='ocr_par' dir='ltr' id='par_1_35' title="bbox 1091 751 1881 790">
     <span class='ocr_line' id='line_1_35' title="bbox 1091 751 1881 790; baseline -0.004 -10"><span class='ocrx_word' id='word_1_252' title='bbox 1091 763 1209 790; x_wconf 78' lang='grc' dir='ltr'>σματος-</span> <span class='ocrx_word' id='word_1_253' title='bbox 1229 752 1282 781; x_wconf 72' lang='grc' dir='ltr'>εἶδε</span> <span class='ocrx_word' id='word_1_254' title='bbox 1301 753 1355 790; x_wconf 79' lang='grc' dir='ltr'><strong>γὰρ</strong></span> <span class='ocrx_word' id='word_1_255' title='bbox 1378 754 1496 786; x_wconf 82' lang='grc' dir='ltr'>πάντως,</span> <span class='ocrx_word' id='word_1_256' title='bbox 1520 753 1562 785; x_wconf 74' lang='grc' dir='ltr'><strong>ὡς</strong></span> <span class='ocrx_word' id='word_1_257' title='bbox 1581 753 1662 788; x_wconf 81' lang='grc' dir='ltr'>ὁμοία</span> <span class='ocrx_word' id='word_1_258' title='bbox 1678 753 1708 778; x_wconf 82' lang='grc' dir='ltr'><strong>τὺ</strong></span> <span class='ocrx_word' id='word_1_259' title='bbox 1724 753 1826 787; x_wconf 44' lang='grc' dir='ltr'>ὄψον.</span> <span class='ocrx_word' id='word_1_260' title='bbox 1849 751 1881 777; x_wconf 65' lang='grc' dir='ltr'><strong>Τὶ</strong></span> 
     </span>
    </p>
   </div>
   <div class='ocr_carea' id='block_1_36' title="bbox 1091 797 1881 837">
    <p class='ocr_par' dir='ltr' id='par_1_36' title="bbox 1091 797 1881 837">
     <span class='ocr_line' id='line_1_36' title="bbox 1091 797 1881 837; baseline -0.006 -9"><span class='ocrx_word' id='word_1_261' title='bbox 1091 801 1144 837; x_wconf 79' lang='grc' dir='ltr'><strong>γὰρ</strong></span> <span class='ocrx_word' id='word_1_262' title='bbox 1161 801 1248 835; x_wconf 80' lang='grc' dir='ltr'><strong>πάντη</strong></span> <span class='ocrx_word' id='word_1_263' title='bbox 1262 801 1333 827; x_wconf 77' lang='grc' dir='ltr'>κατὰ</span> <span class='ocrx_word' id='word_1_264' title='bbox 1353 800 1435 834; x_wconf 72' lang='grc' dir='ltr'>φύσιν</span> <span class='ocrx_word' id='word_1_265' title='bbox 1449 800 1569 826; x_wconf 78' lang='grc' dir='ltr'>ἐναντίον</span> <span class='ocrx_word' id='word_1_266' title='bbox 1590 799 1637 825; x_wconf 80' lang='grc' dir='ltr'><strong>καὶ</strong></span> <span class='ocrx_word' id='word_1_267' title='bbox 1654 797 1726 833; x_wconf 69' lang='grc' dir='ltr'>πρὸς</span> <span class='ocrx_word' id='word_1_268' title='bbox 1742 798 1830 833; x_wconf 80' lang='grc' dir='ltr'>ἄκραν</span> <span class='ocrx_word' id='word_1_269' title='bbox 1840 798 1881 823; x_wconf 66' lang='grc' dir='ltr'><strong>ἐν·</strong></span> 
     </span>
    </p>
   </div>
   <div class='ocr_carea' id='block_1_37' title="bbox 1091 843 1879 881">
    <p class='ocr_par' dir='ltr' id='par_1_37' title="bbox 1091 843 1879 881">
     <span class='ocr_line' id='line_1_37' title="bbox 1091 843 1879 881; baseline -0.006 -8"><span class='ocrx_word' id='word_1_270' title='bbox 1091 847 1234 881; x_wconf 86' lang='grc' dir='ltr'>αντιότητα</span> <span class='ocrx_word' id='word_1_271' title='bbox 1251 845 1417 880; x_wconf 79' lang='grc' dir='ltr'>κεχωρηκδς,</span> <span class='ocrx_word' id='word_1_272' title='bbox 1434 845 1489 871; x_wconf 73' lang='grc' dir='ltr'>οὔτ’</span> <span class='ocrx_word' id='word_1_273' title='bbox 1505 844 1539 871; x_wconf 80' lang='grc' dir='ltr'>ἂν</span> <span class='ocrx_word' id='word_1_274' title='bbox 1560 845 1609 871; x_wconf 76' lang='grc' dir='ltr'>ἴδοι</span> <span class='ocrx_word' id='word_1_275' title='bbox 1633 845 1664 870; x_wconf 76' lang='grc' dir='ltr'>τὸ</span> <span class='ocrx_word' id='word_1_276' title='bbox 1681 844 1816 874; x_wconf 79' lang='grc' dir='ltr'>ἐναντίον,</span> <span class='ocrx_word' id='word_1_277' title='bbox 1829 843 1879 869; x_wconf 68' lang='grc' dir='ltr'>οὒτ’</span> 
     </span>
    </p>
   </div>
   <div class='ocr_carea' id='block_1_38' title="bbox 1092 889 1879 927">
    <p class='ocr_par' dir='ltr' id='par_1_38' title="bbox 1092 889 1879 927">
     <span class='ocr_line' id='line_1_38' title="bbox 1092 889 1879 927; baseline -0.006 -9"><span class='ocrx_word' id='word_1_278' title='bbox 1092 892 1125 919; x_wconf 79' lang='grc' dir='ltr'>ἂν</span> <span class='ocrx_word' id='word_1_279' title='bbox 1151 891 1357 927; x_wconf 78' lang='grc' dir='ltr'>προσεγγίσειεν</span> <span class='ocrx_word' id='word_1_280' title='bbox 1380 890 1471 926; x_wconf 80' lang='grc' dir='ltr'>αὐτῷ’</span> <span class='ocrx_word' id='word_1_281' title='bbox 1497 890 1592 925; x_wconf 78' lang='grc' dir='ltr'>ἐπειδὴ</span> <span class='ocrx_word' id='word_1_282' title='bbox 1621 889 1813 924; x_wconf 49' lang='grc' dir='ltr'>διαφθείρεται</span> <span class='ocrx_word' id='word_1_283' title='bbox 1835 889 1879 922; x_wconf 74' lang='grc' dir='ltr'>τῆς</span> 
     </span>
    </p>
   </div>
   <div class='ocr_carea' id='block_1_39' title="bbox 1092 934 1846 972">
    <p class='ocr_par' dir='ltr' id='par_1_39' title="bbox 1092 934 1846 972">
     <span class='ocr_line' id='line_1_39' title="bbox 1092 934 1846 972; baseline -0.007 -8"><span class='ocrx_word' id='word_1_284' title='bbox 1092 938 1276 972; x_wconf 74' lang='grc' dir='ltr'>ἐναντιότητος</span> <span class='ocrx_word' id='word_1_285' title='bbox 1289 938 1303 963; x_wconf 74' lang='grc' dir='ltr'>ὁ</span> <span class='ocrx_word' id='word_1_286' title='bbox 1319 937 1398 970; x_wconf 74' lang='grc' dir='ltr'>λόγος</span> <span class='ocrx_word' id='word_1_287' title='bbox 1415 936 1564 968; x_wconf 80' lang='grc' dir='ltr'>παντελῶς.</span> <span class='ocrx_word' id='word_1_288' title='bbox 1582 937 1605 961; x_wconf 85' lang='grc' dir='ltr'>εἰ</span> <span class='ocrx_word' id='word_1_289' title='bbox 1620 936 1667 962; x_wconf 76' lang='grc' dir='ltr'>καὶ</span> <span class='ocrx_word' id='word_1_290' title='bbox 1686 935 1766 970; x_wconf 70' lang='grc' dir='ltr'>μόνον</span> <span class='ocrx_word' id='word_1_291' title='bbox 1787 934 1846 960; x_wconf 71' lang='grc' dir='ltr'>ἴδοι.</span> 
     </span>
    </p>
   </div>
   <div class='ocr_carea' id='block_1_40' title="bbox 853 1037 1267 1067">
    <p class='ocr_par' dir='ltr' id='par_1_40' title="bbox 853 1037 1267 1067">
     <span class='ocr_line' id='line_1_40' title="bbox 853 1037 1267 1067; baseline -0.01 -1"><span class='ocrx_word' id='word_1_292' title='bbox 853 1039 919 1066; x_wconf 75' lang='lat' dir='ltr'><strong>CAP.</strong></span> <span class='ocrx_word' id='word_1_293' title='bbox 941 1038 1012 1065; x_wconf 71' lang='lat' dir='ltr'><strong>XXI.</strong></span> <span class='ocrx_word' id='word_1_294' title='bbox 1030 1040 1100 1067; x_wconf 81' lang='lat' dir='ltr'><strong>Deus</strong></span> <span class='ocrx_word' id='word_1_295' title='bbox 1116 1037 1267 1065; x_wconf 79' lang='lat' dir='ltr'><strong>invisibilis.</strong></span> 
     </span>
    </p>
   </div>
   <div class='ocr_carea' id='block_1_41' title="bbox 279 1082 1034 1119">
    <p class='ocr_par' dir='ltr' id='par_1_41' title="bbox 279 1082 1034 1119">
     <span class='ocr_line' id='line_1_41' title="bbox 279 1082 1034 1119; baseline 0.004 -10"><span class='ocrx_word' id='word_1_296' title='bbox 279 1082 335 1110; x_wconf 91' lang='lat' dir='ltr'><strong>lloc</strong></span> <span class='ocrx_word' id='word_1_297' title='bbox 350 1087 440 1110; x_wconf 87' lang='lat' dir='ltr'><strong>autem</strong></span> <span class='ocrx_word' id='word_1_298' title='bbox 457 1082 534 1110; x_wconf 87' lang='lat' dir='ltr'><strong>addit</strong></span> <span class='ocrx_word' id='word_1_299' title='bbox 559 1084 666 1111; x_wconf 65' lang='lat' dir='ltr'><strong>caeteris</strong></span> <span class='ocrx_word' id='word_1_300' title='bbox 687 1091 748 1119; x_wconf 63' lang='lat' dir='ltr'><strong>quae</strong></span> <span class='ocrx_word' id='word_1_301' title='bbox 771 1084 850 1118; x_wconf 79' lang='lat' dir='ltr'><strong>dixit,</strong></span> <span class='ocrx_word' id='word_1_302' title='bbox 878 1085 1034 1117; x_wconf 83' lang='lat' dir='ltr'><strong>absurdius,</strong></span> 
     </span>
    </p>
   </div>
   <div class='ocr_carea' id='block_1_42' title="bbox 241 1129 1036 1166">
    <p class='ocr_par' dir='ltr' id='par_1_42' title="bbox 241 1129 1036 1166">
     <span class='ocr_line' id='line_1_42' title="bbox 241 1129 1036 1166; baseline 0.001 -9"><span class='ocrx_word' id='word_1_303' title='bbox 241 1134 269 1157; x_wconf 80' lang='lat' dir='ltr'><strong>et</strong></span> <span class='ocrx_word' id='word_1_304' title='bbox 288 1137 381 1157; x_wconf 79' lang='lat' dir='ltr'><strong>secum</strong></span> <span class='ocrx_word' id='word_1_305' title='bbox 398 1129 573 1157; x_wconf 82' lang='lat' dir='ltr'><strong>vehementer</strong></span> <span class='ocrx_word' id='word_1_306' title='bbox 581 1137 705 1165; x_wconf 78' lang='lat' dir='ltr'><strong>pugnans</strong></span> <span class='ocrx_word' id='word_1_307' title='bbox 719 1140 726 1163; x_wconf 87' lang='lat'><strong>;</strong></span> <span class='ocrx_word' id='word_1_308' title='bbox 738 1138 772 1157; x_wconf 87' lang='lat' dir='ltr'><strong>ne</strong></span> <span class='ocrx_word' id='word_1_309' title='bbox 787 1138 856 1166; x_wconf 89' lang='lat' dir='ltr'><strong>opus</strong></span> <span class='ocrx_word' id='word_1_310' title='bbox 864 1131 911 1162; x_wconf 87' lang='lat' dir='ltr'><strong>sit,</strong></span> <span class='ocrx_word' id='word_1_311' title='bbox 925 1135 954 1157; x_wconf 91' lang='lat' dir='ltr'><strong>ut</strong></span> <span class='ocrx_word' id='word_1_312' title='bbox 965 1131 1036 1158; x_wconf 89' lang='lat' dir='ltr'><strong>alius</strong></span> 
     </span>
    </p>
   </div>
   <div class='ocr_carea' id='block_1_43' title="bbox 243 1175 1035 1211">
    <p class='ocr_par' dir='ltr' id='par_1_43' title="bbox 243 1175 1035 1211">
     <span class='ocr_line' id='line_1_43' title="bbox 243 1175 1035 1211; baseline 0.001 -8"><span class='ocrx_word' id='word_1_313' title='bbox 243 1182 338 1203; x_wconf 86' lang='lat' dir='ltr'><strong>contra</strong></span> <span class='ocrx_word' id='word_1_314' title='bbox 351 1183 413 1202; x_wconf 89' lang='lat' dir='ltr'><strong>eum</strong></span> <span class='ocrx_word' id='word_1_315' title='bbox 428 1175 510 1202; x_wconf 83' lang='lat' dir='ltr'><strong>dicat.</strong></span> <span class='ocrx_word' id='word_1_316' title='bbox 524 1175 632 1203; x_wconf 85' lang='lat' dir='ltr'><strong>Amavit</strong></span> <span class='ocrx_word' id='word_1_317' title='bbox 646 1176 730 1207; x_wconf 84' lang='lat' dir='ltr'><strong>enim,</strong></span> <span class='ocrx_word' id='word_1_318' title='bbox 749 1176 848 1211; x_wconf 86' lang='lat' dir='ltr'><strong>inquit,</strong></span> <span class='ocrx_word' id='word_1_319' title='bbox 873 1181 1035 1211; x_wconf 83' lang='lat' dir='ltr'><strong>potestatem</strong></span> 
     </span>
    </p>
   </div>
   <div class='ocr_carea' id='block_1_44' title="bbox 242 1221 1034 1258">
    <p class='ocr_par' dir='ltr' id='par_1_44' title="bbox 242 1221 1034 1258">
     <span class='ocr_line' id='line_1_44' title="bbox 242 1221 1034 1258; baseline 0.001 -10"><span class='ocrx_word' id='word_1_320' title='bbox 242 1222 317 1249; x_wconf 92' lang='lat' dir='ltr'><strong>illam</strong></span> <span class='ocrx_word' id='word_1_321' title='bbox 328 1222 414 1248; x_wconf 85' lang='lat' dir='ltr'><strong>visam</strong></span> <span class='ocrx_word' id='word_1_322' title='bbox 432 1225 560 1256; x_wconf 83' lang='lat' dir='ltr'><strong>tanquam</strong></span> <span class='ocrx_word' id='word_1_323' title='bbox 570 1221 654 1249; x_wconf 87' lang='lat' dir='ltr'><strong>oblita</strong></span> <span class='ocrx_word' id='word_1_324' title='bbox 667 1222 777 1257; x_wconf 83' lang='lat' dir='ltr'><strong>penitus</strong></span> <span class='ocrx_word' id='word_1_325' title='bbox 790 1228 893 1249; x_wconf 72' lang='lat' dir='ltr'><strong>natura:</strong></span> <span class='ocrx_word' id='word_1_326' title='bbox 903 1223 1034 1258; x_wconf 67' lang='lat' dir='ltr'><strong>propriae:</strong></span> 
     </span>
    </p>
   </div>
   <div class='ocr_carea' id='block_1_45' title="bbox 243 1262 1035 1302">
    <p class='ocr_par' dir='ltr' id='par_1_45' title="bbox 243 1262 1035 1302">
     <span class='ocr_line' id='line_1_45' title="bbox 243 1262 1035 1302; baseline 0.003 -10"><span class='ocrx_word' id='word_1_327' title='bbox 243 1273 298 1293; x_wconf 89' lang='lat' dir='ltr'><strong>non</strong></span> <span class='ocrx_word' id='word_1_328' title='bbox 309 1266 354 1292; x_wconf 92' lang='lat' dir='ltr'><strong>illa</strong></span> <span class='ocrx_word' id='word_1_329' title='bbox 369 1265 479 1302; x_wconf 86' lang='lat' dir='ltr'><strong>quidem</strong></span> <span class='ocrx_word' id='word_1_330' title='bbox 494 1266 580 1293; x_wconf 88' lang='lat' dir='ltr'><strong>oblita</strong></span> <span class='ocrx_word' id='word_1_331' title='bbox 602 1270 654 1298; x_wconf 87' lang='lat' dir='ltr'><strong>est,</strong></span> <span class='ocrx_word' id='word_1_332' title='bbox 670 1274 731 1301; x_wconf 76' lang='lat' dir='ltr'><strong>qua:</strong></span> <span class='ocrx_word' id='word_1_333' title='bbox 752 1275 807 1294; x_wconf 89' lang='lat' dir='ltr'><strong>non</strong></span> <span class='ocrx_word' id='word_1_334' title='bbox 830 1271 890 1294; x_wconf 89' lang='lat' dir='ltr'><strong>crat</strong></span> <span class='ocrx_word' id='word_1_335' title='bbox 914 1277 919 1294; x_wconf 90' lang='lat'>:</span> <span class='ocrx_word' id='word_1_336' title='bbox 938 1262 985 1295; x_wconf 87' lang='lat' dir='ltr'><strong>sed</strong></span> <span class='ocrx_word' id='word_1_337' title='bbox 1007 1268 1035 1295; x_wconf 85' lang='lat' dir='ltr'><strong>lii</strong></span> 
     </span>
    </p>
   </div>
   <div class='ocr_carea' id='block_1_46' title="bbox 243 1313 1036 1346">
    <p class='ocr_par' dir='ltr' id='par_1_46' title="bbox 243 1313 1036 1346">
     <span class='ocr_line' id='line_1_46' title="bbox 243 1313 1036 1346; baseline 0 -6"><span class='ocrx_word' id='word_1_338' title='bbox 243 1316 307 1341; x_wconf 88' lang='lat' dir='ltr'><strong>sunt</strong></span> <span class='ocrx_word' id='word_1_339' title='bbox 339 1320 453 1340; x_wconf 77' lang='lat' dir='ltr'><strong>SUOl&#39;lllll</strong></span> <span class='ocrx_word' id='word_1_340' title='bbox 485 1317 704 1339; x_wconf 87' lang='lat' dir='ltr'><strong>commentorum</strong></span> <span class='ocrx_word' id='word_1_341' title='bbox 734 1314 927 1346; x_wconf 70' lang='lat' dir='ltr'><strong>immemores;</strong></span> <span class='ocrx_word' id='word_1_342' title='bbox 960 1313 1036 1340; x_wconf 90' lang='lat' dir='ltr'><strong>aiunt</strong></span> 
     </span>
    </p>
   </div>
   <div class='ocr_carea' id='block_1_47' title="bbox 242 1358 1036 1393">
    <p class='ocr_par' dir='ltr' id='par_1_47' title="bbox 242 1358 1036 1393">
     <span class='ocr_line' id='line_1_47' title="bbox 242 1358 1036 1393; baseline 0.003 -9"><span class='ocrx_word' id='word_1_343' title='bbox 242 1358 329 1390; x_wconf 86' lang='lat' dir='ltr'><strong>cnim,</strong></span> <span class='ocrx_word' id='word_1_344' title='bbox 344 1360 504 1393; x_wconf 81' lang='lat' dir='ltr'><strong>priusquam</strong></span> <span class='ocrx_word' id='word_1_345' title='bbox 522 1358 580 1385; x_wconf 63' lang='lat' dir='ltr'><strong>haec</strong></span> <span class='ocrx_word' id='word_1_346' title='bbox 598 1358 762 1386; x_wconf 86' lang='lat' dir='ltr'><strong>seditionem</strong></span> <span class='ocrx_word' id='word_1_347' title='bbox 771 1363 903 1390; x_wconf 88' lang='lat' dir='ltr'><strong>moveret,</strong></span> <span class='ocrx_word' id='word_1_348' title='bbox 918 1366 972 1386; x_wconf 90' lang='lat' dir='ltr'><strong>non</strong></span> <span class='ocrx_word' id='word_1_349' title='bbox 988 1359 1036 1385; x_wconf 77' lang='lat' dir='ltr'><strong>lia-</strong></span> 
     </span>
    </p>
   </div>
   <div class='ocr_carea' id='block_1_48' title="bbox 1124 1079 1880 1117">
    <p class='ocr_par' dir='ltr' id='par_1_48' title="bbox 1124 1079 1880 1117">
     <span class='ocr_line' id='line_1_48' title="bbox 1124 1079 1880 1117; baseline -0.008 -7"><span class='ocrx_word' id='word_1_350' title='bbox 1124 1084 1209 1110; x_wconf 80' lang='grc' dir='ltr'>Τοῦτο</span> <span class='ocrx_word' id='word_1_351' title='bbox 1228 1083 1255 1109; x_wconf 81' lang='grc' dir='ltr'><strong>δὲ</strong></span> <span class='ocrx_word' id='word_1_352' title='bbox 1278 1082 1438 1117; x_wconf 80' lang='grc' dir='ltr'>προστίθησι</span> <span class='ocrx_word' id='word_1_353' title='bbox 1455 1081 1509 1108; x_wconf 84' lang='grc' dir='ltr'>τῶν</span> <span class='ocrx_word' id='word_1_354' title='bbox 1526 1081 1685 1116; x_wconf 78' lang='grc' dir='ltr'><strong>εἰρημένων</strong></span> <span class='ocrx_word' id='word_1_355' title='bbox 1709 1079 1880 1114; x_wconf 74' lang='grc' dir='ltr'>ἀτοπώτερον</span> 
     </span>
    </p>
   </div>
   <div class='ocr_carea' id='block_1_49' title="bbox 1090 1126 1879 1166">
    <p class='ocr_par' dir='ltr' id='par_1_49' title="bbox 1090 1126 1879 1166">
     <span class='ocr_line' id='line_1_49' title="bbox 1090 1126 1879 1166; baseline -0.009 -8"><span class='ocrx_word' id='word_1_356' title='bbox 1090 1129 1208 1166; x_wconf 52' lang='lat' dir='ltr'><strong>{quin};</strong></span> <span class='ocrx_word' id='word_1_357' title='bbox 1221 1128 1309 1163; x_wconf 79' lang='grc' dir='ltr'>ἐαυτῷ</span> <span class='ocrx_word' id='word_1_358' title='bbox 1331 1128 1483 1163; x_wconf 79' lang='grc' dir='ltr'>μαχόμενος</span> <span class='ocrx_word' id='word_1_359' title='bbox 1495 1135 1503 1143; x_wconf 82' lang='grc'><strong><em>⁸</em></strong></span> <span class='ocrx_word' id='word_1_360' title='bbox 1519 1128 1562 1153; x_wconf 84' lang='grc' dir='ltr'>ἵνα</span> <span class='ocrx_word' id='word_1_361' title='bbox 1579 1127 1676 1162; x_wconf 73' lang='grc' dir='ltr'>μηδεὶς</span> <span class='ocrx_word' id='word_1_362' title='bbox 1692 1127 1787 1162; x_wconf 78' lang='grc' dir='ltr'>ἕτερος</span> <span class='ocrx_word' id='word_1_363' title='bbox 1802 1126 1879 1161; x_wconf 68' lang='grc' dir='ltr'>δεηθῇ</span> 
     </span>
    </p>
   </div>
   <div class='ocr_carea' id='block_1_50' title="bbox 1090 1172 1880 1212">
    <p class='ocr_par' dir='ltr' id='par_1_50' title="bbox 1090 1172 1880 1212">
     <span class='ocr_line' id='line_1_50' title="bbox 1090 1172 1880 1212; baseline -0.009 -8"><span class='ocrx_word' id='word_1_364' title='bbox 1090 1177 1158 1212; x_wconf 70' lang='grc' dir='ltr'>προς</span> <span class='ocrx_word' id='word_1_365' title='bbox 1168 1175 1249 1202; x_wconf 79' lang='grc' dir='ltr'>αὐτὸν</span> <span class='ocrx_word' id='word_1_366' title='bbox 1266 1176 1362 1202; x_wconf 82' lang='grc' dir='ltr'>εἰπεῖν.</span> <span class='ocrx_word' id='word_1_367' title='bbox 1376 1174 1445 1209; x_wconf 73' lang='grc' dir='ltr'>Φησὶ</span> <span class='ocrx_word' id='word_1_368' title='bbox 1457 1174 1526 1210; x_wconf 75' lang='grc' dir='ltr'>γάρ·</span> <span class='ocrx_word' id='word_1_369' title='bbox 1545 1173 1667 1209; x_wconf 71' lang='grc' dir='ltr'>Ἠράσθη</span> <span class='ocrx_word' id='word_1_370' title='bbox 1687 1172 1738 1207; x_wconf 82' lang='grc' dir='ltr'>τῆς</span> <span class='ocrx_word' id='word_1_371' title='bbox 1753 1172 1880 1207; x_wconf 68' lang='grc' dir='ltr'>φανείσης</span> 
     </span>
    </p>
   </div>
   <div class='ocr_carea' id='block_1_51' title="bbox 1088 1219 1879 1259">
    <p class='ocr_par' dir='ltr' id='par_1_51' title="bbox 1088 1219 1879 1259">
     <span class='ocr_line' id='line_1_51' title="bbox 1088 1219 1879 1259; baseline -0.009 -9"><span class='ocrx_word' id='word_1_372' title='bbox 1088 1224 1239 1259; x_wconf 75' lang='grc' dir='ltr'>δυνάμεως,</span> <span class='ocrx_word' id='word_1_373' title='bbox 1257 1222 1351 1257; x_wconf 81' lang='grc' dir='ltr'>ὥσπερ</span> <span class='ocrx_word' id='word_1_374' title='bbox 1373 1220 1549 1256; x_wconf 80' lang='grc' dir='ltr'>ὲπιλησθεῖσα</span> <span class='ocrx_word' id='word_1_375' title='bbox 1572 1220 1713 1251; x_wconf 74' lang='grc' dir='ltr'>παντελῶς</span> <span class='ocrx_word' id='word_1_376' title='bbox 1740 1219 1792 1254; x_wconf 80' lang='grc' dir='ltr'>τῆς</span> <span class='ocrx_word' id='word_1_377' title='bbox 1817 1219 1879 1248; x_wconf 74' lang='grc' dir='ltr'>ἰδίας</span> 
     </span>
    </p>
   </div>
   <div class='ocr_carea' id='block_1_52' title="bbox 1089 1262 1879 1303">
    <p class='ocr_par' dir='ltr' id='par_1_52' title="bbox 1089 1262 1879 1303">
     <span class='ocr_line' id='line_1_52' title="bbox 1089 1262 1879 1303; baseline -0.006 -8"><span class='ocrx_word' id='word_1_378' title='bbox 1089 1269 1195 1303; x_wconf 77' lang='grc' dir='ltr'>φύσεως</span> <span class='ocrx_word' id='word_1_379' title='bbox 1207 1276 1214 1282; x_wconf 89' lang='grc'><strong>·</strong></span> <span class='ocrx_word' id='word_1_380' title='bbox 1229 1267 1259 1293; x_wconf 74' lang='grc' dir='ltr'>οὔ</span> <span class='ocrx_word' id='word_1_381' title='bbox 1277 1266 1327 1302; x_wconf 83' lang='grc' dir='ltr'>μὲν</span> <span class='ocrx_word' id='word_1_382' title='bbox 1347 1265 1378 1301; x_wconf 84' lang='grc' dir='ltr'>δὴ</span> <span class='ocrx_word' id='word_1_383' title='bbox 1399 1266 1490 1301; x_wconf 76' lang='grc' dir='ltr'>ἐκείνη</span> <span class='ocrx_word' id='word_1_384' title='bbox 1505 1274 1536 1300; x_wconf 86' lang='grc' dir='ltr'><strong>γε</strong></span> <span class='ocrx_word' id='word_1_385' title='bbox 1551 1266 1568 1300; x_wconf 87' lang='grc' dir='ltr'>ὴ</span> <span class='ocrx_word' id='word_1_386' title='bbox 1585 1265 1622 1301; x_wconf 77' lang='grc' dir='ltr'>μὴ</span> <span class='ocrx_word' id='word_1_387' title='bbox 1637 1264 1715 1297; x_wconf 78' lang='grc' dir='ltr'>οὖσα,</span> <span class='ocrx_word' id='word_1_388' title='bbox 1737 1265 1796 1291; x_wconf 78' lang='grc' dir='ltr'>ἀλλ’</span> <span class='ocrx_word' id='word_1_389' title='bbox 1813 1262 1879 1290; x_wconf 58' lang='lat' dir='ltr'><strong>sinsi</strong></span> 
     </span>
    </p>
   </div>
   <div class='ocr_carea' id='block_1_53' title="bbox 1088 1311 1878 1349">
    <p class='ocr_par' dir='ltr' id='par_1_53' title="bbox 1088 1311 1878 1349">
     <span class='ocr_line' id='line_1_53' title="bbox 1088 1311 1878 1349; baseline -0.006 -8"><span class='ocrx_word' id='word_1_390' title='bbox 1088 1321 1120 1349; x_wconf 84' lang='grc' dir='ltr'><strong>γε</strong></span> <span class='ocrx_word' id='word_1_391' title='bbox 1140 1314 1194 1340; x_wconf 83' lang='grc' dir='ltr'><strong>τῶν</strong></span> <span class='ocrx_word' id='word_1_392' title='bbox 1217 1313 1287 1340; x_wconf 81' lang='grc' dir='ltr'>ἰδίων</span> <span class='ocrx_word' id='word_1_393' title='bbox 1304 1312 1487 1347; x_wconf 76' lang='grc' dir='ltr'><strong>πλασμάτων·</strong></span> <span class='ocrx_word' id='word_1_394' title='bbox 1505 1313 1529 1338; x_wconf 85' lang='grc' dir='ltr'><strong>εί</strong></span> <span class='ocrx_word' id='word_1_395' title='bbox 1545 1311 1599 1348; x_wconf 80' lang='grc' dir='ltr'><strong>γὰρ</strong></span> <span class='ocrx_word' id='word_1_396' title='bbox 1615 1313 1679 1347; x_wconf 82' lang='grc' dir='ltr'>πρὶν</span> <span class='ocrx_word' id='word_1_397' title='bbox 1695 1311 1878 1345; x_wconf 65' lang='grc' dir='ltr'>ἐπαναστῖτιει</span> 
     </span>
    </p>
   </div>
   <div class='ocr_carea' id='block_1_54' title="bbox 1088 1357 1878 1395">
    <p class='ocr_par' dir='ltr' id='par_1_54' title="bbox 1088 1357 1878 1395">
     <span class='ocr_line' id='line_1_54' title="bbox 1088 1357 1878 1395; baseline -0.006 -8"><span class='ocrx_word' id='word_1_398' title='bbox 1088 1360 1190 1395; x_wconf 78' lang='grc' dir='ltr'>ταύτην</span> <span class='ocrx_word' id='word_1_399' title='bbox 1204 1359 1270 1394; x_wconf 77' lang='grc' dir='ltr'>φασὶ</span> <span class='ocrx_word' id='word_1_400' title='bbox 1290 1359 1390 1392; x_wconf 81' lang='grc' dir='ltr'>γνῶσιν</span> <span class='ocrx_word' id='word_1_401' title='bbox 1410 1358 1457 1384; x_wconf 82' lang='grc' dir='ltr'>τοῦ</span> <span class='ocrx_word' id='word_1_402' title='bbox 1475 1357 1578 1391; x_wconf 79' lang='grc' dir='ltr'><strong>ἀγαθοῦ</strong></span> <span class='ocrx_word' id='word_1_403' title='bbox 1597 1359 1634 1393; x_wconf 74' lang='grc' dir='ltr'>μὴ</span> <span class='ocrx_word' id='word_1_404' title='bbox 1658 1358 1818 1392; x_wconf 74' lang='grc' dir='ltr'>ἐσχηκέναι.</span> <span class='ocrx_word' id='word_1_405' title='bbox 1840 1358 1878 1384; x_wconf 71' lang='lat' dir='ltr'><strong>in</strong></span> 
     </span>
    </p>
   </div>
   <div class='ocr_carea' id='block_1_55' title="bbox 244 1403 1034 1442">
    <p class='ocr_par' dir='ltr' id='par_1_55' title="bbox 244 1403 1033 1439">
     <span class='ocr_line' id='line_1_55' title="bbox 244 1403 1033 1439; baseline 0 -8"><span class='ocrx_word' id='word_1_406' title='bbox 244 1404 338 1431; x_wconf 89' lang='lat' dir='ltr'><strong>buisse</strong></span> <span class='ocrx_word' id='word_1_407' title='bbox 352 1404 538 1439; x_wconf 78' lang='lat' dir='ltr'><strong>cognitionem</strong></span> <span class='ocrx_word' id='word_1_408' title='bbox 554 1403 638 1436; x_wconf 87' lang='lat' dir='ltr'><strong>boni;</strong></span> <span class='ocrx_word' id='word_1_409' title='bbox 659 1412 694 1431; x_wconf 86' lang='lat' dir='ltr'><strong>ne</strong></span> <span class='ocrx_word' id='word_1_410' title='bbox 706 1404 864 1439; x_wconf 76' lang='lat' dir='ltr'><strong>cognitione</strong></span> <span class='ocrx_word' id='word_1_411' title='bbox 893 1405 957 1432; x_wconf 90' lang='lat' dir='ltr'><strong>boni</strong></span> <span class='ocrx_word' id='word_1_412' title='bbox 985 1412 1033 1431; x_wconf 92' lang='lat' dir='ltr'><strong>na-</strong></span> 
     </span>
    </p>
   </div>
   <div class='ocr_carea' id='block_1_56' title="bbox 1096 1403 1879 1442">
    <p class='ocr_par' dir='ltr' id='par_1_56' title="bbox 1096 1403 1879 1442">
     <span class='ocr_line' id='line_1_56' title="bbox 1096 1403 1879 1442; baseline -0.004 -10"><span class='ocrx_word' id='word_1_413' title='bbox 1096 1407 1123 1442; x_wconf 86' lang='grc' dir='ltr'>ιὴ</span> <span class='ocrx_word' id='word_1_414' title='bbox 1140 1405 1315 1441; x_wconf 80' lang='grc' dir='ltr'>σεμνώσωσιν</span> <span class='ocrx_word' id='word_1_415' title='bbox 1330 1403 1433 1438; x_wconf 82' lang='grc' dir='ltr'>ἀγα.θοῦ</span> <span class='ocrx_word' id='word_1_416' title='bbox 1451 1404 1549 1438; x_wconf 77' lang='grc' dir='ltr'><strong>γνώσει</strong></span> <span class='ocrx_word' id='word_1_417' title='bbox 1574 1404 1624 1439; x_wconf 76' lang='grc' dir='ltr'>τὴν</span> <span class='ocrx_word' id='word_1_418' title='bbox 1647 1405 1711 1439; x_wconf 80' lang='grc' dir='ltr'>παρ’</span> <span class='ocrx_word' id='word_1_419' title='bbox 1730 1403 1815 1430; x_wconf 75' lang='grc' dir='ltr'>αὑτοῦ</span> <span class='ocrx_word' id='word_1_420' title='bbox 1832 1403 1879 1438; x_wconf 68' lang='grc' dir='ltr'><strong>φύ-</strong></span> 
     </span>
    </p>
   </div>
   <div class='ocr_carea' id='block_1_57' title="bbox 243 1449 1035 1484">
    <p class='ocr_par' dir='ltr' id='par_1_57' title="bbox 243 1449 1035 1484">
     <span class='ocr_line' id='line_1_57' title="bbox 243 1449 1035 1484; baseline 0.001 -8"><span class='ocrx_word' id='word_1_421' title='bbox 243 1454 335 1477; x_wconf 87' lang='lat' dir='ltr'><strong>turam</strong></span> <span class='ocrx_word' id='word_1_422' title='bbox 349 1449 384 1476; x_wconf 86' lang='lat' dir='ltr'><strong>ab</strong></span> <span class='ocrx_word' id='word_1_423' title='bbox 402 1450 463 1484; x_wconf 88' lang='lat' dir='ltr'><strong>ipso</strong></span> <span class='ocrx_word' id='word_1_424' title='bbox 487 1453 645 1477; x_wconf 82' lang='lat' dir='ltr'><strong>accusatam</strong></span> <span class='ocrx_word' id='word_1_425' title='bbox 671 1455 778 1478; x_wconf 88' lang='lat' dir='ltr'><strong>ornent.</strong></span> <span class='ocrx_word' id='word_1_426' title='bbox 800 1449 896 1478; x_wconf 81' lang='lat' dir='ltr'><strong>Nonne</strong></span> <span class='ocrx_word' id='word_1_427' title='bbox 915 1451 1035 1477; x_wconf 84' lang='lat' dir='ltr'><strong>amentia</strong></span> 
     </span>
    </p>
   </div>
   <div class='ocr_carea' id='block_1_58' title="bbox 242 1495 1038 1531">
    <p class='ocr_par' dir='ltr' id='par_1_58' title="bbox 242 1495 1038 1531">
     <span class='ocr_line' id='line_1_58' title="bbox 242 1495 1038 1531; baseline 0 -9"><span class='ocrx_word' id='word_1_428' title='bbox 242 1500 298 1527; x_wconf 87' lang='lat' dir='ltr'><strong>est,</strong></span> <span class='ocrx_word' id='word_1_429' title='bbox 312 1499 409 1530; x_wconf 87' lang='lat' dir='ltr'><strong>putare</strong></span> <span class='ocrx_word' id='word_1_430' title='bbox 419 1501 479 1522; x_wconf 82' lang='lat' dir='ltr'><strong>eam</strong></span> <span class='ocrx_word' id='word_1_431' title='bbox 494 1502 556 1530; x_wconf 60' lang='lat' dir='ltr'><strong>quae</strong></span> <span class='ocrx_word' id='word_1_432' title='bbox 569 1495 597 1522; x_wconf 93' lang='lat' dir='ltr'><strong>in</strong></span> <span class='ocrx_word' id='word_1_433' title='bbox 611 1503 642 1523; x_wconf 88' lang='lat' dir='ltr'><strong>se</strong></span> <span class='ocrx_word' id='word_1_434' title='bbox 662 1503 717 1522; x_wconf 90' lang='lat' dir='ltr'><strong>non</strong></span> <span class='ocrx_word' id='word_1_435' title='bbox 746 1495 828 1524; x_wconf 84' lang='lat' dir='ltr'><strong>habet</strong></span> <span class='ocrx_word' id='word_1_436' title='bbox 843 1495 914 1523; x_wconf 87' lang='lat' dir='ltr'><strong>unde</strong></span> <span class='ocrx_word' id='word_1_437' title='bbox 935 1503 1038 1531; x_wconf 73' lang='lat' dir='ltr'><strong>cogno-</strong></span> 
     </span>
    </p>
   </div>
   <div class='ocr_carea' id='block_1_59' title="bbox 243 1540 1037 1576">
    <p class='ocr_par' dir='ltr' id='par_1_59' title="bbox 243 1540 1037 1576">
     <span class='ocr_line' id='line_1_59' title="bbox 243 1540 1037 1576; baseline 0 -8"><span class='ocrx_word' id='word_1_438' title='bbox 243 1545 303 1568; x_wconf 86' lang='lat' dir='ltr'><strong>scat</strong></span> <span class='ocrx_word' id='word_1_439' title='bbox 315 1547 377 1568; x_wconf 88' lang='lat' dir='ltr'><strong>esse</strong></span> <span class='ocrx_word' id='word_1_440' title='bbox 395 1541 507 1574; x_wconf 89' lang='lat' dir='ltr'><strong>bonum,</strong></span> <span class='ocrx_word' id='word_1_441' title='bbox 525 1541 648 1576; x_wconf 90' lang='lat' dir='ltr'><strong>potuisse</strong></span> <span class='ocrx_word' id='word_1_442' title='bbox 658 1540 762 1574; x_wconf 85' lang='lat' dir='ltr'><strong>videre,</strong></span> <span class='ocrx_word' id='word_1_443' title='bbox 790 1545 818 1569; x_wconf 90' lang='lat' dir='ltr'><strong>et</strong></span> <span class='ocrx_word' id='word_1_444' title='bbox 834 1545 979 1576; x_wconf 85' lang='lat' dir='ltr'><strong>postquam</strong></span> <span class='ocrx_word' id='word_1_445' title='bbox 993 1541 1037 1568; x_wconf 91' lang='lat' dir='ltr'><strong>vi-</strong></span> 
     </span>
    </p>
   </div>
   <div class='ocr_carea' id='block_1_60' title="bbox 243 1584 1036 1621">
    <p class='ocr_par' dir='ltr' id='par_1_60' title="bbox 243 1584 1036 1621">
     <span class='ocr_line' id='line_1_60' title="bbox 243 1584 1036 1621; baseline 0 -9"><span class='ocrx_word' id='word_1_446' title='bbox 243 1585 293 1617; x_wconf 84' lang='lat' dir='ltr'><strong>dit,</strong></span> <span class='ocrx_word' id='word_1_447' title='bbox 306 1584 498 1612; x_wconf 84' lang='lat' dir='ltr'><strong>desiderasse?</strong></span> <span class='ocrx_word' id='word_1_448' title='bbox 509 1586 589 1621; x_wconf 77' lang='lat' dir='ltr'><strong>longe</strong></span> <span class='ocrx_word' id='word_1_449' title='bbox 602 1585 675 1613; x_wconf 88' lang='lat' dir='ltr'><strong>enim</strong></span> <span class='ocrx_word' id='word_1_450' title='bbox 690 1585 779 1620; x_wconf 85' lang='lat' dir='ltr'><strong>majus</strong></span> <span class='ocrx_word' id='word_1_451' title='bbox 793 1589 837 1614; x_wconf 89' lang='lat' dir='ltr'><strong>est</strong></span> <span class='ocrx_word' id='word_1_452' title='bbox 852 1586 1036 1613; x_wconf 86' lang='lat' dir='ltr'><strong>substantiam</strong></span> 
     </span>
    </p>
   </div>
   <div class='ocr_carea' id='block_1_61' title="bbox 242 1631 1037 1667">
    <p class='ocr_par' dir='ltr' id='par_1_61' title="bbox 242 1631 1037 1667">
     <span class='ocr_line' id='line_1_61' title="bbox 242 1631 1037 1667; baseline 0.003 -9"><span class='ocrx_word' id='word_1_453' title='bbox 242 1635 354 1666; x_wconf 85' lang='lat' dir='ltr'><strong>aspectu</strong></span> <span class='ocrx_word' id='word_1_454' title='bbox 369 1631 472 1663; x_wconf 87' lang='lat' dir='ltr'><strong>videre,</strong></span> <span class='ocrx_word' id='word_1_455' title='bbox 489 1639 571 1666; x_wconf 92' lang='lat' dir='ltr'><strong>quam</strong></span> <span class='ocrx_word' id='word_1_456' title='bbox 587 1639 756 1667; x_wconf 75' lang='lat' dir='ltr'><strong>cognoscere</strong></span> <span class='ocrx_word' id='word_1_457' title='bbox 766 1640 838 1660; x_wconf 85' lang='lat' dir='ltr'><strong>esse.</strong></span> <span class='ocrx_word' id='word_1_458' title='bbox 850 1631 971 1660; x_wconf 82' lang='lat' dir='ltr'><strong>Primum</strong></span> <span class='ocrx_word' id='word_1_459' title='bbox 982 1641 1037 1660; x_wconf 87' lang='lat' dir='ltr'><strong>non</strong></span> 
     </span>
    </p>
   </div>
   <div class='ocr_carea' id='block_1_62' title="bbox 241 1678 1035 1713">
    <p class='ocr_par' dir='ltr' id='par_1_62' title="bbox 241 1678 1035 1713">
     <span class='ocr_line' id='line_1_62' title="bbox 241 1678 1035 1713; baseline 0.003 -8"><span class='ocrx_word' id='word_1_460' title='bbox 241 1678 332 1705; x_wconf 83' lang='lat' dir='ltr'><strong>solum</strong></span> <span class='ocrx_word' id='word_1_461' title='bbox 348 1685 409 1710; x_wconf 89' lang='lat' dir='ltr'><strong>nos,</strong></span> <span class='ocrx_word' id='word_1_462' title='bbox 426 1678 474 1705; x_wconf 89' lang='lat' dir='ltr'><strong>sed</strong></span> <span class='ocrx_word' id='word_1_463' title='bbox 492 1681 642 1713; x_wconf 87' lang='lat' dir='ltr'><strong>potestates</strong></span> <span class='ocrx_word' id='word_1_464' title='bbox 665 1678 794 1713; x_wconf 74' lang='lat' dir='ltr'><strong>angelica:</strong></span> <span class='ocrx_word' id='word_1_465' title='bbox 815 1678 1035 1712; x_wconf 80' lang='lat' dir='ltr'><strong>excellentiores,</strong></span> 
     </span>
    </p>
   </div>
   <div class='ocr_carea' id='block_1_63' title="bbox 246 1723 1037 1760">
    <p class='ocr_par' dir='ltr' id='par_1_63' title="bbox 246 1723 1037 1760">
     <span class='ocr_line' id='line_1_63' title="bbox 246 1723 1037 1760; baseline 0.001 -9"><span class='ocrx_word' id='word_1_466' title='bbox 246 1731 309 1751; x_wconf 77' lang='lat' dir='ltr'><strong>case</strong></span> <span class='ocrx_word' id='word_1_467' title='bbox 330 1723 441 1758; x_wconf 83' lang='lat' dir='ltr'><strong>quidem</strong></span> <span class='ocrx_word' id='word_1_468' title='bbox 467 1724 568 1751; x_wconf 89' lang='lat' dir='ltr'><strong>bonum</strong></span> <span class='ocrx_word' id='word_1_469' title='bbox 592 1725 796 1759; x_wconf 76' lang='lat' dir='ltr'><strong>cognoscimus,</strong></span> <span class='ocrx_word' id='word_1_470' title='bbox 825 1732 857 1751; x_wconf 86' lang='lat' dir='ltr'><strong>ac</strong></span> <span class='ocrx_word' id='word_1_471' title='bbox 880 1725 1037 1760; x_wconf 77' lang='lat' dir='ltr'><strong>cognitione</strong></span> 
     </span>
    </p>
   </div>
   <div class='ocr_carea' id='block_1_64' title="bbox 241 1769 1037 1805">
    <p class='ocr_par' dir='ltr' id='par_1_64' title="bbox 241 1769 1037 1805">
     <span class='ocr_line' id='line_1_64' title="bbox 241 1769 1037 1805; baseline 0.004 -9"><span class='ocrx_word' id='word_1_472' title='bbox 241 1770 301 1797; x_wconf 85' lang='lat' dir='ltr'><strong>sola</strong></span> <span class='ocrx_word' id='word_1_473' title='bbox 317 1769 350 1796; x_wconf 89' lang='lat' dir='ltr'><strong>ad</strong></span> <span class='ocrx_word' id='word_1_474' title='bbox 362 1771 491 1805; x_wconf 88' lang='lat' dir='ltr'><strong>pietatem</strong></span> <span class='ocrx_word' id='word_1_475' title='bbox 505 1770 532 1796; x_wconf 94' lang='lat' dir='ltr'><strong>in</strong></span> <span class='ocrx_word' id='word_1_476' title='bbox 545 1769 630 1797; x_wconf 90' lang='lat' dir='ltr'><strong>Deum</strong></span> <span class='ocrx_word' id='word_1_477' title='bbox 643 1771 742 1797; x_wconf 86' lang='lat' dir='ltr'><strong>alimur</strong></span> <span class='ocrx_word' id='word_1_478' title='bbox 757 1779 764 1803; x_wconf 89' lang='lat'><strong>;</strong></span> <span class='ocrx_word' id='word_1_479' title='bbox 776 1774 852 1798; x_wconf 89' lang='lat' dir='ltr'><strong>tanto</strong></span> <span class='ocrx_word' id='word_1_480' title='bbox 869 1778 935 1798; x_wconf 84' lang='lat' dir='ltr'><strong>vero</strong></span> <span class='ocrx_word' id='word_1_481' title='bbox 945 1773 1037 1799; x_wconf 77' lang='lat' dir='ltr'><strong>excel-</strong></span> 
     </span>
    </p>
   </div>
   <div class='ocr_carea' id='block_1_65' title="bbox 244 1816 1033 1852">
    <p class='ocr_par' dir='ltr' id='par_1_65' title="bbox 244 1816 1033 1852">
     <span class='ocr_line' id='line_1_65' title="bbox 244 1816 1033 1852; baseline 0.004 -9"><span class='ocrx_word' id='word_1_482' title='bbox 244 1816 344 1844; x_wconf 77' lang='lat' dir='ltr'><strong>‘entius</strong></span> <span class='ocrx_word' id='word_1_483' title='bbox 356 1816 456 1852; x_wconf 76' lang='lat' dir='ltr'><strong>angeli,</strong></span> <span class='ocrx_word' id='word_1_484' title='bbox 472 1822 576 1852; x_wconf 86' lang='lat' dir='ltr'><strong>quanto</strong></span> <span class='ocrx_word' id='word_1_485' title='bbox 593 1821 691 1844; x_wconf 87' lang='lat' dir='ltr'><strong>natura</strong></span> <span class='ocrx_word' id='word_1_486' title='bbox 715 1821 781 1843; x_wconf 89' lang='lat' dir='ltr'><strong>sunt</strong></span> <span class='ocrx_word' id='word_1_487' title='bbox 802 1817 1013 1845; x_wconf 82' lang='lat' dir='ltr'><strong>excellentiores</strong></span> <span class='ocrx_word' id='word_1_488' title='bbox 1027 1828 1033 1846; x_wconf 88' lang='lat'><strong>:</strong></span> 
     </span>
    </p>
   </div>
   <div class='ocr_carea' id='block_1_66' title="bbox 242 1861 1035 1896">
    <p class='ocr_par' dir='ltr' id='par_1_66' title="bbox 242 1861 1035 1896">
     <span class='ocr_line' id='line_1_66' title="bbox 242 1861 1035 1896; baseline 0.004 -9"><span class='ocrx_word' id='word_1_489' title='bbox 242 1861 335 1888; x_wconf 73' lang='lat' dir='ltr'><strong>videre</strong></span> <span class='ocrx_word' id='word_1_490' title='bbox 346 1865 437 1888; x_wconf 78' lang='lat' dir='ltr'><strong>autem</strong></span> <span class='ocrx_word' id='word_1_491' title='bbox 452 1862 635 1888; x_wconf 84' lang='lat' dir='ltr'><strong>substantiam</strong></span> <span class='ocrx_word' id='word_1_492' title='bbox 645 1861 692 1888; x_wconf 89' lang='lat' dir='ltr'><strong>Dci</strong></span> <span class='ocrx_word' id='word_1_493' title='bbox 707 1869 797 1896; x_wconf 87' lang='lat' dir='ltr'><strong>neque</strong></span> <span class='ocrx_word' id='word_1_494' title='bbox 811 1862 902 1894; x_wconf 88' lang='lat' dir='ltr'><strong>nobis,</strong></span> <span class='ocrx_word' id='word_1_495' title='bbox 915 1870 965 1890; x_wconf 90' lang='lat' dir='ltr'><strong>nec</strong></span> <span class='ocrx_word' id='word_1_496' title='bbox 982 1863 1035 1891; x_wconf 84' lang='lat' dir='ltr'><strong>illis</strong></span> 
     </span>
    </p>
   </div>
   <div class='ocr_carea' id='block_1_67' title="bbox 241 1905 1036 1941">
    <p class='ocr_par' dir='ltr' id='par_1_67' title="bbox 241 1905 1036 1941">
     <span class='ocr_line' id='line_1_67' title="bbox 241 1905 1036 1941; baseline 0.003 -9"><span class='ocrx_word' id='word_1_497' title='bbox 241 1905 324 1932; x_wconf 90' lang='lat' dir='ltr'><strong>licet:</strong></span> <span class='ocrx_word' id='word_1_498' title='bbox 340 1906 474 1940; x_wconf 75' lang='lat' dir='ltr'><strong>siquidem</strong></span> <span class='ocrx_word' id='word_1_499' title='bbox 487 1914 537 1934; x_wconf 90' lang='lat' dir='ltr'><strong>nos</strong></span> <span class='ocrx_word' id='word_1_500' title='bbox 552 1906 673 1941; x_wconf 84' lang='lat' dir='ltr'><strong>quandiu</strong></span> <span class='ocrx_word' id='word_1_501' title='bbox 693 1914 793 1941; x_wconf 90' lang='lat' dir='ltr'><strong>corpus</strong></span> <span class='ocrx_word' id='word_1_502' title='bbox 812 1906 963 1934; x_wconf 87' lang='lat' dir='ltr'><strong>secundum</strong></span> <span class='ocrx_word' id='word_1_503' title='bbox 986 1916 1036 1934; x_wconf 89' lang='lat' dir='ltr'><strong>na-</strong></span> 
     </span>
    </p>
   </div>
   <div class='ocr_carea' id='block_1_68' title="bbox 242 1951 1035 1988">
    <p class='ocr_par' dir='ltr' id='par_1_68' title="bbox 242 1951 1035 1988">
     <span class='ocr_line' id='line_1_68' title="bbox 242 1951 1035 1988; baseline 0.006 -12"><span class='ocrx_word' id='word_1_504' title='bbox 242 1956 331 1977; x_wconf 82' lang='lat' dir='ltr'><strong>turam</strong></span> <span class='ocrx_word' id='word_1_505' title='bbox 344 1951 433 1977; x_wconf 84' lang='lat' dir='ltr'><strong>induti</strong></span> <span class='ocrx_word' id='word_1_506' title='bbox 449 1958 556 1984; x_wconf 87' lang='lat' dir='ltr'><strong>sumus,</strong></span> <span class='ocrx_word' id='word_1_507' title='bbox 570 1959 621 1979; x_wconf 85' lang='lat' dir='ltr'><strong>nec</strong></span> <span class='ocrx_word' id='word_1_508' title='bbox 637 1952 749 1987; x_wconf 72' lang='lat' dir='ltr'><strong>angelos</strong></span> <span class='ocrx_word' id='word_1_509' title='bbox 764 1951 839 1987; x_wconf 84' lang='lat' dir='ltr'><strong>ipsos</strong></span> <span class='ocrx_word' id='word_1_510' title='bbox 862 1952 954 1980; x_wconf 87' lang='lat' dir='ltr'><strong>videre</strong></span> <span class='ocrx_word' id='word_1_511' title='bbox 971 1961 1035 1988; x_wconf 88' lang='lat' dir='ltr'><strong>pos-</strong></span> 
     </span>
    </p>
   </div>
   <div class='ocr_carea' id='block_1_69' title="bbox 242 2002 349 2022">
    <p class='ocr_par' dir='ltr' id='par_1_69' title="bbox 242 2002 349 2022">
     <span class='ocr_line' id='line_1_69' title="bbox 242 2002 349 2022; baseline -0.009 -1"><span class='ocrx_word' id='word_1_512' title='bbox 242 2002 349 2022; x_wconf 70' lang='lat' dir='ltr'><strong>SUIIIUS.</strong></span> 
     </span>
    </p>
   </div>
   <div class='ocr_carea' id='block_1_70' title="bbox 279 2040 1035 2079">
    <p class='ocr_par' dir='ltr' id='par_1_70' title="bbox 279 2040 1035 2079">
     <span class='ocr_line' id='line_1_70' title="bbox 279 2040 1035 2079; baseline 0.007 -13"><span class='ocrx_word' id='word_1_513' title='bbox 279 2040 452 2067; x_wconf 75' lang='lat' dir='ltr'><strong>Manifestum</strong></span> <span class='ocrx_word' id='word_1_514' title='bbox 465 2041 537 2068; x_wconf 90' lang='lat' dir='ltr'><strong>enim</strong></span> <span class='ocrx_word' id='word_1_515' title='bbox 557 2045 600 2068; x_wconf 87' lang='lat' dir='ltr'><strong>est.</strong></span> <span class='ocrx_word' id='word_1_516' title='bbox 615 2046 642 2067; x_wconf 90' lang='lat' dir='ltr'><strong>et</strong></span> <span class='ocrx_word' id='word_1_517' title='bbox 655 2049 671 2076; x_wconf 94' lang='lat' dir='ltr'><strong>p</strong></span> <span class='ocrx_word' id='word_1_518' title='bbox 683 2050 733 2069; x_wconf 81' lang='lat' dir='ltr'><strong>one</strong></span> <span class='ocrx_word' id='word_1_519' title='bbox 748 2050 922 2075; x_wconf 87' lang='lat' dir='ltr'><strong>concessum,</strong></span> <span class='ocrx_word' id='word_1_520' title='bbox 937 2045 983 2079; x_wconf 91' lang='lat' dir='ltr'><strong>qui</strong></span> <span class='ocrx_word' id='word_1_521' title='bbox 996 2044 1035 2070; x_wconf 78' lang='lat' dir='ltr'><strong>vi-</strong></span> 
     </span>
    </p>
   </div>
   <div class='ocr_carea' id='block_1_71' title="bbox 242 2085 1071 2122">
    <p class='ocr_par' dir='ltr' id='par_1_71' title="bbox 242 2085 1071 2122">
     <span class='ocr_line' id='line_1_71' title="bbox 242 2085 1071 2122; baseline 0.005 -9"><span class='ocrx_word' id='word_1_522' title='bbox 242 2085 288 2113; x_wconf 86' lang='lat' dir='ltr'><strong>det</strong></span> <span class='ocrx_word' id='word_1_523' title='bbox 306 2086 396 2114; x_wconf 85' lang='lat' dir='ltr'><strong>simile</strong></span> <span class='ocrx_word' id='word_1_524' title='bbox 407 2086 460 2113; x_wconf 88' lang='lat' dir='ltr'><strong>sibi</strong></span> <span class='ocrx_word' id='word_1_525' title='bbox 477 2086 578 2114; x_wconf 88' lang='lat' dir='ltr'><strong>videre.</strong></span> <span class='ocrx_word' id='word_1_526' title='bbox 603 2087 631 2114; x_wconf 89' lang='lat' dir='ltr'><strong>Si</strong></span> <span class='ocrx_word' id='word_1_527' title='bbox 645 2088 706 2122; x_wconf 87' lang='lat' dir='ltr'><strong>quis</strong></span> <span class='ocrx_word' id='word_1_528' title='bbox 727 2095 791 2115; x_wconf 89' lang='lat' dir='ltr'><strong>vero</strong></span> <span class='ocrx_word' id='word_1_529' title='bbox 806 2089 944 2117; x_wconf 80' lang='lat' dir='ltr'><strong>existimet</strong></span> <span class='ocrx_word' id='word_1_530' title='bbox 957 2090 1033 2117; x_wconf 81' lang='lat' dir='ltr'><strong>l‘utile</strong></span> <span class='ocrx_word' id='word_1_531' title='bbox 1049 2086 1071 2113; x_wconf 84' lang='lat' dir='ltr'><strong>D</strong></span> 
     </span>
    </p>
   </div>
   <div class='ocr_carea' id='block_1_72' title="bbox 244 2132 1032 2167">
    <p class='ocr_par' dir='ltr' id='par_1_72' title="bbox 244 2132 1032 2167">
     <span class='ocr_line' id='line_1_72' title="bbox 244 2132 1032 2167; baseline 0.005 -9"><span class='ocrx_word' id='word_1_532' title='bbox 244 2139 305 2159; x_wconf 88' lang='lat' dir='ltr'><strong>esse</strong></span> <span class='ocrx_word' id='word_1_533' title='bbox 320 2132 392 2166; x_wconf 89' lang='lat' dir='ltr'><strong>quod</strong></span> <span class='ocrx_word' id='word_1_534' title='bbox 415 2132 554 2166; x_wconf 82' lang='lat' dir='ltr'><strong>dicimus;</strong></span> <span class='ocrx_word' id='word_1_535' title='bbox 580 2133 704 2161; x_wconf 86' lang='lat' dir='ltr'><strong>videmus</strong></span> <span class='ocrx_word' id='word_1_536' title='bbox 725 2135 797 2161; x_wconf 85' lang='lat' dir='ltr'><strong>enim</strong></span> <span class='ocrx_word' id='word_1_537' title='bbox 820 2135 916 2167; x_wconf 90' lang='lat' dir='ltr'><strong>solem,</strong></span> <span class='ocrx_word' id='word_1_538' title='bbox 941 2135 1032 2162; x_wconf 84' lang='lat' dir='ltr'><strong>luuam</strong></span> 
     </span>
    </p>
   </div>
   <div class='ocr_carea' id='block_1_73' title="bbox 240 2177 1033 2213">
    <p class='ocr_par' dir='ltr' id='par_1_73' title="bbox 240 2177 1033 2213">
     <span class='ocr_line' id='line_1_73' title="bbox 240 2177 1033 2213; baseline 0.001 -8"><span class='ocrx_word' id='word_1_539' title='bbox 240 2181 271 2205; x_wconf 76' lang='lat' dir='ltr'><strong>et</strong></span> <span class='ocrx_word' id='word_1_540' title='bbox 284 2177 395 2209; x_wconf 62' lang='lat' dir='ltr'><strong>stellas,</strong></span> <span class='ocrx_word' id='word_1_541' title='bbox 410 2181 540 2212; x_wconf 71' lang='lat' dir='ltr'><strong>praeterea</strong></span> <span class='ocrx_word' id='word_1_542' title='bbox 557 2178 628 2212; x_wconf 90' lang='lat' dir='ltr'><strong>apud</strong></span> <span class='ocrx_word' id='word_1_543' title='bbox 647 2186 698 2205; x_wconf 89' lang='lat' dir='ltr'><strong>nos</strong></span> <span class='ocrx_word' id='word_1_544' title='bbox 721 2179 836 2213; x_wconf 86' lang='lat' dir='ltr'><strong>lapides,</strong></span> <span class='ocrx_word' id='word_1_545' title='bbox 861 2187 969 2212; x_wconf 88' lang='lat' dir='ltr'><strong>aurum,</strong></span> <span class='ocrx_word' id='word_1_546' title='bbox 988 2188 1033 2206; x_wconf 91' lang='lat' dir='ltr'><strong>ar-</strong></span> 
     </span>
    </p>
   </div>
   <div class='ocr_carea' id='block_1_74' title="bbox 241 2223 1031 2259">
    <p class='ocr_par' dir='ltr' id='par_1_74' title="bbox 241 2223 1031 2259">
     <span class='ocr_line' id='line_1_74' title="bbox 241 2223 1031 2259; baseline 0.003 -9"><span class='ocrx_word' id='word_1_547' title='bbox 241 2229 365 2259; x_wconf 76' lang='lat' dir='ltr'><strong>gentum,</strong></span> <span class='ocrx_word' id='word_1_548' title='bbox 390 2223 508 2258; x_wconf 89' lang='lat' dir='ltr'><strong>denique</strong></span> <span class='ocrx_word' id='word_1_549' title='bbox 532 2231 606 2251; x_wconf 79' lang='lat' dir='ltr'><strong>mare</strong></span> <span class='ocrx_word' id='word_1_550' title='bbox 631 2224 720 2258; x_wconf 82' lang='lat' dir='ltr'><strong>ipsum</strong></span> <span class='ocrx_word' id='word_1_551' title='bbox 739 2229 767 2252; x_wconf 87' lang='lat' dir='ltr'><strong>et</strong></span> <span class='ocrx_word' id='word_1_552' title='bbox 781 2225 873 2252; x_wconf 83' lang='lat' dir='ltr'><strong>omnia</strong></span> <span class='ocrx_word' id='word_1_553' title='bbox 893 2223 1031 2256; x_wconf 81' lang='lat' dir='ltr'><strong>animalia.</strong></span> 
     </span>
    </p>
   </div>
   <div class='ocr_carea' id='block_1_75' title="bbox 241 2270 1031 2310">
    <p class='ocr_par' dir='ltr' id='par_1_75' title="bbox 241 2270 1031 2310">
     <span class='ocr_line' id='line_1_75' title="bbox 241 2270 1031 2310; baseline 0.004 -14"><span class='ocrx_word' id='word_1_554' title='bbox 241 2276 274 2296; x_wconf 87' lang='lat' dir='ltr'><strong>ac</strong></span> <span class='ocrx_word' id='word_1_555' title='bbox 298 2270 374 2296; x_wconf 90' lang='lat' dir='ltr'><strong>nullo</strong></span> <span class='ocrx_word' id='word_1_556' title='bbox 393 2273 472 2304; x_wconf 86' lang='lat' dir='ltr'><strong>pacto</strong></span> <span class='ocrx_word' id='word_1_557' title='bbox 491 2270 534 2298; x_wconf 89' lang='lat' dir='ltr'><strong>his</strong></span> <span class='ocrx_word' id='word_1_558' title='bbox 556 2270 661 2298; x_wconf 87' lang='lat' dir='ltr'><strong>similes</strong></span> <span class='ocrx_word' id='word_1_559' title='bbox 682 2279 795 2305; x_wconf 88' lang='lat' dir='ltr'><strong>sumus;</strong></span> <span class='ocrx_word' id='word_1_560' title='bbox 825 2271 949 2310; x_wconf 78' lang='lat' dir='ltr'><strong>advertat</strong></span> <span class='ocrx_word' id='word_1_561' title='bbox 970 2273 1031 2304; x_wconf 86' lang='lat' dir='ltr'><strong>iste,</strong></span> 
     </span>
    </p>
   </div>
   <div class='ocr_carea' id='block_1_76' title="bbox 239 2315 1033 2352">
    <p class='ocr_par' dir='ltr' id='par_1_76' title="bbox 239 2315 1033 2352">
     <span class='ocr_line' id='line_1_76' title="bbox 239 2315 1033 2352; baseline 0.004 -10"><span class='ocrx_word' id='word_1_562' title='bbox 239 2315 312 2350; x_wconf 87' lang='lat' dir='ltr'><strong>quod</strong></span> <span class='ocrx_word' id='word_1_563' title='bbox 328 2316 381 2343; x_wconf 88' lang='lat' dir='ltr'><strong>etsi</strong></span> <span class='ocrx_word' id='word_1_564' title='bbox 393 2323 487 2343; x_wconf 87' lang='lat' dir='ltr'><strong>eorum</strong></span> <span class='ocrx_word' id='word_1_565' title='bbox 498 2324 559 2351; x_wconf 79' lang='lat' dir='ltr'><strong>qua:</strong></span> <span class='ocrx_word' id='word_1_566' title='bbox 574 2318 808 2349; x_wconf 77' lang='lat' dir='ltr'><strong>cuumeravimus,</strong></span> <span class='ocrx_word' id='word_1_567' title='bbox 829 2317 944 2345; x_wconf 73' lang='lat' dir='ltr'><strong>diversa:</strong></span> <span class='ocrx_word' id='word_1_568' title='bbox 968 2326 1033 2352; x_wconf 91' lang='lat' dir='ltr'><strong>spe-</strong></span> 
     </span>
    </p>
   </div>
   <div class='ocr_carea' id='block_1_77' title="bbox 238 2361 1032 2398">
    <p class='ocr_par' dir='ltr' id='par_1_77' title="bbox 238 2361 1032 2398">
     <span class='ocr_line' id='line_1_77' title="bbox 238 2361 1032 2398; baseline 0.003 -9"><span class='ocrx_word' id='word_1_569' title='bbox 238 2362 297 2389; x_wconf 86' lang='lat' dir='ltr'><strong>cies</strong></span> <span class='ocrx_word' id='word_1_570' title='bbox 309 2361 382 2395; x_wconf 87' lang='lat' dir='ltr'><strong>sint;</strong></span> <span class='ocrx_word' id='word_1_571' title='bbox 416 2366 444 2388; x_wconf 89' lang='lat' dir='ltr'><strong>at</strong></span> <span class='ocrx_word' id='word_1_572' title='bbox 476 2362 574 2389; x_wconf 87' lang='lat' dir='ltr'><strong>horum</strong></span> <span class='ocrx_word' id='word_1_573' title='bbox 607 2363 731 2389; x_wconf 81' lang='lat' dir='ltr'><strong>omnium</strong></span> <span class='ocrx_word' id='word_1_574' title='bbox 760 2371 848 2398; x_wconf 78' lang='lat' dir='ltr'><strong>genus</strong></span> <span class='ocrx_word' id='word_1_575' title='bbox 874 2371 1032 2398; x_wconf 81' lang='lat' dir='ltr'><strong>supremum</strong></span> 
     </span>
    </p>
   </div>
   <div class='ocr_carea' id='block_1_78' title="bbox 238 2407 1033 2444">
    <p class='ocr_par' dir='ltr' id='par_1_78' title="bbox 238 2407 1033 2444">
     <span class='ocr_line' id='line_1_78' title="bbox 238 2407 1033 2444; baseline 0.004 -10"><span class='ocrx_word' id='word_1_576' title='bbox 238 2415 342 2443; x_wconf 86' lang='lat' dir='ltr'><strong>corpus</strong></span> <span class='ocrx_word' id='word_1_577' title='bbox 357 2412 410 2435; x_wconf 86' lang='lat' dir='ltr'><strong>est.</strong></span> <span class='ocrx_word' id='word_1_578' title='bbox 435 2407 596 2435; x_wconf 84' lang='lat' dir='ltr'><strong>Substantia</strong></span> <span class='ocrx_word' id='word_1_579' title='bbox 615 2417 733 2444; x_wconf 84' lang='lat' dir='ltr'><strong>namque</strong></span> <span class='ocrx_word' id='word_1_580' title='bbox 752 2410 851 2444; x_wconf 88' lang='lat' dir='ltr'><strong>partim</strong></span> <span class='ocrx_word' id='word_1_581' title='bbox 878 2410 1033 2444; x_wconf 83' lang='lat' dir='ltr'><strong>inaspecta-</strong></span> 
     </span>
    </p>
   </div>
   <div class='ocr_carea' id='block_1_79' title="bbox 238 2454 1033 2491">
    <p class='ocr_par' dir='ltr' id='par_1_79' title="bbox 238 2454 1033 2491">
     <span class='ocr_line' id='line_1_79' title="bbox 238 2454 1033 2491; baseline 0.003 -9"><span class='ocrx_word' id='word_1_582' title='bbox 238 2454 303 2482; x_wconf 85' lang='lat' dir='ltr'><strong>bilis</strong></span> <span class='ocrx_word' id='word_1_583' title='bbox 320 2460 372 2485; x_wconf 83' lang='lat' dir='ltr'><strong>est,</strong></span> <span class='ocrx_word' id='word_1_584' title='bbox 404 2459 433 2481; x_wconf 89' lang='lat' dir='ltr'><strong>ut</strong></span> <span class='ocrx_word' id='word_1_585' title='bbox 457 2455 635 2490; x_wconf 84' lang='lat' dir='ltr'><strong>incorporea;</strong></span> <span class='ocrx_word' id='word_1_586' title='bbox 660 2455 760 2490; x_wconf 87' lang='lat' dir='ltr'><strong>partim</strong></span> <span class='ocrx_word' id='word_1_587' title='bbox 789 2457 978 2491; x_wconf 71' lang='lat' dir='ltr'><strong>aspectabilis,</strong></span> <span class='ocrx_word' id='word_1_588' title='bbox 1003 2462 1033 2484; x_wconf 89' lang='lat' dir='ltr'><strong>ut</strong></span> 
     </span>
    </p>
   </div>
   <div class='ocr_carea' id='block_1_80' title="bbox 236 2498 1031 2536">
    <p class='ocr_par' dir='ltr' id='par_1_80' title="bbox 236 2498 1031 2536">
     <span class='ocr_line' id='line_1_80' title="bbox 236 2498 1031 2536; baseline 0.004 -11"><span class='ocrx_word' id='word_1_589' title='bbox 236 2506 351 2534; x_wconf 79' lang='lat' dir='ltr'><strong>corpus.</strong></span> <span class='ocrx_word' id='word_1_590' title='bbox 366 2498 459 2526; x_wconf 83' lang='lat' dir='ltr'><strong>Prima</strong></span> <span class='ocrx_word' id='word_1_591' title='bbox 483 2499 565 2534; x_wconf 78' lang='lat' dir='ltr'><strong>igitur</strong></span> <span class='ocrx_word' id='word_1_592' title='bbox 581 2500 692 2534; x_wconf 89' lang='lat' dir='ltr'><strong>partitio</strong></span> <span class='ocrx_word' id='word_1_593' title='bbox 715 2500 808 2527; x_wconf 87' lang='lat' dir='ltr'><strong>omnia</strong></span> <span class='ocrx_word' id='word_1_594' title='bbox 827 2501 884 2528; x_wconf 79' lang='lat' dir='ltr'><strong>[uec</strong></span> <span class='ocrx_word' id='word_1_595' title='bbox 901 2505 1031 2536; x_wconf 87' lang='lat' dir='ltr'><strong>tanquam</strong></span> 
     </span>
    </p>
   </div>
   <div class='ocr_carea' id='block_1_81' title="bbox 237 2545 1031 2582">
    <p class='ocr_par' dir='ltr' id='par_1_81' title="bbox 237 2545 1031 2582">
     <span class='ocr_line' id='line_1_81' title="bbox 237 2545 1031 2582; baseline 0.003 -10"><span class='ocrx_word' id='word_1_596' title='bbox 237 2553 324 2580; x_wconf 70' lang='lat' dir='ltr'><strong>genus</strong></span> <span class='ocrx_word' id='word_1_597' title='bbox 338 2549 447 2580; x_wconf 87' lang='lat' dir='ltr'><strong>separat</strong></span> <span class='ocrx_word' id='word_1_598' title='bbox 469 2549 495 2572; x_wconf 88' lang='lat' dir='ltr'><strong>et</strong></span> <span class='ocrx_word' id='word_1_599' title='bbox 519 2545 674 2581; x_wconf 80' lang='lat' dir='ltr'><strong>distinguit.</strong></span> <span class='ocrx_word' id='word_1_600' title='bbox 700 2547 791 2578; x_wconf 76' lang='lat' dir='ltr'><strong>Quare</strong></span> <span class='ocrx_word' id='word_1_601' title='bbox 808 2553 908 2582; x_wconf 82' lang='lat' dir='ltr'><strong>corpus</strong></span> <span class='ocrx_word' id='word_1_602' title='bbox 930 2555 1031 2582; x_wconf 85' lang='lat' dir='ltr'><strong>corpus</strong></span> 
     </span>
    </p>
   </div>
   <div class='ocr_carea' id='block_1_82' title="bbox 239 2591 1032 2629">
    <p class='ocr_par' dir='ltr' id='par_1_82' title="bbox 239 2591 1032 2629">
     <span class='ocr_line' id='line_1_82' title="bbox 239 2591 1032 2629; baseline 0.005 -12"><span class='ocrx_word' id='word_1_603' title='bbox 239 2591 313 2618; x_wconf 76' lang='lat' dir='ltr'><strong>videt</strong></span> <span class='ocrx_word' id='word_1_604' title='bbox 327 2601 334 2624; x_wconf 86' lang='lat'><strong>;</strong></span> <span class='ocrx_word' id='word_1_605' title='bbox 353 2595 380 2618; x_wconf 89' lang='lat' dir='ltr'><strong>et</strong></span> <span class='ocrx_word' id='word_1_606' title='bbox 393 2598 530 2626; x_wconf 90' lang='lat' dir='ltr'><strong>quatenus</strong></span> <span class='ocrx_word' id='word_1_607' title='bbox 540 2600 653 2628; x_wconf 90' lang='lat' dir='ltr'><strong>corpus,</strong></span> <span class='ocrx_word' id='word_1_608' title='bbox 672 2593 762 2620; x_wconf 89' lang='lat' dir='ltr'><strong>simile</strong></span> <span class='ocrx_word' id='word_1_609' title='bbox 775 2597 802 2621; x_wconf 89' lang='lat' dir='ltr'><strong>et</strong></span> <span class='ocrx_word' id='word_1_610' title='bbox 825 2599 972 2629; x_wconf 75' lang='lat' dir='ltr'><strong>cognatum</strong></span> <span class='ocrx_word' id='word_1_611' title='bbox 989 2599 1032 2622; x_wconf 83' lang='lat' dir='ltr'><strong>est</strong></span> 
     </span>
    </p>
   </div>
   <div class='ocr_carea' id='block_1_83' title="bbox 237 2637 1030 2675">
    <p class='ocr_par' dir='ltr' id='par_1_83' title="bbox 237 2637 1030 2675">
     <span class='ocr_line' id='line_1_83' title="bbox 237 2637 1030 2675; baseline 0.005 -11"><span class='ocrx_word' id='word_1_612' title='bbox 237 2637 333 2664; x_wconf 79' lang='lat' dir='ltr'><strong>videns</strong></span> <span class='ocrx_word' id='word_1_613' title='bbox 351 2638 421 2670; x_wconf 88' lang='lat' dir='ltr'><strong>viso,</strong></span> <span class='ocrx_word' id='word_1_614' title='bbox 442 2639 568 2673; x_wconf 90' lang='lat' dir='ltr'><strong>quamvis</strong></span> <span class='ocrx_word' id='word_1_615' title='bbox 592 2639 645 2666; x_wconf 89' lang='lat' dir='ltr'><strong>sint</strong></span> <span class='ocrx_word' id='word_1_616' title='bbox 669 2639 785 2667; x_wconf 70' lang='lat' dir='ltr'><strong>diversa:</strong></span> <span class='ocrx_word' id='word_1_617' title='bbox 808 2640 905 2667; x_wconf 91' lang='lat' dir='ltr'><strong>horum</strong></span> <span class='ocrx_word' id='word_1_618' title='bbox 924 2641 1030 2675; x_wconf 86' lang='lat' dir='ltr'><strong>species</strong></span> 
     </span>
    </p>
   </div>
   <div class='ocr_carea' id='block_1_84' title="bbox 237 2684 858 2717">
    <p class='ocr_par' dir='ltr' id='par_1_84' title="bbox 237 2684 858 2717">
     <span class='ocr_line' id='line_1_84' title="bbox 237 2684 858 2717; baseline 0.006 -8"><span class='ocrx_word' id='word_1_619' title='bbox 237 2688 349 2717; x_wconf 87' lang='lat' dir='ltr'><strong>propter</strong></span> <span class='ocrx_word' id='word_1_620' title='bbox 362 2684 523 2712; x_wconf 79' lang='lat' dir='ltr'><strong>varietatem</strong></span> <span class='ocrx_word' id='word_1_621' title='bbox 538 2689 566 2712; x_wconf 85' lang='lat' dir='ltr'><strong>et</strong></span> <span class='ocrx_word' id='word_1_622' title='bbox 577 2689 705 2712; x_wconf 84' lang='lat' dir='ltr'><strong>ornatum</strong></span> <span class='ocrx_word' id='word_1_623' title='bbox 723 2686 858 2714; x_wconf 89' lang='lat' dir='ltr'><strong>universi.</strong></span> 
     </span>
    </p>
   </div>
   <div class='ocr_carea' id='block_1_85' title="bbox 273 2727 1029 2768">
    <p class='ocr_par' dir='ltr' id='par_1_85' title="bbox 273 2727 1029 2768">
     <span class='ocr_line' id='line_1_85' title="bbox 273 2727 1029 2768; baseline 0.009 -14"><span class='ocrx_word' id='word_1_624' title='bbox 273 2727 429 2757; x_wconf 79' lang='lat' dir='ltr'><strong>Ridiculum</strong></span> <span class='ocrx_word' id='word_1_625' title='bbox 442 2731 516 2758; x_wconf 87' lang='lat' dir='ltr'><strong>enim</strong></span> <span class='ocrx_word' id='word_1_626' title='bbox 531 2735 614 2764; x_wconf 87' lang='lat' dir='ltr'><strong>esset,</strong></span> <span class='ocrx_word' id='word_1_627' title='bbox 631 2732 653 2759; x_wconf 85' lang='lat' dir='ltr'><strong>si</strong></span> <span class='ocrx_word' id='word_1_628' title='bbox 670 2731 735 2766; x_wconf 87' lang='lat' dir='ltr'><strong>quia</strong></span> <span class='ocrx_word' id='word_1_629' title='bbox 748 2731 798 2759; x_wconf 78' lang='lat' dir='ltr'><strong>ﬂos</strong></span> <span class='ocrx_word' id='word_1_630' title='bbox 813 2732 1029 2768; x_wconf 88' lang='lat' dir='ltr'><strong>pulcherrimum</strong></span> 
     </span>
    </p>
   </div>
   <div class='ocr_carea' id='block_1_86' title="bbox 272 2785 821 2824">
    <p class='ocr_par' dir='ltr' id='par_1_86' title="bbox 272 2785 821 2824">
     <span class='ocr_line' id='line_1_86' title="bbox 272 2785 821 2824; baseline 0.007 -12"><span class='ocrx_word' id='word_1_631' title='bbox 272 2785 331 2820; x_wconf 76' lang='grc'><strong>(10)</strong></span> <span class='ocrx_word' id='word_1_632' title='bbox 345 2785 426 2815; x_wconf 76' lang='lat' dir='ltr'><strong>Forte</strong></span> <span class='ocrx_word' id='word_1_633' title='bbox 439 2786 565 2823; x_wconf 79' lang='grc' dir='ltr'>δεοίμεθα</span> <span class='ocrx_word' id='word_1_634' title='bbox 582 2787 625 2816; x_wconf 87' lang='lat' dir='ltr'><strong>vel</strong></span> <span class='ocrx_word' id='word_1_635' title='bbox 640 2788 724 2824; x_wconf 86' lang='grc' dir='ltr'>δεώμ.</span> <span class='ocrx_word' id='word_1_636' title='bbox 742 2788 821 2817; x_wconf 81' lang='lat' dir='ltr'><strong>Eon.</strong></span> 
     </span>
    </p>
   </div>
   <div class='ocr_carea' id='block_1_87' title="bbox 1089 1450 1877 1487">
    <p class='ocr_par' dir='ltr' id='par_1_87' title="bbox 1089 1450 1877 1487">
     <span class='ocr_line' id='line_1_87' title="bbox 1089 1450 1877 1487; baseline -0.005 -8"><span class='ocrx_word' id='word_1_637' title='bbox 1089 1461 1130 1479; x_wconf 82' lang='grc' dir='ltr'><strong>σιν</strong></span> <span class='ocrx_word' id='word_1_638' title='bbox 1143 1452 1357 1487; x_wconf 76' lang='grc' dir='ltr'>διασεϐλημένην</span> <span class='ocrx_word' id='word_1_639' title='bbox 1368 1460 1374 1466; x_wconf 93' lang='grc'><strong>-</strong></span> <span class='ocrx_word' id='word_1_640' title='bbox 1393 1451 1452 1482; x_wconf 81' lang='grc' dir='ltr'>πῶς</span> <span class='ocrx_word' id='word_1_641' title='bbox 1470 1451 1519 1477; x_wconf 74' lang='grc' dir='ltr'><strong>οὐκ</strong></span> <span class='ocrx_word' id='word_1_642' title='bbox 1534 1450 1630 1484; x_wconf 80' lang='grc' dir='ltr'>ἄλογον</span> <span class='ocrx_word' id='word_1_643' title='bbox 1652 1451 1701 1485; x_wconf 75' lang='grc' dir='ltr'>τὴν</span> <span class='ocrx_word' id='word_1_644' title='bbox 1718 1450 1756 1485; x_wconf 81' lang='grc' dir='ltr'>μὴ</span> <span class='ocrx_word' id='word_1_645' title='bbox 1767 1451 1877 1485; x_wconf 65' lang='grc' dir='ltr'>ἔχουσιν</span> 
     </span>
    </p>
   </div>
   <div class='ocr_carea' id='block_1_88' title="bbox 1087 1494 1877 1534">
    <p class='ocr_par' dir='ltr' id='par_1_88' title="bbox 1087 1494 1877 1534">
     <span class='ocr_line' id='line_1_88' title="bbox 1087 1494 1877 1534; baseline -0.003 -9"><span class='ocrx_word' id='word_1_646' title='bbox 1087 1499 1117 1525; x_wconf 77' lang='grc' dir='ltr'>ὲν</span> <span class='ocrx_word' id='word_1_647' title='bbox 1140 1499 1208 1534; x_wconf 86' lang='grc' dir='ltr'><strong>αὑτῇ</strong></span> <span class='ocrx_word' id='word_1_648' title='bbox 1231 1499 1261 1525; x_wconf 68' lang='grc' dir='ltr'>τὸ</span> <span class='ocrx_word' id='word_1_649' title='bbox 1287 1498 1396 1529; x_wconf 80' lang='grc' dir='ltr'>εἰδέναι,</span> <span class='ocrx_word' id='word_1_650' title='bbox 1414 1498 1455 1524; x_wconf 85' lang='grc' dir='ltr'>ὅτι</span> <span class='ocrx_word' id='word_1_651' title='bbox 1478 1497 1535 1524; x_wconf 73' lang='grc' dir='ltr'>ἔστι</span> <span class='ocrx_word' id='word_1_652' title='bbox 1558 1494 1688 1531; x_wconf 74' lang='grc' dir='ltr'>τάγαθὸν,</span> <span class='ocrx_word' id='word_1_653' title='bbox 1708 1497 1816 1533; x_wconf 66' lang='grc' dir='ltr'>ταύτην</span> <span class='ocrx_word' id='word_1_654' title='bbox 1836 1499 1877 1524; x_wconf 69' lang='grc' dir='ltr'><strong>καὶ</strong></span> 
     </span>
    </p>
   </div>
   <div class='ocr_carea' id='block_1_89' title="bbox 1090 1543 1877 1580">
    <p class='ocr_par' dir='ltr' id='par_1_89' title="bbox 1090 1543 1877 1580">
     <span class='ocr_line' id='line_1_89' title="bbox 1090 1543 1877 1580; baseline -0.003 -9"><span class='ocrx_word' id='word_1_655' title='bbox 1090 1545 1152 1571; x_wconf 75' lang='grc' dir='ltr'>ἰδεῖν</span> <span class='ocrx_word' id='word_1_656' title='bbox 1162 1544 1319 1580; x_wconf 76' lang='grc' dir='ltr'>δυνηθῆναι,</span> <span class='ocrx_word' id='word_1_657' title='bbox 1333 1545 1379 1571; x_wconf 78' lang='grc' dir='ltr'><strong>καὶ</strong></span> <span class='ocrx_word' id='word_1_658' title='bbox 1397 1544 1569 1579; x_wconf 79' lang='grc' dir='ltr'>Θεασαμένην</span> <span class='ocrx_word' id='word_1_659' title='bbox 1582 1543 1772 1579; x_wconf 75' lang='grc' dir='ltr'>ὲπιθυμῆσαις</span> <span class='ocrx_word' id='word_1_660' title='bbox 1792 1545 1877 1579; x_wconf 70' lang='grc' dir='ltr'>μεῖζον</span> 
     </span>
    </p>
   </div>
   <div class='ocr_carea' id='block_1_90' title="bbox 1087 1588 1876 1626">
    <p class='ocr_par' dir='ltr' id='par_1_90' title="bbox 1087 1588 1876 1626">
     <span class='ocr_line' id='line_1_90' title="bbox 1087 1588 1876 1626; baseline -0.003 -10"><span class='ocrx_word' id='word_1_661' title='bbox 1087 1590 1142 1625; x_wconf 82' lang='grc' dir='ltr'><strong>γὰρ</strong></span> <span class='ocrx_word' id='word_1_662' title='bbox 1162 1589 1335 1626; x_wconf 83' lang='grc' dir='ltr'>ἀσυγκρίτως</span> <span class='ocrx_word' id='word_1_663' title='bbox 1354 1588 1402 1615; x_wconf 83' lang='grc' dir='ltr'>τοῦ</span> <span class='ocrx_word' id='word_1_664' title='bbox 1419 1589 1530 1623; x_wconf 81' lang='grc' dir='ltr'>γνῶναι,</span> <span class='ocrx_word' id='word_1_665' title='bbox 1546 1589 1588 1615; x_wconf 77' lang='grc' dir='ltr'>ὅτι</span> <span class='ocrx_word' id='word_1_666' title='bbox 1607 1588 1665 1615; x_wconf 72' lang='grc' dir='ltr'>ἐστι</span> <span class='ocrx_word' id='word_1_667' title='bbox 1684 1589 1716 1615; x_wconf 71' lang='grc' dir='ltr'>τὸ</span> <span class='ocrx_word' id='word_1_668' title='bbox 1731 1589 1876 1616; x_wconf 75' lang='grc' dir='ltr'>θεάσασθαι</span> 
     </span>
    </p>
   </div>
   <div class='ocr_carea' id='block_1_91' title="bbox 1087 1635 1877 1672">
    <p class='ocr_par' dir='ltr' id='par_1_91' title="bbox 1087 1635 1877 1672">
     <span class='ocr_line' id='line_1_91' title="bbox 1087 1635 1877 1672; baseline 0 -10"><span class='ocrx_word' id='word_1_669' title='bbox 1087 1636 1146 1671; x_wconf 71' lang='grc' dir='ltr'>ὄψει</span> <span class='ocrx_word' id='word_1_670' title='bbox 1160 1636 1209 1672; x_wconf 80' lang='grc' dir='ltr'>τὴν</span> <span class='ocrx_word' id='word_1_671' title='bbox 1221 1636 1325 1662; x_wconf 72' lang='grc' dir='ltr'>οὐσίαν.</span> <span class='ocrx_word' id='word_1_672' title='bbox 1349 1636 1454 1662; x_wconf 76' lang='grc' dir='ltr'>Λύτίκα</span> <span class='ocrx_word' id='word_1_673' title='bbox 1474 1636 1523 1670; x_wconf 73' lang='grc' dir='ltr'><strong>οὐχ</strong></span> <span class='ocrx_word' id='word_1_674' title='bbox 1545 1637 1626 1670; x_wconf 73' lang='grc' dir='ltr'>ἡμεῖς</span> <span class='ocrx_word' id='word_1_675' title='bbox 1641 1635 1735 1670; x_wconf 74' lang='grc' dir='ltr'>μόνον,</span> <span class='ocrx_word' id='word_1_676' title='bbox 1755 1635 1825 1662; x_wconf 70' lang='grc' dir='ltr'>ἀλλὰ</span> <span class='ocrx_word' id='word_1_677' title='bbox 1836 1637 1877 1662; x_wconf 62' lang='grc' dir='ltr'><strong>καὶ</strong></span> 
     </span>
    </p>
   </div>
   <div class='ocr_carea' id='block_1_92' title="bbox 1086 1680 1876 1716">
    <p class='ocr_par' dir='ltr' id='par_1_92' title="bbox 1086 1680 1876 1716">
     <span class='ocr_line' id='line_1_92' title="bbox 1086 1680 1876 1716; baseline 0 -9"><span class='ocrx_word' id='word_1_678' title='bbox 1086 1682 1140 1708; x_wconf 84' lang='grc' dir='ltr'>τῶν</span> <span class='ocrx_word' id='word_1_679' title='bbox 1151 1681 1274 1715; x_wconf 79' lang='grc' dir='ltr'>ἀγγέλων</span> <span class='ocrx_word' id='word_1_680' title='bbox 1289 1682 1315 1707; x_wconf 78' lang='grc' dir='ltr'>αἱ</span> <span class='ocrx_word' id='word_1_681' title='bbox 1334 1681 1528 1716; x_wconf 72' lang='grc' dir='ltr'>ἅναὸεόηκοῖαι</span> <span class='ocrx_word' id='word_1_682' title='bbox 1547 1680 1687 1716; x_wconf 71' lang='grc' dir='ltr'>δυνάμεις,</span> <span class='ocrx_word' id='word_1_683' title='bbox 1703 1681 1747 1707; x_wconf 77' lang='grc' dir='ltr'>ὅτι</span> <span class='ocrx_word' id='word_1_684' title='bbox 1764 1681 1815 1716; x_wconf 81' lang='grc' dir='ltr'>μὲν</span> <span class='ocrx_word' id='word_1_685' title='bbox 1826 1682 1876 1707; x_wconf 67' lang='grc' dir='ltr'>ἔστι</span> 
     </span>
    </p>
   </div>
   <div class='ocr_carea' id='block_1_93' title="bbox 1086 1726 1875 1763">
    <p class='ocr_par' dir='ltr' id='par_1_93' title="bbox 1086 1726 1875 1763">
     <span class='ocr_line' id='line_1_93' title="bbox 1086 1726 1875 1763; baseline -0.003 -9"><span class='ocrx_word' id='word_1_686' title='bbox 1086 1727 1214 1761; x_wconf 74' lang='grc' dir='ltr'>τάγαθὸν,</span> <span class='ocrx_word' id='word_1_687' title='bbox 1231 1726 1411 1762; x_wconf 85' lang='grc' dir='ltr'><strong>γινώσκομεν,</strong></span> <span class='ocrx_word' id='word_1_688' title='bbox 1429 1728 1461 1761; x_wconf 80' lang='grc' dir='ltr'><strong>τῇ</strong></span> <span class='ocrx_word' id='word_1_689' title='bbox 1478 1726 1577 1760; x_wconf 74' lang='grc' dir='ltr'>γνώσει</span> <span class='ocrx_word' id='word_1_690' title='bbox 1597 1726 1644 1752; x_wconf 74' lang='grc' dir='ltr'>καὶ</span> <span class='ocrx_word' id='word_1_691' title='bbox 1666 1727 1737 1763; x_wconf 73' lang='grc' dir='ltr'>μόνῃ</span> <span class='ocrx_word' id='word_1_692' title='bbox 1752 1726 1821 1762; x_wconf 73' lang='grc' dir='ltr'>πρὸς</span> <span class='ocrx_word' id='word_1_693' title='bbox 1833 1729 1875 1761; x_wconf 66' lang='grc' dir='ltr'>τὴν</span> 
     </span>
    </p>
   </div>
   <div class='ocr_carea' id='block_1_94' title="bbox 1086 1771 1877 1807">
    <p class='ocr_par' dir='ltr' id='par_1_94' title="bbox 1086 1771 1877 1807">
     <span class='ocr_line' id='line_1_94' title="bbox 1086 1771 1877 1807; baseline -0.003 -8"><span class='ocrx_word' id='word_1_694' title='bbox 1086 1773 1226 1799; x_wconf 75' lang='grc' dir='ltr'>εὐσέϐειαν</span> <span class='ocrx_word' id='word_1_695' title='bbox 1248 1772 1419 1807; x_wconf 77' lang='grc' dir='ltr'>τρεφόμενοι,</span> <span class='ocrx_word' id='word_1_696' title='bbox 1439 1771 1561 1805; x_wconf 79' lang='grc' dir='ltr'>ἀγγέλων</span> <span class='ocrx_word' id='word_1_697' title='bbox 1585 1771 1685 1806; x_wconf 73' lang='grc' dir='ltr'>δηλαδὴ</span> <span class='ocrx_word' id='word_1_698' title='bbox 1711 1771 1877 1806; x_wconf 69' lang='grc' dir='ltr'>ἁναεεεηκὸ-</span> 
     </span>
    </p>
   </div>
   <div class='ocr_carea' id='block_1_95' title="bbox 1085 1817 1875 1854">
    <p class='ocr_par' dir='ltr' id='par_1_95' title="bbox 1085 1817 1875 1854">
     <span class='ocr_line' id='line_1_95' title="bbox 1085 1817 1875 1854; baseline -0.004 -8"><span class='ocrx_word' id='word_1_699' title='bbox 1085 1829 1139 1846; x_wconf 85' lang='grc' dir='ltr'><strong>των</strong></span> <span class='ocrx_word' id='word_1_700' title='bbox 1153 1819 1225 1846; x_wconf 80' lang='grc' dir='ltr'>κατὰ</span> <span class='ocrx_word' id='word_1_701' title='bbox 1237 1819 1287 1854; x_wconf 83' lang='grc' dir='ltr'>τὴν</span> <span class='ocrx_word' id='word_1_702' title='bbox 1306 1819 1417 1853; x_wconf 73' lang='grc' dir='ltr'>γνῶσιν,</span> <span class='ocrx_word' id='word_1_703' title='bbox 1439 1819 1502 1844; x_wconf 68' lang='grc' dir='ltr'>ὅσον</span> <span class='ocrx_word' id='word_1_704' title='bbox 1517 1818 1564 1844; x_wconf 78' lang='grc' dir='ltr'><strong>καὶ</strong></span> <span class='ocrx_word' id='word_1_705' title='bbox 1582 1818 1652 1844; x_wconf 76' lang='grc' dir='ltr'>κατὰ</span> <span class='ocrx_word' id='word_1_706' title='bbox 1674 1817 1756 1851; x_wconf 66' lang='grc' dir='ltr'>φύσιν</span> <span class='ocrx_word' id='word_1_707' title='bbox 1767 1826 1774 1832; x_wconf 67' lang='grc' dir='ltr'><strong>ο</strong></span> <span class='ocrx_word' id='word_1_708' title='bbox 1790 1817 1836 1844; x_wconf 67' lang='grc' dir='ltr'>τοῦ</span> <span class='ocrx_word' id='word_1_709' title='bbox 1852 1818 1875 1843; x_wconf 61' lang='lat' dir='ltr'><strong>is</strong></span> 
     </span>
    </p>
   </div>
   <div class='ocr_carea' id='block_1_96' title="bbox 1085 1863 1873 1899">
    <p class='ocr_par' dir='ltr' id='par_1_96' title="bbox 1085 1863 1873 1899">
     <span class='ocr_line' id='line_1_96' title="bbox 1085 1863 1873 1899; baseline -0.003 -8"><span class='ocrx_word' id='word_1_710' title='bbox 1085 1865 1151 1891; x_wconf 76' lang='grc' dir='ltr'>Θεὸν</span> <span class='ocrx_word' id='word_1_711' title='bbox 1168 1866 1228 1892; x_wconf 80' lang='grc' dir='ltr'>κατ’</span> <span class='ocrx_word' id='word_1_712' title='bbox 1241 1865 1334 1892; x_wconf 78' lang='grc' dir='ltr'>οὐσίαν</span> <span class='ocrx_word' id='word_1_713' title='bbox 1346 1865 1420 1894; x_wconf 85' lang='grc' dir='ltr'>ἰδεῖν,</span> <span class='ocrx_word' id='word_1_714' title='bbox 1433 1863 1488 1890; x_wconf 76' lang='grc' dir='ltr'>οὗθ’</span> <span class='ocrx_word' id='word_1_715' title='bbox 1502 1865 1567 1898; x_wconf 82' lang='grc' dir='ltr'>ἡμῖν</span> <span class='ocrx_word' id='word_1_716' title='bbox 1583 1863 1640 1889; x_wconf 77' lang='grc' dir='ltr'>οὗθ’</span> <span class='ocrx_word' id='word_1_717' title='bbox 1655 1863 1775 1895; x_wconf 73' lang='grc' dir='ltr'>ἐκείνοις</span> <span class='ocrx_word' id='word_1_718' title='bbox 1789 1863 1873 1899; x_wconf 64' lang='grc' dir='ltr'><strong>μετόν⁴</strong></span> 
     </span>
    </p>
   </div>
   <div class='ocr_carea' id='block_1_97' title="bbox 1085 1910 1875 1947">
    <p class='ocr_par' dir='ltr' id='par_1_97' title="bbox 1085 1910 1875 1947">
     <span class='ocr_line' id='line_1_97' title="bbox 1085 1910 1875 1947; baseline -0.003 -9"><span class='ocrx_word' id='word_1_719' title='bbox 1085 1912 1152 1938; x_wconf 84' lang='grc' dir='ltr'>ὅπου</span> <span class='ocrx_word' id='word_1_720' title='bbox 1165 1912 1231 1947; x_wconf 83' lang='grc' dir='ltr'>ἡμῖν</span> <span class='ocrx_word' id='word_1_721' title='bbox 1244 1911 1298 1938; x_wconf 75' lang='grc' dir='ltr'>οὐδ’</span> <span class='ocrx_word' id='word_1_722' title='bbox 1318 1911 1449 1945; x_wconf 74' lang='grc' dir='ltr'>ἀγγέλους</span> <span class='ocrx_word' id='word_1_723' title='bbox 1466 1910 1573 1942; x_wconf 71' lang='grc' dir='ltr'>αὐτοὺς,</span> <span class='ocrx_word' id='word_1_724' title='bbox 1591 1911 1619 1936; x_wconf 80' lang='grc' dir='ltr'>ἐν</span> <span class='ocrx_word' id='word_1_725' title='bbox 1632 1911 1689 1945; x_wconf 80' lang='grc' dir='ltr'>ὅσῳ</span> <span class='ocrx_word' id='word_1_726' title='bbox 1704 1910 1736 1937; x_wconf 78' lang='grc' dir='ltr'>τὸ</span> <span class='ocrx_word' id='word_1_727' title='bbox 1747 1911 1819 1937; x_wconf 79' lang='grc' dir='ltr'><strong>κατά</strong></span> <span class='ocrx_word' id='word_1_728' title='bbox 1832 1910 1875 1945; x_wconf 50' lang='lat'><strong>$5-</strong></span> 
     </span>
    </p>
   </div>
   <div class='ocr_carea' id='block_1_98' title="bbox 1086 1956 1644 1994">
    <p class='ocr_par' dir='ltr' id='par_1_98' title="bbox 1086 1956 1644 1994">
     <span class='ocr_line' id='line_1_98' title="bbox 1086 1956 1644 1994; baseline -0.004 -9"><span class='ocrx_word' id='word_1_729' title='bbox 1086 1967 1128 1985; x_wconf 86' lang='grc' dir='ltr'><strong>σιν</strong></span> <span class='ocrx_word' id='word_1_730' title='bbox 1140 1957 1320 1994; x_wconf 76' lang='grc' dir='ltr'>περικείμεθα</span> <span class='ocrx_word' id='word_1_731' title='bbox 1335 1957 1425 1991; x_wconf 84' lang='grc' dir='ltr'>σῶμα,</span> <span class='ocrx_word' id='word_1_732' title='bbox 1443 1956 1556 1982; x_wconf 82' lang='grc' dir='ltr'>δυνατὸν</span> <span class='ocrx_word' id='word_1_733' title='bbox 1570 1956 1644 1983; x_wconf 81' lang='grc' dir='ltr'>ἰδεῖν.</span> 
     </span>
    </p>
   </div>
   <div class='ocr_carea' id='block_1_99' title="bbox 1121 2045 1875 2083">
    <p class='ocr_par' dir='ltr' id='par_1_99' title="bbox 1121 2045 1875 2083">
     <span class='ocr_line' id='line_1_99' title="bbox 1121 2045 1875 2083; baseline -0.005 -9"><span class='ocrx_word' id='word_1_734' title='bbox 1121 2047 1205 2083; x_wconf 77' lang='grc' dir='ltr'>Δῆλον</span> <span class='ocrx_word' id='word_1_735' title='bbox 1221 2047 1276 2082; x_wconf 78' lang='grc' dir='ltr'><strong>γὰρ</strong></span> <span class='ocrx_word' id='word_1_736' title='bbox 1293 2047 1340 2074; x_wconf 72' lang='grc' dir='ltr'><strong>καὶ</strong></span> <span class='ocrx_word' id='word_1_737' title='bbox 1354 2047 1446 2082; x_wconf 83' lang='grc' dir='ltr'>σαφῶς</span> <span class='ocrx_word' id='word_1_738' title='bbox 1458 2046 1684 2082; x_wconf 84' lang='grc' dir='ltr'>ὁμολογούμενον,</span> <span class='ocrx_word' id='word_1_739' title='bbox 1699 2045 1738 2077; x_wconf 82' lang='grc' dir='ltr'>ὡς</span> <span class='ocrx_word' id='word_1_740' title='bbox 1753 2046 1768 2071; x_wconf 85' lang='grc' dir='ltr'>ὁ</span> <span class='ocrx_word' id='word_1_741' title='bbox 1781 2045 1809 2071; x_wconf 72' lang='grc' dir='ltr'>τὶ</span> <span class='ocrx_word' id='word_1_742' title='bbox 1824 2045 1875 2079; x_wconf 74' lang='grc' dir='ltr'><strong>βλέ-</strong></span> 
     </span>
    </p>
   </div>
   <div class='ocr_carea' id='block_1_100' title="bbox 1085 2092 1873 2129">
    <p class='ocr_par' dir='ltr' id='par_1_100' title="bbox 1085 2092 1873 2129">
     <span class='ocr_line' id='line_1_100' title="bbox 1085 2092 1873 2129; baseline -0.005 -8"><span class='ocrx_word' id='word_1_743' title='bbox 1085 2103 1155 2125; x_wconf 83' lang='grc' dir='ltr'>πων,</span> <span class='ocrx_word' id='word_1_744' title='bbox 1168 2094 1259 2129; x_wconf 84' lang='grc' dir='ltr'>ὅμοιον</span> <span class='ocrx_word' id='word_1_745' title='bbox 1271 2093 1360 2129; x_wconf 79' lang='grc' dir='ltr'>ἐαυτῷ</span> <span class='ocrx_word' id='word_1_746' title='bbox 1378 2093 1418 2125; x_wconf 79' lang='grc' dir='ltr'>ὃν,</span> <span class='ocrx_word' id='word_1_747' title='bbox 1432 2092 1511 2119; x_wconf 69' lang='grc' dir='ltr'>τοῦτο</span> <span class='ocrx_word' id='word_1_748' title='bbox 1527 2092 1630 2128; x_wconf 80' lang='grc' dir='ltr'>βλέπει.</span> <span class='ocrx_word' id='word_1_749' title='bbox 1644 2092 1676 2118; x_wconf 85' lang='grc' dir='ltr'><strong>Εἰ</strong></span> <span class='ocrx_word' id='word_1_750' title='bbox 1689 2092 1718 2118; x_wconf 83' lang='grc' dir='ltr'><strong>δέ</strong></span> <span class='ocrx_word' id='word_1_751' title='bbox 1739 2101 1783 2123; x_wconf 78' lang='grc' dir='ltr'><strong>τις</strong></span> <span class='ocrx_word' id='word_1_752' title='bbox 1799 2092 1873 2118; x_wconf 80' lang='grc' dir='ltr'>ἁπαι-</span> 
     </span>
    </p>
   </div>
   <div class='ocr_carea' id='block_1_101' title="bbox 1084 2137 1873 2176">
    <p class='ocr_par' dir='ltr' id='par_1_101' title="bbox 1084 2137 1873 2176">
     <span class='ocr_line' id='line_1_101' title="bbox 1084 2137 1873 2176; baseline -0.005 -9"><span class='ocrx_word' id='word_1_753' title='bbox 1084 2141 1185 2172; x_wconf 83' lang='grc' dir='ltr'>δεύτως</span> <span class='ocrx_word' id='word_1_754' title='bbox 1206 2140 1311 2176; x_wconf 81' lang='grc' dir='ltr'>οἰηθείη</span> <span class='ocrx_word' id='word_1_755' title='bbox 1334 2140 1433 2176; x_wconf 79' lang='grc' dir='ltr'>σαθρὸν</span> <span class='ocrx_word' id='word_1_756' title='bbox 1447 2140 1517 2166; x_wconf 79' lang='grc' dir='ltr'>εἶναι</span> <span class='ocrx_word' id='word_1_757' title='bbox 1541 2139 1571 2165; x_wconf 79' lang='grc' dir='ltr'>τὸ</span> <span class='ocrx_word' id='word_1_758' title='bbox 1597 2138 1680 2175; x_wconf 76' lang='grc' dir='ltr'>ῥηθὲν</span> <span class='ocrx_word' id='word_1_759' title='bbox 1695 2137 1873 2174; x_wconf 70' lang='grc' dir='ltr'>(ὲμόλέπομεν</span> 
     </span>
    </p>
   </div>
   <div class='ocr_carea' id='block_1_102' title="bbox 1084 2184 1872 2223">
    <p class='ocr_par' dir='ltr' id='par_1_102' title="bbox 1084 2184 1872 2223">
     <span class='ocr_line' id='line_1_102' title="bbox 1084 2184 1872 2223; baseline -0.006 -9"><span class='ocrx_word' id='word_1_760' title='bbox 1084 2187 1137 2223; x_wconf 85' lang='grc' dir='ltr'><strong>γὰρ</strong></span> <span class='ocrx_word' id='word_1_761' title='bbox 1152 2187 1227 2222; x_wconf 79' lang='grc' dir='ltr'>ἥλιον</span> <span class='ocrx_word' id='word_1_762' title='bbox 1239 2187 1286 2213; x_wconf 68' lang='grc' dir='ltr'>καὶ</span> <span class='ocrx_word' id='word_1_763' title='bbox 1303 2186 1417 2222; x_wconf 79' lang='grc' dir='ltr'>σελήνην</span> <span class='ocrx_word' id='word_1_764' title='bbox 1430 2186 1476 2212; x_wconf 76' lang='grc' dir='ltr'><strong>καὶ</strong></span> <span class='ocrx_word' id='word_1_765' title='bbox 1486 2186 1612 2221; x_wconf 78' lang='grc' dir='ltr'>ἀστέρας,</span> <span class='ocrx_word' id='word_1_766' title='bbox 1626 2185 1667 2211; x_wconf 77' lang='grc' dir='ltr'>ἔτι</span> <span class='ocrx_word' id='word_1_767' title='bbox 1684 2184 1740 2220; x_wconf 78' lang='grc' dir='ltr'>μὴν</span> <span class='ocrx_word' id='word_1_768' title='bbox 1753 2185 1798 2219; x_wconf 59' lang='grc' dir='ltr'>ὑφ’</span> <span class='ocrx_word' id='word_1_769' title='bbox 1811 2184 1872 2219; x_wconf 68' lang='grc' dir='ltr'>ἡμᾶς</span> 
     </span>
    </p>
   </div>
   <div class='ocr_carea' id='block_1_103' title="bbox 1084 2231 1872 2268">
    <p class='ocr_par' dir='ltr' id='par_1_103' title="bbox 1084 2231 1872 2268">
     <span class='ocr_line' id='line_1_103' title="bbox 1084 2231 1872 2268; baseline -0.005 -9"><span class='ocrx_word' id='word_1_770' title='bbox 1084 2233 1182 2265; x_wconf 84' lang='grc' dir='ltr'>λίθους,</span> <span class='ocrx_word' id='word_1_771' title='bbox 1199 2233 1297 2267; x_wconf 79' lang='grc' dir='ltr'>χρυσόν</span> <span class='ocrx_word' id='word_1_772' title='bbox 1316 2241 1345 2259; x_wconf 75' lang='grc' dir='ltr'><strong>τε</strong></span> <span class='ocrx_word' id='word_1_773' title='bbox 1363 2233 1410 2259; x_wconf 78' lang='grc' dir='ltr'>καὶ</span> <span class='ocrx_word' id='word_1_774' title='bbox 1429 2231 1558 2268; x_wconf 71' lang='grc' dir='ltr'>ἄργυρον,</span> <span class='ocrx_word' id='word_1_775' title='bbox 1575 2233 1623 2258; x_wconf 80' lang='grc' dir='ltr'><strong>καὶ</strong></span> <span class='ocrx_word' id='word_1_776' title='bbox 1641 2231 1765 2263; x_wconf 76' lang='grc' dir='ltr'>συνόλως</span> <span class='ocrx_word' id='word_1_777' title='bbox 1782 2232 1831 2266; x_wconf 78' lang='grc' dir='ltr'>τήν</span> <span class='ocrx_word' id='word_1_778' title='bbox 1848 2238 1872 2255; x_wconf 72' lang='grc' dir='ltr'><strong>τε</strong></span> 
     </span>
    </p>
   </div>
   <div class='ocr_carea' id='block_1_104' title="bbox 1085 2277 1871 2313">
    <p class='ocr_par' dir='ltr' id='par_1_104' title="bbox 1085 2277 1871 2313">
     <span class='ocr_line' id='line_1_104' title="bbox 1085 2277 1871 2313; baseline -0.003 -9"><span class='ocrx_word' id='word_1_779' title='bbox 1085 2277 1223 2305; x_wconf 80' lang='grc' dir='ltr'>θάλασσαν</span> <span class='ocrx_word' id='word_1_780' title='bbox 1238 2279 1284 2304; x_wconf 78' lang='grc' dir='ltr'><strong>καὶ</strong></span> <span class='ocrx_word' id='word_1_781' title='bbox 1300 2278 1334 2305; x_wconf 70' lang='grc' dir='ltr'>τὰ</span> <span class='ocrx_word' id='word_1_782' title='bbox 1351 2278 1409 2310; x_wconf 79' lang='grc' dir='ltr'><strong>ζῶα</strong></span> <span class='ocrx_word' id='word_1_783' title='bbox 1428 2278 1584 2313; x_wconf 79' lang='grc' dir='ltr'>σύμπαντα,</span> <span class='ocrx_word' id='word_1_784' title='bbox 1602 2277 1650 2303; x_wconf 71' lang='grc' dir='ltr'><strong>καὶ</strong></span> <span class='ocrx_word' id='word_1_785' title='bbox 1665 2277 1697 2303; x_wconf 81' lang='grc' dir='ltr'>οὐ</span> <span class='ocrx_word' id='word_1_786' title='bbox 1713 2277 1803 2312; x_wconf 78' lang='grc' dir='ltr'>δήπου</span> <span class='ocrx_word' id='word_1_787' title='bbox 1819 2277 1871 2302; x_wconf 71' lang='grc' dir='ltr'><strong>τοὺ-</strong></span> 
     </span>
    </p>
   </div>
   <div class='ocr_carea' id='block_1_105' title="bbox 1083 2322 1873 2359">
    <p class='ocr_par' dir='ltr' id='par_1_105' title="bbox 1083 2322 1873 2359">
     <span class='ocr_line' id='line_1_105' title="bbox 1083 2322 1873 2359; baseline -0.004 -9"><span class='ocrx_word' id='word_1_788' title='bbox 1083 2333 1138 2355; x_wconf 85' lang='grc' dir='ltr'>τοις</span> <span class='ocrx_word' id='word_1_789' title='bbox 1155 2324 1242 2359; x_wconf 86' lang='grc' dir='ltr'>ὅμοιοί</span> <span class='ocrx_word' id='word_1_790' title='bbox 1258 2323 1363 2359; x_wconf 83' lang='grc' dir='ltr'>ἐσμεν),</span> <span class='ocrx_word' id='word_1_791' title='bbox 1384 2324 1552 2358; x_wconf 74' lang='grc' dir='ltr'>μανθανέτω,</span> <span class='ocrx_word' id='word_1_792' title='bbox 1575 2322 1622 2354; x_wconf 84' lang='grc' dir='ltr'>ὡς,</span> <span class='ocrx_word' id='word_1_793' title='bbox 1643 2323 1668 2348; x_wconf 81' lang='grc' dir='ltr'>εἰ</span> <span class='ocrx_word' id='word_1_794' title='bbox 1692 2323 1742 2348; x_wconf 70' lang='grc' dir='ltr'><strong>καὶ</strong></span> <span class='ocrx_word' id='word_1_795' title='bbox 1768 2322 1873 2356; x_wconf 64' lang='grc' dir='ltr'>διάςορίι</span> 
     </span>
    </p>
   </div>
   <div class='ocr_carea' id='block_1_106' title="bbox 1082 2367 1874 2404">
    <p class='ocr_par' dir='ltr' id='par_1_106' title="bbox 1082 2367 1874 2404">
     <span class='ocr_line' id='line_1_106' title="bbox 1082 2367 1874 2404; baseline -0.005 -9"><span class='ocrx_word' id='word_1_796' title='bbox 1082 2369 1116 2395; x_wconf 82' lang='grc' dir='ltr'>τὰ</span> <span class='ocrx_word' id='word_1_797' title='bbox 1132 2368 1189 2404; x_wconf 80' lang='grc' dir='ltr'>εἴδη</span> <span class='ocrx_word' id='word_1_798' title='bbox 1206 2368 1260 2395; x_wconf 86' lang='grc' dir='ltr'>τῶν</span> <span class='ocrx_word' id='word_1_799' title='bbox 1273 2368 1532 2404; x_wconf 77' lang='grc' dir='ltr'>κατηριθμημένων,</span> <span class='ocrx_word' id='word_1_800' title='bbox 1549 2367 1617 2394; x_wconf 74' lang='grc' dir='ltr'>ἀλλὰ.</span> <span class='ocrx_word' id='word_1_801' title='bbox 1629 2375 1660 2401; x_wconf 82' lang='grc' dir='ltr'><strong>γε</strong></span> <span class='ocrx_word' id='word_1_802' title='bbox 1678 2367 1784 2393; x_wconf 73' lang='grc' dir='ltr'>τούτων</span> <span class='ocrx_word' id='word_1_803' title='bbox 1799 2367 1874 2392; x_wconf 70' lang='grc' dir='ltr'><strong>ἀπα-.-</strong></span> 
     </span>
    </p>
   </div>
   <div class='ocr_carea' id='block_1_107' title="bbox 1083 2412 1874 2448">
    <p class='ocr_par' dir='ltr' id='par_1_107' title="bbox 1083 2412 1874 2448">
     <span class='ocr_line' id='line_1_107' title="bbox 1083 2412 1874 2448; baseline -0.005 -8"><span class='ocrx_word' id='word_1_804' title='bbox 1083 2422 1137 2440; x_wconf 83' lang='grc' dir='ltr'>των</span> <span class='ocrx_word' id='word_1_805' title='bbox 1151 2413 1320 2448; x_wconf 77' lang='grc' dir='ltr'>ἀναϐεϐηκὺς</span> <span class='ocrx_word' id='word_1_806' title='bbox 1331 2414 1409 2447; x_wconf 83' lang='grc' dir='ltr'>γένος</span> <span class='ocrx_word' id='word_1_807' title='bbox 1422 2413 1452 2439; x_wconf 74' lang='grc' dir='ltr'>τὸ</span> <span class='ocrx_word' id='word_1_808' title='bbox 1472 2412 1551 2447; x_wconf 84' lang='grc' dir='ltr'>σῶμα</span> <span class='ocrx_word' id='word_1_809' title='bbox 1564 2420 1571 2427; x_wconf 83' lang='grc'><em>’</em></span> <span class='ocrx_word' id='word_1_810' title='bbox 1594 2412 1644 2447; x_wconf 79' lang='grc' dir='ltr'>τῆς</span> <span class='ocrx_word' id='word_1_811' title='bbox 1661 2413 1719 2447; x_wconf 75' lang='grc' dir='ltr'>γὰρ</span> <span class='ocrx_word' id='word_1_812' title='bbox 1740 2412 1833 2442; x_wconf 74' lang='grc' dir='ltr'>οὐσίας</span> <span class='ocrx_word' id='word_1_813' title='bbox 1851 2412 1874 2436; x_wconf 63' lang='grc' dir='ltr'>τὸ</span> 
     </span>
    </p>
   </div>
   <div class='ocr_carea' id='block_1_108' title="bbox 1084 2456 1872 2496">
    <p class='ocr_par' dir='ltr' id='par_1_108' title="bbox 1084 2456 1872 2496">
     <span class='ocr_line' id='line_1_108' title="bbox 1084 2456 1872 2496; baseline -0.003 -10"><span class='ocrx_word' id='word_1_814' title='bbox 1084 2460 1133 2494; x_wconf 88' lang='grc' dir='ltr'>μὲν</span> <span class='ocrx_word' id='word_1_815' title='bbox 1150 2460 1276 2496; x_wconf 79' lang='grc' dir='ltr'>ἀόρατον,</span> <span class='ocrx_word' id='word_1_816' title='bbox 1295 2459 1333 2491; x_wconf 79' lang='grc' dir='ltr'>ὡς</span> <span class='ocrx_word' id='word_1_817' title='bbox 1348 2458 1505 2494; x_wconf 77' lang='grc' dir='ltr'>ἀσώματον,</span> <span class='ocrx_word' id='word_1_818' title='bbox 1522 2459 1553 2484; x_wconf 80' lang='grc' dir='ltr'>τὸ</span> <span class='ocrx_word' id='word_1_819' title='bbox 1567 2458 1595 2485; x_wconf 83' lang='grc' dir='ltr'><strong>δὲ</strong></span> <span class='ocrx_word' id='word_1_820' title='bbox 1615 2456 1729 2494; x_wconf 71' lang='grc' dir='ltr'>ὁρατὸν,</span> <span class='ocrx_word' id='word_1_821' title='bbox 1741 2459 1780 2490; x_wconf 83' lang='grc' dir='ltr'>ὠς</span> <span class='ocrx_word' id='word_1_822' title='bbox 1792 2459 1872 2493; x_wconf 74' lang='grc' dir='ltr'>σῶμα.</span> 
     </span>
    </p>
   </div>
   <div class='ocr_carea' id='block_1_109' title="bbox 1089 2505 1873 2541">
    <p class='ocr_par' dir='ltr' id='par_1_109' title="bbox 1089 2505 1873 2541">
     <span class='ocr_line' id='line_1_109' title="bbox 1089 2505 1873 2541; baseline -0.001 -9"><span class='ocrx_word' id='word_1_823' title='bbox 1089 2506 1121 2532; x_wconf 82' lang='grc' dir='ltr'><strong>Ὴ</strong></span> <span class='ocrx_word' id='word_1_824' title='bbox 1138 2506 1228 2532; x_wconf 81' lang='grc' dir='ltr'>τοίνυν</span> <span class='ocrx_word' id='word_1_825' title='bbox 1258 2505 1353 2541; x_wconf 79' lang='grc' dir='ltr'>πρώτη</span> <span class='ocrx_word' id='word_1_826' title='bbox 1376 2505 1447 2541; x_wconf 87' lang='grc' dir='ltr'>τομὴ</span> <span class='ocrx_word' id='word_1_827' title='bbox 1473 2505 1563 2532; x_wconf 85' lang='grc' dir='ltr'>πάντα</span> <span class='ocrx_word' id='word_1_828' title='bbox 1587 2506 1676 2531; x_wconf 77' lang='grc' dir='ltr'>ταῦτα</span> <span class='ocrx_word' id='word_1_829' title='bbox 1700 2506 1739 2536; x_wconf 77' lang='grc' dir='ltr'>ὡς</span> <span class='ocrx_word' id='word_1_830' title='bbox 1758 2505 1792 2532; x_wconf 80' lang='grc' dir='ltr'>ἂν</span> <span class='ocrx_word' id='word_1_831' title='bbox 1806 2505 1873 2539; x_wconf 68' lang='grc' dir='ltr'>γένες</span> 
     </span>
    </p>
   </div>
   <div class='ocr_carea' id='block_1_110' title="bbox 1082 2551 1874 2588">
    <p class='ocr_par' dir='ltr' id='par_1_110' title="bbox 1082 2551 1874 2588">
     <span class='ocr_line' id='line_1_110' title="bbox 1082 2551 1874 2588; baseline -0.004 -9"><span class='ocrx_word' id='word_1_832' title='bbox 1082 2552 1224 2588; x_wconf 77' lang='grc' dir='ltr'>ἀφορίζει·</span> <span class='ocrx_word' id='word_1_833' title='bbox 1253 2552 1332 2588; x_wconf 83' lang='grc' dir='ltr'>σῶμα</span> <span class='ocrx_word' id='word_1_834' title='bbox 1349 2552 1449 2584; x_wconf 88' lang='grc' dir='ltr'>τοίνυν,</span> <span class='ocrx_word' id='word_1_835' title='bbox 1478 2552 1558 2587; x_wconf 80' lang='grc' dir='ltr'>σῶμα</span> <span class='ocrx_word' id='word_1_836' title='bbox 1588 2552 1703 2587; x_wconf 67' lang='grc' dir='ltr'>βλέπειε</span> <span class='ocrx_word' id='word_1_837' title='bbox 1737 2553 1786 2578; x_wconf 77' lang='grc' dir='ltr'><strong>καὶ</strong></span> <span class='ocrx_word' id='word_1_838' title='bbox 1816 2551 1874 2577; x_wconf 64' lang='grc' dir='ltr'><strong>καῦὸ</strong></span> 
     </span>
    </p>
   </div>
   <div class='ocr_carea' id='block_1_111' title="bbox 1083 2597 1874 2634">
    <p class='ocr_par' dir='ltr' id='par_1_111' title="bbox 1083 2597 1874 2634">
     <span class='ocr_line' id='line_1_111' title="bbox 1083 2597 1874 2634; baseline -0.004 -9"><span class='ocrx_word' id='word_1_839' title='bbox 1083 2598 1172 2634; x_wconf 79' lang='grc' dir='ltr'>σῶμα,</span> <span class='ocrx_word' id='word_1_840' title='bbox 1187 2599 1278 2634; x_wconf 81' lang='grc' dir='ltr'>ὅμοιον</span> <span class='ocrx_word' id='word_1_841' title='bbox 1296 2599 1342 2625; x_wconf 83' lang='grc' dir='ltr'>καὶ</span> <span class='ocrx_word' id='word_1_842' title='bbox 1357 2598 1488 2632; x_wconf 82' lang='grc' dir='ltr'>συγγενὲς</span> <span class='ocrx_word' id='word_1_843' title='bbox 1498 2598 1528 2624; x_wconf 83' lang='grc' dir='ltr'><strong>τὺ</strong></span> <span class='ocrx_word' id='word_1_844' title='bbox 1545 2598 1616 2633; x_wconf 84' lang='grc' dir='ltr'>ὁρῶν</span> <span class='ocrx_word' id='word_1_845' title='bbox 1638 2597 1678 2632; x_wconf 82' lang='grc' dir='ltr'>τῷ</span> <span class='ocrx_word' id='word_1_846' title='bbox 1699 2598 1841 2634; x_wconf 75' lang='grc' dir='ltr'>ὁρωμένῳ,</span> <span class='ocrx_word' id='word_1_847' title='bbox 1854 2597 1874 2621; x_wconf 72' lang='grc' dir='ltr'>εἰ</span> 
     </span>
    </p>
   </div>
   <div class='ocr_carea' id='block_1_112' title="bbox 1081 2641 1873 2678">
    <p class='ocr_par' dir='ltr' id='par_1_112' title="bbox 1081 2641 1873 2678">
     <span class='ocr_line' id='line_1_112' title="bbox 1081 2641 1873 2678; baseline 0.003 -10"><span class='ocrx_word' id='word_1_848' title='bbox 1081 2643 1128 2668; x_wconf 73' lang='grc' dir='ltr'><strong>καὶ</strong></span> <span class='ocrx_word' id='word_1_849' title='bbox 1146 2641 1261 2678; x_wconf 79' lang='grc' dir='ltr'>διάφορα</span> <span class='ocrx_word' id='word_1_850' title='bbox 1277 2642 1379 2669; x_wconf 81' lang='grc' dir='ltr'>τούτων</span> <span class='ocrx_word' id='word_1_851' title='bbox 1400 2642 1434 2669; x_wconf 75' lang='grc' dir='ltr'><strong>τὰ</strong></span> <span class='ocrx_word' id='word_1_852' title='bbox 1450 2642 1508 2678; x_wconf 78' lang='grc' dir='ltr'>εἴδη</span> <span class='ocrx_word' id='word_1_853' title='bbox 1521 2642 1565 2669; x_wconf 83' lang='grc' dir='ltr'><strong>διὰ</strong></span> <span class='ocrx_word' id='word_1_854' title='bbox 1580 2643 1611 2669; x_wconf 78' lang='grc' dir='ltr'><strong>τὺ</strong></span> <span class='ocrx_word' id='word_1_855' title='bbox 1629 2643 1754 2670; x_wconf 80' lang='grc' dir='ltr'>ποικίλον</span> <span class='ocrx_word' id='word_1_856' title='bbox 1772 2643 1819 2670; x_wconf 70' lang='grc' dir='ltr'><strong>καὶ</strong></span> <span class='ocrx_word' id='word_1_857' title='bbox 1835 2642 1873 2667; x_wconf 66' lang='grc' dir='ltr'><strong>ιάσ</strong></span> 
     </span>
    </p>
   </div>
   <div class='ocr_carea' id='block_1_113' title="bbox 1082 2688 1323 2723">
    <p class='ocr_par' dir='ltr' id='par_1_113' title="bbox 1082 2688 1323 2723">
     <span class='ocr_line' id='line_1_113' title="bbox 1082 2688 1323 2723; baseline 0.008 -9"><span class='ocrx_word' id='word_1_858' title='bbox 1082 2696 1161 2723; x_wconf 73' lang='grc' dir='ltr'>σμιον</span> <span class='ocrx_word' id='word_1_859' title='bbox 1178 2688 1216 2723; x_wconf 86' lang='grc' dir='ltr'>τῷ</span> <span class='ocrx_word' id='word_1_860' title='bbox 1232 2689 1323 2716; x_wconf 84' lang='grc' dir='ltr'>παντί.</span> 
     </span>
    </p>
   </div>
   <div class='ocr_carea' id='block_1_114' title="bbox 1124 2734 1869 2771">
    <p class='ocr_par' dir='ltr' id='par_1_114' title="bbox 1124 2734 1869 2771">
     <span class='ocr_line' id='line_1_114' title="bbox 1124 2734 1869 2771; baseline 0 -11"><span class='ocrx_word' id='word_1_861' title='bbox 1124 2734 1200 2760; x_wconf 86' lang='grc' dir='ltr'>Ἐπεί</span> <span class='ocrx_word' id='word_1_862' title='bbox 1210 2743 1250 2761; x_wconf 87' lang='grc' dir='ltr'><strong>τοι</strong></span> <span class='ocrx_word' id='word_1_863' title='bbox 1263 2735 1349 2770; x_wconf 77' lang='grc' dir='ltr'>γέλως</span> <span class='ocrx_word' id='word_1_864' title='bbox 1364 2735 1397 2762; x_wconf 84' lang='grc' dir='ltr'>ἂν</span> <span class='ocrx_word' id='word_1_865' title='bbox 1411 2735 1454 2771; x_wconf 74' lang='grc' dir='ltr'>εἴη</span> <span class='ocrx_word' id='word_1_866' title='bbox 1468 2735 1569 2771; x_wconf 82' lang='grc' dir='ltr'>χρυσοῦ</span> <span class='ocrx_word' id='word_1_867' title='bbox 1585 2744 1616 2763; x_wconf 81' lang='grc' dir='ltr'><strong>τε</strong></span> <span class='ocrx_word' id='word_1_868' title='bbox 1629 2736 1662 2763; x_wconf 75' lang='grc' dir='ltr'>τὸ</span> <span class='ocrx_word' id='word_1_869' title='bbox 1673 2735 1768 2768; x_wconf 80' lang='grc' dir='ltr'>ἄνθος,</span> <span class='ocrx_word' id='word_1_870' title='bbox 1786 2737 1869 2766; x_wconf 63' lang='grc' dir='ltr'>ἐπειδη</span> 
     </span>
    </p>
   </div>
  </div>
