1900 3070
61 95 129 123 1097

605 88 790 117 ADVERSUS
809 85 1020 114 irIANICHJSOS
1038 85 1100 112 LIII.
1124 84 1142 110 I.

1618 82 1686 110 I098

59 163 90 189 γε
108 154 251 181 κάλλιστον
264 154 296 188 τῇ
310 152 368 187 ὕψει
383 153 515 186 φαίνεται,
533 161 579 179 και
591 151 704 186 αἱθάλης
720 150 750 176 τὸ
763 151 844 176 ἀναν-

914 151 1036 182 spectum
1054 146 1146 177 habet,
1162 149 1189 172 et
1207 145 1240 172 ab
1255 153 1323 172 auro
1338 144 1440 177 diﬁcrt,
1452 148 1479 172 et
1498 143 1570 179 quod
1588 149 1628 170 est
1640 143 1687 169 Ilu—

60 199 113 232 θὲς,
136 199 172 234 μὴ
188 198 326 233 ἑκάτερον,
349 198 417 233 ὅπερ
439 199 486 224 καὶ
510 197 592 229 ὅντως
615 197 683 229 ἐστὶ,
702 196 842 223 καλεῖσθαι

58 245 177 282 χρῶμα·
204 245 301 280 χρῶμα
333 244 396 280 γὰρ,
422 245 445 270 εἰ
467 244 513 270 καὶ
535 243 673 278 διάφορον,
698 242 843 277 ἑκάτερον·

57 292 119 326 ὄψις
136 291 189 327 γὰρ
204 292 220 326 ὴ
236 291 305 326 αὑτὴ
324 291 424 326 ὁμοίως
442 291 563 326 ἑκατέρῳ
577 291 709 316 κοινωνεῖ.
726 289 803 315 Οὕτω
815 289 846 324 δὴ

58 338 148 364 πάντα
162 337 196 364 τὰ
218 337 330 372 σώματα
350 337 444 372 ὁρατὰ,
464 337 488 363 εἰ
503 337 550 363 καὶ
572 336 687 370 διάφορα
705 335 745 371 τῷ
770 335 846 367 εἴδει,

58 385 159 418 φάσκει
173 385 235 419 μέν·
251 385 275 410 εἰ
291 384 319 410 δὲ
332 384 444 418 σώματα
454 383 587 418 σωμάτων
601 382 727 418 κρείττω,
742 382 773 408 τὸ
795 391 846 408 κω-

58 430 122 455 λῦον
145 430 232 460 οὐδὲν,
265 429 334 465 πλήν
365 437 397 462 γε
424 428 538 464 σώματα
565 428 671 455 πάντα·
699 428 759 454 ὅθεν
786 426 846 453 οὐδὲ

58 475 247 510 προσκυνητὺν
278 475 394 509 μάλιστα
422 474 459 508 τῷ
486 474 582 507 ὁρῶντι
607 473 637 499 τὸ
671 473 778 507 ὁρατὸν,
809 471 847 502 ὡς

58 519 335 555 καταλαμϐανόμενον
352 520 418 554 πρὸς
437 519 528 546 αὑτοῦ.

895 194 985 222 ridum
997 193 1086 220 diﬂert
1101 200 1116 218 a
1133 192 1222 222 viridi,
1240 199 1295 218 non
1318 195 1434 226 uterque
1457 193 1613 220 vocaretur,
1640 188 1686 224 qni

899 240 927 267 in
943 247 972 266 re
987 244 1037 271 est,
1059 238 1136 265 color
1154 246 1161 264 :
1181 237 1256 264 color
1271 237 1344 264 enim
1370 240 1411 264 est
1430 240 1556 270 uterque,
1579 234 1687 261 tametsi

902 286 1027 313 diversus
1044 294 1050 310 :
1066 284 1135 310 idem
1149 283 1220 311 enim
1245 287 1372 317 aspectus
1393 290 1455 310 cum
1483 286 1599 316 utroque
1622 287 1689 306 con.

898 333 1071 368 iunctionem
1089 335 1116 360 et
1128 331 1286 359 societatem
1299 331 1391 358 habet.
1411 330 1457 358 Sic
1471 330 1561 358 omnia
1573 336 1686 363 corpora

901 383 965 407 sunt
979 379 1165 413 aspectabilia.
1178 378 1242 404 licet
1256 377 1412 404 dilicrentes
1421 377 1476 403 sint
1493 376 1607 411 species.
1622 375 1688 402 Esse

898 426 987 448 autem
1011 429 1126 455 corpora
1147 420 1200 447 alia
1216 419 1278 446 aliis
1295 420 1495 454 priestantiora,
1512 419 1578 445 nibil
1594 418 1688 453 probi-

899 467 955 498 bet,
971 468 1036 502 quin
1061 467 1152 494 omnia
1168 473 1285 500 corpora
1310 466 1366 493 sint
1386 466 1541 500 spectabilia
1557 474 1563 492 ε
1579 473 1613 492 ex
1635 471 1688 499 quo

898 514 938 544 ﬁt,
957 517 986 540 ut
1003 521 1056 539 non
1074 512 1109 540 sil.
1124 512 1197 547 quod
1214 512 1266 539 sub
1279 515 1419 546 aspectum
1440 511 1512 537 cadit
1528 510 1645 537 maxime
1663 513 1690 536 et

898 559 1045 594 przeeipue,
1069 558 1238 585 adorandum
1256 558 1290 584 ab
1306 566 1339 585 eo
1350 558 1396 592 qui
1413 556 1481 584 illud
1511 556 1607 588 cernit,
1628 559 1689 582 tan-

900 612 980 640 quam
993 605 1027 631 ab
1042 605 1101 639 ipso
1115 605 1354 639 comprehensum.

412 659 476 686 CAP.
497 658 579 686 XXII.
600 658 716 686 Materia
732 659 812 685 Deum
825 667 877 686 non
896 659 969 686 vidit.
984 658 1073 694 Neque
1087 659 1172 686 lumen
1184 659 1332 686 absorbuit.

93 718 129 745 EI
144 717 234 744 τοίνυν
256 715 308 744 εἶδε
329 717 358 743 τὸ
372 717 404 743 ἐκ
425 717 475 752 τῆς
495 717 590 748 οὐσίας
613 717 695 752 ἡῦλη
709 717 756 743 τοῦ
773 716 851 748 Θεοῦ,
875 729 879 734 ·

60 763 208 798 συγγενείᾳ
221 763 334 799 πλείστῃ
351 771 380 788 τε
403 762 448 789 καὶ
472 762 612 797 ὁμοιότητι
630 763 698 797 πρὸς
719 763 768 797 τὴν
789 762 853 788 θέαν

943 716 971 743 Si
983 718 1064 752 igitur
1081 717 1195 744 materia
1215 716 1292 748 vidit,
1311 717 1385 752 quod
1413 725 1444 744 ex
1473 717 1626 744 substantia
1643 716 1692 744 Dei

906 768 976 794 erat,
991 763 1153 798 cognatione
1171 770 1268 797 magna
1291 767 1317 789 et
1341 762 1520 789 similitudine
1544 762 1636 795 ducta,
1656 762 1692 790 ad

57 809 137 846 ἦλθε,
152 810 198 836 καὶ
210 809 284 835 οὐδὲν
300 808 378 835 πλέον
393 809 476 844 ἐχρῆν
489 808 557 843 πρὸς
572 808 617 834 τὸν
629 808 778 835 ἀσύστατον
791 817 852 834 του-

917 809 1089 845 pectaeulum
1112 809 1204 841 venit,
1228 816 1279 835 nec
1294 808 1412 842 amplius
1433 816 1502 843 opus
1524 814 1583 836 erat
1602 810 1693 838 dicere

57 856 118 882 τονὶ
135 855 218 890 μῦθον
234 856 320 881 εἰπεῖν
332 862 339 869 ”
357 856 381 881 εξ
397 855 425 881 δὲ
447 855 493 881 καὶ
510 854 667 889 ἐπεθύμησε
688 854 736 880 τοῦ
752 855 849 886 φανέν-

58 910 117 933 τος,
135 902 165 927 τὸ
190 901 297 928 πάντων
317 901 427 936 ἄριστον
452 901 519 936 αὑτῇ
546 900 806 937 προσεμαρτύρησεν
835 901 850 927 ὁ

59 948 190 983 ἀνόητος·
213 947 249 978 ὡς
274 948 372 974 κακίαν
404 948 452 983 μὲν
468 948 552 983 δνομα
576 947 725 974 τεθεικέναι
752 947 850 978 δοκεῖν,

58 993 156 1019 οὐσίαν
170 992 198 1018 δὲ
218 992 322 1028 ἀγαθὴν
345 993 588 1028 προσομολογῆσαι.
609 992 640 1018 Τί
655 992 709 1028 γὰρ
727 993 766 1023 είς
782 992 851 1018 ἀπό-

58 1038 144 1072 δειξιν
170 1039 370 1073 καλοκαγαθίας
393 1039 484 1074 μεῖζον
509 1038 555 1065 τοῦ
576 1039 741 1074 ἐπιθυμῆσαι
766 1039 852 1071 τάγα-

59 1085 131 1117 θοῦ;
152 1085 183 1111 Εἰ
207 1085 234 1110 δέ
255 1093 322 1120 φησι
345 1086 391 1110 καὶ
411 1084 569 1116 ἐπελάϐετο,
590 1085 637 1111 καὶ
660 1084 798 1116 κατέπιεν,
815 1083 853 1114 ὡς

59 1132 193 1167 ἐγκύμων
218 1130 342 1165 γενέσθαι
367 1131 415 1166 τῆς
439 1131 563 1161 ἐναντίας
584 1129 631 1156 τοῦ
657 1129 724 1156 Θεοῦ
749 1129 852 1161 οὐσίας,

60 1179 113 1204 καὶ
128 1178 188 1209 ταῖς
211 1178 289 1208 ιδίαις
309 1177 443 1212 δυνάμεσι
465 1176 615 1211 διένειμεν’·
639 1176 661 1202 ὢ
682 1178 732 1211 τῆς
757 1176 853 1210 ἀλόγου
881 1175 883 1177 ’

61 1224 182 1260 μανίαςί
203 1224 254 1250 οὐκ
278 1221 330 1250 εἶδε
353 1224 442 1259 μόνον,
460 1222 528 1249 ἀλλὰ
548 1222 593 1249 καὶ
613 1222 786 1258 ἐπεθύμησε·
807 1223 853 1248 καὶ

59 1270 116 1296 οὐκ
137 1269 293 1305 ἐπεθύμησε
317 1269 406 1304 μᾶνον,
430 1269 497 1295 ἀλλὰ
523 1269 570 1295 καὶ
594 1268 726 1295 κατέπιε·
751 1269 798 1294 καὶ
823 1268 854 1294 οὐ

61 1315 179 1342 κατέπιε
200 1315 289 1349 μόνον,
309 1314 376 1340 ἀλλὰ
397 1314 445 1340 xui.
460 1314 579 1348 κατέχει.
596 1312 688 1339 Ταῦτα
705 1313 794 1339 πάντα
808 1321 856 1339 σα-

62 1361 125 1396 φῶς
139 1361 169 1386 οὐ
187 1361 235 1396 τὴν
255 1360 429 1395 ἐναντιότητα
450 1360 498 1394 τῆς
522 1359 628 1393 φύσεως
647 1357 742 1394 ὁρίζει,
768 1358 855 1393 ἄκραν

61 1407 93 1434 δὲ
114 1407 161 1434 καὶ
173 1407 223 1443 τὴν
236 1406 364 1433 ἀνωτάτω
385 1404 543 1439 συγγένειαν
555 1404 656 1439 ἀμφοῖν
668 1403 802 1438 ὁμολογεῖ.
845 1443 846 1446 Ἰ

103 1540 166 1566 Εἴτε
195 1539 249 1574 γὰρ
277 1538 479 1572 ἀγανακτοῦσα,
505 1539 574 1574 ὅπερ
601 1537 733 1573 λογισμοῦ
757 1538 858 1573 δεῖγμα

60 1586 206 1620 τυγχάνει,
223 1585 277 1612 εἴτε
307 1585 354 1611 καὶ
380 1585 551 1620 ἐπιθυμοῦσα
575 1585 690 1611 κατέπιε
713 1584 742 1611 τὸ
764 1585 856 1619 φανὲν,

61 1634 175 1668 φύσεως
191 1632 318 1667 ἄντικρυς
337 1632 463 1658 κοινωνία
484 1631 568 1658 ταῦτα
582 1632 681 1666 γένοιτ’
694 1632 742 1658 ἄν·
761 1632 784 1657 εἰ
804 1631 857 1666 γὰρ

61 1680 160 1713 ἄκρως
177 1679 297 1713 ξιτ-ἦρχεν
314 1678 432 1709 ἐναντία,
455 1678 586 1712 συνῆλθεν
608 1677 733 1712 οὐδαμῶς
748 1678 780 1704 ἂν
795 1678 859 1703 ἑκά-

63 1733 146 1760 τερα.
164 1724 202 1751 Οὐ
225 1724 327 1750 συνεῖδε
344 1724 371 1750 δὲ
391 1724 458 1758 πρὶς
472 1725 529 1755 τοῖς
544 1723 632 1755 ἄλλοις
648 1723 783 1759 βάρϐαρος
799 1723 860 1749 οὐδὲ

63 1769 158 1800 τοῦτο,
172 1770 239 1804 ὃτιή
257 1769 440 1795 ἀποσταλεῖσα
456 1769 530 1804 παρὰ
552 1769 597 1795 τοῦ
612 1769 679 1795 Θεοῦ
694 1769 819 1804 δύναμις,
835 1769 859 1794 εἰ

66 1816 120 1851 μὲν
135 1815 278 1850 ἀπὲματος
298 1813 342 1850 ἦν,
368 1815 453 1850 τομὴν
477 1815 603 1850 οὐδεμίαν
620 1814 786 1850 παρεδέξατο
811 1815 857 1841 ἄν·

64 1862 107 1893 ὡς
125 1861 258 1896 μηδαμῶς
281 1860 518 1895 καταδιαιρεθῆναι
543 1860 672 1887 δύνασθαι
687 1860 747 1887 κατ’
768 1860 860 1886 οὐσίαν

63 1909 109 1940 εἰς
129 1908 180 1939 τὰς
203 1907 326 1938 ἐναντίας
347 1907 483 1942 δυνάμεις,
502 1907 569 1941 μήτε
592 1906 644 1941 μὴν
657 1906 858 1940 καταποθῆναι·

64 1954 100 1981 τὸ
115 1954 172 1989 γὰρ
189 1953 334 1988 ἀσώματον
345 1953 405 1979 τίνα
421 1953 453 1980 ἂν
469 1952 634 1987 καταποθείη
644 1952 761 1988 τρόπον;
783 1952 814 1977 El
833 1951 861 1977 δὲ

66 2000 228 2036 σωματικὴ.
245 2001 298 2027 πᾶν
315 2000 394 2035 σῶμα
407 1999 642 2034 κατατεμνόμενον
664 1999 710 2024 καὶ
727 2006 863 2033 κατακερ-

68 2047 254 2083 ματιςόμενον
271 2048 422 2082 ἀναιρεῖται
434 2047 532 2082 τρόπον
551 2046 621 2076 τινὰ,
642 2045 687 2072 καὶ
701 2045 751 2080 ζῇν
772 2044 863 2071 οὐκέτι

66 2094 186 2121 δύναται
200 2093 249 2129 τὴν
274 2094 340 2120 ἰδίαν
360 2093 442 2126 ζωήν.
464 2092 612 2128 Τοιγαροῦν
635 2092 652 2127 ἢ
672 2091 816 2127 ἀσώματος
829 2088 863 2126 ἦν

900 860 996 883 contra
1013 856 1082 883 hanc
1100 855 1230 885 fabulam,
1247 862 1306 889 qn:e
1326 854 1476 882 consistere
1499 863 1553 881 non
1577 860 1666 890 potest
1683 864 1690 882 :

904 902 926 930 si
941 909 1004 929 vero
1015 902 1097 928 etiam
1113 900 1279 928 desideravit
1292 900 1362 935 quod
1378 900 1456 931 vidit.
1475 901 1508 928 de
1529 909 1558 928 re
1571 902 1694 930 omnium

900 947 1002 982 optima
1018 946 1205 974 testimonium
1221 946 1260 973 illi
1271 945 1410 981 perhibuit
1433 946 1513 973 homo
1529 947 1648 980 stultus;
1664 951 1694 974 ut

900 991 1025 1019 videatur
1045 998 1144 1018 nomen
1173 990 1282 1025 quidem
1310 990 1441 1024 nequitiae
1468 991 1633 1026 imposuisse
1655 993 1692 1024 ei,

902 1037 1085 1065 substantiam
1116 1045 1182 1064 vero
1206 1037 1304 1064 bonam
1337 1045 1397 1065 esse
1424 1038 1510 1065 eidem
1539 1042 1695 1068 attestatus;

903 1083 974 1117 Quid
991 1084 1063 1111 enim
1077 1084 1166 1118 majus
1179 1091 1238 1110 esse
1249 1088 1354 1118 poterat
1373 1084 1406 1110 ad
1420 1085 1592 1119 probandum
1615 1086 1694 1113 boni-

902 1134 1088 1165 tatem,quam
1112 1129 1282 1158 desiderasse
1300 1130 1417 1157 bonum?
1429 1130 1505 1164 Quod
1517 1135 1606 1158 autem
1628 1132 1695 1160 dicit

903 1175 1117 1211 apprehendisse
1142 1182 1170 1203 et
1200 1176 1387 1208 absorbuisse,
1415 1180 1445 1203 ut
1475 1177 1628 1205 substantia
1647 1178 1695 1205 Dei

905 1222 1044 1249 contraria
1061 1225 1190 1256 tanquam
1213 1221 1316 1249 semine
1334 1221 1409 1249 ﬁeret
1423 1223 1545 1257 gravida,
1565 1223 1696 1251 etdistri-

905 1270 997 1296 buisse
1012 1268 1070 1295 suis
1085 1269 1266 1303 potestatibus
1285 1278 1291 1296 :
1313 1276 1329 1296 ο
1349 1269 1467 1296 furorem
1488 1269 1618 1297 amentis!
1641 1277 1696 1297 non

905 1315 994 1342 solum
1010 1314 1089 1345 vidit,
1108 1314 1154 1342 sed
1174 1314 1361 1347 desideravit;
1382 1319 1409 1342 et
1427 1322 1480 1341 non
1498 1318 1604 1342 tantum
1620 1315 1695 1343 desi-

907 1359 1024 1394 deravit,
1051 1361 1098 1388 sed
1121 1360 1279 1393 absorbuit;
1307 1365 1334 1388 et
1360 1368 1415 1388 non
1438 1361 1525 1388 solum
1544 1361 1698 1395 absorbuit,

907 1406 954 1433 sed
969 1407 1049 1433 etiam
1065 1406 1187 1434 retinuit.
1207 1406 1268 1433 Ilaec
1280 1406 1370 1433 omnia
1387 1407 1528 1442 perspicue
1556 1415 1612 1434 non
1632 1416 1699 1435 con-

907 1452 1020 1478 trariam
1035 1456 1161 1478 naturam
1180 1451 1327 1484 deﬁniunt,
1346 1451 1394 1480 sed
1410 1453 1501 1486 potius
1514 1460 1648 1480 Summam
1672 1457 1699 1480 et

868 1483 890 1513 ο
907 1496 1068 1523 altissimam
1085 1496 1267 1531 cognitionem
1286 1497 1428 1532 utriusque
1445 1498 1610 1526 concedunt.

945 1540 1007 1569 Sive
1019 1542 1091 1568 enim
1107 1550 1286 1575 succensens,
1296 1543 1367 1577 quod
1385 1543 1495 1578 quidem
1509 1544 1698 1572 ratiocinatio-

908 1584 953 1612 nis
970 1585 1104 1612 indicium
1122 1590 1176 1617 est,
1200 1587 1256 1613 sive
1282 1587 1441 1614 desiderans
1465 1588 1605 1616 absorbuit
1625 1590 1700 1624 quod

909 1631 988 1663 vidit,
1016 1632 1073 1658 Ι)ωο
1088 1632 1168 1666 plane
1191 1633 1223 1659 ad
1242 1635 1463 1661 communitatem
1485 1639 1590 1662 natura:
1615 1637 1700 1671 perli-

909 1682 1001 1704 neant.
1017 1677 1046 1704 Si
1060 1677 1132 1705 enim
1148 1685 1254 1705 summe
1278 1679 1414 1706 contraria
1437 1676 1568 1714 fuissent,
1595 1688 1701 1716 nequa-

910 1731 991 1757 quam
1004 1727 1120 1758 utraque
1136 1724 1265 1751 coissent.
1277 1724 1310 1751 Ut
1321 1725 1374 1751 alia
1390 1726 1523 1759 omittam,
1543 1734 1632 1762 neque
1648 1727 1700 1755 hoc

910 1770 1044 1807 barbarus
1060 1769 1186 1801 advertit,
1203 1770 1276 1805 quod
1297 1775 1418 1806 potestas
1437 1779 1452 1798 a
1468 1771 1523 1799 Deo
1540 1772 1635 1806 missa,
1661 1773 1700 1800 si-

911 1815 1019 1850 quidem
1037 1815 1196 1850 incorporea
1219 1822 1288 1844 erat.
1305 1818 1405 1844 nullam
1416 1818 1598 1852 {partitionem
1623 1826 1701 1846 rece-

911 1861 1006 1895 pisset.
1019 1865 1048 1887 ut
1064 1862 1140 1888 nullo
1154 1862 1235 1889 modo
1254 1866 1344 1896 posset
1368 1862 1452 1890 dividi
1466 1864 1617 1890 secundum
1635 1864 1701 1891 sub—

913 1906 1040 1933 stantiam
1058 1907 1085 1933 in
1100 1908 1254 1935 contrarias
1271 1912 1428 1943 potestates,
1448 1916 1480 1936 ac
1495 1910 1582 1936 multo
1607 1910 1700 1936 minus

913 1952 1053 1979 absorberi
1067 1962 1073 1979 :
1086 1953 1158 1988 quod
1172 1954 1244 1980 enirn
1259 1962 1356 1989 expers
1368 1956 1491 1990 corporis
1504 1959 1557 1989 est,
1580 1964 1700 1991 quonam

913 1998 994 2025 modo
1016 1999 1213 2027 absorbeatur?
1237 1999 1263 2027 Si
1291 2009 1355 2028 vero
1377 2009 1508 2037 corporea
1526 2009 1595 2034 erat,
1619 2010 1701 2030 omne

914 2052 1013 2080 Corpus
1025 2049 1129 2072 sectum
1147 2051 1173 2073 et
1188 2046 1214 2072 in
1229 2046 1318 2073 l‘rusla
1335 2048 1462 2082 partitum
1483 2049 1600 2083 quodam
1619 2048 1700 2076 modo

915 2092 984 2126 perit
998 2094 1092 2118 etnon
1109 2095 1199 2126 potest
1216 2093 1298 2119 vitam
1323 2101 1401 2120 suam
1422 2094 1523 2122 vivere.
1549 2094 1634 2128 Igitur
1658 2095 1701 2122 vel

67 2142 86 2176 ἡ
104 2139 292 2167 ἀποσταλεῖσα
310 2139 384 2174 παρὰ
402 2138 447 2167 τοῦ
463 2138 566 2172 ἀγαθοῦ
584 2138 707 2173 δύναμις,
727 2138 774 2163 καὶ
784 2137 852 2163 οὐδα-

915 2137 1076 2170 incorporea
1106 2141 1164 2163 erat
1191 2142 1312 2172 potestas
1333 2146 1347 2164 a
1372 2138 1443 2165 bono
1469 2139 1565 2171 missa,
1578 2143 1605 2166 et
1625 2140 1701 2166 nullo

69 2187 134 2222 μῶς
154 2185 216 2212 οὔτε
238 2185 385 2220 κατεπόθη,
408 2184 469 2211 οὔτε
491 2183 530 2216 εἰς
545 2185 657 2216 πολλοὺς
677 2183 800 2220 διῃρέθη,
816 2183 862 2209 καὶ

67 2232 221 2263 πέπαυται,
235 2231 281 2257 καὶ
298 2230 369 2257 οὕτω
384 2231 520 2262 παντελῶς
536 2231 549 2256 ὁ
568 2229 649 2265 μῦθος
661 2238 668 2244 ·
685 2229 700 2264 ἢ
718 2228 859 2264 σωματικὴ

67 2286 113 2308 τις
125 2277 257 2312 ἐτύγχανε
271 2277 317 2303 καὶ⁹
331 2276 463 2312 ἀνῄρηται
478 2278 576 2311 πάντη,
595 2276 641 2302 καὶ
658 2275 779 2301 ἀπόλωλε
793 2274 862 2311 πρὸς

67 2324 123 2357 τῆς
148 2323 256 2354 κακίας,
281 2323 350 2357 ὅπερ
369 2323 426 2349 ἐστὶ
452 2318 640 2358 χαλεπῶτερον
661 2323 700 2353 είς
721 2321 798 2357 ΰῦριν
814 2321 860 2347 τοῦ

68 2367 194 2402 ἀγαθοῦ·
220 2368 318 2403 μᾶλλον
341 2368 368 2394 δὲ
385 2368 564 2404 ἰσχυρὼτερον
583 2370 621 2400 εἰς
642 2367 795 2402 ἁνασκευὴν
813 2366 860 2393 τοῦ

71 2412 164 2449 μύθου
176 2421 183 2428 ·
200 2413 278 2448 σῶμα
292 2413 346 2448 γὰρ
358 2414 417 2440 καθ’
434 2414 514 2440 ἑαυτὴ
529 2413 662 2449 διαιρεθὲν
674 2414 718 2439 καὶ
734 2412 862 2448 διασκορ-

68 2457 182 2489 πισθὲν,
196 2458 266 2493 (νοῦς
277 2458 331 2494 γὰρ
342 2460 372 2484 οὐ
386 2459 550 2494 διαιρεῖται),
559 2459 636 2486 ποίαν
647 2459 703 2494 ἔχει
712 2459 761 2494 τὴν
776 2460 861 2494 ἰσχὺν,

69 2503 147 2530 ὥστε
160 2504 319 2531 ὑποτάττειν
333 2504 382 2540 τὴν
393 2505 501 2535 κακίαν,
517 2504 546 2530 τὺ
561 2505 694 2540 τοσαύτην
712 2513 741 2538 γε
761 2504 862 2540 βλάϐην

70 2551 122 2577 καὶ
141 2549 217 2585 ὖῦριν
234 2552 273 2583 εἰς
286 2552 335 2587 τὴν
357 2552 423 2578 ἰδίαν
447 2551 525 2586 φύσιν
539 2551 695 2586 ὑπομεῖναν,
716 2552 753 2582 ὡς
770 2551 864 2585 ἠφανί-

72 2596 140 2622 σθαι
155 2597 201 2622 καὶ
216 2597 382 2624 ἀπολωλέναι
403 2598 489 2624 δοκεῖν
503 2606 509 2630 ;
524 2597 602 2623 τοῦτο
622 2598 675 2633 γὰρ
692 2597 757 2624 ἴδιον
776 2597 866 2632 σώμα-

68 2648 122 2673 τος
143 2642 389 2678 κατατεμνομένου.

916 2182 997 2209 modo
1012 2183 1139 2217 absorpta
1153 2187 1204 2215 est,
1223 2191 1271 2210 nec
1289 2184 1316 2210 in
1333 2185 1433 2211 multos
1444 2184 1531 2212 divisa
1547 2189 1598 2216 est,
1617 2189 1702 2219 atque

916 2229 952 2255 ita
971 2237 1003 2256 ex
1019 2233 1076 2255 toto
1101 2229 1191 2256 fabula
1208 2229 1313 2256 sublata
1331 2234 1374 2257 est
1391 2240 1397 2257 ;
1420 2230 1462 2257 vel
1479 2238 1609 2265 corporea
1628 2238 1701 2265 quaa-

915 2274 977 2301 dam
996 2279 1116 2310 potestas
1135 2279 1205 2307 erat,
1221 2279 1248 2302 et
1268 2284 1282 2302 a
1300 2276 1420 2311 nequitia
1440 2276 1530 2304 deleta
1550 2280 1592 2304 est
1620 2280 1646 2303 et
1663 2277 1702 2303 in-

915 2321 1023 2347 teritum
1039 2321 1131 2356 cepit;
1147 2321 1218 2356 quod
1232 2326 1273 2348 est
1294 2322 1327 2348 ad
1342 2322 1534 2348 contumeliam
1552 2321 1598 2349 Dei
1613 2321 1700 2348 seele‘

914 2366 1011 2397 ratius,
1024 2367 1089 2401 quin
1103 2367 1194 2402 potius
1209 2367 1242 2393 ad
1252 2367 1420 2394 eversionem
1432 2367 1530 2394 fabula:
1544 2367 1678 2394 valentius
1693 2376 1700 2393 2

915 2419 1015 2446 corpus
1027 2412 1099 2439 enim
1115 2420 1162 2447 per
1172 2420 1202 2440 se
1213 2412 1328 2439 divisum
1341 2417 1367 2438 et
1378 2412 1538 2446 dissipatum
1548 2420 1579 2438 ac
1593 2412 1702 2447 disper-

914 2465 974 2485 sum
990 2458 1077 2492 (mens
1091 2459 1162 2486 enim
1172 2467 1225 2486 non
1237 2458 1387 2493 dividitur),
1402 2467 1470 2493 quas
1484 2460 1556 2486 vires
1571 2460 1651 2486 habet
1667 2457 1702 2485 ad

915 2504 1093 2539 subigendam
1109 2505 1268 2539 nequitiam,
1283 2505 1352 2540 quod
1376 2509 1480 2531 tantum
1506 2505 1699 2532 detrimentum

915 2554 942 2577 et
958 2551 1152 2577 contumeliam
1180 2551 1207 2577 in
1231 2556 1356 2578 naturam
1379 2551 1515 2585 propriam
1535 2552 1652 2586 accepit,
1673 2554 1702 2578 ut

916 2595 1042 2622 videatur
1056 2597 1175 2623 deletum
1191 2605 1252 2625 esse
1267 2602 1293 2625 et
1312 2597 1465 2624 interiisse?
1480 2597 1531 2624 hoc
1547 2597 1620 2624 enim
1640 2604 1703 2625 cor-

917 2642 991 2676 poris
1002 2642 1082 2670 divisi
1097 2644 1236 2678 proprium
1253 2649 1304 2672 est.

351 2699 416 2727 CAP.
438 2699 530 2726 XXIII.
552 2699 621 2726 Deus
636 2699 812 2725 substantiam
829 2706 905 2725 suam
921 2707 972 2725 non
988 2699 1071 2727 misit.
1085 2698 1178 2726 Manes
1198 2700 1224 2726 in
1242 2700 1327 2728 Deum-
1339 2701 1438 2735 larens.

113 2756 150 2783 Τὸ
170 2756 198 2783 δὲ
216 2756 248 2791 δὴ
272 2756 509 2791 παραλογώτερον,
539 2757 563 2782 εἰ
584 2755 699 2790 θελήσας
724 2755 790 2786 Θεὸς
816 2756 866 2790 γῆν

73 2802 216 2836 ἐξελέσθαι
240 2802 289 2836 τῆς
309 2802 416 2834 κακίας,
439 2802 469 2828 τὸ
491 2803 522 2828 ἐκ
539 2802 587 2837 τῆς
610 2801 676 2833 ἰδίας
694 2801 800 2836 φύσεως
820 2810 868 2836 γυ-

160 2850 296 2882 Pnaoa.
314 2850 371 2879 Gn.
390 2848 491 2878 XVIII

956 2754 1033 2788 Quod
1051 2760 1141 2782 autem
1156 2756 1291 2784 amentius
1310 2763 1361 2790 est,
1377 2757 1399 2785 si
1412 2765 1473 2785 cum
1489 2756 1619 2784 voluisset
1632 2755 1703 2784 Deus

925 2805 1024 2829 terram
1037 2801 1142 2836 eripere
1159 2801 1298 2837 nequitia,
1319 2810 1354 2830 ex
1371 2808 1467 2830 natura
1485 2803 1594 2838 propria
1613 2802 1704 2830 emisit

1528 2850 1566 2880 35
