1900 3070
230 85 299 114 1099

791 84 858 112 TITI
875 84 1092 114 BOSTRENSIS
1111 85 1265 114 EPISCOPI

1772 91 1843 119 “00

229 143 295 171 illud
311 143 412 169 nudum
435 142 469 169 ad
495 143 688 178 contumeliam
712 147 739 170 et
753 142 892 170 interitum
919 142 997 176 ipsiu:

1058 141 1122 177 μνον
1137 143 1292 178 προσήκατο
1299 142 1338 173 είς
1348 141 1426 176 ὓϐριν
1436 142 1562 178 χαλεπὴν,
1579 143 1625 170 καὶ
1632 143 1780 180 διαφθορὰν
1793 147 1843 172 αὖ-

225 187 394 220 δυϋειειηιίω,
414 190 454 214 tot
478 188 586 215 saeculis
613 195 753 215 sessurum
770 191 797 214 et
819 187 1004 213 habitaturum

225 235 306 263 simul
326 242 388 262 cum
409 235 540 269 nequitia,
557 238 584 262 et
598 234 734 269 particeps
749 232 809 268 ejus
823 232 956 266 futurum,
974 241 1005 260 ac

224 289 286 309 cum
298 289 329 309 ea
344 281 446 317 pariter
458 284 643 316 peccaturum.
655 278 732 312 Quod
746 278 855 314 quidem
869 278 909 305 vel
925 285 1004 304 unam

224 329 319 355 horam
334 331 381 354 aut
392 331 521 362 punctum
538 326 668 360 temporis
684 324 866 352 substantiam
881 323 928 350 Dei
941 331 1003 358 pas.

223 383 282 402 sam
307 381 379 407 esse,
405 379 435 400 ut
456 372 584 408 nequitiae
608 371 731 406 subjecta
753 375 837 402 esset,
856 375 883 397 et
902 372 1005 405 pariter

223 428 285 448 cum
312 427 344 448 ea
369 419 539 454 deliquisset,
570 425 676 445 omnem
706 417 852 444 amentiam
880 419 1002 450 superat.

222 467 330 500 Quanto
355 466 451 494 melius
476 469 534 493 erat
551 464 679 492 traditam
704 470 766 491 esse
786 467 897 494 terram,
922 469 1002 497 quam

221 513 403 541 substantiam
420 511 465 539 Dei
481 511 705 546 comprehensam
719 509 797 537 esse?
818 507 847 534 Si
860 507 933 535 enim
948 515 1003 534 non

222 557 321 585 fuisset
337 555 448 584 ferenda
464 555 586 583 incursio
600 555 626 581 in
642 558 754 585 terram,
774 556 804 580 ut
825 551 940 578 materia
957 559 1003 578 or-

223 603 313 630 dinem
339 602 530 636 perturbaret.
561 603 663 634 quanto
686 598 776 625 minus
807 597 916 624 ferenda
944 600 1003 624 erat

223 651 296 674 tanta
323 646 453 678 servitus,
469 650 496 672 et
518 649 622 671 natura:
635 643 734 670 divina:
759 642 903 676 subjectio,
921 641 1002 676 idque

222 701 277 720 non
293 692 326 720 ad
343 691 534 720 brevissimum
550 695 668 725 tempus,
686 689 734 717 sed
751 688 784 716 ad
801 688 961 716 universum
975 692 1002 715 et

221 739 384 765 immensum
407 736 556 764 saeculum?
582 739 611 762 ut
635 743 722 770 neque
745 733 866 769 nequitia
888 740 1002 769 peccare

221 784 374 815 desisteret,
400 787 426 810 et
443 782 514 810 Deus
531 789 594 809 cum
622 789 652 808 ea
666 789 714 816 per
732 783 894 816 potestatem
915 787 949 807 ex
972 786 1002 806 se

220 829 337 864 genitam
354 833 488 863 peccaret.

257 874 334 902 [nde
348 881 519 908 consequens
534 877 586 905 est,
603 880 692 907 neque
708 873 789 899 deum
802 871 922 899 voluisse
937 871 1001 898 mit-

220 924 277 947 tere
295 920 422 954 nequitiae
441 927 474 946 ex
497 918 650 946 substantia
673 926 723 945 sua
740 918 858 952 genitum
887 917 919 944 ad
935 925 999 952 pec-

220 965 336 993 candum
350 973 411 992 cum
423 973 453 992 ea
470 975 476 992 :
493 972 543 992 nec
557 964 623 991 illud
635 964 747 992 missum
764 963 904 990 inductum
916 962 1000 990 fuisse

219 1016 246 1039 et
260 1012 472 1046 obtemperasse,
489 1014 519 1036 ut
531 1009 565 1036 ad
579 1014 684 1035 tantum
699 1008 801 1035 malum
813 1011 840 1035 et
855 1007 926 1034 lucm
938 1014 1000 1041 pro-

219 1058 407 1089 ﬁcisceretur;
426 1061 455 1083 ut
474 1056 634 1091 impleretur
647 1054 751 1082 scilicet
762 1054 836 1081 omni
855 1054 1000 1089 iniquitate

218 1109 245 1132 et
260 1104 404 1139 injustitia,
421 1102 503 1130 simul
517 1105 543 1129 ct
561 1102 710 1137 impietate,
727 1100 811 1135 idque
828 1107 877 1135 pro
890 1104 998 1127 terrena

217 1149 378 1177 liberatione
392 1151 472 1175 terra:
486 1155 540 1174 non
552 1147 608 1181 jam
627 1152 693 1173 tunc
713 1149 809 1180 captae,
828 1145 875 1172 sed
892 1145 999 1179 capien-

217 1195 269 1226 dae,
285 1200 414 1229 tanquam
435 1200 488 1220 non
505 1192 639 1227 potuisset
654 1191 725 1219 Deus
742 1191 821 1218 aliter
836 1190 900 1217 huic
919 1194 999 1218 terra:

217 1248 345 1276 praeesse.
374 1239 441 1266 V'ide
466 1246 549 1273 quam
577 1238 656 1272 plane
682 1237 820 1264 inﬁrmum
851 1237 999 1263 mentiatur

219 1288 306 1314 Deum
319 1285 486 1313 Manichmus
502 1284 528 1310 in
546 1282 629 1310 Deum
642 1282 745 1315 furens,
760 1287 888 1316 tanquam
902 1282 998 1309 defen-

217 1339 265 1360 sor
277 1332 482 1367 possessionum
501 1329 617 1365 alicujus
631 1329 736 1364 pupilli,
749 1333 776 1356 et
791 1329 870 1363 cujus
885 1329 999 1356 inﬁrmi-

217 1382 301 1405 tatem
321 1377 506 1405 necessarium
527 1380 569 1404 est
585 1375 720 1407 conﬁteri,
734 1379 762 1402 ut
778 1380 870 1411 partes
889 1375 997 1410 patroni

217 1424 336 1460 impleat.
356 1422 389 1450 Ut
405 1423 477 1450 enim
494 1426 590 1450 contra
608 1421 756 1449 defendens
779 1421 928 1456 nequitiam
949 1429 998 1448 ne-

217 1477 353 1505 quaquam
369 1476 417 1504 per
438 1476 467 1496 se
485 1467 690 1498 consistentem,
715 1467 806 1493 omnia
822 1466 930 1501 quidem
955 1467 995 1493 l‘e-

217 1516 289 1544 cisse
303 1519 400 1543 contra
418 1513 501 1542 Deum
514 1517 617 1545 narrat,
635 1512 808 1544 seditionem,
824 1512 953 1547 impetum
970 1512 996 1539 in

217 1569 262 1589 res
277 1561 348 1596 ejus,
366 1563 513 1595 pestremo,
528 1558 600 1594 quod
618 1563 660 1585 est
680 1558 801 1585 omnium
818 1557 997 1593 ﬂagitiosissi-

217 1615 302 1639 mum,
328 1606 480 1634 obtinuisse
505 1604 579 1635 omni
599 1604 698 1632 saeculo
719 1604 900 1632 substantiam
926 1603 995 1638 ejus,

217 1659 331 1688 eamque
349 1651 376 1678 in
395 1650 514 1678 inﬁnitas
530 1654 621 1686 partes
635 1650 773 1681 divisisse,
792 1648 952 1684 prmfocare,
970 1653 997 1676 et

217 1699 246 1726 in
272 1706 302 1726 se
321 1698 380 1733 ipsa
405 1697 564 1732 reprimere,
591 1696 744 1731 habereque
763 1703 822 1723 eam
842 1695 943 1723 sociam
969 1695 996 1722 in

217 1744 291 1772 omni
303 1750 384 1779 prava
398 1743 505 1769 actione
520 1745 547 1768 et
567 1741 789 1776 intemperantia;
808 1740 890 1767 Deum
906 1744 996 1767 autem

217 1797 273 1817 non
288 1790 409 1825 potuisse
424 1789 513 1816 locum
529 1795 608 1815 suum
622 1788 676 1815 ullo
690 1787 743 1814 alio
757 1787 838 1814 modo
854 1794 942 1821 neque
952 1794 996 1813 va-

217 1836 304 1864 lenter
317 1836 433 1871 eripere,
447 1843 534 1870 neque
545 1835 640 1862 saltem
652 1840 748 1861 vacare
760 1840 774 1860 a
786 1836 908 1867 peccato,
923 1833 995 1868 quod

215 1885 341 1909 naturam
361 1881 421 1916 ejus
432 1881 557 1908 decebat.

251 1970 315 2003 Quae
337 1970 409 1997 enim
426 1969 453 1996 id
468 1968 540 2002 quod
562 1975 594 1994 ex
612 1968 671 2002 ipso
698 1967 846 1994 secundum
865 1968 994 1994 substan-

215 2015 280 2041 tiam
309 2015 428 2049 genitum
454 2017 507 2044 est,
533 2015 634 2048 pariter
659 2019 719 2039 cum
750 2012 862 2039 materia
887 2015 992 2046 peccat,

215 2060 295 2095 plane
315 2059 344 2085 in
364 2066 424 2086 eum
439 2058 486 2093 qui
501 2056 605 2092 genuit,
627 2056 789 2084 redundant.
817 2055 862 2083 Sic
884 2055 993 2082 demum

214 2111 322 2132 omnem
339 2103 486 2138 potentiam
502 2102 530 2129 in
544 2101 627 2129 Deum
642 2101 798 2129 testimonio
821 2109 872 2128 suo
898 2101 993 2128 tribuit

1055 188 1104 222 τῆς
1121 196 1153 222 γε
1162 188 1211 222 τῆς
1220 188 1320 221 οὖσίας,
1329 188 1453 214 τοσοῦτον
1465 189 1550 216 αἰῶνα
1559 189 1743 225 καθεζόμενον
1759 191 1843 226 κακίᾳ

1056 234 1221 269 συνοικῆσον,
1241 235 1287 260 καὶ
1305 234 1415 269 μεθέξον
1443 234 1536 270 αὐτῆς,
1566 235 1614 261 καὶ
1632 237 1842 271 συναμαρτῆσον

1055 280 1122 315 αὐτῇ
1133 289 1140 295 ·
1153 280 1221 315 ὅπερ
1233 280 1296 315 μίαν
1309 280 1372 314 γοῦν
1389 280 1461 316 ὥραν
1474 281 1490 316 ἦ
1502 281 1597 316 χρόνου
1614 282 1732 316 στιγμὴν
1747 283 1842 308 παθεῖν

1054 325 1103 360 τὴν
1125 326 1219 352 οὐσίαν
1241 326 1287 352 τοῦ
1312 326 1394 357 Θεοῦ,
1416 326 1453 358 ὡς
1476 327 1640 362 ὑποταγῆναι
1672 328 1767 363 κακίᾳ,
1797 330 1842 354 καὶ

1053 371 1137 406 ταύτῃ
1149 367 1365 407 συναμαρτῆσαι,
1377 372 1422 398 καὶ
1439 372 1544 398 πάντων
1557 372 1725 408 ἀλογώτερον
1739 374 1771 400 ἂν
1786 375 1839 408 εἴη.

1053 417 1109 443 Καὶ
1124 417 1198 452 πόσῳ
1223 418 1254 452 δὴ
1273 418 1374 452 βέλτιον
1394 416 1428 453 ἦν
1453 419 1504 454 γῆν
1527 419 1722 454 παραδοθῆναι,
1739 420 1787 446 καὶ
1803 420 1839 454 μὴ

1052 463 1101 499 τὴν
1126 463 1220 490 οὐσίαν
1243 463 1290 489 τοῦ
1313 463 1380 490 Θεοῦ
1407 465 1628 500 καταληφθῆναις
1654 465 1686 492 Εἰ
1713 465 1767 500 γὰρ
1792 466 1840 493 οὐκ

1053 509 1151 545 ἀνεκτὴ
1171 509 1238 546 πρὸς
1254 509 1366 542 ἀταξίαν
1388 511 1438 545 τῆς
1459 511 1524 546 ὖλης
1546 512 1645 546 ἡκατά
1665 513 1718 548 γῆς
1735 513 1839 546 ἔφοδος,

1053 555 1128 590 πόσῳ
1145 555 1243 590 μᾶλλον
1261 556 1397 591 ἀφόρητος
1419 558 1435 592 ὴ
1454 557 1570 592 τοσαύτη
1587 557 1694 584 δουλεία
1711 559 1759 585 καὶ
1774 559 1840 584 ὐπο-

1051 601 1122 636 ταγὴ
1134 601 1182 635 τῆς
1195 600 1241 627 τοῦ
1254 601 1320 628 Θεοῦ
1335 602 1449 636 φύσεως,
1466 603 1513 629 καὶ
1527 604 1556 629 οὗ
1575 604 1642 639 πρὸς
1655 605 1685 631 τὸ
1702 605 1839 641 βραχύτα-

1051 655 1106 679 τον,
1122 647 1189 674 ἀλλὰ
1203 648 1269 684 πρὸς
1282 648 1341 675 ὅλον
1357 649 1402 675 καὶ
1414 649 1527 677 ἄπλετον
1543 651 1627 677 αἰῶνα
1640 659 1647 682 ;
1664 651 1703 683 ὡς
1725 652 1774 685 τὴν
1792 653 1839 686 μὲν

1052 692 1148 719 κακίαν
1164 693 1230 728 (10')
1244 694 1290 721 τοῦ
1317 695 1448 731 ἁμαρτεῖν
1467 696 1503 731 μὴ
1520 696 1692 730 πεπαῦσθαι,
1722 698 1790 724 Θεὸν
1813 698 1841 726 ἃ

1052 739 1267 774 συναμαρτάνειν
1281 740 1360 773 αὐτῆ,
1379 741 1422 768 διὰ
1437 741 1486 777 τῆς
1507 742 1536 774 ἐξ
1550 742 1631 769 αὑτοῦ
1648 743 1839 779 προῦεὸλημέ-

1052 793 1100 820 νης
1116 784 1262 820 δυνάμεως.

1087 871 1166 898 Ὅθεν
1189 873 1271 905 εἰκὸς,
1287 873 1347 900 οὐδὲ
1365 874 1430 901 Θεὸν
1451 875 1518 911 πρὸς
1540 877 1571 904 τὸ
1591 877 1838 915 συνεξαμαρτάνειν

1050 917 1174 953 ἐθελῆσαι
1192 919 1296 954 πέμψαι
1315 921 1347 956 τῇ
1365 922 1448 957 κακία
1465 923 1495 949 τὸ
1520 924 1552 950 ὲκ
1575 925 1625 959 τῆς
1641 927 1739 957 οὐσίας
1756 927 1837 953 αἰτοῦ

1050 963 1279 1000 προϐεϐλημένον,
1308 966 1364 993 οὔτ’
1384 969 1472 995 ἐκεῖνο
1492 971 1638 1005 πεισθῆναί
1663 981 1704 1004 τε,
1724 973 1772 999 καὶ
1790 973 1839 1000 ὑπ-

1049 1008 1161 1035 ακοῦσαι
1175 1010 1241 1045 πρὸς
1253 1011 1375 1038 τοσοῦτον
1393 1012 1501 1049 ὄλεθρον
1519 1015 1674 1050 ἀφικέσθαι,
1699 1017 1769 1044 ὥστε
1785 1019 1837 1045 πά-

1050 1062 1099 1089 σης
1113 1054 1226 1089 ἀνομίας
1239 1064 1268 1081 τε
1287 1057 1332 1083 καὶ
1347 1057 1461 1090 ἀδικίας,
1476 1059 1534 1094 ἅμα
1552 1061 1598 1087 καὶ
1612 1062 1773 1095 δυσσεϐείας
1790 1065 1837 1099 ἐμ-

1048 1099 1200 1135 πλησθῆναι
1222 1102 1291 1137 ὑπὲρ
1318 1102 1364 1128 τοῦ
1388 1105 1491 1139 γηΐνου,
1515 1106 1564 1141 τὴν
1590 1107 1639 1143 ῆδη
1667 1107 1835 1144 ληφθεῖσαν,

1048 1145 1114 1172 ἀλλὰ
1123 1145 1437 1191 τὴνῌκαταλαμόάνεσθαι
1449 1151 1595 1185 μέλλουσαν
1608 1154 1835 1191 ὲλευθερωθῆναι,

1047 1190 1084 1222 ὡς
1093 1191 1142 1226 οὐχ
1155 1189 1210 1218 οἷον
1222 1202 1250 1219 τε
1266 1193 1296 1220 ὃν
1309 1195 1407 1230 ἑτέρως
1422 1197 1522 1233 ταύτης
1537 1198 1582 1225 τὸν
1595 1199 1660 1225 Θεὸν
1673 1189 1834 1236 προστῆναι.

1049 1237 1118 1272 Ὅρα
1132 1238 1196 1272 ὅσην
1208 1238 1356 1274 ἀδυναμίαν
1382 1242 1576 1276 καταψεύδεται
1597 1244 1643 1270 τοῦ
1658 1245 1726 1272 Θεοῦ
1744 1247 1836 1281 σαφῶς

1048 1283 1062 1309 ὁ
1076 1283 1145 1309 κατὰ
1162 1284 1208 1310 τοῦ
1225 1284 1290 1311 Θεοῦ
1311 1287 1420 1320 μανείς’
1439 1287 1533 1324 ὥσπερ
1554 1290 1702 1325 κτημάτων
1716 1292 1835 1327 ὀρφανοῦ

1048 1338 1118 1361 τινος
1129 1330 1335 1366 προϊστάμενος,
1347 1330 1376 1359 οὗ
1391 1334 1438 1369 τὴν
1450 1335 1589 1362 ἀσθένειαν
1603 1337 1757 1371 ἐπάναγκες
1773 1340 1837 1374 ὁμο-

1048 1375 1170 1411 λογῆσαι,
1184 1377 1226 1403 ἵνα
1243 1377 1277 1404 τὰ
1299 1379 1347 1413 τῆς
1365 1380 1524 1416 συνηγορίας
1547 1381 1694 1418 πληρωθῇ·
1720 1383 1758 1416 ὡς
1781 1385 1835 1421 γὰρ

1048 1422 1210 1454 τούναντίον,
1228 1423 1276 1458 τὴν
1300 1423 1424 1459 οὐδαμῶς
1446 1426 1628 1461 ὑφεστηκυῖαν
1651 1430 1750 1455 κακίαν
1769 1439 1836 1465 πρε-

1050 1467 1162 1500 σϐεύων,
1189 1468 1278 1495 πάντα
1305 1470 1354 1505 μὲν
1379 1470 1463 1506 αὐτὴν
1491 1473 1559 1498 κατά
1578 1473 1645 1500 Θεοῦ
1663 1475 1833 1510 δεδρακέναι,

1048 1511 1121 1545 λέγει
1143 1513 1342 1549 ἐπαικαστῆναι,
1368 1515 1492 1550 ἐπιϐῆναι
1513 1518 1569 1548 τοῖς
1595 1519 1678 1545 αὐτοῦ
1703 1520 1833 1555 θελῆσαι’

1047 1556 1132 1588 τέλος,
1161 1557 1191 1583 τὸ
1213 1558 1320 1585 πάντων
1340 1560 1409 1586 κατὰ
1428 1561 1493 1587 Θεοῦ
1513 1563 1710 1599 χαλεπώτερον,
1726 1566 1777 1600 τῆς
1794 1567 1836 1592 οὖ-

1048 1602 1108 1633 σιας
1121 1603 1202 1629 αὑτοῦ
1219 1605 1340 1640 ἐγκρατῆ
1359 1605 1502 1640 σύμπαντα
1519 1608 1565 1634 τὸν
1587 1610 1672 1636 αἰῶνα
1694 1612 1833 1645 γενέσθαι,

1047 1649 1092 1674 καὶ
1107 1652 1268 1685 κατατεμεῖν
1282 1651 1392 1687 ταύτην,
1407 1652 1444 1684 ὡς
1458 1653 1506 1680 οὐκ
1520 1654 1665 1689 ἐνδέχεται,
1677 1657 1718 1688 εἰς
1731 1657 1835 1694 ἄπειρα

1045 1694 1185 1729 τμήματα,
1204 1695 1362 1730 ἀποπνίγειν
1389 1706 1417 1723 τε
1443 1699 1490 1725 καὶ
1512 1700 1666 1727 ἀποθλίϐειν
1687 1703 1717 1729 ὲν
1736 1703 1834 1740 ἑαυτῇ,

1046 1740 1092 1766 καὶ
1108 1741 1276 1776 συμμέτοχον
1301 1742 1398 1778 ἑαυτῆς
1422 1743 1450 1769 ἐν
1476 1744 1551 1782 πάσῃ
1580 1748 1756 1784 κακοπραγίᾳ
1786 1751 1836 1776 καὶ

1045 1786 1177 1822 ἀκολασίᾳ
1199 1787 1284 1822 ἔχειν·
1308 1788 1373 1815 Θεὸν
1397 1789 1424 1815 δὲ
1446 1790 1482 1825 μὴ
1505 1790 1650 1827 δυνηθῆναι
1687 1795 1758 1829 μήτε
1788 1795 1835 1821 τὸν

1045 1833 1110 1859 ἴδιον
1133 1833 1213 1859 τόπον
1238 1834 1329 1869 ἕτερόν
1349 1843 1408 1861 τινα
1429 1836 1528 1871 τρόπον
1554 1838 1724 1874 δραστηρίως
1744 1841 1835 1873 ἐξελέ-

1046 1878 1118 1909 σθαι,
1135 1878 1203 1913 μήτε
1220 1878 1249 1904 τὸ
1267 1879 1454 1917 ἀναμάρτητον
1474 1881 1538 1915 γοῦν
1563 1883 1651 1919 ἑαυτῷ
1671 1886 1834 1920 πρεπόντως

1045 1923 1076 1958 τῇ
1098 1922 1176 1957 φύσει
1192 1924 1319 1958 τηρῆσαι.

1083 1969 1114 1994 "A
1132 1968 1186 2004 γὰρ
1210 1969 1239 1995 τὸ
1261 1969 1290 2002 ἐξ
1312 1970 1392 1996 αὐτοῦ
1421 1972 1637 2008 προϐεϐλημένον
1656 1975 1718 2001 κατ’
1737 1976 1833 2002 οὐσίαν

1044 2015 1076 2048 τῇ
1093 2013 1142 2049 ὕλῃ
1158 2014 1308 2046 συναδικεῖ,
1331 2016 1459 2052 ἄντικρυς
1475 2019 1514 2050 εἰς
1529 2019 1608 2045 αὑτὸν
1628 2019 1774 2056 ἀνατρέχει
1786 2022 1832 2048 τὸν

1044 2058 1272 2093 προϐεϐλημένον.
1302 2060 1378 2086 Οὖτω
1397 2061 1428 2096 δὴ
1454 2063 1543 2089 πᾶσαν
1568 2063 1727 2091 δυναστείαν
1760 2067 1832 2093 κατὰ

1044 2104 1110 2131 Θεοῦ
1124 2106 1156 2140 τῇ
1177 2105 1258 2141 κακίᾳ
1283 2108 1508 2144 προσμαρτυρῶν,
1528 2110 1592 2136 Θεὸν
1616 2111 1644 2136 δὲ
1666 2111 1700 2138 τὰ
1722 2112 1831 2140 πάντων

213 2151 354 2186 nequitiae;
379 2149 462 2176 Deum
479 2156 544 2176 vero
565 2148 631 2175 dicit
652 2155 762 2182 passum
785 2154 847 2174 esse
868 2146 990 2174 omnium

1050 2150 1178 2185 ὶνήκεστα
1194 2152 1260 2185 πρὸς
1280 2152 1362 2188 αὐτῆς
1381 2154 1635 2190 πεπονθέναιλέγει,
1653 2158 1700 2184 καὶ
1723 2159 1830 2194 τολμῶν

213 2196 359 2224 durissima
372 2204 378 2222 :
391 2199 417 2222 et
432 2194 512 2222 audet
523 2194 699 2229 subjungere,
714 2193 787 2228 quod
804 2197 925 2228 potestas
943 2191 991 2219 Dei

213 2242 297 2269 missa
309 2241 410 2276 sopivit
425 2240 565 2268 materiam
579 2244 708 2274 tanquam
721 2239 839 2266 belluam
852 2239 990 2270 cautione,

213 2293 268 2312 non
291 2286 377 2313 solum
393 2293 498 2312 summe
519 2285 666 2317 contraria,
691 2292 816 2311 sermone
842 2284 914 2310 omni
932 2291 992 2318 pro-

212 2331 350 2359 babilitate
366 2335 477 2358 carcnte
494 2331 622 2363 miscens,
640 2334 667 2357 et
679 2338 738 2364 quae
751 2330 825 2356 nullo
836 2334 916 2365 pacto
930 2336 991 2356 esse

211 2381 337 2413 possunt,
350 2377 499 2405 secundum
507 2382 631 2404 naturam
638 2380 791 2403 cnmmento
801 2383 850 2402 suo
862 2376 990 2410 largiens,

211 2423 259 2450 sed
277 2427 371 2450 contra
388 2430 468 2458 quam
486 2423 542 2449 vult
557 2422 601 2449 hic
615 2422 695 2448 etiam
710 2421 857 2448 conﬁciens
873 2426 900 2448 et
922 2429 990 2448 con-

210 2467 324 2495 cludens
337 2477 343 2494 :
357 2475 389 2494 ex
406 2467 528 2501 utrisque
544 2466 616 2493 enim
636 2466 674 2493 ait
689 2466 761 2493 hunc
775 2465 859 2493 Deum
877 2465 989 2492 univer-

210 2521 272 2541 sum
293 2514 344 2540 hoc
368 2513 528 2540 fabricatum
553 2520 624 2540 esse.
651 2512 756 2547 Corpus
781 2520 846 2539 vero
870 2512 988 2540 hominis

209 2567 271 2587 esse
288 2559 396 2593 quidem
408 2551 549 2594 néquitiae;
567 2558 685 2585 animam
700 2565 764 2585 vero
780 2557 836 2589 Dei,
855 2558 912 2585 sive
928 2566 991 2585 cum

211 2606 267 2632 sint
288 2606 370 2632 unius
395 2605 498 2637 formae,
531 2606 588 2632 sive
615 2612 677 2631 cum
702 2604 758 2638 jam
785 2612 818 2631 ex
843 2605 989 2632 contrariis

210 2652 378 2686 composita;
392 2659 508 2686 quorum
531 2655 669 2682 neutrum,
693 2643 722 2677 ut
739 2650 820 2686 paulo
834 2655 894 2685 post
909 2651 992 2678 doce-

210 2695 318 2729 bimus,
340 2697 490 2724 consistere
515 2700 614 2731 potest.
650 2696 758 2730 Corpus
786 2700 878 2723 tamen
901 2696 988 2724 solum

1044 2197 1150 2230 ἐπάγει,
1166 2197 1206 2222 ὅτι
1220 2197 1251 2232 δὴ
1265 2199 1447 2234 κατεκοίμησε
1466 2200 1514 2236 τὴν
1529 2201 1594 2236 ὕλην
1609 2203 1630 2237 ὴ,
1645 2204 1830 2231 ἀποσταλεῑτα

1044 2241 1090 2268 τοῦ
1112 2242 1178 2268 Θεοῦ
1203 2242 1326 2278 δύναμις,
1345 2244 1382 2275 ὡς
1402 2245 1431 2271 τὸ
1455 2245 1546 2281 θηρίον
1570 2249 1671 2283 ἐπῳδῇ,
1695 2251 1727 2276 οὗ
1751 2252 1829 2286 μόνον

1043 2287 1183 2319 ἀπιθάνως
1195 2288 1228 2314 τὰ
1241 2289 1332 2324 ἄκρως
1344 2290 1451 2317 ἐναντία
1468 2292 1505 2327 τῷ
1521 2292 1591 2328 λόγῳ
1606 2295 1720 2329 κιρνῶν,
1737 2297 1786 2322 καὶ
1797 2296 1828 2322 τὰ

1027 2353 1034 2363 η
1046 2334 1176 2369 μηδαμῶς
1191 2334 1259 2360 κατὰ
1280 2335 1359 2369 φύσιν
1378 2336 1536 2372 ἐνδεχόμενα
1553 2338 1592 2374 τῷ
1613 2339 1669 2374 ἰδίῳ
1689 2341 1829 2375 πλάσματι

1044 2379 1230 2414 χαριζόμενος,
1253 2380 1318 2407 ἀλλὰ
1342 2382 1388 2408 καὶ
1411 2384 1561 2411 τούναντίον
1591 2385 1607 2420 ἢ
1629 2385 1767 2420 βούλεται,
1786 2388 1830 2414 καὶ

1044 2423 1159 2450 ἐνταῦθα
1172 2425 1392 2457 κατασκευάζων·
1412 2426 1440 2459 ἐξ
1458 2428 1557 2462 ἀμφοῖν
1581 2429 1630 2464 μὲν
1649 2431 1706 2466 γὰρ
1726 2432 1830 2458 τούτοιν

1044 2470 1111 2505 φησὶ
1122 2470 1188 2514 θεὸν
1202 2470 1399 2506 δημιουργῆσαι
1411 2472 1469 2499 τόδε
1482 2474 1511 2500 τὸ
1523 2475 1592 2501 πᾶνθ
1616 2475 1664 2502 τοῦ
1683 2477 1713 2503 δὲ
1731 2477 1831 2514 ἀνθρὼ-

1044 2523 1094 2540 που
1108 2513 1175 2541 εἶναι
1188 2515 1235 2550 μὲν
1250 2515 1280 2541 τὸ
1295 2515 1375 2551 σῶμα
1386 2517 1433 2552 τῆς
1446 2518 1558 2550 κακίας·
1572 2516 1642 2546 εἶναι
1663 2520 1693 2547 δὲ
1714 2520 1764 2556 τὴν
1782 2522 1831 2556 ψυ-

1040 2559 1090 2594 χὴν
1106 2560 1153 2585 τοῦ
1172 2561 1285 2594 ἀγαθοῦ,
1303 2562 1355 2588 εἴτε
1372 2564 1504 2598 μονοειδῆ,
1520 2565 1574 2590 εἴτε
1598 2567 1786 2602 συγκειμένην
1800 2569 1830 2594 ὲκ

1039 2605 1093 2631 τῶν
1108 2606 1235 2633 ἐναντίων
1245 2616 1251 2622 ·
1273 2608 1319 2635 καὶ
1332 2609 1425 2645 ταύτῃ.
1443 2609 1479 2641 ὼς
1493 2610 1621 2646 ἑκάτερον
1637 2613 1736 2648 μικρὸν
1754 2613 1831 2639 5m-

1041 2660 1085 2687 ρον
1104 2651 1235 2688 δείξομεν,
1254 2654 1381 2681 σύστασιν
1400 2655 1459 2682 οὐδὲ
1474 2655 1537 2691 μίαν
1553 2656 1624 2692 ἔχον.
1641 2658 1727 2694 Σῶμα
1742 2659 1830 2694 μέντοι

1039 2697 1099 2724 καθ’
1117 2699 1195 2724 ἑαυτὸ
1209 2699 1284 2727 οὐδὲν
1303 2701 1358 2728 τῶν
1378 2701 1469 2728 κακῶν
1486 2702 1540 2729 οὐδ’
1554 2703 1671 2739 ἐπινοεῖ,
1686 2703 1749 2732 οὔτε
1766 2705 1828 2741 δρᾷ·

248 2772 311 2809 ,113⁸)
331 2773 454 2801 Κακίαν.
477 2773 627 2801 Neam‘tiam
647 2779 725 2802 vocat
749 2783 856 2811 semper
880 2775 997 2802 Satanan

1050 2780 1136 2805 ucwr.
1155 2776 1240 2806 Tuan.
