1900 3070
61 130 130 158 “Cl

593 129 776 158 ADVERSUS
795 128 1006 170 MANICHEQS
1024 129 1087 156 LIB.
1110 129 1128 155 Ι.

1619 125 1688 153 “02

57 187 126 215 οὔτε
140 188 193 223 γὰρ
209 187 329 227 φονεύει,
344 187 405 214 οὔτε
420 186 550 223 μοιχεύει,
568 188 629 214 οὔτε
640 188 773 224 λῃστεύει,
788 189 849 216 οὔτε

909 196 933 215 rc
949 196 996 224 per
1013 196 1044 216 se
1068 188 1138 215 nihil
1158 187 1223 215 mali
1247 195 1336 223 neque
1355 186 1469 223 cogitat.
1493 193 1583 222 neque
1602 185 1687 219 facit;

57 232 129 260 ἄλλο
151 241 177 259 τι
195 233 248 260 τῶν
260 233 435 268 ἀδικημάτων
452 233 607 269 ἐργάζεται,
622 233 710 269 ψυχῆς
725 234 799 269 αὐτῷ
813 234 850 270 μὴ

58 279 218 317 παρούσης.

905 243 958 262 non
971 235 1044 262 enim
1061 233 1174 266 occidit,
1190 241 1277 269 neque
1296 234 1478 266 adulteratur,
1495 239 1584 268 neque
1601 232 1688 259 latro-

903 282 1022 314 cinatut‘,
1044 288 1096 309 nec
1119 280 1202 308 aliam
1216 280 1345 316 injuriam
1362 280 1436 313 facit,
1460 287 1525 308 cum
1541 286 1596 306 non
1612 278 1690 306 adest

904 334 1005 355 anima.

571 381 638 409 CAP.
658 381 753 409 XXIV.
769 381 863 409 Mistio
881 384 977 410 animae
993 392 1053 411 cum
1071 392 1190 419 corpore.

100 440 199 467 Καίτοι
213 439 314 466 τούτων
331 438 379 465 καὶ
398 438 452 465 τῶν
466 438 592 465 τοιούτων
613 438 705 465 ἕνεκεν
719 439 857 475 ἐπινενόηη

59 495 110 513 ται
131 486 171 521 τῷ
186 486 302 512 Μάνεντι
325 485 373 520 τῆς
396 484 519 515 ἐναντίας
538 484 625 520 ἀρχῆς
650 485 666 520 ὴ
690 484 854 517 ὑπόστασις,

62 533 114 560 καὶ
129 533 183 560 ⁴τῶν
197 532 322 559 ἐναντίων
343 533 360 567 ἡ
383 532 489 566 κρᾶσις,
513 531 606 562 ὡς’ἃν
626 531 656 558 τὺ
669 531 754 557 αἴτιον
768 531 856 558 αὐτῶν

59 578 203 615 εὑρεθείη.
230 579 261 605 Εἰ
284 578 311 604 δὲ
336 578 352 612 ἡ
375 578 471 613 κρᾶσις
493 577 543 612 τῆς
565 577 652 612 ψυχῆς
678 577 725 604 τοῦ
754 577 855 612 ἀγαθοῦ

61 625 136 660 πρὸς
153 625 186 651 τὸ
201 624 279 660 σῶμα
298 623 344 650 τοῦ
365 623 462 655 κακοῦ,
484 623 538 650 τῶν
562 623 737 659 ἀδικημάτων
753 623 857 659 ἀνθρώ-

60 682 127 705 ποις
160 673 278 708 παρέσχε
305 673 354 704 τὰς
383 671 525 707 ἀφορμὰς,
551 672 612 698 καθ’
637 671 717 698 ἑαυτὸ
744 671 797 708 γὰρ
826 672 856 697 οὐ

61 719 224 754 πλημμελεῖ
246 717 343 752 σῶμαο
359 717 462 752 βέλτιον
485 715 519 752 ἦν
538 717 575 752 μὴ
603 716 788 752 συγκραθῆναι
809 717 857 753 τὴν

61 765 263 800 πεπλασμένην
280 764 326 790 τοῦ
344 763 446 798 ἀγαθοῦ
466 763 580 798 δύναμιν
603 765 634 798 τῇ
656 763 692 798 μὴ
716 763 784 799 οὔσῃ
809 772 858 790 κα-

61 813 112 848 κία
122 821 129 827 ·
149 812 180 838 οὐ
196 811 249 846 γὰρ
266 811 297 837 ἂν
313 811 367 836 τῶν
391 810 461 836 κατὰ
475 809 633 846 ἀνθρώπους
651 810 858 845 ἁμαρτημάτων

936 440 1020 475 Atqui
1046 440 1081 468 ob
1102 441 1173 468 hanc
1197 448 1309 469 causam
1331 440 1498 476 excogitavit
1522 439 1688 467 Manicbzrus

903 485 1071 522 hypostasim
1092 487 1220 522 principii
1244 487 1376 515 contrarii
1394 491 1421 514 et
1446 486 1601 514 mistionem
1622 494 1689 513 con-

904 533 1062 566 trariorum,
1081 539 1111 560 ut
1129 541 1212 561 causa
1233 533 1367 560 malorum
1390 533 1568 568 reperiretur.
1593 531 1646 560 Sed
1665 533 1689 561 si

905 578 1034 606 admistio
1053 579 1162 610 animae,
1182 587 1242 614 quae
1259 579 1307 607 Dei
1322 583 1375 612 est,
1394 586 1456 606 cum
1473 586 1600 614 corpore,
1617 578 1690 614 quod

906 625 1018 658 diaboli,
1034 633 1132 654 causas
1150 631 1177 654 et
1194 626 1343 662 primordia
1362 626 1525 662 injuriarum
1549 633 1581 652 ac
1595 632 1691 661 pecea—

905 670 994 699 torum
1007 673 1164 700 hominibus
1178 673 1303 708 praabuit,
1320 680 1368 707 per
1382 680 1412 700 se
1425 676 1515 700 autem
1533 679 1589 699 non
1604 671 1678 699 delin

905 719 964 754 quit
987 726 1106 754 corpus:
1122 719 1220 746 melius
1241 724 1311 750 erat,
1327 723 1356 745 ut
1373 718 1463 746 anima
1489 726 1504 745 a
1520 718 1575 745 Deo
1598 720 1690 745 creata

906 771 959 791 non
977 763 1176 792 admisceretur
1198 763 1327 796 nequitia:
1352 771 1408 790 non
1431 764 1550 791 exstanti
1566 763 1690 791 :nullum

906 811 978 837 enim
992 819 1025 838 ex
1037 811 1158 846 peccatis
1174 818 1234 846 qum
1251 811 1375 837 homines
1388 810 1575 842 committunt,
1590 809 1618 837 in
1634 809 1691 836 vita

59 859 143 885 οὐδὲν
158 857 338 888 ἐπολιτεύετο,
355 856 408 882 οὐδ’
425 855 457 882 ἂν
472 856 592 892 ὑπῆρχεν
611 856 689 887 ὅλως.
708 857 786 887 Ποῖος
801 855 855 892 γὰρ

909 861 1065 884 cerneretur
1085 865 1174 891 neque
1196 858 1305 892 penitus
1320 861 1409 896 lessct.
1423 856 1501 889 Quod
1526 856 1598 883 enim
1618 859 1691 883 esset

59 903 97 940 ἦν
116 905 132 932 ὁ
150 905 238 939 φόνος,
252 903 299 930 τοῦ
315 903 493 938 φονευομένου
518 903 554 937 μὴ
576 902 661 934 ὄντος,
680 903 736 936 εἴγε
757 901 793 938 μὴ
812 902 855 928 διὰ

59 951 114 984 τῆς
131 950 185 976 τῶν
205 948 331 976 ἐναντίων
358 949 492 984 κράσεως,
520 947 589 974 κατά
615 948 660 974 τὸν
686 948 854 982 γελοιότατον

59 995 155 1029 λόγον,
183 994 303 1028 ἐγεγόνει
329 993 450 1028 κόσμος;
474 992 538 1018 ποία
564 992 586 1018 δ’
612 991 645 1018 ἂν
669 992 784 1027 μοιχεία,
807 992 854 1018 τοῦ

63 1040 197 1076 σώματος
214 1040 250 1075 μὴ
264 1039 349 1070 ὗντος,
365 1039 432 1074 μήτε
449 1038 508 1065 καθ’
524 1038 605 1064 ἑαυτὸ
621 1037 685 1072 γοῦν
698 1037 856 1073 ἐπιθυμοῦν-

59 1096 121 1120 τος,
140 1089 164 1114 εί
185 1087 221 1123 μὴ
237 1086 309 1122 ψυχὴ
337 1087 352 1121 ἡ
378 1085 422 1112 τοῦ
448 1084 549 1119 ἀγαθοῦ
567 1085 762 1120 κατεπέμφθη;
785 1085 856 1111 δυοῖν

60 1134 122 1170 γὰρ
145 1134 267 1170 θάτερον·
293 1134 308 1168 ἢ
331 1133 376 1159 τοῦ
399 1131 500 1166 ἀγαθοῦ
522 1131 660 1167 οίκονομίᾳ
673 1131 726 1167 χρὴ
743 1132 855 1166 φάσκειν

62 1179 205 1207 συνελθεῖν
231 1179 368 1209 τάναντία,
399 1179 441 1204 ἵνα
463 1178 573 1213 γένηται
599 1177 636 1208 ὡς
663 1177 731 1212 πρὸς
753 1177 855 1211 ἀγαθοῦ

60 1227 180 1261 κόσμος,
194 1225 240 1252 καὶ
254 1225 321 1256 ὅλως
335 1224 415 1255 αὐτὸς
433 1223 518 1254 αἴτιος
531 1223 564 1250 ἂν
583 1223 626 1258 εἴη
641 1222 694 1249 τῶν
709 1223 738 1250 ἐν
752 1222 856 1258 ἀνθρώ-

60 1282 129 1306 ποις
145 1273 247 1304 κακῶν,
262 1272 317 1305 εἴγε
329 1271 398 1298 ἑκὼν
412 1271 446 1306 τῇ
459 1270 543 1305 κακίᾳ
565 1270 770 1305 προσεχρήσατο
785 1269 856 1296 κατά

61 1320 122 1346 τῶν
138 1319 341 1354 γενησομένων·
366 1317 382 1352 ἦ
406 1317 517 1352 ἐϐιάσθη
539 1316 607 1352 πρὸς
619 1317 669 1350 τῆς
685 1315 791 1347 κακίας,
811 1316 857 1341 καὶ

61 1366 119 1400 ἤδη
135 1365 169 1391 τὰ
186 1364 331 1399 νικητήρια
355 1362 424 1389 κατά
446 1363 492 1389 τοῦ
517 1361 619 1396 ἀγαθοῦ
639 1362 819 1398 ἀπενήνεκται
840 1362 856 1397 ἡ

62 1420 152 1439 καχια
159 1434 162 1438 .

908 901 1083 928 homicidium
1101 902 1209 929 nemine
1222 901 1334 929 occiso?
1349 901 1377 928 Si
1393 909 1442 936 per
1455 901 1611 928 mistionem
1624 908 1692 928 con-

907 948 1064 980 trariorum,
1080 951 1110 974 ut
1132 952 1175 975 est
1192 949 1217 975 in
1231 948 1281 975 hac
1293 947 1383 975 fabula
1401 947 1529 979 ridicula,
1548 955 1602 974 non
1620 946 1692 973 fuis-

907 998 949 1021 set
971 993 1059 1021 factus
1085 993 1226 1022 mundus:
1243 994 1316 1029 quod
1340 993 1502 1021 adulterium
1532 997 1606 1020 esset
1635 1000 1691 1019 non

908 1043 1034 1067 exstante
1049 1047 1174 1074 corpore,
1188 1047 1277 1075 neque
1292 1047 1340 1074 per
1352 1047 1382 1067 se
1396 1039 1620 1074 concupiscente,
1637 1038 1692 1065 nisi

909 1084 999 1111 anima
1014 1092 1073 1119 quae
1086 1084 1134 1112 Dei
1146 1089 1199 1116 est,
1213 1084 1297 1111 missa
1312 1088 1385 1112 esset
1398 1084 1425 1110 in
1442 1084 1559 1118 corpus?
1575 1083 1690 1110 alterum

908 1131 980 1158 enim
1005 1139 1037 1158 ex
1058 1130 1166 1158 duobus
1187 1130 1368 1165 relinquitur:
1387 1134 1433 1157 aut
1451 1130 1596 1158 dicendum
1618 1137 1690 1162 esse,

908 1177 1106 1212 gubernatione
1124 1177 1171 1204 Dei
1183 1177 1296 1212 provida
1311 1178 1400 1204 coisse
1422 1176 1570 1210 contraria,
1588 1180 1619 1203 ut
1633 1179 1692 1202 tan-

908 1230 991 1258 quam
1015 1230 1030 1250 a
1056 1223 1128 1250 bono
1146 1223 1200 1250 Deo
1216 1223 1292 1250 ﬁeret
1318 1223 1448 1256 mundus,
1473 1228 1554 1258 atque
1576 1223 1613 1249 ita
1633 1222 1692 1257 ipse

908 1270 1019 1298 omnino
1042 1270 1176 1297 malorum
1195 1269 1223 1297 in
1248 1270 1404 1298 hominibus
1426 1274 1522 1297 auctor
1547 1272 1632 1301 esset,
1655 1268 1693 1295 si-

910 1317 1020 1351 quidem
1040 1317 1134 1344 volens
1156 1325 1223 1344 usus
1250 1320 1292 1343 est
1313 1316 1434 1351 nequitia
1457 1319 1553 1343 contra
1578 1322 1626 1342 eos
1645 1313 1692 1350 qui

911 1362 995 1390 futuri
1007 1367 1116 1395 essent;
1143 1366 1191 1389 aut
1205 1363 1231 1390 vi
1250 1366 1374 1390 coactum
1393 1370 1455 1390 esse
1475 1369 1490 1388 a
1512 1361 1646 1397 nequitia,
1666 1363 1695 1387 et

907 1409 964 1444 jam
989 1409 1138 1442 nequitiam
1161 1409 1305 1436 victoriam
1323 1408 1430 1436 devicto
1446 1408 1501 1436 Deo
1526 1411 1693 1443 reportasse.

63 1470 135 1496 Car.
157 1467 241 1495 XXV.
263 1466 379 1493 Materia
401 1469 460 1492 ante
480 1465 638 1492 creationem
658 1465 730 1491 mala
751 1465 836 1497 facere
858 1472 908 1504 non
925 1464 1020 1498 potuit.
1041 1463 1078 1491 De
1100 1463 1191 1490 mundi
1209 1464 1342 1490 creatimie
1363 1463 1480 1491 absurda
1503 1462 1617 1490 Manetis
1635 1471 1694 1490 scn-

831 1504 922 1526 tentta.

105 1563 185 1592 Ποῖος
202 1560 256 1594 γὰρ
279 1556 322 1594 ἦν,
341 1555 418 1589 αὖθις
433 1557 513 1591 λέγω,
530 1566 618 1592 φονος,
635 1558 659 1584 εί
677 1557 744 1592 μήτε
759 1556 856 1592 ἅνθρω-

948 1555 1001 1583 Sed
1024 1555 1114 1583 dicam
1136 1555 1246 1587 iterum,
1271 1547 1351 1591 q‘iiiile
1377 1555 1554 1583 homicidium
1577 1559 1646 1588 erat,
1671 1555 1695 1584 si

65 1617 120 1639 πος
134 1604 178 1642 ἦν,
194 1607 261 1641 μήτε
279 1604 363 1638 ξίξος,
380 1604 448 1639 μήτε
463 1603 526 1629 ἄλλο
541 1612 567 1629 τι
582 1603 635 1629 τῶν
649 1603 764 1637 φονικῶν
780 1603 860 1637 ἐργα-

63 1652 160 1684 λείων,
176 1652 201 1677 el
226 1649 262 1685 μὴ
284 1649 328 1676 διὰ
346 1649 394 1684 τῆς
420 1648 528 1674 συνόδου
553 1648 607 1674 τῶν
630 1647 755 1674 ἐναντίων
780 1655 860 1673 κατε-

65 1697 209 1732 σκευάσθη
224 1698 237 1723 ὀ
251 1696 370 1730 κόσμος;
392 1695 423 1720 Ἠ
438 1694 492 1730 γάρ
508 1694 556 1729 ’ὑλη
571 1693 632 1720 καθ’
645 1694 755 1728 ἑαυτὴν,
770 1694 794 1719 εί
814 1693 860 1719 καὶ

66 1743 139 1779 πρὸς
157 1741 287 1776 ἀλλήλους
310 1741 333 1766 οἱ
358 1738 387 1770 ἐξ
410 1739 495 1773 αὐτῆς
521 1737 691 1770 ἐστασίαζον,
713 1738 791 1772 φόνον
812 1737 860 1772 μὲν

64 1791 118 1817 οὐκ
131 1788 201 1824 ᾔδει,
217 1787 247 1814 οὺ
271 1787 324 1822 γὰρ
347 1784 403 1821 εἶχε
429 1785 535 1820 θνητὸν,
550 1785 580 1811 ὃν
599 1784 721 1820 φονεύει·
740 1784 860 1819 μοιχείαν

64 1836 173 1871 ἠγνόει,
198 1835 228 1860 οὐ
246 1834 299 1868 γὰρ
315 1833 509 1867 κατεγγυήσεις
527 1831 622 1866 γάμων
638 1833 700 1866 παρ’
712 1831 778 1866 αὐτῇ
795 1831 859 1856 ἐπο-

64 1879 216 1906 λιτεύοντο·
229 1878 258 1904 οὺ
277 1878 329 1913 μὴν
343 1877 397 1904 οὐδ’
413 1877 631 1910 ἐσυκοφαντεῖτο,
647 1876 707 1902 οὐδὲ
722 1875 776 1911 γὰρ
792 1875 860 1906 ὅλως

65 1926 98 1953 τὸ
121 1925 225 1961 κρίνειν
251 1922 332 1959 εἶχεν,
354 1923 449 1958 ἄλογος
460 1921 541 1949 οὖσα·
564 1922 743 1957 φιλαργυρίας
760 1921 787 1948 δὲ
806 1921 859 1947 τῶν

66 1972 164 2000 κακῶν
179 1971 229 2006 τῆς
245 1970 322 2006 ῥίζης
341 1971 387 1996 καὶ
403 1969 562 2004 φιλοδοξίας,
578 1968 637 1995 οὐδὲ
660 1969 711 2000 ἕως
725 1977 859 2003 προσηγο-

67 2016 133 2053 ρίας
151 2015 303 2050 ἐμέμνητο·
319 2016 335 2049 ὴ
354 2014 408 2049 γὰρ
421 2014 590 2049 φυλαργυρία
603 2013 679 2049 παρὰ
696 2013 858 2049 ἀνθρώποις,

65 2063 114 2090 διὰ
126 2062 176 2098 τὴν
190 2061 293 2097 χρείαν,
306 2059 340 2097 ἧς
353 2060 522 2096 ἠλευθέρωτὸ
544 2068 575 2094 γε
599 2059 688 2095 ἐκείνη
698 2068 704 2074 ·
721 2060 767 2086 καὶ
783 2060 799 2093 ἡ
816 2068 860 2094 φι-

65 2109 176 2141 λοδοξία
194 2107 324 2143 λογισμοῦ
349 2107 443 2138 πάθος,
464 2104 497 2143 ἧς
517 2107 547 2132 οὐ
565 2108 699 2141 μετεῖχεν,
718 2105 860 2139 ἀλόγιστος

65 2154 148 2183 οὖσαο
161 2153 366 2189 ’γαστριμαργία
385 2161 412 2179 τε
430 2153 476 2179 καὶ
495 2152 617 2188 πορνεία,
640 2152 686 2178 καὶ
697 2152 859 2187 ἀρῤενοφθομ

67 2202 117 2238 ρία
139 2202 204 2236 παρ’
220 2201 287 2235 αὐτῇ
305 2199 396 2235 χώραν
412 2199 462 2225 οὐκ
477 2196 531 2234 εἶχε
543 2206 550 2213 ·
569 2198 615 2224 καὶ
637 2198 752 2229 συνόλως
770 2198 858 2224 πάντα

910 1609 998 1637 neque
1014 1602 1095 1629 homo
1111 1606 1181 1636 erat,
1206 1609 1292 1637 neque
1309 1602 1425 1637 gladius,
1442 1610 1493 1630 nec
1513 1602 1588 1630 aliud
1608 1610 1695 1638 genus

911 1648 957 1674 teli
972 1651 1018 1674 aut
1032 1647 1207 1675 instrumenti
1224 1647 1258 1674 ad
1281 1647 1471 1681 occidendum,
1494 1648 1547 1675 nisi
1563 1655 1610 1683 per
1627 1655 1695 1676 con-

909 1693 1079 1728 junctionem
1095 1694 1295 1720 contrariorum
1307 1693 1455 1721 aediﬁcatus
1471 1698 1545 1722 esset
1556 1695 1695 1722 mundus?

911 1739 1023 1767 Materia
1039 1740 1110 1767 enim
1127 1748 1175 1775 per
1188 1748 1218 1768 se
1228 1747 1258 1767 ac
1267 1740 1335 1773 sola,
1352 1747 1507 1775 quanquam
1519 1741 1574 1768 nati
1586 1749 1617 1770 ex
1636 1742 1695 1777 ipsa

911 1785 1072 1812 seditionem
1093 1786 1121 1812 in
1148 1786 1253 1820 seipsos
1273 1785 1427 1817 movebant,
1441 1785 1618 1813 homicidium
1634 1787 1696 1821 qui-

910 1831 971 1859 dem
988 1831 1147 1866 ignorabat;
1164 1839 1217 1858 non
1231 1831 1302 1858 enim
1320 1831 1435 1858 habebat
1447 1832 1600 1864 mortalem,
1613 1840 1695 1867 quem

910 1877 1062 1911 occideret;
1089 1877 1251 1905 adulterium
1274 1877 1426 1911 nesciebat,
1443 1878 1508 1912 quia
1530 1878 1696 1912 sponsiones

910 1923 1069 1958 nuptiarum
1093 1923 1166 1958 apud
1190 1930 1249 1950 cam
1272 1930 1327 1950 non
1345 1923 1544 1951 versabantur:
1561 1931 1611 1952 nec
1636 1928 1695 1952 erat

910 1969 1058 2000 calumnia,
1074 1969 1188 1995 omnino
1202 1968 1275 1995 cnim
1286 1968 1409 2002 judicare
1421 1976 1475 1996 non
1491 1973 1606 2004 poterat,
1622 1973 1695 1999 esset

910 2021 972 2041 cum
995 2014 1110 2041 rationis
1133 2021 1240 2048 expers.
1260 2013 1402 2049 Cupiditas
1419 2018 1509 2042 autem
1526 2015 1693 2049 divitiarum,

910 2067 970 2095 quae
987 2065 1028 2087 est
1046 2060 1167 2088 omnium
1184 2061 1318 2087 malorum
1335 2061 1424 2092 radix,
1446 2068 1480 2088 ne
1501 2062 1696 2091 nominabatur

910 2107 1037 2141 quidem;
1056 2105 1192 2141 cupiditas
1215 2105 1287 2132 enim
1304 2105 1460 2133 divitiarum
1477 2106 1549 2141 apud
1571 2107 1695 2136 homines

909 2157 951 2181 est
971 2157 1082 2188 propter
1105 2160 1184 2180 usum
1201 2156 1228 2180 et
1252 2154 1455 2186 necessitatem,
1473 2161 1526 2188 qua
1551 2158 1610 2182 erat
1627 2155 1695 2182 Iibe.

910 2202 969 2224 rata
993 2198 1118 2225 materia.
1140 2197 1258 2225 Ambitio
1274 2206 1328 2226 non
1350 2199 1529 2234 participabat
1550 2200 1694 2235 perturba-

65 2249 102 2275 τὰ
123 2247 198 2274 κακὰ
218 2246 235 2273 ἃ
259 2245 334 2281 παρά
350 2245 502 2282 ἀνθρώποις
521 2244 711 2278 ἀναφαίνεται,
735 2243 856 2279 οὐδαμῶς

911 2244 1010 2272 tionem
1027 2245 1155 2278 rationis,
1174 2245 1236 2280 quia
1251 2250 1310 2273 erat
1324 2246 1357 2273 in'
1371 2248 1485 2274 materia
1504 2249 1627 2276 vacuitas
1650 2256 1695 2275 ra-

65 2292 144 2329 εἶχεν
157 2294 173 2328 ἡ
188 2292 237 2327 ὕλη
250 2291 303 2327 πρὸ
318 2291 430 2325 κόσμου.

911 2291 993 2319 tionis
1013 2292 1103 2326 :gulat
1118 2299 1150 2319 ac
1174 2293 1276 2320 ventris
1290 2293 1398 2325 vitium,
1424 2298 1451 2320 et
1473 2293 1628 2326 fornicatio,
1659 2303 1692 2323 ac

66 2339 257 2366 masCulorum
274 2337 437 2364 concubitus
453 2336 525 2371 apud
539 2343 598 2363 eam
614 2336 704 2362 locum
726 2343 781 2362 non
800 2336 957 2364 habebant:
990 2341 1017 2364 et
1040 2343 1069 2365 ut
1104 2340 1260 2366 summatim
1281 2339 1381 2371 dicam,
1405 2340 1497 2367 omnia
1529 2340 1600 2367 mala
1633 2348 1694 2376 qua:

66 2383 144 2420 apud
158 2383 284 2411 homines
299 2382 434 2413 feruntur,
458 2385 521 2408 ante
537 2380 669 2408 mundum
692 2380 855 2408 aedificatum
876 2382 989 2409 minime
1005 2383 1122 2410 habebat
1141 2384 1266 2410 materia.

105 2433 190 2458 Ὠττε
207 2431 257 2458 οὐκ
279 2430 392 2465 ἐπεδέθη
403 2431 435 2465 τῇ
452 2429 609 2465 συγκράσει,
623 2428 691 2455 ἀλλά
706 2428 860 2455 τούναντίον

67 2478 143 2506 κατά
155 2478 202 2513 τὴν
216 2478 329 2513 ἀνόητον
344 2476 427 2512 αὐτὴν
443 2475 580 2507 ὑπόθεσιν,
595 2475 688 2510 ὥσπερ
710 2475 791 2506 ἵππος
813 2483 860 2501 πε-

67 2527 127 2553 δίου
147 2525 294 2559 λαϐομένη,
309 2523 407 2550 διαθέει
425 2523 492 2559 πρὸς
513 2523 562 2558 τὴν
580 2522 685 2548 ἀδικίαν
700 2521 754 2548 τῶν
768 2521 860 2548 κακῶν

68 2571 223 2607 εξερομένψ
238 2570 256 2597 ἃ
268 2570 321 2605 γὰρ
335 2569 463 2604 μηδαμῶς
475 2568 581 2604 ὑπῆρχε
595 2568 647 2603 πρὸ
661 2568 763 2603 κόσμου
776 2568 858 2601 κακὰ,

67 2617 170 2646 ταῦτα.
184 2617 229 2651 ἀφ’
242 2613 272 2642 οὗ
287 2616 399 2650 κόσμος,
417 2615 446 2640 ὲν
460 2613 553 2649 κόσμῳ
566 2613 780 2648 ἐμπολιτεύεται.
798 2612 856 2639 Κᾶν

67 2664 126 2698 γὰρ
140 2663 198 2699 θείη
211 2671 251 2695 τις
270 2662 340 2689 κατὰ
360 2661 404 2688 τὸν
425 2660 528 2687 ἐκείνου
549 2659 637 2694 λόγον,
650 2660 793 2687 στασιάσαι
810 2659 857 2686 καὶ

71 2709 193 2747 μανῆναι
205 2708 264 2735 κατ’
275 2708 394 2743 ἀλλήλων
404 2707 466 2738 τοὺς
477 2706 525 2741 τῆς
536 2705 610 2739 ὕλης,
624 2706 670 2732 καὶ
684 2706 767 2741 μυρία
776 2705 856 2742 ἀλλή-

69 2756 135 2787 λους
147 2753 365 2785 διαθεῖναικακά,
379 2753 426 2779 καὶ
440 2751 510 2779 κατὰ
518 2751 564 2778 τοῦ
579 2752 665 2786 φωτὸς
679 2751 856 2787 στρατεῦσαι·

67 2803 101 2829 οὺ
121 2802 212 2837 μέντοι
232 2801 278 2827 τὸν
301 2799 449 2834 κατάλογον
470 2798 524 2826 τῶν
546 2798 791 2834 κατηριθμημένων
808 2798 855 2824 ἀν-

69 2848 215 2882 θρωπίνων
239 2846 330 2874 κακῶν
351 2846 463 2878 ἐκείνοις
487 2844 605 2881 ὑπάρξαι
624 2844 853 2880 φαντασθήσεταιι

945 2431 1037 2465 Itaque
1054 2439 1108 2459 non
1131 2432 1182 2459 fuit
1205 2432 1286 2467 ligata
1310 2432 1510 2466 commistione,
1529 2435 1576 2462 sed
1601 2435 1693 2471 potius

909 2481 1006 2504 contra
1031 2477 1227 2505 convenienter
1250 2478 1337 2505 eidem
1364 2486 1454 2506 causae
1482 2481 1593 2515 amenti,
1620 2482 1692 2510 sicut

908 2531 994 2558 equus
1010 2531 1134 2559 campum
1151 2528 1259 2557 nactus,
1279 2532 1362 2552 cursu
1376 2525 1462 2552 fertur
1473 2526 1507 2552 ad
1525 2526 1691 2561 injustitiam

908 2570 1041 2597 malorum
1060 2570 1201 2598 hominum
1216 2580 1221 2597 :
1235 2578 1295 2606 qua:
1320 2571 1392 2598 enim
1409 2576 1488 2599 erant
1511 2577 1575 2601 ante
1595 2575 1692 2603 mundi

910 2614 1115 2642 fabricationem
1131 2616 1212 2648 mala,
1230 2624 1264 2644 ex
1279 2624 1334 2651 quo
1353 2616 1470 2644 mundus
1481 2622 1534 2651 est,
1548 2619 1576 2647 in
1589 2621 1691 2648 mundo

909 2665 1063 2688 versantur.
1082 2661 1211 2693 Quamvis
1236 2662 1308 2689 enim
1330 2670 1474 2698 ponamus,
1500 2669 1529 2692 ut
1543 2664 1589 2691 ille
1611 2665 1689 2699 dicit,

908 2709 988 2733 natos
1010 2713 1042 2733 ex
1064 2707 1178 2734 materia
1194 2707 1291 2736 fecisse
1314 2709 1487 2743 seditionem,
1506 2714 1533 2737 et
1548 2709 1641 2738 furore
1661 2712 1689 2739 in

907 2750 1013 2784 seipsos
1028 2749 1112 2778 fuisse
1127 2752 1254 2785 percitos,
1282 2757 1309 2780 et
1334 2753 1448 2783 intlnitis
1463 2755 1542 2782 malis
1558 2763 1587 2783 se
1606 2756 1688 2784 vicis-

907 2796 960 2824 sim
975 2795 1108 2830 aﬂ‘ecisse,
1120 2800 1147 2824 et
1161 2802 1257 2825 contra
1272 2799 1366 2828 lumen
1379 2802 1528 2829 exercitum
1542 2802 1688 2835 eduxisse;

907 2851 962 2871 non
986 2847 1076 2872 tamen
1092 2843 1188 2873 bibens
1208 2853 1240 2873 ea
1258 2846 1328 2874 mala
1344 2855 1404 2883 qua:
1421 2849 1449 2877 in
1474 2849 1584 2877 homine
1600 2857 1690 2878 nume-
