1900 3070
230 132 299 160 ΗΟὸ

794 128 863 156 TlTl
881 124 1094 155 BOSTRENSlS
1113 126 1268 155 EPISCOPI

1774 120 1831 147 Ηω

229 191 361 221 ravimus.
374 196 435 216 eum
450 187 504 215 illis
521 187 606 215 fuisse
617 187 782 223 cogitatione
800 187 932 222 ﬁngetur;
948 186 1012 221 quia

1069 185 1154 220 ἐπειδή
1174 193 1206 219 γε
1224 184 1283 211 οὐδὲ
1302 182 1436 217 ἐνεδέχετο
1459 181 1493 207 τὰ
1510 178 1664 215 ἀνθρώπινα
1684 176 1756 214 κακὰ
1779 178 1832 211 πρὶν

229 244 284 264 non
305 239 428 270 poterant
452 234 570 261 humana
585 234 654 260 mala
679 235 722 268 agi
745 234 904 268 priusquam
929 233 1010 260 homo

229 285 300 309 esset
317 290 323 307 :
337 285 363 307 et
379 280 424 307 ubi
439 287 501 307 esse
517 284 606 314 potest
621 280 668 314 qui
683 280 767 311 dicat,
786 278 857 313 quod
870 279 950 314 ligata
963 286 1010 304 ne-

229 327 313 360 quitia
331 325 434 351 frenata
449 330 499 357 est,
512 333 571 359 quae
585 332 672 359 neque
685 325 817 351 malorum
830 324 1009 350 humanorum

230 372 405 403 uteminerat;
431 374 576 405 postquam
596 377 660 397 vero
676 370 759 404 ligata
780 373 832 402 est,
851 369 884 396 de
903 369 946 396 his
969 376 1012 396 ac-

229 422 338 443 (‘llSBlUI

264 464 334 497 Quid
354 467 444 490 autem
464 464 580 491 nocebat
601 463 673 490 bono
696 462 752 490 sola
776 469 868 489 secum
888 459 1011 487 ordinem

230 510 393 544 perturbans
404 530 411 541 ,
425 515 450 538 et
465 518 518 537 non
535 510 638 537 habens
656 510 700 536 cui
718 508 949 544 perturbationem
967 514 1011 532 or-

229 555 301 582 dinis
327 555 461 581 inferret?
477 558 598 582 evertere
620 555 692 581 enim
714 553 813 580 bonum
836 552 910 578 nullo
933 556 1011 586 pacto

230 605 345 636 poterat.
380 600 408 627 Si
438 606 526 628 autem
558 600 695 627 nitebatur
731 599 859 625 invadere
894 597 921 624 in
952 598 1011 624 loca

230 648 337 677 aliena,
362 647 440 673 aliter
462 647 593 681 impetutn
617 646 676 680 ejus
701 649 836 671 amentem
864 644 1012 678 reprimere

230 693 371 727 oportebat
389 702 395 719 :
411 700 470 726 quae
490 693 560 718 enim
580 691 655 726 prius
670 698 724 717 non
743 691 872 723 nocebat,
888 691 1011 718 ordinem

231 743 326 765 contra
351 746 380 765 se
398 739 571 773 perturbans,
591 745 665 764 nunc
688 736 797 771 quidem
816 736 923 763 videtur
939 737 1012 763 aliud

231 784 296 818 quid
318 784 510 818 assumpsisse,
534 783 560 809 in
585 783 659 817 quod
681 786 810 816 tanquam
827 782 853 808 in
880 782 1012 809 familiare

231 834 258 856 et
272 830 446 862 coniunctum
463 829 692 863 perturbationem
707 828 812 855 ordims
829 828 1011 854 nocentiorem

1064 231 1203 267 ἄνθρωπον
1213 226 1512 264 γενέσθαι’πράττεσθαι
1523 234 1529 240 ’
1539 226 1584 252 καὶ
1596 224 1646 251 ποῦ
1663 224 1694 250 ἂν
1709 225 1723 249 ὁ
1735 223 1832 257 φάσκων

1064 278 1117 313 εἴη,
1131 278 1168 308 ὡς
1181 275 1366 311 ἐσωφρονίσθη
1385 273 1530 308 πεδηθείοα
1542 273 1558 307 ἡ
1575 271 1667 301 κακία,
1683 271 1778 313 ή.πρ“ιν
1793 271 1833 304 μὲν

1064 324 1210 359 πεδηθῆναι
1230 323 1283 349 τῶν
1299 321 1369 348 κατά
1387 319 1544 358 ἀνθρῴπους
1567 318 1658 343 κακῶν
1672 316 1731 342 οὐδὲ
1746 325 1833 351 μεμνη-

1066 371 1144 406 μένη.
1173 370 1240 406 μετὰ
1260 370 1288 396 δὲ
1307 369 1337 394 τὸ
1358 357 1503 402 πεδηθῆναι
1524 357 1570 391 {ait
1587 364 1691 395 τούτοις
1711 363 1833 389 διαϐαλλο-

1066 416 1133 451 μένη
1145 425 1151 447 ;

1099 461 1131 486 Τί
1146 460 1200 495 γὰρ
1215 459 1330 484 ἔϐλαπτε
1345 457 1472 492 τάγαθὸν,
1490 455 1550 482 καθ’
1569 454 1666 489 ἑαυτὴν
1681 453 1832 486 ἀτακτοῖισα,

1064 507 1111 533 καὶ
1144 506 1180 541 μὴ
1204 505 1301 540 ἔχουσα
1322 501 1344 537 ᾧ
1363 504 1411 539 τὴν
1427 500 1771 536 ἀταξίαν⁶προστρίψηταιι
1784 499 1834 535 τρέ-

1063 553 1112 587 ψαι
1129 552 1176 587 μὲν
1195 551 1249 587 γὰρ
1261 549 1378 584 τάγαθὸν
1397 548 1519 583 οὐδαμῶς
1536 548 1578 574 οἵα
1594 555 1623 573 τε
1635 544 1668 582 ἦν
1681 554 1687 560 ·
1708 547 1732 572 εἰ
1748 545 1774 571 δὲ
1785 547 1834 572 ἑπι-

1064 599 1164 625 ϐαίνειν
1179 599 1315 633 ἐπεχείρει
1328 598 1383 627 τοῖς
1401 596 1436 631 μὴ
1452 595 1525 626 ἰδίοις
1538 594 1638 624 τόποις.
1657 592 1754 628 ἑτέρως
1764 593 1834 627 αὐτὴν

1064 645 1147 681 ἐχρῆν
1170 644 1324 670 ἀναστεῖλαι
1345 642 1393 677 τῆς
1420 641 1516 674 ἀλόγου
1538 640 1643 674 φορᾶςο
1669 639 1686 673 ἡ
1713 638 1763 674 γὰρ
1784 638 1834 664 καθ’

1064 691 1162 726 ἑαυτῆς
1175 690 1305 725 πρότερον
1323 687 1428 722 ἀϐλαϐῆ
1451 686 1498 722 τὴν
1519 686 1629 717 ἀταξίαν
1647 684 1834 719 ὲνδεικνυμένη,

1064 738 1110 764 νῦν
1133 746 1164 771 γε
1188 737 1260 763 δοκεῖ
1285 734 1494 771 προσειληφέναι
1511 741 1538 758 τι
1554 732 1657 766 ἕτερον,
1683 729 1744 756 καθ’
1761 728 1788 757 οὗ
1805 730 1835 761 ὡς

1065 784 1187 815 συνόντος
1205 782 1252 817 τὴν
1274 781 1385 813 ἀταξίαν
1407 779 1611 815 βλαϐερωτέραν
1635 776 1777 809 ἐνδείξεται
1797 776 1835 801 αὺ-

1064 830 1126 856 τίκα
1137 838 1143 844 ’
1160 830 1205 856 καὶ
1222 828 1358 864 ἄνθρωποι
1377 826 1437 852 καθ’
1453 825 1564 855 ἑαυτοὺς
1587 823 1736 857 κακοῦργοι
1752 821 1834 856 βουλή-

232 875 338 902 elliciet.
361 875 496 902 Continuo
520 874 659 907 dicemus,
685 873 757 909 quod
782 874 864 900 etiam
891 873 1013 899 homines

1069 884 1155 901 σονται
1177 874 1224 909 μέν
1246 882 1272 899 τι
1291 872 1374 899 κακὸν
1397 871 1472 906 δρᾷν,
1497 870 1534 906 μὴ
1560 869 1666 904 ἔχοντες
1691 867 1791 894 δὲκαθ’
1810 863 1834 892 οὗ

233 928 281 955 per
298 920 403 954 scipsos
432 920 557 952 malefici,
586 919 676 946 volent
700 919 808 953 quidem
826 919 927 953 aliquid
949 918 1011 944 mali

234 966 349 999 facere;
375 973 428 992 non
457 966 587 992 habentes
613 969 702 991 autem
731 965 758 991 in
788 972 867 998 quem
896 964 1013 996 faciant,

233 1013 313 1040 otiosi
340 1012 534 1047 reperiantur;
565 1018 595 1038 se
623 1019 688 1038 vero
718 1011 768 1046 ipsi
790 1010 920 1037 benevole
941 1009 1014 1044 aspi-

233 1059 306 1086 ciant
334 1059 368 1086 ob
394 1057 569 1085 concordiam
601 1056 634 1083 ad
663 1056 825 1084 maleticium
861 1065 868 1083 :
900 1056 1013 1093 materia

234 1109 322 1132 autem
339 1112 427 1139 neque
441 1104 559 1136 volebat,
570 1111 624 1130 non
639 1103 710 1130 enim
728 1103 872 1129 consilium
890 1102 1013 1136 capiebat

234 1159 295 1179 cum
318 1155 390 1178 esset
411 1157 509 1185 expers
531 1149 670 1182 rationis;
696 1156 784 1183 neque
809 1152 923 1182 poterat,
948 1155 1011 1173 cum

233 1201 306 1225 esset
327 1199 384 1225 sola
402 1201 425 1224 el
444 1204 491 1232 per
512 1204 550 1223 sc.
568 1195 652 1231 igitur
671 1203 730 1230 quae
747 1202 762 1221 a
777 1194 924 1221 Manichazo
938 1201 1016 1220 voca-

235 1251 279 1273 tur
300 1245 423 1276 materia,
451 1243 557 1271 videtur
585 1243 735 1277 sumpsisse
760 1241 816 1269 fere
839 1249 853 1268 a
878 1241 948 1268 bono
969 1248 1016 1276 per

235 1292 354 1318 animam
377 1291 511 1318 veriorem
537 1289 677 1316 materiam
703 1288 735 1315 ad
760 1288 944 1323 operationem
970 1294 1016 1314 ne-

235 1338 337 1373 quitiae,
362 1344 442 1371 quam
466 1335 627 1368 nesciebat;
652 1334 832 1360 accusabatur
857 1333 927 1360 enim
952 1336 1015 1360 ante

236 1383 329 1411 mundi
361 1383 492 1410 fabricam
517 1382 550 1409 de
579 1381 782 1415 perturbatione
807 1380 912 1408 ordinis
937 1381 1015 1406 nobis

1064 922 1199 956 δράσαιεν,
1228 919 1308 955 ἀργοὶ
1331 918 1362 944 διν
1385 916 1584 951 όιτεοδειχθεῖεν⁴
1615 914 1746 950 ἀλλήλους
1769 913 1789 939 δ’
1809 913 1835 939 ἂν

1065 968 1143 993 ἴδοιεν
1164 965 1291 996 εὐνοϊκῶς
1315 964 1459 999 συμφωνίᾳ
1474 964 1507 997 τῇ
1528 962 1590 998 περὶ
1605 962 1636 987 τὸ
1660 961 1754 986 κακόν.
1774 959 1800 985 'ﬂ
1813 959 1836 985 δὲ

1064 1013 1113 1048 ὕλη
1138 1012 1198 1039 οὔτε
1226 1011 1373 1046 ὴόούλετο-
1398 1010 1457 1036 οὐδὲ
1487 1008 1539 1044 γὰρ
1570 1006 1728 1034 ὲὸουλεὺετο
1756 1005 1835 1038 ἄλογος

1064 1057 1140 1091 οὖσα,
1155 1058 1216 1084 οὔτε
1232 1056 1351 1088 ἐδύνατο,
1373 1055 1439 1090 μόνη
1457 1055 1504 1080 καὶ
1516 1054 1576 1080 καθ’
1591 1053 1690 1087 ἑαυτὴν
1701 1050 1774 1078 οὖσα.
1787 1052 1835 1085 Ἆρ’

1063 1102 1108 1131 οὖν
1126 1105 1141 1139 ἡ
1159 1102 1312 1138 καλουμένη
1338 1101 1413 1136 παρά
1432 1099 1477 1126 τοῦ
1503 1099 1639 1129 Μάνεντος
1666 1097 1716 1132 ὕλη
1736 1096 1776 1122 διὰ
1796 1095 1836 1126 τῆς

1063 1150 1152 1186 ψυχῆς
1176 1149 1241 1184 ὕλην
1263 1146 1446 1182 ἀληθεστέραν
1471 1145 1538 1181 πρὸς
1559 1144 1606 1170 τοῦ
1631 1143 1735 1177 ἀγαθοῦ
1762 1141 1835 1168 κινδυ-

1064 1196 1151 1222 νεύειν
1169 1194 1378 1230 προσειληφέναι
1391 1193 1464 1219 δοκεί
1482 1192 1521 1222 εἰς
1535 1190 1674 1226 ἐνέργειαν
1693 1189 1794 1219 κακίας,
1810 1187 1836 1221 ἣν

1065 1243 1171 1277 ἠγνόει·
1187 1241 1338 1267 ἐνεκαλεῖτο
1353 1239 1408 1274 γὰρ
1424 1237 1476 1273 πρὸ
1493 1237 1595 1271 κόσμου
1616 1234 1741 1267 ἀταξίαν,
1757 1234 1836 1268 ἄδηλον

1066 1289 1131 1324 ἡμῖν
1144 1288 1190 1314 καὶ
1203 1287 1239 1322 μὴ
1252 1281 1426 1321 φαινομένηνῖ
1442 1283 1546 1319 Ἔμαθε
1557 1283 1584 1309 δὲ
1598 1282 1720 1318 ἐνεργεῖν
1730 1280 1791 1315 δῆλα
1799 1279 1836 1306 καὶ

1068 1333 1216 1368 φαινόμενα
1233 1331 1305 1357 κακά.
1315 1339 1321 1345 “
1335 1329 1480 1364 διύπνησεν
1494 1329 1548 1364 ἄρα
1563 1328 1593 1353 τὺ
1611 1326 1704 1362 θηρίον
1719 1326 1735 1361 ἡ
1751 1324 1835 1359 ἐπῳδὴ,

1069 1379 1115 1406 καὶ
1129 1377 1251 1413 οὐδαμῶς
1265 1376 1324 1403 κατ’
1337 1377 1437 1402 ἐκεῖνον
1451 1374 1596 1409 ἐκοίμησεν

236 1430 338 1464 ignota,
364 1432 390 1455 et
411 1428 521 1454 tninime
541 1413 696 1461 apparente.
718 1425 817 1452 Didicit
850 1429 939 1451 autem
965 1423 1072 1458 operari
1108 1422 1250 1449 manifesta
1285 1420 1372 1453 mala,
1394 1423 1421 1446 et
1454 1425 1514 1453 quae
1530 1420 1683 1444 cernuntur
1701 1424 1709 1442 :
1727 1413 1837 1442 excitarit

236 1485 300 1510 ergo
321 1476 435 1502 belluam
451 1474 552 1504 cantio,
565 1477 591 1500 ct
603 1481 772 1508 nequaquam
792 1473 901 1507 sopivit,
921 1475 949 1498 ut
963 1472 1017 1506 lille
1035 1471 1109 1498 dicit.

274 1522 301 1549 Si
315 1525 406 1548 autem
421 1520 488 1548 dicit
504 1519 623 1547 noluisse
644 1507 728 1546 Deum
749 1523 778 1545 ut
795 1519 870 1545 ﬁeret
886 1518 1014 1549 inundus,

1102 1517 1133 1543 Εἰ
1146 1516 1174 1542 δὲ
1189 1515 1272 1549 λέγοι,
1289 1514 1345 1540 Οὺκ
1362 1512 1455 1548 ἢθελεν
1475 1513 1489 1538 ό
1509 1510 1574 1542 Θεὸς
1592 1508 1722 1544 γενέσθαι
1742 1507 1836 1542 κόσμον,

238 1567 472 1604 pet-cunctandum
498 1570 556 1598 cst,
584 1566 645 1600 quis
672 1569 741 1598 erat,
767 1565 814 1600 qui
844 1565 949 1591 voluit?
981 1572 1014 1591 an

239 1613 356 1644 malitia,
373 1620 432 1647 qua:
454 1620 507 1639 non
527 1611 644 1638 habebat
665 1611 865 1646 cognitionem?
887 1609 955 1643 Quis
975 1613 1016 1637 est

239 1661 287 1695 qui
301 1668 334 1687 ex
350 1659 474 1694 utrisque
493 1658 555 1686 fecit
570 1666 629 1693 qum
647 1658 729 1685 sunt?
749 1657 870 1692 nunquid
889 1656 1018 1683 materia?

238 1716 292 1734 non
314 1711 386 1734 esset
407 1706 434 1732 in
453 1704 632 1732 admiratione
650 1704 710 1738 ejus
727 1703 859 1737 operatio.
879 1701 931 1729 Sed
948 1709 1018 1728 nuit-

238 1753 304 1789 quid
326 1761 379 1780 non
403 1752 488 1779 voluit
511 1751 592 1782 Deus,
611 1753 722 1777 coactus
744 1754 832 1776 tamen
856 1748 915 1775 est?
936 1747 965 1774 Si
981 1747 1017 1774 ita

238 1803 323 1832 esset,
348 1797 434 1832 magis
457 1795 597 1830 subjectus
620 1795 717 1822 fuisset
738 1801 819 1828 quam
844 1793 1016 1827 subjeeisset,

239 1849 320 1880 atque
344 1849 574 1878 supervacaneum
590 1845 662 1869 esset
676 1841 752 1867 illum
773 1839 898 1866 admirari
916 1839 1021 1873 sapien-

241 1891 304 1917 tiam
333 1889 379 1916 Dei
408 1888 434 1915 vi
464 1892 595 1917 coactam,
622 1890 649 1913 et
676 1886 803 1912 damnum
832 1892 945 1915 eorum,
973 1884 1020 1918 qui

241 1936 325 1963 futuri
351 1939 450 1968 erant;
476 1942 536 1969 qua:
557 1933 628 1960 enim
650 1932 725 1959 nullo
746 1931 826 1958 modo
851 1931 920 1958 mala
943 1934 1021 1957 erant

240 1986 304 2008 ante
328 1980 551 2014 conjunctionem
579 1976 795 2008 contrariorum,
814 1983 901 2010 neque
924 1975 1019 2002 saltem

241 2028 463 2058 nominabantur,
481 2025 538 2052 lucc
551 2029 612 2059 post.
633 2027 721 2050 ortum
742 2022 835 2048 mutuli
858 2021 1019 2048 ﬂoruerunt.

1067 1562 1226 1598 ὲρωτητὲον,
1245 1560 1298 1587 Καὶ
1313 1559 1354 1591 τίς
1377 1557 1411 1594 ἦν
1432 1560 1446 1585 ό
1463 1557 1639 1592 βουλόμενος;
1658 1553 1714 1590 ἆρα
1729 1555 1744 1588 ἠ
1760 1553 1836 1582 κακία,

1067 1610 1084 1644 ἠ
1104 1608 1139 1643 μὴ
1152 1608 1286 1642 ὲγνωκυῖα
1298 1614 1305 1638 ;
1324 1605 1370 1636 Τίς
1384 1605 1412 1631 δέ
1423 1605 1496 1630 ἐστιν
1508 1604 1522 1629 ό
1537 1602 1747 1632 κατασκευάσας
1761 1599 1787 1632 ἐξ
1800 1599 1838 1634 ἁμ-

1071 1656 1130 1690 φοῖν
1149 1655 1182 1680 τὰ
1203 1654 1282 1685 όντα;
1305 1652 1322 1687 ἢ
1342 1651 1391 1685 ὕλη
1406 1659 1413 1683 ;
1427 1650 1475 1676 οὐκ
1499 1647 1544 1675 οὖν
1561 1648 1702 1682 θαυμασία
1720 1647 1767 1681 τὴν
1779 1645 1839 1679 ἐνέρ-

1071 1709 1147 1735 γειαν
1161 1698 1225 1734 (li).
1247 1698 1313 1724 Ἀλλ’
1335 1697 1388 1732 ἄρα
1407 1696 1471 1727 Θεὸς
1484 1695 1533 1721 οὐκ
1553 1694 1632 1730 ἤθελε
1658 1693 1719 1728 μὲν,
1738 1691 1839 1727 ἠναγκά-

1070 1746 1131 1779 ζετο
1152 1746 1197 1776 se;
1213 1745 1262 1770 οὐκ
1275 1741 1320 1769 οὖν
1341 1742 1462 1776 ὑπετάγη
1487 1740 1585 1775 μᾶλλον
1607 1740 1624 1774 ἢ
1645 1738 1778 1770 ὑπέταξε;
1797 1736 1840 1762 Καὶ

1071 1791 1195 1827 περιττὸν
1220 1790 1328 1816 κάκεῖνο
1352 1786 1509 1822 θαυμάζειν,
1538 1784 1659 1819 τάγαθοῦ
1686 1783 1735 1818 τὴν
1760 1781 1839 1816 σοφίαν

1072 1837 1227 1873 βιασθεῖσαν
1243 1837 1282 1867 εἰς
1298 1835 1346 1869 τὴν
1363 1833 1464 1868 βλάϐην
1477 1832 1530 1859 τῶν
1550 1831 1756 1866 γενησομένων·
1770 1828 1786 1855 ἃ
1797 1827 1839 1862 γὰρ

1071 1883 1194 1918 οὐδαμῶς
1206 1881 1239 1918 ἦν
1252 1881 1325 1908 κακὰ
1340 1880 1403 1915 πρὶν
1423 1879 1556 1905 συνελθεῖν
1572 1877 1715 1908 τάναντία,
1729 1874 1786 1902 οὔτε
1798 1873 1838 1909 μὴν

1071 1930 1154 1963 ὄνομα
1170 1928 1233 1962 γοῦν
1254 1927 1342 1954 αὐτῶν
1361 1925 1540 1957 ἐπολιτεύετο,
1558 1923 1644 1950 ταῦτα
1664 1921 1734 1958 μετά
1754 1921 1838 1954 κόσμου

1072 1975 1177 2001 ¹γένεσιν
1198 1973 1326 2009 ἤνθησαν.

293 2087 358 2114 CAP.
377 2083 472 2112 XXVI.
496 2083 563 2110 Deus
577 2087 668 2109 auctor
679 2081 776 2116 peccati
790 2081 931 2107 secundum
947 2078 1063 2105 Manent.
1084 2078 1233 2105 Mistionem
1252 2077 1347 2104 animae
1363 2084 1423 2102 cum
1439 2075 1550 2102 materia
1564 2073 1658 2100 Manes
1677 2072 1798 2100 admittit.

276 2144 315 2170 An
342 2150 396 2170 non
423 2145 463 2168 est
491 2139 640 2166 absurdum
664 2138 764 2168 dicere,
791 2137 911 2164 voluisse
935 2135 1016 2162 Deum

1109 2136 1162 2161 Καὶ
1191 2135 1248 2166 πῶς
1274 2134 1323 2160 οὐκ
1344 2133 1442 2160 ἄτοπον
1471 2132 1594 2165 φάσκειν,
1624 2130 1782 2165 βουλόμενον
1804 2126 1837 2152 τὸν

241 2187 472 2224 perturbationem
502 2183 625 2216 ordinis,
652 2190 713 2217 qua:
734 2182 814 2209 nobis
837 2181 1020 2208 demonstrari

241 2243 296 2262 non
312 2236 411 2268 potest,
426 2239 441 2258 a
455 2230 566 2257 materia
585 2229 691 2261 tollere,
707 2232 734 2255 et
754 2228 869 2254 actionis
888 2227 1021 2254 malorum

241 2286 302 2315 quin
326 2279 449 2306 videmus
477 2280 504 2304 et
533 2277 559 2302 in
586 2274 743 2302 hominibus
772 2276 919 2308 apparent.
948 2272 1021 2299 omni

242 2327 338 2354 ordine
360 2328 387 2351 et
407 2323 512 2350 ratione
531 2321 650 2348 carentis
676 2323 815 2346 auctorem
837 2318 941 2345 fuisse?
963 2317 1023 2345 Per-

243 2372 424 2399 turbationem
456 2375 573 2402 namque
605 2366 709 2393 ordinis
740 2365 774 2392 de
798 2372 851 2399 qua
881 2364 1021 2391 materiam

243 2417 406 2447 damnabat,
430 2414 512 2442 verbo
536 2413 623 2440 solum
643 2411 765 2447 proferre
788 2410 884 2445 potuit,
906 2417 959 2436 non
984 2414 1024 2435 la-

243 2472 305 2492 men
332 2463 412 2490 rebus
436 2461 504 2496 ipsis
529 2464 556 2486 et
576 2458 705 2493 operibus
722 2456 910 2483 demonstrare
929 2464 935 2482 :
954 2454 1024 2481 mala

243 2513 345 2539 autem,
363 2514 397 2534 ex
420 2505 545 2532 mistione
569 2504 620 2531 ista
635 2502 835 2529 contrariorum
856 2501 982 2530 conficta,
997 2504 1024 2526 et

243 2561 304 2588 quae
336 2552 394 2580 fieri
428 2559 483 2578 non
514 2550 617 2585 potuit,
645 2549 732 2575 oculis
768 2554 883 2574 cernens
909 2546 1023 2573 insanus

245 2599 342 2632 homo,
372 2596 547 2624 dissimulare
567 2602 599 2622 ea
629 2602 684 2621 non
712 2597 810 2628 potest.
839 2592 929 2625 Quare
958 2591 1023 2619 dum

244 2645 344 2672 docere
366 2643 438 2674 vult,
459 2650 513 2669 non
536 2648 597 2668 esse
616 2639 700 2667 Deum
723 2642 862 2666 auctorem
884 2638 1024 2674 iniustitia:

1072 2182 1138 2208 Θεὸν
1160 2181 1272 2214 ἀταξίαν
1296 2180 1344 2215 τὴν
1365 2180 1428 2214 ἡμῖν
1452 2187 1483 2212 γε
1507 2177 1701 2204 ἀναπόδεικτον
1722 2175 1769 2210 τῆς
1789 2172 1837 2206 ὕλης

1075 2227 1187 2258 παῦσαι,
1205 2225 1315 2257 ἀταξίας
1337 2224 1571 2258 ἀποδεικνυμένων
1586 2222 1680 2249 κακῶν
1703 2222 1749 2248 καὶ
1764 2226 1836 2254 φαίνει-

1076 2273 1162 2308 μένων
1177 2271 1330 2307 ἀνθρώποις
1347 2270 1488 2306 παραίτιον
1509 2268 1652 2303 γενέσθαι;
1668 2267 1725 2302 Τὴν
1741 2267 1784 2302 μὲν
1797 2264 1837 2298 γὰρ

1076 2318 1203 2351 ἀταξίαν,
1228 2319 1260 2352 ἣν
1286 2316 1484 2351 κατεψηφίζετο
1510 2316 1560 2350 τῆς
1586 2315 1652 2350 ’ύλης
1680 2314 1751 2348 λόγῳ
1776 2311 1837 2347 μόνον

1077 2365 1219 2400 παράγειν,
1236 2364 1265 2390 οὐ
1291 2364 1342 2398 μὴν
1356 2364 1402 2389 καὶ
1422 2362 1506 2394 δεῖξαι
1528 2363 1583 2392 τοῖς
1598 2361 1691 2395 ἔργοις
1703 2359 1835 2393 δεδύνηται·

1076 2410 1110 2436 τὰ
1123 2410 1150 2436 δὲ
1171 2409 1243 2436 κακά
1259 2408 1294 2434 τὰ
1312 2408 1365 2434 ἀπὸ
1379 2408 1426 2442 τῆς
1445 2405 1580 2442 μυθώδους
1595 2406 1644 2432 καὶ
1662 2404 1700 2440 μὴ
1719 2400 1836 2436 ἐνδεχομέ-

1076 2465 1124 2491 νης
1137 2456 1189 2482 τῶν
1204 2455 1331 2481 ἐναντίων
1346 2454 1480 2489 κράσεως,
1495 2452 1644 2486 ὀφθαλμοῖς
1656 2451 1728 2486 δρῶν
1746 2450 1759 2475 ὁ
1777 2441 1837 2480 ἀνόη-

1075 2511 1131 2535 τος,
1151 2502 1180 2528 οὐ
1194 2501 1365 2527 καταδύεται.
1379 2500 1458 2525 Ὥστε
1477 2497 1637 2532 βουλόμενος
1648 2497 1695 2523 τὸν
1708 2494 1770 2522 Θεὸν
1780 2491 1838 2519 ἀναε-

1075 2556 1130 2574 τιον
1147 2547 1195 2582 τῆς
1214 2546 1283 2573 κατά
1299 2545 1456 2581 ἀνθρώπους
1482 2543 1586 2575 ἀδικίας
1601 2543 1750 2577 ἀποφῆναι,
1765 2536 1837 2566 αἰτιώ-

1075 2602 1155 2620 τατον
1171 2592 1259 2619 αὐτῶν
1279 2592 1406 2627 ἄντικρυς
1431 2590 1557 2626 ὁμολογεῖ
1580 2589 1661 2616 πλέον
1678 2589 1696 2623 ἢ
1710 2587 1784 2614 τοῦτο
1802 2582 1837 2609 ul

1077 2639 1157 2675 μόνον
1173 2638 1347 2670 ἐσπούδαζεν.

245 2690 380 2723 humanae,
394 2689 511 2717 maxime
526 2697 587 2716 esse
598 2688 677 2724 plane
689 2687 844 2719 confitetur,
859 2686 914 2713 imo
937 2686 1045 2721 plenius
1064 2694 1145 2721 quam
1159 2686 1182 2713 si
1193 2685 1243 2713 hoc
1258 2686 1346 2713 solum
1359 2684 1493 2712 studeret.

283 2792 337 2827 (ll)
355 2794 416 2827 on;
432 2792 471 2819 ἂν
487 2794 573 2826 θαυμ.
593 2789 662 2823 Quia
690 2789 725 2816 ab
746 2788 838 2824 aliquo
864 2786 936 2822 quod
963 2786 1023 2814 sine
1043 2788 1198 2824 cognitione
1209 2791 1236 2816 et
1250 2788 1355 2816 ratione
1375 2787 1414 2820 ﬁt,
1430 2794 1485 2815 non
1505 2789 1547 2815 est
1564 2785 1727 2813 admirabile
1751 2783 1779 2811 in
1803 2784 1839 2821 ως

248 2825 333 2860 agno
344 2825 485 2862 tit.funn.
