1900 3070
51 116 126 143 “05

585 117 768 146 ADVERSUS
788 117 999 146 MANICHJEOS
1018 118 1080 145 LIB.
1101 119 1121 146 l.

1608 119 1676 146 “0‘3

85 173 158 209 Φέρε
170 174 202 210 δὴ
214 174 248 201 τὰ
261 175 432 210 πραττόμενα
450 174 523 201 κακὰ.
533 175 600 210 πρὸς
613 175 762 210 ἀνθρώπων
777 185 841 204 κατ-

930 179 985 211 Age
1001 176 1070 211 jam,
1098 176 1302 204 consideremus
1329 177 1400 204 mala
1423 183 1484 212 quae
1506 175 1541 203 ab
1561 176 1677 203 homini-

51 220 166 256 ίεωμεν,
187 221 240 247 τίνι
260 222 381 256 προσῆκε
406 220 574 256 φιλαλήθως·
600 222 769 257 ἐπιχειρήσει
794 223 842 258 μὲν

49 265 109 302 γὰρ
133 266 198 297 ἴσως
217 266 263 293 καὶ
286 267 335 302 τῆς
356 267 444 302 ψυχῆς
464 268 560 302 κρᾶσιν
574 267 770 303 εἰσηγήσασθαι
789 269 842 294 τῶν

48 312 92 344 ὠς
105 311 254 347 ὑπείληφεν
268 313 410 340 ἐναντίων⁸
419 315 474 342 εἴτε
485 306 514 341 δέ
527 314 595 349 αὑτὴ
609 313 746 349 μονοειδὴς
760 314 843 349 ὑπάρ-

50 366 94 392 χει
112 359 146 384 ὲκ
168 358 286 392 τάγαθοῦ
311 360 375 394 παρ’
391 361 474 396 αὐτῷ,
492 361 545 387 εἴτε
565 360 612 386 καὶ
637 361 668 386 ὲκ
693 359 841 391 συνθέσεως

48 404 108 430 τῶν
133 405 260 432 ἐναντίων
277 407 309 432 ὲκ
333 405 382 441 τῆς
406 407 512 442 μερίδος
533 406 686 433 τούναντίου
709 406 755 432 τοῦ
776 406 842 439 ἁγα-

49 448 113 480 οοῦ,
133 450 231 485 ῥᾳδίως
244 451 479 488 ἀποδειχθήσεται,
493 452 562 479 κατὰ
576 451 625 487 τὴν
642 452 727 486 diuitiis,
741 451 842 486 ταύτην

49 495 191 527 ὑπόθεσιν,
210 497 243 523 τὰ
256 497 327 524 κακὰ
348 498 485 534 γινόμενα.
504 498 580 524 Ἔστι
604 498 652 533 μὲν
669 496 715 524 οὖν
732 497 843 532 ἀσώμα-

49 549 98 571 τος
114 542 132 576 ἡ
153 541 234 576 ψυχὴ.
252 543 298 569 καὶ
313 543 444 578 μηδαμῶς
458 544 581 571 σύνθεσιν
597 544 657 570 κατ’
677 543 780 573 οὐσίαν,
798 544 843 569 καὶ

51 587 175 622 μάλισῑα
191 589 319 616 ἐναντίων
332 590 515 627 ἀποδεχομένη
528 602 533 606 -
551 591 575 617 οἱ
594 591 646 626 γὰρ
662 591 693 616 ἐκ
707 589 841 624 διαφόρων

51 634 208 661 συντιθέναι
222 635 346 668 δόξαντες
367 637 451 672 αὐτὴν
483 638 511 663 οὑ
528 637 577 672 τὴν
600 637 694 664 οὐσίαν
718 635 842 669 ποικίλην

50 681 100 706 καὶ
126 681 195 717 πρὸς
218 682 318 718 ἑαυτὴν
341 683 538 719 διαφερομένην
561 684 752 719 εἰσηγήσαντο,
775 681 842 708 ἀλλὰ

49 725 101 756 tit;
126 725 267 760 ἐνεργείας
287 727 372 762 αὐτῆς
388 728 420 754 ἐκ
443 727 496 754 τῶν
510 727 656 763 ὁρωμένων
670 725 841 761 ὑπέγραψαν,

49 771 100 797 ἕνα
118 771 197 805 λόγον
214 772 316 799 ἁπλοῦν
331 774 378 800 καὶ
403 773 598 810 περιληπτικὸν
621 773 705 809 αὐτῆς
727 772 842 807 ποιήσα-

51 818 115 845 σθαι
135 817 173 853 μὴ
184 818 350 854 δυνηθέντες.

893 221 944 249 bus
972 221 1055 254 ﬁunt,
1078 222 1112 249 ad
1134 229 1214 256 quem
1242 230 1304 249 rere
1328 223 1472 257 pertinent.
1498 222 1678 257 Aggredietur

893 268 1011 296 fortasse
1035 267 1210 295 introducere
1230 268 1384 296 mistionetn
1411 269 1508 296 animae
1527 276 1588 295 eum
1612 276 1678 295 con-

893 315 985 343 trariis
1005 323 1085 350 quam
1111 315 1268 350 suspicatus
1288 319 1338 342 est.
1362 314 1424 342 Sive
1448 315 1505 350 ipsa
1526 316 1617 341 anima
1642 314 1678 341 sit

894 361 1051 395 μονοειδής,
1071 361 1096 388 id
1124 364 1174 392 est,
1204 360 1335 395 simplicis
1360 366 1387 388 et
1415 361 1495 388 unius
1522 360 1617 388 formae
1643 367 1677 387 ex

892 407 964 433 bono
991 405 1061 440 apud
1085 406 1186 440 ipsum,
1214 406 1271 432 sive
1292 412 1324 432 ex
1347 405 1543 439 compositione
1567 409 1677 431 contra-

894 450 995 477 riorum
1011 458 1044 477 ex
1059 454 1135 485 parte
1156 451 1216 485 ejus
1238 449 1311 486 quod
1332 454 1374 477 est
1394 450 1466 476 bono
1487 450 1675 482 contrarium;

894 494 973 522 facile
1005 494 1155 522 secundum
1184 495 1236 522 hoc
1276 495 1388 530 impium
1416 494 1622 522 fundamentum
1650 498 1677 521 et

894 541 1059 576 principium
1085 541 1348 568 demonstrabuntur
1368 541 1438 568 mala
1457 549 1516 576 quae
1536 541 1612 567 ﬁniit.
1628 540 1677 568 Est

894 587 977 622 igitur
1003 587 1093 614 anima
1122 595 1220 622 expers
1245 587 1386 622 corporis,
1411 594 1471 622 quae
1498 587 1573 613 nullo
1597 592 1676 621 pacto

893 633 1116 668 compositionem
1138 634 1286 661 secundum
1313 633 1505 665 substantiam,
1527 633 1676 667 praesertim

894 679 1114 712 contrariorum,
1146 679 1252 714 recipit.
1283 679 1334 712 Qui
1357 679 1428 705 enim
1448 678 1499 705 visi
1527 682 1591 705 sunt
1617 685 1675 704 eam

894 732 1069 760 componere,
1089 733 1142 752 non
1160 725 1342 752 substantiam
1360 724 1462 751 variam
1479 728 1505 751 et
1523 731 1537 750 a
1555 731 1583 751 se
1600 723 1677 750 diﬂ‘c-

893 776 996 798 rentem
1020 771 1242 804 introduxerunt,
1264 772 1311 799 sed
1330 772 1503 807 operationes
1516 771 1576 805 ejus
1594 779 1626 798 ex
1643 770 1676 797 iis

895 824 955 851 qua:
979 817 1115 849 videntur,
1143 817 1366 852 descripserunt,
1393 825 1455 844 cum
1482 825 1535 844 non
1565 820 1677 852 possent

856 852 876 880 Β
893 865 1035 889 exstruere
1053 870 1133 888 unam
1152 862 1303 897 simplicem
1319 861 1505 890 deﬁnitionem
1530 870 1583 897 qua
1603 869 1678 889 cern—

852 904 856 908 ’
893 906 1118 941 prehenderetur.

282 973 348 1001 Car.
366 960 481 1001 XXVII;
493 959 566 1000 inde
578 972 700 1007 procedat
718 973 813 1000 animm
827 980 970 1008 peccatum.
986 975 1063 1002 Ratio
1077 980 1171 1010 praest
1182 976 1252 1003 uitiis
1267 980 1291 1002 et
1307 974 1457 1002 virtutibus.

88 1032 122 1060 Et
136 1033 189 1068 γὰρ
207 1033 252 1059 καὶ
267 1034 326 1065 ταῖς
346 1033 482 1069 διαφόροις
500 1033 639 1068 ποιότησιν
660 1032 691 1064 ἃς
713 1032 839 1067 ἐπεδέχε-

49 1087 98 1106 ται
131 1078 224 1106 ἄλλοτε
247 1079 343 1111 ἄλλως,
369 1079 526 1115 διαφέρεται
550 1078 616 1114 πρὸς
640 1078 748 1113 ἑαυτὴν,
771 1079 843 1113 ὅμως

50 1126 115 1151 κατ’
137 1125 230 1151 οὐσίαν
252 1125 332 1160 ἔργον
353 1124 511 1160 ὑπάρχουσα
529 1124 575 1150 τοῦ
591 1123 668 1155 Θεοῦ,
690 1124 844 1159 ἀμετάϐλη-

50 1169 99 1200 τός
116 1169 146 1195 τέ
161 1170 228 1202 ἐστι,
247 1170 293 1195 καὶ
307 1169 356 1195 οὐκ
377 1170 408 1196 ἐκ
428 1169 562 1204 διαφόρων
585 1168 723 1203 σύγκειται
736 1177 742 1183 ·
767 1169 843 1194 ἐναν-

51 1215 122 1241 τίων
138 1215 228 1250 μέντοι
251 1216 374 1250 κράσεων
391 1215 518 1242 τοσοῦτον
542 1214 705 1249 ἀφέστηκεν,
722 1214 783 1240 ὅσον
800 1214 844 1250 καὶ

51 1261 100 1288 τοῦ
115 1261 175 1288 καθ’
193 1261 290 1296 ἑαυτὴν
311 1261 390 1297 σῶμα
406 1259 475 1288 εἶναι
498 1262 594 1288 δοκεῖν.
612 1261 706 1296 Θῶμεν
724 1261 751 1287 δὲ
775 1261 844 1288 κατὰ

51 1308 103 1343 τὴν
119 1308 222 1334 ἐκείνου
238 1308 423 1343 ψευδολογίαν,
445 1309 501 1342 εἴγε
520 1308 565 1334 καὶ
580 1308 657 1334 τοῦτο
673 1307 761 1341 λέγειν
779 1308 841 1333 ὲπι-

50 1354 171 1389 χειροίη,
183 1355 221 1386 ὡς
234 1355 280 1380 καὶ
325 1354 396 1390 ψυχὴ
414 1354 460 1380 τοῦ
478 1353 621 1390 ἀνθρώπου
635 1354 798 1388 συνέστηκεν
812 1352 842 1385 ἐξ

49 1399 160 1433 ἀγαθοῦ
180 1400 226 1426 καὶ
250 1400 336 1426 κακοῦ
349 1409 355 1416 ·
379 1401 438 1436 οὐχὶ
459 1400 489 1426 τὸ
516 1400 565 1435 μὲν
587 1400 740 1434 λογιστικὸν
759 1399 843 1434 αὐτῆς

51 1446 116 1472 κατ’
135 1446 238 1472 ἐκεῖνον
259 1445 403 1473 ἀναθετέον
418 1446 457 1481 τῷ
479 1445 584 1481 ἀγαθῷ,
604 1446 634 1472 τὸ
657 1446 679 1472 δ’
701 1445 842 1479 ἀλόγιστον

928 1035 985 1064 Etsi
1010 1037 1081 1063 enim
1107 1037 1190 1064 variis
1211 1033 1388 1070 qualitatibus
1414 1038 1484 1067 quas
1506 1029 1574 1057 alias
1599 1029 1678 1057 aliter

894 1081 1000 1116 recipit,
1018 1088 1032 1108 a
1053 1089 1082 1109 se
1092 1080 1205 1114 diﬂert';
1221 1084 1311 1106 tamen
1330 1076 1478 1105 secundum
1495 1073 1676 1102 substantiam

895 1133 953 1161 quae
970 1135 1038 1162 opus
1058 1127 1104 1154 Dei
1128 1131 1181 1158 est,
1202 1124 1379 1153 immutabilis
1393 1129 1446 1155 est,
1472 1127 1499 1149 et
1523 1127 1577 1148 non
1602 1127 1677 1146 com-

895 1173 1006 1207 ponitur
1025 1181 1058 1200 ex
1080 1172 1216 1205 diversis;
1236 1179 1250 1198 a
1270 1169 1418 1197 contrariis
1433 1171 1523 1194 tamen
1541 1164 1678 1193 mistioni-

896 1218 946 1245 bus
972 1222 1078 1245 tantum
1107 1218 1195 1249 abest,
1222 1222 1257 1244 ut'
1275 1217 1334 1251 ipsa
1363 1223 1411 1250 per
1438 1221 1467 1241 se
1492 1219 1592 1247 corpus
1616 1217 1678 1238 esse

895 1264 1030 1291 videatur.
1057 1263 1195 1291 Ponamus
1226 1263 1318 1297 igitur,
1349 1264 1379 1288 ut
1409 1260 1455 1287 ille
1484 1259 1624 1289 mentitur,
1654 1256 1678 1284 si

893 1311 1003 1345 quidem
1025 1311 1077 1338 hoc
1096 1310 1188 1337 dicere
1206 1309 1390 1344 aggrediatur,
1413 1314 1474 1334 esse
1494 1305 1600 1334 scilicet
1619 1303 1678 1330 ani-

893 1365 964 1384 mam
977 1357 1096 1384 hominis
1111 1356 1289 1390 compositam
1304 1362 1338 1382 ex
1354 1354 1425 1380 bono
1444 1356 1471 1379 et
1490 1351 1572 1383 malo,
1586 1357 1677 1377 nonne.

892 1402 965 1438 quod
990 1403 1016 1429 in
1038 1410 1070 1430 ea
1094 1405 1136 1430 est
1155 1401 1291 1437 particeps
1308 1399 1433 1431 rationis,
1450 1398 1576 1434 opinione
1597 1396 1678 1424 istius

893 1449 1098 1477 attribuendum
1117 1453 1159 1477 est
1184 1449 1273 1479 bono,
1290 1448 1316 1475 id
1337 1452 1390 1479 est,
1415 1446 1491 1480 Deo;
1519 1444 1592 1480 quod
1614 1451 1678 1471 vero

51 1492 96 1526 εἴη
112 1493 145 1527 τῇ
162 1492 260 1528 κακίᾳ;
276 1493 365 1528 δῆλον,
379 1493 416 1524 ὡς
430 1492 505 1519 οὐδὲν
517 1491 549 1519 ἂν
563 1491 656 1529 ἕτερον
676 1492 762 1518 εἰπεῖν
776 1491 841 1526 ἒχοι.

895 1498 1000 1524 ratione
1019 1499 1104 1527 caret,
1125 1494 1271 1530 nequitia)?
1295 1494 1391 1528 liquet,
1415 1491 1484 1519 nihil
1505 1490 1577 1518 aliud
1599 1496 1679 1524 posse

50 1538 108 1573 Τῆς
125 1538 215 1565 τοίνυν
232 1539 377 1574 ἐπιθυμίας
390 1539 552 1574 κινουμένης
574 1538 716 1574 σφαλερῶς
736 1538 791 1564 εἴτε
809 1539 841 1565 ὲκ

52 1583 136 1618 μόνου
152 1583 198 1610 τοῦ
213 1583 346 1620 σώματος,
360 1584 413 1610 εἴτε
435 1584 480 1610 καὶ
501 1584 534 1610 ἐκ
548 1583 595 1610 τοῦ
609 1585 794 1619 προσήκοντος
806 1585 839 1618 τῇ

50 1630 138 1665 κακίᾳ
154 1630 250 1666 μέρους
263 1630 312 1665 τῆς
332 1630 429 1666 ψυχῆς,
451 1628 494 1665 ἆρ’
517 1630 668 1665 αὐτόματος
691 1630 840 1665 πρόεισινὴ

51 1676 155 1710 πρᾶξις
166 1684 173 1708 ;
185 1676 250 1711 Οὐχὶ
270 1676 297 1702 δὲ
316 1676 410 1710 φθάνει
427 1677 475 1712 μὲν
490 1676 519 1702 ἐν
535 1675 670 1711 ἀνθρώπῳ
685 1675 781 1710 σκέψις
797 1675 843 1701 καὶ

52 1721 149 1756 βουλὴ,
168 1721 261 1748 ἔπειτα
281 1722 378 1758 κρίσις,
393 1723 440 1749 καὶ
459 1722 563 1758 αἵρεσις
577 1721 626 1757 τῆς
637 1721 772 1756 πράξεως,
795 1721 842 1747 καὶ

50 1766 141 1798 οὕτως
161 1769 199 1799 εἰς
222 1768 330 1804 ἔργονὴ
351 1768 480 1803 ἐπιθυμία
503 1767 842 1804 προφέρεταηἝγκλημα

51 1813 80 1839 δὲ
95 1814 197 1845 κακίας
212 1815 244 1840 ὲκ
254 1815 302 1849 τῆς
318 1815 453 1850 πράξεως,
465 1815 516 1841 οὐκ
533 1815 565 1840 ἐκ
576 1815 625 1849 τῆς
642 1814 789 1849 ἐπιθυμίας
802 1815 843 1849 γί-

51 1867 150 1893 γνεται
163 1868 169 1874 ·
186 1859 235 1891 ὡς,
258 1860 282 1886 εἰ
305 1860 408 1895 μένειεν
427 1861 472 1886 ἐπὶ
491 1859 582 1895 χώρας
601 1859 778 1895 ἡὲνθύμησις
794 1861 843 1896 τῆς

51 1905 204 1940 ἐπιθυμίας
216 1907 255 1938 είς
269 1906 346 1942 ἔργον
359 1907 391 1942 τῇ
407 1907 510 1942 αἱρέσει
523 1905 570 1932 τοῦ
585 1905 714 1941 λογισμοῦ
731 1906 767 1941 μὴ
782 1915 843 1941 προ‹

51 1952 145 1984 ιοῦσα,
160 1952 266 1987 πρῶτον
281 1953 328 1988 μὲν
344 1953 376 1979 ἂν
391 1953 542 1988 ἁρπασθείη
556 1953 661 1985 θᾶττον,
674 1952 842 1987 ἐξαπτομένη

50 2006 82 2024 τε
97 1997 158 2033 ἅμα
174 1998 221 2024 καὶ
236 1998 400 2034 σϐεννυμένη
410 2006 416 2012 '
429 1998 521 2024 ἔπειτα
535 1998 659 2033 οὐδαμῶς
673 1998 705 2024 ἂν
719 1998 843 2034 ἔγκλημα

51 2042 208 2078 νομισθείη,
226 2043 256 2069 οὺ
274 2043 352 2078 μόνον
369 2044 468 2075 κοινὸν,
483 2044 539 2070 ἀλλ’
555 2043 615 2070 οὐδὲ
630 2043 700 2070 κατὰ
715 2044 746 2070 τὸ
759 2043 843 2079 ἄκρον

51 2088 106 2123 τῆς
118 2088 220 2123 ἀρετῆς
235 2089 259 2114 εί
276 2089 403 2124 κρίνοιτο.

90 2133 218 2159 Φαίνεται
230 2133 318 2160 τοίνυν
332 2134 370 2168 τῷ
383 2133 482 2169 λογικῷ
492 2134 541 2169 τῆς
549 2133 637 2169 ψυχῆς
650 2134 765 2168 εὐλόγως
779 2134 843 2160 ἁνα-

896 1542 999 1571 dicere.
1031 1541 1156 1569 Excitata
1185 1548 1250 1576 ergo
1283 1539 1409 1575 (lubrica)
1445 1538 1594 1572 cupiditate
1621 1536 1679 1564 sive

894 1597 926 1616 ex
949 1596 1074 1624 corpore,
1096 1589 1153 1616 sive
1174 1595 1208 1615 ex
1233 1595 1263 1614 ea
1287 1590 1365 1622 parte
1385 1585 1484 1612 anima:
1498 1591 1558 1619 quas
1578 1583 1612 1610 ad
1631 1590 1678 1610 ne-

893 1635 1009 1670 quitiam
1031 1634 1157 1669 pertinet,
1179 1641 1212 1661 an
1234 1632 1347 1660 fortuito
1368 1631 1440 1658 actio
1456 1629 1565 1666 prodit?
1581 1627 1678 1655 Nonne

893 1681 1080 1717 antegreditur
1096 1681 1122 1708 in
1139 1680 1248 1708 homine
1265 1677 1449 1706 consideratio
1471 1681 1498 1704 et
1519 1675 1676 1708 consilium,

893 1727 991 1754 deinde
1012 1727 1145 1761 judicium
1166 1729 1193 1753 et
1213 1725 1310 1752 electio
1325 1722 1453 1755 actionis,
1472 1726 1554 1756 atque
1571 1721 1608 1747 ita
1626 1719 1675 1748 de-

894 1772 1024 1800 siderium
1039 1773 1071 1799 ad
1088 1773 1213 1800 eﬂ'ectum
1226 1769 1401 1807 perducitur?
1414 1768 1524 1796 Crimen
1543 1773 1607 1794 vero
1626 1772 1676 1792 ne-

894 1818 987 1853 quitiae
1005 1825 1039 1845 ex
1060 1818 1177 1849 actione,
1198 1824 1252 1844 non
1275 1823 1309 1843 ex
1329 1814 1464 1842 desiderio
1477 1811 1628 1842 conﬂatur;
1646 1813 1676 1837 ut

894 1857 918 1891 si
940 1866 1048 1891 maneat
1071 1864 1097 1890 in
1119 1863 1179 1890 loco
1201 1862 1329 1897 cogitatio
1350 1859 1478 1888 desiderii
1498 1866 1553 1886 non
1568 1864 1678 1892 progre-

894 1910 972 1938 diens
994 1910 1026 1937 ad
1044 1918 1113 1945 opus
1133 1917 1180 1945 per
1199 1909 1359 1937 electionem
1376 1906 1462 1942 partis
1478 1903 1676 1936 ratiocinantis.

894 1955 1012 1991 primum
1028 1955 1136 1990 quidem
1153 1955 1208 1982 cito
1230 1957 1318 1989 potest
1335 1952 1460 1980 desinere
1481 1951 1622 1978 incensum
1640 1948 1678 1975 si-

896 2003 950 2029 mul
972 2005 999 2029 et
1023 2002 1187 2029 exstinctum
1207 1999 1329 2028 :deinde
1351 2004 1523 2033 nequaquam
1541 1995 1680 2024 existima-

894 2048 968 2076 bitur
991 2048 1107 2079 crimen,
1127 2055 1181 2074 non
1205 2047 1293 2074 solum
1314 2052 1471 2076 commune,
1488 2043 1535 2071 sed
1551 2049 1638 2076 neque
1654 2040 1678 2068 si

892 2093 1030 2129 judieetur
1047 2092 1196 2120 secundum
1215 2099 1352 2119 summum
1366 2089 1485 2117 virtutis.

929 2138 1048 2174 Apparet
1091 2138 1174 2173 igitur
1203 2141 1315 2172 peccata
1344 2136 1539 2164 convenienter
1567 2131 1679 2164 rationi,

51 2179 187 2214 τιθέμενα
202 2179 236 2205 τὰ
253 2180 444 2215 ἁμαρτήματα,
461 2180 507 2206 καὶ
520 2179 582 2206 οὗτε
599 2179 637 2215 τῷ
653 2180 767 2215 σώματι,
782 2179 841 2206 οὔτε

895 2184 964 2219 parti
990 2184 1087 2210 anima:
1114 2183 1228 2210 rationis
1249 2183 1374 2218 participi
1399 2182 1536 2216 assignato
1565 2186 1626 2206 esse
1651 2181 1680 2205 et

53 2225 130 2260 ἄλλῳ
148 2226 226 2261 μέρει
242 2227 297 2253 τινὶ
312 2226 414 2261 ταύτης
425 2234 432 2240 ·
456 2227 494 2258 ὡς
510 2226 555 2253 τὸν
576 2227 625 2262 μὲν
641 2227 780 2260 ἀλόγιστον
795 2235 844 2253 κα-

53 2272 120 2298 κίαν
137 2271 307 2307 ἀπηλλάχθαι
323 2272 373 2307 τῆς
392 2272 481 2304 αἰτίας
504 2272 558 2298 τῶν
579 2274 643 2308 παρ’
659 2273 724 2308 ἡμῖν
740 2273 842 2306 κακῶν,

52 2319 105 2346 an
124 2318 192 2354 μηδὲ
209 2319 394 2353 ὑπάρχουσαν,
411 2318 575 2345 κινδυνεύειν
587 2318 614 2345 δὲ
629 2318 697 2345 κατὰ
714 2318 758 2344 τὸν
774 2319 844 2345 ὲκεί-

51 2373 102 2391 νου
120 2364 198 2398 λόγον
214 2365 246 2390 ἐκ
262 2365 310 2399 τῆς
335 2364 441 2400 μερίδος
461 2364 579 2399 τάγαθοῦ
601 2365 687 2391 ταῦτα
711 2364 845 2400 προφέρε-

53 2410 120 2437 σθαι
134 2418 140 2424 ·
155 2410 182 2436 εἴ
201 2419 231 2444 γε
248 2410 284 2445 μὴ
306 2410 390 2446 ἑτέρῳ
405 2411 576 2446 χρησαίμεθα
601 2409 743 2444 φιλαλήθει
761 2409 841 2444 λόγῳ.

52 2458 87 2484 Εἰ
116 2456 165 2491 μὲν
189 2456 253 2492 γὰρ,
277 2458 313 2493 μὴ
334 2456 547 2490 διαγινώσκουσα
573 2458 621 2492 τὴν
640 2457 768 2491 ποιότητα
794 2456 844 2491 τῆς

52 2501 214 2536 ἐπιθυμίας,
227 2503 273 2529 ἐπὶ
286 2502 334 2537 τὴν
347 2501 444 2538 πρᾶξιν
456 2502 603 2535 ἀλογίστως
618 2501 716 2537 ἐχώρει
731 2502 747 2536 ἡ
760 2501 842 2536 ψυχὴ,

52 2549 247 2584 διισχυρίσαιτ1
264 2549 297 2575 ἄν
318 2557 369 2580 τις,
393 2548 430 2580 ὡς
453 2549 485 2574 ἐκ
507 2548 553 2574 τοῦ
578 2548 720 2582 ἀλογίστου
746 2547 844 2582 μέρους

54 2595 172 2630 φέρεται
192 2596 226 2621 τὰ
244 2595 404 2631 παραλόγως
425 2594 614 2629 πραττόμενα.-
632 2595 656 2620 εί
673 2595 701 2621 δὲ
716 2595 844 2626 πολλάκις

53 2641 139 2673 αὐτὸς
151 2642 166 2666 ὁ
179 2641 306 2676 λογισμὸς
320 2642 357 2676 πὴ
375 2642 421 2677 μὲν
438 2642 564 2676 αἱρεῖται,
579 2641 616 2672 ὡς
633 2641 844 2668 ὑποκατακλινό-

56 2697 139 2724 μενος
166 2688 236 2715 ὲκὼν
262 2690 355 2724 ἀγωγῇ
381 2689 480 2724 φαύλῃ,
505 2688 555 2723 τὴν
578 2688 735 2723 ἐπιθυμίαν,
754 2689 791 2723 πὴ
816 2688 844 2715 δὲ

55 2736 232 2769 παραιτεῖται
254 2735 344 2766 πάλιν,
364 2735 426 2760 ὅταν
449 2734 529 2769 φόϐος
546 2733 625 2761 αὑτὸν
640 2734 763 2761 ὁστισοῦν
778 2734 843 2760 ἁνα-

55 2779 161 2815 στείλῃ,
179 2780 195 2815 ἢ
217 2780 347 2816 ἐπιθυμία
369 2780 433 2814 γοῦν
450 2780 550 2815 ἀρετῆς
574 2779 756 2815 ἀνθελκούσης
776 2779 844 2814 πρὸς

56 2824 178 2860 ἑαυτήν·
206 2825 294 2859 δῆλον,
318 2826 355 2858 ὡς
384 2827 398 2852 ὁ
423 2826 550 2861 lancis/1;
574 2827 646 2852 ἐστιν
670 2827 684 2853 ο
712 2826 789 2861 μόνος
805 2827 844 2852 οξ-

896 2230 1024 2264 ascripta,
1040 2234 1067 2256 et
1087 2236 1141 2256 non
1164 2229 1282 2263 corpori.
1303 2235 1352 2254 nec
1379 2227 1424 2254 ulli
1440 2227 1485 2253 alii
1503 2224 1573 2260 parti
1597 2223 1680 2258 hujus

896 2276 1002 2303 animae.
1019 2274 1054 2303 Ut
1070 2274 1192 2310 nequitia
1212 2273 1324 2309 quidem
1345 2272 1562 2300 ratiocinationis
1580 2276 1681 2304 expers

895 2322 1008 2349 liberata
1026 2322 1062 2348 sit
1083 2329 1098 2348 a
1118 2321 1198 2355 eulpa
1215 2325 1297 2355 atque
1317 2319 1493 2347 accusatione
1510 2324 1604 2345 eorum
1618 2323 1678 2342 mas

894 2369 983 2395 lorum
1006 2376 1066 2403 φιλο
1083 2367 1155 2402 apud
1181 2374 1232 2394 nos
1250 2371 1330 2397 sunt,
1348 2365 1450 2399 quippe
1465 2372 1526 2391 cum
1545 2370 1597 2390 nec
1619 2362 1683 2396 ipsa,

895 2417 994 2445 exstet,
1016 2414 1213 2448 videanturque
1233 2413 1289 2440 haec
1309 2411 1460 2439 secundum
1475 2416 1627 2438 sermonem
1645 2407 1678 2434 il-

895 2460 958 2493 lius,
971 2468 1004 2487 ex
1020 2465 1096 2495 parte
1118 2459 1164 2486 Dei
1182 2459 1316 2494 depromi,
1335 2458 1396 2484 licet
1415 2457 1489 2484 nulla
1503 2456 1556 2482 alia
1573 2455 1680 2482 ratione

895 2514 959 2534 vera
985 2510 1133 2534 uteremur.
1162 2505 1190 2533 Si
1221 2505 1294 2533 enim
1326 2505 1418 2531 anima
1439 2510 1494 2529 non
1518 2502 1682 2529 discernens

896 2553 1054 2588 qualitatem
1072 2552 1240 2587 cupiditatis,
1256 2551 1289 2578 ad
1303 2551 1437 2577 actionem
1452 2548 1511 2575 sine
1523 2548 1577 2574 ulla
1594 2547 1682 2574 ratio-

895 2599 1031 2626 cinatione
1053 2599 1230 2634 procederet:
1253 2596 1388 2624 allii-mare
1408 2595 1470 2630 quis
1491 2597 1593 2628 posset,
1619 2600 1683 2628 quze

897 2644 1098 2671 inconsiderate
1121 2652 1153 2671 ac
1177 2649 1274 2678 praeter
1293 2643 1424 2670 rationein
1448 2641 1525 2670 ﬁunt,
1543 2647 1574 2666 ex
1603 2643 1680 2673 parte

895 2689 1010 2716 rationis
1031 2692 1142 2723 experte
1157 2689 1292 2724 depromi.
1308 2688 1355 2715 Sin
1377 2691 1468 2714 autem
1493 2691 1680 2720 saepenumero

896 2735 966 2762 ratio
988 2734 1046 2768 ipsa
1067 2734 1122 2768 jam
1145 2735 1221 2769 eligit
1241 2733 1427 2769 cupiditatem,
1449 2737 1577 2766 tanquam
1597 2736 1680 2765 prava

896 2780 1067 2807 institutione
1106 2779 1175 2806 ﬂexa
1203 2779 1310 2811 libens,
1332 2779 1389 2813 jam
1415 2785 1511 2805 rursus
1535 2775 1680 2811 repudiat,

895 2834 958 2854 cum
982 2825 1082 2860 aliquis
1102 2829 1191 2853 metus
1211 2834 1270 2854 eam
1292 2825 1428 2858 refrenat,
1447 2829 1495 2852 aut
1515 2822 1682 2852 desiderium
