1900 3070
244 124 313 153 ηοτ

800 115 880 154 ’τιτι
899 124 1110 153 BOSTRENSIS
1128 123 1278 152 muscum

1784 118 1843 145 H08

242 180 351 208 virtutis
369 180 402 207 ad
426 188 455 208 se
475 181 637 209 attrahenus
654 182 761 217 ;liquet
778 183 865 210 solum
890 184 1015 210 rationen

1074 183 1229 218 κειούμενος
1253 182 1286 209 τὰ
1313 182 1402 213 καλῶς
1429 190 1458 207 τε
1485 181 1530 208 καὶ
1553 180 1591 211 ὡς
1615 178 1716 214 ἑτέρως
1740 177 1843 213 πραττό-

242 233 314 260 esse,
338 233 398 261 qute
421 229 494 254 recte
519 231 546 254 et
572 234 655 262 prave
676 227 745 254 facta
773 227 826 254 sibi
853 228 971 255 vindicat
998 233 1025 254 et

242 271 363 298 asciscit.

279 316 328 344 Hic
340 321 466 345 versatur
485 321 511 345 et
526 318 644 346 vertitur
661 320 695 346 ad
710 319 908 347 occurrendum
929 323 1024 346 contra

241 363 369 390 exeussio
398 371 493 391 eorum
517 372 577 399 quae
603 365 674 392 male
693 374 707 392 a
733 365 882 392 Manichaee
910 365 1024 399 probata

242 411 306 435 sunt
334 416 342 434 :
373 416 428 435 non
454 410 546 442 enim,
576 414 605 438 ut
629 414 758 446 apparet,
788 411 873 438 ullum
902 411 1024 438 materia:

241 457 385 488 peccatum
402 458 443 482 est
457 455 486 482 in
502 456 604 484 nostris
620 457 783 489 actionibus,
799 457 847 484 sed
860 457 965 488 animas,
981 457 1023 484 vel

241 499 328 533 partis
347 499 430 534 hujus
452 508 513 535 qua:
533 505 574 528 est
589 502 702 530 rationis
717 502 864 537 particeps,
878 510 948 537 quae,
965 501 1022 528 Ma-

241 545 347 572 nichteo
358 549 480 579 auctore,
496 547 528 573 ad
545 551 648 581 partem
660 547 707 574 Dei
722 547 848 582 pertinet.

278 589 317 616 Ad
344 589 401 617 haec
426 591 448 618 si
473 592 618 623 accideret,
643 596 673 618 ut
699 592 726 618 in
746 592 780 619 iis
799 592 845 626 qui
864 591 1022 626 pudicitiam

241 635 345 672 colunt,
360 640 434 664 esset
449 637 571 669 insitum,
585 645 638 665 non
654 638 767 664 excitari
780 638 813 664 ad
827 638 1020 672 cupiditatem;

240 670 334 715 posset
352 682 414 716 quis
426 683 453 709 in
469 682 614 718 impudicis
627 683 743 711 liberare
755 685 887 712 rationem
902 692 916 710 a
930 684 1022 711 crimi-

241 727 334 759 nibus,
349 728 427 762 quasi
439 729 576 764 cupiditas
592 730 724 757 rationem
740 738 772 757 ex
789 734 846 758 toto
862 730 895 757 ab
908 730 1022 756 actioni-

241 773 293 800 lsus
316 778 462 806 averteret,
488 783 568 809 quam
595 776 770 810 cupiditatem
799 776 845 803 ille
870 775 937 803 dicit
960 783 1021 802 esse

241 826 273 845 ex
292 822 369 852 parte
392 820 465 847 mali.
491 819 542 847 Sed
559 821 581 848 si
596 821 657 856 quis
673 821 788 848 maxime
809 822 880 856 apud
905 829 952 848 eos
973 822 1018 855 qui

241 865 398 899 pudicitiam
424 866 634 901 amplectuntur,
657 868 706 894 hac
725 869 767 894 via
789 872 814 895 et
839 868 942 894 ratione
960 875 1018 894 eam

237 911 331 939 colere
346 912 474 947 reperiat.
491 913 563 948 quod
582 913 620 940 illi
642 914 804 948 cupiditates
822 918 925 940 natural
938 914 1019 940 ratio-

240 964 274 984 ne
287 956 393 984 frenant
407 961 434 985 et
447 959 576 986 cohibent
593 969 600 986 :
619 960 760 994 perspicue
775 960 957 992 concluditur,
975 967 1020 986 ra-

239 1001 341 1029 tionem
362 1010 423 1030 esse
444 1011 504 1038 quae
525 1004 660 1040 delinquit
679 1009 704 1032 et
721 1005 849 1032 virtutem
866 1005 942 1035 colit.
959 1013 1019 1040 qua:

239 1052 383 1083 utrumque
399 1053 425 1076 et
436 1050 560 1077 virtutem
575 1054 602 1078 et
617 1051 711 1078 vitium
723 1052 807 1079 novit.
825 1051 914 1084 Quare
928 1055 1018 1078 autem

239 1093 321 1120 insita
337 1094 417 1122 nobis
433 1096 468 1122 sit
481 1100 652 1130 peccatorum
665 1096 810 1131 cupiditas,
824 1097 946 1124 dicemus
956 1104 1018 1124 cum

238 1139 291 1165 erit
309 1145 501 1175 opportunum,
515 1142 645 1169 docentes
655 1162 663 1174 ,
685 1143 821 1177 pertinere
835 1144 886 1169 hoc
902 1150 1018 1169 maxime

238 1184 271 1211 ad
284 1185 489 1214 admirationem
506 1186 651 1215 Creatoris.

1077 238 1155 263 μενα.

1101 318 1162 344 ,Καὶ
1178 316 1245 352 πρὸς
1268 315 1419 342 τούναντίον
1439 313 1556 341 ἐνταῦθα
1570 314 1653 348 χωρεί
1673 311 1728 338 τῶν
1748 311 1844 336 ἀποδει-

1073 366 1211 400 κνυμένων
1234 362 1273 397 τῷ
1298 363 1416 389 Μάνεντι
1446 360 1536 391 κακῶς
1562 360 1578 394 ὴ
1604 359 1728 391 ἐξέτασις
1743 365 1749 370 ·
1777 357 1842 382 οὐδὲν

1072 412 1126 446 γὰρ
1140 411 1188 445 τῆς
1209 409 1283 444 ὕλης,
1301 409 1337 440 ὡς
1351 408 1447 439 ἔοικεν,
1467 408 1495 433 ὲν
1515 407 1569 436 τοῖς
1590 404 1650 431 καθ’
1672 404 1747 439 ἡμᾶς
1765 402 1843 437 ἀμάρ-

1071 466 1156 492 τημα,
1176 455 1243 483 ἀλλὰ
1253 455 1303 489 τῆς
1321 454 1410 489 ψυχῆς
1431 454 1447 487 ἦ
1469 452 1515 479 τοῦ
1531 451 1632 486 ταύτης
1648 448 1812 483 λογιστικοῦ,
1829 449 1842 483 ἢ

1071 505 1102 539 τῇ
1119 502 1165 529 τοῦ
1182 501 1282 536 ἀγαθοῦ
1300 500 1381 536 μοίρᾳ
1394 499 1513 534 προσῆκε
1530 498 1587 533 μετ’
1604 499 1718 523 ἐκεῖνον.

1106 589 1178 626 Πρὸς
1197 590 1226 616 δὲ
1249 589 1368 620 τούτοις,
1395 589 1418 614 ει
1442 589 1497 618 τοῖς
1521 586 1697 621 σωφροσύνην
1723 585 1844 612 ἀσκοῦσιν

1071 637 1197 671 ἀκίνητον
1215 635 1368 662 συνέϐαινεν
1385 633 1453 661 εἶναι
1471 634 1520 669 τὴν
1540 633 1595 664 ἓξιν
1610 632 1678 666 πρὸς
1696 631 1843 665 ἐπιθυμίαν,

1070 682 1224 718 ἀπήλλαξεν
1239 681 1271 708 ἄν
1284 690 1325 712 τις
1340 680 1415 716 παρὰ
1429 681 1484 711 τοῖς
1499 678 1724 705 ἀκολασταίνωσι
1744 677 1797 702 τῶν
1809 677 1846 709 ἐγ-

1070 728 1217 763 κλημάτων
1232 727 1277 753 τὸν
1294 726 1432 760 λογισμὸν,
1455 725 1492 755 ὡς
1510 726 1558 759 τῆς
1582 723 1731 758 ἐπιθυμίας
1746 722 1777 748 τὸ
1793 721 1845 747 ὅλον

1070 773 1276 808 ὰποφερομένης
1296 772 1349 798 τῶν
1372 771 1573 807 πραττομένων,
1590 770 1622 804 ἢν
1645 769 1678 795 ἂν
1700 769 1802 799 ἐκεῖνος
1818 769 1846 793 ὲκ

1069 821 1119 854 τῆς
1135 820 1180 846 τοῦ
1195 819 1278 846 κακοῦ
1295 818 1401 853 μερίδος
1417 818 1483 851 φαίη
1497 816 1647 851 τυγχάνειν.
1663 815 1695 841 ΕΞ
1711 814 1740 841 δέ
1756 822 1785 848 γε
1801 814 1847 848 μά-

1036 861 1056 889 Β
1070 866 1147 891 λιστα
1170 864 1244 899 παρὰ
1258 865 1313 894 τοῖς
1331 862 1502 898 σωφροσύνης
1516 860 1745 895 ἀντιποιουμένοις
1767 859 1845 894 ταύτῃ

1070 912 1100 937 τὸ
1110 910 1254 946 ἀσκητικὸν
1271 909 1344 944 εὖροι
1364 917 1405 939 τις
1419 908 1461 938 ἂν,
1476 908 1517 934 ὅτι
1540 906 1661 941 λογισμῷ
1682 906 1733 941 τῆς
1748 905 1847 939 (θύσεως

1071 957 1204 984 κωλύουσι
1220 955 1269 986 τὰς
1293 954 1438 990 ἐπιθυμίας
1450 963 1456 969 ·
1483 953 1574 988 σαφῶς
1594 952 1796 983 ἀποδείκνυται,
1813 952 1847 982 ὡς

1070 1004 1084 1029 ὁ
1100 1001 1228 1036 λογισμός
1245 1001 1318 1026 ἐστιν
1333 1002 1346 1027 ὁ
1361 1000 1527 1035 πλημμελῶν
1546 1008 1575 1026 τε
1597 998 1643 1025 καὶ
1663 997 1812 1032 κατορθῶν,
1833 997 1847 1022 ὁ

1071 1049 1188 1084 ἑκάτερα
1203 1047 1289 1078 εἰδὼς,
1308 1047 1407 1082 ἀρετήν
1421 1055 1449 1071 τε
1466 1045 1512 1071 καὶ
1527 1044 1635 1071 κακίαν.
1651 1044 1701 1069 Διὰ
1718 1043 1744 1069 τί
1761 1043 1847 1078 μέντοι

1070 1095 1188 1130 ἔμφυτος
1207 1095 1270 1128 ἡμῖν
1292 1093 1345 1119 τῶν
1364 1091 1567 1127 ἁμαρτημάτων
1583 1091 1599 1125 ἡ
1616 1089 1758 1124 ἐπιθυμία,
1781 1088 1847 1115 κατὰ

1071 1141 1162 1176 καιρὸν
1185 1139 1308 1176 ἐροῦμεν,
1335 1138 1539 1168 ἀποδεικνύντες
1566 1144 1597 1170 γε
1626 1135 1704 1162 τοῦτο
1735 1134 1847 1170 μάλιστα

1073 1186 1215 1213 συντείνειν
1231 1187 1270 1217 εἰς
1283 1185 1372 1220 θαῦμα
1386 1184 1432 1210 τοῦ
1449 1183 1698 1218 δημιουργήσαντος

708 1247 771 1273 CAP.
793 1246 910 1273 XXVIII.
929 1245 1103 1280 Conﬁrmatio
1117 1244 1224 1279 hujusce
1240 1244 1377 1270 doctrinm.

273 1300 349 1333 Quod
363 1305 452 1329 autem
470 1311 542 1330 nunc
555 1305 696 1338 quaeritur,
719 1305 742 1331 si
764 1313 815 1332 non
839 1305 906 1332 satis
923 1304 1017 1332 c0nfe~

238 1350 311 1373 ctum
328 1352 380 1379 est,
394 1349 468 1376 nullo
485 1349 565 1376 modo
576 1355 686 1384 peccata
700 1355 792 1378 nostra
804 1359 864 1378 esse
878 1358 946 1385 opus
965 1351 1016 1377 ali-

239 1392 318 1426 cujus
337 1394 457 1422 materim
477 1399 523 1422 aut
543 1397 680 1430 nequitiae,
700 1397 745 1424 sed
764 1401 859 1424 contra
873 1397 958 1424 solius
974 1404 1017 1423 ra—

239 1439 344 1472 tionis;
362 1439 425 1467 ticet
443 1441 524 1467 etiam
547 1442 625 1469 aliter
647 1442 808 1470 conﬁrmare
828 1443 898 1477 quod
914 1443 1016 1470 dictum

238 1488 290 1511 est.
307 1485 347 1511 An
364 1485 436 1512 aliud
449 1486 513 1521 quid
532 1487 622 1514 dicere
637 1492 750 1522 possunt
768 1495 828 1515 esse
842 1487 1016 1514 homicidium

238 1539 321 1565 quam
342 1532 453 1564 malum,
475 1536 501 1560 et
520 1533 712 1560 scortationem
739 1537 820 1568 atque
843 1533 1016 1564 adulterium,

238 1580 265 1604 et
285 1577 398 1610 furtum,
417 1581 444 1605 et
467 1568 655 1606 mendacinin?
673 1579 702 1606 Si
723 1587 776 1606 non
796 1579 868 1606 aliud
892 1582 1016 1614 possunt,

237 1623 412 1658 perspicuum
435 1628 478 1651 est
504 1624 575 1658 quod
592 1625 661 1650 mala
681 1628 772 1652 erunt.
789 1624 874 1657 Quid?
893 1625 916 1651 si
935 1625 1017 1659 jndex

237 1668 338 1695 occidit
358 1676 420 1696 eum
437 1669 484 1704 qui
508 1670 635 1704 iniuriam
659 1669 733 1702 fecit,
751 1670 839 1698 caedes
858 1670 939 1706 igitur
961 1671 1018 1705 lege

239 1713 383 1740 sancitur?
406 1714 487 1749 Atqui
509 1715 579 1743 idem
601 1715 691 1747 elllcit,
706 1716 751 1751 qui
770 1716 887 1743 violente
906 1716 1015 1748 occidit,

237 1763 263 1784 et
287 1759 332 1792 qui
355 1759 412 1794 lege
435 1768 441 1786 :
472 1760 519 1787 sed
538 1761 704 1795 propositum
730 1760 873 1796 distinguit
903 1761 1014 1788 factum.

237 1803 308 1836 Quin
324 1805 415 1839 potius
427 1805 521 1833 eadem
539 1810 581 1834 est
605 1807 676 1833 actio
690 1807 759 1840 ejus,
775 1807 820 1841 qui
835 1815 897 1834 cum
914 1815 973 1838 sua,
989 1810 1017 1834 et

237 1849 284 1882 qui
299 1856 361 1876 cum
379 1850 466 1877 aliena
478 1858 507 1878 se
518 1851 614 1879 miscet
627 1860 634 1884 ;
652 1851 699 1879 sed
712 1852 880 1886 propositum
897 1846 1014 1887 separat,

236 1902 296 1929 qua).
310 1895 437 1923 similiter
452 1895 523 1923 facta
539 1901 611 1924 sunt.

270 1940 403 1968 Praeterea
417 1941 501 1968 furari
517 1949 531 1968 a
543 1942 693 1970 Manichaee
703 1951 763 1978 qnze
779 1947 843 1970 sunt
858 1943 929 1978 apud
941 1951 1013 1972 eum.

238 1985 281 2012 vel
307 1986 498 2018 instrumenta,
520 1987 562 2014 vel
584 1988 671 2019 cibos,
705 1995 794 2015 annon
814 1989 920 2016 videtur
945 1989 1016 2015 idem

235 2039 306 2066 opus
325 2039 387 2059 esse
409 2036 490 2067 atque
510 2032 611 2060 furtum
627 2035 803 2063 criminosum
829 2035 938 2062 facere?
960 2043 1015 2062 non

236 2081 327 2104 tamen
355 2078 462 2105 ratione
484 2078 555 2106 idem
583 2083 644 2112 est,
671 2080 719 2107 sed
743 2081 850 2115 penitus
879 2081 1014 2108 differens.

236 2123 337 2151 Deinde
354 2123 378 2150 si
395 2122 489 2152 furens
503 2124 584 2152 homo
597 2125 722 2159 .gladium
739 2130 853 2161 repetat,
871 2134 950 2160 quem
968 2125 1015 2152 de-

1104 1303 1140 1330 Τὸ
1159 1303 1205 1329 νῦν
1223 1303 1251 1329 δὲ
1268 1302 1429 1337 ζητούμενον
1450 1300 1506 1334 εἴγε
1529 1300 1565 1335 μὴ
1587 1300 1731 1334 αὐτάρκως
1752 1299 1848 1326 ἁποδέ-

1068 1350 1182 1380 δεικται,
1196 1349 1232 1380 ὡς
1247 1347 1370 1382 οὐδαμῶς
1391 1346 1455 1381 ὖλης
1468 1345 1538 1376 τινὸς
1561 1345 1576 1379 ἢ
1602 1345 1699 1375 κακίας
1721 1344 1794 1370 ἐστὶν
1807 1344 1850 1378 ἕρ-

1069 1404 1115 1429 γον
1130 1395 1164 1421 τὰ
1180 1394 1301 1429 ἡμέτερα
1325 1392 1554 1428 πλημμελήματα,
1576 1391 1729 1417 τούναντίον
1754 1390 1783 1416 δὲ
1808 1389 1850 1424 μό-

1070 1450 1114 1468 νου
1136 1440 1182 1467 τοῦ
1198 1438 1341 1474 λογισμοῦ·
1361 1439 1447 1465 ἔνεστι
1465 1438 1518 1473 γὰρ
1540 1437 1587 1463 καὶ
1607 1437 1705 1472 ἑτέρως
1722 1436 1849 1470 συστῆναι

1069 1486 1107 1521 τῷ
1123 1485 1259 1520 λεγομένῳ
1271 1493 1277 1499 ·
1294 1483 1347 1520 ἄρα
1367 1484 1402 1519 μή
1418 1492 1443 1510 τι
1459 1483 1521 1510 ἄλλο
1540 1483 1655 1517 φήσαιεν
1677 1479 1746 1508 εἶναι
1761 1481 1848 1514 ςόνον,

1069 1532 1084 1567 ἢ
1108 1531 1201 1562 κακὸν,
1228 1531 1355 1566 πορνείαν
1371 1539 1399 1555 τε
1420 1530 1466 1555 καὶ
1486 1528 1620 1564 μοιχείαν,
1638 1527 1741 1562 κλοπήν
1761 1536 1791 1553 τε
1806 1527 1849 1552 καὶ

1066 1577 1162 1612 ψεῦδος
1177 1585 1184 1609 ;
1202 1576 1295 1611 Δῆλον,
1320 1576 1356 1607 ὡς
1381 1575 1456 1601 ἔσται
1484 1575 1600 1610 μάλιστα
1619 1573 1712 1600 κακία.
1734 1573 1766 1598 ΤΞ
1789 1571 1847 1604 03v;

1067 1624 1114 1650 ἐὰν
1131 1625 1144 1649 ὁ
1156 1622 1282 1658 δικαστὴς
1296 1623 1393 1657 ἀναιρῇ
1417 1622 1461 1648 τὸν
1480 1621 1628 1656 ἠδικηκότα
1644 1620 1788 1654 φονεύσας,
1806 1619 1851 1653 e6-

1067 1678 1111 1701 νος
1126 1667 1181 1704 ἆρα
1194 1668 1352 1703 νομισθείη;
1366 1667 1453 1694 καίτοι
1468 1667 1497 1693 τὺ
1513 1667 1592 1702 ἔργον
1606 1666 1702 1692 ταύτὸν
1720 1665 1767 1691 τοῦ
1784 1665 1850 1700 πρὸς

1068 1714 1127 1749 βίαν
1143 1714 1308 1748 φονεύοντος,
1333 1713 1380 1738 καὶ
1404 1711 1450 1738 τοῦ
1470 1712 1543 1746 νόμῳ
1568 1710 1758 1745 ἀναιροῦντος·
1787 1710 1802 1733 ὁ
1824 1709 1852 1735 δὲ

1068 1759 1166 1790 σκοπὸς
1183 1759 1298 1794 διίστησι
1317 1759 1346 1784 τὸ
1365 1757 1562 1793 πραττόμενον.
1586 1755 1667 1781 Ἀλλὰ
1688 1755 1735 1781 καὶ
1759 1755 1813 1790 μὴν
1835 1756 1851 1788 ἡ

1066 1806 1135 1841 αὑτὴ
1151 1805 1249 1841 πρᾶξις
1263 1805 1331 1840 πρὸς
1345 1806 1392 1840 τὴν
1409 1804 1476 1830 ἰδίαν
1490 1811 1518 1828 τε
1533 1803 1580 1828 καὶ
1597 1801 1740 1836 ἀλλοτρίαν
1752 1800 1794 1835 τῷ
1807 1801 1851 1826 ἀν-

1065 1850 1108 1885 δρὶ
1121 1851 1168 1885 τῆς
1185 1851 1341 1881 κοινωνίας·
1361 1851 1375 1875 ὁ
1391 1848 1418 1874 δὲ
1433 1847 1559 1882 λογισμὸς
1576 1844 1737 1881 χωρίζειτῷ
1756 1843 1851 1878 σκοπῷ

1065 1896 1099 1922 τὰ
1115 1896 1309 1932 παραπλησίως
1322 1895 1459 1930 γινόμενα.

1103 1943 1162 1968 Ἔτι
1179 1942 1232 1978 μὴν
1248 1942 1278 1968 τὸ
1293 1941 1390 1976 κλέψαι
1412 1940 1486 1976 παρὰ
1504 1940 1550 1967 τοῦ
1575 1941 1714 1972 Μάνεντος
1730 1941 1766 1967 τὰ
1784 1941 1851 1975 πρὸς

1065 1988 1210 2024 ἐπισουλὴν
1233 1988 1306 2024 αὐτῷ
1332 1988 1562 2024 παρακείμενα,ἢ
1589 1989 1730 2024 ἐργαλεῖα,
1745 1989 1764 2024 ῆ
1788 1989 1850 2023 ὕψει,

1066 2035 1124 2066 πῶς
1140 2035 1189 2061 οὐκ
1205 2034 1237 2061 ἂν
1262 2034 1345 2066 δόξειε
1366 2035 1462 2061 ταύτόν
1483 2043 1515 2068 γε
1528 2033 1596 2060 εἶναι
1611 2034 1642 2060 τὺ
1663 2034 1745 2070 ἔργον
1762 2035 1850 2070 χλοπῇ

1065 2083 1098 2116 τῇ
1120 2081 1334 2116 matiam-quem;
1360 2080 1390 2106 οὺ
1418 2080 1507 2115 μέντοι
1532 2079 1629 2106 ταύτὸν
1653 2080 1692 2115 τῷ
1708 2080 1851 2116 λογισμῷ,

1066 2127 1133 2154 ἀλλὰ
1153 2127 1239 2162 πάντη
1264 2126 1400 2161 διάφορον.
1417 2125 1488 2161 Πρὸς
1504 2126 1532 2152 δὲ
1551 2126 1657 2158 τούτοις
1673 2127 1698 2153 εἰ
1720 2126 1851 2161 ἀπαιτοξη

235 2169 325 2203 posuit
342 2177 415 2198 sanae
426 2171 526 2198 mentis
543 2179 604 2198 cum
617 2176 699 2203 esset,
714 2176 743 2198 ut
760 2180 870 2200 necesse
884 2172 918 2199 sit
933 2172 957 2199 ci
971 2172 1013 2199 cui

1072 2174 1161 2208 advel;
1183 2173 1325 2208 ἄνθρωπος
1339 2173 1431 2207 ξίφος,
1448 2173 1516 2208 ὅπερ
1537 2173 1670 2209 παρέθετο
1685 2174 1799 2209 νήφων,
1816 2174 1851 2206 ὡς

233 2216 411 2244 commissum
431 2221 471 2243 est
494 2216 647 2252 depositum
674 2218 782 2245 mentiri
804 2226 856 2245 non
883 2226 912 2245 se
934 2224 1013 2245 acce-

233 2261 317 2296 pisse,
332 2261 397 2296 quid
416 2262 505 2290 verbis
525 2261 613 2289 diﬂ‘ert
630 2263 800 2291 mendacium
816 2270 831 2290 a
855 2271 918 2290 vera
932 2262 1010 2298 perli-

232 2307 287 2340 dia,
304 2308 356 2335 nisi
370 2309 509 2344 proposito
526 2310 739 2338 asseverantium
754 2309 969 2337 discernantur?

268 2398 304 2426 Ex
320 2399 362 2427 his
378 2400 460 2435 igitur
476 2405 551 2436 patet
573 2403 707 2430 actionem
735 2407 764 2429 ut
788 2402 934 2437 plurimum
959 2409 1012 2429 non

233 2452 281 2480 per
308 2452 338 2472 se
364 2447 519 2481 explorari,
542 2448 589 2475 sed
608 2453 725 2476 mentem
751 2449 792 2475 vel
821 2448 1012 2482 cogitationem

230 2488 291 2520 ejus
307 2489 353 2523 qui
367 2491 497 2525 suscepit.
514 2491 614 2519 Eadem
631 2493 701 2520 ratio
717 2493 743 2520 in
765 2493 912 2520 contrariis
934 2500 1012 2527 repe-

229 2533 279 2560 riri
297 2540 396 2568 potest.
422 2536 451 2564 Si
473 2537 535 2572 quis
547 2538 619 2566 enim
638 2539 779 2573 pecuniam
790 2539 831 2566 vel
854 2539 1012 2566 alimentum

230 2579 368 2615 impertiat
382 2585 482 2618 egenti,
498 2593 554 2612 non
571 2590 600 2612 ut
617 2586 654 2612 illi
672 2585 786 2619 benigne
806 2584 895 2616 faciat,
918 2585 965 2613 sed
984 2588 1014 2612 ut

229 2625 338 2654 laudem
352 2634 447 2655 eorum
457 2629 504 2664 qui
515 2630 607 2657 vident
624 2634 792 2664 aucupetur;
809 2637 898 2657 nonne
909 2630 1014 2665 perspi-

229 2678 310 2698 cuum
329 2678 371 2700 est
387 2673 487 2701 factum
504 2676 614 2710 quidem
629 2683 690 2703 esse
701 2676 913 2711 pulcherrimum
928 2681 955 2704 et
966 2678 1010 2704 be-

229 2716 352 2751 nignum,
365 2721 533 2755 propositum
551 2725 639 2749 tamen
654 2722 732 2749 valde
756 2723 859 2750 humile
882 2727 909 2750 et
923 2723 1013 2750 crimi-

231 2764 349 2790 nosum?
364 2764 390 2791 Si
408 2766 469 2800 quis
491 2767 594 2801 prolixe
604 2772 730 2801 precetur
748 2771 775 2795 et
799 2768 954 2803 frequenter
971 2768 1014 2802 je-

229 2807 317 2842 junet,
334 2811 488 2846 religionem
511 2818 537 2841 et
562 2814 730 2844 tolerantiam
750 2815 906 2843 hominibus
921 2818 1011 2842 osten-

1065 2219 1211 2252 ἀναγκαῖον
1225 2217 1293 2245 εἴναι
1304 2218 1341 2253 τῷ
1357 2218 1545 2254 ὑποδεξαμένῳ
1559 2219 1712 2253 ψεύσασθαι
1727 2220 1765 2255 μὴ
1782 2220 1851 2254 εἰλη-

1066 2265 1159 2298 φέναι·
1181 2264 1252 2290 κατὰ
1278 2264 1305 2290 τί
1319 2263 1352 2290 ἂν
1370 2264 1491 2298 διαφέροι
1505 2265 1562 2295 τοῖς
1577 2265 1681 2299 ῥήμασι
1706 2265 1737 2291 τὸ
1755 2265 1852 2299 $577.)»;

1066 2310 1133 2344 πρὸς
1149 2309 1197 2345 τὴν
1214 2309 1297 2340 ὅντως
1311 2309 1516 2344 ἀγνωμοσύνην,
1529 2311 1553 2336 εί
1571 2310 1608 2345 μὴ
1621 2310 1661 2345 τῷ
1680 2311 1779 2346 σκοπῷ
1795 2311 1851 2337 δια-

1065 2357 1183 2392 κρίνοιτο
1196 2356 1249 2382 τῶν
1263 2356 1473 2391 ίσχυριζομένων
1486 2365 1492 2387 ;

1100 2402 1182 2437 Δῆλον
1197 2402 1339 2437 τοιγαροῦν
1357 2402 1388 2429 ἐκ
1403 2402 1521 2434 τούτων,
1536 2402 1574 2434 ὡς
1586 2403 1647 2429 οὐδὲ
1667 2405 1683 2438 ἡ
1701 2404 1805 2439 πρᾶξις
1817 2405 1851 2435 ὡς

1064 2449 1110 2474 ἐπὶ
1125 2448 1191 2474 πολὺ
1212 2448 1270 2474 καθ’
1296 2448 1393 2482 ἑαυτὴν
1416 2447 1610 2482 δοκιμᾶζεται,
1631 2448 1688 2475 ἀλλ’
1709 2450 1726 2484 ἡ
1748 2449 1852 2476 διάνοια

1065 2495 1112 2521 καὶ
1123 2495 1138 2520 ὁ
1151 2493 1278 2528 λογισμὸς
1296 2492 1342 2519 τοῦ
1358 2493 1510 2527 μετιόντος-
1530 2492 1606 2527 εὖροι
1622 2493 1677 2529 γὰρ
1693 2494 1726 2520 ἄν
1744 2503 1791 2526 τις
1811 2495 1854 2520 καὶ

1064 2541 1161 2571 ἐντοῖς
1179 2539 1309 2570 ἐναντίοις
1325 2539 1370 2565 τὸν
1391 2539 1470 2565 αὑτὸν
1492 2539 1578 2571 λόγον.
1605 2540 1635 2565 ΕΞ
1648 2539 1705 2574 γὰρ
1723 2541 1853 2575 μταᾱίη

1063 2594 1105 2617 τις
1123 2584 1270 2621 χρημάτων
1291 2584 1307 2619 ἢ
1330 2584 1431 2619 τροφῆς
1453 2584 1491 2619 τῷ
1510 2585 1662 2620 πενομένῳ,
1676 2586 1728 2612 οὐκ
1750 2587 1855 2612 ἐκεῖνον

1065 2631 1360 2667 φιλανθρωπευόμενος,
1373 2631 1417 2658 τδν
1430 2631 1458 2657 δὲ
1475 2631 1550 2667 παρὰ
1561 2632 1616 2658 τῶν
1636 2631 1768 2668 ὁρώντων
1780 2633 1857 2659 ἔπαι-

1064 2686 1109 2704 νον
1124 2676 1280 2713 θηρώμενος
1293 2685 1299 2691 ·
1315 2676 1372 2707 πῶς
1385 2677 1415 2702 οὐ
1432 2676 1520 2710 δῆλον,
1533 2677 1570 2708 ὡς
1582 2676 1614 2703 τὸ
1625 2675 1677 2712 μἐν
1691 2678 1777 2714 ἔργον
1793 2677 1856 2703 κάλ-

1064 2724 1153 2750 λιστον
1168 2725 1216 2750 κα)⁵
1236 2722 1434 2757 φιλάνθρωπον,
1453 2724 1467 2749 ό
1483 2722 1510 2748 δὲ
1528 2723 1629 2753 σκοπὸς
1650 2723 1712 2750 λίαν
1727 2722 1853 2752 ταπεινὸς

1065 2770 1111 2796 καὶ
1126 2769 1352 2804 διαὸεὸλημένοςς
1373 2769 1405 2795 El
1421 2769 1450 2795 δέ
1468 2777 1508 2800 τις
1529 2769 1575 2795 καὶ
1599 2770 1786 2805 προσεύχοιτο
1804 2777 1852 2804 μα·

1066 2815 1128 2851 κρὰ,
1146 2815 1191 2840 καὶ
1208 2814 1330 2850 νηστεύοι
1347 2814 1445 2846 πυκνὰ,
1462 2814 1616 2849 ἀνθρώποις
1637 2815 1786 2842 εὐλάϐειαν
1801 2815 1854 2850 ἄξιε
