1900 3070
48 127 118 155 “09

598 131 783 160 ADVERSUS
804 131 1015 160 MANICHJEOS
1035 131 1099 158 LlB.
1119 131 1141 158 l.

1607 129 1675 156 “[0

45 185 93 211 χά).
114 185 265 221 καρτερίαν
285 183 518 222 ἐπιδεικνύμενος·
543 187 664 224 εὔδηλον,
686 189 723 221 ὡς
740 190 769 217 οὐ
792 191 835 218 διὰ

895 198 958 224 ,ans,
974 190 1060 225 liquet
1076 197 1131 216 non
1148 195 1209 216 esse
1224 192 1335 223 propter
1349 195 1419 223 opus
1437 186 1613 217 laudandam,
1629 186 1675 213 sed

45 231 75 257 τὸ
90 231 173 266 ἔργον
187 232 219 258 ἂν
231 233 343 264 εἰκότως
357 234 523 270 ὲπαινεθείη,
540 235 585 262 διὰ
597 235 625 262 δὲ
643 236 688 263 τὸν
706 236 768 263 νοῦν
780 237 834 263 τῶν

46 278 244 313 πραττομένων
268 280 393 316 ψεχθείη.
416 281 452 307 Οὐ
473 280 525 316 μὴν
547 281 604 308 ἀλλ’
631 282 657 308 εἴ
683 291 725 314 τις
744 283 835 317 ἕτερος

46 325 214 360 σωφρονοίη,
226 325 336 352 καὶτῶν
347 335 379 360 γε
394 326 522 354 πλειόνων
534 327 684 364 ἐπιθυμιῶν
698 329 834 364 ἀπέχοιτο,

45 371 76 396 οὐ
107 369 186 406 πόθῳ
215 372 264 406 τῆς
290 372 411 407 ἀρετῆς,
437 374 523 408 φειδοῖ
538 373 566 400 δὲ
595 374 758 410 χρημάτων·
786 376 836 402 οὑκ

44 415 169 452 εὔδηλον,
186 417 223 449 ὡς
233 418 247 443 ό
261 418 381 451 τοιοῦτος
391 419 434 445 διὰ
447 420 532 452 πάθος
544 420 639 447 παθῶν
652 421 752 457 ἐτέρων
769 430 836 456 κρα-

44 464 97 493 τεῖ,
111 463 198 498 αὐτὴν
211 463 243 499 δὴ
257 464 305 499 τὴν
321 464 393 491 κατὰ
404 466 434 491 τὸ
447 466 606 502 φαινόμενον
616 467 764 503 καρτερίαν
776 467 836 494 ἀντὶ

44 509 148 540 κακίας
160 508 199 544 τῷ
211 509 303 545 σκοπῷ
319 511 532 546 μετερχόμενος;

79 594 112 621 ΕΞ
123 595 215 621 τοίνυν
228 595 357 628 πολλάκις
368 597 414 623 καὶ
427 597 460 624 τὰ
472 598 636 634 νομιζόμενα
644 599 718 626 κακά
731 600 763 634 τῇ
777 600 836 626 δια-

43 640 104 676 νοίᾳ
112 640 161 667 τοῦ
171 641 336 676 πράττοντος
350 643 440 677 ἀγαθὰ
449 644 636 679 ἀναφαίνεται,
647 646 663 681 ἢ
676 646 742 681 μηδὲ
751 646 834 679 κακὰ,

44 687 92 713 καὶ
101 687 259 714 τούναντίον
270 688 304 714 τὰ
314 688 360 714 ἐπὶ
368 689 397 715 τὸ
409 689 512 723 βέλτιον
521 690 709 726 ὑπειλημμένα
717 692 754 723 ὡς
763 692 836 718 κακά

43 731 214 767 διελέγχεται
227 735 259 769 τῇ
274 734 378 769 αἱρέσει
392 736 439 762 καὶ
456 735 494 770 τῷ
510 736 606 771 ’σκοπῷ
620 736 666 763 τοῦ
683 737 833 772 μετιόντος·

44 778 86 809 τίς
103 777 138 805 ἂν
155 778 195 805 ἔτι
210 779 302 806 λοιπὸν
315 781 466 816 ἀντιλέγειν
483 782 550 817 ἔχοι,
563 782 600 814 ὡς
616 783 665 818 οὐχ
680 785 706 809 αἱ
723 783 836 818 πράξεις

44 823 82 855 ὠς
103 825 153 851 ἐπὶ
166 825 233 852 πολὺ
250 826 325 862 παρά
338 835 369 861 γε
382 829 415 862 τῇ
428 828 541 864 ἀληθείᾳ
561 828 764 864 δοκιμάζονται,
780 830 793 855 ὀ
807 829 837 855 δὲ

43 869 109 902 νοῦς
123 872 182 897 ἐστι
195 871 249 898 τῶν
264 873 457 909 πραττομένων
473 875 487 901 ό
500 874 727 910 βασανιζόμενος;

78 960 151 986 Ποῖα
160 961 249 987 τοίνυν
263 961 331 998 ἔργα
343 964 376 999 τῇ
386 963 470 999 κακίᾳ
485 963 665 999 λογιούμεοα;
682 963 715 990 τὰ
728 964 836 990 δοκοῦν-

43 1015 78 1033 τα
93 1005 165 1034 εἶναι
182 1008 264 1040 κακὰ,
281 1010 351 1045 ἅπερ
366 1011 439 1037 ἐστὶν
455 1011 605 1045 ἀγαθὰ,ὅτε
620 1011 721 1047 ἀρετῆς
735 1011 836 1047 διανοίᾳ

44 1053 216 1088 πράττεται;
232 1056 299 1082 Ποῖα
317 1056 345 1082 δὲ
360 1056 399 1092 τῷ
411 1057 505 1093 ἀγαθῴ
521 1057 708 1093 ἁναθήσομεν;
724 1057 758 1083 τὰ
772 1065 835 1091 φαι-

44 1099 148 1134 νόμενα
162 1100 262 1134 ἀγαθὰ,
282 1101 352 1137 ειπερ
373 1102 494 1138 λογισμῴ
508 1103 580 1130 κακὰ
598 1103 717 1136 γίνεται;
732 1101 836 1129 Οὐκοῦν

44 1145 195 1181 ἀποτόμως
209 1147 336 1183 οὐδέτερα
349 1147 493 1183 οὐδετέρῳ·
505 1148 584 1183 μόνον
599 1148 627 1174 δὲ
639 1148 670 1175 τὺ
682 1147 835 1182 λογιστικὸν

43 1192 93 1217 καὶ
110 1193 348 1227 ἡγεμονικώτατον
366 1193 412 1220 τοῦ
428 1193 473 1220 νοῦ
490 1194 536 1221 τοῦ
551 1194 714 1230 πράττοντος
733 1194 836 1229 διακρι-

44 1237 158 1272 νοῦμεν,
177 1239 290 1274 πότερον
306 1239 392 1275 ὀρθῶς
417 1240 548 1276 μετῆλθεν
568 1241 584 1277 ἢ
609 1241 646 1276 μὴ
667 1241 697 1267 τὸ
718 1240 837 1276 πραττό-

45 1292 144 1318 μενον·
160 1284 190 1310 τὸ
202 1285 229 1311 δὲ
242 1286 478 1321 ἡγεμονικώτατον
493 1287 542 1322 τῆς
557 1286 603 1313 τοῦ
622 1286 765 1323 ἀνθρώπου
780 1287 837 1313 δια-

43 1330 133 1362 νοίας,
144 1331 185 1357 ("nn
197 1333 352 1373 παντάπασι
370 1335 490 1370 προσῆκε
505 1334 575 1361 κατά
587 1334 632 1360 τὸν
645 1333 748 1361 ἐκείνου
758 1333 836 1368 λόγον

42 1377 83 1413 τῷ
99 1378 215 1412 βελτίονι
229 1379 308 1415 μέρει
318 1380 368 1415 τῆς
380 1380 539 1416 ψυχῆς,κᾶν
556 1381 686 1416 μυριάκις
700 1381 836 1416 μαίνοιντο

42 1425 67 1451 οἱ
84 1426 119 1451 ἐκ
133 1425 181 1452 τοῦ
195 1427 343 1459 Μάνεντος,
359 1428 408 1454 οὐκ
424 1428 456 1454 ἂν
472 1428 623 1464 ἀρνηθεῖεν.

80 1469 195 1498 Ἀδικον
209 1471 352 1506 τοιγαροῦν
368 1471 505 1503 παντελῶς
518 1472 608 1508 κρίσιν
622 1472 692 1499 κατὰ
707 1472 757 1507 τῆς
770 1473 835 1508 παρ’

43 1514 129 1541 αὐτοῦ
145 1516 333 1551 πεποιημένης
348 1516 413 1552 ὕλης
431 1517 586 1552 ἐξενήνοχεν
609 1518 622 1544 ὁ
638 1517 743 1552 Μάνης.
762 1518 836 1544 ἀντι-

43 1561 132 1594 θεὶςᾶ
153 1562 284 1598 μηδαμῶς
301 1564 369 1598 αὐτῇ
388 1564 535 1599 προσῆκεν,
555 1564 612 1598 εἴγε
630 1564 676 1590 καὶ
690 1564 836 1599 ἐτύγχανεν

41 1605 112 1634 οὖσα
141 1608 196 1634 τῶν
234 1609 310 1644 παρὰ
345 1609 499 1645 ἀνθρώποις
525 1610 719 1645 πραττομένων
744 1610 836 1637 αἰτία·

43 1654 203 1681 τούναντίον
216 1655 243 1681 δὲ
256 1656 356 1691 μᾶλλον
366 1656 415 1691 τῆς
426 1656 472 1682 τοῦ
483 1656 585 1690 ἀγαθοῦ
600 1656 707 1692 μερίδος
720 1656 837 1690 εὐλόγως

43 1698 78 1726 ἂν
93 1701 254 1736 νομισθείη,
272 1701 328 1735 εἴγε
351 1702 478 1733 ἐναντίως
499 1702 549 1728 ’δύο
567 1702 639 1734 τινές
665 1702 732 1729 εἰσιν
755 1702 837 1738 ἀρχαὶ

44 1746 119 1772 κατὰ
132 1746 181 1781 τὴν
196 1747 299 1774 ἐκείνου
313 1748 421 1782 μανίαν.

889 241 1000 272 propter
1013 241 1130 263 mentem
1147 242 1228 270 quam
1241 235 1268 261 in
1283 235 1317 261 iis
1329 242 1389 269 quae
1406 233 1471 261 fecit
1495 233 1589 260 habuit
1605 232 1675 258 vitu-

886 283 1048 318 perandum.
1072 280 1226 314 Quinetiam
1251 280 1273 307 si
1295 280 1357 314 quis
1373 280 1443 307 alius
1458 285 1613 310 temperans
1628 278 1674 308 sit.

886 337 913 357 et
934 337 948 356 a
973 328 1068 356 multis
1082 327 1280 360 cupiditatibus
1312 326 1446 353 abstineat
1463 333 1516 352 non
1537 323 1675 351 desiderio

886 375 1006 408 virtutis,
1023 375 1070 402 sed
1086 377 1116 401 ut
1135 373 1254 408 pecuniae
1269 378 1374 407 parcat.
1400 379 1489 398 annon
1506 371 1572 398 satis
1586 369 1675 397 mani-

887 421 986 449 festum
1004 424 1046 448 est
1067 420 1140 447 hunc
1155 419 1202 454 qui
1222 419 1262 446 sic
1281 421 1334 449 est,
1348 417 1489 444 aﬁ'ectione
1517 416 1674 444 aﬁcctiones

887 467 953 494 alias
967 467 1095 498 vincere,
1121 466 1207 500 ipsam
1234 472 1298 492 vero
1317 463 1488 491 tolerantiam
1515 462 1604 497 specie
1627 469 1674 489 ex—

887 514 1023 540 trinsecus
1041 515 1189 547 apparenle
1204 519 1254 546 pro
1269 510 1390 545 nequitia
1414 509 1506 536 animo
1528 513 1555 536 et
1572 515 1674 543 propo-

886 561 939 588 sito
955 559 1112 594 suscipere?

922 606 949 633 Si
966 606 1047 641 igitur
1064 613 1134 640 smpe
1146 612 1206 639 quae
1222 611 1304 638 prava
1319 603 1520 634 existimantur,
1536 611 1569 629 ex
1584 602 1674 629 animo

887 652 1013 680 facientis
1027 651 1142 679 honesta
1157 657 1218 677 esse
1234 653 1379 685 apparent;
1397 649 1437 676 vel
1449 655 1509 684 quae
1522 655 1575 674 non
1591 654 1674 682 prava

886 698 1088 728 existimantur.
1106 697 1153 724 sed
1180 700 1277 724 contra
1295 696 1387 731 potius
1413 695 1528 722 honesta
1554 698 1581 721 et
1604 693 1674 720 bona

887 747 1027 779 putantur,
1050 743 1192 770 voluntate
1207 746 1234 769 et
1250 742 1392 777 proposito
1411 740 1590 775 suscipientis
1606 745 1675 766 00n-

887 790 1033 817 vincuntur
1049 789 1187 824 nequitiae,
1205 788 1267 823 quis
1289 787 1345 823 jam
1361 791 1451 822 potest
1467 785 1653 814 contradicere
1666 804 1674 815 .

886 843 919 863 ex
935 843 1031 870 magna
1050 838 1125 870 parte
1139 835 1262 862 actiones
1285 841 1339 861 non
1367 833 1438 868 apud
1465 833 1606 860 veritatem
1632 839 1676 859 ex-

887 882 1004 916 plorari;
1020 886 1136 908 mentem
1149 888 1213 908 vero
1234 887 1306 912 esse,
1324 887 1385 915 qua:
1408 879 1435 906 in
1456 879 1490 906 iis
1505 886 1565 914 quae
1589 885 1675 913 agun-

887 931 941 956 tur.
955 927 1109 954 excutitur?

921 967 986 1000 Qua:
998 968 1079 1003 igitur
1094 975 1176 1002 opera
1190 967 1359 995 ascribemns
1371 965 1517 1001 nequitia?
1526 965 1608 992 illane
1615 971 1676 999 qua:

886 1014 1011 1041 videntur
1024 1015 1103 1045 mala.
1118 1022 1178 1048 quae
1194 1014 1304 1049 quidem
1320 1017 1384 1040 sunt
1397 1013 1480 1044 bona,
1504 1011 1615 1046 quando
1628 1018 1675 1037 ra-

886 1062 959 1088 tione
975 1061 1083 1088 virtutis
1107 1060 1192 1087 ﬁunt?
1220 1061 1285 1093 Quae
1311 1067 1375 1087 vero
1401 1059 1568 1086 asciscemus
1585 1056 1677 1084 bono?

886 1115 920 1134 an
945 1115 1006 1142 quae
1028 1111 1160 1141 apparent
1183 1107 1253 1134 bona
1268 1114 1338 1137 esse,
1356 1113 1415 1141 qum
1439 1104 1547 1140 quidem
1570 1103 1676 1130 ratione

886 1150 957 1177 mala
969 1150 1060 1177 ﬁunt?
1073 1150 1159 1185 Igitur
1168 1155 1264 1178 neutra
1277 1150 1365 1177 neutri
1378 1148 1568 1177 solummodo:
1586 1147 1675 1174 solum

885 1196 1031 1228 rationem,
1050 1200 1077 1223 et
1101 1196 1172 1232 quod
1189 1196 1216 1222 in
1237 1200 1327 1223 mente
1343 1195 1476 1222 actionem
1494 1192 1670 1228 suscipientis

886 1241 1052 1277 pnecipuum
1063 1245 1114 1274 est,
1131 1241 1354 1276 dijudicabimus,
1371 1244 1461 1268 utrum
1486 1244 1559 1266 recte
1581 1246 1676 1266 susce-

885 1287 937 1323 pit,
952 1296 986 1314 an
1001 1295 1091 1316 secus.
1104 1287 1182 1321 Quod
1196 1292 1285 1315 autem
1299 1287 1417 1314 maxime
1439 1285 1586 1321 principale
1599 1292 1676 1312 men-

885 1335 920 1363 tis
936 1335 1054 1362 hominis
1067 1338 1119 1366 est,
1133 1335 1268 1369 pertinere
1288 1334 1321 1361 ad
1335 1333 1474 1360 meliorem
1500 1336 1603 1367 partem
1620 1331 1678 1358 ani.

886 1387 953 1412 mae,
970 1383 1001 1406 ut
1015 1380 1060 1407 illc
1081 1379 1183 1413 tradit,
1209 1379 1273 1406 licet
1301 1379 1406 1406 inﬁnite
1432 1378 1571 1406 insaniant
1588 1376 1676 1404 Mani-

885 1426 966 1457 chazi.
983 1434 1036 1453 non
1051 1430 1166 1461 possunt
1185 1433 1294 1461 negare.

921 1471 1046 1505 Iniquum
1062 1471 1144 1506 igitur
1165 1470 1298 1505 judicium
1315 1470 1500 1506 pronuntiavit
1512 1468 1678 1496 Manichacus

885 1521 981 1544 contra
996 1517 1137 1544 materiam
1155 1525 1171 1544 a
1193 1524 1223 1545 se
1250 1516 1362 1550 factam,
1390 1516 1532 1550 assignans
1558 1514 1597 1541 illi
1618 1521 1679 1548 quae

888 1564 964 1592 nullo
978 1568 1058 1599 pacto
1075 1565 1099 1591 ei
1124 1564 1343 1596 conveniebant,
1366 1565 1389 1592 si
1414 1569 1508 1591 eorum
1531 1570 1592 1598 quae
1606 1562 1678 1597 apud

891 1610 1016 1641 homines
1032 1610 1115 1642 ﬁunt,
1143 1617 1226 1638 causa
1244 1614 1312 1638 erat.
1341 1610 1397 1638 lmo
1423 1613 1517 1637 contra
1535 1608 1625 1644 potius
1642 1607 1678 1634 ad

892 1661 997 1692 partem
1014 1657 1077 1684 boni
1096 1657 1290 1684 convenienter
1312 1656 1409 1684 rationi
1428 1656 1565 1691 pertinere
1581 1653 1678 1682 existi-

889 1708 1046 1735 marentur,
1081 1703 1105 1731 si
1137 1703 1190 1731 duo
1225 1702 1348 1738 quaedam
1377 1702 1512 1738 principia
1540 1699 1678 1729 contraria

889 1753 963 1781 sunt,
979 1754 1007 1776 ut
1023 1749 1068 1776 ille
1085 1748 1182 1776 insane
1198 1748 1291 1776 tradit.

132 1814 198 1841 CAP.
217 1813 313 1841 XXIX.
333 1815 375 1841 An
390 1819 545 1849 potestatem
561 1814 711 1849 absorptam
731 1815 826 1841 iterum
846 1816 939 1849 recepit
958 1815 1035 1843 Deus.
1055 1815 1169 1843 Manelis
1186 1815 1352 1851 blasphemia:
1365 1815 1488 1842 adversus
1502 1814 1595 1841 Deum.

81 1873 251 1905 Σπουδάζειν
276 1874 304 1900 δέ
320 1883 385 1909 φησι
403 1875 447 1900 τὸν
470 1874 536 1901 Θεὸν
560 1874 610 1909 τὴν
637 1873 837 1901 καταποθεῖσαν

43 1920 174 1955 δύναμιν,
187 1920 220 1955 ἣν
231 1920 309 1946 καλεῖ
317 1919 406 1955 ψυχὴν
419 1920 556 1953 ἁπάντων,
566 1918 644 1952 αὖθις
660 1921 729 1954 πρὸς
744 1920 838 1947 ἑαυτὸν

43 1965 230 1997 ἀναδέξασθαι
242 1975 249 1981 ·
261 1966 304 1992 ἵνα
317 1965 354 2001 μὴ
368 1966 398 1992 τὸ
406 1966 503 1992 ἑαυτοῦ
519 1966 679 2001 ἀπεράντως
693 1966 736 1995 ἀεὶ
753 1975 838 2002 προσ-

43 2011 192 2047 δεδεμένον
207 2013 240 2047 τῇ
258 2011 318 2047 ὕλῃ,
333 2012 379 2038 καὶ
392 2012 596 2048 τιμωρούμενον
613 2012 732 2048 διατελῇ.
748 2012 780 2038 Τί
793 2009 840 2038 οὖν

43 2059 97 2094 τὴν
113 2057 203 2093 ἀρχὴν
220 2058 389 2094 παρεϐάλετο
409 2058 501 2089 τοῦτο,
518 2058 587 2085 ὥστε
608 2058 734 2085 τοσοῦτον
755 2059 840 2086 αἰῶνα

47 2100 115 2139 μηδ’
126 2103 294 2130 ἀναπνεῦσαι
306 2104 463 2140 δυνηθῆναι,
476 2105 523 2131 καὶ
537 2105 617 2132 πλέον
630 2106 724 2132 παθεῖν
740 2104 840 2140 μᾶλλον

45 2151 63 2186 ἢ
80 2151 200 2185 δρᾶσαι;
217 2150 248 2176 Et
265 2150 313 2185 μὲν
326 2150 381 2186 γὰρ
397 2153 534 2186 περιεῖχεν
545 2153 559 2178 ὁ
572 2151 667 2187 μῦθος,
677 2153 715 2184 ὡς
730 2151 774 2179 τοῦ
790 2151 839 2187 μὲν

45 2194 119 2222 θεοῦ
140 2195 222 2230 μηδὲν
242 2195 415 2232 ὑϐρισθέντος
432 2197 470 2228 εἰς
489 2197 538 2232 τὴν
560 2196 627 2223 ἰδίαν
643 2197 751 2229 οὐσίαν,
771 2197 840 2232 μήτε

47 2241 124 2268 κατά
138 2241 205 2284 γοῦν
217 2241 246 2268 τὸ
262 2241 430 2277 βραχύτατον
446 2242 618 2278 ἐνσχεθέντας
634 2243 694 2276 λίαν
710 2243 842 2279 ἀπρεπῶς

45 2288 82 2322 τῇ
113 2286 185 2322 ὕλῃ,
209 2287 265 2313 ἀλλ’
289 2288 381 2323 ἐτέρου
406 2288 437 2324 δή
462 2297 533 2320 τινος
555 2289 770 2324 ἀλλοτριωτάτου
793 2289 843 2323 τῆς

45 2331 135 2359 αὑτοῦ
150 2331 271 2366 φύσεως,
287 2331 345 2367 ἅμα
368 2333 396 2359 δὲ
420 2333 467 2360 καὶ
487 2333 568 2365 εὐθὺς
592 2333 776 2369 ἐξαιρεθέντος
796 2334 843 2361 καὶ

45 2376 168 2409 τούτου,
195 2377 232 2409 ὡς
250 2378 279 2404 ὲν
300 2378 378 2414 τύπῳ
401 2379 500 2414 μᾶλλον
520 2379 536 2415 ἢ
561 2379 772 2407 ὺποκατακλίσει
794 2379 843 2415 τὴν

46 2422 183 2458 τοιαύτην
200 2423 364 2460 πεποιῆσθαι
380 2424 468 2452 δοκεῖν
491 2425 698 2461 μεταχείρησιν,
717 2425 794 2463 ἔσχεν
811 2425 843 2453 ἂν

46 2469 82 2496 τὺ
100 2468 167 2503 γοῦν
179 2469 290 2496 πιθανὸν
303 2471 331 2497 ὲν
347 2470 439 2505 ψεύδει
452 2470 483 2497 τὸ
497 2471 618 2507 πλάσμα.
634 2472 702 2498 Νυνὶ
716 2473 744 2499 δὲ
759 2472 842 2500 ἄπλε-

46 2523 98 2546 τος
113 2515 164 2550 μὲν
178 2514 256 2547 αἰὼν,
272 2516 319 2542 καὶ
338 2516 417 2543 τοῦτο
437 2517 468 2552 δή
487 2525 567 2551 φασιν
581 2518 613 2544 ἐκ
629 2518 679 2553 τῆς
693 2518 798 2553 φύσεως
815 2514 846 2545 BV

47 2559 101 2586 τοῦ
117 2559 186 2586 Θεοῦ
207 2560 406 2600 καθειργμένον
430 2561 577 2589 διατελεῖν·
601 2562 638 2595 ὡς
666 2563 747 2590 αὐτὸν
776 2561 845 2591 εἶναι

47 2607 144 2633 δοκεῖν
155 2605 200 2633 τὸν
210 2607 391 2642 κατεχόμενον
401 2609 433 2644 τῇ
445 2608 582 2644 ὁμοιότητι
592 2609 639 2635 τοῦ
650 2610 843 2645 κατεχομένου,

49 2651 158 2687 καὶτῷ
174 2661 206 2686 γε
229 2654 260 2680 ὲκ
282 2653 330 2689 τῆς
353 2653 460 2688 φύσεως
479 2654 561 2681 αὐτοῦ
584 2654 663 2681 τοῦτο
684 2656 842 2691 τυγχάνειν·

50 2698 118 2725 ὃθεν
140 2699 188 2726 καὶ
207 2699 310 2727 πλείονί
324 2709 355 2735 γε
374 2701 476 2737 σπουδῇ
493 2702 562 2737 πρὸς
579 2701 675 2728 ἑαυτὸν
690 2700 768 2734 αὖθις
783 2703 846 2730 ἁνα-

49 2745 184 2779 λέξασθαι
197 2746 276 2773 τοῦτο
297 2747 390 2774 ποθεῖ·
409 2749 425 2784 ἡ
446 2748 474 2774 δὲ
499 2747 548 2783 ὕλη
572 2748 646 2783 ἁπλῆ
669 2749 717 2776 καὶ
739 2749 846 2786 ἀπαθὴς

51 2791 187 2829 ῧπάρκει,
208 2793 246 2825 ὡς
262 2793 385 2829 δράσασα
404 2794 506 2831 μᾶλλον
520 2794 536 2830 ἢ
553 2794 687 2823 παθοῦσα.

925 1874 995 1902 Dicit
1012 1880 1142 1910 praeterea
1168 1875 1307 1903 studuisse
1331 1874 1433 1906 Deum,
1462 1877 1492 1901 ut
1516 1873 1678 1908 potestatem

890 1921 1045 1956 absorptam
1058 1942 1065 1953 ,
1087 1930 1168 1957 quam
1185 1926 1264 1950 vocat
1290 1921 1408 1948 animam
1424 1920 1544 1946 omnium
1555 1938 1563 1951 ,
1580 1925 1678 1945 rursus

890 1966 924 1993 ad
942 1975 971 1994 se
989 1968 1138 2002 reciperet;
1153 1975 1187 1995 ne
1203 1967 1276 2003 quod
1295 1971 1354 1995 erat
1370 1975 1402 1995 ex
1420 1967 1490 2002 ipso,
1503 1965 1624 1994 materiae
1639 1965 1679 1992 al-

891 2011 1013 2047 ligatum,
1037 2018 1064 2040 et
1080 2013 1108 2039 in
1127 2013 1261 2048 supplicio
1281 2020 1388 2047 semper
1404 2012 1463 2040 sine
1478 2010 1534 2037 ullo
1549 2009 1601 2036 ﬁne
1616 2015 1680 2043 per-

893 2062 1023 2086 maneret.
1040 2058 1110 2091 Quid
1129 2059 1210 2094 igitur
1227 2059 1362 2094 principio
1383 2059 1434 2086 hoc
1452 2055 1639 2093 protrahebat,
1651 2058 1682 2082 ut

892 2107 932 2131 tot
952 2104 1058 2132 saaculis
1072 2112 1160 2139 neque
1174 2105 1311 2140 respirare
1323 2108 1425 2140 posset,
1438 2108 1465 2132 et
1478 2103 1565 2139 magis
1580 2106 1683 2137 patere-

892 2154 938 2177 tur
954 2157 1035 2185 quam
1052 2151 1161 2186 ageret?
1178 2151 1206 2178 Si
1233 2151 1305 2178 enim
1322 2151 1350 2178 in
1373 2149 1464 2177 fabula
1478 2153 1572 2180 esset,
1595 2147 1680 2175 Deum

855 2194 878 2222 D
892 2196 1002 2232 quidem
1020 2196 1121 2223 nullam
1136 2197 1330 2224 contumeliam
1352 2197 1379 2223 in
1398 2195 1579 2223 substantiam
1603 2201 1680 2222 suam

892 2241 1047 2277 accepisse,
1070 2249 1158 2277 neque
1172 2242 1213 2269 vel
1235 2241 1375 2277 paululum
1399 2241 1541 2268 inhaesisse
1559 2238 1681 2266 materiae

892 2288 971 2316 valde
984 2288 1133 2322 indecorae,
1155 2288 1202 2315 sed
1219 2284 1463 2323 alium‘quemdam
1481 2285 1680 2313 alienissimum

893 2341 908 2361 a
923 2338 1020 2362 natura
1035 2334 1105 2369 ejus,
1119 2338 1145 2361 et
1164 2335 1238 2362 hunc
1252 2334 1383 2361 continuo
1409 2336 1531 2367 ereptum
1547 2339 1608 2359 esse
1618 2352 1626 2364 ,
1645 2330 1682 2357 ita

893 2385 923 2408 ut
935 2381 1091 2416 hujusmodi
1107 2381 1252 2416 prehensio
1273 2381 1360 2415 magis
1388 2378 1544 2414 apparendo
1568 2379 1595 2406 in
1618 2386 1682 2413 spe-

894 2427 974 2460 ciem,
991 2435 1072 2463 quam
1092 2427 1295 2456 succumbendo
1313 2426 1383 2453 facta
1394 2433 1456 2453 esse
1469 2425 1617 2456 videretur,
1633 2425 1682 2452 ha-

893 2473 998 2501 buisset
1013 2479 1194 2501 commentum
1209 2473 1320 2508 paulum
1338 2472 1434 2500 saltem
1453 2472 1487 2499 ad
1512 2471 1682 2499 suadendum

894 2519 921 2546 in
939 2519 1091 2546 mendacio.
1111 2518 1189 2547 Nunc
1211 2526 1277 2547 vero
1297 2519 1461 2546 immensum
1488 2517 1618 2545 saeculum
1635 2525 1684 2552 po-

894 2568 973 2595 nunt,
1001 2568 1029 2591 et
1053 2564 1105 2591 hoc
1127 2572 1188 2592 esse
1202 2572 1234 2591 ex
1262 2569 1360 2590 natura
1377 2562 1435 2594 Dei,
1450 2569 1562 2588 manere
1586 2561 1685 2588 vincu-

895 2609 930 2636 lis
946 2609 1126 2636 constrictum
1138 2630 1146 2642 ,
1174 2612 1204 2636 ut
1224 2609 1282 2644 ipse
1300 2608 1372 2636 Deus
1391 2607 1606 2642 comprehensus
1622 2613 1684 2634 esse

895 2654 1020 2681 videatur
1036 2658 1148 2690 propter
1173 2653 1379 2682 similitudinem
1406 2654 1467 2688 ejus
1487 2652 1533 2688 qui
1555 2651 1684 2680 detentus

895 2704 948 2734 est,
960 2704 987 2728 et
1003 2700 1067 2735 quia
1091 2701 1142 2728 hoc
1158 2700 1230 2735 quod
1245 2705 1355 2735 captum
1371 2699 1523 2731 tenebatur,
1538 2705 1570 2726 ex
1587 2701 1687 2725 natura

896 2747 955 2782 ejus
969 2750 1044 2781 erat;
1062 2747 1134 2774 unde
1146 2747 1250 2781 majore
1259 2746 1349 2775 studio
1358 2746 1391 2773 ad
1403 2746 1534 2781 seipsum,
1557 2749 1586 2772 ut
1598 2745 1684 2776 aiunt,

897 2793 1055 2828 recolligere
1085 2792 1274 2820 desiderabat:
1301 2792 1416 2820 materia
1449 2795 1540 2819 autem
1571 2790 1685 2826 simplex

898 2843 958 2868 erat
969 2843 996 2867 et
1008 2838 1132 2875 ἀπαθής,
1155 2842 1247 2876 utpote
1263 2839 1350 2875 magis
1369 2846 1452 2875 agens
1470 2845 1552 2874 quam
1568 2837 1694 2874 patiensa
