1900 3070
200 119 270 150 Hi5

774 115 844 143 TITI
863 113 1077 143 BOSTRENSIS
1093 112 1250 142 EPISCOPI

200 187 289 217 geres,
306 183 333 207 et
346 178 474 214 paulatim
494 177 617 212 quaedam
635 175 769 212 profunda
786 176 931 214 aggeribus
946 183 986 202 re-

1054 174 1105 201 ινά.
1121 175 1152 200 Ὢ
1164 175 1211 209 τῆς
1224 174 1322 208 ἀλόγου
1338 172 1450 208 μανίαςὲ
1468 172 1535 208 πρὸς
1553 173 1585 208 ἢν
1605 174 1634 199 ὲν
1650 174 1709 204 τοῖς
1725 172 1834 199 τλεὲοσι

201 228 289 261 plens.
310 225 332 252 0
345 229 479 252 amentem
495 224 631 251 furoreml
656 223 690 250 ad
702 231 782 259 quem
800 222 925 258 pluribus
943 222 986 248 vel

200 273 296 300 saltem
312 270 477 306 respondere
494 278 537 297 res
553 275 595 297 est
613 270 740 297 ridicula.

237 319 266 346 Si
280 326 344 346 vero
359 317 441 345 vultis
454 317 535 350 scire,
553 317 691 344 daemones
702 317 776 351 ipsos
792 323 847 342 non
861 322 922 342 esse
932 322 987 341 ma-

201 365 242 392 los
264 372 279 390 a
296 364 397 396 radice,
421 371 509 398 neque
522 364 623 390 habere
643 363 762 389 radicem
782 361 841 389 vitii
858 365 885 388 et
900 361 987 395 turpi—

202 411 314 443 tudinis,
336 411 383 438 sed
407 412 546 438 voluntate
566 411 619 436 huc
641 409 826 443 processisse,
851 415 913 434 cum
932 415 986 434 non

201 462 293 486 essent
306 462 402 485 natura
418 457 498 488 mali,
515 463 603 491 neque
619 460 716 482 natura
730 454 842 489 ascripti
859 454 988 488 ignoran-

201 505 257 537 tiae,
281 512 335 531 non
357 512 410 530 nox
434 508 461 530 et
476 503 595 530 tenebrat
619 500 767 528 secundum
792 499 986 530 substantiam,

203 551 250 578 sed
264 551 356 577 habitu
373 554 400 577 et
413 549 522 580 studiis,
539 553 566 575 et
578 547 739 575 tractatione
755 545 912 581 hujusmodi
933 549 988 572 stu-

202 598 309 625 diorum
334 597 396 623 facti
422 596 507 626 tales,
532 595 701 630 inquiratnus
719 591 894 627 disputando.
909 590 988 618 Cerea

203 644 287 679 igitur
308 649 405 670 natura
429 650 518 677 neque
543 642 683 668 minimum
714 640 824 676 quidem
846 643 987 674 aspectum

203 689 324 721 habebit,
343 693 370 716 et
385 689 443 723 ipsa
460 688 612 723 ignorantia
628 694 717 721 neque
734 686 835 714 stillam
855 685 989 720 cognitio-

203 737 246 762 nis
265 736 316 763 sibi
333 735 490 766 vindicabit,
515 741 602 768 neque
618 740 672 759 nox
686 733 746 767 ipsa
763 736 791 759 et
814 731 934 758 tenebras
948 731 988 758 sic

204 786 301 809 natura
324 785 390 808 orta:
410 780 451 807 vel
468 780 494 806 in
512 786 626 814 parvum
647 778 820 813 splendorem
842 776 989 804 mutabun-

204 833 249 856 tur
266 837 272 855 :
291 830 399 862 apparet
422 831 512 853 autem
528 826 690 860 cognovisse
709 824 847 851 daemones
862 823 988 850 Salvato-

1037 220 1084 248 xa‘t
1101 220 1185 254 γέλως
1197 220 1228 246 τὸ
1238 220 1302 254 γοῦν
1317 219 1524 255 ἀποκρίνασθαι.

1073 311 1104 336 Εἰ
1119 310 1147 336 δὲ
1167 309 1293 345 βούλεσθε
1307 309 1412 345 μαθεῖν,
1423 310 1464 336 ὃτι
1489 310 1535 336 καὶ
1554 311 1579 336 οἱ
1600 310 1730 345 δαίμονες
1754 310 1835 335 αὐτοὶ

1038 358 1088 384 οὐκ
1107 357 1160 383 ἀπὸ
1184 357 1262 392 ῥίζης
1279 357 1332 383 εἰσὶ
1347 358 1436 388 κακοὶ,
1452 357 1511 383 οὐδὲ
1529 357 1606 392 ῥίζαν
1620 356 1739 387 ἀτοπίας
1753 356 1833 390 Ξχώ-

1039 412 1091 434 σιν.
1107 404 1174 430 ἀλλὰ
1194 405 1312 430 κάκεῖνοι
1329 403 1383 430 ἀπὸ
1398 403 1582 439 προαιρέσεως
1596 404 1643 429 ἐπὶ
1665 402 1747 428 τοῦτο
1767 402 1833 436 ὲλῆ-

1038 449 1160 482 λύθασιν,
1175 450 1205 476 οὺ
1219 451 1330 484 πονηροὶ
1347 450 1396 485 τὴν
1411 450 1491 484 φύσιν
1507 450 1592 481 ὄντες,
1605 450 1657 476 οὐκ
1671 450 1773 484 ἀγνοίᾳ.
1788 449 1835 482 ἔτ-

1038 495 1234 531 γεγραμμένοι.
1248 495 1310 522 οὔτε
1327 495 1374 527 νὺξ
1385 496 1431 522 καὶ
1444 496 1536 526 σκότος
1552 495 1601 530 τὴν
1614 495 1711 521 οὐσίαν
1726 494 1833 527 τυγιά-

1038 551 1138 574 νοντες,
1152 543 1210 568 ἀλλ’
1225 542 1279 575 ’ἐξει
1303 543 1350 569 καὶ
1374 542 1579 577 ἐπιτηδεύμασι,
1600 543 1632 577 τῇ
1657 536 1834 576 ἐπιχειρήσὲι

1038 589 1092 615 τῶν
1106 589 1234 615 τοιούτων
1247 589 1387 623 γεγονότες
1396 597 1403 604 ·
1418 589 1463 615 τὸν
1477 589 1554 623 λόγον
1576 588 1752 622 ἐξετάσωμεν
1762 596 1770 601 ·
1786 596 1835 613 τυ-

1039 635 1091 671 φλὴ
1104 635 1153 670 μὲν
1172 633 1218 662 οὖν
1244 635 1325 670 φύσις
1352 635 1413 661 οὐδὲ
1435 635 1464 660 ὲν
1489 634 1617 670 ἐλαχίστῃ
1638 634 1686 660 καὶ
1705 633 1832 668 ὁλεγῃτῇ

1040 681 1132 716 βλέψει
1156 682 1315 717 γενήσεται·
1342 682 1388 708 καὶ
1407 681 1476 716 αὐτὴ
1501 683 1517 716 ἠ
1541 681 1636 714 ἄγνοια
1654 679 1716 706 οὐδὲ
1735 679 1834 714 ῥανίδει

1039 727 1165 762 γνώσεως
1182 728 1265 763 ἑαυτῇ
1289 728 1510 763 προσποιήσεται,
1527 726 1587 753 οὐδὲ
1605 725 1654 758 νὺξ
1686 725 1757 760 αὑτὴ
1784 725 1834 750 καὶ

1040 773 1135 804 σκότος
1143 773 1174 799 τὸ
1183 772 1254 799 οὕτω
1269 773 1388 808 πεφυκὸς
1402 773 1452 799 κᾶν
1466 774 1506 804 εἰς
1523 773 1652 808 βραχεῖαν
1667 772 1834 807 λαμπηδόνα

1041 820 1303 855 μεταποιηθήσεται”
1329 820 1467 854 φαίνονται
1480 820 1507 846 δὲ
1531 820 1577 846 καὶ
1590 821 1615 846 οἱ
1629 819 1759 854 δαίμονες
1784 819 1833 845 καὶ

204 879 272 903 rem,
283 878 314 897 ac
326 871 466 896 Dominum
483 870 626 896 confessos
635 877 710 896 esse:
721 868 837 901 Scimus,
850 869 987 904 inquiunt,

1054 867 1153 901 Σωτῆρα
1169 866 1278 898 εἰδότες,
1295 866 1342 892 καὶ
1356 866 1458 902 Κύριον
1467 866 1660 901 ὁμολογοῦντες
1670 874 1676 881 ·
1700 865 1834 900 Οιεαμέν

204 918 262 954 quis
284 917 320 944 sis
351 915 437 942 Filius
461 915 510 942 Dei
526 915 574 941 vivi
589 915 614 942 ¹.
641 915 812 950 Cognosoerc
827 922 916 942 autem
935 924 989 942 non

204 968 292 999 potest
306 962 470 998 ignorantia,
493 969 582 996 neque
611 961 702 989 videre
729 962 848 989 caecitas.
881 961 987 993 Sciunt,

204 1015 231 1037 et
261 1018 352 1038 verum
381 1009 475 1035 dicunt
503 1009 632 1040 scientes,
668 1012 695 1035 et
727 1016 781 1034 non
809 1016 856 1043 per
885 1009 989 1034 calum-

204 1056 277 1083 niam
293 1065 300 1089 ;
317 1055 411 1082 dicunt
434 1054 506 1081 enim
518 1075 525 1086 ,
547 1054 654 1080 tametsi
678 1060 732 1080 non
748 1053 867 1088 legitima
888 1058 915 1080 et
932 1054 990 1080 sin-

204 1110 267 1130 cera
283 1101 435 1132 allectione,
458 1100 610 1127 veritatem.
633 1098 691 1126 Non
714 1098 770 1133 jam
785 1099 818 1126 de
844 1107 915 1126 caeca
940 1107 989 1126 na-

204 1153 266 1175 tura
279 1152 324 1174 aut
339 1146 493 1182 ignorantia
509 1151 690 1178 accusantur;
719 1145 821 1179 alioqui
846 1153 881 1172 ne
905 1146 988 1171 mini—

205 1200 278 1220 mum
296 1192 406 1227 quidem
432 1191 574 1222 vidissent,
591 1197 642 1217 nec
661 1189 685 1217 ei
704 1189 842 1224 supplices
860 1189 987 1222 fuissent,

205 1246 294 1274 neque
308 1238 456 1265 cessissent
472 1236 557 1268 dicto,
573 1243 661 1270 neque
675 1242 820 1263 secernere
834 1236 989 1270 potuissent

204 1293 266 1313 enm
282 1285 327 1320 qui
343 1283 478 1320 apparuit,
498 1283 545 1310 sed
561 1282 652 1317 potius
668 1281 871 1309 existimassem
883 1289 916 1309 ex
933 1283 991 1310 suis

204 1339 275 1364 esse,
298 1331 418 1365 nihilque
438 1330 508 1356 inter
533 1328 637 1363 seipsos
654 1331 680 1354 et
700 1327 774 1353 illum
789 1327 930 1354 interesse.

1042 920 1088 943 σε,
1104 913 1149 945 τίς
1164 911 1200 943 εἷ,
1216 912 1350 946 λέγοντες,
1372 914 1388 939 ό
1408 913 1473 945 Υἱὸς
1484 913 1537 939 τοῦ
1551 912 1625 939 Θεοῦ
1639 912 1692 938 τοῦ
1710 912 1830 944 ζῶντος.

1042 958 1146 984 Εῖδέναι
1157 958 1184 984 δὲ
1192 957 1285 991 ἄγνοια
1295 958 1325 984 οὐ
1336 958 1456 989 δύναται,
1469 959 1515 984 καὶ
1523 958 1632 992 βλέπειν
1644 958 1733 993 τυςξλὴ
1750 958 1833 992 φύσις

1041 1005 1090 1031 οὐκ
1110 1005 1207 1040 ἰσχύει.
1229 1006 1326 1037 Ἴσασι,
1349 1006 1396 1031 καὶ
1420 1005 1596 1040 ἀληθεύουσιν
1613 1005 1724 1037 εἰδότες,
1738 1006 1787 1032 καὶ
1800 1007 1832 1032 οὐ

1042 1051 1271 1085 συκοεραντοῦντες
1290 1051 1414 1085 λέγουσι·
1431 1051 1538 1085 λέγουσι
1559 1052 1624 1086 γὰρ,
1639 1052 1715 1083 ἧντες
1729 1052 1782 1078 κᾶν
1794 1053 1833 1086 μὴ

1042 1098 1140 1132 γνησίᾳ
1164 1097 1300 1129 διαθέσει,
1333 1099 1380 1133 τὴν
1402 1097 1539 1133 ἀλήθειαν.
1560 1099 1659 1124 Οὐκέτι
1682 1098 1772 1134 τδφλῇ

1042 1144 1120 1178 φύσει
1137 1143 1198 1170 οὔτε
1210 1145 1242 1180 τῇ
1269 1144 1364 1179 ἀγνοίᾳ
1384 1144 1600 1180 κατηγοροῦνται
1614 1154 1620 1159 ·
1673 1145 1729 1180 γὰρ
1742 1146 1777 1172 ἂν
1790 1147 1833 1171 οὖ-

1041 1189 1069 1216 δὲ
1082 1190 1112 1216 τὸ
1126 1190 1266 1225 ἐλάχιστον
1281 1190 1382 1226 ἑώρων,
1398 1190 1459 1217 οὔτε
1472 1192 1559 1218 ἱκέται
1573 1189 1655 1227 ἦσαν,
1666 1192 1729 1219 οὕτε
1744 1201 1833 1228 παρε-

1042 1235 1145 1272 χώρουν
1173 1236 1212 1272 τῷ
1237 1236 1385 1272 λεγομένῳ,
1406 1237 1468 1263 οὔτε
1490 1237 1626 1273 διέκριναν
1650 1238 1695 1264 τὸν
1712 1239 1832 1273 φανέντα

1042 1281 1120 1308 ἄλλον
1138 1281 1191 1307 τῶν
1206 1281 1308 1307 πολλῶν
1323 1279 1404 1314 εἶναι,
1426 1283 1473 1309 καὶ
1496 1282 1571 1309 οὐδὲν
1589 1283 1730 1319 διαφέρειν
1748 1284 1831 1311 αὐτὸν

1042 1337 1072 1354 τε
1089 1329 1136 1355 καὶ
1151 1328 1257 1360 αὐτούς.

454 1388 520 1416 Car.
539 1386 645 1414 XXXII.
663 1387 756 1414 Preces
773 1387 921 1414 dwmonum
945 1387 1009 1415 Deo.
1025 1388 1161 1422 Quomodo
1176 1389 1320 1422 puniantur
1330 1388 1459 1415 da'mones
1473 1389 1500 1415 in
1516 1388 1618 1423 inferis.

241 1447 292 1478 En,
319 1445 447 1473 animalia
466 1452 519 1471 non
543 1443 646 1471 utentia
666 1443 772 1470 ratione
791 1444 929 1478 sapientes
954 1444 989 1471 ab

205 1492 396 1528 insipientibus
421 1498 476 1518 non
499 1490 698 1517 internoscunt.
726 1489 754 1516 Si
775 1495 865 1516 autem
888 1497 989 1525 cogno-

1084 1445 1148 1472 Ἰδοὺ
1161 1444 1214 1480 γὰρ
1226 1445 1258 1471 τὰ
1274 1445 1358 1479 ἄλογα
1373 1444 1429 1476 ζῶα
1445 1444 1545 1480 μεταξὺ
1563 1444 1653 1479 σοφῶν
1666 1453 1696 1470 τε
1707 1445 1756 1471 καὶ
1767 1444 1832 1472 ἀσό-

1042 1499 1100 1525 φων
1113 1491 1162 1517 οὐκ
1172 1491 1227 1526 ἔχει
1246 1491 1355 1523 εἰδέναι,
1378 1491 1449 1517 ποῖοι
1468 1491 1554 1525 σοφοὶ,
1569 1491 1615 1517 καί
1636 1492 1707 1518 ποῖοι
1723 1492 1830 1526 ἄσοφοι.

205 1542 304 1566 verunt
321 1538 464 1570 dwmones,
486 1540 513 1564 et
531 1541 640 1571 propter
659 1536 794 1571 judicium
817 1536 900 1563 soluti
928 1541 988 1563 sunt

1054 1538 1075 1564 Et
1100 1537 1128 1564 δὲ
1155 1537 1275 1571 ἔγνωσαν
1299 1537 1324 1563 οἱ
1348 1537 1484 1571 δαίμονες,
1502 1537 1548 1563 καὶ
1569 1537 1704 1572 διάκρισιν
1731 1538 1833 1571 εἰδότες

205 1586 263 1620 lege
276 1591 330 1611 non
342 1583 543 1611 internoscendi
560 1582 631 1608 aliud
643 1582 677 1609 ab
691 1583 754 1614 alio,
771 1586 798 1609 et
814 1581 992 1616 dijudicando

205 1634 373 1666 agnoverunt
393 1630 472 1662 talia;
493 1628 663 1656 convincitur
676 1635 729 1654 nou
746 1632 872 1654 naturam
893 1628 920 1655 in
940 1628 992 1656 hac

205 1686 245 1710 re,
262 1678 308 1706 sed
324 1678 489 1704 voluntatem
503 1675 639 1702 moderari
656 1684 662 1702 ι
681 1675 806 1709 quamvis
822 1675 894 1702 enim
909 1683 993 1710 (εει-ο-

205 1728 244 1752 tet
257 1725 393 1756 voluntas,
404 1722 528 1758 quamvis
543 1726 625 1755 erret,
642 1729 695 1748 non
711 1725 801 1748 tamen
815 1720 916 1748 desinit
930 1729 992 1748 esse

206 1770 322 1797 rationis‘
339 1770 493 1804 particeps;
517 1768 583 1802 quin
601 1769 692 1802 potius
708 1775 762 1794 non
777 1768 882 1794 esthoc
907 1768 991 1794 inter-

204 1819 336 1850 emptum.
365 1814 411 1840 Sic
429 1813 566 1840 da'mones
588 1817 757 1848 agnoverunt
778 1821 856 1843 eum,
880 1821 992 1848 rogave-

206 1864 280 1894 runt,
305 1859 440 1894 supplices
465 1858 490 1885 ei
513 1857 638 1890 fuerunt,
661 1866 695 1885 ne
714 1857 823 1892 juberct
846 1865 894 1884 eos
916 1859 991 1886 abire

206 1906 234 1933 in
260 1906 398 1942 abyssum.
432 1904 461 1931 Si
477 1908 555 1932 erant
575 1903 622 1930 (ilii
638 1904 740 1939 abyssi,
759 1904 781 1931 si
801 1904 989 1939 cognationem

205 1959 267 1978 eum
280 1953 377 1987 abysso
393 1951 541 1982 habebant,
558 1957 607 1977 cur
627 1953 743 1984 cognata
761 1950 918 1985 refugiunt?
942 1958 991 1977 cur

205 1995 325 2022 radicem
339 2002 416 2022 suam
437 1994 581 2022 recusant?
600 1994 694 2030 potius
708 1994 780 2021 enim
799 2002 858 2021 eam
874 1995 990 2029 amplexi

205 2046 307 2073 essent,
324 2041 486 2068 arbitrantes
503 2041 625 2076 requiem
638 2049 714 2068 suam
729 2048 790 2068 esse
805 2041 832 2068 in
846 2042 990 2076 cognatio-

206 2095 241 2114 ne
260 2087 388 2123 positam,
409 2087 544 2121 siquidem
561 2087 588 2113 in
605 2086 729 2122 cognatis
744 2087 772 2113 lit
786 2087 934 2119 rccrcatio;
963 2086 990 2113 in

205 2133 356 2168 peregrinis
370 2140 434 2160 vero
448 2137 476 2160 et
492 2132 589 2160 alienis
601 2133 790 2160 atllictationes
803 2142 809 2160 :
829 2133 916 2168 magis
933 2136 991 2160 erat

205 2178 259 2205 illis
272 2177 440 2206 recusandus
453 2177 548 2212 Jesus;
564 2178 650 2213 magis
664 2177 832 2205 recuSandus
847 2177 891 2204 hic
902 2178 988 2210 locus,

205 2224 252 2252 ubi
275 2224 338 2251 boni
356 2228 384 2251 et
405 2225 475 2258 atqui
492 2228 570 2256 sunt;
590 2223 794 2259 amplectendus
810 2230 875 2251 vero
886 2214 1031 2250 disces-*9

205 2278 253 2298 sus
269 2270 295 2297 in
311 2270 448 2305 abyssum.
467 2270 569 2297 Contra
583 2278 647 2298 vero
666 2270 731 2297 dum
748 2274 886 2303 recusant,
901 2274 928 2297 et
946 2277 991 2297 ca-

205 2321 280 2349 vent,
305 2321 332 2344 et
347 2316 411 2344 illuc
435 2316 509 2344 abire
523 2316 686 2349 detrectant,
704 2317 759 2343 imo
779 2317 813 2343 ob
832 2316 904 2343 hanc
924 2323 990 2343 cau-

206 2369 263 2389 sam
279 2362 414 2396 supplices
429 2365 518 2394 orant,
534 2361 602 2389 satis
617 2361 709 2388 indicii
723 2361 869 2393 dederunt,
885 2361 989 2388 nullam

205 2415 236 2435 se
258 2406 487 2434 necessitudinem
517 2412 543 2434 et
557 2407 747 2442 cognationem
770 2414 832 2433 eum
851 2407 912 2434 loco
932 2410 990 2434 tor-

205 2457 359 2480 mentorum
375 2452 489 2485 habere;
507 2452 576 2480 nihil
595 2453 668 2480 enim
688 2453 808 2488 seipsum
823 2452 945 2486 afﬂictat,
963 2456 990 2480 et

205 2500 277 2526 malo
292 2499 372 2526 allicit
385 2508 391 2526 :
409 2507 488 2526 omne
503 2503 593 2527 autem
611 2499 684 2535 quod
698 2499 855 2533 alllictatur,
867 2503 894 2526 et
917 2499 989 2527 malo

206 2545 331 2577 allicitur,
344 2545 378 2572 ab
389 2545 444 2572 alio
463 2545 625 2573 hﬂlictatur:
639 2553 753 2573 necesse
768 2546 839 2573 cnim
859 2550 901 2573 est
917 2545 989 2581 quod

206 2591 316 2618 alﬂietat
340 2599 394 2618 non
422 2591 457 2619 sit
487 2592 529 2619 sui
555 2592 692 2620 aillictatio
714 2600 746 2619 ac
766 2593 916 2624 cruciatus,
943 2591 991 2619 sed

205 2639 318 2666 alterius
341 2638 414 2673 quod
440 2643 533 2674 aptum
557 2643 652 2666 natum
674 2644 726 2673 est,
746 2643 776 2667 ut
795 2639 938 2667 aﬂlictetur
964 2643 991 2666 et

205 2686 277 2713 malo
290 2684 432 2712 adiciatur.

243 2767 251 2780 '
266 2763 347 2792 Marc.
364 2773 385 2796 ι.
402 2765 446 2799 24;
465 2765 531 2792 Luc.
548 2773 584 2798 Iv,
598 2765 641 2792 3L

1042 1584 1219 1610 ἀπολέλυνται
1235 1583 1291 1618 (15)
1305 1583 1351 1609 τοῦ
1372 1583 1540 1619 ἁδιακρίτου,
1551 1583 1683 1618 διακρίσει
1701 1584 1731 1610 τὸ
1744 1584 1833 1611 τοιοῦ-

1041 1638 1086 1656 τον
1106 1629 1305 1663 ἐπεγνωκότες·
1323 1629 1461 1664 ἐλέγχεται
1476 1630 1522 1655 καὶ
1534 1630 1562 1655 ἐν
1576 1630 1663 1664 τούτῳ
1681 1630 1719 1665 μὴ
1738 1630 1832 1664 φύσις,

1041 1675 1109 1702 ἀλλὰ
1135 1676 1291 1711 προαίρεσις
1325 1674 1553 1710 πρυτανεύουσα·
1580 1675 1632 1701 xiv
1663 1675 1718 1710 γὰρ
1746 1675 1832 1710 νοήσῃ

1042 1720 1211 1756 προαίρεσις,
1229 1720 1280 1746 κᾶν
1307 1719 1405 1754 σφάλῃ,
1426 1720 1501 1755 ὅμως
1517 1719 1564 1746 τοῦ
1577 1717 1646 1745 εἶναι
1662 1719 1760 1756 λογικὴ
1783 1721 1833 1746 οὐκ

1041 1767 1224 1801 ἀπήλλακται,
1238 1766 1294 1792 ἀλλ’
1312 1766 1368 1801 ἔχει
1382 1765 1460 1793 τοῦτο
1478 1765 1514 1800 μὴ
1531 1765 1736 1801 διεφθαρμένον.
1752 1766 1833 1793 Οὕτω

1042 1813 1087 1838 καὶ
1108 1812 1231 1847 δαίμονες
1242 1812 1399 1846 ἐπέγνωσαν
1418 1811 1510 1838 αὐτόν·
1525 1811 1705 1846 ἐλιπάρησαν,
1725 1812 1833 1839 ἱκέτευ-

1042 1867 1100 1891 σαν,
1115 1858 1157 1885 ἵνα
1168 1859 1204 1893 μὴ
1217 1857 1330 1893 ἐπιτάξῃ
1340 1859 1431 1889 αὺτοῖς
1444 1859 1483 1889 εἰς
1498 1857 1548 1894 τὴν
1560 1857 1676 1884 ἄϐυσσον
1691 1859 1831 1886 ἀπελθεῖν.

1041 1905 1072 1931 Et
1087 1905 1135 1940 τῆς
1150 1905 1267 1932 ἀϐύσσου
1279 1905 1372 1936 παῖδες
1389 1903 1469 1940 ἦσαν,
1488 1906 1511 1931 εἰ
1525 1905 1684 1939 συγγένειαν
1699 1906 1769 1941 προς
1785 1906 1832 1942 τὴν

1041 1950 1157 1977 ἄϐυσσον
1174 1948 1256 1984 εἶχον,
1286 1950 1312 1975 τί
1327 1949 1456 1983 φεύγουσι
1476 1949 1510 1976 τὰ
1526 1950 1662 1985 συγγενῆς
1679 1950 1705 1976 τί
1720 1951 1771 1986 τὴν
1795 1952 1834 1977 cl-

1041 1995 1116 2022 κείαν
1148 1995 1338 2030 παραιτοῦνται
1358 1993 1451 2030 ῥίζανς
1476 1995 1576 2031 μᾶλλον
1590 1996 1645 2031 γὰρ
1675 1997 1709 2022 ἂν
1742 1997 1833 2031 ἡσπὰ-

1043 2050 1121 2067 σαντο
1135 2041 1293 2067 ἀνάπαυλαν
1309 2041 1412 2067 ἑαυτῶν
1427 2042 1474 2077 τὴν
1491 2041 1650 2076 συγγένειαν
1665 2042 1813 2077 ἡγούμενοι
1825 2052 1831 2057 ·

1041 2089 1070 2113 ἐν
1085 2086 1137 2122 γὰρ
1149 2088 1205 2118 τοῖς
1215 2087 1370 2120 συγγενέσιν
1385 2088 1401 2122 ὴ
1416 2087 1563 2122 ἀνάκτησις
1575 2086 1690 2121 γίνεται,
1709 2089 1738 2114 ὲν
1748 2087 1778 2113 δὲ
1789 2087 1831 2120 ξέ-

1041 2141 1096 2164 νοις
1122 2134 1150 2158 αἱ
1173 2132 1324 2164 κακώσεις·
1345 2133 1444 2171 μᾶλλον
1466 2132 1519 2168 γὰρ
1544 2133 1598 2159 ἔδει
1615 2133 1716 2164 αὐτοὺς
1735 2142 1832 2167 παραι-

1040 2180 1144 2207 τεῖσθαι
1158 2180 1204 2206 τὸν
1223 2179 1342 2214 Ἰησοῦνο
1371 2179 1470 2215 μᾶλλον
1495 2179 1523 2205 δὲ
1545 2178 1598 2205 ἔδει
1615 2179 1716 2211 αὐτοὺς
1734 2188 1832 2214 παραι-

1042 2226 1146 2253 τεῖσθαι
1171 2225 1201 2252 τὸ
1228 2225 1346 2252 ἐνταῦθα
1374 2225 1485 2261 χωρίον,
1516 2225 1579 2251 ἑνοα
1615 2225 1757 2252 σπουδαῖοι
1788 2226 1832 2252 καὶ

1040 2272 1182 2303 ἐπιεικεῖς,
1211 2270 1381 2303 ἀσπάζεσθαι
1406 2270 1434 2297 δὲ
1461 2271 1509 2306 τὴν
1535 2270 1654 2297 ἄϐυσσον
1682 2271 1699 2305 ἢ
1722 2271 1772 2306 τὴν
1803 2272 1830 2297 ὲν

1043 2318 1152 2353 ἁϐύσσῳ
1163 2317 1263 2353 ἄφιξιν.
1279 2318 1493 2353 Παραιτούμενοι
1507 2317 1535 2343 δὲ
1553 2318 1600 2344 καὶ
1623 2318 1830 2353 φυλαττόμενοι,

1043 2365 1090 2391 καὶ
1117 2364 1225 2391 ἀπιέναι
1249 2364 1307 2390 ἐκεῖ
1331 2365 1380 2390 οὐκ
1406 2364 1575 2399 ἀνεχόμενοι.
1591 2364 1648 2390 ἀλλ’
1666 2364 1832 2394 ἱκετεύοντες

1041 2411 1090 2446 τῆς
1106 2412 1195 2443 αἰτίας
1208 2411 1309 2446 ταύτης
1321 2411 1409 2446 χάριν,
1428 2410 1516 2436 ἱκανὸν
1535 2412 1687 2445 τεκμήριον
1701 2410 1831 2437 δεδώκασι

1043 2457 1177 2493 μηδεμίαν
1193 2457 1290 2488 αὐτοὺς
1309 2456 1425 2491 φυσικὴν
1445 2455 1604 2490 συγγένειαν
1618 2456 1688 2491 πρὸς
1704 2455 1741 2482 τὰ
1753 2456 1832 2482 κολα-

1043 2504 1140 2538 στήρια
1160 2503 1230 2538 ἔχειν
1241 2511 1247 2518 ·
1265 2502 1391 2528 οὐδέποτε
1407 2501 1460 2537 γὰρ
1476 2501 1551 2527 οὐδὲν
1572 2501 1654 2528 ἑαυτὸ
1668 2503 1766 2528 κακοῖ-
1782 2502 1832 2528 πᾶν

1041 2548 1080 2579 δὲ,
1095 2549 1260 2584 κακούμενον
1277 2549 1321 2574 ὑπ’
1337 2548 1416 2575 ἄλλοι)
1430 2547 1581 2574 κακοῦταιι
1599 2547 1711 2583 ἀνάγκη
1734 2547 1788 2583 γὰρ
1806 2547 1833 2573 τὸ

1041 2596 1143 2622 κακοῦν
1174 2595 1211 2630 μὴ
1237 2594 1333 2622 ἑαυτοῦ
1363 2592 1431 2621 εἶναι
1445 2594 1578 2628 κάκωσιν,
1597 2594 1657 2621 ἀλλ’
1676 2594 1774 2632 ἐτέρου
1789 2593 1831 2620 τοῦ

1041 2642 1191 2677 πεφυκότος
1209 2641 1332 2677 πάσχειν,
1341 2641 1358 2676 ἢ
1372 2640 1532 2668 κακοῦσθαι.

243 2823 299 2859 (t5)
325 2823 461 2851 Ἀπο.ιέ.ῑ.
478 2824 546 2852 lluic
566 2823 617 2859 legi
635 2823 755 2851 serviunt
771 2826 796 2850 et
816 2826 910 2858 parcnt
928 2821 1053 2848 animalia
1067 2819 1180 2848 rationis
1193 2819 1320 2854 expertia.
1337 2818 1422 2847 Tuan.
