1900 3070
49 88 133 123 uia

610 100 795 129 ADVERSUS
817 99 1030 128 MANICHIEOS
1049 100 1113 129 LIB.
1133 99 1153 129 ῐ.

1615 99 1682 126 1118

98 153 168 180 Ἰδοὺ
182 153 212 181 τὸ
228 153 284 190 πῦρ
309 155 388 182 ἑαυτὸ
405 156 434 183 οὐ
445 157 517 184 καίει
529 165 536 172 ο
551 157 645 194 ἕτερον
659 158 714 194 γὰρ
741 159 787 185 καὶ
801 158 848 193 οὐχ

937 157 1008 185 Ecce
1031 158 1101 193 ignis
1127 164 1182 184 non
1202 156 1337 184 comburit
1355 164 1402 188 se,
1421 155 1467 184 sed
1486 155 1569 188 aliud,
1596 164 1683 191 neque

47 198 142 226 ἑαυτὸ
158 199 301 228 ἀναλώσει.
324 201 388 228 Ὶδοὺ
403 202 433 229 τὸ
447 202 517 239 ὕδωρ
531 203 611 230 ἑαυτὸ
624 204 653 230 οὺ
665 203 828 236 κατακλύζει
840 211 847 218 ·

47 244 88 270 τὰ
106 244 164 281 γὰρ
178 245 257 282 ἕτερα
266 247 435 274 κατακλῦσαι
449 244 529 281 όῖδεν,
543 249 622 275 ἑαυτὸ
638 249 666 276 δὲ
680 249 848 276 κατακλύσαι

46 291 108 317 οὺχ
123 291 191 326 ἔχει.
208 293 273 319 Ἰδοὺ
296 293 310 319 ὁ
329 293 382 329 ἀὴρ
392 293 488 330 ψύχειν
507 295 601 322 ἑαυτὸν
614 296 664 322 οὐκ
684 293 753 323 οἶδεν
764 304 771 312 ·
789 297 849 323 ἐπεὶ

47 337 113 363 πᾶν
128 337 161 364 τὸ
175 337 245 379 δρῶν
257 338 304 365 καὶ
321 339 421 366 κακοῦν
439 340 529 376 ἕτερον
537 350 564 368 τι
572 343 651 368 κακοῖ
660 343 706 369 καὶ
716 342 810 369 λυπεῖ’
825 343 848 369 ει

45 382 79 409 δὲ
105 384 179 420 κακὴ
194 385 210 420 ὴ
224 385 403 419 ἄϐυσσος,καὶ
411 387 587 414 κακοῦνταιοῐ
596 388 720 424 δαίμονες
736 389 787 416 ὑπὸ
800 389 849 424 τῆς

47 427 189 462 ἀϐύσσου,
207 431 254 457 καὶ
286 430 493 467 βασανιπήριον
514 433 562 468 μὲν
587 433 746 468 ὴᾶὃυσσος,
770 442 847 469 στρεο

47 474 186 503 ϐλοῦνται
197 477 225 503 δὲ
243 477 267 503 οἱ
285 477 422 513 δαίμονες,
438 479 529 505 οὐκέτι
543 479 582 515 τῷ
593 479 678 515 ὁμοίῳ
692 479 848 515 βασανίζον-

47 529 111 551 ται,
123 521 181 548 ἀλλ’
194 522 280 558 ἕτεροι
294 523 424 556 δντεςύπὸ
436 524 529 560 ἐτέρου
539 525 744 560 βασανίζονται·
758 525 848 551 οὐκέτι

46 566 106 602 τῆς
126 567 236 602 φύσεως
258 568 360 604 ταύτης
388 570 448 596 οὐδὲ
471 570 522 605 τῆς
547 571 654 602 οὐσίας’
679 571 776 606 ἑτέρας
795 569 848 605 γὰρ

47 613 165 650 ἐδείχθη
188 615 281 647 οὐσίας
303 617 320 652 ἡ
336 616 462 648 ἄϐυσσος.
488 617 541 644 Καὶ
557 618 598 644 ὅτι
612 617 661 653 μὲν
678 618 702 644 οἱ
722 617 848 653 δαίμονες

48 660 154 696 ἑτέρου
168 660 264 695 γένους
282 662 328 689 καὶ
347 663 443 698 ἐτέρας
455 663 548 695 οὐσίας
564 663 639 701 παρὰ
651 664 700 700 τὴν
719 664 846 694 ἄϐυσσον,

50 706 142 733 ικανά
163 706 197 734 τὰ
221 708 370 743 εἰρημένα·
388 709 435 735 καὶ
449 709 518 744 αὕτη
535 709 562 735 δὲ
578 710 593 745 ὴ
608 709 724 741 ἄὸυσσος
739 709 848 744 βασανι-

51 752 170 788 στήριον
190 753 238 788 μὲν
264 752 322 779 ἐστι
344 754 391 780 καὶ
407 754 595 789 κολαστήριον,
610 754 660 780 οὑκ
681 753 788 780 αἰώνιον
808 753 846 785 δὲ,

47 797 117 824 οὒτε
147 799 303 836 ἀγέννητον,
330 800 387 827 ἀλλ’
411 800 521 836 ὓστερόν
545 809 610 828 ποτε
639 801 845 836 γεγεννημένον,

48 844 103 878 ὀψέ
116 853 183 872 ποτε
197 846 391 882 πεποιημένον,
403 847 463 873 ἀντὶ
480 848 625 883 φαρμάκου
646 847 694 874 καὶ
709 847 791 882 βοηθή
796 857 847 882 μα-

48 900 99 922 τος
113 892 172 924 τοῖς
183 893 379 928 ἡμαρτηκόσιν.
409 894 491 928 Ἰεραὶ
509 894 563 929 γὰρ
580 894 608 920 αἱ
623 894 762 929 μάστιγες,
778 894 846 929 φάρ-

51 946 147 973 μακον
171 936 248 965 οὖσαι
272 939 326 965 τῶν
351 940 549 976 ἡμαρτηκότων
565 948 571 954 ·
602 940 672 975 ἱεραὶ
694 940 722 966 αἱ
743 940 846 975 πληγαὶ

50 983 219 1020 βοηθήματα
233 986 415 1021 τυγχάνουσαι
432 985 485 1012 τῶν
502 985 673 1020 σφαλέντων
689 986 719 1012 οὐ
733 986 787 1021 γὰρ
804 986 846 1012 ἵνα

48 1027 107 1058 ὦσι
125 1031 206 1058 κακοὶ
229 1033 257 1058 αἱ
276 1032 378 1068 πληγαὶ
399 1032 559 1066 γεγόνασιν,
576 1031 633 1058 ἀλλ’
651 1032 724 1063 ὅπως
742 1032 780 1067 μὴ
795 1029 845 1058 ὦσι

48 1077 150 1104 κακοὶ·
169 1077 312 1112 γεγόνασιν
339 1079 366 1105 αἱ
398 1078 543 1113 μάστιγες·
558 1078 721 1113 λυπούμενοι
743 1078 796 1113 γὰρ
812 1079 845 1113 τῇ

50 1123 149 1159 πληγῇ
168 1124 192 1150 οἱ
214 1125 293 1150 κακοὶ
308 1125 339 1159 τῇ
358 1124 468 1159 μάστιγι
483 1124 623 1151 κολοῦοὖσι
635 1124 669 1150 τὰ
694 1124 781 1150 κακά·
802 1123 846 1150 διὰ

49 1169 136 1196 τοῦτο
152 1169 213 1196 οὐδὲ
235 1169 284 1201 τὰς
300 1170 434 1202 ἀϐύσσους
457 1171 620 1206 μεμφόμεθα
630 1179 637 1186 ·
654 1170 709 1196 ἀλλ’
724 1169 844 1205 οἴδαμεν,

50 1214 94 1241 ὃτι
111 1214 321 1250 βασανιστήριον
333 1215 380 1241 καὶ
398 1215 574 1251 κολαστήριον
586 1217 723 1250 γεγόνασι,
739 1226 844 1252 σωφρο-

49 1260 154 1295 νισμὺς
169 1259 224 1286 τῶν
239 1260 438 1296 ἡμαρτηκότων
452 1262 644 1296 τυγχάνουσαι.

90 1306 122 1332 Εἰ
137 1305 166 1332 δὲ
178 1307 385 1342 βασανιστήριον
396 1307 441 1333 καὶ
456 1307 670 1344 στρεϐλωτήριον
684 1309 700 1344 ἡ
717 1308 844 1341 ἄὸυσσος.

52 1351 250 1388 στρεϐλοῦνται
271 1352 299 1379 δὲ
317 1353 363 1380 καὶ
385 1352 574 1388 βασανίζονται
602 1355 626 1380 οἱ
652 1354 786 1389 δαίμονες,
800 1355 846 1381 καὶ

49 1398 104 1433 τὴν
121 1397 216 1424 οὐσίαν
240 1398 347 1434 ἔχουσιν
371 1399 477 1434 εὐπαθῆ
495 1400 562 1435 πρὸς
588 1399 622 1426 τὰ
638 1400 845 1436 βασανιστήρια,

48 1444 103 1471 καὶ
115 1443 243 1471 δύνανται
265 1445 336 1479 ἔχειν
355 1446 401 1472 καὶ
421 1445 564 1480 ἀλγηδόνα,
582 1447 736 1473 ὑπόκεινται
749 1447 794 1473 καὶ
807 1455 845 1472 τι-

900 212 930 232 se
952 204 1098 232 consumit.
1130 203 1199 230 Ecce
1226 211 1295 238 aqua
1326 211 1380 230 non
1404 203 1518 230 inundat
1550 202 1681 237 seipsum,

900 257 959 284 qua:
976 249 1029 276 alia
1053 249 1186 276 inundare
1207 249 1285 279 solet,
1315 256 1344 275 se
1356 256 1420 275 vero
1438 249 1496 283 ipsa
1510 256 1563 274 non
1581 252 1681 282 potest.

899 295 969 323 Ecce
988 303 1044 328 aer,
1057 295 1218 330 refrigerare
1237 302 1266 322 se
1282 295 1338 329 ipse
1358 302 1411 321 non
1428 298 1533 329 potest,
1552 294 1682 328 quoniam

899 350 979 369 omne
1002 342 1074 377 quod
1099 341 1166 368 facit
1186 345 1213 368 et
1228 341 1342 373 cruciat,
1365 340 1437 367 aliud
1449 340 1513 375 quid
1530 340 1635 366 cruciat
1656 343 1682 366 ct

900 387 993 415 dolore
1010 387 1101 415 afﬁcit.
1130 387 1157 414 Si
1177 390 1266 414 autem
1284 386 1399 422 abyssus
1413 387 1517 413 cruciat
1536 390 1563 412 et
1582 385 1682 412 daemo-

901 441 950 460 nes
971 434 1131 461 cruciantur
1144 433 1177 460 ab
1193 433 1250 468 ipsa
1269 433 1377 468 abysso,
1395 435 1489 466 estque
1510 432 1625 468 abyssus
1641 432 1682 458 lo-

899 487 950 507 cus
962 483 1179 512 tormentorum;
1196 482 1357 514 torquentur
1374 478 1447 505 enim
1465 478 1611 509 diemoncs,
1627 486 1682 505 non

897 525 952 560 jam
967 529 1129 559 torquentur
1145 532 1159 551 a
1180 524 1273 556 simili,
1291 524 1338 551 sed
1355 523 1399 550 alii
1421 531 1482 550 cum
1499 524 1563 556 sint,
1584 525 1618 551 ab
1629 524 1682 551 alio

900 575 1084 606 torquentur;
1102 578 1156 597 non
1172 571 1204 597 ab
1221 570 1271 596 hac
1294 573 1392 596 natura
1408 577 1495 604 neque
1518 569 1680 601 substantia,

899 626 952 653 qua
964 617 1069 646 scilicet
1080 616 1217 643 daemones
1231 622 1294 643 sunt
1310 625 1316 643 :
1335 616 1447 642 alterius
1462 615 1534 642 enim
1553 616 1682 642 substan-

899 665 942 691 tiae
955 668 996 691 est
1018 663 1143 699 ahyssus.
1167 661 1256 696 Atque
1278 670 1339 689 esse
1359 661 1468 696 quidem
1491 661 1628 689 daemones
1644 661 1683 688 al-

898 710 983 738 terius
993 709 1101 745 generis
1119 716 1150 735 ae
1162 708 1323 735 substantia:
1336 712 1432 742 praeter
1453 708 1543 743 abyssi
1560 707 1683 735 substan-

898 756 974 788 tiam,
987 755 1054 783 satis
1067 763 1100 782 ει
1115 755 1148 781 iis
1162 762 1222 789 qua:
1247 754 1320 781 dicta
1337 758 1415 786 sunt,
1432 754 1605 789 perspicitur.
1623 752 1682 788 Ipsa

898 809 962 828 vero
983 801 1097 836 abyssus
1115 800 1191 827 locus
1213 804 1255 827 est
1273 803 1469 826 tormentorum
1484 807 1515 827 ac
1536 799 1683 835 supplicio-

896 856 968 879 rum.
982 855 1035 875 non
1051 852 1140 874 tamen
1157 851 1346 878 mternusmec
1365 846 1500 881 ingenitus
1514 855 1521 880 ;
1540 846 1587 874 sed
1605 849 1681 881 post—

896 902 927 922 ea
943 894 1002 927 fuit,
1017 901 1079 921 sero
1101 892 1207 919 tandem
1229 892 1317 919 factus
1330 912 1338 923 ,
1367 896 1396 918 ut
1415 895 1486 919 esset
1509 892 1642 918 medicina
1655 895 1682 918 et

897 948 974 976 opem
998 939 1081 967 ferret
1105 938 1292 974 peccantibus.
1321 937 1412 964 Sacrae
1437 942 1500 966 sunt
1525 938 1608 973 plagae
1623 945 1684 973 quan

897 991 960 1014 sunt
982 986 1100 1013 remedia
1120 989 1148 1012 et
1165 984 1265 1011 auxilia
1288 989 1459 1016 erratorum;
1484 991 1538 1010 non
1559 984 1630 1011 enim
1653 989 1682 1011 ut

897 1033 952 1060 sint
964 1031 1039 1062 mali,
1056 1030 1134 1058 facta:
1150 1035 1215 1057 sunt
1231 1030 1325 1065 plagtc,
1338 1030 1385 1057 sed
1410 1035 1438 1056 ut
1456 1038 1509 1056 non
1533 1029 1588 1056 sint
1606 1029 1682 1065 mali,

896 1079 1009 1106 verbera
1035 1077 1146 1105 inducta
1161 1081 1244 1109 sunt;
1262 1076 1325 1102 mali
1342 1076 1414 1103 enim
1436 1076 1529 1103 dolore
1542 1076 1681 1110 plagarum

896 1128 1037 1160 amputant
1054 1129 1081 1151 et
1094 1123 1248 1158 praecidunt
1268 1123 1344 1150 vitia.
1358 1122 1462 1149 Idcirco
1473 1113 1527 1149 non
1542 1123 1682 1157 querimur

896 1171 928 1199 de
954 1170 1078 1206 abyssis;
1106 1170 1173 1204 quin
1195 1169 1287 1204 potius
1314 1168 1458 1196 tormentis
1484 1171 1511 1195 et
1540 1167 1682 1202 suppliciis

896 1221 999 1249 scimus
1016 1220 1143 1256 castigari
1161 1227 1193 1246 ac
1213 1219 1314 1254 corrigi
1334 1226 1381 1246 eos
1400 1219 1446 1254 qui
1464 1219 1636 1253 deliquerunt

932 1319 960 1346 Si
976 1323 1064 1346 autem
1081 1319 1197 1354 abyssus
1212 1321 1264 1350 est,
1290 1318 1335 1345 ubi
1359 1318 1495 1345 dazmones
1521 1320 1683 1353 torquentur

897 1369 923 1391 et
936 1365 1069 1399 supplicio
1085 1364 1251 1394 adiciuntur.
1269 1368 1294 1391 et
1317 1364 1496 1391 substantiam
1513 1364 1612 1391 habent
1623 1372 1683 1398 qua:

897 1410 989 1437 subire
1005 1413 1093 1444 potest
1108 1414 1243 1436 tormenta
1260 1413 1287 1436 et
1307 1410 1426 1436 dolorem
1452 1410 1563 1442 sentire,
1578 1412 1604 1436 et
1618 1417 1682 1444 sup—

897 1455 976 1490 plicia
997 1454 1143 1487 sustinent,
1163 1458 1190 1481 ct
1206 1455 1306 1482 habent
1330 1455 1575 1482 remunerationem
1589 1462 1684 1490 pmna-
1729 1470 1732 1472 ν

51 1489 159 1524 μωρίᾳ.τ
169 1489 216 1515 καὶ
224 1489 364 1525 ἀντίληψιν
375 1489 466 1525 ἔχουσι
479 1490 531 1517 τῶν
541 1491 686 1524 κολάσεων,
702 1491 759 1522 πῶς
771 1491 848 1525 ἀγὲν.

900 1508 961 1528 rum
982 1500 1080 1534 quibus
1102 1501 1270 1534 puniuntur,
1299 1500 1436 1535 quomodo
1462 1489 1597 1536 ingeniti‘i
1616 1508 1684 1535 quo-

50 1543 150 1570 νητοι;
169 1534 228 1567 πῶς
244 1536 303 1569 ἀεί;
332 1536 390 1568 πῶς
415 1536 543 1563 οὐδέποτε
567 1537 696 1572 ἤρξαντος
721 1537 781 1569 πῶς
801 1538 847 1572 ἀφ’

50 1581 162 1608 ἑαυτῶν
176 1582 245 1609 εἰσιν
261 1582 285 1608 οἱ
298 1582 334 1617 μὴ
350 1582 464 1614 ἀπαθεῖς
476 1591 483 1615 ;
497 1584 521 1609 οἱ
537 1583 632 1609 παθεῖν
645 1583 784 1618 δυνάμενοι
801 1583 848 1610 καὶ

49 1625 245 1661 τιμωρηθῆναι
268 1626 421 1661 ἰσχύοντεςς
436 1627 562 1653 οὐδέποτε
582 1627 636 1662 γὰρ
652 1628 681 1653 τὸ
701 1628 847 1662 ἀγέννητον

49 1671 130 1697 οὐδὲν
144 1671 278 1703 πείσεται,
294 1672 354 1698 οὐδὲ
371 1672 423 1699 ὑπό
439 1681 510 1703 τινος
533 1673 772 1708 τιμωρηθήσεται·
790 1673 847 1699 ἀλλ’

49 1717 100 1751 ἀφ’
117 1717 215 1743 ἑαυτοῦ
225 1717 376 1753 ἀρξάμενον
391 1718 480 1753 ἑαυτῴ
488 1718 573 1753 μένει,
586 1719 632 1745 καὶ
644 1719 681 1754 μὴ
695 1720 741 1754 ἀφ’
753 1720 846 1754 ἑτέρου

49 1763 201 1798 δεξάμενον
221 1764 270 1799 τὴν
283 1764 381 1799 ἀρχὴν,
401 1764 462 1790 οὐδὲ
479 1764 525 1798 ἀφ’
540 1764 633 1799 ἑτέρου
649 1765 698 1800 τὴν
713 1765 847 1800 τιμωρίαν

50 1809 204 1845 λαμϐάνει·
218 1809 264 1835 καὶ
278 1810 314 1844 μὴ
330 1809 547 1844 ἐπιγραφόμενον
563 1810 609 1836 τὸν
626 1809 710 1836 αἴτιον
726 1811 774 1837 οὐκ
790 1812 848 1837 ἑπι-

50 1856 228 1891 γραφήσεται
253 1855 298 1881 τὸν
313 1854 479 1886 κολάζοντα’
496 1856 542 1881 καὶ
564 1855 594 1882 οὐ
610 1855 767 1891 κριθήσεται
783 1857 846 1891 παρ’

50 1902 151 1938 ἑτέρου
183 1901 219 1936 μὴ
235 1902 300 1936 παρ’
314 1901 407 1937 ἐτέρου
426 1901 578 1937 ἀρξάμενον
591 1909 597 1916 ·
623 1903 668 1928 καὶ
681 1903 711 1928 οὔ
730 1903 848 1938 φοβηθή-

51 1957 134 1975 σεται
148 1947 243 1974 οὐδένα
268 1948 332 1983 παρ’
348 1947 453 1980 οὐδενὸς
471 1948 501 1974 τὸ
525 1946 728 1984 εἷναιεῐληφός.
744 1949 776 1975 Τί
793 1949 847 1985 γὰρ

51 1994 103 2021 καὶ
128 1993 322 2029 φοϐηθήσεται,
339 1994 363 2019 εὶ
390 1992 496 2020 τελείαν
516 1994 565 2030 τὴν
592 1993 719 2020 σύστασιν
736 1994 808 2030 ἔχεις
823 1995 847 2020 εἰ

50 2039 161 2066 τέλειον
173 2039 218 2066 τὸν
239 2039 426 2074 ἀπαρτισμόν;
448 2040 472 2065 εἰ
493 2039 538 2074 ἀφ’
556 2039 651 2066 ἑαυτοῦ
670 2040 846 2075 ἀπήρτισται,

53 2085 104 2112 καὶ
118 2085 207 2120 ἑαυτῷ
217 2085 369 2121 ἤρμοσται;
384 2086 417 2112 τὲ
430 2086 484 2122 γὰρ
500 2086 634 2121 δυνάμενα
648 2086 704 2122 (1-1)
724 2086 847 2122 παθητὴν

52 2133 131 2168 ἔχειν
159 2131 209 2167 τὴν
235 2131 369 2167 ἁρμονίαν
394 2131 516 2166 φοϐεῖται
538 2132 584 2158 τὸν
602 2132 750 2168 δυνάμενον
766 2142 848 2168 μετα-

54 2178 147 2204 ποιεῖν
161 2176 210 2209 τάς
223 2177 355 2212 ἁρμονίας
367 2185 373 2192 “
388 2177 418 2203 τὸ
443 2177 590 2212 δυνάμενον
614 2177 708 2204 παθεῖν
726 2179 847 2212 φοϐεῖται
863 2176 885 2206 Ι)

53 2223 103 2250 τὸν
119 2222 233 2258 δρῶντα.
248 2223 279 2249 Εἰ
295 2223 323 2249 δὲ
336 2223 479 2258 φοϐοῦνται
494 2224 518 2249 οἱ
531 2223 655 2258 δαίμονες
666 2224 712 2250 καὶ
721 2224 846 2252 δύνανται

56 2269 168 2301 παθεῖν,
186 2270 236 2296 οὐκ
260 2269 402 2305 ἁγὲννητοὶ
417 2271 483 2296 εἱσι·
504 2271 534 2296 τὸ
548 2270 601 2306 γὰρ
617 2271 762 2307 ἀγέννητον
777 2273 848 2299 ἁπα-

55 2315 117 2347 θὲς,
135 2315 182 2342 καὶ
204 2315 234 2341 οὐ
252 2314 362 2342 δύναται
391 2315 495 2347 παθεῖν,
522 2315 573 2349 ἔξω
597 2317 645 2352 τῆς
669 2317 775 2351 φύσεως
793 2319 847 2345 τῶν

55 2361 196 2397 γεννητῶν
207 2362 338 2397 ὑπάρχον.

99 2412 159 2437 Ὀτι
175 2410 203 2437 δὲ
223 2410 400 2442 ἱκετεύουσιν,
413 2411 442 2436 ὲν
463 2411 587 2447 αἰσθήσει
607 2412 670 2442 εἰσὶ,
688 2412 736 2439 καὶ
750 2413 850 2440 οἴδασιν

57 2459 74 2485 ὃ
96 2458 167 2484 εἱσι·
194 2458 241 2483 καὶ
262 2457 375 2489 οἴδασιν,
399 2457 440 2483 ὅτι
463 2457 587 2484 δύνανται
610 2459 721 2486 παθεῖν’
742 2460 772 2485 οὺ
797 2459 849 2496 γὰρ

60 2504 200 2539 ἠγνόησαν
214 2504 325 2535 ἑαυτούς
335 2512 341 2518 ·
360 2504 410 2530 οὐκ
426 2503 540 2535 ἀπαθεῖς
553 2505 665 2536 ἑαυτοὺς
678 2504 832 2539 ἐλογίσαντο
842 2514 848 2520 ·

59 2551 90 2577 τὸ
101 2550 129 2575 δὲ
148 2549 246 2576 εἰδέναι
268 2549 327 2575 τινὰ
343 2548 439 2575 ἑαυτὸν
451 2549 498 2575 καὶ
519 2549 555 2584 μὴ
569 2550 743 2584 ἠγνοηκέναι,
756 2550 851 2585 αἰσθή-

62 2595 133 2625 σεώς
145 2595 203 2620 ἐστι
224 2593 356 2629 σύμϐολον
373 2594 420 2620 καὶ
440 2595 561 2628 σημεῖον.
579 2595 609 2621 Et
626 2595 648 2620 δ’
665 2595 704 2621 ὅτι
719 2595 787 2622 εἰσὶν
807 2596 850 2621 εὑ-

61 2640 160 2672 παθεῖς
173 2640 336 2673 ὲδειλίασαν,
351 2641 398 2668 καὶ
411 2640 561 2672 δειλιῶντες
574 2641 726 2673 ἱκέτευσαν,
739 2641 785 2668 καὶ
800 2641 851 2667 ἱκέ-

61 2692 140 2714 τευον
159 2687 204 2714 τὸν
227 2687 374 2723 δυνάμενον
384 2696 391 2702 ·
405 2687 456 2714 οὐκ
471 2687 607 2723 ἠγνόησαν
624 2687 669 2714 τὸν
692 2687 830 2723 ἰχνεύοντα
842 2696 848 2702 ·

899 1546 980 1573 modo
1003 1546 1132 1580 semper?
1148 1547 1285 1580 quomodo
1300 1554 1436 1580 nunquam
1453 1553 1515 1573 esse
1525 1545 1684 1580 coeperunt!

899 1593 1035 1627 quomodo
1047 1601 1079 1619 ex
1093 1601 1124 1620 se
1139 1596 1214 1623 sunt,
1231 1592 1277 1626 qui
1292 1591 1456 1626 impatibilcs
1471 1599 1524 1617 non
1537 1596 1611 1622 sunt,
1636 1591 1682 1625 qui

899 1638 952 1671 pati
971 1641 1096 1672 possunt,
1116 1638 1161 1672 qui
1184 1639 1299 1672 possunt
1319 1635 1427 1670 puniti?
1440 1635 1587 1670 ingenitum
1609 1634 1683 1661 enim

899 1683 967 1710 nihil
994 1691 1113 1718 unquam
1130 1683 1192 1709 mali
1209 1681 1370 1713 sustinebit,
1397 1687 1447 1708 nec
1468 1681 1502 1708 ab
1518 1680 1572 1706 ullo
1588 1679 1684 1714 punie-

898 1735 951 1758 tur.
973 1730 1043 1763 Quin
1058 1730 1148 1765 potius
1175 1738 1189 1756 a
1214 1729 1305 1764 seipso
1335 1728 1500 1763 principium
1516 1727 1620 1754 ducens
1641 1733 1684 1754 se-

898 1776 958 1810 ipso
977 1776 1117 1807 consistit,
1140 1779 1166 1802 et
1184 1782 1237 1801 non
1253 1774 1287 1801 ab
1303 1773 1390 1801 altero
1406 1777 1525 1808 emptum
1550 1776 1592 1799 est
1605 1791 1613 1804 ,
1633 1779 1684 1799 nec

898 1822 932 1849 ab
956 1822 1042 1848 altero
1065 1821 1228 1856 supplicium
1254 1820 1324 1853 fert;
1342 1823 1369 1847 et
1387 1819 1502 1846 cuinon
1529 1818 1682 1853 assignatur

898 1871 1004 1899 auctor,
1022 1875 1075 1894 non
1093 1866 1278 1901 assignabitur
1289 1866 1405 1899 vindex;
1423 1869 1449 1892 ct
1464 1872 1516 1892 non
1544 1864 1683 1899 iudicabi-

897 1917 943 1939 tur
955 1913 989 1940 ab
1007 1913 1104 1944 altero,
1121 1912 1167 1947 qui
1183 1911 1216 1938 ab
1229 1911 1314 1938 altero
1327 1918 1380 1938 non
1393 1913 1435 1937 est
1452 1913 1575 1944 emptus;
1591 1915 1623 1934 ac
1634 1915 1684 1934 ne—

898 1958 997 1985 minem
1014 1962 1124 1988 metuet,
1136 1957 1182 1992 qui
1199 1965 1212 1983 ο
1228 1957 1336 1984 nemine
1350 1956 1454 1990 accepit
1470 1959 1499 1981 ut
1514 1957 1597 1981 esset.
1614 1953 1684 1986 Quid

898 2003 971 2030 enim
993 2007 1105 2035 metuet,
1124 2002 1147 2030 si
1167 2002 1195 2029 in
1219 2002 1385 2037 perfectione
1401 1999 1546 2028 consistit?
1573 1999 1595 2026 si
1623 2006 1684 2033 per-

899 2049 996 2076 fectam
1017 2047 1280 2075 consummationem
1297 2047 1395 2074 habet?
1423 2046 1447 2073 si
1468 2052 1484 2072 a
1506 2053 1535 2072 se
1557 2051 1684 2072 consum-

899 2098 988 2121 matus
1002 2094 1064 2121 est?
1089 2093 1111 2120 si
1134 2092 1225 2127 seipso
1242 2092 1370 2127 aptatus?
1387 2098 1503 2126 quorum
1519 2090 1592 2118 enim
1610 2093 1685 2124 apta-

898 2140 937 2166 tio
958 2139 1156 2167 incommodari
1172 2142 1272 2174 potest,
1294 2138 1390 2165 timent
1418 2145 1500 2169 eum,
1517 2135 1564 2170 qui
1592 2139 1685 2170 aptare

901 2189 990 2221 potest
1004 2195 1010 2212 :
1027 2185 1098 2220 quod
1114 2189 1203 2220 potest
1214 2185 1283 2211 male
1295 2183 1375 2216 allici,
1387 2183 1464 2210 timet
1479 2182 1550 2210 male
1564 2180 1684 2208 allicien-

901 2236 965 2258 tem.
987 2230 1015 2258 Si
1032 2234 1122 2258 autem
1139 2231 1236 2258 timent
1255 2230 1411 2261 daemones,
1436 2231 1463 2256 et
1481 2229 1596 2263 possunt
1614 2225 1684 2252 male

903 2277 982 2310 allici,
997 2285 1051 2304 non
1068 2280 1131 2304 sunt
1145 2276 1258 2312 ingeniti
1272 2286 1278 2303 :
1297 2275 1369 2310 quod
1379 2274 1452 2301 enim
1469 2272 1616 2308 ingenitum
1630 2275 1683 2303 est,

902 2323 1052 2358 impatibile
1065 2326 1123 2356 est;
1143 2326 1170 2349 et
1190 2330 1244 2348 non
1265 2325 1353 2356 potest
1368 2320 1435 2355 pati,
1457 2319 1528 2354 quod
1544 2322 1620 2346 extra
1636 2324 1686 2345 na-

901 2374 990 2397 turam
1009 2369 1162 2404 genitorum
1179 2373 1230 2396 est.

936 2415 1013 2448 Quod
1025 2418 1114 2442 autem
1133 2415 1299 2449 supplicant,
1316 2412 1342 2440 in
1358 2419 1442 2440 sensu
1459 2414 1570 2444 sunt,et
1582 2409 1683 2442 sciunt,

901 2461 966 2497 quid
980 2461 1050 2493 sint,
1072 2465 1099 2488 et
1113 2461 1185 2496 quod
1201 2468 1296 2496 poenas
1311 2459 1446 2488 sustinere
1471 2461 1606 2492 possunt;
1629 2463 1685 2482 non

900 2506 973 2534 enim
988 2515 1017 2534 se
1033 2507 1241 2542 ignoraverunt;
1255 2514 1311 2533 non
1328 2513 1358 2533 se
1378 2503 1542 2540 impatibiles
1564 2506 1625 2530 eSSe
1639 2510 1685 2529 co-

900 2553 1141 2587 gitaruntznosse
1160 2557 1251 2579 autem
1287 2552 1404 2586 aliquem
1430 2549 1549 2583 seipsum
1580 2552 1606 2574 et
1630 2555 1685 2574 non

902 2598 1045 2633 ignorare,
1063 2598 1170 2633 signum
1196 2601 1238 2625 est
1260 2606 1358 2625 sensus
1373 2600 1399 2624 et
1413 2594 1555 2622 indicium.
1575 2592 1603 2619 Si
1621 2599 1686 2619 vero

902 2643 965 2677 quia
979 2649 1058 2671 erant
1071 2645 1213 2679 patibiles,
1232 2643 1464 2673 iormidaverunt,
1482 2644 1510 2668 et
1535 2637 1686 2666 formidan-

903 2692 945 2716 tes
963 2689 1202 2724 supplicaverunt,
1218 2692 1246 2716 et
1269 2689 1491 2724 supplicaverunt
1507 2686 1532 2714 ei
1549 2683 1595 2720 qui
1609 2687 1685 2718 pote-

99 2765 154 2802 (M)
173 2765 214 2792 Τὰ
229 2764 284 2799 τὰρ
305 2765 378 2802 δυντ
395 2764 440 2792 Sic
463 2765 630 2802 reddendum
645 2775 650 2794 :
668 2765 720 2801 Qui
747 2766 911 2794 harmoniam
934 2766 1088 2795 mutabilem
1107 2767 1195 2802 liabet,
1221 2766 1374 2802 reformidat
1392 2773 1449 2793 eum
1465 2763 1510 2800 qui
1525 2765 1608 2798 potest
1621 2761 1686 2792 hatr-

63 2801 168 2829 mouias
181 2806 283 2828 ululare
303 2806 347 2828 aut
361 2801 503 2829 destruere.
520 2800 597 2829 BASN.
