1900 3070
243 105 314 133 “‘23

804 104 873 132 τιτι
893 103 1105 132 BOSTRENSIS
1125 103 1279 134 EPISCOPI

1797 106 1861 134 “2t

243 163 274 191 Si
288 163 429 194 volueritis.
448 162 550 197 inquit,
576 167 600 189 et
625 163 764 190 audieritis
782 171 841 195 me.
865 163 933 190 bona
949 169 1011 190 terra

1075 164 1274 199 είσακούσητέ
1280 174 1350 200 μου,
1364 165 1400 192 τὰ
1410 164 1502 199 ἀγαθὰ
1513 164 1566 199 τῆς
1579 163 1635 199 τῆς
1647 165 1781 200 φάττσθε
1791 174 1797 179 ·
1810 166 1861 192 ἐὰν

243 208 379 238 comedetis
394 217 402 239 ,'
420 209 443 235 si
460 213 546 235 autem
572 209 724 241 nolueritis,
741 217 787 236 nec
808 209 946 236 audieritis
967 218 1024 241 me,

242 255 347 290 gladius
369 254 502 281 devorabit
519 263 562 282 vos
580 256 600 282 ‘.
620 255 673 283 Sed
688 255 837 283 absurdum
853 259 895 283 est
916 261 1026 290 prazter-

242 302 349 329 mittere
370 309 522 328 sermonem
538 301 571 328 de
588 301 798 336 improbissimis
810 321 818 333 ,
839 310 871 329 ac
887 301 1025 336 praeterire

242 347 486 374 considerationem
506 347 540 374 de
565 347 599 374 iis
614 348 661 381 qui
676 348 835 382 turpissime
851 352 933 383 atque
947 348 1025 376 effre—

245 393 387 420 natissima
414 393 523 420 licentia
550 393 576 420 in
595 393 650 419 vita
664 397 820 426 versantur,
838 401 872 421 ne
899 398 1023 421 nostrum

240 439 378 466 silentium
392 439 651 473 periculosissimam
668 439 884 474 desperationem
902 440 941 467 eis
953 448 1024 467 com-

241 486 326 517 paret.
339 482 397 510 Non
408 490 570 517 magnopere
580 487 707 511 accusant
717 483 1023 512 Nabuchodonosorem?

241 523 294 556 non
305 529 382 556 valde
401 529 602 564 reprehendunt
613 529 804 556 Pharaonem?
819 538 874 557 non
900 531 932 557 ad
948 539 1023 558 sum-

240 582 313 601 mum
329 575 467 610 fastigium
483 575 661 609 turpitudinis
676 583 836 610 progressos
847 577 1023 604 existimant?

239 620 302 646 talia
321 620 392 647 enim
409 620 442 647 de
458 620 565 647 illorum
583 620 638 646 vita
661 625 687 647 et
709 620 834 648 instituto
857 621 957 656 ubique
976 622 1022 657 ja-

239 670 322 692 ctant.
336 665 364 692 Si
381 666 462 700 igitur
485 666 512 692 in
533 666 641 693 illorum
656 666 755 694 animis
780 667 883 694 nullum
900 668 1020 695 studium

239 715 406 742 cerneretur,
419 711 470 737 alia
486 711 554 738 ratio
565 714 646 738 esset.
664 711 712 738 Sin
730 719 793 739 vero
810 713 837 739 in
858 713 925 739 adeo
942 714 1020 742 malis

238 758 319 783 etiam
346 761 439 791 partes
459 757 554 791 aliqua:
574 764 666 784 eorum
684 765 743 791 qua:
765 757 834 784 bona
857 762 920 785 sunt
943 766 1020 793 repe-

238 802 356 833 riuntur,
372 810 482 834 sensus,
502 802 700 836 perceptiones,
720 803 915 838 intelligentiae,
932 803 1020 838 paeni-

1075 208 1164 243 δὲμὴ
1182 209 1296 243 θέλητε,
1320 209 1398 244 μηδὲ
1419 210 1616 243 εισακούσητέ
1638 219 1710 244 μου,
1732 210 1861 244 μάχαιρα

1075 254 1153 288 ὑμᾶς
1168 255 1329 282 κατέδεται.
1349 256 1465 282 Ἀτοπον
1479 256 1507 282 δὲ
1518 256 1565 282 καὶ
1580 255 1626 282 τὸν
1647 256 1712 292 περὶ
1726 257 1781 282 τῶν
1794 265 1861 290 φαυ-

1073 300 1192 327 λοτάτων
1214 301 1371 327 καταλιπεῖν
1391 301 1479 335 λόγον,
1492 302 1536 328 καὶ
1551 301 1600 337 τὴν
1624 303 1689 337 πρὶ
1708 301 1763 328 τῶν
1775 303 1862 336 αἰσχί-

1075 356 1144 378 ιπως
1158 347 1204 374 καὶ
1219 347 1450 382 ἐκδεδιῃτημένως
1460 348 1681 383 ἀναστρεφόντων
1697 348 1862 382 παραλιπεῖν

1073 392 1203 425 ἐξέτασιν,
1220 393 1318 428 μήπως
1334 394 1349 427 ἡ
1362 392 1439 428 ἡμῶν
1455 393 1543 427 σιωπὴ
1559 393 1689 419 ἀπόνοιαν
1699 393 1860 428 χαλεπωτά-

1073 446 1123 473 την
1137 438 1228 469 αὺτοῖς
1247 438 1445 473 κατασκευάσῃζ
1464 438 1500 464 Οὐ
1513 438 1613 474 σφόδρα
1629 439 1805 465 διαϐάλλουσι
1815 439 1860 465 τον

1073 483 1326 518 Ναϐουχοδονόσορ;
1349 483 1378 509 οὺ
1398 483 1500 518 σφόδρα
1516 484 1666 518 μέμφονται
1682 484 1727 510 τὸν
1740 484 1858 518 Φαραὼς

1072 530 1101 556 οὐ
1122 530 1204 565 πέρας
1224 529 1400 564 αἰοχρότητος
1423 529 1521 561 αὐτοὺς
1544 530 1721 564 νενομίκασι;
1746 530 1861 557 τοιαῦτα

1071 575 1124 610 γὰρ
1141 575 1204 610 περὶ
1218 575 1267 610 τῆς
1280 575 1389 602 ἐκείνων
1404 575 1540 610 διαγωγῆς
1554 576 1609 602 ἄνω
1621 576 1668 602 καὶ
1684 576 1760 602 κάτω
1776 577 1858 612 ϐρυλ-

1071 620 1170 647 λοῦσιν.
1186 621 1217 646 Εί
1234 621 1281 658 μὲν
1294 618 1339 646 οὖν
1359 621 1387 646 ἐν
1403 620 1604 658 ταῖςβιανοίαις
1620 621 1733 647 ἐκείνων
1745 621 1859 657 οὐδεμία

1071 666 1172 701 σπουδὴ
1183 665 1290 700 φανείη,
1304 666 1380 700 λόγος
1392 666 1424 692 ἂν
1434 666 1475 701 εἴη
1489 666 1580 701 ἕτερος
1590 675 1596 681 ·
1609 668 1632 693 εἰ
1644 667 1671 693 δὲ
1685 668 1714 693 ἐν
1721 669 1779 699 τοίς
1789 668 1859 694 οὕτω

1070 713 1164 742 κακοῖς
1177 712 1223 738 καὶ
1231 712 1299 747 μέρη
1312 712 1466 747 εὑρίσκεται
1477 712 1575 743 καλῶν,
1593 713 1802 748 καὶαξσθήσεις,
1811 715 1859 741 καὶ

1069 757 1234 792 ἀντιλήψεις,
1249 757 1295 783 καὶ
1323 757 1482 792 μετάμελος,
1501 760 1546 785 καὶ
1562 758 1678 785 ἱκεσίαι·
1699 759 1727 785 τε
1743 760 1785 786 ἔτι
1806 762 1859 796 φή-

1071 810 1179 834 σουσινς
1198 803 1229 828 Et
1240 802 1294 837 γὰρ
1317 800 1392 834 οὗτος
1411 805 1424 830 ὁ
1439 805 1509 831 πάνυ
1525 805 1663 839 αἴσχιστος
1678 806 1778 840 φανείη
1798 807 1858 832 τινὰ

241 849 324 875 tentia
347 856 379 875 ac
404 848 633 882 supplicationes;
650 849 715 882 quid
744 848 800 883 jam
815 848 914 876 dicturi
933 851 1011 876 sunt'

1071 848 1139 883 μέρη
1165 848 1234 883 ἔχων
1254 849 1362 884 ἀρετῆς,
1388 850 1435 875 καὶ
1455 850 1560 884 τρόπων
1586 850 1806 885 ἐπιτηδειότητα,
1830 852 1857 877 τί

238 893 267 921 Si
286 894 357 921 enim
382 894 425 920 hic
445 894 621 929 turpissimus
649 898 777 928 appareat
805 894 903 922 habere
927 899 1018 929 partes

237 941 366 974 quasdam
384 941 490 967 virtutis
515 944 541 967 et
570 947 659 968 mores
681 941 787 975 aliquos
806 941 916 968 idoneos
929 961 936 973 ,
953 942 1017 976 quid

236 986 345 1013 dicent?
360 986 387 1013 Si
404 986 477 1013 enim
503 986 717 1020 respondebunt,
734 986 844 1014 mistum
864 994 926 1014 esse
941 986 1018 1014 Sata-

235 1040 308 1065 nam,
327 1033 411 1068 utqui
428 1032 532 1059 fructus
547 1040 581 1059 ex
603 1032 704 1059 virtute
728 1040 759 1059 ac
784 1032 850 1059 vitio
863 1033 959 1060 mislos
977 1037 1017 1060 at-

235 1079 336 1110 tulerit,
355 1083 400 1105 aut
414 1079 519 1105 fructus
538 1078 588 1106 hos
604 1086 657 1104 non
673 1085 733 1105 esse
743 1077 842 1104 diaboli
855 1087 862 1111 ;
877 1086 930 1105 non
944 1079 1016 1105 enim

234 1124 340 1151 fructus
370 1123 458 1155 misti,
489 1122 595 1149 fruetus
619 1122 721 1150 fuerint
737 1123 856 1150 carentis
872 1123 1015 1156 mistione;

233 1178 321 1204 neque
337 1169 409 1204 quod
428 1177 480 1196 non
499 1172 542 1195 est
569 1169 680 1196 mistum
694 1189 701 1201 ,
719 1169 795 1195 radix
811 1169 883 1196 misti
901 1169 968 1202 erit;
989 1169 1015 1196 hi

234 1219 323 1242 autent
342 1215 414 1242 misti
430 1222 500 1244 esse,
516 1214 608 1248 aliquo
634 1218 755 1248 tempore
780 1219 974 1248 apparuerunt,
990 1219 1017 1242 et

234 1259 385 1293 percepisse
399 1258 537 1288 scientias.
555 1262 582 1285 et
597 1258 772 1293 improbitate
783 1260 855 1294 capti
868 1267 929 1286 esse
942 1269 949 1286 :
965 1259 1015 1287 hac

233 1305 338 1332 ratione
356 1305 523 1339 apparebunt
548 1312 602 1331 non
631 1312 693 1332 esse
715 1313 785 1332 verae
801 1313 941 1340 personae,
967 1307 1014 1334 sed

233 1351 301 1377 ficta:
316 1351 490 1385 cogitatione.

269 1396 305 1421 En
329 1396 445 1429 Pharao,
465 1404 526 1424 cum
548 1397 713 1432 increpatur,
737 1397 850 1425 remittit
872 1402 898 1426 et
921 1399 1013 1426 molli-

231 1446 286 1474 tur,
304 1441 420 1469 ﬂectitur
438 1447 537 1477 mente,
559 1449 584 1471 et
607 1451 737 1478 percussa
763 1443 852 1470 anima
876 1452 930 1471 non
952 1453 1014 1479 per-

1068 894 1192 929 ὲροῦσιν;
1212 895 1248 921 Ἦ
1263 895 1316 930 γὰρ
1332 895 1376 922 τὸν
1394 896 1514 922 Σατανᾶν
1536 896 1632 931 μικτὸν
1647 896 1678 928 ἐξ
1693 897 1795 932 ἀρετῆς
1809 898 1856 924 καὶ

1068 940 1175 972 κακίας,
1189 940 1226 971 ὡς
1244 941 1355 975 μικτοὺς
1377 941 1498 976 καρποὺς
1520 941 1665 974 ἐνεγκόντα
1681 942 1822 976 φήσουσιν,
1838 944 1855 977 ἦ

1066 986 1175 1017 τούτους
1193 986 1314 1022 καρποὺς
1329 986 1365 1022 μὴ
1381 985 1449 1013 εἶναι
1465 987 1512 1013 τοῦ
1532 987 1654 1013 διαϐόλου
1665 996 1672 1002 ·
1687 987 1781 1014 οὐκέτι
1801 989 1855 1023 γὰρ

1066 1031 1091 1057 οἱ
1115 1031 1206 1066 μικτοὶ
1224 1031 1270 1057 τοῦ
1292 1032 1407 1066 ἀμίκτου
1432 1029 1486 1058 εἶεν
1507 1032 1540 1058 ἂν
1561 1033 1673 1068 καρποὶ,
1689 1032 1752 1059 οὔτε
1779 1033 1856 1067 ῥίζαν

1065 1077 1096 1103 τὺ
1111 1077 1225 1113 ἄμικτον
1241 1078 1288 1104 τοῦ
1307 1079 1401 1112 μικτοῦ
1419 1079 1566 1113 φανήσεται
1579 1088 1586 1094 ι
1599 1076 1672 1105 οὗτοι
1688 1079 1719 1105 δὲ
1742 1079 1791 1105 καὶ
1811 1088 1856 1114 μι-

1066 1123 1125 1149 κτοὶ
1137 1123 1273 1158 ἐφάνησαν
1289 1124 1385 1159 χρόνῳ,
1403 1124 1449 1150 καὶ
1472 1124 1521 1155 τὰς
1536 1125 1692 1160 ἐπιστήμας
1707 1124 1835 1156 λαϐόντες
1845 1144 1855 1157 ,

1067 1167 1113 1193 καὶ
1130 1168 1245 1203 πονηρίᾳ
1260 1167 1428 1203 αἱρεθέντες·
1447 1169 1494 1195 καὶ
1509 1170 1658 1204 φανήσεται
1673 1169 1745 1196 κατὰ
1761 1169 1854 1196 τοῦτον

1064 1212 1110 1239 τὸν
1123 1213 1200 1247 λόγον
1214 1213 1325 1248 πλάσμα
1338 1212 1405 1240 εἶναι
1416 1213 1505 1248 λόγου,
1521 1214 1567 1240 καὶ
1585 1214 1624 1250 μὴ
1639 1214 1772 1246 ἀληθείας
1788 1215 1854 1241 ὑπό-

1067 1266 1170 1289 στασις.

1106 1396 1168 1423 Ἰδοὺ
1181 1396 1234 1430 γὰρ
1247 1396 1261 1422 ὁ
1275 1396 1323 1431 μὲν
1335 1395 1431 1431 Φαραὼ
1445 1396 1473 1422 ἐν
1485 1398 1545 1428 ταῖς
1558 1397 1715 1432 ἐπιτιμίαις
1728 1397 1851 1425 ἐνδίδωσι

1064 1443 1110 1468 καὶ
1129 1442 1303 1469 ἁπαλύνεται·
1324 1442 1443 1468 ἐνδίδωσι
1465 1444 1496 1477 τῇ
1521 1442 1634 1478 διανοίᾳ,
1658 1444 1706 1469 καὶ
1730 1452 1852 1470 κακατυ-

231 1492 337 1515 severat
355 1489 382 1514 in
401 1487 520 1522 duritia;
541 1489 606 1524 quin
628 1489 718 1524 potius
731 1489 786 1516 duo
801 1489 866 1516 facit
895 1499 902 1516 :
925 1491 1011 1525 poscit

1064 1489 1140 1524 φθεὶς
1160 1489 1208 1524 τὴν
1227 1488 1314 1524 ψυχὴν
1334 1488 1383 1514 οὐκ
1405 1488 1528 1523 ἐπιμένει
1547 1490 1579 1523 τῇ
1597 1489 1758 1524 τραχύτητι·
1782 1489 1851 1516 ἀλλά

229 1533 302 1568 quod
323 1538 408 1568 optat,
432 1539 459 1561 et
481 1539 593 1562 accusat
619 1534 745 1568 factum;
770 1539 797 1562 et
824 1543 889 1570 nonI
905 1537 1011 1564 videtur

229 1579 318 1606 anima
331 1580 417 1607 oculis
430 1584 519 1614 capta,
536 1581 582 1608 sed
599 1581 632 1607 ad
648 1581 833 1615 paenitentiam
851 1581 1008 1616 procedens,

228 1632 261 1652 ac
278 1626 437 1660 petitionem
452 1629 479 1652 et
498 1626 727 1661 supplicationem
747 1628 924 1662 amplectens,
940 1633 967 1656 et
982 1629 1009 1655 in

228 1671 355 1706 precibus
375 1671 528 1699 blandiens.
555 1672 584 1699 Si
610 1676 700 1699 autem
723 1677 822 1699 natura
839 1674 926 1700 malus
942 1674 1010 1701 fuis-

228 1719 280 1747 set,
304 1716 439 1750 quomodo
467 1717 500 1744 de
525 1717 652 1751 precibus
677 1721 704 1744 et
729 1717 889 1751 pmnitentia
916 1720 1010 1753 cogni-

227 1762 329 1788 tionem
352 1762 513 1789 habuisset?
535 1762 564 1789 Si
591 1764 663 1789 enim
686 1763 757 1789 bona
776 1767 817 1790 est
837 1764 1006 1797 poenitentia,

227 1813 254 1834 et
283 1808 353 1834 bona
382 1809 444 1835 item
476 1809 616 1843 precatio;
651 1809 674 1835 si
700 1816 763 1836 vero
794 1814 889 1836 natura
925 1812 1005 1844 mala,

226 1854 363 1888 quomodo
390 1855 490 1881 malum
515 1862 578 1880 cum
608 1854 680 1881 bono
704 1855 815 1881 mistum
843 1856 912 1882 fuit?
933 1856 1007 1890 Quo-

225 1900 306 1927 modo
332 1908 365 1926 ex
394 1901 465 1927 malo
489 1900 590 1927 bonum
620 1901 756 1934 prolatum
783 1902 843 1928 est?
866 1902 1006 1937 Apparent

225 1954 279 1974 non
304 1947 454 1981 intelligere
467 1955 526 1981 quae
544 1947 703 1980 loquuntur,
722 1947 787 1981 quin
806 1948 895 1981 potius
917 1955 1007 1977 mente

225 1993 286 2019 rudi
311 1997 338 2020 et
364 1993 510 2025 inerudita,
533 1997 611 2027 sputa
635 1993 722 2028 magis
748 1994 906 2028 verborum,
924 2004 1005 2030 quam

225 2039 305 2066 verba
320 2039 450 2073 proferre.

258 2095 520 2128 Nabuchodonosor,
536 2096 658 2130 quamvis
672 2097 793 2124 moribus
813 2105 901 2124 saevus
920 2102 1003 2131 esset,

222 2147 249 2168 ct
270 2141 407 2168 fornacem
426 2145 615 2176 prwparasset,
636 2145 662 2168 et
679 2142 823 2175 imaginem
844 2141 964 2175 fecisset,
976 2147 1004 2170 et

1061 1535 1107 1561 δύο
1123 1536 1202 1566 ποιεῖ,
1226 1534 1272 1561 καὶ
1295 1534 1342 1569 τὴν
1363 1534 1443 1568 εὐχὴν
1459 1535 1537 1566 αἰτεῖ,
1561 1534 1607 1560 καὶ
1628 1536 1782 1570 κατηγορεῖ
1801 1535 1850 1562 τοῦ

1059 1580 1214 1615 γενομένου,
1231 1579 1277 1605 καὶ
1291 1579 1320 1605 οὐ
1339 1579 1460 1613 μαίνεται
1478 1578 1565 1614 πηρὺς
1580 1580 1596 1614 ὴ
1614 1579 1698 1614 duxi},
1717 1580 1777 1606 ἀλλ’
1798 1581 1850 1615 ἒμ-

1060 1628 1204 1658 6λὲπουσα.
1221 1627 1268 1654 καὶ
1285 1627 1350 1662 προς
1365 1626 1506 1661 μετάνοιαν
1524 1626 1659 1661 χωροῦσα·
1679 1627 1849 1662 ἀντιλαμϐα-

1059 1674 1156 1709 νομένη
1177 1673 1204 1700 δὲ
1226 1674 1271 1700 καὶ
1287 1673 1335 1707 τῆς
1350 1673 1482 1706 αἰτήσεως
1501 1672 1547 1698 καὶ
1563 1671 1677 1703 ἱκεσίας,
1699 1673 1748 1698 καὶ
1767 1673 1851 1700 λιπα-

1060 1719 1142 1754 ροῦσαι
1156 1719 1235 1753 εὐχῆς
1246 1718 1347 1745 ἕνεκεν.
1362 1719 1392 1744 Εἰ
1404 1718 1431 1743 δὲ
1442 1717 1573 1751 ἐπεφύκει
1586 1717 1680 1749 κακὸς,
1693 1719 1752 1750 πῶς
1766 1719 1850 1752 ἐγνώ-

1058 1774 1100 1791 κει
1116 1765 1177 1799 περὶ
1189 1765 1237 1799 τῆς
1248 1765 1327 1798 εὐχῆς
1339 1764 1443 1799 καὶτῆς
1455 1763 1611 1799 μετανοίας;
1623 1764 1653 1789 Εἰ
1664 1763 1719 1799 γὰρ
1733 1765 1751 1799 ἡ
1764 1766 1849 1799 μετά-

1057 1820 1114 1837 νοια
1131 1810 1209 1846 καλὴ,
1231 1811 1277 1837 καὶ
1294 1811 1359 1845 εὐχὴ
1377 1810 1456 1845 καλή·
1472 1811 1496 1836 εἰ
1510 1810 1537 1836 δὲ
1552 1811 1568 1845 ἡ
1583 1810 1664 1844 φύσις
1680 1811 1767 1846 κακὴ,
1786 1811 1846 1843 πῶς

1057 1857 1140 1891 ἐμίγη
1163 1856 1194 1882 τὸ
1217 1856 1299 1883 κακὸν
1314 1856 1352 1891 τῷ
1371 1855 1459 1891 καλῷ;
1483 1855 1545 1887 Πῶς
1563 1856 1590 1882 δὲ
1607 1857 1639 1882 ἐκ
1655 1857 1742 1883 κακοῦ
1763 1859 1847 1884 καλὶν

1057 1902 1226 1937 προηνέχθης
1251 1903 1305 1928 Καὶ
1325 1902 1464 1935 φαίνονται
1489 1901 1525 1936 μὴ
1545 1902 1645 1933 εἰδότες
1667 1902 1680 1928 ὃ
1704 1903 1843 1937 λέγουσιν·

1056 1948 1122 1974 ἀλλὰ
1143 1947 1295 1983 ἀπαιδεύτῳ
1314 1947 1410 1983 γνώμῃ
1431 1947 1574 1982 πτύσματα
1592 1948 1692 1982 μᾶλλον
1709 1950 1844 1985 ῥημάτων

1055 1993 1071 2028 ἢ
1086 1994 1194 2028 ῥήματα
1211 1993 1433 2028 προσφερόμενοι.

1089 2095 1119 2120 Ei
1131 2094 1159 2120 δὲ
1175 2093 1243 2119 καὶὸ
1257 2092 1498 2127 Ναϐουχοδονόσορ,
1521 2092 1608 2119 καίτοι
1622 2093 1740 2127 χαλεπὸς
1758 2094 1796 2121 ὢν
1812 2096 1842 2122 τὸ

1053 2138 1118 2175 ἦθος
1138 2140 1184 2166 καὶ
1205 2140 1254 2174 τὴν
1278 2139 1390 2174 κάμινον
1415 2139 1585 2173 εὐτρεπίσας,
1610 2140 1658 2166 καὶ
1678 2141 1729 2176 τὴν
1747 2141 1842 2168 εἰκόνα

223 2188 304 2216 minis
329 2192 453 2219 terreret,
473 2191 555 2222 atque
573 2188 715 2222 imaginem
730 2188 854 2215 venerari
875 2193 999 2224 cogeret;

1063 2187 1176 2221 ποιήσας,
1201 2187 1247 2212 καὶ
1267 2187 1299 2220 τῇ
1319 2185 1414 2220 ἀπειλῇ
1435 2185 1541 2219 φοϐῶν,
1560 2186 1606 2211 καὶ
1623 2189 1791 2220 προσκυνεῖν
1810 2187 1840 2214 τὸ

222 2235 313 2261 statim
335 2238 365 2260 nt
390 2234 477 2261 sancti
496 2235 572 2269 pueri
593 2234 620 2260 in
639 2233 773 2261 fornacem
794 2235 858 2261 illati
880 2239 952 2267 sunt,
976 2239 1002 2262 et

221 2279 333 2307 cedebat
356 2279 474 2311 flamma,
496 2284 522 2305 et
541 2286 655 2313 corpora
675 2287 728 2305 non
756 2279 856 2314 attigit,
874 2279 1002 2314 factaque

220 2329 262 2353 est
292 2325 386 2352 fornax
411 2332 557 2360 synagoga,
585 2333 617 2351 ac
644 2333 694 2360 pro
716 2325 841 2352 lamentis
865 2325 957 2360 hymni
975 2329 1002 2353 et

219 2371 315 2399 laudes
340 2371 547 2404 adhibebantur,
577 2379 665 2405 neque
689 2371 744 2405 jam
776 2374 906 2405 tanquam
940 2372 1001 2406 igne

219 2426 330 2445 carnem
359 2421 454 2445 urente
484 2417 641 2444 lamentatio
667 2417 758 2448 fiebat,
787 2417 834 2443 sed
859 2417 892 2443 ab
911 2417 1000 2443 anima

219 2465 328 2492 lzelante
355 2468 453 2492 cantus
481 2463 668 2490 celebrabatur
700 2472 707 2490 :
736 2464 843 2495 statim,
872 2463 998 2497 inquam,

219 2509 360 2544 prospexit
388 2516 447 2543 quze
474 2509 545 2535 intra
578 2508 714 2535 fornacem
743 2508 860 2539 fiebant,
884 2508 999 2535 honora-

218 2560 317 2590 tusque
341 2558 382 2582 est
408 2555 494 2589 angeli
522 2554 688 2589 spectaculo,
712 2554 840 2588 misitque
866 2561 961 2581 vocem
991 2563 997 2581 :

219 2601 312 2627 Nonne
328 2606 378 2627 tres
391 2601 458 2628 viros
475 2601 500 2626 in
515 2600 648 2635 fornacem
659 2600 816 2627 intulimus?
833 2608 875 2631 en,
887 2604 999 2635 quatuor

216 2647 302 2678 video,
328 2652 352 2673 et
377 2651 499 2682 quartum
525 2651 650 2680 tanquam
676 2646 788 2673 similem
811 2645 883 2672 Filio
905 2645 954 2672 Dei
977 2646 997 2671 ⁷.

217 2692 353 2720 Continuo
373 2693 454 2727 igitur
477 2692 563 2726 legem
585 2692 619 2719 de
641 2691 692 2718 hac
715 2699 745 2718 re
764 2691 869 2723 scribit,
889 2695 918 2718 ut
933 2699 998 2718 con-

218 2738 345 2765 fiteantur
364 2738 460 2766 Deum.
487 2742 516 2765 ut
535 2741 670 2766 testentur
688 2738 827 2765 verit-atem
843 2746 849 2772 ;
868 2738 897 2765 fit
913 2737 998 2765 inter-

254 2817 264 2832 ⁵
277 2817 328 2843 Isa.
343 2825 362 2849 ι,
379 2818 422 2850 19,
434 2818 478 2844 20.
516 2818 525 2833 ⁷
541 2817 608 2844 Dan.
623 2825 664 2850 ιιι,
679 2817 723 2850 91,
739 2816 795 2859 92η

1053 2231 1160 2266 ἄγαλμα
1175 2231 1344 2265 ἀναγκάζων,
1362 2231 1398 2262 ὡς
1411 2231 1434 2256 οἱ
1447 2230 1518 2264 ἆγιοι
1533 2230 1606 2257 ἔνδον
1621 2231 1778 2264 ἐϐάλλοντο,
1794 2234 1839 2259 καὶ

1051 2277 1185 2312 ὑπεχώρει
1205 2279 1220 2312 ὴ
1237 2277 1300 2311 φλὸξ
1315 2277 1361 2304 καὶ
1382 2276 1434 2303 τῶν
1449 2277 1580 2311 σωμάτων
1597 2277 1646 2312 οὐχ
1661 2277 1776 2312 ἥπτετο,
1794 2280 1837 2307 xﬂ

1052 2322 1193 2357 συναγωγὴ
1212 2323 1227 2357 ἡ
1241 2323 1352 2357 κάμινος
1365 2323 1474 2355 ἐγίνετο·
1492 2322 1539 2348 καὶ
1553 2322 1613 2348 ἀντὶ
1627 2323 1756 2358 ὀδυρμῶν
1767 2324 1839 2351 ἔνδον

1051 2367 1129 2403 ὕμνοι
1151 2368 1297 2399 ἐτελοῦντο,
1314 2368 1360 2394 καὶ
1377 2368 1467 2397 οὐκέτι
1484 2367 1634 2402 καιομένης
1654 2369 1758 2404 σαρκὸς
1773 2371 1839 2405 6ρῆ-

1051 2422 1094 2445 νος
1110 2414 1255 2448 ἐπέμπετο,
1278 2414 1334 2440 ἀλλ’
1351 2415 1382 2440 ἐκ
1398 2413 1638 2448 πανηγυριζούσης
1652 2413 1741 2449 ψυχῆς
1762 2413 1838 2450 ᾆσμα

1050 2459 1174 2485 ἐτελεῖτο
1187 2459 1341 2494 παρέκυψεν
1358 2460 1420 2486 ἰδεῖν
1434 2459 1467 2486 τὰ
1482 2459 1564 2491 ἔνδον,
1580 2461 1727 2495 τετίμηται
1740 2464 1774 2497 τῇ
1791 2463 1836 2488 τοῦ

1049 2505 1164 2540 ἀγγέλου
1184 2505 1292 2540 Θεωρία,
1312 2506 1399 2540 ἀφῆκε
1417 2505 1516 2540 φωνήνι
1540 2505 1614 2539 Οὐχί
1630 2506 1711 2539 τρεῖς
1725 2506 1838 2540 ἀνδρας

1049 2552 1226 2586 ἐνεϐάλομεν
1239 2553 1282 2584 εἰς
1295 2551 1350 2585 τὴν
1361 2550 1501 2585 κάμινον;
1518 2550 1582 2577 ἰδοὺ
1598 2552 1752 2586 τέσσαρας
1769 2552 1835 2585 ἐρῶ,

1049 2597 1165 2624 καὶτὸν
1183 2597 1331 2632 τέταρτον,
1353 2598 1392 2630 ὡς
1411 2597 1511 2631 ὅμοιον
1534 2596 1589 2629 Υἱῷ
1612 2598 1700 2624 Θεοῦ.
1728 2598 1836 2629 Εὐθέως

1048 2644 1111 2679 γοῦν
1125 2644 1224 2679 γράφει
1241 2644 1310 2680 ὑπὲρ
1323 2643 1417 2670 τούτου
1432 2644 1522 2678 νόμον,
1538 2643 1681 2679 ὁμολογεῖν
1697 2644 1742 2670 τὸν
1759 2644 1834 2675 Θεὸν,

1049 2691 1194 2726 μαρτυρεῖν
1208 2690 1256 2724 τὴν
1269 2689 1404 2725 ἀλήθειαν·
1417 2689 1551 2725 ἐξηγητὴς
1567 2690 1615 2724 τῆς
1628 2690 1753 2725 ὁράσεως
1766 2689 1836 2724 γενε-

1047 2744 1100 2763 ται.
1112 2736 1294 2772 Διαὸἀλλομεν
1309 2735 1354 2763 οὖν
1367 2735 1415 2768 τὰς
1430 2735 1584 2771 ἐξηγήσεις,
1602 2735 1619 2765 ἧ
1634 2736 1834 2771 ἐπαινέσομενς
