  <div class='ocr_page' id='page_1' title='image "/cluster/home/n/w/nwhite01/storage/ocr_20150623/18/njp.32101077772455/908.png"; bbox 0 0 1900 3070; ppageno 0'>
   <div class='ocr_carea' id='block_1_1' title="bbox 61 109 140 137">
    <p class='ocr_par' dir='ltr' id='par_1_1' title="bbox 61 109 140 137">
     <span class='ocr_line' id='line_1_1' title="bbox 61 109 140 137; baseline 0.013 -1"><span class='ocrx_word' id='word_1_1' title='bbox 61 109 75 136; x_wconf 77' lang='grc'><strong>1</strong></span> <span class='ocrx_word' id='word_1_2' title='bbox 84 109 140 137; x_wconf 71' lang='grc'><strong>125</strong></span> 
     </span>
    </p>
   </div>
   <div class='ocr_carea' id='block_1_2' title="bbox 579 106 1120 135">
    <p class='ocr_par' dir='ltr' id='par_1_2' title="bbox 579 106 1120 135">
     <span class='ocr_line' id='line_1_2' title="bbox 579 106 1120 135; baseline 0 -1"><span class='ocrx_word' id='word_1_3' title='bbox 579 106 763 135; x_wconf 74' lang='lat' dir='ltr'><strong>ADVERSUS</strong></span> <span class='ocrx_word' id='word_1_4' title='bbox 781 107 995 135; x_wconf 66' lang='lat' dir='ltr'><strong>MANICHEOS</strong></span> <span class='ocrx_word' id='word_1_5' title='bbox 1015 107 1080 135; x_wconf 78' lang='lat' dir='ltr'><strong>L18.</strong></span> <span class='ocrx_word' id='word_1_6' title='bbox 1100 107 1120 135; x_wconf 88' lang='lat' dir='ltr'><strong>I.</strong></span> 
     </span>
    </p>
   </div>
   <div class='ocr_carea' id='block_1_3' title="bbox 1621 106 1690 135">
    <p class='ocr_par' dir='ltr' id='par_1_3' title="bbox 1621 106 1690 135">
     <span class='ocr_line' id='line_1_3' title="bbox 1621 106 1690 135; baseline 0.014 -1"><span class='ocrx_word' id='word_1_7' title='bbox 1621 106 1690 135; x_wconf 77' lang='grc'><strong>1126</strong></span> 
     </span>
    </p>
   </div>
   <div class='ocr_carea' id='block_1_4' title="bbox 61 164 855 202">
    <p class='ocr_par' dir='ltr' id='par_1_4' title="bbox 61 166 855 202">
     <span class='ocr_line' id='line_1_4' title="bbox 61 166 855 202; baseline -0.003 -8"><span class='ocrx_word' id='word_1_8' title='bbox 61 167 151 194; x_wconf 73' lang='grc' dir='ltr'>καλὸν</span> <span class='ocrx_word' id='word_1_9' title='bbox 169 167 201 194; x_wconf 83' lang='grc' dir='ltr'>τὸ</span> <span class='ocrx_word' id='word_1_10' title='bbox 219 167 394 202; x_wconf 51' lang='grc' dir='ltr'>πρεσϐεύειν</span> <span class='ocrx_word' id='word_1_11' title='bbox 407 166 483 200; x_wconf 84' lang='grc' dir='ltr'>ὑπὲρ</span> <span class='ocrx_word' id='word_1_12' title='bbox 505 166 644 200; x_wconf 79' lang='grc' dir='ltr'><strong>Χριστοῦ,</strong></span> <span class='ocrx_word' id='word_1_13' title='bbox 666 167 682 202; x_wconf 82' lang='grc' dir='ltr'>ἢ</span> <span class='ocrx_word' id='word_1_14' title='bbox 704 167 732 193; x_wconf 83' lang='grc' dir='ltr'><strong>ἐν</strong></span> <span class='ocrx_word' id='word_1_15' title='bbox 747 166 855 201; x_wconf 83' lang='grc' dir='ltr'><strong>πονηρῷ</strong></span> 
     </span>
    </p>
   </div>
   <div class='ocr_carea' id='block_1_5' title="bbox 907 164 1688 202">
    <p class='ocr_par' dir='ltr' id='par_1_5' title="bbox 907 164 1688 201">
     <span class='ocr_line' id='line_1_5' title="bbox 907 164 1688 201; baseline -0.001 -9"><span class='ocrx_word' id='word_1_16' title='bbox 907 174 966 201; x_wconf 91' lang='lat' dir='ltr'><strong>pres</strong></span> <span class='ocrx_word' id='word_1_17' title='bbox 991 170 1017 193; x_wconf 90' lang='lat' dir='ltr'><strong>et</strong></span> <span class='ocrx_word' id='word_1_18' title='bbox 1039 170 1181 193; x_wconf 75' lang='lat' dir='ltr'><strong>enarrator</strong></span> <span class='ocrx_word' id='word_1_19' title='bbox 1204 165 1266 193; x_wconf 86' lang='lat' dir='ltr'><strong>visi.</strong></span> <span class='ocrx_word' id='word_1_20' title='bbox 1290 165 1487 192; x_wconf 80' lang='lat' dir='ltr'><strong>Accusabimus</strong></span> <span class='ocrx_word' id='word_1_21' title='bbox 1507 164 1590 200; x_wconf 77' lang='lat' dir='ltr'><strong>igitur</strong></span> <span class='ocrx_word' id='word_1_22' title='bbox 1609 172 1688 192; x_wconf 89' lang='lat' dir='ltr'><strong>enar-</strong></span> 
     </span>
    </p>
   </div>
   <div class='ocr_carea' id='block_1_6' title="bbox 63 211 854 248">
    <p class='ocr_par' dir='ltr' id='par_1_6' title="bbox 63 211 854 248">
     <span class='ocr_line' id='line_1_6' title="bbox 63 211 854 248; baseline -0.003 -8"><span class='ocrx_word' id='word_1_23' title='bbox 63 215 149 248; x_wconf 79' lang='grc' dir='ltr'>μὲρει</span> <span class='ocrx_word' id='word_1_24' title='bbox 160 213 224 240; x_wconf 81' lang='grc' dir='ltr'>αὐτὸ</span> <span class='ocrx_word' id='word_1_25' title='bbox 236 212 342 248; x_wconf 86' lang='grc' dir='ltr'>ἐῶμεν;</span> <span class='ocrx_word' id='word_1_26' title='bbox 357 213 388 239; x_wconf 81' lang='grc' dir='ltr'><strong>Εἰ</strong></span> <span class='ocrx_word' id='word_1_27' title='bbox 405 213 453 248; x_wconf 77' lang='grc' dir='ltr'>μὲν</span> <span class='ocrx_word' id='word_1_28' title='bbox 469 213 523 248; x_wconf 81' lang='grc' dir='ltr'><strong>γὰρ</strong></span> <span class='ocrx_word' id='word_1_29' title='bbox 533 213 564 239; x_wconf 81' lang='grc' dir='ltr'>τὸ</span> <span class='ocrx_word' id='word_1_30' title='bbox 575 213 734 248; x_wconf 73' lang='grc' dir='ltr'>πρεσϐεύειν</span> <span class='ocrx_word' id='word_1_31' title='bbox 748 212 781 238; x_wconf 85' lang='grc' dir='ltr'><strong>τὰ</strong></span> <span class='ocrx_word' id='word_1_32' title='bbox 796 211 854 239; x_wconf 87' lang='grc' dir='ltr'>θεῖα</span> 
     </span>
    </p>
   </div>
   <div class='ocr_carea' id='block_1_7' title="bbox 59 256 855 295">
    <p class='ocr_par' dir='ltr' id='par_1_7' title="bbox 59 256 855 295">
     <span class='ocr_line' id='line_1_7' title="bbox 59 256 855 295; baseline -0.001 -10"><span class='ocrx_word' id='word_1_33' title='bbox 59 259 157 292; x_wconf 67' lang='grc' dir='ltr'>λόγια,</span> <span class='ocrx_word' id='word_1_34' title='bbox 170 259 217 285; x_wconf 77' lang='grc' dir='ltr'>καὶ</span> <span class='ocrx_word' id='word_1_35' title='bbox 229 259 369 295; x_wconf 71' lang='grc' dir='ltr'>μάρτυρας</span> <span class='ocrx_word' id='word_1_36' title='bbox 380 256 449 285; x_wconf 72' lang='grc' dir='ltr'>εἶναι</span> <span class='ocrx_word' id='word_1_37' title='bbox 460 259 509 293; x_wconf 86' lang='grc' dir='ltr'>τῆς</span> <span class='ocrx_word' id='word_1_38' title='bbox 522 258 659 293; x_wconf 75' lang='grc' dir='ltr'><strong>ἀληθείας,</strong></span> <span class='ocrx_word' id='word_1_39' title='bbox 673 257 763 284; x_wconf 76' lang='grc' dir='ltr'>καλόν*</span> <span class='ocrx_word' id='word_1_40' title='bbox 776 257 855 292; x_wconf 83' lang='grc' dir='ltr'>ἐπρέ-</span> 
     </span>
    </p>
   </div>
   <div class='ocr_carea' id='block_1_8' title="bbox 62 302 855 339">
    <p class='ocr_par' dir='ltr' id='par_1_8' title="bbox 62 302 855 339">
     <span class='ocr_line' id='line_1_8' title="bbox 62 302 855 339; baseline -0.001 -10"><span class='ocrx_word' id='word_1_41' title='bbox 62 304 168 330; x_wconf 77' lang='grc' dir='ltr'>σῧευσε</span> <span class='ocrx_word' id='word_1_42' title='bbox 181 304 271 332; x_wconf 75' lang='grc' dir='ltr'><strong>δὲ.καὶ</strong></span> <span class='ocrx_word' id='word_1_43' title='bbox 288 303 532 339; x_wconf 76' lang='grc' dir='ltr'>Ναϐουχοδονόσορ,</span> <span class='ocrx_word' id='word_1_44' title='bbox 556 303 603 330; x_wconf 70' lang='grc' dir='ltr'>καὶ</span> <span class='ocrx_word' id='word_1_45' title='bbox 623 303 734 338; x_wconf 65' lang='grc' dir='ltr'>ἔγραψε,</span> <span class='ocrx_word' id='word_1_46' title='bbox 753 302 799 329; x_wconf 80' lang='grc' dir='ltr'><strong>καὶ</strong></span> <span class='ocrx_word' id='word_1_47' title='bbox 815 303 855 334; x_wconf 74' lang='grc' dir='ltr'><strong>εἰς</strong></span> 
     </span>
    </p>
   </div>
   <div class='ocr_carea' id='block_1_9' title="bbox 62 348 852 385">
    <p class='ocr_par' dir='ltr' id='par_1_9' title="bbox 62 348 852 385">
     <span class='ocr_line' id='line_1_9' title="bbox 62 348 852 385; baseline -0.003 -9"><span class='ocrx_word' id='word_1_48' title='bbox 62 351 161 376; x_wconf 73' lang='grc' dir='ltr'>πᾶσαν</span> <span class='ocrx_word' id='word_1_49' title='bbox 171 351 219 384; x_wconf 83' lang='grc' dir='ltr'>τὴν</span> <span class='ocrx_word' id='word_1_50' title='bbox 229 349 315 385; x_wconf 76' lang='grc' dir='ltr'>ἀρχὴν</span> <span class='ocrx_word' id='word_1_51' title='bbox 328 349 410 375; x_wconf 78' lang='grc' dir='ltr'>αὑτοῦ</span> <span class='ocrx_word' id='word_1_52' title='bbox 422 349 536 384; x_wconf 78' lang='grc' dir='ltr'>ἔπεμψε·</span> <span class='ocrx_word' id='word_1_53' title='bbox 555 349 661 375; x_wconf 79' lang='grc' dir='ltr'><strong>λέλυται</strong></span> <span class='ocrx_word' id='word_1_54' title='bbox 672 350 687 384; x_wconf 85' lang='grc' dir='ltr'>ἡ</span> <span class='ocrx_word' id='word_1_55' title='bbox 699 348 778 382; x_wconf 75' lang='grc' dir='ltr'>φύσις</span> <span class='ocrx_word' id='word_1_56' title='bbox 787 348 852 383; x_wconf 70' lang='lat'><strong>(20)-</strong></span> 
     </span>
    </p>
   </div>
   <div class='ocr_carea' id='block_1_10' title="bbox 62 393 855 429">
    <p class='ocr_par' dir='ltr' id='par_1_10' title="bbox 62 393 855 429">
     <span class='ocr_line' id='line_1_10' title="bbox 62 393 855 429; baseline -0.001 -9"><span class='ocrx_word' id='word_1_57' title='bbox 62 394 250 429; x_wconf 74' lang='grc' dir='ltr'>ἐπιστάμενος</span> <span class='ocrx_word' id='word_1_58' title='bbox 262 394 316 429; x_wconf 81' lang='grc' dir='ltr'><strong>γὰρ</strong></span> <span class='ocrx_word' id='word_1_59' title='bbox 333 394 363 420; x_wconf 80' lang='grc' dir='ltr'>τὸ</span> <span class='ocrx_word' id='word_1_60' title='bbox 380 393 469 425; x_wconf 83' lang='grc' dir='ltr'>καλὸν,</span> <span class='ocrx_word' id='word_1_61' title='bbox 487 394 554 429; x_wconf 82' lang='grc' dir='ltr'>πρὸς</span> <span class='ocrx_word' id='word_1_62' title='bbox 568 394 616 429; x_wconf 83' lang='grc' dir='ltr'>τὴν</span> <span class='ocrx_word' id='word_1_63' title='bbox 632 393 746 429; x_wconf 81' lang='grc' dir='ltr'>μάθησιν</span> <span class='ocrx_word' id='word_1_64' title='bbox 761 393 855 428; x_wconf 68' lang='grc' dir='ltr'>ἔϐλεψε</span> 
     </span>
    </p>
   </div>
   <div class='ocr_carea' id='block_1_11' title="bbox 63 439 854 475">
    <p class='ocr_par' dir='ltr' id='par_1_11' title="bbox 63 439 854 475">
     <span class='ocr_line' id='line_1_11' title="bbox 63 439 854 475; baseline 0 -9"><span class='ocrx_word' id='word_1_65' title='bbox 63 439 117 466; x_wconf 73' lang='grc' dir='ltr'>τοῦ</span> <span class='ocrx_word' id='word_1_66' title='bbox 137 439 229 466; x_wconf 79' lang='grc' dir='ltr'>καλοῦ.</span> <span class='ocrx_word' id='word_1_67' title='bbox 250 440 281 466; x_wconf 78' lang='lat' dir='ltr'><strong>Ei</strong></span> <span class='ocrx_word' id='word_1_68' title='bbox 294 440 322 465; x_wconf 74' lang='grc' dir='ltr'>δὲ</span> <span class='ocrx_word' id='word_1_69' title='bbox 337 439 455 474; x_wconf 69' lang='grc' dir='ltr'>ἤμϐλυνε</span> <span class='ocrx_word' id='word_1_70' title='bbox 471 439 520 474; x_wconf 80' lang='grc' dir='ltr'><strong>τὴν</strong></span> <span class='ocrx_word' id='word_1_71' title='bbox 541 439 658 475; x_wconf 74' lang='grc' dir='ltr'>μάθησιν</span> <span class='ocrx_word' id='word_1_72' title='bbox 674 441 706 475; x_wconf 77' lang='grc' dir='ltr'><strong>τῇ</strong></span> <span class='ocrx_word' id='word_1_73' title='bbox 724 440 790 475; x_wconf 81' lang='grc' dir='ltr'>πρὸς</span> <span class='ocrx_word' id='word_1_74' title='bbox 805 440 854 475; x_wconf 85' lang='grc' dir='ltr'>τὴν</span> 
     </span>
    </p>
   </div>
   <div class='ocr_carea' id='block_1_12' title="bbox 65 485 854 522">
    <p class='ocr_par' dir='ltr' id='par_1_12' title="bbox 65 485 854 522">
     <span class='ocr_line' id='line_1_12' title="bbox 65 485 854 522; baseline 0.003 -11"><span class='ocrx_word' id='word_1_75' title='bbox 65 485 204 520; x_wconf 79' lang='grc' dir='ltr'><strong>πονηρίαν</strong></span> <span class='ocrx_word' id='word_1_76' title='bbox 217 485 343 516; x_wconf 77' lang='grc' dir='ltr'><strong>διαθέσει,</strong></span> <span class='ocrx_word' id='word_1_77' title='bbox 358 487 557 522; x_wconf 73' lang='grc' dir='ltr'>κατηγορεῖται·</span> <span class='ocrx_word' id='word_1_78' title='bbox 571 487 662 521; x_wconf 72' lang='grc' dir='ltr'>ἕτερον</span> <span class='ocrx_word' id='word_1_79' title='bbox 675 486 729 522; x_wconf 83' lang='grc' dir='ltr'><strong>γὰρ</strong></span> <span class='ocrx_word' id='word_1_80' title='bbox 743 487 773 512; x_wconf 77' lang='grc' dir='ltr'>τὸ</span> <span class='ocrx_word' id='word_1_81' title='bbox 787 487 854 518; x_wconf 78' lang='grc' dir='ltr'>ὅλως</span> 
     </span>
    </p>
   </div>
   <div class='ocr_carea' id='block_1_13' title="bbox 65 519 852 568">
    <p class='ocr_par' dir='ltr' id='par_1_13' title="bbox 65 519 852 568">
     <span class='ocr_line' id='line_1_13' title="bbox 65 519 852 568; baseline 0.001 -11"><span class='ocrx_word' id='word_1_82' title='bbox 65 532 108 566; x_wconf 81' lang='grc' dir='ltr'>μὴ</span> <span class='ocrx_word' id='word_1_83' title='bbox 121 519 250 558; x_wconf 58' lang='grc' dir='ltr'>διξονασθαι</span> <span class='ocrx_word' id='word_1_84' title='bbox 263 533 348 558; x_wconf 81' lang='grc' dir='ltr'>ποιεῖν</span> <span class='ocrx_word' id='word_1_85' title='bbox 358 531 387 557; x_wconf 78' lang='grc' dir='ltr'>τὸ</span> <span class='ocrx_word' id='word_1_86' title='bbox 397 519 487 557; x_wconf 76' lang='grc' dir='ltr'>καλόν·</span> <span class='ocrx_word' id='word_1_87' title='bbox 501 519 593 566; x_wconf 58' lang='grc' dir='ltr'>ἕτερον</span> <span class='ocrx_word' id='word_1_88' title='bbox 604 519 630 558; x_wconf 69' lang='grc' dir='ltr'><strong>δέ</strong></span> <span class='ocrx_word' id='word_1_89' title='bbox 642 532 672 558; x_wconf 85' lang='grc' dir='ltr'>τὸ</span> <span class='ocrx_word' id='word_1_90' title='bbox 682 519 782 559; x_wconf 80' lang='grc' dir='ltr'>εἰδέναι</span> <span class='ocrx_word' id='word_1_91' title='bbox 794 533 852 568; x_wconf 77' lang='grc' dir='ltr'>μὲν,</span> 
     </span>
    </p>
   </div>
   <div class='ocr_carea' id='block_1_14' title="bbox 65 577 852 614">
    <p class='ocr_par' dir='ltr' id='par_1_14' title="bbox 65 577 852 614">
     <span class='ocr_line' id='line_1_14' title="bbox 65 577 852 614; baseline 0.001 -11"><span class='ocrx_word' id='word_1_92' title='bbox 65 577 108 612; x_wconf 82' lang='grc' dir='ltr'>μὴ</span> <span class='ocrx_word' id='word_1_93' title='bbox 119 577 248 604; x_wconf 76' lang='grc' dir='ltr'>δύνασθαι</span> <span class='ocrx_word' id='word_1_94' title='bbox 256 577 284 603; x_wconf 77' lang='grc' dir='ltr'>δὲ</span> <span class='ocrx_word' id='word_1_95' title='bbox 291 578 375 604; x_wconf 84' lang='grc' dir='ltr'>ποιεῖν</span> <span class='ocrx_word' id='word_1_96' title='bbox 385 577 414 603; x_wconf 84' lang='grc' dir='ltr'><strong>τδ</strong></span> <span class='ocrx_word' id='word_1_97' title='bbox 424 577 518 609; x_wconf 83' lang='grc' dir='ltr'>καλὸν,</span> <span class='ocrx_word' id='word_1_98' title='bbox 531 579 563 613; x_wconf 81' lang='grc' dir='ltr'>τῇ</span> <span class='ocrx_word' id='word_1_99' title='bbox 577 577 643 613; x_wconf 77' lang='grc' dir='ltr'>πρὸς</span> <span class='ocrx_word' id='word_1_100' title='bbox 654 578 687 604; x_wconf 75' lang='grc' dir='ltr'><strong>τὰ</strong></span> <span class='ocrx_word' id='word_1_101' title='bbox 698 578 770 614; x_wconf 76' lang='grc' dir='ltr'>πάθη</span> <span class='ocrx_word' id='word_1_102' title='bbox 783 579 852 614; x_wconf 74' lang='grc' dir='ltr'>ῥοπῇ</span> 
     </span>
    </p>
   </div>
   <div class='ocr_carea' id='block_1_15' title="bbox 62 622 236 658">
    <p class='ocr_par' dir='ltr' id='par_1_15' title="bbox 62 622 236 658">
     <span class='ocr_line' id='line_1_15' title="bbox 62 622 236 658; baseline 0.006 -10"><span class='ocrx_word' id='word_1_103' title='bbox 62 622 236 658; x_wconf 73' lang='grc' dir='ltr'><strong>ἡττώμενον.</strong></span> 
     </span>
    </p>
   </div>
   <div class='ocr_carea' id='block_1_16' title="bbox 907 211 1688 246">
    <p class='ocr_par' dir='ltr' id='par_1_16' title="bbox 907 211 1688 246">
     <span class='ocr_line' id='line_1_16' title="bbox 907 211 1688 246; baseline 0 -8"><span class='ocrx_word' id='word_1_104' title='bbox 907 211 1038 243; x_wconf 82' lang='lat' dir='ltr'><strong>rationes.</strong></span> <span class='ocrx_word' id='word_1_105' title='bbox 1056 219 1089 238; x_wconf 92' lang='lat' dir='ltr'><strong>an</strong></span> <span class='ocrx_word' id='word_1_106' title='bbox 1106 211 1297 238; x_wconf 80' lang='lat' dir='ltr'><strong>laudabimus?</strong></span> <span class='ocrx_word' id='word_1_107' title='bbox 1307 211 1434 246; x_wconf 59' lang='lat' dir='ltr'><strong>pratclara</strong></span> <span class='ocrx_word' id='word_1_108' title='bbox 1448 219 1492 238; x_wconf 87' lang='lat' dir='ltr'><strong>res</strong></span> <span class='ocrx_word' id='word_1_109' title='bbox 1508 215 1549 238; x_wconf 88' lang='lat' dir='ltr'><strong>est</strong></span> <span class='ocrx_word' id='word_1_110' title='bbox 1560 211 1688 246; x_wconf 74' lang='lat' dir='ltr'><strong>legatione</strong></span> 
     </span>
    </p>
   </div>
   <div class='ocr_carea' id='block_1_17' title="bbox 907 255 1688 291">
    <p class='ocr_par' dir='ltr' id='par_1_17' title="bbox 907 255 1688 291">
     <span class='ocr_line' id='line_1_17' title="bbox 907 255 1688 291; baseline -0.003 -8"><span class='ocrx_word' id='word_1_111' title='bbox 907 256 981 291; x_wconf 81' lang='lat' dir='ltr'><strong>fungi</strong></span> <span class='ocrx_word' id='word_1_112' title='bbox 1008 264 1055 291; x_wconf 87' lang='lat' dir='ltr'><strong>pro</strong></span> <span class='ocrx_word' id='word_1_113' title='bbox 1078 256 1208 283; x_wconf 77' lang='lat' dir='ltr'><strong>Cliristo‘</strong></span> <span class='ocrx_word' id='word_1_114' title='bbox 1236 264 1243 282; x_wconf 86' lang='lat'><strong>:</strong></span> <span class='ocrx_word' id='word_1_115' title='bbox 1270 263 1305 282; x_wconf 91' lang='lat' dir='ltr'><strong>an</strong></span> <span class='ocrx_word' id='word_1_116' title='bbox 1328 256 1378 282; x_wconf 90' lang='lat' dir='ltr'><strong>hoc</strong></span> <span class='ocrx_word' id='word_1_117' title='bbox 1400 255 1430 282; x_wconf 82' lang='lat' dir='ltr'><strong>in</strong></span> <span class='ocrx_word' id='word_1_118' title='bbox 1455 255 1554 282; x_wconf 87' lang='lat' dir='ltr'><strong>malatn</strong></span> <span class='ocrx_word' id='word_1_119' title='bbox 1582 258 1688 289; x_wconf 88' lang='lat' dir='ltr'><strong>partem</strong></span> 
     </span>
    </p>
   </div>
   <div class='ocr_carea' id='block_1_18' title="bbox 907 301 1687 338">
    <p class='ocr_par' dir='ltr' id='par_1_18' title="bbox 907 301 1687 338">
     <span class='ocr_line' id='line_1_18' title="bbox 907 301 1687 338; baseline -0.004 -8"><span class='ocrx_word' id='word_1_120' title='bbox 907 304 994 338; x_wconf 86' lang='lat' dir='ltr'><strong>accipi</strong></span> <span class='ocrx_word' id='word_1_121' title='bbox 1019 303 1142 330; x_wconf 86' lang='lat' dir='ltr'><strong>sinamus</strong></span> <span class='ocrx_word' id='word_1_122' title='bbox 1151 302 1169 329; x_wconf 82' lang='lat'><strong>?-</strong></span> <span class='ocrx_word' id='word_1_123' title='bbox 1189 301 1216 328; x_wconf 91' lang='lat' dir='ltr'><strong>Si</strong></span> <span class='ocrx_word' id='word_1_124' title='bbox 1240 302 1316 329; x_wconf 88' lang='lat' dir='ltr'><strong>obire</strong></span> <span class='ocrx_word' id='word_1_125' title='bbox 1335 301 1497 337; x_wconf 76' lang='lat' dir='ltr'><strong>legationem</strong></span> <span class='ocrx_word' id='word_1_126' title='bbox 1519 309 1569 336; x_wconf 91' lang='lat' dir='ltr'><strong>pro</strong></span> <span class='ocrx_word' id='word_1_127' title='bbox 1593 301 1687 328; x_wconf 87' lang='lat' dir='ltr'><strong>divina</strong></span> 
     </span>
    </p>
   </div>
   <div class='ocr_carea' id='block_1_19' title="bbox 909 349 1685 385">
    <p class='ocr_par' dir='ltr' id='par_1_19' title="bbox 909 349 1685 385">
     <span class='ocr_line' id='line_1_19' title="bbox 909 349 1685 385; baseline -0.004 -8"><span class='ocrx_word' id='word_1_128' title='bbox 909 350 1061 385; x_wconf 82' lang='lat' dir='ltr'><strong>Scriptura.</strong></span> <span class='ocrx_word' id='word_1_129' title='bbox 1088 354 1115 377; x_wconf 90' lang='lat' dir='ltr'><strong>ct</strong></span> <span class='ocrx_word' id='word_1_130' title='bbox 1136 353 1220 376; x_wconf 87' lang='lat' dir='ltr'><strong>testes</strong></span> <span class='ocrx_word' id='word_1_131' title='bbox 1239 356 1300 376; x_wconf 84' lang='lat' dir='ltr'><strong>esse</strong></span> <span class='ocrx_word' id='word_1_132' title='bbox 1322 349 1444 375; x_wconf 90' lang='lat' dir='ltr'><strong>veritatis</strong></span> <span class='ocrx_word' id='word_1_133' title='bbox 1464 349 1613 383; x_wconf 82' lang='lat' dir='ltr'><strong>gloriosum</strong></span> <span class='ocrx_word' id='word_1_134' title='bbox 1632 351 1685 380; x_wconf 88' lang='lat' dir='ltr'><strong>est,</strong></span> 
     </span>
    </p>
   </div>
   <div class='ocr_carea' id='block_1_20' title="bbox 912 394 1686 430">
    <p class='ocr_par' dir='ltr' id='par_1_20' title="bbox 912 394 1686 430">
     <span class='ocr_line' id='line_1_20' title="bbox 912 394 1686 430; baseline -0.003 -8"><span class='ocrx_word' id='word_1_135' title='bbox 912 395 998 422; x_wconf 83' lang='lat' dir='ltr'><strong>obivit</strong></span> <span class='ocrx_word' id='word_1_136' title='bbox 1019 400 1107 422; x_wconf 84' lang='lat' dir='ltr'><strong>autem</strong></span> <span class='ocrx_word' id='word_1_137' title='bbox 1129 395 1288 430; x_wconf 80' lang='lat' dir='ltr'><strong>legationem</strong></span> <span class='ocrx_word' id='word_1_138' title='bbox 1303 394 1563 427; x_wconf 80' lang='lat' dir='ltr'><strong>Nabuchodonosor,</strong></span> <span class='ocrx_word' id='word_1_139' title='bbox 1575 398 1602 421; x_wconf 81' lang='lat' dir='ltr'><strong>et</strong></span> <span class='ocrx_word' id='word_1_140' title='bbox 1617 394 1686 422; x_wconf 89' lang='lat' dir='ltr'><strong>scri-</strong></span> 
     </span>
    </p>
   </div>
   <div class='ocr_carea' id='block_1_21' title="bbox 907 440 1728 475">
    <p class='ocr_par' dir='ltr' id='par_1_21' title="bbox 907 440 1728 475">
     <span class='ocr_line' id='line_1_21' title="bbox 907 440 1728 475; baseline -0.004 -7"><span class='ocrx_word' id='word_1_141' title='bbox 907 441 970 475; x_wconf 86' lang='lat' dir='ltr'><strong>psit,</strong></span> <span class='ocrx_word' id='word_1_142' title='bbox 983 445 1009 468; x_wconf 89' lang='lat' dir='ltr'><strong>et</strong></span> <span class='ocrx_word' id='word_1_143' title='bbox 1026 441 1058 467; x_wconf 87' lang='lat' dir='ltr'><strong>ad</strong></span> <span class='ocrx_word' id='word_1_144' title='bbox 1073 441 1226 468; x_wconf 81' lang='lat' dir='ltr'><strong>universam</strong></span> <span class='ocrx_word' id='word_1_145' title='bbox 1241 440 1370 467; x_wconf 81' lang='lat' dir='ltr'><strong>ditionem</strong></span> <span class='ocrx_word' id='word_1_146' title='bbox 1387 448 1463 466; x_wconf 89' lang='lat' dir='ltr'><strong>suam</strong></span> <span class='ocrx_word' id='word_1_147' title='bbox 1476 441 1546 467; x_wconf 85' lang='lat' dir='ltr'><strong>misit</strong></span> <span class='ocrx_word' id='word_1_148' title='bbox 1560 448 1566 466; x_wconf 88' lang='lat'>:</span> <span class='ocrx_word' id='word_1_149' title='bbox 1581 440 1686 467; x_wconf 85' lang='lat' dir='ltr'><strong>sublata</strong></span> <span class='ocrx_word' id='word_1_150' title='bbox 1724 465 1728 469; x_wconf 85' lang='grc'><strong>,</strong></span> 
     </span>
    </p>
   </div>
   <div class='ocr_carea' id='block_1_22' title="bbox 907 485 1687 520">
    <p class='ocr_par' dir='ltr' id='par_1_22' title="bbox 907 485 1687 520">
     <span class='ocr_line' id='line_1_22' title="bbox 907 485 1687 520; baseline -0.001 -7"><span class='ocrx_word' id='word_1_151' title='bbox 907 491 949 513; x_wconf 90' lang='lat' dir='ltr'><strong>est</strong></span> <span class='ocrx_word' id='word_1_152' title='bbox 973 491 1072 513; x_wconf 88' lang='lat' dir='ltr'><strong>natura</strong></span> <span class='ocrx_word' id='word_1_153' title='bbox 1098 486 1161 512; x_wconf 91' lang='lat' dir='ltr'><strong>mali</strong></span> <span class='ocrx_word' id='word_1_154' title='bbox 1178 494 1185 511; x_wconf 89' lang='lat'><strong>:</strong></span> <span class='ocrx_word' id='word_1_155' title='bbox 1199 485 1334 520; x_wconf 85' lang='lat' dir='ltr'><strong>siquidem</strong></span> <span class='ocrx_word' id='word_1_156' title='bbox 1352 493 1412 512; x_wconf 90' lang='lat' dir='ltr'><strong>cum</strong></span> <span class='ocrx_word' id='word_1_157' title='bbox 1431 486 1523 518; x_wconf 81' lang='lat' dir='ltr'><strong>sciret,</strong></span> <span class='ocrx_word' id='word_1_158' title='bbox 1538 485 1610 520; x_wconf 89' lang='lat' dir='ltr'><strong>quod</strong></span> <span class='ocrx_word' id='word_1_159' title='bbox 1627 488 1687 513; x_wconf 83' lang='lat' dir='ltr'><strong>erat</strong></span> 
     </span>
    </p>
   </div>
   <div class='ocr_carea' id='block_1_23' title="bbox 907 531 1686 566">
    <p class='ocr_par' dir='ltr' id='par_1_23' title="bbox 907 531 1686 566">
     <span class='ocr_line' id='line_1_23' title="bbox 907 531 1686 566; baseline 0 -8"><span class='ocrx_word' id='word_1_160' title='bbox 907 532 1020 564; x_wconf 85' lang='lat' dir='ltr'><strong>bonum,</strong></span> <span class='ocrx_word' id='word_1_161' title='bbox 1047 532 1081 559; x_wconf 85' lang='lat' dir='ltr'><strong>ad</strong></span> <span class='ocrx_word' id='word_1_162' title='bbox 1106 531 1259 559; x_wconf 82' lang='lat' dir='ltr'><strong>doctrinam</strong></span> <span class='ocrx_word' id='word_1_163' title='bbox 1277 531 1310 558; x_wconf 84' lang='lat' dir='ltr'><strong>de</strong></span> <span class='ocrx_word' id='word_1_164' title='bbox 1330 531 1403 558; x_wconf 87' lang='lat' dir='ltr'><strong>bono</strong></span> <span class='ocrx_word' id='word_1_165' title='bbox 1425 531 1553 566; x_wconf 82' lang='lat' dir='ltr'><strong>respexit.</strong></span> <span class='ocrx_word' id='word_1_166' title='bbox 1574 531 1604 558; x_wconf 86' lang='lat' dir='ltr'><strong>Si</strong></span> <span class='ocrx_word' id='word_1_167' title='bbox 1621 539 1686 558; x_wconf 88' lang='lat' dir='ltr'><strong>vero</strong></span> 
     </span>
    </p>
   </div>
   <div class='ocr_carea' id='block_1_24' title="bbox 907 577 1686 612">
    <p class='ocr_par' dir='ltr' id='par_1_24' title="bbox 907 577 1686 612">
     <span class='ocr_line' id='line_1_24' title="bbox 907 577 1686 612; baseline -0.003 -7"><span class='ocrx_word' id='word_1_168' title='bbox 907 577 1058 605; x_wconf 83' lang='lat' dir='ltr'><strong>doctrinam</strong></span> <span class='ocrx_word' id='word_1_169' title='bbox 1076 577 1219 605; x_wconf 82' lang='lat' dir='ltr'><strong>aﬂ‘ectione</strong></span> <span class='ocrx_word' id='word_1_170' title='bbox 1241 577 1420 612; x_wconf 87' lang='lat' dir='ltr'><strong>turpitudinis</strong></span> <span class='ocrx_word' id='word_1_171' title='bbox 1444 577 1590 608; x_wconf 85' lang='lat' dir='ltr'><strong>hebetavit,</strong></span> <span class='ocrx_word' id='word_1_172' title='bbox 1604 584 1686 604; x_wconf 85' lang='lat' dir='ltr'><strong>aecu-</strong></span> 
     </span>
    </p>
   </div>
   <div class='ocr_carea' id='block_1_25' title="bbox 907 619 1686 656">
    <p class='ocr_par' dir='ltr' id='par_1_25' title="bbox 907 619 1686 656">
     <span class='ocr_line' id='line_1_25' title="bbox 907 619 1686 656; baseline -0.005 -5"><span class='ocrx_word' id='word_1_173' title='bbox 907 627 1004 656; x_wconf 85' lang='lat' dir='ltr'><strong>satur;</strong></span> <span class='ocrx_word' id='word_1_174' title='bbox 1035 623 1108 650; x_wconf 90' lang='lat' dir='ltr'><strong>aliud</strong></span> <span class='ocrx_word' id='word_1_175' title='bbox 1135 623 1208 650; x_wconf 84' lang='lat' dir='ltr'><strong>enim</strong></span> <span class='ocrx_word' id='word_1_176' title='bbox 1233 626 1287 655; x_wconf 85' lang='lat' dir='ltr'><strong>est,</strong></span> <span class='ocrx_word' id='word_1_177' title='bbox 1311 630 1365 649; x_wconf 90' lang='lat' dir='ltr'><strong>non</strong></span> <span class='ocrx_word' id='word_1_178' title='bbox 1393 629 1474 656; x_wconf 83' lang='lat' dir='ltr'><strong>posse</strong></span> <span class='ocrx_word' id='word_1_179' title='bbox 1499 628 1578 656; x_wconf 70' lang='lat' dir='ltr'><strong>agere</strong></span> <span class='ocrx_word' id='word_1_180' title='bbox 1612 619 1686 654; x_wconf 87' lang='lat' dir='ltr'><strong>quod</strong></span> 
     </span>
    </p>
   </div>
   <div class='ocr_carea' id='block_1_26' title="bbox 64 668 1686 706">
    <p class='ocr_par' dir='ltr' id='par_1_26' title="bbox 64 668 1686 706">
     <span class='ocr_line' id='line_1_26' title="bbox 64 668 1686 706; baseline 0 -11"><span class='ocrx_word' id='word_1_181' title='bbox 64 668 218 696; x_wconf 88' lang='lat' dir='ltr'><strong>honestum</strong></span> <span class='ocrx_word' id='word_1_182' title='bbox 243 673 307 703; x_wconf 87' lang='lat' dir='ltr'><strong>est;</strong></span> <span class='ocrx_word' id='word_1_183' title='bbox 338 669 413 697; x_wconf 87' lang='lat' dir='ltr'><strong>aliud</strong></span> <span class='ocrx_word' id='word_1_184' title='bbox 435 677 500 697; x_wconf 90' lang='lat' dir='ltr'><strong>vero</strong></span> <span class='ocrx_word' id='word_1_185' title='bbox 527 670 597 698; x_wconf 86' lang='lat' dir='ltr'><strong>scire</strong></span> <span class='ocrx_word' id='word_1_186' title='bbox 619 671 684 706; x_wconf 89' lang='lat' dir='ltr'><strong>quid</strong></span> <span class='ocrx_word' id='word_1_187' title='bbox 708 675 761 705; x_wconf 85' lang='lat' dir='ltr'><strong>est,</strong></span> <span class='ocrx_word' id='word_1_188' title='bbox 783 671 855 706; x_wconf 89' lang='lat' dir='ltr'><strong>quod</strong></span> <span class='ocrx_word' id='word_1_189' title='bbox 875 671 1019 699; x_wconf 87' lang='lat' dir='ltr'><strong>honestum</strong></span> <span class='ocrx_word' id='word_1_190' title='bbox 1037 675 1090 703; x_wconf 88' lang='lat' dir='ltr'><strong>est,</strong></span> <span class='ocrx_word' id='word_1_191' title='bbox 1106 678 1159 698; x_wconf 88' lang='lat' dir='ltr'><strong>non</strong></span> <span class='ocrx_word' id='word_1_192' title='bbox 1180 675 1270 697; x_wconf 89' lang='lat' dir='ltr'><strong>tamen</strong></span> <span class='ocrx_word' id='word_1_193' title='bbox 1303 677 1382 697; x_wconf 65' lang='lat' dir='ltr'><strong>acere</strong></span> <span class='ocrx_word' id='word_1_194' title='bbox 1407 677 1498 697; x_wconf 75' lang='lat' dir='ltr'><strong>posse.</strong></span> <span class='ocrx_word' id='word_1_195' title='bbox 1515 668 1686 696; x_wconf 87' lang='lat' dir='ltr'><strong>iuclinationi</strong></span> 
     </span>
    </p>
   </div>
   <div class='ocr_carea' id='block_1_27' title="bbox 63 714 438 742">
    <p class='ocr_par' dir='ltr' id='par_1_27' title="bbox 63 714 438 742">
     <span class='ocr_line' id='line_1_27' title="bbox 63 714 438 742; baseline 0.005 -2"><span class='ocrx_word' id='word_1_196' title='bbox 63 714 185 742; x_wconf 76' lang='lat' dir='ltr'><strong>allectus</strong></span> <span class='ocrx_word' id='word_1_197' title='bbox 204 715 438 742; x_wconf 87' lang='lat' dir='ltr'><strong>suceumbentem.</strong></span> 
     </span>
    </p>
   </div>
   <div class='ocr_carea' id='block_1_28' title="bbox 110 763 852 800">
    <p class='ocr_par' dir='ltr' id='par_1_28' title="bbox 110 763 852 800">
     <span class='ocr_line' id='line_1_28' title="bbox 110 763 852 800; baseline 0.004 -12"><span class='ocrx_word' id='word_1_198' title='bbox 110 763 221 798; x_wconf 70' lang='grc' dir='ltr'>Ἐπειδὴ</span> <span class='ocrx_word' id='word_1_199' title='bbox 239 763 266 790; x_wconf 75' lang='grc' dir='ltr'>δὲ</span> <span class='ocrx_word' id='word_1_200' title='bbox 285 765 313 789; x_wconf 85' lang='grc' dir='ltr'><strong>ἐν</strong></span> <span class='ocrx_word' id='word_1_201' title='bbox 327 763 479 799; x_wconf 83' lang='grc' dir='ltr'>ἀνθρώποις</span> <span class='ocrx_word' id='word_1_202' title='bbox 491 765 592 800; x_wconf 75' lang='grc' dir='ltr'>καρποὶ</span> <span class='ocrx_word' id='word_1_203' title='bbox 607 764 654 791; x_wconf 77' lang='grc' dir='ltr'>τοῦ</span> <span class='ocrx_word' id='word_1_204' title='bbox 672 765 793 791; x_wconf 76' lang='grc' dir='ltr'>διαϐόλου</span> <span class='ocrx_word' id='word_1_205' title='bbox 805 765 852 800; x_wconf 78' lang='grc' dir='ltr'>οὐχ</span> 
     </span>
    </p>
   </div>
   <div class='ocr_carea' id='block_1_29' title="bbox 940 760 1684 796">
    <p class='ocr_par' dir='ltr' id='par_1_29' title="bbox 940 760 1684 796">
     <span class='ocr_line' id='line_1_29' title="bbox 940 760 1684 796; baseline 0.001 -8"><span class='ocrx_word' id='word_1_206' title='bbox 940 761 1042 794; x_wconf 86' lang='lat' dir='ltr'><strong>Quodsi</strong></span> <span class='ocrx_word' id='word_1_207' title='bbox 1063 762 1090 788; x_wconf 92' lang='lat' dir='ltr'><strong>in</strong></span> <span class='ocrx_word' id='word_1_208' title='bbox 1110 760 1266 788; x_wconf 90' lang='lat' dir='ltr'><strong>hominibus</strong></span> <span class='ocrx_word' id='word_1_209' title='bbox 1287 769 1340 788; x_wconf 91' lang='lat' dir='ltr'><strong>non</strong></span> <span class='ocrx_word' id='word_1_210' title='bbox 1368 765 1432 788; x_wconf 91' lang='lat' dir='ltr'><strong>sunt.</strong></span> <span class='ocrx_word' id='word_1_211' title='bbox 1457 761 1558 796; x_wconf 88' lang='lat' dir='ltr'><strong>reperti</strong></span> <span class='ocrx_word' id='word_1_212' title='bbox 1578 762 1684 790; x_wconf 79' lang='lat' dir='ltr'><strong>fructus</strong></span> 
     </span>
    </p>
   </div>
   <div class='ocr_carea' id='block_1_30' title="bbox 64 807 855 848">
    <p class='ocr_par' dir='ltr' id='par_1_30' title="bbox 64 808 852 846">
     <span class='ocr_line' id='line_1_30' title="bbox 64 808 852 846; baseline 0.004 -12"><span class='ocrx_word' id='word_1_213' title='bbox 64 817 78 834; x_wconf 85' lang='grc' dir='ltr'><strong>ε</strong></span> <span class='ocrx_word' id='word_1_214' title='bbox 85 808 231 844; x_wconf 66' lang='grc' dir='ltr'>ὒρέθησαν,</span> <span class='ocrx_word' id='word_1_215' title='bbox 244 810 290 835; x_wconf 76' lang='grc' dir='ltr'><strong>καὶ</strong></span> <span class='ocrx_word' id='word_1_216' title='bbox 300 809 462 836; x_wconf 82' lang='grc' dir='ltr'>ὲδυσωπεῖτο</span> <span class='ocrx_word' id='word_1_217' title='bbox 475 810 563 837; x_wconf 76' lang='grc' dir='ltr'>αὐτῶν</span> <span class='ocrx_word' id='word_1_218' title='bbox 573 811 587 836; x_wconf 85' lang='grc' dir='ltr'>ὁ</span> <span class='ocrx_word' id='word_1_219' title='bbox 597 811 705 846; x_wconf 82' lang='grc' dir='ltr'><strong>τρόπος,</strong></span> <span class='ocrx_word' id='word_1_220' title='bbox 717 811 763 837; x_wconf 75' lang='grc' dir='ltr'>καὶ</span> <span class='ocrx_word' id='word_1_221' title='bbox 773 811 852 846; x_wconf 77' lang='grc' dir='ltr'>ἠλέγ-</span> 
     </span>
    </p>
   </div>
   <div class='ocr_carea' id='block_1_31' title="bbox 907 807 1685 848">
    <p class='ocr_par' dir='ltr' id='par_1_31' title="bbox 907 807 1685 842">
     <span class='ocr_line' id='line_1_31' title="bbox 907 807 1685 842; baseline 0.001 -8"><span class='ocrx_word' id='word_1_222' title='bbox 907 808 1017 840; x_wconf 81' lang='lat' dir='ltr'><strong>diaboli,</strong></span> <span class='ocrx_word' id='word_1_223' title='bbox 1046 811 1072 834; x_wconf 80' lang='lat' dir='ltr'><strong>et</strong></span> <span class='ocrx_word' id='word_1_224' title='bbox 1102 815 1194 834; x_wconf 87' lang='lat' dir='ltr'><strong>eorum</strong></span> <span class='ocrx_word' id='word_1_225' title='bbox 1214 815 1284 842; x_wconf 86' lang='lat' dir='ltr'><strong>quos</strong></span> <span class='ocrx_word' id='word_1_226' title='bbox 1306 807 1435 838; x_wconf 64' lang='lat' dir='ltr'><strong>diximus,</strong></span> <span class='ocrx_word' id='word_1_227' title='bbox 1458 815 1547 834; x_wconf 87' lang='lat' dir='ltr'><strong>mores</strong></span> <span class='ocrx_word' id='word_1_228' title='bbox 1566 808 1685 842; x_wconf 80' lang='lat' dir='ltr'><strong>pudendi</strong></span> 
     </span>
    </p>
   </div>
   <div class='ocr_carea' id='block_1_32' title="bbox 64 853 853 891">
    <p class='ocr_par' dir='ltr' id='par_1_32' title="bbox 64 853 853 891">
     <span class='ocr_line' id='line_1_32' title="bbox 64 853 853 891; baseline 0.003 -11"><span class='ocrx_word' id='word_1_229' title='bbox 64 854 122 889; x_wconf 85' lang='grc' dir='ltr'><strong>χθη</strong></span> <span class='ocrx_word' id='word_1_230' title='bbox 144 854 232 880; x_wconf 80' lang='grc' dir='ltr'>αὐτῶν</span> <span class='ocrx_word' id='word_1_231' title='bbox 249 855 264 889; x_wconf 86' lang='grc' dir='ltr'>ἡ</span> <span class='ocrx_word' id='word_1_232' title='bbox 280 854 387 880; x_wconf 79' lang='grc' dir='ltr'>ἀτοπία·</span> <span class='ocrx_word' id='word_1_233' title='bbox 413 853 466 880; x_wconf 81' lang='grc' dir='ltr'>ποῦ</span> <span class='ocrx_word' id='word_1_234' title='bbox 487 854 579 881; x_wconf 76' lang='grc' dir='ltr'>λοιπὸν</span> <span class='ocrx_word' id='word_1_235' title='bbox 594 855 757 891; x_wconf 87' lang='grc' dir='ltr'>τραπῶμεν;</span> <span class='ocrx_word' id='word_1_236' title='bbox 775 857 798 882; x_wconf 80' lang='grc' dir='ltr'><strong>ει</strong></span> <span class='ocrx_word' id='word_1_237' title='bbox 817 856 853 890; x_wconf 87' lang='grc' dir='ltr'>μὴ</span> 
     </span>
    </p>
   </div>
   <div class='ocr_carea' id='block_1_33' title="bbox 63 899 855 937">
    <p class='ocr_par' dir='ltr' id='par_1_33' title="bbox 63 899 855 937">
     <span class='ocr_line' id='line_1_33' title="bbox 63 899 855 937; baseline 0.004 -12"><span class='ocrx_word' id='word_1_238' title='bbox 63 899 126 935; x_wconf 81' lang='grc' dir='ltr'>ἄρα</span> <span class='ocrx_word' id='word_1_239' title='bbox 146 899 213 934; x_wconf 76' lang='grc' dir='ltr'>πρὸς</span> <span class='ocrx_word' id='word_1_240' title='bbox 231 900 292 930; x_wconf 71' lang='grc' dir='ltr'>τοὺς</span> <span class='ocrx_word' id='word_1_241' title='bbox 312 899 440 935; x_wconf 76' lang='grc' dir='ltr'>δαίμονας</span> <span class='ocrx_word' id='word_1_242' title='bbox 458 899 620 935; x_wconf 83' lang='grc' dir='ltr'>βαδίσωμεν·</span> <span class='ocrx_word' id='word_1_243' title='bbox 639 901 665 927; x_wconf 82' lang='grc' dir='ltr'>εἴ</span> <span class='ocrx_word' id='word_1_244' title='bbox 685 909 716 934; x_wconf 88' lang='grc' dir='ltr'><strong>γε</strong></span> <span class='ocrx_word' id='word_1_245' title='bbox 743 901 780 936; x_wconf 87' lang='grc' dir='ltr'>μὴ</span> <span class='ocrx_word' id='word_1_246' title='bbox 801 901 855 937; x_wconf 78' lang='grc' dir='ltr'>ἄρα</span> 
     </span>
    </p>
   </div>
   <div class='ocr_carea' id='block_1_34' title="bbox 66 944 853 988">
    <p class='ocr_par' dir='ltr' id='par_1_34' title="bbox 66 944 853 988">
     <span class='ocr_line' id='line_1_34' title="bbox 66 944 853 988; baseline 0.003 -17"><span class='ocrx_word' id='word_1_247' title='bbox 66 946 215 980; x_wconf 76' lang='grc' dir='ltr'>φήσουσιν,</span> <span class='ocrx_word' id='word_1_248' title='bbox 225 945 284 971; x_wconf 75' lang='grc' dir='ltr'><strong>Ἀνο</strong></span> <span class='ocrx_word' id='word_1_249' title='bbox 289 944 386 988; x_wconf 64' lang='grc' dir='ltr'>ρώπφν</span> <span class='ocrx_word' id='word_1_250' title='bbox 392 945 441 981; x_wconf 83' lang='grc' dir='ltr'>μὲν</span> <span class='ocrx_word' id='word_1_251' title='bbox 452 946 537 977; x_wconf 75' lang='grc' dir='ltr'>οὐδεὶς</span> <span class='ocrx_word' id='word_1_252' title='bbox 550 946 653 981; x_wconf 83' lang='grc' dir='ltr'>καρπὸς</span> <span class='ocrx_word' id='word_1_253' title='bbox 662 947 707 973; x_wconf 76' lang='grc' dir='ltr'><strong>τοῦ</strong></span> <span class='ocrx_word' id='word_1_254' title='bbox 720 946 853 978; x_wconf 79' lang='grc' dir='ltr'>διαϐόλου,</span> 
     </span>
    </p>
   </div>
   <div class='ocr_carea' id='block_1_35' title="bbox 64 991 854 1026">
    <p class='ocr_par' dir='ltr' id='par_1_35' title="bbox 64 991 854 1026">
     <span class='ocr_line' id='line_1_35' title="bbox 64 991 854 1026; baseline 0.003 -10"><span class='ocrx_word' id='word_1_255' title='bbox 64 992 196 1026; x_wconf 78' lang='grc' dir='ltr'>δαίμονες</span> <span class='ocrx_word' id='word_1_256' title='bbox 211 991 238 1017; x_wconf 74' lang='grc' dir='ltr'>δὲ</span> <span class='ocrx_word' id='word_1_257' title='bbox 250 991 322 1024; x_wconf 84' lang='grc' dir='ltr'>γόνοι</span> <span class='ocrx_word' id='word_1_258' title='bbox 335 991 381 1017; x_wconf 75' lang='grc' dir='ltr'>καὶ</span> <span class='ocrx_word' id='word_1_259' title='bbox 391 991 499 1023; x_wconf 74' lang='grc' dir='ltr'>τοκετὸς</span> <span class='ocrx_word' id='word_1_260' title='bbox 512 991 586 1026; x_wconf 77' lang='grc' dir='ltr'>μόνοι</span> <span class='ocrx_word' id='word_1_261' title='bbox 597 991 688 1018; x_wconf 79' lang='grc' dir='ltr'>αὑτοῦ.</span> <span class='ocrx_word' id='word_1_262' title='bbox 704 992 758 1018; x_wconf 78' lang='grc' dir='ltr'><strong>Καὶ</strong></span> <span class='ocrx_word' id='word_1_263' title='bbox 769 991 854 1018; x_wconf 82' lang='grc' dir='ltr'>ταῦτα</span> 
     </span>
    </p>
   </div>
   <div class='ocr_carea' id='block_1_36' title="bbox 64 1037 854 1073">
    <p class='ocr_par' dir='ltr' id='par_1_36' title="bbox 64 1037 854 1073">
     <span class='ocr_line' id='line_1_36' title="bbox 64 1037 854 1073; baseline 0.001 -10"><span class='ocrx_word' id='word_1_264' title='bbox 64 1037 195 1071; x_wconf 78' lang='grc' dir='ltr'>λέγοντες</span> <span class='ocrx_word' id='word_1_265' title='bbox 210 1037 447 1072; x_wconf 75' lang='grc' dir='ltr'>δυσωπηθήσονται</span> <span class='ocrx_word' id='word_1_266' title='bbox 464 1037 512 1072; x_wconf 79' lang='grc' dir='ltr'>μὲν</span> <span class='ocrx_word' id='word_1_267' title='bbox 531 1038 577 1063; x_wconf 76' lang='grc' dir='ltr'><strong>καὶ</strong></span> <span class='ocrx_word' id='word_1_268' title='bbox 597 1037 729 1073; x_wconf 76' lang='grc' dir='ltr'>ἐντούτῳ·</span> <span class='ocrx_word' id='word_1_269' title='bbox 749 1038 854 1073; x_wconf 83' lang='grc' dir='ltr'>πρῶτον</span> 
     </span>
    </p>
   </div>
   <div class='ocr_carea' id='block_1_37' title="bbox 64 1083 855 1118">
    <p class='ocr_par' dir='ltr' id='par_1_37' title="bbox 64 1083 855 1118">
     <span class='ocr_line' id='line_1_37' title="bbox 64 1083 855 1118; baseline 0.003 -9"><span class='ocrx_word' id='word_1_270' title='bbox 64 1083 97 1109; x_wconf 75' lang='grc' dir='ltr'>δὲ</span> <span class='ocrx_word' id='word_1_271' title='bbox 117 1083 296 1109; x_wconf 77' lang='grc' dir='ltr'>ἀκουέτωσαν·</span> <span class='ocrx_word' id='word_1_272' title='bbox 320 1083 350 1109; x_wconf 77' lang='grc' dir='ltr'><strong>Εἰ</strong></span> <span class='ocrx_word' id='word_1_273' title='bbox 374 1083 458 1113; x_wconf 68' lang='grc' dir='ltr'>οὐδεὶς</span> <span class='ocrx_word' id='word_1_274' title='bbox 479 1083 620 1118; x_wconf 81' lang='grc' dir='ltr'>ἅνθρωπος</span> <span class='ocrx_word' id='word_1_275' title='bbox 641 1084 708 1116; x_wconf 77' lang='grc' dir='ltr'>τέως</span> <span class='ocrx_word' id='word_1_276' title='bbox 727 1085 774 1111; x_wconf 80' lang='grc' dir='ltr'><strong>τοῦ</strong></span> <span class='ocrx_word' id='word_1_277' title='bbox 797 1086 855 1117; x_wconf 79' lang='grc' dir='ltr'>ἐνὸς</span> 
     </span>
    </p>
   </div>
   <div class='ocr_carea' id='block_1_38' title="bbox 65 1127 855 1166">
    <p class='ocr_par' dir='ltr' id='par_1_38' title="bbox 65 1127 855 1166">
     <span class='ocr_line' id='line_1_38' title="bbox 65 1127 855 1166; baseline 0.003 -10"><span class='ocrx_word' id='word_1_278' title='bbox 65 1129 243 1160; x_wconf 81' lang='grc' dir='ltr'>ἀπολέλυται,</span> <span class='ocrx_word' id='word_1_279' title='bbox 263 1129 336 1155; x_wconf 72' lang='grc' dir='ltr'>οὐδὲν</span> <span class='ocrx_word' id='word_1_280' title='bbox 355 1127 401 1155; x_wconf 74' lang='grc' dir='ltr'><strong>οὖν</strong></span> <span class='ocrx_word' id='word_1_281' title='bbox 417 1129 473 1164; x_wconf 71' lang='grc'><strong>(21)</strong></span> <span class='ocrx_word' id='word_1_282' title='bbox 493 1130 580 1156; x_wconf 83' lang='grc' dir='ltr'>κοινὸν</span> <span class='ocrx_word' id='word_1_283' title='bbox 605 1129 644 1165; x_wconf 82' lang='grc' dir='ltr'>τῷ</span> <span class='ocrx_word' id='word_1_284' title='bbox 668 1131 782 1166; x_wconf 75' lang='grc' dir='ltr'>Σατανᾷ,</span> <span class='ocrx_word' id='word_1_285' title='bbox 809 1133 855 1158; x_wconf 76' lang='grc' dir='ltr'><strong>καὶ</strong></span> 
     </span>
    </p>
   </div>
   <div class='ocr_carea' id='block_1_39' title="bbox 65 1175 854 1212">
    <p class='ocr_par' dir='ltr' id='par_1_39' title="bbox 65 1175 854 1212">
     <span class='ocr_line' id='line_1_39' title="bbox 65 1175 854 1212; baseline 0.005 -11"><span class='ocrx_word' id='word_1_286' title='bbox 65 1175 110 1209; x_wconf 80' lang='grc' dir='ltr'>τῷ</span> <span class='ocrx_word' id='word_1_287' title='bbox 131 1175 181 1210; x_wconf 75' lang='grc' dir='ltr'><strong>βίῳ</strong></span> <span class='ocrx_word' id='word_1_288' title='bbox 202 1176 297 1210; x_wconf 83' lang='grc' dir='ltr'>τούτῳ,</span> <span class='ocrx_word' id='word_1_289' title='bbox 321 1175 388 1202; x_wconf 80' lang='grc' dir='ltr'>ἀλλὰ</span> <span class='ocrx_word' id='word_1_290' title='bbox 410 1176 516 1202; x_wconf 84' lang='grc' dir='ltr'>πάντων</span> <span class='ocrx_word' id='word_1_291' title='bbox 539 1176 720 1212; x_wconf 77' lang='grc' dir='ltr'>ἀπήλλακται.</span> <span class='ocrx_word' id='word_1_292' title='bbox 747 1178 854 1205; x_wconf 82' lang='grc' dir='ltr'>πάντων</span> 
     </span>
    </p>
   </div>
   <div class='ocr_carea' id='block_1_40' title="bbox 67 1221 746 1259">
    <p class='ocr_par' dir='ltr' id='par_1_40' title="bbox 67 1221 746 1259">
     <span class='ocr_line' id='line_1_40' title="bbox 67 1221 746 1259; baseline 0.004 -12"><span class='ocrx_word' id='word_1_293' title='bbox 67 1221 166 1255; x_wconf 60' lang='grc' dir='ltr'>γέγονε</span> <span class='ocrx_word' id='word_1_294' title='bbox 182 1221 265 1254; x_wconf 79' lang='grc' dir='ltr'>ξένος,</span> <span class='ocrx_word' id='word_1_295' title='bbox 278 1221 439 1257; x_wconf 71' lang='grc' dir='ltr'>ἐκϐέϐληται</span> <span class='ocrx_word' id='word_1_296' title='bbox 453 1223 671 1258; x_wconf 74' lang='grc' dir='ltr'>καταπετόμενος</span> <span class='ocrx_word' id='word_1_297' title='bbox 681 1224 746 1259; x_wconf 68' lang='grc'>(22).</span> 
     </span>
    </p>
   </div>
   <div class='ocr_carea' id='block_1_41' title="bbox 111 1355 855 1392">
    <p class='ocr_par' dir='ltr' id='par_1_41' title="bbox 111 1355 855 1392">
     <span class='ocr_line' id='line_1_41' title="bbox 111 1355 855 1392; baseline 0.003 -12"><span class='ocrx_word' id='word_1_298' title='bbox 111 1355 220 1390; x_wconf 78' lang='grc' dir='ltr'><strong>Ἐπειδὴ</strong></span> <span class='ocrx_word' id='word_1_299' title='bbox 234 1355 271 1387; x_wconf 78' lang='grc' dir='ltr'>δὲ,</span> <span class='ocrx_word' id='word_1_300' title='bbox 287 1355 327 1382; x_wconf 79' lang='grc' dir='ltr'>ἔτι</span> <span class='ocrx_word' id='word_1_301' title='bbox 339 1356 366 1381; x_wconf 80' lang='grc' dir='ltr'><strong>ἐν</strong></span> <span class='ocrx_word' id='word_1_302' title='bbox 377 1357 408 1390; x_wconf 79' lang='grc' dir='ltr'><strong>τῇ</strong></span> <span class='ocrx_word' id='word_1_303' title='bbox 424 1355 511 1391; x_wconf 75' lang='grc' dir='ltr'>πλάνῃ</span> <span class='ocrx_word' id='word_1_304' title='bbox 528 1356 574 1382; x_wconf 76' lang='grc' dir='ltr'><strong>καὶ</strong></span> <span class='ocrx_word' id='word_1_305' title='bbox 591 1356 620 1382; x_wconf 82' lang='grc' dir='ltr'><strong>ἐν</strong></span> <span class='ocrx_word' id='word_1_306' title='bbox 636 1357 667 1391; x_wconf 77' lang='grc' dir='ltr'><strong>τῇ</strong></span> <span class='ocrx_word' id='word_1_307' title='bbox 686 1355 777 1392; x_wconf 78' lang='grc' dir='ltr'>ἀπάτῃ</span> <span class='ocrx_word' id='word_1_308' title='bbox 789 1364 855 1391; x_wconf 67' lang='grc' dir='ltr'>προο</span> 
     </span>
    </p>
   </div>
   <div class='ocr_carea' id='block_1_42' title="bbox 66 1400 855 1437">
    <p class='ocr_par' dir='ltr' id='par_1_42' title="bbox 66 1400 855 1437">
     <span class='ocr_line' id='line_1_42' title="bbox 66 1400 855 1437; baseline 0.004 -12"><span class='ocrx_word' id='word_1_309' title='bbox 66 1400 226 1432; x_wconf 72' lang='grc' dir='ltr'><strong>κόπτοντες,</strong></span> <span class='ocrx_word' id='word_1_310' title='bbox 239 1401 278 1426; x_wconf 77' lang='grc' dir='ltr'>ἔτι</span> <span class='ocrx_word' id='word_1_311' title='bbox 289 1401 475 1436; x_wconf 81' lang='grc' dir='ltr'>ἀπατηλότερα</span> <span class='ocrx_word' id='word_1_312' title='bbox 486 1402 531 1427; x_wconf 70' lang='grc' dir='ltr'>καὶ</span> <span class='ocrx_word' id='word_1_313' title='bbox 543 1401 736 1437; x_wconf 74' lang='grc' dir='ltr'>πεπλανημένα</span> <span class='ocrx_word' id='word_1_314' title='bbox 747 1402 778 1436; x_wconf 76' lang='grc' dir='ltr'>ρή</span> <span class='ocrx_word' id='word_1_315' title='bbox 784 1410 855 1436; x_wconf 82' lang='grc' dir='ltr'>ματα</span> 
     </span>
    </p>
   </div>
   <div class='ocr_carea' id='block_1_43' title="bbox 66 1446 855 1483">
    <p class='ocr_par' dir='ltr' id='par_1_43' title="bbox 66 1446 855 1483">
     <span class='ocr_line' id='line_1_43' title="bbox 66 1446 855 1483; baseline 0.003 -12"><span class='ocrx_word' id='word_1_316' title='bbox 66 1446 248 1481; x_wconf 60' lang='grc' dir='ltr'>προφέρουσι,</span> <span class='ocrx_word' id='word_1_317' title='bbox 263 1447 299 1482; x_wconf 87' lang='grc' dir='ltr'>μὴ</span> <span class='ocrx_word' id='word_1_318' title='bbox 311 1448 500 1482; x_wconf 76' lang='grc' dir='ltr'>σιωπήσωμεν·</span> <span class='ocrx_word' id='word_1_319' title='bbox 515 1448 580 1482; x_wconf 77' lang='grc' dir='ltr'>φασὶ</span> <span class='ocrx_word' id='word_1_320' title='bbox 594 1447 657 1482; x_wconf 78' lang='grc' dir='ltr'>γὰρ,</span> <span class='ocrx_word' id='word_1_321' title='bbox 671 1448 711 1473; x_wconf 63' lang='lat' dir='ltr'><strong>(&quot;at</strong></span> <span class='ocrx_word' id='word_1_322' title='bbox 725 1447 855 1483; x_wconf 75' lang='grc' dir='ltr'>προϊοῦσα</span> 
     </span>
    </p>
   </div>
   <div class='ocr_carea' id='block_1_44' title="bbox 907 852 1686 888">
    <p class='ocr_par' dir='ltr' id='par_1_44' title="bbox 907 852 1686 888">
     <span class='ocr_line' id='line_1_44' title="bbox 907 852 1686 888; baseline -0.001 -8"><span class='ocrx_word' id='word_1_323' title='bbox 907 853 1026 885; x_wconf 87' lang='lat' dir='ltr'><strong>fuerunt,</strong></span> <span class='ocrx_word' id='word_1_324' title='bbox 1052 853 1228 888; x_wconf 87' lang='lat' dir='ltr'><strong>ipsorumque</strong></span> <span class='ocrx_word' id='word_1_325' title='bbox 1247 852 1387 887; x_wconf 88' lang='lat' dir='ltr'><strong>turpitudo</strong></span> <span class='ocrx_word' id='word_1_326' title='bbox 1409 853 1533 878; x_wconf 87' lang='lat' dir='ltr'><strong>convicta</strong></span> <span class='ocrx_word' id='word_1_327' title='bbox 1553 857 1594 879; x_wconf 87' lang='lat' dir='ltr'><strong>est</strong></span> <span class='ocrx_word' id='word_1_328' title='bbox 1609 862 1614 878; x_wconf 92' lang='lat'><strong>:</strong></span> <span class='ocrx_word' id='word_1_329' title='bbox 1631 860 1686 887; x_wconf 88' lang='lat' dir='ltr'><strong>quo</strong></span> 
     </span>
    </p>
   </div>
   <div class='ocr_carea' id='block_1_45' title="bbox 905 898 1685 926">
    <p class='ocr_par' dir='ltr' id='par_1_45' title="bbox 905 898 1685 926">
     <span class='ocr_line' id='line_1_45' title="bbox 905 898 1685 926; baseline 0.001 -1"><span class='ocrx_word' id='word_1_330' title='bbox 905 899 1013 926; x_wconf 90' lang='lat' dir='ltr'><strong>demum</strong></span> <span class='ocrx_word' id='word_1_331' title='bbox 1031 903 1220 926; x_wconf 87' lang='lat' dir='ltr'><strong>convertemus</strong></span> <span class='ocrx_word' id='word_1_332' title='bbox 1244 899 1310 926; x_wconf 88' lang='lat' dir='ltr'><strong>nos?</strong></span> <span class='ocrx_word' id='word_1_333' title='bbox 1331 899 1382 925; x_wconf 90' lang='lat' dir='ltr'><strong>nisi</strong></span> <span class='ocrx_word' id='word_1_334' title='bbox 1405 898 1473 925; x_wconf 83' lang='lat' dir='ltr'><strong>forte</strong></span> <span class='ocrx_word' id='word_1_335' title='bbox 1492 899 1524 925; x_wconf 87' lang='lat' dir='ltr'><strong>ad</strong></span> <span class='ocrx_word' id='word_1_336' title='bbox 1549 899 1685 926; x_wconf 66' lang='lat' dir='ltr'><strong>daemones</strong></span> 
     </span>
    </p>
   </div>
   <div class='ocr_carea' id='block_1_46' title="bbox 905 945 1684 979">
    <p class='ocr_par' dir='ltr' id='par_1_46' title="bbox 905 945 1684 979">
     <span class='ocr_line' id='line_1_46' title="bbox 905 945 1684 979; baseline -0.001 -7"><span class='ocrx_word' id='word_1_337' title='bbox 905 953 1018 978; x_wconf 86' lang='lat' dir='ltr'><strong>camus;</strong></span> <span class='ocrx_word' id='word_1_338' title='bbox 1037 945 1090 972; x_wconf 89' lang='lat' dir='ltr'><strong>nisi</strong></span> <span class='ocrx_word' id='word_1_339' title='bbox 1105 945 1175 972; x_wconf 81' lang='lat' dir='ltr'><strong>forte</strong></span> <span class='ocrx_word' id='word_1_340' title='bbox 1191 945 1283 971; x_wconf 85' lang='lat' dir='ltr'><strong>dicant</strong></span> <span class='ocrx_word' id='word_1_341' title='bbox 1303 945 1407 971; x_wconf 92' lang='lat' dir='ltr'><strong>nullum</strong></span> <span class='ocrx_word' id='word_1_342' title='bbox 1421 945 1530 979; x_wconf 89' lang='lat' dir='ltr'><strong>quidem</strong></span> <span class='ocrx_word' id='word_1_343' title='bbox 1548 946 1684 972; x_wconf 85' lang='lat' dir='ltr'><strong>hominem</strong></span> 
     </span>
    </p>
   </div>
   <div class='ocr_carea' id='block_1_47' title="bbox 905 991 1685 1024">
    <p class='ocr_par' dir='ltr' id='par_1_47' title="bbox 905 991 1685 1024">
     <span class='ocr_line' id='line_1_47' title="bbox 905 991 1685 1024; baseline -0.001 -6"><span class='ocrx_word' id='word_1_344' title='bbox 905 999 966 1018; x_wconf 85' lang='lat' dir='ltr'><strong>esse</strong></span> <span class='ocrx_word' id='word_1_345' title='bbox 988 991 1108 1018; x_wconf 76' lang='lat' dir='ltr'><strong>fructum</strong></span> <span class='ocrx_word' id='word_1_346' title='bbox 1133 991 1232 1018; x_wconf 89' lang='lat' dir='ltr'><strong>diaboli</strong></span> <span class='ocrx_word' id='word_1_347' title='bbox 1248 1000 1256 1024; x_wconf 89' lang='lat'><strong>;</strong></span> <span class='ocrx_word' id='word_1_348' title='bbox 1273 991 1409 1018; x_wconf 73' lang='lat' dir='ltr'><strong>dtemones</strong></span> <span class='ocrx_word' id='word_1_349' title='bbox 1424 998 1488 1017; x_wconf 85' lang='lat' dir='ltr'><strong>vero</strong></span> <span class='ocrx_word' id='word_1_350' title='bbox 1512 991 1595 1024; x_wconf 79' lang='lat' dir='ltr'><strong>solos,</strong></span> <span class='ocrx_word' id='word_1_351' title='bbox 1614 991 1685 1018; x_wconf 84' lang='lat' dir='ltr'><strong>fetus</strong></span> 
     </span>
    </p>
   </div>
   <div class='ocr_carea' id='block_1_48' title="bbox 905 1037 1685 1073">
    <p class='ocr_par' dir='ltr' id='par_1_48' title="bbox 905 1037 1685 1073">
     <span class='ocr_line' id='line_1_48' title="bbox 905 1037 1685 1073; baseline 0.003 -10"><span class='ocrx_word' id='word_1_352' title='bbox 905 1041 931 1064; x_wconf 89' lang='lat' dir='ltr'><strong>et</strong></span> <span class='ocrx_word' id='word_1_353' title='bbox 944 1041 1036 1072; x_wconf 85' lang='lat' dir='ltr'><strong>partes</strong></span> <span class='ocrx_word' id='word_1_354' title='bbox 1055 1038 1114 1072; x_wconf 84' lang='lat' dir='ltr'><strong>ejus</strong></span> <span class='ocrx_word' id='word_1_355' title='bbox 1126 1045 1197 1065; x_wconf 87' lang='lat' dir='ltr'><strong>esse.</strong></span> <span class='ocrx_word' id='word_1_356' title='bbox 1212 1037 1263 1064; x_wconf 85' lang='lat' dir='ltr'><strong>Sed</strong></span> <span class='ocrx_word' id='word_1_357' title='bbox 1276 1038 1299 1064; x_wconf 87' lang='lat' dir='ltr'><strong>si</strong></span> <span class='ocrx_word' id='word_1_358' title='bbox 1317 1038 1366 1064; x_wconf 88' lang='lat' dir='ltr'><strong>hoc</strong></span> <span class='ocrx_word' id='word_1_359' title='bbox 1380 1037 1508 1068; x_wconf 76' lang='lat' dir='ltr'><strong>dixerint.</strong></span> <span class='ocrx_word' id='word_1_360' title='bbox 1521 1037 1564 1064; x_wconf 88' lang='lat' dir='ltr'><strong>hic</strong></span> <span class='ocrx_word' id='word_1_361' title='bbox 1577 1045 1685 1073; x_wconf 85' lang='lat' dir='ltr'><strong>quoque</strong></span> 
     </span>
    </p>
   </div>
   <div class='ocr_carea' id='block_1_49' title="bbox 905 1081 1684 1117">
    <p class='ocr_par' dir='ltr' id='par_1_49' title="bbox 905 1081 1684 1117">
     <span class='ocr_line' id='line_1_49' title="bbox 905 1081 1684 1117; baseline 0 -8"><span class='ocrx_word' id='word_1_362' title='bbox 905 1082 1023 1117; x_wconf 86' lang='lat' dir='ltr'><strong>pudendi</strong></span> <span class='ocrx_word' id='word_1_363' title='bbox 1037 1088 1126 1109; x_wconf 88' lang='lat' dir='ltr'><strong>erunt.</strong></span> <span class='ocrx_word' id='word_1_364' title='bbox 1139 1081 1258 1108; x_wconf 85' lang='lat' dir='ltr'><strong>Primum</strong></span> <span class='ocrx_word' id='word_1_365' title='bbox 1275 1090 1338 1109; x_wconf 92' lang='lat' dir='ltr'><strong>vero</strong></span> <span class='ocrx_word' id='word_1_366' title='bbox 1352 1082 1463 1108; x_wconf 65' lang='lat' dir='ltr'><strong>audiant</strong></span> <span class='ocrx_word' id='word_1_367' title='bbox 1479 1091 1485 1108; x_wconf 91' lang='lat'>:</span> <span class='ocrx_word' id='word_1_368' title='bbox 1505 1081 1534 1108; x_wconf 88' lang='lat' dir='ltr'><strong>Si</strong></span> <span class='ocrx_word' id='word_1_369' title='bbox 1547 1082 1684 1110; x_wconf 66' lang='lat' dir='ltr'><strong>daemones</strong></span> 
     </span>
    </p>
   </div>
   <div class='ocr_carea' id='block_1_50' title="bbox 906 1127 1685 1160">
    <p class='ocr_par' dir='ltr' id='par_1_50' title="bbox 906 1127 1685 1160">
     <span class='ocr_line' id='line_1_50' title="bbox 906 1127 1685 1160; baseline 0 -6"><span class='ocrx_word' id='word_1_370' title='bbox 906 1133 970 1155; x_wconf 88' lang='lat' dir='ltr'><strong>sunt</strong></span> <span class='ocrx_word' id='word_1_371' title='bbox 997 1128 1103 1155; x_wconf 79' lang='lat' dir='ltr'><strong>fructus</strong></span> <span class='ocrx_word' id='word_1_372' title='bbox 1132 1127 1244 1160; x_wconf 89' lang='lat' dir='ltr'><strong>diaboli,</strong></span> <span class='ocrx_word' id='word_1_373' title='bbox 1279 1131 1305 1154; x_wconf 88' lang='lat' dir='ltr'><strong>et</strong></span> <span class='ocrx_word' id='word_1_374' title='bbox 1333 1128 1425 1155; x_wconf 91' lang='lat' dir='ltr'><strong>nullus</strong></span> <span class='ocrx_word' id='word_1_375' title='bbox 1452 1128 1534 1155; x_wconf 89' lang='lat' dir='ltr'><strong>homo</strong></span> <span class='ocrx_word' id='word_1_376' title='bbox 1562 1133 1603 1155; x_wconf 85' lang='lat' dir='ltr'><strong>est</strong></span> <span class='ocrx_word' id='word_1_377' title='bbox 1626 1128 1685 1155; x_wconf 84' lang='lat' dir='ltr'><strong>dia-</strong></span> 
     </span>
    </p>
   </div>
   <div class='ocr_carea' id='block_1_51' title="bbox 905 1173 1684 1208">
    <p class='ocr_par' dir='ltr' id='par_1_51' title="bbox 905 1173 1684 1208">
     <span class='ocr_line' id='line_1_51' title="bbox 905 1173 1684 1208; baseline -0.003 -6"><span class='ocrx_word' id='word_1_378' title='bbox 905 1175 957 1202; x_wconf 85' lang='lat' dir='ltr'><strong>boli</strong></span> <span class='ocrx_word' id='word_1_379' title='bbox 991 1173 1123 1202; x_wconf 78' lang='lat' dir='ltr'><strong>fruetus:</strong></span> <span class='ocrx_word' id='word_1_380' title='bbox 1158 1174 1240 1208; x_wconf 68' lang='lat' dir='ltr'><strong>igitur</strong></span> <span class='ocrx_word' id='word_1_381' title='bbox 1275 1174 1348 1200; x_wconf 90' lang='lat' dir='ltr'><strong>nulla</strong></span> <span class='ocrx_word' id='word_1_382' title='bbox 1373 1178 1413 1201; x_wconf 89' lang='lat' dir='ltr'><strong>est</strong></span> <span class='ocrx_word' id='word_1_383' title='bbox 1441 1173 1549 1201; x_wconf 83' lang='lat' dir='ltr'><strong>diabolo</strong></span> <span class='ocrx_word' id='word_1_384' title='bbox 1577 1173 1604 1200; x_wconf 88' lang='lat' dir='ltr'><strong>in</strong></span> <span class='ocrx_word' id='word_1_385' title='bbox 1632 1174 1684 1200; x_wconf 86' lang='lat' dir='ltr'><strong>hac</strong></span> 
     </span>
    </p>
   </div>
   <div class='ocr_carea' id='block_1_52' title="bbox 905 1219 1684 1255">
    <p class='ocr_par' dir='ltr' id='par_1_52' title="bbox 905 1219 1684 1255">
     <span class='ocr_line' id='line_1_52' title="bbox 905 1219 1684 1255; baseline 0.001 -9"><span class='ocrx_word' id='word_1_386' title='bbox 905 1221 959 1247; x_wconf 90' lang='lat' dir='ltr'><strong>vita</strong></span> <span class='ocrx_word' id='word_1_387' title='bbox 984 1228 1044 1247; x_wconf 90' lang='lat' dir='ltr'><strong>cum</strong></span> <span class='ocrx_word' id='word_1_388' title='bbox 1067 1219 1224 1247; x_wconf 87' lang='lat' dir='ltr'><strong>hominibus</strong></span> <span class='ocrx_word' id='word_1_389' title='bbox 1245 1221 1446 1252; x_wconf 79' lang='lat' dir='ltr'><strong>communitas;</strong></span> <span class='ocrx_word' id='word_1_390' title='bbox 1469 1220 1516 1247; x_wconf 89' lang='lat' dir='ltr'><strong>sed</strong></span> <span class='ocrx_word' id='word_1_391' title='bbox 1539 1220 1630 1255; x_wconf 83' lang='lat' dir='ltr'><strong>potius</strong></span> <span class='ocrx_word' id='word_1_392' title='bbox 1650 1220 1684 1247; x_wconf 87' lang='lat' dir='ltr'><strong>ab</strong></span> 
     </span>
    </p>
   </div>
   <div class='ocr_carea' id='block_1_53' title="bbox 904 1265 1683 1300">
    <p class='ocr_par' dir='ltr' id='par_1_53' title="bbox 904 1265 1683 1300">
     <span class='ocr_line' id='line_1_53' title="bbox 904 1265 1683 1300; baseline 0.001 -7"><span class='ocrx_word' id='word_1_393' title='bbox 904 1266 1033 1293; x_wconf 90' lang='lat' dir='ltr'><strong>omnibus</strong></span> <span class='ocrx_word' id='word_1_394' title='bbox 1049 1265 1203 1300; x_wconf 86' lang='lat' dir='ltr'><strong>disjunctus</strong></span> <span class='ocrx_word' id='word_1_395' title='bbox 1216 1270 1269 1298; x_wconf 90' lang='lat' dir='ltr'><strong>est,</strong></span> <span class='ocrx_word' id='word_1_396' title='bbox 1285 1266 1319 1292; x_wconf 86' lang='lat' dir='ltr'><strong>ab</strong></span> <span class='ocrx_word' id='word_1_397' title='bbox 1334 1266 1460 1293; x_wconf 87' lang='lat' dir='ltr'><strong>omnibus</strong></span> <span class='ocrx_word' id='word_1_398' title='bbox 1477 1266 1611 1294; x_wconf 85' lang='lat' dir='ltr'><strong>alienatus</strong></span> <span class='ocrx_word' id='word_1_399' title='bbox 1630 1269 1683 1299; x_wconf 81' lang='lat' dir='ltr'><strong>est,</strong></span> 
     </span>
    </p>
   </div>
   <div class='ocr_carea' id='block_1_54' title="bbox 904 1311 1072 1345">
    <p class='ocr_par' dir='ltr' id='par_1_54' title="bbox 904 1311 1072 1345">
     <span class='ocr_line' id='line_1_54' title="bbox 904 1311 1072 1345; baseline 0 -7"><span class='ocrx_word' id='word_1_400' title='bbox 904 1311 1006 1345; x_wconf 85' lang='lat' dir='ltr'><strong>ejeetus</strong></span> <span class='ocrx_word' id='word_1_401' title='bbox 1020 1315 1072 1338; x_wconf 87' lang='lat' dir='ltr'><strong>est.</strong></span> 
     </span>
    </p>
   </div>
   <div class='ocr_carea' id='block_1_55' title="bbox 940 1356 1685 1392">
    <p class='ocr_par' dir='ltr' id='par_1_55' title="bbox 940 1356 1685 1392">
     <span class='ocr_line' id='line_1_55' title="bbox 940 1356 1685 1392; baseline 0.003 -9"><span class='ocrx_word' id='word_1_402' title='bbox 940 1356 1008 1390; x_wconf 85' lang='lat' dir='ltr'><strong>Quia</strong></span> <span class='ocrx_word' id='word_1_403' title='bbox 1022 1365 1084 1385; x_wconf 83' lang='lat' dir='ltr'><strong>vero</strong></span> <span class='ocrx_word' id='word_1_404' title='bbox 1099 1357 1125 1384; x_wconf 91' lang='lat' dir='ltr'><strong>in</strong></span> <span class='ocrx_word' id='word_1_405' title='bbox 1139 1365 1231 1384; x_wconf 86' lang='lat' dir='ltr'><strong>errore</strong></span> <span class='ocrx_word' id='word_1_406' title='bbox 1246 1360 1272 1384; x_wconf 87' lang='lat' dir='ltr'><strong>et</strong></span> <span class='ocrx_word' id='word_1_407' title='bbox 1287 1356 1393 1384; x_wconf 77' lang='lat' dir='ltr'><strong>fallacia</strong></span> <span class='ocrx_word' id='word_1_408' title='bbox 1407 1357 1496 1384; x_wconf 84' lang='lat' dir='ltr'><strong>adhuc</strong></span> <span class='ocrx_word' id='word_1_409' title='bbox 1510 1357 1685 1392; x_wconf 84' lang='lat' dir='ltr'><strong>progredien-</strong></span> 
     </span>
    </p>
   </div>
   <div class='ocr_carea' id='block_1_56' title="bbox 904 1402 1686 1438">
    <p class='ocr_par' dir='ltr' id='par_1_56' title="bbox 904 1402 1686 1438">
     <span class='ocr_line' id='line_1_56' title="bbox 904 1402 1686 1438; baseline 0 -8"><span class='ocrx_word' id='word_1_410' title='bbox 904 1407 956 1435; x_wconf 84' lang='lat' dir='ltr'><strong>tes.</strong></span> <span class='ocrx_word' id='word_1_411' title='bbox 975 1404 1061 1438; x_wconf 83' lang='lat' dir='ltr'><strong>magis</strong></span> <span class='ocrx_word' id='word_1_412' title='bbox 1085 1403 1174 1430; x_wconf 83' lang='lat' dir='ltr'><strong>adhuc</strong></span> <span class='ocrx_word' id='word_1_413' title='bbox 1196 1403 1303 1430; x_wconf 77' lang='lat' dir='ltr'><strong>fallacia</strong></span> <span class='ocrx_word' id='word_1_414' title='bbox 1316 1408 1342 1430; x_wconf 87' lang='lat' dir='ltr'><strong>et</strong></span> <span class='ocrx_word' id='word_1_415' title='bbox 1358 1403 1486 1430; x_wconf 86' lang='lat' dir='ltr'><strong>mendosa</strong></span> <span class='ocrx_word' id='word_1_416' title='bbox 1499 1403 1580 1430; x_wconf 88' lang='lat' dir='ltr'><strong>verba</strong></span> <span class='ocrx_word' id='word_1_417' title='bbox 1594 1402 1686 1438; x_wconf 83' lang='lat' dir='ltr'><strong>profe-</strong></span> 
     </span>
    </p>
   </div>
   <div class='ocr_carea' id='block_1_57' title="bbox 906 1448 1684 1482">
    <p class='ocr_par' dir='ltr' id='par_1_57' title="bbox 906 1448 1684 1482">
     <span class='ocr_line' id='line_1_57' title="bbox 906 1448 1684 1482; baseline -0.001 -8"><span class='ocrx_word' id='word_1_418' title='bbox 906 1452 980 1480; x_wconf 89' lang='lat' dir='ltr'><strong>runt,</strong></span> <span class='ocrx_word' id='word_1_419' title='bbox 995 1456 1028 1475; x_wconf 90' lang='lat' dir='ltr'><strong>ne</strong></span> <span class='ocrx_word' id='word_1_420' title='bbox 1045 1448 1154 1475; x_wconf 85' lang='lat' dir='ltr'><strong>silentio</strong></span> <span class='ocrx_word' id='word_1_421' title='bbox 1181 1448 1418 1482; x_wconf 67' lang='lat' dir='ltr'><strong>praetermittamus</strong></span> <span class='ocrx_word' id='word_1_422' title='bbox 1432 1455 1462 1474; x_wconf 86' lang='lat' dir='ltr'><strong>ea</strong></span> <span class='ocrx_word' id='word_1_423' title='bbox 1484 1457 1491 1474; x_wconf 84' lang='lat'><strong>:</strong></span> <span class='ocrx_word' id='word_1_424' title='bbox 1509 1448 1585 1474; x_wconf 85' lang='lat' dir='ltr'><strong>aiunt</strong></span> <span class='ocrx_word' id='word_1_425' title='bbox 1600 1449 1684 1481; x_wconf 86' lang='lat' dir='ltr'><strong>enim,</strong></span> 
     </span>
    </p>
   </div>
   <div class='ocr_carea' id='block_1_58' title="bbox 65 1492 855 1530">
    <p class='ocr_par' dir='ltr' id='par_1_58' title="bbox 65 1492 852 1529">
     <span class='ocr_line' id='line_1_58' title="bbox 65 1492 852 1529; baseline 0.001 -12"><span class='ocrx_word' id='word_1_426' title='bbox 65 1492 84 1526; x_wconf 74' lang='grc' dir='ltr'>ἡ</span> <span class='ocrx_word' id='word_1_427' title='bbox 103 1492 230 1527; x_wconf 74' lang='grc' dir='ltr'>πονηρία,</span> <span class='ocrx_word' id='word_1_428' title='bbox 248 1493 294 1518; x_wconf 76' lang='grc' dir='ltr'><strong>καὶ</strong></span> <span class='ocrx_word' id='word_1_429' title='bbox 312 1493 371 1519; x_wconf 77' lang='grc' dir='ltr'>καθ’</span> <span class='ocrx_word' id='word_1_430' title='bbox 385 1494 483 1528; x_wconf 78' lang='grc' dir='ltr'>ἑαυτὴν</span> <span class='ocrx_word' id='word_1_431' title='bbox 499 1493 623 1529; x_wconf 76' lang='grc' dir='ltr'>χωροῦσα</span> <span class='ocrx_word' id='word_1_432' title='bbox 641 1493 736 1529; x_wconf 79' lang='grc' dir='ltr'>ἑαυτὴν</span> <span class='ocrx_word' id='word_1_433' title='bbox 755 1494 852 1529; x_wconf 69' lang='grc' dir='ltr'>ἠδίκει,</span> 
     </span>
    </p>
   </div>
   <div class='ocr_carea' id='block_1_59' title="bbox 907 1492 1686 1530">
    <p class='ocr_par' dir='ltr' id='par_1_59' title="bbox 907 1493 1686 1528">
     <span class='ocr_line' id='line_1_59' title="bbox 907 1493 1686 1528; baseline 0 -7"><span class='ocrx_word' id='word_1_434' title='bbox 907 1493 976 1528; x_wconf 86' lang='lat' dir='ltr'><strong>quod</strong></span> <span class='ocrx_word' id='word_1_435' title='bbox 999 1494 1119 1527; x_wconf 86' lang='lat' dir='ltr'><strong>nequitia</strong></span> <span class='ocrx_word' id='word_1_436' title='bbox 1145 1497 1245 1520; x_wconf 86' lang='lat' dir='ltr'><strong>cuncta</strong></span> <span class='ocrx_word' id='word_1_437' title='bbox 1264 1499 1433 1528; x_wconf 81' lang='lat' dir='ltr'><strong>antegressa,</strong></span> <span class='ocrx_word' id='word_1_438' title='bbox 1454 1496 1481 1520; x_wconf 87' lang='lat' dir='ltr'><strong>et</strong></span> <span class='ocrx_word' id='word_1_439' title='bbox 1506 1493 1563 1520; x_wconf 89' lang='lat' dir='ltr'><strong>sola</strong></span> <span class='ocrx_word' id='word_1_440' title='bbox 1588 1501 1686 1528; x_wconf 90' lang='lat' dir='ltr'><strong>proce—</strong></span> 
     </span>
    </p>
   </div>
   <div class='ocr_carea' id='block_1_60' title="bbox 67 1538 855 1576">
    <p class='ocr_par' dir='ltr' id='par_1_60' title="bbox 67 1538 855 1576">
     <span class='ocr_line' id='line_1_60' title="bbox 67 1538 855 1576; baseline 0.003 -13"><span class='ocrx_word' id='word_1_441' title='bbox 67 1538 119 1564; x_wconf 72' lang='grc' dir='ltr'>καὶ</span> <span class='ocrx_word' id='word_1_442' title='bbox 133 1538 230 1573; x_wconf 73' lang='grc' dir='ltr'>ἑαυτὴν</span> <span class='ocrx_word' id='word_1_443' title='bbox 251 1538 418 1573; x_wconf 78' lang='grc' dir='ltr'>ἐλυμαίνετο·</span> <span class='ocrx_word' id='word_1_444' title='bbox 437 1540 473 1571; x_wconf 82' lang='grc' dir='ltr'>ὡς</span> <span class='ocrx_word' id='word_1_445' title='bbox 488 1540 515 1566; x_wconf 83' lang='grc' dir='ltr'>δὲ</span> <span class='ocrx_word' id='word_1_446' title='bbox 533 1539 632 1576; x_wconf 79' lang='grc' dir='ltr'><strong>ἐπέστη</strong></span> <span class='ocrx_word' id='word_1_447' title='bbox 649 1539 687 1575; x_wconf 82' lang='grc' dir='ltr'>τῷ</span> <span class='ocrx_word' id='word_1_448' title='bbox 702 1539 793 1575; x_wconf 76' lang='grc' dir='ltr'>χωρίῳ</span> <span class='ocrx_word' id='word_1_449' title='bbox 807 1539 855 1574; x_wconf 81' lang='grc' dir='ltr'>τῆς</span> 
     </span>
    </p>
   </div>
   <div class='ocr_carea' id='block_1_61' title="bbox 66 1583 855 1620">
    <p class='ocr_par' dir='ltr' id='par_1_61' title="bbox 66 1583 855 1620">
     <span class='ocr_line' id='line_1_61' title="bbox 66 1583 855 1620; baseline 0 -10"><span class='ocrx_word' id='word_1_450' title='bbox 66 1583 211 1618; x_wconf 79' lang='grc' dir='ltr'>ἀληθείας,</span> <span class='ocrx_word' id='word_1_451' title='bbox 235 1584 387 1620; x_wconf 79' lang='grc' dir='ltr'>ἐξεπλάγη·</span> <span class='ocrx_word' id='word_1_452' title='bbox 413 1584 503 1620; x_wconf 76' lang='grc' dir='ltr'>θαῦμα</span> <span class='ocrx_word' id='word_1_453' title='bbox 526 1585 605 1611; x_wconf 76' lang='grc' dir='ltr'>ἔλαϐε</span> <span class='ocrx_word' id='word_1_454' title='bbox 630 1585 675 1611; x_wconf 80' lang='grc' dir='ltr'><strong>τοῦ</strong></span> <span class='ocrx_word' id='word_1_455' title='bbox 700 1584 855 1617; x_wconf 75' lang='grc' dir='ltr'>ἐξαπιναίου</span> 
     </span>
    </p>
   </div>
   <div class='ocr_carea' id='block_1_62' title="bbox 67 1629 855 1667">
    <p class='ocr_par' dir='ltr' id='par_1_62' title="bbox 67 1629 855 1667">
     <span class='ocr_line' id='line_1_62' title="bbox 67 1629 855 1667; baseline 0.001 -12"><span class='ocrx_word' id='word_1_456' title='bbox 67 1629 172 1664; x_wconf 78' lang='grc' dir='ltr'>φωτός·</span> <span class='ocrx_word' id='word_1_457' title='bbox 189 1630 333 1657; x_wconf 78' lang='grc' dir='ltr'>ἐπελάθετο</span> <span class='ocrx_word' id='word_1_458' title='bbox 349 1632 397 1667; x_wconf 81' lang='grc' dir='ltr'>τῆς</span> <span class='ocrx_word' id='word_1_459' title='bbox 412 1631 478 1661; x_wconf 80' lang='grc' dir='ltr'>ἰδίας</span> <span class='ocrx_word' id='word_1_460' title='bbox 493 1632 589 1666; x_wconf 79' lang='grc' dir='ltr'>μάχης·</span> <span class='ocrx_word' id='word_1_461' title='bbox 608 1631 719 1657; x_wconf 77' lang='grc' dir='ltr'>ἐπέθετο</span> <span class='ocrx_word' id='word_1_462' title='bbox 743 1631 781 1666; x_wconf 80' lang='grc' dir='ltr'>τῷ</span> <span class='ocrx_word' id='word_1_463' title='bbox 803 1639 855 1665; x_wconf 74' lang='grc' dir='ltr'>φα-</span> 
     </span>
    </p>
   </div>
   <div class='ocr_carea' id='block_1_63' title="bbox 68 1675 856 1711">
    <p class='ocr_par' dir='ltr' id='par_1_63' title="bbox 68 1675 856 1711">
     <span class='ocr_line' id='line_1_63' title="bbox 68 1675 856 1711; baseline 0.001 -11"><span class='ocrx_word' id='word_1_464' title='bbox 68 1675 158 1701; x_wconf 82' lang='grc' dir='ltr'>νέντι·</span> <span class='ocrx_word' id='word_1_465' title='bbox 177 1676 284 1710; x_wconf 74' lang='grc' dir='ltr'>ἥρπασε</span> <span class='ocrx_word' id='word_1_466' title='bbox 298 1676 368 1710; x_wconf 74' lang='grc' dir='ltr'>φῶς·</span> <span class='ocrx_word' id='word_1_467' title='bbox 390 1677 501 1703; x_wconf 82' lang='grc' dir='ltr'>κατέπιε</span> <span class='ocrx_word' id='word_1_468' title='bbox 516 1677 546 1703; x_wconf 80' lang='grc' dir='ltr'>τὸ</span> <span class='ocrx_word' id='word_1_469' title='bbox 565 1676 709 1711; x_wconf 75' lang='grc' dir='ltr'>θεωρηθέν.</span> <span class='ocrx_word' id='word_1_470' title='bbox 727 1675 856 1702; x_wconf 73' lang='grc' dir='ltr'>Ἐνταῦθα</span> 
     </span>
    </p>
   </div>
   <div class='ocr_carea' id='block_1_64' title="bbox 66 1720 855 1756">
    <p class='ocr_par' dir='ltr' id='par_1_64' title="bbox 66 1720 855 1756">
     <span class='ocr_line' id='line_1_64' title="bbox 66 1720 855 1756; baseline 0 -10"><span class='ocrx_word' id='word_1_471' title='bbox 66 1720 165 1747; x_wconf 70' lang='grc' dir='ltr'>λοιπὸν</span> <span class='ocrx_word' id='word_1_472' title='bbox 183 1722 264 1752; x_wconf 73' lang='grc' dir='ltr'>πολὺς</span> <span class='ocrx_word' id='word_1_473' title='bbox 281 1722 294 1747; x_wconf 83' lang='grc' dir='ltr'>ὁ</span> <span class='ocrx_word' id='word_1_474' title='bbox 308 1722 394 1756; x_wconf 77' lang='grc' dir='ltr'>γέλως</span> <span class='ocrx_word' id='word_1_475' title='bbox 415 1723 460 1748; x_wconf 81' lang='grc' dir='ltr'><strong>καὶ</strong></span> <span class='ocrx_word' id='word_1_476' title='bbox 480 1721 584 1756; x_wconf 79' lang='grc' dir='ltr'>μεγάλη</span> <span class='ocrx_word' id='word_1_477' title='bbox 601 1723 617 1756; x_wconf 81' lang='grc' dir='ltr'>ἠ</span> <span class='ocrx_word' id='word_1_478' title='bbox 631 1721 723 1756; x_wconf 80' lang='grc' dir='ltr'>χλεύη·</span> <span class='ocrx_word' id='word_1_479' title='bbox 739 1720 855 1747; x_wconf 80' lang='grc' dir='ltr'>ἐνταῦθα</span> 
     </span>
    </p>
   </div>
   <div class='ocr_carea' id='block_1_65' title="bbox 67 1766 856 1802">
    <p class='ocr_par' dir='ltr' id='par_1_65' title="bbox 67 1766 856 1802">
     <span class='ocr_line' id='line_1_65' title="bbox 67 1766 856 1802; baseline 0.001 -11"><span class='ocrx_word' id='word_1_480' title='bbox 67 1766 128 1796; x_wconf 69' lang='grc' dir='ltr'>πᾶς</span> <span class='ocrx_word' id='word_1_481' title='bbox 144 1766 294 1801; x_wconf 71' lang='grc' dir='ltr'>πεπάτηται</span> <span class='ocrx_word' id='word_1_482' title='bbox 320 1766 402 1801; x_wconf 81' lang='grc' dir='ltr'>μῦθος</span> <span class='ocrx_word' id='word_1_483' title='bbox 430 1766 591 1801; x_wconf 79' lang='grc' dir='ltr'>Ἑλληνικὸς,</span> <span class='ocrx_word' id='word_1_484' title='bbox 609 1766 755 1801; x_wconf 83' lang='grc' dir='ltr'>νικώμενος</span> <span class='ocrx_word' id='word_1_485' title='bbox 770 1766 856 1802; x_wconf 84' lang='grc' dir='ltr'>τούτῳ</span> 
     </span>
    </p>
   </div>
   <div class='ocr_carea' id='block_1_66' title="bbox 65 1809 857 1846">
    <p class='ocr_par' dir='ltr' id='par_1_66' title="bbox 65 1809 857 1846">
     <span class='ocr_line' id='line_1_66' title="bbox 65 1809 857 1846; baseline 0 -10"><span class='ocrx_word' id='word_1_486' title='bbox 65 1809 111 1845; x_wconf 80' lang='grc' dir='ltr'>τῷ</span> <span class='ocrx_word' id='word_1_487' title='bbox 127 1811 255 1845; x_wconf 78' lang='grc' dir='ltr'>σχήματι·</span> <span class='ocrx_word' id='word_1_488' title='bbox 273 1810 395 1844; x_wconf 82' lang='grc' dir='ltr'>λέγονται</span> <span class='ocrx_word' id='word_1_489' title='bbox 417 1810 470 1846; x_wconf 88' lang='grc' dir='ltr'><strong>γὰρ</strong></span> <span class='ocrx_word' id='word_1_490' title='bbox 493 1810 571 1845; x_wconf 80' lang='grc' dir='ltr'>μῦθοι</span> <span class='ocrx_word' id='word_1_491' title='bbox 595 1811 618 1836; x_wconf 87' lang='grc' dir='ltr'>οἱ</span> <span class='ocrx_word' id='word_1_492' title='bbox 640 1811 729 1845; x_wconf 77' lang='grc' dir='ltr'>μῦθοι,</span> <span class='ocrx_word' id='word_1_493' title='bbox 749 1811 805 1837; x_wconf 83' lang='grc' dir='ltr'>ἀλλ’</span> <span class='ocrx_word' id='word_1_494' title='bbox 819 1811 857 1842; x_wconf 86' lang='grc' dir='ltr'>ὼς</span> 
     </span>
    </p>
   </div>
   <div class='ocr_carea' id='block_1_67' title="bbox 69 1852 857 1891">
    <p class='ocr_par' dir='ltr' id='par_1_67' title="bbox 69 1852 857 1891">
     <span class='ocr_line' id='line_1_67' title="bbox 69 1852 857 1891; baseline 0.003 -11"><span class='ocrx_word' id='word_1_495' title='bbox 69 1854 155 1890; x_wconf 78' lang='grc' dir='ltr'>μῦθοι</span> <span class='ocrx_word' id='word_1_496' title='bbox 172 1855 350 1882; x_wconf 81' lang='grc' dir='ltr'>πιστεύονται·</span> <span class='ocrx_word' id='word_1_497' title='bbox 370 1852 446 1887; x_wconf 76' lang='grc' dir='ltr'>οὗτος</span> <span class='ocrx_word' id='word_1_498' title='bbox 461 1856 498 1886; x_wconf 74' lang='grc' dir='ltr'>δὲ,</span> <span class='ocrx_word' id='word_1_499' title='bbox 517 1857 540 1881; x_wconf 78' lang='grc' dir='ltr'>εἰ</span> <span class='ocrx_word' id='word_1_500' title='bbox 557 1857 614 1891; x_wconf 83' lang='grc' dir='ltr'>μὲν,</span> <span class='ocrx_word' id='word_1_501' title='bbox 630 1856 667 1887; x_wconf 82' lang='grc' dir='ltr'>ὠς</span> <span class='ocrx_word' id='word_1_502' title='bbox 682 1856 788 1890; x_wconf 77' lang='grc' dir='ltr'>ἐλέγετο</span> <span class='ocrx_word' id='word_1_503' title='bbox 806 1856 857 1891; x_wconf 87' lang='grc' dir='ltr'><strong>μῠ-</strong></span> 
     </span>
    </p>
   </div>
   <div class='ocr_carea' id='block_1_68' title="bbox 66 1898 857 1936">
    <p class='ocr_par' dir='ltr' id='par_1_68' title="bbox 66 1898 857 1936">
     <span class='ocr_line' id='line_1_68' title="bbox 66 1898 857 1936; baseline 0 -9"><span class='ocrx_word' id='word_1_504' title='bbox 66 1899 130 1931; x_wconf 77' lang='grc' dir='ltr'>θος,</span> <span class='ocrx_word' id='word_1_505' title='bbox 145 1899 182 1931; x_wconf 85' lang='grc' dir='ltr'>ὡς</span> <span class='ocrx_word' id='word_1_506' title='bbox 201 1899 283 1934; x_wconf 79' lang='grc' dir='ltr'>μῦθος</span> <span class='ocrx_word' id='word_1_507' title='bbox 303 1899 467 1932; x_wconf 75' lang='grc' dir='ltr'>ἐπιστεύετο,</span> <span class='ocrx_word' id='word_1_508' title='bbox 492 1900 591 1935; x_wconf 79' lang='grc' dir='ltr'>μικρὰν</span> <span class='ocrx_word' id='word_1_509' title='bbox 613 1899 646 1926; x_wconf 82' lang='grc' dir='ltr'>ἂν</span> <span class='ocrx_word' id='word_1_510' title='bbox 665 1898 721 1935; x_wconf 69' lang='grc' dir='ltr'>εἶχε</span> <span class='ocrx_word' id='word_1_511' title='bbox 741 1901 790 1936; x_wconf 83' lang='grc' dir='ltr'><strong>τὴν</strong></span> <span class='ocrx_word' id='word_1_512' title='bbox 810 1901 857 1936; x_wconf 85' lang='grc' dir='ltr'><strong>ζη-</strong></span> 
     </span>
    </p>
   </div>
   <div class='ocr_carea' id='block_1_69' title="bbox 69 1944 855 1981">
    <p class='ocr_par' dir='ltr' id='par_1_69' title="bbox 69 1944 855 1981">
     <span class='ocr_line' id='line_1_69' title="bbox 69 1944 855 1981; baseline 0.001 -9"><span class='ocrx_word' id='word_1_513' title='bbox 69 1945 152 1981; x_wconf 78' lang='grc' dir='ltr'>μεαν·</span> <span class='ocrx_word' id='word_1_514' title='bbox 176 1944 223 1972; x_wconf 78' lang='grc' dir='ltr'><strong>νῦν</strong></span> <span class='ocrx_word' id='word_1_515' title='bbox 245 1945 274 1971; x_wconf 88' lang='grc' dir='ltr'><strong>δέ</strong></span> <span class='ocrx_word' id='word_1_516' title='bbox 294 1946 355 1980; x_wconf 83' lang='grc' dir='ltr'>νικᾷ</span> <span class='ocrx_word' id='word_1_517' title='bbox 377 1945 426 1980; x_wconf 85' lang='grc' dir='ltr'>μὲν</span> <span class='ocrx_word' id='word_1_518' title='bbox 447 1946 510 1977; x_wconf 84' lang='grc' dir='ltr'>τοὺς</span> <span class='ocrx_word' id='word_1_519' title='bbox 528 1945 638 1980; x_wconf 83' lang='grc' dir='ltr'>μύθους,</span> <span class='ocrx_word' id='word_1_520' title='bbox 657 1945 814 1973; x_wconf 74' lang='grc' dir='ltr'>πιστεύεται</span> <span class='ocrx_word' id='word_1_521' title='bbox 828 1947 855 1973; x_wconf 77' lang='grc' dir='ltr'>δὲ</span> 
     </span>
    </p>
   </div>
   <div class='ocr_carea' id='block_1_70' title="bbox 69 1990 855 2027">
    <p class='ocr_par' dir='ltr' id='par_1_70' title="bbox 69 1990 855 2027">
     <span class='ocr_line' id='line_1_70' title="bbox 69 1990 855 2027; baseline 0 -9"><span class='ocrx_word' id='word_1_522' title='bbox 69 1990 150 2026; x_wconf 76' lang='grc' dir='ltr'>παρὰ</span> <span class='ocrx_word' id='word_1_523' title='bbox 161 1992 218 2022; x_wconf 80' lang='grc' dir='ltr'>τοῖς</span> <span class='ocrx_word' id='word_1_524' title='bbox 231 1991 343 2026; x_wconf 78' lang='grc' dir='ltr'>ἄφροσιν</span> <span class='ocrx_word' id='word_1_525' title='bbox 356 1990 393 2022; x_wconf 82' lang='grc' dir='ltr'>ὡς</span> <span class='ocrx_word' id='word_1_526' title='bbox 405 1991 525 2024; x_wconf 83' lang='grc' dir='ltr'>ἀλήθεια.</span> <span class='ocrx_word' id='word_1_527' title='bbox 544 1991 574 2017; x_wconf 82' lang='lat' dir='ltr'><strong>El</strong></span> <span class='ocrx_word' id='word_1_528' title='bbox 588 1990 642 2026; x_wconf 80' lang='grc' dir='ltr'><strong>γὰρ</strong></span> <span class='ocrx_word' id='word_1_529' title='bbox 655 1992 692 2022; x_wconf 85' lang='grc' dir='ltr'>ὡς</span> <span class='ocrx_word' id='word_1_530' title='bbox 707 1993 855 2027; x_wconf 86' lang='grc' dir='ltr'>μεμηνυῖα,</span> 
     </span>
    </p>
   </div>
   <div class='ocr_carea' id='block_1_71' title="bbox 68 2037 857 2073">
    <p class='ocr_par' dir='ltr' id='par_1_71' title="bbox 68 2037 857 2073">
     <span class='ocr_line' id='line_1_71' title="bbox 68 2037 857 2073; baseline 0.001 -10"><span class='ocrx_word' id='word_1_531' title='bbox 68 2037 112 2069; x_wconf 84' lang='grc' dir='ltr'>ὣς</span> <span class='ocrx_word' id='word_1_532' title='bbox 128 2046 205 2071; x_wconf 82' lang='grc' dir='ltr'>φατε,</span> <span class='ocrx_word' id='word_1_533' title='bbox 217 2038 264 2063; x_wconf 83' lang='grc' dir='ltr'><strong>καὶ</strong></span> <span class='ocrx_word' id='word_1_534' title='bbox 281 2037 341 2064; x_wconf 80' lang='grc' dir='ltr'>καθ’</span> <span class='ocrx_word' id='word_1_535' title='bbox 354 2037 451 2072; x_wconf 84' lang='grc' dir='ltr'>ἑαυτὴν</span> <span class='ocrx_word' id='word_1_536' title='bbox 467 2037 656 2073; x_wconf 80' lang='grc' dir='ltr'>πολιορκοῦσα,</span> <span class='ocrx_word' id='word_1_537' title='bbox 673 2037 806 2072; x_wconf 78' lang='grc' dir='ltr'>ὲφθακυῖα</span> <span class='ocrx_word' id='word_1_538' title='bbox 817 2039 857 2070; x_wconf 80' lang='grc' dir='ltr'>εἱς</span> 
     </span>
    </p>
   </div>
   <div class='ocr_carea' id='block_1_72' title="bbox 68 2082 856 2119">
    <p class='ocr_par' dir='ltr' id='par_1_72' title="bbox 68 2082 856 2119">
     <span class='ocr_line' id='line_1_72' title="bbox 68 2082 856 2119; baseline -0.001 -8"><span class='ocrx_word' id='word_1_539' title='bbox 68 2085 108 2111; x_wconf 79' lang='grc' dir='ltr'><strong>τὰ</strong></span> <span class='ocrx_word' id='word_1_540' title='bbox 122 2085 207 2111; x_wconf 69' lang='grc' dir='ltr'>οἰκεῖα</span> <span class='ocrx_word' id='word_1_541' title='bbox 223 2085 294 2119; x_wconf 77' lang='grc' dir='ltr'>ὅρια,</span> <span class='ocrx_word' id='word_1_542' title='bbox 313 2082 364 2110; x_wconf 80' lang='grc' dir='ltr'>εἶδε</span> <span class='ocrx_word' id='word_1_543' title='bbox 382 2084 438 2117; x_wconf 78' lang='grc' dir='ltr'>φῶς</span> <span class='ocrx_word' id='word_1_544' title='bbox 455 2083 501 2110; x_wconf 66' lang='grc' dir='ltr'><strong>καὶ</strong></span> <span class='ocrx_word' id='word_1_545' title='bbox 518 2084 688 2118; x_wconf 81' lang='grc' dir='ltr'>κατεπλάγη,</span> <span class='ocrx_word' id='word_1_546' title='bbox 707 2084 752 2110; x_wconf 81' lang='grc' dir='ltr'><strong>καὶ</strong></span> <span class='ocrx_word' id='word_1_547' title='bbox 767 2084 856 2119; x_wconf 85' lang='grc' dir='ltr'>ἀπηλ-</span> 
     </span>
    </p>
   </div>
   <div class='ocr_carea' id='block_1_73' title="bbox 68 2129 857 2165">
    <p class='ocr_par' dir='ltr' id='par_1_73' title="bbox 68 2129 857 2165">
     <span class='ocr_line' id='line_1_73' title="bbox 68 2129 857 2165; baseline -0.001 -8"><span class='ocrx_word' id='word_1_548' title='bbox 68 2131 145 2165; x_wconf 75' lang='grc' dir='ltr'>λάγη</span> <span class='ocrx_word' id='word_1_549' title='bbox 165 2129 215 2164; x_wconf 79' lang='grc' dir='ltr'>τῆς</span> <span class='ocrx_word' id='word_1_550' title='bbox 233 2130 300 2161; x_wconf 85' lang='grc' dir='ltr'>ἰδίας</span> <span class='ocrx_word' id='word_1_551' title='bbox 319 2130 416 2164; x_wconf 77' lang='grc' dir='ltr'>μάχης,</span> <span class='ocrx_word' id='word_1_552' title='bbox 432 2131 478 2156; x_wconf 75' lang='grc' dir='ltr'><strong>καὶ</strong></span> <span class='ocrx_word' id='word_1_553' title='bbox 492 2130 602 2156; x_wconf 76' lang='grc' dir='ltr'>ἐπέθετο</span> <span class='ocrx_word' id='word_1_554' title='bbox 619 2130 657 2165; x_wconf 83' lang='grc' dir='ltr'>τῷ</span> <span class='ocrx_word' id='word_1_555' title='bbox 670 2130 790 2164; x_wconf 84' lang='grc' dir='ltr'>φανέντι.</span> <span class='ocrx_word' id='word_1_556' title='bbox 807 2130 857 2164; x_wconf 80' lang='grc' dir='ltr'><strong>ἥρ-</strong></span> 
     </span>
    </p>
   </div>
   <div class='ocr_carea' id='block_1_74' title="bbox 907 1537 1682 1574">
    <p class='ocr_par' dir='ltr' id='par_1_74' title="bbox 907 1537 1682 1574">
     <span class='ocr_line' id='line_1_74' title="bbox 907 1537 1682 1574; baseline -0.003 -8"><span class='ocrx_word' id='word_1_557' title='bbox 907 1540 989 1570; x_wconf 86' lang='lat' dir='ltr'><strong>dens,</strong></span> <span class='ocrx_word' id='word_1_558' title='bbox 1027 1540 1143 1574; x_wconf 82' lang='lat' dir='ltr'><strong>seipsam</strong></span> <span class='ocrx_word' id='word_1_559' title='bbox 1168 1538 1268 1573; x_wconf 88' lang='lat' dir='ltr'><strong>injuria</strong></span> <span class='ocrx_word' id='word_1_560' title='bbox 1287 1537 1418 1564; x_wconf 84' lang='lat' dir='ltr'><strong>alliciebat</strong></span> <span class='ocrx_word' id='word_1_561' title='bbox 1434 1541 1461 1565; x_wconf 89' lang='lat' dir='ltr'><strong>et</strong></span> <span class='ocrx_word' id='word_1_562' title='bbox 1479 1538 1531 1564; x_wconf 86' lang='lat' dir='ltr'><strong>sibi</strong></span> <span class='ocrx_word' id='word_1_563' title='bbox 1546 1539 1659 1565; x_wconf 88' lang='lat' dir='ltr'><strong>nocebat</strong></span> <span class='ocrx_word' id='word_1_564' title='bbox 1677 1547 1682 1564; x_wconf 98' lang='lat'>:</span> 
     </span>
    </p>
   </div>
   <div class='ocr_carea' id='block_1_75' title="bbox 907 1583 1684 1619">
    <p class='ocr_par' dir='ltr' id='par_1_75' title="bbox 907 1583 1684 1619">
     <span class='ocr_line' id='line_1_75' title="bbox 907 1583 1684 1619; baseline -0.001 -8"><span class='ocrx_word' id='word_1_565' title='bbox 907 1589 1049 1619; x_wconf 85' lang='lat' dir='ltr'><strong>postquam</strong></span> <span class='ocrx_word' id='word_1_566' title='bbox 1070 1592 1136 1611; x_wconf 77' lang='lat' dir='ltr'><strong>vero</strong></span> <span class='ocrx_word' id='word_1_567' title='bbox 1156 1584 1247 1610; x_wconf 79' lang='lat' dir='ltr'><strong>adfuit</strong></span> <span class='ocrx_word' id='word_1_568' title='bbox 1258 1584 1285 1610; x_wconf 92' lang='lat' dir='ltr'><strong>in</strong></span> <span class='ocrx_word' id='word_1_569' title='bbox 1308 1583 1369 1610; x_wconf 85' lang='lat' dir='ltr'><strong>loco</strong></span> <span class='ocrx_word' id='word_1_570' title='bbox 1384 1583 1516 1615; x_wconf 86' lang='lat' dir='ltr'><strong>veritatis,</strong></span> <span class='ocrx_word' id='word_1_571' title='bbox 1532 1584 1684 1618; x_wconf 82' lang='lat' dir='ltr'><strong>obstupuit,</strong></span> 
     </span>
    </p>
   </div>
   <div class='ocr_carea' id='block_1_76' title="bbox 906 1629 1684 1666">
    <p class='ocr_par' dir='ltr' id='par_1_76' title="bbox 906 1629 1684 1666">
     <span class='ocr_line' id='line_1_76' title="bbox 906 1629 1684 1666; baseline -0.001 -9"><span class='ocrx_word' id='word_1_572' title='bbox 906 1635 933 1657; x_wconf 92' lang='lat' dir='ltr'><strong>et</strong></span> <span class='ocrx_word' id='word_1_573' title='bbox 961 1631 1134 1666; x_wconf 90' lang='lat' dir='ltr'><strong>repentinum</strong></span> <span class='ocrx_word' id='word_1_574' title='bbox 1164 1631 1256 1656; x_wconf 90' lang='lat' dir='ltr'><strong>lumen</strong></span> <span class='ocrx_word' id='word_1_575' title='bbox 1283 1629 1415 1656; x_wconf 83' lang='lat' dir='ltr'><strong>admirata</strong></span> <span class='ocrx_word' id='word_1_576' title='bbox 1434 1633 1485 1660; x_wconf 89' lang='lat' dir='ltr'><strong>est,</strong></span> <span class='ocrx_word' id='word_1_577' title='bbox 1513 1637 1608 1664; x_wconf 66' lang='lat' dir='ltr'><strong>pugnae</strong></span> <span class='ocrx_word' id='word_1_578' title='bbox 1629 1637 1684 1656; x_wconf 66' lang='lat' dir='ltr'><strong>sum</strong></span> 
     </span>
    </p>
   </div>
   <div class='ocr_carea' id='block_1_77' title="bbox 907 1675 1683 1710">
    <p class='ocr_par' dir='ltr' id='par_1_77' title="bbox 907 1675 1683 1710">
     <span class='ocr_line' id='line_1_77' title="bbox 907 1675 1683 1710; baseline -0.001 -7"><span class='ocrx_word' id='word_1_579' title='bbox 907 1676 990 1703; x_wconf 75' lang='lat' dir='ltr'><strong>oblita</strong></span> <span class='ocrx_word' id='word_1_580' title='bbox 1017 1681 1068 1704; x_wconf 85' lang='lat' dir='ltr'><strong>est.</strong></span> <span class='ocrx_word' id='word_1_581' title='bbox 1096 1676 1198 1703; x_wconf 85' lang='lat' dir='ltr'><strong>Invasit</strong></span> <span class='ocrx_word' id='word_1_582' title='bbox 1221 1675 1294 1710; x_wconf 89' lang='lat' dir='ltr'><strong>quod</strong></span> <span class='ocrx_word' id='word_1_583' title='bbox 1317 1675 1452 1709; x_wconf 82' lang='lat' dir='ltr'><strong>apparuit,</strong></span> <span class='ocrx_word' id='word_1_584' title='bbox 1475 1675 1564 1709; x_wconf 82' lang='lat' dir='ltr'><strong>rapuit</strong></span> <span class='ocrx_word' id='word_1_585' title='bbox 1580 1675 1683 1707; x_wconf 86' lang='lat' dir='ltr'><strong>lumen,</strong></span> 
     </span>
    </p>
   </div>
   <div class='ocr_carea' id='block_1_78' title="bbox 906 1720 1685 1757">
    <p class='ocr_par' dir='ltr' id='par_1_78' title="bbox 906 1720 1685 1757">
     <span class='ocr_line' id='line_1_78' title="bbox 906 1720 1685 1757; baseline -0.001 -8"><span class='ocrx_word' id='word_1_586' title='bbox 906 1722 1049 1749; x_wconf 86' lang='lat' dir='ltr'><strong>absorbuit</strong></span> <span class='ocrx_word' id='word_1_587' title='bbox 1063 1725 1224 1757; x_wconf 79' lang='lat' dir='ltr'><strong>spertatum.</strong></span> <span class='ocrx_word' id='word_1_588' title='bbox 1242 1720 1301 1748; x_wconf 83' lang='lat' dir='ltr'><strong>Jam</strong></span> <span class='ocrx_word' id='word_1_589' title='bbox 1317 1720 1362 1747; x_wconf 88' lang='lat' dir='ltr'><strong>hic</strong></span> <span class='ocrx_word' id='word_1_590' title='bbox 1378 1721 1449 1747; x_wconf 88' lang='lat' dir='ltr'><strong>risus</strong></span> <span class='ocrx_word' id='word_1_591' title='bbox 1468 1720 1570 1747; x_wconf 90' lang='lat' dir='ltr'><strong>multus</strong></span> <span class='ocrx_word' id='word_1_592' title='bbox 1584 1725 1610 1748; x_wconf 91' lang='lat' dir='ltr'><strong>et</strong></span> <span class='ocrx_word' id='word_1_593' title='bbox 1628 1729 1685 1748; x_wconf 81' lang='lat' dir='ltr'><strong>ma-</strong></span> 
     </span>
    </p>
   </div>
   <div class='ocr_carea' id='block_1_79' title="bbox 906 1765 1683 1803">
    <p class='ocr_par' dir='ltr' id='par_1_79' title="bbox 906 1765 1683 1803">
     <span class='ocr_line' id='line_1_79' title="bbox 906 1765 1683 1803; baseline -0.004 -8"><span class='ocrx_word' id='word_1_594' title='bbox 906 1776 987 1803; x_wconf 79' lang='lat' dir='ltr'><strong>guum</strong></span> <span class='ocrx_word' id='word_1_595' title='bbox 1004 1767 1150 1794; x_wconf 86' lang='lat' dir='ltr'><strong>ludibrium</strong></span> <span class='ocrx_word' id='word_1_596' title='bbox 1168 1776 1176 1794; x_wconf 67' lang='grc' dir='ltr'><strong>ι</strong></span> <span class='ocrx_word' id='word_1_597' title='bbox 1197 1767 1241 1793; x_wconf 90' lang='lat' dir='ltr'><strong>hic</strong></span> <span class='ocrx_word' id='word_1_598' title='bbox 1256 1767 1344 1794; x_wconf 85' lang='lat' dir='ltr'><strong>omnis</strong></span> <span class='ocrx_word' id='word_1_599' title='bbox 1360 1765 1450 1793; x_wconf 80' lang='lat' dir='ltr'><strong>fabula</strong></span> <span class='ocrx_word' id='word_1_600' title='bbox 1461 1765 1554 1793; x_wconf 74' lang='lat' dir='ltr'><strong>Graeca</strong></span> <span class='ocrx_word' id='word_1_601' title='bbox 1568 1767 1683 1800; x_wconf 85' lang='lat' dir='ltr'><strong>protrita</strong></span> 
     </span>
    </p>
   </div>
   <div class='ocr_carea' id='block_1_80' title="bbox 906 1811 1685 1848">
    <p class='ocr_par' dir='ltr' id='par_1_80' title="bbox 906 1811 1685 1848">
     <span class='ocr_line' id='line_1_80' title="bbox 906 1811 1685 1848; baseline -0.003 -7"><span class='ocrx_word' id='word_1_602' title='bbox 906 1818 957 1846; x_wconf 81' lang='lat' dir='ltr'><strong>est,</strong></span> <span class='ocrx_word' id='word_1_603' title='bbox 966 1818 992 1841; x_wconf 85' lang='lat' dir='ltr'><strong>et</strong></span> <span class='ocrx_word' id='word_1_604' title='bbox 1003 1814 1073 1841; x_wconf 84' lang='lat' dir='ltr'><strong>vieta</strong></span> <span class='ocrx_word' id='word_1_605' title='bbox 1082 1813 1163 1848; x_wconf 85' lang='lat' dir='ltr'><strong>hujus</strong></span> <span class='ocrx_word' id='word_1_606' title='bbox 1176 1812 1271 1840; x_wconf 64' lang='lat' dir='ltr'><strong>fabulae</strong></span> <span class='ocrx_word' id='word_1_607' title='bbox 1279 1812 1371 1839; x_wconf 85' lang='lat' dir='ltr'><strong>habitu</strong></span> <span class='ocrx_word' id='word_1_608' title='bbox 1382 1821 1389 1845; x_wconf 83' lang='lat'>;</span> <span class='ocrx_word' id='word_1_609' title='bbox 1400 1811 1495 1838; x_wconf 74' lang='lat' dir='ltr'><strong>fabula:</strong></span> <span class='ocrx_word' id='word_1_610' title='bbox 1506 1812 1577 1839; x_wconf 87' lang='lat' dir='ltr'><strong>enim</strong></span> <span class='ocrx_word' id='word_1_611' title='bbox 1587 1811 1685 1839; x_wconf 49' lang='lat' dir='ltr'><strong>fabula).</strong></span> 
     </span>
    </p>
   </div>
   <div class='ocr_carea' id='block_1_81' title="bbox 906 1857 1685 1893">
    <p class='ocr_par' dir='ltr' id='par_1_81' title="bbox 906 1857 1685 1893">
     <span class='ocr_line' id='line_1_81' title="bbox 906 1857 1685 1893; baseline -0.001 -7"><span class='ocrx_word' id='word_1_612' title='bbox 906 1859 1044 1891; x_wconf 90' lang='lat' dir='ltr'><strong>dicuntur,</strong></span> <span class='ocrx_word' id='word_1_613' title='bbox 1065 1859 1112 1887; x_wconf 91' lang='lat' dir='ltr'><strong>sed</strong></span> <span class='ocrx_word' id='word_1_614' title='bbox 1137 1864 1266 1893; x_wconf 90' lang='lat' dir='ltr'><strong>tanquam</strong></span> <span class='ocrx_word' id='word_1_615' title='bbox 1283 1858 1383 1886; x_wconf 80' lang='lat' dir='ltr'><strong>fabulis</strong></span> <span class='ocrx_word' id='word_1_616' title='bbox 1399 1857 1520 1885; x_wconf 86' lang='lat' dir='ltr'><strong>creditur</strong></span> <span class='ocrx_word' id='word_1_617' title='bbox 1537 1868 1543 1885; x_wconf 89' lang='lat'>:</span> <span class='ocrx_word' id='word_1_618' title='bbox 1562 1859 1619 1885; x_wconf 57' lang='lat' dir='ltr'><strong>hate</strong></span> <span class='ocrx_word' id='word_1_619' title='bbox 1634 1865 1685 1885; x_wconf 77' lang='lat' dir='ltr'><strong>au-</strong></span> 
     </span>
    </p>
   </div>
   <div class='ocr_carea' id='block_1_82' title="bbox 907 1904 1686 1939">
    <p class='ocr_par' dir='ltr' id='par_1_82' title="bbox 907 1904 1686 1939">
     <span class='ocr_line' id='line_1_82' title="bbox 907 1904 1686 1939; baseline 0 -7"><span class='ocrx_word' id='word_1_620' title='bbox 907 1909 960 1932; x_wconf 88' lang='lat' dir='ltr'><strong>tem</strong></span> <span class='ocrx_word' id='word_1_621' title='bbox 980 1905 1002 1932; x_wconf 93' lang='lat' dir='ltr'><strong>si</strong></span> <span class='ocrx_word' id='word_1_622' title='bbox 1020 1910 1050 1932; x_wconf 88' lang='lat' dir='ltr'><strong>ut</strong></span> <span class='ocrx_word' id='word_1_623' title='bbox 1068 1905 1158 1932; x_wconf 76' lang='lat' dir='ltr'><strong>fabula</strong></span> <span class='ocrx_word' id='word_1_624' title='bbox 1176 1905 1288 1937; x_wconf 79' lang='lat' dir='ltr'><strong>dicitur,</strong></span> <span class='ocrx_word' id='word_1_625' title='bbox 1303 1905 1344 1931; x_wconf 88' lang='lat' dir='ltr'><strong>sic</strong></span> <span class='ocrx_word' id='word_1_626' title='bbox 1364 1908 1492 1939; x_wconf 86' lang='lat' dir='ltr'><strong>tauquam</strong></span> <span class='ocrx_word' id='word_1_627' title='bbox 1516 1904 1614 1931; x_wconf 66' lang='lat' dir='ltr'><strong>fabula:</strong></span> <span class='ocrx_word' id='word_1_628' title='bbox 1628 1912 1686 1932; x_wconf 87' lang='lat' dir='ltr'><strong>cre-</strong></span> 
     </span>
    </p>
   </div>
   <div class='ocr_carea' id='block_1_83' title="bbox 906 1950 1685 1986">
    <p class='ocr_par' dir='ltr' id='par_1_83' title="bbox 906 1950 1685 1986">
     <span class='ocr_line' id='line_1_83' title="bbox 906 1950 1685 1986; baseline -0.001 -8"><span class='ocrx_word' id='word_1_629' title='bbox 906 1951 1026 1983; x_wconf 88' lang='lat' dir='ltr'><strong>deretur,</strong></span> <span class='ocrx_word' id='word_1_630' title='bbox 1051 1959 1145 1986; x_wconf 84' lang='lat' dir='ltr'><strong>parum</strong></span> <span class='ocrx_word' id='word_1_631' title='bbox 1177 1951 1270 1978; x_wconf 88' lang='lat' dir='ltr'><strong>damni</strong></span> <span class='ocrx_word' id='word_1_632' title='bbox 1291 1950 1386 1983; x_wconf 85' lang='lat' dir='ltr'><strong>ﬁeret;</strong></span> <span class='ocrx_word' id='word_1_633' title='bbox 1415 1957 1488 1977; x_wconf 91' lang='lat' dir='ltr'><strong>nunc</strong></span> <span class='ocrx_word' id='word_1_634' title='bbox 1510 1957 1575 1977; x_wconf 82' lang='lat' dir='ltr'><strong>vero</strong></span> <span class='ocrx_word' id='word_1_635' title='bbox 1601 1950 1685 1977; x_wconf 89' lang='lat' dir='ltr'><strong>vincit</strong></span> 
     </span>
    </p>
   </div>
   <div class='ocr_carea' id='block_1_84' title="bbox 907 1994 1684 2031">
    <p class='ocr_par' dir='ltr' id='par_1_84' title="bbox 907 1994 1684 2031">
     <span class='ocr_line' id='line_1_84' title="bbox 907 1994 1684 2031; baseline -0.003 -7"><span class='ocrx_word' id='word_1_636' title='bbox 907 1997 1013 2025; x_wconf 79' lang='lat' dir='ltr'><strong>fabulas</strong></span> <span class='ocrx_word' id='word_1_637' title='bbox 1030 2005 1036 2022; x_wconf 89' lang='lat'>:</span> <span class='ocrx_word' id='word_1_638' title='bbox 1053 2002 1078 2024; x_wconf 89' lang='lat' dir='ltr'><strong>et</strong></span> <span class='ocrx_word' id='word_1_639' title='bbox 1100 1997 1176 2024; x_wconf 88' lang='lat' dir='ltr'><strong>stulti</strong></span> <span class='ocrx_word' id='word_1_640' title='bbox 1199 1996 1314 2024; x_wconf 87' lang='lat' dir='ltr'><strong>credunt</strong></span> <span class='ocrx_word' id='word_1_641' title='bbox 1329 1996 1353 2023; x_wconf 91' lang='lat' dir='ltr'><strong>ei</strong></span> <span class='ocrx_word' id='word_1_642' title='bbox 1375 2000 1503 2031; x_wconf 88' lang='lat' dir='ltr'><strong>tanquam</strong></span> <span class='ocrx_word' id='word_1_643' title='bbox 1519 1995 1635 2022; x_wconf 88' lang='lat' dir='ltr'><strong>veritati.</strong></span> <span class='ocrx_word' id='word_1_644' title='bbox 1655 1994 1684 2021; x_wconf 87' lang='lat' dir='ltr'><strong>Si</strong></span> 
     </span>
    </p>
   </div>
   <div class='ocr_carea' id='block_1_85' title="bbox 906 2040 1685 2078">
    <p class='ocr_par' dir='ltr' id='par_1_85' title="bbox 906 2040 1685 2078">
     <span class='ocr_line' id='line_1_85' title="bbox 906 2040 1685 2078; baseline -0.004 -8"><span class='ocrx_word' id='word_1_645' title='bbox 906 2044 979 2070; x_wconf 81' lang='lat' dir='ltr'><strong>enim</strong></span> <span class='ocrx_word' id='word_1_646' title='bbox 994 2044 1063 2078; x_wconf 90' lang='lat' dir='ltr'><strong>apud</strong></span> <span class='ocrx_word' id='word_1_647' title='bbox 1078 2051 1107 2071; x_wconf 89' lang='lat' dir='ltr'><strong>se</strong></span> <span class='ocrx_word' id='word_1_648' title='bbox 1125 2051 1248 2075; x_wconf 86' lang='lat' dir='ltr'><strong>manens,</strong></span> <span class='ocrx_word' id='word_1_649' title='bbox 1268 2047 1298 2069; x_wconf 89' lang='lat' dir='ltr'><strong>ut</strong></span> <span class='ocrx_word' id='word_1_650' title='bbox 1314 2042 1415 2073; x_wconf 77' lang='lat' dir='ltr'><strong>dicitis,</strong></span> <span class='ocrx_word' id='word_1_651' title='bbox 1433 2042 1550 2077; x_wconf 84' lang='lat' dir='ltr'><strong>seipsam</strong></span> <span class='ocrx_word' id='word_1_652' title='bbox 1567 2040 1685 2072; x_wconf 88' lang='lat' dir='ltr'><strong>obsedit,</strong></span> 
     </span>
    </p>
   </div>
   <div class='ocr_carea' id='block_1_86' title="bbox 907 2084 1687 2120">
    <p class='ocr_par' dir='ltr' id='par_1_86' title="bbox 907 2084 1687 2120">
     <span class='ocr_line' id='line_1_86' title="bbox 907 2084 1687 2120; baseline -0.005 -3"><span class='ocrx_word' id='word_1_653' title='bbox 907 2097 969 2117; x_wconf 92' lang='lat' dir='ltr'><strong>cum</strong></span> <span class='ocrx_word' id='word_1_654' title='bbox 992 2089 1111 2117; x_wconf 86' lang='lat' dir='ltr'><strong>venisset</strong></span> <span class='ocrx_word' id='word_1_655' title='bbox 1140 2088 1168 2116; x_wconf 91' lang='lat' dir='ltr'><strong>in</strong></span> <span class='ocrx_word' id='word_1_656' title='bbox 1195 2084 1263 2115; x_wconf 78' lang='lat' dir='ltr'><strong>lines</strong></span> <span class='ocrx_word' id='word_1_657' title='bbox 1288 2087 1410 2120; x_wconf 85' lang='lat' dir='ltr'><strong>luminis,</strong></span> <span class='ocrx_word' id='word_1_658' title='bbox 1440 2087 1508 2114; x_wconf 87' lang='lat' dir='ltr'><strong>vidit</strong></span> <span class='ocrx_word' id='word_1_659' title='bbox 1537 2087 1630 2114; x_wconf 89' lang='lat' dir='ltr'><strong>lumen</strong></span> <span class='ocrx_word' id='word_1_660' title='bbox 1659 2090 1687 2114; x_wconf 88' lang='lat' dir='ltr'><strong>et</strong></span> 
     </span>
    </p>
   </div>
   <div class='ocr_carea' id='block_1_87' title="bbox 908 2133 1686 2169">
    <p class='ocr_par' dir='ltr' id='par_1_87' title="bbox 908 2133 1686 2169">
     <span class='ocr_line' id='line_1_87' title="bbox 908 2133 1686 2169; baseline -0.005 -7"><span class='ocrx_word' id='word_1_661' title='bbox 908 2135 1060 2169; x_wconf 87' lang='lat' dir='ltr'><strong>obstupuit,</strong></span> <span class='ocrx_word' id='word_1_662' title='bbox 1074 2139 1101 2162; x_wconf 90' lang='lat' dir='ltr'><strong>et</strong></span> <span class='ocrx_word' id='word_1_663' title='bbox 1122 2142 1137 2160; x_wconf 88' lang='lat' dir='ltr'><strong>a</strong></span> <span class='ocrx_word' id='word_1_664' title='bbox 1159 2141 1206 2160; x_wconf 89' lang='lat' dir='ltr'><strong>sua</strong></span> <span class='ocrx_word' id='word_1_665' title='bbox 1228 2141 1317 2168; x_wconf 79' lang='lat' dir='ltr'><strong>pugna</strong></span> <span class='ocrx_word' id='word_1_666' title='bbox 1343 2133 1456 2160; x_wconf 85' lang='lat' dir='ltr'><strong>liberata</strong></span> <span class='ocrx_word' id='word_1_667' title='bbox 1477 2136 1529 2164; x_wconf 90' lang='lat' dir='ltr'><strong>est,</strong></span> <span class='ocrx_word' id='word_1_668' title='bbox 1545 2136 1572 2159; x_wconf 90' lang='lat' dir='ltr'><strong>et</strong></span> <span class='ocrx_word' id='word_1_669' title='bbox 1592 2133 1686 2159; x_wconf 83' lang='lat' dir='ltr'><strong>adorta</strong></span> 
     </span>
    </p>
   </div>
   <div class='ocr_carea' id='block_1_88' title="bbox 71 2175 855 2214">
    <p class='ocr_par' dir='ltr' id='par_1_88' title="bbox 71 2175 855 2211">
     <span class='ocr_line' id='line_1_88' title="bbox 71 2175 855 2211; baseline -0.001 -9"><span class='ocrx_word' id='word_1_670' title='bbox 71 2184 146 2203; x_wconf 80' lang='grc' dir='ltr'>παοε</span> <span class='ocrx_word' id='word_1_671' title='bbox 161 2175 190 2201; x_wconf 82' lang='grc' dir='ltr'>τὸ</span> <span class='ocrx_word' id='word_1_672' title='bbox 205 2175 349 2211; x_wconf 80' lang='grc' dir='ltr'>θεωρηθέν·</span> <span class='ocrx_word' id='word_1_673' title='bbox 373 2175 430 2206; x_wconf 81' lang='grc' dir='ltr'>πῶς</span> <span class='ocrx_word' id='word_1_674' title='bbox 455 2175 504 2202; x_wconf 68' lang='grc' dir='ltr'><strong>οὐκ</strong></span> <span class='ocrx_word' id='word_1_675' title='bbox 530 2175 653 2202; x_wconf 80' lang='grc' dir='ltr'>ἀδύνατοι</span> <span class='ocrx_word' id='word_1_676' title='bbox 677 2175 724 2202; x_wconf 74' lang='grc' dir='ltr'><strong>καὶ</strong></span> <span class='ocrx_word' id='word_1_677' title='bbox 751 2175 855 2210; x_wconf 81' lang='grc' dir='ltr'>ψευδεῖς</span> 
     </span>
    </p>
   </div>
   <div class='ocr_carea' id='block_1_89' title="bbox 907 2175 1686 2214">
    <p class='ocr_par' dir='ltr' id='par_1_89' title="bbox 907 2179 1686 2214">
     <span class='ocr_line' id='line_1_89' title="bbox 907 2179 1686 2214; baseline -0.005 -5"><span class='ocrx_word' id='word_1_678' title='bbox 907 2187 948 2210; x_wconf 82' lang='lat' dir='ltr'><strong>est</strong></span> <span class='ocrx_word' id='word_1_679' title='bbox 972 2183 1060 2208; x_wconf 90' lang='lat' dir='ltr'><strong>lumen</strong></span> <span class='ocrx_word' id='word_1_680' title='bbox 1078 2181 1176 2212; x_wconf 91' lang='lat' dir='ltr'><strong>visum,</strong></span> <span class='ocrx_word' id='word_1_681' title='bbox 1199 2183 1226 2207; x_wconf 91' lang='lat' dir='ltr'><strong>et</strong></span> <span class='ocrx_word' id='word_1_682' title='bbox 1246 2180 1335 2214; x_wconf 87' lang='lat' dir='ltr'><strong>rapuit</strong></span> <span class='ocrx_word' id='word_1_683' title='bbox 1354 2179 1425 2213; x_wconf 85' lang='lat' dir='ltr'><strong>quod</strong></span> <span class='ocrx_word' id='word_1_684' title='bbox 1445 2179 1593 2213; x_wconf 73' lang='lat' dir='ltr'><strong>spectavit;</strong></span> <span class='ocrx_word' id='word_1_685' title='bbox 1619 2187 1686 2213; x_wconf 88' lang='lat' dir='ltr'><strong>quo-</strong></span> 
     </span>
    </p>
   </div>
   <div class='ocr_carea' id='block_1_90' title="bbox 71 2219 857 2256">
    <p class='ocr_par' dir='ltr' id='par_1_90' title="bbox 71 2219 857 2256">
     <span class='ocr_line' id='line_1_90' title="bbox 71 2219 857 2256; baseline -0.001 -9"><span class='ocrx_word' id='word_1_686' title='bbox 71 2221 239 2256; x_wconf 81' lang='grc' dir='ltr'>φανήσονται</span> <span class='ocrx_word' id='word_1_687' title='bbox 253 2222 276 2247; x_wconf 72' lang='grc' dir='ltr'>οἱ</span> <span class='ocrx_word' id='word_1_688' title='bbox 286 2220 375 2254; x_wconf 62' lang='lat' dir='ltr'><strong>Myer;</strong></span> <span class='ocrx_word' id='word_1_689' title='bbox 391 2219 452 2251; x_wconf 84' lang='grc' dir='ltr'><strong>Πῶς</strong></span> <span class='ocrx_word' id='word_1_690' title='bbox 464 2220 518 2254; x_wconf 80' lang='grc' dir='ltr'><strong>γὰρ</strong></span> <span class='ocrx_word' id='word_1_691' title='bbox 533 2221 630 2255; x_wconf 75' lang='grc' dir='ltr'>ἑαυτὴν</span> <span class='ocrx_word' id='word_1_692' title='bbox 645 2221 732 2254; x_wconf 71' lang='grc' dir='ltr'>ἠδίκει</span> <span class='ocrx_word' id='word_1_693' title='bbox 745 2221 761 2256; x_wconf 84' lang='grc' dir='ltr'>ὴ</span> <span class='ocrx_word' id='word_1_694' title='bbox 776 2229 857 2255; x_wconf 82' lang='grc' dir='ltr'>πονη-</span> 
     </span>
    </p>
   </div>
   <div class='ocr_carea' id='block_1_91' title="bbox 73 2265 856 2301">
    <p class='ocr_par' dir='ltr' id='par_1_91' title="bbox 73 2265 856 2301">
     <span class='ocr_line' id='line_1_91' title="bbox 73 2265 856 2301; baseline -0.001 -9"><span class='ocrx_word' id='word_1_695' title='bbox 73 2266 139 2301; x_wconf 74' lang='grc' dir='ltr'>ρία;</span> <span class='ocrx_word' id='word_1_696' title='bbox 151 2265 246 2300; x_wconf 75' lang='grc' dir='ltr'>ἑαυτὴν</span> <span class='ocrx_word' id='word_1_697' title='bbox 258 2265 361 2300; x_wconf 81' lang='grc' dir='ltr'>ἀνῄρει;</span> <span class='ocrx_word' id='word_1_698' title='bbox 373 2265 469 2300; x_wconf 76' lang='grc' dir='ltr'>ἑαυτὴν</span> <span class='ocrx_word' id='word_1_699' title='bbox 481 2265 627 2300; x_wconf 72' lang='grc' dir='ltr'>ἦφάνιζενς</span> <span class='ocrx_word' id='word_1_700' title='bbox 640 2266 701 2301; x_wconf 77' lang='grc' dir='ltr'>ἄρτι</span> <span class='ocrx_word' id='word_1_701' title='bbox 715 2266 763 2300; x_wconf 87' lang='grc' dir='ltr'><strong>μέν</strong></span> <span class='ocrx_word' id='word_1_702' title='bbox 773 2274 856 2292; x_wconf 85' lang='grc' dir='ltr'>κατα-</span> 
     </span>
    </p>
   </div>
   <div class='ocr_carea' id='block_1_92' title="bbox 71 2309 857 2347">
    <p class='ocr_par' dir='ltr' id='par_1_92' title="bbox 71 2309 857 2347">
     <span class='ocr_line' id='line_1_92' title="bbox 71 2309 857 2347; baseline -0.001 -9"><span class='ocrx_word' id='word_1_703' title='bbox 71 2313 201 2343; x_wconf 75' lang='grc' dir='ltr'>πίνουσα,</span> <span class='ocrx_word' id='word_1_704' title='bbox 213 2312 273 2347; x_wconf 82' lang='grc' dir='ltr'>ἄρτι</span> <span class='ocrx_word' id='word_1_705' title='bbox 285 2312 312 2337; x_wconf 79' lang='grc' dir='ltr'>δὲ</span> <span class='ocrx_word' id='word_1_706' title='bbox 324 2311 455 2345; x_wconf 85' lang='grc' dir='ltr'>γεννῶσα,</span> <span class='ocrx_word' id='word_1_707' title='bbox 473 2311 529 2346; x_wconf 78' lang='grc' dir='ltr'>εἴγε</span> <span class='ocrx_word' id='word_1_708' title='bbox 544 2311 688 2346; x_wconf 74' lang='grc' dir='ltr'>ἀγέννητὸς</span> <span class='ocrx_word' id='word_1_709' title='bbox 701 2309 750 2346; x_wconf 81' lang='grc' dir='ltr'><strong>ἦν;</strong></span> <span class='ocrx_word' id='word_1_710' title='bbox 766 2311 857 2337; x_wconf 80' lang='grc' dir='ltr'>ἐλύετο</span> 
     </span>
    </p>
   </div>
   <div class='ocr_carea' id='block_1_93' title="bbox 70 2355 856 2394">
    <p class='ocr_par' dir='ltr' id='par_1_93' title="bbox 70 2355 856 2394">
     <span class='ocr_line' id='line_1_93' title="bbox 70 2355 856 2394; baseline -0.003 -10"><span class='ocrx_word' id='word_1_711' title='bbox 70 2359 131 2394; x_wconf 75' lang='grc' dir='ltr'><strong>γὰρ</strong></span> <span class='ocrx_word' id='word_1_712' title='bbox 145 2358 241 2393; x_wconf 78' lang='grc' dir='ltr'>ἑαυτὴν</span> <span class='ocrx_word' id='word_1_713' title='bbox 252 2358 452 2393; x_wconf 71' lang='grc' dir='ltr'>διαφθείρουσα.</span> <span class='ocrx_word' id='word_1_714' title='bbox 467 2358 498 2383; x_wconf 74' lang='lat' dir='ltr'><strong>Et</strong></span> <span class='ocrx_word' id='word_1_715' title='bbox 515 2357 542 2383; x_wconf 82' lang='grc' dir='ltr'>δὲ</span> <span class='ocrx_word' id='word_1_716' title='bbox 557 2356 591 2383; x_wconf 79' lang='grc' dir='ltr'><strong>τὰ</strong></span> <span class='ocrx_word' id='word_1_717' title='bbox 609 2357 677 2393; x_wconf 86' lang='grc' dir='ltr'>μέρη</span> <span class='ocrx_word' id='word_1_718' title='bbox 694 2357 791 2392; x_wconf 80' lang='grc' dir='ltr'>ἑαυτῆς</span> <span class='ocrx_word' id='word_1_719' title='bbox 802 2355 856 2391; x_wconf 82' lang='grc' dir='ltr'>εἶχε</span> 
     </span>
    </p>
   </div>
   <div class='ocr_carea' id='block_1_94' title="bbox 70 2401 856 2438">
    <p class='ocr_par' dir='ltr' id='par_1_94' title="bbox 70 2401 856 2438">
     <span class='ocr_line' id='line_1_94' title="bbox 70 2401 856 2438; baseline -0.003 -9"><span class='ocrx_word' id='word_1_720' title='bbox 70 2403 294 2438; x_wconf 63' lang='grc' dir='ltr'>διαφθειρόμενα,</span> <span class='ocrx_word' id='word_1_721' title='bbox 316 2403 391 2428; x_wconf 85' lang='grc' dir='ltr'>ποῖον</span> <span class='ocrx_word' id='word_1_722' title='bbox 409 2401 534 2437; x_wconf 78' lang='grc' dir='ltr'>ἐνέχυρον</span> <span class='ocrx_word' id='word_1_723' title='bbox 548 2401 693 2438; x_wconf 71' lang='grc' dir='ltr'>αὔταρκες,</span> <span class='ocrx_word' id='word_1_724' title='bbox 711 2402 751 2428; x_wconf 75' lang='grc' dir='ltr'>ὅτι</span> <span class='ocrx_word' id='word_1_725' title='bbox 765 2402 810 2436; x_wconf 75' lang='grc' dir='ltr'>ὅλη</span> <span class='ocrx_word' id='word_1_726' title='bbox 826 2402 856 2427; x_wconf 76' lang='grc' dir='ltr'>οὐ</span> 
     </span>
    </p>
   </div>
   <div class='ocr_carea' id='block_1_95' title="bbox 115 2469 352 2500">
    <p class='ocr_par' dir='ltr' id='par_1_95' title="bbox 115 2469 352 2500">
     <span class='ocr_line' id='line_1_95' title="bbox 115 2469 352 2500; baseline -0.004 -4"><span class='ocrx_word' id='word_1_727' title='bbox 115 2471 127 2486; x_wconf 81' lang='grc'><strong><em>⁸</em></strong></span> <span class='ocrx_word' id='word_1_728' title='bbox 153 2469 174 2496; x_wconf 91' lang='lat' dir='ltr'><strong>ll</strong></span> <span class='ocrx_word' id='word_1_729' title='bbox 189 2469 252 2497; x_wconf 90' lang='lat' dir='ltr'><strong>Cor.</strong></span> <span class='ocrx_word' id='word_1_730' title='bbox 268 2478 294 2500; x_wconf 91' lang='lat' dir='ltr'><strong>v,</strong></span> <span class='ocrx_word' id='word_1_731' title='bbox 307 2469 352 2496; x_wconf 71' lang='lat'><strong>20.</strong></span> 
     </span>
    </p>
   </div>
   <div class='ocr_carea' id='block_1_96' title="bbox 113 2534 855 2572">
    <p class='ocr_par' dir='ltr' id='par_1_96' title="bbox 113 2534 855 2572">
     <span class='ocr_line' id='line_1_96' title="bbox 113 2534 855 2572; baseline -0.001 -9"><span class='ocrx_word' id='word_1_732' title='bbox 113 2535 168 2572; x_wconf 77' lang='lat' dir='ltr'><strong>(2Q)</strong></span> <span class='ocrx_word' id='word_1_733' title='bbox 191 2536 226 2563; x_wconf 85' lang='lat' dir='ltr'><strong>&#39;H</strong></span> <span class='ocrx_word' id='word_1_734' title='bbox 240 2536 341 2572; x_wconf 62' lang='grc' dir='ltr'><strong>φύσις.</strong></span> <span class='ocrx_word' id='word_1_735' title='bbox 369 2534 503 2572; x_wconf 81' lang='lat' dir='ltr'><strong>Interpres</strong></span> <span class='ocrx_word' id='word_1_736' title='bbox 525 2536 673 2572; x_wconf 67' lang='lat' dir='ltr'><strong>legebat,ﬁ</strong></span> <span class='ocrx_word' id='word_1_737' title='bbox 702 2535 782 2570; x_wconf 81' lang='grc' dir='ltr'>φύσις</span> <span class='ocrx_word' id='word_1_738' title='bbox 809 2536 855 2563; x_wconf 80' lang='grc' dir='ltr'>τοῦ</span> 
     </span>
    </p>
   </div>
   <div class='ocr_carea' id='block_1_97' title="bbox 73 2570 856 2632">
    <p class='ocr_par' dir='ltr' id='par_1_97' title="bbox 73 2570 856 2632">
     <span class='ocr_line' id='line_1_97' title="bbox 73 2570 856 2632; baseline -0.001 -33"><span class='ocrx_word' id='word_1_739' title='bbox 73 2571 175 2632; x_wconf 55' lang='grc' dir='ltr'>ἔακοῦἐ</span> <span class='ocrx_word' id='word_1_740' title='bbox 204 2572 292 2606; x_wconf 81' lang='lat' dir='ltr'><strong>Atque</strong></span> <span class='ocrx_word' id='word_1_741' title='bbox 315 2571 384 2597; x_wconf 89' lang='lat' dir='ltr'><strong>hanc</strong></span> <span class='ocrx_word' id='word_1_742' title='bbox 411 2570 561 2598; x_wconf 79' lang='lat' dir='ltr'><strong>lectionem</strong></span> <span class='ocrx_word' id='word_1_743' title='bbox 575 2570 717 2598; x_wconf 82' lang='lat' dir='ltr'><strong>conﬁrmat</strong></span> <span class='ocrx_word' id='word_1_744' title='bbox 740 2579 856 2607; x_wconf 85' lang='lat' dir='ltr'><strong>sequens</strong></span> 
     </span>
     <span class='ocr_line' id='line_1_98' title="bbox 91 2615 264 2632; baseline 0 0"><span class='ocrx_word' id='word_1_745' title='bbox 91 2615 156 2632; x_wconf 77' lang='grc' dir='ltr'>πιστ</span> <span class='ocrx_word' id='word_1_746' title='bbox 179 2615 264 2632; x_wconf 66' lang='grc' dir='ltr'>μενος.</span> 
     </span>
    </p>
   </div>
   <div class='ocr_carea' id='block_1_98' title="bbox 74 2609 264 2637">
    <p class='ocr_par' dir='ltr' id='par_1_98' title="bbox 74 2609 264 2637">
     <span class='ocr_line' id='line_1_99' title="bbox 74 2609 264 2637; baseline -0.011 -3"><span class='ocrx_word' id='word_1_747' title='bbox 74 2609 264 2637; x_wconf 76' lang='grc' dir='ltr'>ἐπιστάμενος.</span> 
     </span>
    </p>
   </div>
   <div class='ocr_carea' id='block_1_99' title="bbox 114 2632 857 2676">
    <p class='ocr_par' dir='ltr' id='par_1_99' title="bbox 114 2632 857 2676">
     <span class='ocr_line' id='line_1_100' title="bbox 114 2632 857 2676; baseline 0.001 -9"><span class='ocrx_word' id='word_1_748' title='bbox 114 2632 355 2676; x_wconf 61' lang='grc' dir='ltr'><strong>(Ξ1)“()ὺδὲνοῦν.</strong></span> <span class='ocrx_word' id='word_1_749' title='bbox 367 2640 454 2675; x_wconf 86' lang='lat' dir='ltr'><strong>Opera</strong></span> <span class='ocrx_word' id='word_1_750' title='bbox 467 2640 538 2667; x_wconf 91' lang='lat' dir='ltr'><strong>enim</strong></span> <span class='ocrx_word' id='word_1_751' title='bbox 551 2641 668 2668; x_wconf 84' lang='lat' dir='ltr'><strong>hominis</strong></span> <span class='ocrx_word' id='word_1_752' title='bbox 682 2641 763 2670; x_wconf 80' lang='lat' dir='ltr'><strong>mala.</strong></span> <span class='ocrx_word' id='word_1_753' title='bbox 775 2649 857 2675; x_wconf 85' lang='lat' dir='ltr'><strong>opera</strong></span> 
     </span>
    </p>
   </div>
   <div class='ocr_carea' id='block_1_100' title="bbox 75 2675 856 2706">
    <p class='ocr_par' dir='ltr' id='par_1_100' title="bbox 75 2675 856 2706">
     <span class='ocr_line' id='line_1_101' title="bbox 75 2675 856 2706; baseline -0.003 -2"><span class='ocrx_word' id='word_1_754' title='bbox 75 2678 250 2705; x_wconf 81' lang='lat' dir='ltr'><strong>tenebrarum</strong></span> <span class='ocrx_word' id='word_1_755' title='bbox 268 2681 295 2703; x_wconf 90' lang='lat' dir='ltr'><strong>et</strong></span> <span class='ocrx_word' id='word_1_756' title='bbox 308 2677 406 2703; x_wconf 86' lang='lat' dir='ltr'><strong>diaboli</strong></span> <span class='ocrx_word' id='word_1_757' title='bbox 428 2676 565 2706; x_wconf 82' lang='lat' dir='ltr'><strong>dicuntur,</strong></span> <span class='ocrx_word' id='word_1_758' title='bbox 579 2675 609 2703; x_wconf 76' lang='grc' dir='ltr'>ἐι</span> <span class='ocrx_word' id='word_1_759' title='bbox 624 2681 686 2703; x_wconf 86' lang='lat' dir='ltr'><strong>sunt</strong></span> <span class='ocrx_word' id='word_1_760' title='bbox 706 2677 856 2703; x_wconf 84' lang='lat' dir='ltr'><strong>secundum</strong></span> 
     </span>
    </p>
   </div>
   <div class='ocr_carea' id='block_1_101' title="bbox 75 2712 858 2744">
    <p class='ocr_par' dir='ltr' id='par_1_101' title="bbox 75 2712 858 2744">
     <span class='ocr_line' id='line_1_102' title="bbox 75 2712 858 2744; baseline -0.003 -5"><span class='ocrx_word' id='word_1_761' title='bbox 75 2712 272 2744; x_wconf 77' lang='lat' dir='ltr'><strong>imitationem;</strong></span> <span class='ocrx_word' id='word_1_762' title='bbox 285 2715 311 2737; x_wconf 88' lang='lat' dir='ltr'><strong>et</strong></span> <span class='ocrx_word' id='word_1_763' title='bbox 327 2712 475 2738; x_wconf 76' lang='lat' dir='ltr'><strong>secundum</strong></span> <span class='ocrx_word' id='word_1_764' title='bbox 491 2718 522 2737; x_wconf 88' lang='lat' dir='ltr'><strong>ea</strong></span> <span class='ocrx_word' id='word_1_765' title='bbox 538 2716 579 2738; x_wconf 83' lang='lat' dir='ltr'><strong>est</strong></span> <span class='ocrx_word' id='word_1_766' title='bbox 593 2712 693 2738; x_wconf 90' lang='lat' dir='ltr'><strong>homini</strong></span> <span class='ocrx_word' id='word_1_767' title='bbox 706 2713 858 2739; x_wconf 84' lang='lat' dir='ltr'><strong>communi-</strong></span> 
     </span>
    </p>
   </div>
   <div class='ocr_carea' id='block_1_102' title="bbox 75 2746 652 2780">
    <p class='ocr_par' dir='ltr' id='par_1_102' title="bbox 75 2746 652 2780">
     <span class='ocr_line' id='line_1_103' title="bbox 75 2746 652 2780; baseline -0.003 -5"><span class='ocrx_word' id='word_1_768' title='bbox 75 2753 119 2775; x_wconf 75' lang='lat' dir='ltr'><strong>tas</strong></span> <span class='ocrx_word' id='word_1_769' title='bbox 136 2755 197 2773; x_wconf 89' lang='lat' dir='ltr'><strong>cum</strong></span> <span class='ocrx_word' id='word_1_770' title='bbox 212 2755 255 2773; x_wconf 83' lang='lat' dir='ltr'><strong>eo.</strong></span> <span class='ocrx_word' id='word_1_771' title='bbox 271 2746 384 2772; x_wconf 85' lang='lat' dir='ltr'><strong>Deerant</strong></span> <span class='ocrx_word' id='word_1_772' title='bbox 398 2746 440 2772; x_wconf 84' lang='lat' dir='ltr'><strong>hic</strong></span> <span class='ocrx_word' id='word_1_773' title='bbox 455 2746 553 2780; x_wconf 87' lang='lat' dir='ltr'><strong>aliqua.</strong></span> <span class='ocrx_word' id='word_1_774' title='bbox 568 2746 652 2773; x_wconf 72' lang='lat' dir='ltr'><strong>Tuan.</strong></span> 
     </span>
    </p>
   </div>
   <div class='ocr_carea' id='block_1_103' title="bbox 113 2781 856 2816">
    <p class='ocr_par' dir='ltr' id='par_1_103' title="bbox 113 2781 856 2816">
     <span class='ocr_line' id='line_1_104' title="bbox 113 2781 856 2816; baseline -0.001 -8"><span class='ocrx_word' id='word_1_775' title='bbox 113 2782 169 2816; x_wconf 66' lang='lat'><strong>(22)</strong></span> <span class='ocrx_word' id='word_1_776' title='bbox 192 2783 304 2809; x_wconf 74' lang='grc' dir='ltr'>Καταπ.</span> <span class='ocrx_word' id='word_1_777' title='bbox 330 2781 440 2809; x_wconf 84' lang='lat' dir='ltr'><strong>Diversa</strong></span> <span class='ocrx_word' id='word_1_778' title='bbox 463 2782 540 2815; x_wconf 85' lang='lat' dir='ltr'><strong>plane</strong></span> <span class='ocrx_word' id='word_1_779' title='bbox 564 2786 654 2808; x_wconf 82' lang='lat' dir='ltr'><strong>textus</strong></span> <span class='ocrx_word' id='word_1_780' title='bbox 670 2781 754 2808; x_wconf 84' lang='lat' dir='ltr'><strong>series</strong></span> <span class='ocrx_word' id='word_1_781' title='bbox 773 2781 856 2808; x_wconf 74' lang='lat' dir='ltr'><strong>CSlolﬂ</strong></span> 
     </span>
    </p>
   </div>
   <div class='ocr_carea' id='block_1_104' title="bbox 75 2816 857 2852">
    <p class='ocr_par' dir='ltr' id='par_1_104' title="bbox 75 2816 857 2852">
     <span class='ocr_line' id='line_1_105' title="bbox 75 2816 857 2852; baseline -0.004 -7"><span class='ocrx_word' id='word_1_782' title='bbox 75 2817 197 2850; x_wconf 68' lang='lat' dir='ltr'><strong>Grtecis;</strong></span> <span class='ocrx_word' id='word_1_783' title='bbox 215 2817 315 2852; x_wconf 70' lang='lat' dir='ltr'><strong>quippe</strong></span> <span class='ocrx_word' id='word_1_784' title='bbox 336 2820 498 2851; x_wconf 81' lang='lat' dir='ltr'><strong>sequuntur,</strong></span> <span class='ocrx_word' id='word_1_785' title='bbox 519 2817 566 2843; x_wconf 81' lang='grc' dir='ltr'><strong>καὶ</strong></span> <span class='ocrx_word' id='word_1_786' title='bbox 592 2816 664 2843; x_wconf 80' lang='grc' dir='ltr'>ἐστιν</span> <span class='ocrx_word' id='word_1_787' title='bbox 685 2816 786 2851; x_wconf 77' lang='grc' dir='ltr'>ἁλωτὴ,</span> <span class='ocrx_word' id='word_1_788' title='bbox 812 2816 857 2842; x_wconf 75' lang='grc' dir='ltr'>καὶ</span> 
     </span>
    </p>
   </div>
   <div class='ocr_carea' id='block_1_105' title="bbox 908 2223 1686 2261">
    <p class='ocr_par' dir='ltr' id='par_1_105' title="bbox 908 2223 1686 2261">
     <span class='ocr_line' id='line_1_106' title="bbox 908 2223 1686 2261; baseline -0.005 -7"><span class='ocrx_word' id='word_1_789' title='bbox 908 2227 989 2254; x_wconf 91' lang='lat' dir='ltr'><strong>modo</strong></span> <span class='ocrx_word' id='word_1_790' title='bbox 1003 2235 1057 2253; x_wconf 89' lang='lat' dir='ltr'><strong>non</strong></span> <span class='ocrx_word' id='word_1_791' title='bbox 1073 2226 1242 2261; x_wconf 87' lang='lat' dir='ltr'><strong>apparebunt</strong></span> <span class='ocrx_word' id='word_1_792' title='bbox 1257 2226 1314 2252; x_wconf 67' lang='lat' dir='ltr'><strong>haec</strong></span> <span class='ocrx_word' id='word_1_793' title='bbox 1330 2233 1383 2252; x_wconf 89' lang='lat' dir='ltr'><strong>non</strong></span> <span class='ocrx_word' id='word_1_794' title='bbox 1400 2232 1481 2259; x_wconf 89' lang='lat' dir='ltr'><strong>posse</strong></span> <span class='ocrx_word' id='word_1_795' title='bbox 1496 2224 1563 2254; x_wconf 74' lang='lat' dir='ltr'><strong>fieri,</strong></span> <span class='ocrx_word' id='word_1_796' title='bbox 1580 2228 1606 2251; x_wconf 88' lang='lat' dir='ltr'><strong>et</strong></span> <span class='ocrx_word' id='word_1_797' title='bbox 1619 2223 1686 2250; x_wconf 81' lang='lat' dir='ltr'><strong>falsa</strong></span> 
     </span>
    </p>
   </div>
   <div class='ocr_carea' id='block_1_106' title="bbox 906 2269 1686 2306">
    <p class='ocr_par' dir='ltr' id='par_1_106' title="bbox 906 2269 1686 2306">
     <span class='ocr_line' id='line_1_107' title="bbox 906 2269 1686 2306; baseline -0.006 -6"><span class='ocrx_word' id='word_1_798' title='bbox 906 2274 987 2301; x_wconf 85' lang='lat' dir='ltr'><strong>esse?</strong></span> <span class='ocrx_word' id='word_1_799' title='bbox 1005 2273 1146 2306; x_wconf 77' lang='lat' dir='ltr'><strong>Quomodo</strong></span> <span class='ocrx_word' id='word_1_800' title='bbox 1174 2272 1246 2299; x_wconf 91' lang='lat' dir='ltr'><strong>enim</strong></span> <span class='ocrx_word' id='word_1_801' title='bbox 1271 2271 1392 2305; x_wconf 86' lang='lat' dir='ltr'><strong>nequitia</strong></span> <span class='ocrx_word' id='word_1_802' title='bbox 1413 2270 1465 2297; x_wconf 89' lang='lat' dir='ltr'><strong>sibi</strong></span> <span class='ocrx_word' id='word_1_803' title='bbox 1485 2270 1542 2304; x_wconf 85' lang='lat' dir='ltr'><strong>ipsa</strong></span> <span class='ocrx_word' id='word_1_804' title='bbox 1558 2269 1686 2304; x_wconf 86' lang='lat' dir='ltr'><strong>injuriam</strong></span> 
     </span>
    </p>
   </div>
   <div class='ocr_carea' id='block_1_107' title="bbox 907 2316 1687 2353">
    <p class='ocr_par' dir='ltr' id='par_1_107' title="bbox 907 2316 1687 2353">
     <span class='ocr_line' id='line_1_108' title="bbox 907 2316 1687 2353; baseline -0.008 -7"><span class='ocrx_word' id='word_1_805' title='bbox 907 2319 1042 2346; x_wconf 82' lang='lat' dir='ltr'><strong>faciebat?</strong></span> <span class='ocrx_word' id='word_1_806' title='bbox 1064 2327 1094 2346; x_wconf 90' lang='lat' dir='ltr'><strong>se</strong></span> <span class='ocrx_word' id='word_1_807' title='bbox 1123 2319 1181 2353; x_wconf 89' lang='lat' dir='ltr'><strong>ipsa</strong></span> <span class='ocrx_word' id='word_1_808' title='bbox 1209 2316 1402 2344; x_wconf 86' lang='lat' dir='ltr'><strong>interimebat?</strong></span> <span class='ocrx_word' id='word_1_809' title='bbox 1422 2324 1451 2343; x_wconf 89' lang='lat' dir='ltr'><strong>se</strong></span> <span class='ocrx_word' id='word_1_810' title='bbox 1477 2317 1535 2351; x_wconf 88' lang='lat' dir='ltr'><strong>ipsa</strong></span> <span class='ocrx_word' id='word_1_811' title='bbox 1559 2316 1687 2343; x_wconf 80' lang='lat' dir='ltr'><strong>delebat?</strong></span> 
     </span>
    </p>
   </div>
   <div class='ocr_carea' id='block_1_108' title="bbox 907 2363 1686 2398">
    <p class='ocr_par' dir='ltr' id='par_1_108' title="bbox 907 2363 1686 2398">
     <span class='ocr_line' id='line_1_109' title="bbox 907 2363 1686 2398; baseline -0.003 -8"><span class='ocrx_word' id='word_1_812' title='bbox 907 2364 1047 2397; x_wconf 81' lang='lat' dir='ltr'><strong>Quomodo</strong></span> <span class='ocrx_word' id='word_1_813' title='bbox 1082 2373 1154 2391; x_wconf 91' lang='lat' dir='ltr'><strong>nunc</strong></span> <span class='ocrx_word' id='word_1_814' title='bbox 1183 2364 1291 2398; x_wconf 82' lang='lat' dir='ltr'><strong>quidem</strong></span> <span class='ocrx_word' id='word_1_815' title='bbox 1321 2363 1491 2393; x_wconf 85' lang='lat' dir='ltr'><strong>absorbens,</strong></span> <span class='ocrx_word' id='word_1_816' title='bbox 1520 2370 1593 2389; x_wconf 91' lang='lat' dir='ltr'><strong>nune</strong></span> <span class='ocrx_word' id='word_1_817' title='bbox 1623 2369 1686 2388; x_wconf 79' lang='lat' dir='ltr'><strong>vero</strong></span> 
     </span>
    </p>
   </div>
   <div class='ocr_carea' id='block_1_109' title="bbox 906 2408 1687 2446">
    <p class='ocr_par' dir='ltr' id='par_1_109' title="bbox 906 2408 1687 2446">
     <span class='ocr_line' id='line_1_110' title="bbox 906 2408 1687 2446; baseline -0.005 -8"><span class='ocrx_word' id='word_1_818' title='bbox 906 2418 1050 2445; x_wconf 74' lang='lat' dir='ltr'><strong>generans,</strong></span> <span class='ocrx_word' id='word_1_819' title='bbox 1065 2411 1088 2437; x_wconf 84' lang='lat' dir='ltr'><strong>si</strong></span> <span class='ocrx_word' id='word_1_820' title='bbox 1114 2411 1233 2446; x_wconf 75' lang='lat' dir='ltr'><strong>ingenita</strong></span> <span class='ocrx_word' id='word_1_821' title='bbox 1249 2409 1326 2437; x_wconf 81' lang='lat' dir='ltr'><strong>erat?</strong></span> <span class='ocrx_word' id='word_1_822' title='bbox 1346 2408 1547 2435; x_wconf 84' lang='lat' dir='ltr'><strong>dissulvebatur</strong></span> <span class='ocrx_word' id='word_1_823' title='bbox 1558 2408 1630 2435; x_wconf 91' lang='lat' dir='ltr'><strong>enim</strong></span> <span class='ocrx_word' id='word_1_824' title='bbox 1644 2415 1687 2434; x_wconf 84' lang='lat' dir='ltr'><strong>se—</strong></span> 
     </span>
    </p>
   </div>
   <div class='ocr_carea' id='block_1_110' title="bbox 906 2536 1686 2575">
    <p class='ocr_par' dir='ltr' id='par_1_110' title="bbox 906 2536 1686 2575">
     <span class='ocr_line' id='line_1_111' title="bbox 906 2536 1686 2575; baseline -0.001 -9"><span class='ocrx_word' id='word_1_825' title='bbox 906 2539 982 2575; x_wconf 79' lang='grc' dir='ltr'>λυτὴ,</span> <span class='ocrx_word' id='word_1_826' title='bbox 995 2540 1041 2566; x_wconf 79' lang='grc' dir='ltr'><strong>καὶ</strong></span> <span class='ocrx_word' id='word_1_827' title='bbox 1054 2539 1181 2574; x_wconf 80' lang='grc' dir='ltr'>λυομένη,</span> <span class='ocrx_word' id='word_1_828' title='bbox 1194 2543 1277 2573; x_wconf 78' lang='lat' dir='ltr'><strong>potest</strong></span> <span class='ocrx_word' id='word_1_829' title='bbox 1292 2539 1370 2575; x_wconf 71' lang='lat' dir='ltr'><strong>igitur</strong></span> <span class='ocrx_word' id='word_1_830' title='bbox 1380 2536 1581 2575; x_wconf 36' lang='grc' dir='ltr'>εαρὶκιιίεδοιυί,</span> <span class='ocrx_word' id='word_1_831' title='bbox 1594 2542 1618 2563; x_wconf 83' lang='lat' dir='ltr'><strong>et</strong></span> <span class='ocrx_word' id='word_1_832' title='bbox 1627 2538 1686 2575; x_wconf 24' lang='lat' dir='ltr'><strong>Adia-</strong></span> 
     </span>
    </p>
   </div>
   <div class='ocr_carea' id='block_1_111' title="bbox 907 2572 1686 2608">
    <p class='ocr_par' dir='ltr' id='par_1_111' title="bbox 907 2572 1686 2608">
     <span class='ocr_line' id='line_1_112' title="bbox 907 2572 1686 2608; baseline -0.001 -8"><span class='ocrx_word' id='word_1_833' title='bbox 907 2572 993 2601; x_wconf 70' lang='lat' dir='ltr'><strong>soluta</strong></span> <span class='ocrx_word' id='word_1_834' title='bbox 1009 2580 1085 2608; x_wconf 77' lang='lat' dir='ltr'><strong>atque</strong></span> <span class='ocrx_word' id='word_1_835' title='bbox 1099 2572 1260 2608; x_wconf 72' lang='lat' dir='ltr'><strong>ea])td_elc.,</strong></span> <span class='ocrx_word' id='word_1_836' title='bbox 1278 2582 1337 2608; x_wconf 74' lang='lat' dir='ltr'><strong>quae</strong></span> <span class='ocrx_word' id='word_1_837' title='bbox 1357 2573 1382 2599; x_wconf 93' lang='lat' dir='ltr'><strong>in</strong></span> <span class='ocrx_word' id='word_1_838' title='bbox 1400 2572 1496 2608; x_wconf 74' lang='lat' dir='ltr'><strong>pagina</strong></span> <span class='ocrx_word' id='word_1_839' title='bbox 1512 2573 1632 2605; x_wconf 66' lang='lat' dir='ltr'><strong>sequenti</strong></span> <span class='ocrx_word' id='word_1_840' title='bbox 1649 2573 1686 2599; x_wconf 91' lang='lat' dir='ltr'><strong>le-</strong></span> 
     </span>
    </p>
   </div>
   <div class='ocr_carea' id='block_1_112' title="bbox 907 2607 1686 2642">
    <p class='ocr_par' dir='ltr' id='par_1_112' title="bbox 907 2607 1686 2642">
     <span class='ocr_line' id='line_1_113' title="bbox 907 2607 1686 2642; baseline -0.001 -7"><span class='ocrx_word' id='word_1_841' title='bbox 907 2615 1011 2642; x_wconf 77' lang='lat' dir='ltr'><strong>genlur.</strong></span> <span class='ocrx_word' id='word_1_842' title='bbox 1036 2607 1136 2635; x_wconf 78' lang='lat' dir='ltr'><strong>Deinde</strong></span> <span class='ocrx_word' id='word_1_843' title='bbox 1158 2617 1220 2635; x_wconf 81' lang='lat' dir='ltr'><strong>vero</strong></span> <span class='ocrx_word' id='word_1_844' title='bbox 1241 2609 1267 2635; x_wconf 94' lang='lat' dir='ltr'><strong>in</strong></span> <span class='ocrx_word' id='word_1_845' title='bbox 1287 2607 1379 2635; x_wconf 78' lang='lat' dir='ltr'><strong>codice</strong></span> <span class='ocrx_word' id='word_1_846' title='bbox 1403 2615 1453 2634; x_wconf 84' lang='lat' dir='ltr'><strong>ins.</strong></span> <span class='ocrx_word' id='word_1_847' title='bbox 1483 2607 1686 2641; x_wconf 72' lang='lat' dir='ltr'><strong>inlex-jieiuutur</strong></span> 
     </span>
    </p>
   </div>
   <div class='ocr_carea' id='block_1_113' title="bbox 907 2642 1685 2678">
    <p class='ocr_par' dir='ltr' id='par_1_113' title="bbox 907 2642 1685 2678">
     <span class='ocr_line' id='line_1_114' title="bbox 907 2642 1685 2678; baseline -0.001 -9"><span class='ocrx_word' id='word_1_848' title='bbox 907 2645 1009 2678; x_wconf 71' lang='lat' dir='ltr'><strong>pagina:</strong></span> <span class='ocrx_word' id='word_1_849' title='bbox 1034 2645 1164 2678; x_wconf 62' lang='lat' dir='ltr'><strong>plurimae,</strong></span> <span class='ocrx_word' id='word_1_850' title='bbox 1183 2645 1209 2670; x_wconf 92' lang='lat' dir='ltr'><strong>in</strong></span> <span class='ocrx_word' id='word_1_851' title='bbox 1229 2651 1344 2677; x_wconf 81' lang='lat' dir='ltr'><strong>quorum</strong></span> <span class='ocrx_word' id='word_1_852' title='bbox 1367 2651 1418 2669; x_wconf 89' lang='lat' dir='ltr'><strong>una</strong></span> <span class='ocrx_word' id='word_1_853' title='bbox 1438 2642 1685 2678; x_wconf 17' lang='lat' dir='ltr'><strong>oceurritrinitium</strong></span> 
     </span>
    </p>
   </div>
   <div class='ocr_carea' id='block_1_114' title="bbox 907 2677 1686 2712">
    <p class='ocr_par' dir='ltr' id='par_1_114' title="bbox 907 2677 1686 2712">
     <span class='ocr_line' id='line_1_115' title="bbox 907 2677 1686 2712; baseline -0.001 -7"><span class='ocrx_word' id='word_1_854' title='bbox 907 2677 968 2705; x_wconf 73' lang='lat' dir='ltr'><strong>lini&#39;i</strong></span> <span class='ocrx_word' id='word_1_855' title='bbox 991 2677 1072 2706; x_wconf 83' lang='lat' dir='ltr'><strong>tertii.</strong></span> <span class='ocrx_word' id='word_1_856' title='bbox 1091 2679 1158 2705; x_wconf 78' lang='lat' dir='ltr'><strong>Cum</strong></span> <span class='ocrx_word' id='word_1_857' title='bbox 1179 2679 1234 2705; x_wconf 67' lang='lat' dir='ltr'><strong>lure</strong></span> <span class='ocrx_word' id='word_1_858' title='bbox 1254 2679 1320 2706; x_wconf 83' lang='lat' dir='ltr'><strong>satis</strong></span> <span class='ocrx_word' id='word_1_859' title='bbox 1340 2682 1465 2705; x_wconf 80' lang='lat' dir='ltr'><strong>accurate</strong></span> <span class='ocrx_word' id='word_1_860' title='bbox 1485 2685 1538 2704; x_wconf 89' lang='lat' dir='ltr'><strong>non</strong></span> <span class='ocrx_word' id='word_1_861' title='bbox 1555 2677 1686 2712; x_wconf 72' lang='lat' dir='ltr'><strong>distingui</strong></span> 
     </span>
    </p>
   </div>
   <div class='ocr_carea' id='block_1_115' title="bbox 907 2711 1686 2745">
    <p class='ocr_par' dir='ltr' id='par_1_115' title="bbox 907 2711 1686 2745">
     <span class='ocr_line' id='line_1_116' title="bbox 907 2711 1686 2745; baseline -0.003 -5"><span class='ocrx_word' id='word_1_862' title='bbox 907 2715 933 2740; x_wconf 94' lang='lat' dir='ltr'><strong>in</strong></span> <span class='ocrx_word' id='word_1_863' title='bbox 949 2713 1042 2741; x_wconf 73' lang='lat' dir='ltr'><strong>Grmeo</strong></span> <span class='ocrx_word' id='word_1_864' title='bbox 1056 2714 1148 2740; x_wconf 80' lang='lat' dir='ltr'><strong>codice</strong></span> <span class='ocrx_word' id='word_1_865' title='bbox 1164 2714 1242 2740; x_wconf 83' lang='lat' dir='ltr'><strong>nobis</strong></span> <span class='ocrx_word' id='word_1_866' title='bbox 1258 2718 1405 2745; x_wconf 73' lang='lat' dir='ltr'><strong>constaret,</strong></span> <span class='ocrx_word' id='word_1_867' title='bbox 1423 2712 1550 2739; x_wconf 88' lang='lat' dir='ltr'><strong>Turriani</strong></span> <span class='ocrx_word' id='word_1_868' title='bbox 1564 2711 1686 2739; x_wconf 72' lang='lat' dir='ltr'><strong>ordinem</strong></span> 
     </span>
    </p>
   </div>
   <div class='ocr_carea' id='block_1_116' title="bbox 906 2747 1687 2783">
    <p class='ocr_par' dir='ltr' id='par_1_116' title="bbox 906 2747 1687 2783">
     <span class='ocr_line' id='line_1_117' title="bbox 906 2747 1687 2783; baseline 0 -8"><span class='ocrx_word' id='word_1_869' title='bbox 906 2750 1003 2780; x_wconf 86' lang='lat' dir='ltr'><strong>secuti,</strong></span> <span class='ocrx_word' id='word_1_870' title='bbox 1030 2757 1089 2783; x_wconf 71' lang='lat' dir='ltr'><strong>qua:</strong></span> <span class='ocrx_word' id='word_1_871' title='bbox 1112 2749 1247 2782; x_wconf 78' lang='lat' dir='ltr'><strong>discerpta</strong></span> <span class='ocrx_word' id='word_1_872' title='bbox 1273 2753 1299 2775; x_wconf 87' lang='lat' dir='ltr'><strong>et</strong></span> <span class='ocrx_word' id='word_1_873' title='bbox 1325 2749 1352 2775; x_wconf 92' lang='lat' dir='ltr'><strong>in</strong></span> <span class='ocrx_word' id='word_1_874' title='bbox 1371 2749 1450 2777; x_wconf 74' lang='lat' dir='ltr'><strong>tertio</strong></span> <span class='ocrx_word' id='word_1_875' title='bbox 1476 2748 1543 2776; x_wconf 85' lang='lat' dir='ltr'><strong>libro</strong></span> <span class='ocrx_word' id='word_1_876' title='bbox 1567 2747 1687 2783; x_wconf 69' lang='lat' dir='ltr'><strong>reposita</strong></span> 
     </span>
    </p>
   </div>
   <div class='ocr_carea' id='block_1_117' title="bbox 905 2783 1336 2819">
    <p class='ocr_par' dir='ltr' id='par_1_117' title="bbox 905 2783 1336 2819">
     <span class='ocr_line' id='line_1_118' title="bbox 905 2783 1336 2819; baseline -0.005 -7"><span class='ocrx_word' id='word_1_877' title='bbox 905 2789 993 2818; x_wconf 83' lang='lat' dir='ltr'><strong>erant,</strong></span> <span class='ocrx_word' id='word_1_878' title='bbox 1009 2784 1053 2812; x_wconf 90' lang='lat' dir='ltr'><strong>hic</strong></span> <span class='ocrx_word' id='word_1_879' title='bbox 1070 2784 1240 2819; x_wconf 79' lang='lat' dir='ltr'><strong>subjieimus.</strong></span> <span class='ocrx_word' id='word_1_880' title='bbox 1256 2783 1336 2810; x_wconf 73' lang='lat' dir='ltr'><strong>BASN.</strong></span> 
     </span>
    </p>
   </div>
  </div>
