3866 6160
831 356 3505 432 ω

1531 542 1706 587 ANNO
1752 543 1985 587 DOMINI
2018 544 2247 587 CCCX".

920 744 1128 959 S.
1200 694 2853 968 .METHODIUS

1179 1114 1832 1208 EPISCOPUS
1901 1115 2055 1205 ET
2124 1117 2621 1209 MARTYR

676 1507 1286 1626 ΝΟΤΙῚῚΑ
1363 1504 3096 1625 HISTORICO-LITTERARIA

1185 1688 1460 1798 (Gutum,
1483 1731 1594 1782 Vel.
1621 1731 1765 1780 Patr.
1793 1725 2045 1787 Biblioth.,
2067 1727 2157 1788 IlI,
2180 1728 2407 1791 Proleg.,
2430 1742 2478 1792 p.
2507 1728 2594 1792 ιι.)

321 2037 364 2093 Ι.
396 2034 721 2114 licthodius,
744 2033 919 2114 dictus
942 2045 993 2090 et
1019 2033 1328 2114 Eubulius;
1360 2033 1769 2114 Qlympisimul
1803 2042 1857 2114 et
1886 2032 2294 2114 Patarorumjn
2330 2032 2515 2114 Lycia,
2545 2044 2727 2114 postea
2758 2035 2888 2114 ΤΕνὶ
2924 2037 2978 2090 in
3002 2026 3279 2114 Phaznicia
3310 2039 3518 2107 episco-

254 2123 369 2172 ναι,
395 2110 541 2162 circa
561 2106 763 2162 Chi-isti
795 2122 994 2177 animm
1034 2107 1141 2161 512
1178 2104 1447 2177 πιανιῃτὶό
1475 2106 1743 2161 sublatus.
1793 2104 1966 2159 Locus
1994 2105 2260 2175 passionis
2305 2105 2420 2173 ejus
2454 2106 2765 2175 inquiritur.

255 2180 424 2248 ipsum
450 2178 548 2232 sub
578 2177 741 2232 Decio
765 2186 814 2231 et
848 2176 1135 2231 Valeriano
1152 2193 1372 2257 passum
1408 2178 1599 2230 tradit.

2842 2109 3073 2162 ententia
3107 2109 3366 2178 rejicitur,
3403 2127 3521 2181 qua:

318 2272 383 2329 ll.
422 2274 670 2342 Quantus
705 2274 783 2327 vir
816 2271 1119 2327 Methodius
1141 2252 1205 2327 ea:
1228 2282 1456 2327 veterum
1493 2252 1845 2327 testimoniis;
1872 2270 2019 2326 Unus
2058 2268 2317 2326 Eusebius
2352 2269 2507 2325 illum
2534 2271 2821 2339 prwteriit;
2851 2271 2989 2343 quod
3017 2274 3269 2328 nimirum
3303 2284 3522 2330 sanctus

260 2343 419 2399 Pater
441 2345 640 2415 stylum
668 2345 919 2399 adversus
945 2343 1225 2415 Origenem
1250 2344 1548 2399 strinxerit.

317 2437 409 2493 ΙΙΙ.
444 2438 734 2510 Complura
768 2440 1068 2494 litterarum
1094 2432 1446 2493 monumentis
1470 2441 1821 2510 consignavit.
1857 2438 2016 2510 Inter
2038 2453 2099 2490 ea
2125 2437 2357 2510 primum
2391 2436 2569 2510 locum
2607 2436 2803 2510 obtinet
2833 2437 3160 2510 Convivium
3190 2438 3378 2493 decem
3406 2439 3521 2493 vir-

251 2507 461 2581 ginum.
508 2505 696 2578 Operis
726 2511 1043 2580 praestantia
1078 2518 1236 2581 atque
1267 2510 1497 2564 utilitas.
1527 2505 1676 2565 Inter
1702 2510 1859 2580 hujus
1890 2505 2146 2563 editiones
2189 2508 2381 2561 eminet
2418 2505 2831 2577 Combeﬁsiana,
2855 2525 2971 2579 qua:
2998 2509 3113 2563 ideo
3141 2508 3226 2563 hic
3264 2511 3523 2564 recensita

249 2588 299 2633 et
321 2579 612 2635 adornata.

317 2670 411 2731 IV.
437 2672 586 2729 Cura
607 2684 656 2728 et
682 2674 917 2730 studium
945 2676 1000 2730 in
1027 2674 1227 2731 edendo
1261 2674 1396 2730 libro
1422 2675 1498 2732 De
1525 2677 1698 2732 libero
1720 2675 1967 2731 arbitrio.
2002 2672 2149 2729 Unde
2186 2673 2484 2744 fragmenta
2507 2671 2621 2742 ejus
2649 2673 2945 2743 desumpta.

314 2763 385 2837 π,
424 2766 730 2836 Sequuntur
751 2778 996 2837 excerpta
1024 2768 1100 2823 De
1120 2769 1526 2823 resurrectione
1559 2768 1807 2823 adversus
1843 2769 2139 2837 Origenem.
2159 2760 2323 2837 __0pus
2370 2764 2646 2837 laudatum
2682 2779 2793 2833 pra:
2822 2766 3050 2837 caeteris,
3087 2764 3371 2822 Eustathio
3401 2767 3517 2821 An»

254 2834 515 2909 tiochenoi
549 2836 635 2909 Ad
667 2834 1138 2909 formam'dialogi,
1167 2850 1226 2892 ut
1252 2850 1301 2893 et
1333 2839 1652 2908 praecedens,
1688 2834 2010 2893 contextum.
2038 2836 2121 2890 Ea:
2152 2834 2447 2909 Epiphanio
2478 2835 2822 2909 inprimiset
2844 2835 3034 2909 Photio
3059 2836 3355 2907 fragmenta
3383 2840 3520 2894 satis

252 2908 432 2979 qmpla
459 2903 714 2975 deducta,
744 2919 795 2969 et
833 2925 952 2962 cum
1002 2903 1133 2964 mss.
1157 2903 1378 2964 collata.
1410 2909 1575 2964 Aliud
1598 2910 1769 2964 nobile
1801 2916 2101 2979 excerptum
2134 2907 2482 2975 propositum.
2531 2903 2839 2975 Improvida
2872 2905 3030 2961 Cavei
3059 2903 3296 2963 censura
3335 2910 3521 2978 exsuf-

250 2972 435 3044 ﬂatur.

321 3068 411 3141 Vl:
440 3068 663 3140 Reliqua
682 3066 1026 3125 Methodiana
1046 3074 1277 3127 strictim
1304 3074 1564 3141 exposita.
1587 3070 1861 3126 Nimirum
1896 3070 2161 3141 Photiana
2184 3075 2429 3141 excerpta
2452 3067 2779 3141 Decreatis;
2803 3068 3013 3125 laciniae
3039 3070 3295 3127 librorum
3327 3074 3521 3130 adver-

254 3154 351 3213 sus
383 3138 781 3213 Porphyrium;
820 3144 1175 3212 fragmentum
1215 3160 1281 3198 ea:
1313 3138 1553 3197 sermone
1582 3144 1655 3197 De
1690 3143 2062 3213 martyribus:
2097 3140 2340 3213 homilite
2370 3138 2605 3213 tres,_l)e
2645 3138 2915 3213 Symeone
2950 3150 3004 3213 et
3037 3143 3216 3207 Anna,
3243 3143 3300 3198 In
3333 3159 3519 3204 ramos

248 3208 585 3277 Palmarum;
625 3221 682 3269 et
712 3208 787 3267 De
818 3208 983 3268 cru'ce
1016 3213 1230 3268 Domini
1261 3234 1274 3268 :
1320 3214 1511 3286 quibus
1543 3215 1667 3268 alia:
1696 3208 1989 3282 complures
2036 3226 2251 3280 operum
2281 3208 2746 3295 Methodianoru‘m‘
2786 3212 3018 3291 reliquiae
3046 3214 3314 3282 subjectte.

319 3355 665 3435 Methodius,
682 3357 777 3428 qui
799 3365 854 3413 et
886 3354 1156 3413 Eubulius
1181 3357 1365 3413 dictus
1394 3356 1700 3428 Epiphanio
1731 3355 1830 3428 (a),
1860 3363 1909 3420 Α
1935 3355 1988 3410 id
2014 3361 2102 3411 est
2128 3354 2275 3409 circa
2315 3365 2520 3407 annum
2566 3351 2772 3409 Christi
2805 3352 2932 3418 512,
2976 3354 3156 3424 ipsum
3178 3355 3236 3410 in
3262 3354 3522 3417 Chalcide

247 3448 489 3519 primum
519 3444 736 3520 Olympi
763 3450 928 3503 simul
977 3459 1031 3505 et
1075 3449 1397 3506 Patarorum
1447 3451 1503 3505 in
1532 3450 1697 3523 Lycia
1722 3451 1833 3520 epi-

250 3548 537 3611 scopatum
567 3543 773 3612 gessit;
799 3541 999 3611 priscis
1028 3542 1174 3596 enim
1198 3542 1307 3598 illis
1328 3542 1668 3613 temporibus
1699 3542 1837 3597 civi-

246 3637 388 3686 tates
411 3628 554 3686 duas
578 3640 672 3686 aut
700 3633 863 3686 etiam
889 3634 1091 3702 plures,
1128 3648 1193 3688 ac
1225 3635 1444 3690 certein
1477 3633 1665 3705 Lycia,
1691 3646 1836 3691 unus

249 3723 481 3777 antistes
510 3722 954 3789 administrabat,
1016 3735 1077 3780 ut
1104 3727 1455 3781 observatum
1500 3728 1716 3784 erudito
1740 3728 1839 3784 Le-

249 3815 472 3886 quienio
493 3815 592 3888 (ὁ).
621 3808 689 3869 Et
716 3814 1040 3873 Patarorum
1065 3820 1287 3890 quidem
1321 3822 1642 3892 episcopum
1666 3821 1838 3879 fuisse

248 3904 605 3969 Hethodium,
639 3908 850 3978 antiqui
882 3911 1086 3978 passim
1111 3910 1329 3966 codices
1359 3917 1414 3967 et
1445 3903 1540 3981 qui
1570 3912 1692 3982 ejus
1722 3928 1839 3969 me-

249 3999 458 4056 minere
486 4000 789 4071 scriptores
838 3999 1036 4067 Graeci,
1073 4011 1390 4059 testantur:
1424 4002 1641 4077 Olympi
1681 4006 1834 4073 vero;

249 4102 445 4163 praeter
473 4092 868 4165 Hieronymum
899 4094 991 4166 (ε),
1022 4096 1188 4151 etiam
1229 4095 1500 4153 Maximus
1557 4098 1838 4154 memoriae

248 4182 492 4254 prodidit
533 4185 615 4255 (d)
649 4204 663 4239 :
696 4184 857 4255 cujus
904 4186 1107 4253 locum,
1141 4202 1274 4244 sane
1312 4199 1654 4260 corruptum,
1695 4191 1839 4245 inter

247 4280 497 4329 veterum
528 4274 848 4329 testimonia
880 4275 1041 4332 nobis
1105 4276 1249 4331 infra
1280 4279 1535 4343 relatum,
1581 4281 1656 4332 ita
1680 4280 1839 4335 resti-

249 4354 517 4422 tuendum
564 4366 783 4422 censuit
834 4367 1032 4424 doctus
1077 4367 1329 4426 Valesius
1353 4369 1422 4440 (e)
1460 4390 1474 4424 :
1541 4371 1838 4441 Ἀνάγνωθι

249 4450 517 4512 Μεθοδιω
542 4456 639 4512 τοῦ
667 4458 824 4527 ἁγίου
855 4459 1152 4530 μάρτυρος,
1181 4461 1278 4515 καὶ
1326 4461 1604 4533 Ὀλύμπόυ
1635 4463 1840 4534 Ἀδρια-

253 4548 562 4613 νουπύλεως
606 4546 906 4604 ἐπισκόπου
963 4552 1061 4622 τῆς
1113 4552 1342 4619 Λυκίας,
1395 4553 1465 4607 τὰ
1513 4552 1632 4607 κατ’
1671 4552 1838 4607 αὐτοῦ

255 4639 620 4712 (Ὧριγένους)
665 4643 794 4713 περὶ
838 4645 1184 4710 ἀναστάσεως
1227 4646 1528 4717 γραφέντα.
1566 4642 1625 4698 Id
1695 4653 1780 4702 est
1818 4664 1833 4701 :

1938 3445 2162 3501 Graecia
2217 3444 2543 3516 martyrium
2599 3444 2843 3499 subiisse
2895 3444 3084 3499 tradit.
3148 3445 3277 3502 Habe
3332 3459 3519 3505 autem

1939 3537 2255 3593 summatim
2306 3552 2600 3592 recensens
2661 3534 2949 3591 Fabricius
3003 3537 3111 3608 (μ’),
3158 3539 3412 3595 rescribit
3461 3542 3521 3595 in

1939 3630 2189 3687 Chalcide
2221 3629 2396 3700 Syria:
2424 3646 2443 3683 :
2475 3630 2621 3685 unde
2649 3645 2785 3686 vero
2814 3630 2870 3685 id
2892 3631 3160 3695 hauserit,
3191 3646 3304 3687 non
3326 3632 3518 3691 refert.

1937 3724 2117 3795 Atque
2148 3725 2225 3777 ita
2251 3723 2488 3778 fortasse
2510 3721 2802 3793 legendum
2848 3723 2905 3777 in
2936 3732 3086 3779 textu
3131 3722 3521 3798 Hieronymia-

1938 3832 2033 3880 no,
2064 3815 2226 3885 cujus
2254 3814 2474 3885 vulgata
2510 3815 2678 3869 lectio
2710 3814 3059 3871 Tillemontio
3086 3832 3305 3888 quoque
3333 3820 3519 3876 minus

1938 3908 2204 3978 probatur
2240 3906 2315 3977 (g)
2350 3924 2364 3960 :
2398 3912 2460 3959 ut
2508 3905 2741 3975 proinde
2778 3921 2912 3962 vero
2968 3907 3197 3977 propius
3240 3909 3516 3975 videatur,

1941 4006 2195 4054 sanctum
2217 3996 2511 4069 Tyriorum
2546 3999 2602 4051 in
2629 3996 2915 4053 Phtenicia
2967 4000 3287 4071 episcopum
3310 4012 3518 4076 marty-

1940 4092 2024 4146 rio
2048 4090 2223 4147 l‘uisse
2258 4091 2538 4146 sublatum
2573 4092 2630 4147 in
2686 4093 2908 4163 regione
2953 4097 3520 4170 contermina;atque

1940 4182 2209 4252 ejusmodi
2234 4190 2352 4237 erat
2376 4181 2706 4239 Chalcidene
2733 4184 2789 4237 in
2810 4183 3129 4256 Cwlesyria,
3154 4187 3315 4258 cujus
3353 4200 3520 4260 caput

1939 4273 2180 4330 Chalcis.
2234 4273 2421 4344 Neque
2444 4310 2449 4313 -
2472 4274 2632 4329 aliter
2688 4288 2822 4330 sane
2870 4277 3149 4347 accepisse
3203 4276 3520 4352 Hieronymi

1938 4368 2103 4425 verba
2127 4367 2473 4439 Sophronius
2503 4366 2628 4436 ejus
2661 4366 2933 4438 interpres
2956 4368 3299 4440 dignoscitur
3344 4391 3357 4427 :
3392 4389 3518 4429 ver-

1938 4459 2008 4513 tit
2066 4460 2234 4523 enim,
2284 4460 2342 4513 ὲν
2372 4457 2598 4512 Χαλκίδι
2655 4459 2755 4531 τῆς
2795 4459 3110 4532 Ἀνατολῆς,
3166 4463 3222 4517 in
3266 4461 3520 4520 Chalcide

1939 4550 2067 4606 urbe
2096 4551 2344 4607 Orientis.
2384 4551 2588 4607 Eadem
2652 4551 2817 4607 habet
2876 4551 3076 4610 Suidas
3117 4554 3217 4626 (li),
3274 4555 3521 4626 Sophro-

1940 4645 2092 4699 nium
2123 4645 2471 4700 exscribens.
2505 4645 2777 4699 Creterum
2807 4644 3060 4701 audiendi
3089 4660 3202 4701 non
3234 4654 3387 4711 sunt,
3421 4650 3514 4719 qui

261 4746 280 4779 ι
317 4728 461 4800 Lege
518 4746 645 4801 quae
693 4732 956 4788 adversus
1003 4732 1288 4804 Origenem
1331 4735 1399 4789 de
1438 4735 1839 4791 resurrectione
1869 4723 1913 4778 Β
1942 4732 2276 4788 Methodium
2314 4734 2419 4788 sub
2468 4731 2630 4788 Decio
2669 4744 2725 4789 et
2770 4732 3059 4790 Valeriano
3081 4749 3304 4804 passum
3346 4736 3521 4795 fuisse

260 4821 483 4891 scripsit
524 4821 860 4887 Methodius,
888 4826 1275 4881 sanctissimus
1306 4834 1515 4897 martyr
1537 4835 1590 4881 et
1621 4827 1837 4897 episco-
1940 4825 2165 4883 tradunt
2203 4844 2217 4879 :
2249 4824 2450 4895 quippe
2474 4825 2570 4895 qui
2619 4826 2792 4880 multa
2819 4825 3125 4895 scripserit,
3168 4843 3280 4884 non
3302 4835 3518 4886 tantum

256 4926 359 4981 pus
378 4912 619 4983 Olympi,
659 4914 813 4970 urbis
842 4913 1041 4986 Lyciae,
1074 4932 1197 4987 quae
1240 4917 1403 4971 etiam
1450 4916 1838 4987 Adrianopolis
1937 4923 2129 4971 contra
2148 4912 2458 4985 Origenem,
2491 4914 2584 4969 diu
2610 4922 2732 4985 post
2756 4913 3072 4969 Adamantii
3108 4928 3339 4973 mortem
3367 4937 3382 4987 ;
3419 4921 3518 4976 sed

254 5002 398 5057 dicta
425 5013 533 5058 est.
572 5022 591 5055 ι
621 5003 761 5058 Tum
796 5003 923 5077 Tyri
964 5008 1020 5061 in
1068 5006 1353 5063 thnicia
1405 5007 1705 5064 Ecclesiam
1747 5023 1837 5062 re-
1933 5020 1988 5068 et
2021 5018 2214 5067 contra
2241 5009 2768 5081 Porphyrium,dum
2792 5008 2992 5081 Tyrius
3019 5012 3109 5067 ille
3131 5012 3517 5084 philosophus,

255 5094 489 5165 gendam
522 5098 769 5167 suscepit
800 5106 1028 5154 sanctus
1077 5097 1261 5164 Pater,
1288 5099 1479 5155 eodem
1500 5098 1833 5172 Hieronymo
1935 5104 2239 5173 imperante
2287 5100 2650 5165 Diocletiano,
2685 5100 2743 5154 in
2790 5101 2933 5158 vivis
2991 5104 3207 5175 agebat.
3257 5103 3325 5158 Et
3376 5106 3521 5162 hanc

254 5190 421 5252 teste;
453 5188 548 5257 qui
574 5196 629 5243 et
649 5188 718 5243 ad
747 5195 1048 5245 extremum
1075 5192 1389 5247 novissima:
1408 5192 1831 5263 persecutionis,
1939 5195 2162 5268 quidem
2195 5193 2543 5260 sententiam,
2579 5200 2703 5264 post
2722 5191 2983 5251 Ecclesia:
3004 5198 3284 5253 annalium
3319 5215 3519 5269 paren-

326 5362 404 5503 (αἶ
426 5360 625 5442 Epiph.
664 5361 817 5419 Hier.
849 5379 995 5429 ulv,
1023 5364 1050 5437 δ
1088 5365 1176 5422 65.
2013 5372 2076 5441 (Γ)
2104 5371 2268 5428 Fabr.
2301 5370 2441 5427 Bibl.
2470 5371 2564 5427 Gr.
2594 5379 2727 5427 tom.
2758 5371 2827 5439 ν,
2866 5390 2991 5446 pag.
3024 5375 3133 5431 255
3160 5375 3267 5450 (ed.
3297 5375 3514 5436 Harles.

326 5430 377 5503 (ὁ
429 5433 691 5503 bequIen.
726 5433 822 5489 0r.
855 5433 980 5491 Chr.
1015 5446 1145 5492 tom.
1172 5436 1212 5503 Ι,
1237 5453 1290 5503 p.
1324 5436 1429 5492 976
1450 5454 1563 5503 seq.
1940 5452 1985 5500 t.
2010 5442 2123 5502 VII.
2157 5460 2210 5503 ῐ).
2232 5442 2382 5503 260).

347 5433 399 5503 b)
429 5433 985 5517 Ecquien.ﬁ0r..Chr.
1015 5433 1145 5492 (om.
1172 5436 1212 5503 Ι,
1237 5453 1290 5507 p.
1324 5436 1429 5517 916
1450 5454 1563 5511 seq.
1940 5452 1985 5500 t.
2010 5433 2382 5517 Vll._p._260).

350 5519 399 5585 c1
430 5502 656 5585 l_l_ieron.
688 5504 766 5585 _De
798 5506 1150 5585 vir._illu_str;._,
1186 5502 1304 5577 cap.
1338 5511 1428 5585 85.
1526 5502 1545 5511 ’
1630 5583 1638 5585 Α
1803 5582 1811 5585 Α
2010 5517 2084 5585 (g)
2114 5502 2526 5569 Tillem.’Hém.
2561 5522 2696 5571 tom.
2720 5512 2789 5581 ν,
2822 5530 2879 5585 p.
2925 5515 3046 5582 767,
3091 5524 3216 5575 not.
3252 5519 3287 5573 5
3318 5536 3411 5573 sur
3455 5518 3515 5576 S.

302 5572 404 5652 '(d)
438 5574 660 5652 Marini.
690 5578 743 5629 iu
768 5577 944 5631 schol.
970 5579 1035 5632 ad
1083 5572 1310 5651 Dionis.
1338 5579 1540 5652 Areop.
1597 5583 1674 5636 De
1703 5582 1830 5637 eccl.
1939 5572 2176 5641 Mei/30d.

258 5639 779 5732 “‘Q'i’SaP-‘l-m
886 5715 1093 5732 ...._
1485 5639 1502 5652 ’
1666 5723 1727 5732 --

1940 5639 2085 5732 mlh)
2119 5639 2274 5711 Shid.
2335 5655 2391 5711 in
2431 5653 2566 5711 Lex.
2618 5673 2668 5712 ν.
2720 5656 3042 5725 Μεϐόδιος,
3084 5665 3216 5714 tom.
3262 5658 3341 5725 ll,
3390 5675 3516 5732 pag.

328 5714 398 5772 ιι)
432 5712 614 5771 Vales.
640 5715 709 5771 ad
738 5714 935 5773 Euseb.
972 5715 1114 5774 Hist.
1137 5720 1265 5775 eccl.
1294 5721 1387 5778 lib.
1425 5738 1497 5790 Vl,
1528 5723 1754 5796 capas.
1936 5712 2060 5784 520.

573 5813 843 5876 Ριτιοι..
894 5814 1014 5875 Gtt.
1046 5814 1282 5876 XVIII.
3138 5831 3169 5891 1
