3866 6160
377 319 434 370 11
1293 319 1352 373 S.
1389 317 1798 373 METHODIUS
1837 317 2222 374 EPISCOPUS
2261 317 2351 374 ET
2399 319 2714 378 MARTYR.
3568 327 3631 380 12

373 446 477 490 tem
529 434 612 508 (i),
671 437 845 491 secuti
882 440 1034 492 sunt
1062 435 1167 492 viri
1221 437 1552 502 doctissxmi,
1613 453 1754 506 quos
1807 438 1950 494 inter
1977 448 2023 502 Α
2050 437 2333 494 hominum
2361 441 2595 508 desidia,
2621 443 2832 512 reliqua
2861 440 3025 498 home
3043 450 3308 500 iecerunt.
3341 445 3446 501 Sed
3485 460 3630 517 qua:-

371 526 684 582 Holstenius
715 526 803 599 (i),
834 528 1066 585 Allatius
1097 529 1439 602 (k),Vossius
1472 531 1558 603 (ιλ,
1599 539 1764 602 atque
1790 531 1957 606 Pear-

369 618 700 693 soniusim).
951 637 955 641 '

435 711 502 769 ll.
529 712 663 780 Qua:
685 728 808 767 cum
839 714 914 768 ita
945 714 1074 780 sint,
1106 714 1392 771 desinente
1423 715 1590 786 igitur
1621 717 1824 772 saeculo
1865 733 1950 781 ιιι,

365 805 628 861 lnclal‘uit
695 819 920 868 sanctus
986 807 1329 875 Methodius,
1419 806 1559 880 ἀνὴρ
1632 808 1810 876 λόγιος
1860 811 1954 862 καὶ

368 899 573 971 σφόδρα
594 901 724 972 περὶ
751 901 852 971 τῆς
874 897 1132 970 ἀληθείας
1151 899 1582 971 ἀγωνισάμενος,
1616 900 1793 972 inquit
1825 902 1954 972 Epi-

365 991 601 1062 phanius
634 992 734 1062 (η),
775 993 852 1046 vir
883 991 1113 1059 apprime
1135 1000 1321 1045 aoctus
1351 993 1739 1064 acerrimusque
1764 996 1955 1048 verita-

366 1085 432 1138 tis
460 1093 747 1154 patronus;
778 1083 909 1154 quin
963 1091 1017 1138 et
1049 1082 1436 1138 disertissimus
1494 1097 1720 1156 martyr,
1766 1087 1952 1157 judice

363 1174 696 1248 Hieronymo
739 1178 835 1248 (ο),
893 1176 988 1246 qui
1039 1176 1299 1231 nimirum
1361 1177 1522 1230 nitidi
1577 1180 1951 1250 compositique

361 1268 617 1322 sermonis
667 1267 828 1321 libros
855 1267 1080 1337 confecit
1109 1268 1207 1337 (ρ).
1248 1285 1267 1319 t
1301 1267 1478 1338 Atque
1507 1269 1598 1322 illa
1634 1270 1937 1337 enimvero,

361 1360 436 1413 ait
472 1359 560 1414 vir
584 1357 780 1414 doctus
811 1358 910 1430 (ᾳ),
940 1359 1165 1430 propria
1190 1357 1450 1414 Methodii
1483 1360 1812 1430 praedicatur
1834 1363 1951 1431 glo-

359 1452 461 1519 ria,
503 1452 647 1522 quod
697 1452 755 1505 in
806 1451 1082 1506 neminem
1131 1450 1252 1521 ejus
1309 1452 1600 1522 aequalium
1661 1453 1948 1525 liberalius

358 1550 761 1599 concurrerunt
789 1557 868 1597 eae
922 1543 1100 1610 dotes,
1130 1559 1252 1614 quae
1295 1545 1815 1614 praestantissimum
1850 1563 1942 1602 sa-

357 1652 461 1692 crae
489 1636 756 1692 doctrinm
785 1636 1109 1708 magistrum
1137 1637 1396 1693 omnibus
1447 1631 1660 1708 possint
1689 1642 1940 1696 numeris

363 1730 672 1785 absolvere.
704 1728 916 1800 Magnis
969 1729 1114 1783 enim
1147 1730 1268 1798 ejus
1302 1738 1474 1800 partae
1518 1731 1822 1802 infusasque
1855 1748 1946 1789 sa-

2058 544 2275 600 cunque
2298 531 2516 586 demum
2542 541 2824 604 superant,
2856 549 2886 589 a
2920 542 3072 591 tanto
3099 535 3360 592 Ecclesiae
3408 539 3629 595 doctore

2055 637 2119 676 ac
2163 633 2400 694 martyre
2451 628 2728 680 memoria:
2777 627 3060 692 mandata,
3109 629 3338 683 collecta
3396 631 3629 701 primum

2054 727 2305 784 magnam
2345 723 2555 784 partem
2589 731 2620 770 a
2658 716 3006 784 Combelisio,
3032 735 3178 774 nunc
3199 735 3326 775 vero
3377 721 3444 776 ad
3465 737 3631 777 unum

2053 814 2213 860 aucta
2244 809 2428 862 omnia
2456 816 2509 863 et
2539 811 2808 866 recensita
2832 811 2922 865 hic
2950 811 3310 881 proferentes,
3341 814 3408 870 de
3446 816 3628 886 singu-

2053 897 2144 963 lis,
2168 914 2269 968 pro
2294 899 2526 955 rationis
2557 901 2749 957 ordine
2772 918 2882 972 quo
2908 904 2998 957 illa
3015 905 3362 975 digessimus,
3399 907 3628 963 breviter

2053 990 2412 1046 disseremus.
2615 981 2618 984 ’

2125 1081 2182 1136 ln
2218 1082 2612 1155 limineitaque
2641 1092 2846 1141 nostra;
2897 1086 3237 1144 collectionis
3273 1087 3630 1144 Methodiante

2051 1162 2652 1246 comparetConvivium
2667 1177 2843 1232 decem
2860 1179 3140 1248 virginum,
3170 1199 3187 1229 ι
3213 1181 3532 1250 primarium
3568 1195 3629 1233 ac

2051 1267 2212 1337 plane
2266 1268 2522 1338 princeps
2571 1269 2824 1324 Methodii
2857 1286 3104 1340 operum,
3168 1279 3230 1326 ut
3278 1274 3458 1329 verbis
3507 1280 3625 1326 utar

2049 1357 2286 1414 Possinii
2331 1359 2418 1432 (t),
2481 1361 2624 1431 quod
2657 1363 2900 1417 victoriae
2929 1377 2960 1416 a
3012 1363 3330 1418 Christiana
3384 1363 3622 1435 pbiloso~

2047 1452 2176 1522 phia
2207 1452 2276 1507 de
2301 1451 2491 1506 Graeca
2524 1455 2824 1524 gentilique
2852 1462 3144 1526 reportata:
3178 1458 3393 1512 illustre
3437 1472 3624 1512 monu-

2049 1549 2297 1598 mentum
2334 1557 2399 1596 ac
2428 1543 2596 1597 veluti
2633 1554 2895 1616 tropaeum
2943 1553 3046 1600 est.
3074 1544 3175 1601 Cui
3226 1546 3373 1601 enim
3404 1547 3458 1600 in
3483 1545 3622 1601 litte-

2047 1634 2126 1690 ris
2159 1635 2582 1690 Atheniensium
2613 1645 2862 1691 veterum
2920 1646 3142 1693 versato
3173 1653 3283 1692 non
3317 1638 3502 1694 statim
3525 1653 3618 1695 oc-

2045 1729 2242 1791 currit,
2301 1722 2618 1785 aemulatum
2661 1729 2764 1784 hoc
2822 1745 2987 1799 opere
3047 1730 3380 1786 Methodium
3412 1733 3622 1789 celebre

354 1820 574 1891 pientiae
601 1819 810 1875 divitiis
853 1820 1137 1890 respondit
1187 1819 1404 1874 dicendi
1441 1822 1599 1892 copia
1629 1823 1940 1879 scribendi-
1975 1807 2017 1862 Β
2047 1818 2185 1873 illud
2213 1818 2536 1875 Convivium
2571 1818 2861 1874 Platonis?
2888 1820 3204 1874 :emulatum
3267 1830 3480 1890 autem;
3511 1839 3618 1878 non

353 1928 458 1983 que
492 1912 628 1966 uber
658 1912 950 1983 elegantia,
992 1911 1152 1982 cujus
1179 1911 1446 1967 beneficio
1476 1915 1532 1968 in
1564 1930 1741 1970 seram
1768 1931 1943 1986 usque

352 2003 723 2075 posteritatem
754 2019 917 2059 sensa
949 2004 1071 2074 ejus
1100 2005 1362 2074 praeclara
1384 2014 1789 2076 permanarent.
1819 2006 1941 2064 Uno

351 2097 525 2151 verbo
557 2116 569 2152 :
608 2104 670 2150 ut
703 2112 866 2152 nemo
907 2097 1000 2151 illo
1028 2096 1356 2167 profundius
1388 2099 1591 2169 sapuit,
1625 2101 1695 2154 ita
1721 2116 1830 2154 non
1860 2101 1941 2155 fa-

351 2189 459 2246 cile
515 2190 825 2261 reperietur
877 2191 970 2260 qui
1019 2191 1278 2257 uberius,
1343 2191 1639 2255 disertius,
1692 2194 1939 2249 ornatius

349 2280 653 2351 scripserit.
694 2299 715 2333 ι
783 2279 1020 2335 Tantum
1081 2281 1269 2351 itaque
1304 2279 1520 2337 Patrem
1571 2282 1940 2353 eximiumque

348 2372 615 2428 Ecclesiae
666 2370 1016 2443 scriptorem,
1050 2374 1248 2428 merito
1280 2388 1415 2429 sane
1466 2373 1609 2428 inter
1636 2389 1768 2430 suos
1798 2375 1938 2430 viros

344 2464 582 2521 illustres
652 2464 935 2521 recensuit
986 2463 1190 2520 Doctor
1243 2465 1540 2530 maximus,
1602 2466 1728 2521 licet
1783 2465 1937 2520 illum

345 2557 676 2628 praeterierit
704 2555 996 2612 Eusebius.
1039 2557 1203 2628 Atqui
1244 2565 1390 2612 recte
1443 2558 1730 2613 censuisse
1785 2558 1937 2613 vide-

347 2659 436 2704 tur
473 2649 544 2705 cl.
574 2647 850 2714 Valesius,
883 2647 1014 2702 dum
1068 2650 1144 2702 ait
1173 2649 1241 2719 (r)
1292 2648 1593 2705 Eusebium
1647 2658 1937 2721 propterea

344 2741 400 2794 in
427 2756 528 2796 sua
564 2739 806 2794 Historia
835 2739 1040 2794 nullam
1061 2738 1318 2794 Methodii
1349 2741 1680 2797 mentionem
1710 2741 1930 2808 fecisse,

341 2849 469 2888 cum
517 2841 703 2888 tamen
754 2833 942 2902 plures
1002 2832 1142 2894 alios
1171 2833 1586 2889 ecclesiasticos
1635 2835 1934 2906 scriptores

342 2931 758 2988 commemoret,
789 2923 884 2993 qui
927 2921 1205 2979 Methodio
1255 2925 1428 2979 multo
1487 2924 1780 2983 inferiores
1814 2928 1933 2982 fue-

342 3024 504 3079 runt;
536 3016 682 3086 quod
705 3016 969 3070 nimirum
1004 3025 1229 3073 sanctus
1257 3018 1347 3072 ille
1382 3016 1581 3089 Tyrius
1639 3021 1931 3092 episcopus

342 3107 474 3177 styli
502 3107 679 3162 aciem
732 3106 1049 3163 strinxisset
1103 3108 1368 3164 adversus
1409 3108 1723 3180 Origenem,
1771 3115 1929 3181 cujus

341 3198 789 3255 studiosissimus
844 3207 963 3253 erat
996 3200 1140 3254 idem
1200 3201 1494 3271 episcopus
1543 3203 1925 3262 Caesariensis.

339 3287 484 3344 Hinc
515 3289 681 3345 etiam
705 3295 812 3354 est,
849 3289 1037 3346 subdit
1073 3289 1350 3356 Valesius,
1381 3293 1528 3363 quod
1563 3305 1755 3349 contra
1785 3295 1924 3351 Por-

338 3381 524 3454 phyrii
577 3382 751 3439 libros
811 3389 939 3453 post
985 3383 1238 3440 eumdem
1286 3383 1624 3440 Methodium
1680 3387 1923 3457 scripsit,

335 3477 499 3548 quasi
533 3475 884 3532 aemulatione
916 3475 1152 3546 quadam
1175 3483 1230 3531 et
1263 3476 1390 3532 odio
1419 3477 1685 3534 adversus
1719 3478 1926 3534 Metho-

336 3574 490 3630 dium
537 3573 820 3630 incitatus.
862 3571 1137 3629 Eusebius
1175 3574 1456 3632 enimvero
1507 3577 1562 3630 in
1599 3576 1740 3631 libro
1771 3585 1925 3632 sexto

334 3666 605 3737 Apologia:
632 3680 746 3721 sua:
774 3680 873 3736 pro
933 3665 1178 3735 Origene,
1233 3665 1494 3721 Metliodii
1522 3666 1924 3736 objectionibus

335 3756 746 3832 respondebat:
811 3755 1109 3822 Quomodo,
1163 3757 1364 3827 inquit,
1412 3774 1576 3812 ausus
1608 3769 1684 3812 est
1717 3757 1918 3814 Met/io-

334 3856 456 3909 dius
487 3867 626 3909 nunc
655 3859 845 3905 contra
880 3848 1160 3921 Origenem
1187 3850 1433 3916 scribere,
1467 3854 1556 3923 qui
1601 3852 1711 3907 lucc
1743 3862 1792 3907 et
1814 3853 1924 3907 Itwc

334 3945 398 4002 de
432 3942 675 4017 Origenis
741 3941 948 3995 locutus
977 3949 1056 3995 est
1098 3941 1477 4011 dogmatibus?
1523 3942 1778 3997 Citantur
1809 3943 1924 3998 haec

334 4037 500 4092 verba
558 4035 628 4090 ab
693 4031 1027 4104 Hieronymo
1080 4033 1356 4088 scribente
1433 4033 1697 4091 adversus
1760 4033 1924 4088 Rufi-

333 4142 468 4184 num
499 4127 590 4200 (ε).

407 4220 498 4276 Ill.
527 4219 732 4276 Verum
791 4215 1053 4276 Methodii
1099 4217 1416 4272 auctoritati
1465 4222 1629 4286 atque
1660 4215 1924 4272 doctrina:

334 4314 478 4370 nihil
505 4311 746 4368 detrahit
779 4309 1001 4367 Eusebii
1026 4308 1328 4374 silentium,
1364 4307 1500 4362 nihil
1532 4309 1652 4378 ejus
1694 4308 1917 4363 invidia.

335 4405 470 4461 Nam
503 4420 625 4476 qua:
674 4413 904 4460 sanctus
954 4403 1116 4458 Pater
1179 4402 1489 4456 litterarum
1547 4402 1920 4456 monumentis

2047 1917 2157 1961 tam
2190 1916 2249 1961 ut
2311 1909 2806 1980 ejuselegantiam,
2850 1911 2997 1980 quod
3040 1912 3430 1968 venustissime
3472 1911 3617 1982 fecit,

2044 2000 2378 2069 exprimeret
2411 1999 2701 2066 imitando,
2737 2016 2903 2072 quam
2957 2010 3037 2067 ut,
3092 2003 3239 2071 quod
3274 2003 3618 2073 potissimum

2044 2090 2279 2158 studuit,
2336 2091 2455 2161 ejus
2509 2092 2817 2162 nequitiam
2876 2093 3198 2164 castigando
3260 2095 3615 2164 abstergeret.

2041 2179 2388 2252 Praecipuum
2445 2190 2629 2238 autem
2682 2183 3060 2238 laudationum
3113 2193 3495 2256 argumentum
3563 2187 3618 2240 in

2041 2272 2147 2326 hoc
2190 2271 2538 2327 Methodiano
2582 2272 2870 2339 Convivio,
2915 2273 3101 2330 divina
3149 2277 3441 2348 virginitas
3493 2285 3613 2333 est:

2041 2364 2130 2417 cui
2153 2378 2316 2419 omne
2341 2363 2664 2434 choragium
2697 2379 3008 2435 congruens
3039 2381 3070 2420 e
3125 2369 3375 2422 sacrario
3405 2368 3614 2423 caalesti

2041 2455 2426 2526 depromptum
2460 2463 2708 2527 apparet.
2751 2475 2769 2508 ι
2796 2456 2877 2511 Ad
2919 2457 3034 2512 haec
3060 2458 3166 2512 alia
3205 2460 3488 2531 complura
3521 2474 3613 2515 0c—

2039 2555 2296 2612 currunt,
2350 2562 2471 2617 quae
2509 2563 2742 2609 summa
2792 2548 3124 2604 Christiana
3189 2551 3318 2607 ﬁdei
3364 2551 3538 2622 capita
3561 2551 3612 2604 in

2039 2639 2234 2711 primis
2269 2639 2546 2711 attingunt
2580 2661 2592 2696 :
2628 2642 2722 2696 ubi
2748 2649 2931 2697 tamen
2966 2643 3014 2697 si
3050 2657 3159 2712 qua
3206 2643 3484 2698 interdum
3525 2648 3616 2698 aut

2037 2735 2230 2790 durius
2258 2735 2564 2799 enuntiata,
2588 2740 2682 2788 aut
2714 2733 2948 2790 fortasse
2979 2735 3160 2792 minus
3180 2745 3373 2791 exacte
3403 2736 3610 2808 prolata

2037 2828 2105 2882 de
2137 2828 2303 2883 rebus
2325 2826 2692 2882 divinioribus
2726 2827 3036 2894 vidcantur,
3085 2844 3149 2883 ea
3181 2830 3404 2885 demum
3433 2828 3610 2884 omnia

2035 2920 2322 2989 diligenter
2354 2917 2588 2972 ex‘cussa
2619 2927 2673 2972 et
2701 2917 2941 2974 dilucide
2964 2921 3214 2990 exposita
3244 2929 3456 2993 repetat
3485 2936 3612 2991 pru-

2034 3008 2169 3064 dens
2199 3010 2370 3064 lector
2404 3025 2435 3062 a
2458 3010 2576 3064 viro
2612 3010 2955 3078 doctissimo,
2990 3015 3084 3083 qui
3116 3014 3263 3068 haud
3295 3015 3371 3069 ita
3403 3013 3605 3085 pridem

2035 3102 2088 3156 in
2115 3117 2279 3172 opere
2311 3101 2406 3156 illo
2443 3103 2664 3174 egregio
2691 3104 2779 3158 cui
2810 3104 3002 3159 titulus
3036 3125 3048 3160 :
3092 3105 3363 3162 Divinitas
3403 3105 3612 3161 Domini

2036 3194 2205 3247 nostri
2229 3192 2358 3247 Iesu
2381 3193 2581 3248 Christi
2608 3195 2894 3264 manifesta
2931 3197 2985 3250 in
3017 3194 3314 3266 Scripturis
3351 3207 3402 3252 et
3439 3195 3608 3250 tradi-

2031 3288 2190 3352 tione,
2222 3287 2448 3342 Patrum
2499 3288 2966 3342 antenicaenorum
3021 3290 3335 3346 doctrinam
3389 3303 3611 3346 accura-

2028 3382 2140 3437 tius
2161 3383 2442 3452 expendit,
2469 3392 2633 3451 atque
2651 3381 2968 3437 obscuriora
2988 3399 3215 3454 quaeque
3238 3385 3360 3440 loca
3385 3383 3611 3455 explica-

2027 3472 2105 3528 vit
2135 3473 2539 3543 illustravrtque
2580 3473 2679 3546 (ιι).

2097 3565 2213 3622 Hoc
2253 3575 2434 3623 autem
2465 3569 2788 3638 praeclarum
2815 3566 3079 3624 Methodii
3113 3580 3428 3643 syntagma,
3462 3565 3604 3638 quod

2029 3675 2198 3713 unum
2225 3659 2501 3731 integrum
2537 3662 2699 3717 nobis
2731 3663 2968 3718 servavit
3017 3661 3352 3732 antiquitas,
3400 3661 3606 3732 primus

2028 3752 2293 3816 omnium,
2328 3767 2358 3807 e
2397 3768 2501 3808 ms.
2537 3754 2727 3809 codice
2759 3752 3022 3809 Vaticano
3064 3752 3281 3818 Romae,
3313 3749 3603 3821 evulgavit,

2026 3860 2172 3900 anno
2204 3845 2364 3914 1656,
2420 3844 2529 3900 Leo
2576 3846 2856 3915 Allatius;
2910 3849 3002 3916 qui
3029 3855 3083 3902 et
3112 3850 3259 3902 notis
3324 3845 3439 3902 suis
3474 3839 3606 3896 illud

2025 3937 2278 3991 evincere
2335 3951 2630 4008 aggressus
2689 3950 2798 4005 est,
2832 3940 2970 3995 nihil
2999 3941 3052 3994 in
3083 3955 3148 3996 eo
3203 3938 3434 4012 reperiri
3461 3931 3604 4006 quod

2032 4028 2302 4084 catholice
2327 4031 2620 4087 catholicis
2648 4032 2876 4087 auribus
2906 4033 3105 4103 exponi
3141 4049 3251 4089 non
3307 4033 3478 4104 possit
3513 4048 3525 4083 :
3559 4028 3603 4082 si

2023 4136 2133 4190 qua
2165 4137 2295 4177 vero
2317 4122 2636 4179 duriuscula
2673 4133 2990 4191 occurrant,
3021 4126 3114 4180 illa
3159 4128 3414 4183 emollire
3458 4121 3603 4178 omni

2026 4213 2210 4269 studio
2267 4217 2570 4271 contendit.
2605 4217 2766 4272 Anno
2813 4217 3010 4273 deinde
3070 4219 3394 4290 insequente
3444 4213 3600 4276 1657,

2024 4301 2252 4360 Parisiis
2272 4305 2476 4375 prodiit
2507 4306 2832 4362 Convivium
2876 4307 3290 4362 Methodianum
3335 4322 3403 4362 ex
3432 4306 3600 4359 inter-

2024 4397 2332 4464 pretatione
2358 4397 2508 4453 Petri
2555 4398 2794 4453 Possinii
2832 4417 2844 4453 :
2879 4401 2968 4453 cui
3031 4406 3388 4456 accesserunt
3439 4394 3600 4452 variae

336 4495 765 4560 commendavit,
798 4503 914 4548 tum
947 4493 1213 4550 adversus
1262 4495 1509 4549 veritatis
1565 4493 1774 4559 hostes,
1804 4503 1920 4548 tum
1955 4504 1997 4558 ι)
2028 4489 2294 4545 lectiones
2315 4491 2546 4546 ecodice
2598 4491 2989 4556 Mazariniano,
3039 4507 3165 4546 cum
3196 4492 3476 4548 nonnullis
3507 4488 3600 4543 ob-

337 4590 405 4644 ad
438 4603 596 4644 sacra
633 4587 891 4659 dogmata
937 4587 1281 4657 exponenda,
1313 4596 1427 4641 tum
1476 4587 1640 4641 etiam
1696 4587 1764 4640 ad
1796 4587 1923 4642 reli-

341 4681 553 4755 gionem
586 4671 952 4752 pietatemque
981 4679 1271 4736 fovendam
1286 4687 1625 4751 comparata,
1645 4681 1922 4736 veteribus

349 4773 432 4842 qui
491 4787 554 4827 ea
607 4773 990 4844 perlegerunt,
1045 4773 1276 4828 summis
1332 4773 1588 4827 laudibus
1647 4774 1922 4828 celebrata

333 4859 509 4920 iUisse
537 4871 865 4916 noscuntur.
894 4862 1072 4932 Atque
1097 4863 1306 4916 utinam
1353 4862 1446 4916 illa
1486 4872 1766 4918 exstarent
1797 4879 1918 4918 om-

336 4953 462 5008 nia!
497 4952 695 5022 exigua
719 4954 865 5008 enim
900 4963 1029 5010 sunt
1061 4969 1126 5009 ac
1175 4954 1383 5019 tenuia,
1415 4955 1459 5010 si
1495 4969 1664 5007 unum
1713 4954 1799 5008 vel
1835 4957 1918 5009 al-

335 5050 516 5099 terum
541 5042 806 5114 excipias,
867 5059 1007 5114 quae,
1048 5044 1162 5099 sive
1191 5054 1497 5114 temporum
1544 5043 1767 5115 injuria,
1795 5043 1910 5098 sive

413 5221 474 5290 (i)
512 5221 714 5291 Baron.
741 5222 810 5276 ad
859 5237 990 5275 ann.
1024 5221 1151 5286 502,
1189 5218 1215 5291 §
1249 5220 1319 5273 62
1345 5231 1399 5276 et
1430 5222 1484 5276 in
1517 5229 1630 5278 not.
1662 5223 1730 5277 ad
1765 5220 1920 5278 Mar-

339 5293 498 5362 tyrol.
532 5290 682 5345 Rom.
715 5292 770 5347 d.
797 5293 863 5345 18
892 5301 1012 5361 scpt

410 5365 472 5432 (i)
498 5362 746 5417 Holsten.
805 5359 1030 5415 Dissert.
1081 5359 1146 5413 de
1179 5361 1273 5415 vit.
1307 5370 1356 5415 et
1397 5363 1580 5432 script.
1619 5361 1913 5435 Porpliyr.,

336 5435 674 5584 ωῗιῇἷὶιιιςιι.
703 5501 883 5584 Picti.
914 5501 978 5557 de
993 5503 1261 5584 ’ριεῑζιρίίη
1287 5519 1339 5572 p.
1364 5503 1487 5557 511.

411 5572 664 5644 (liV’oss.
695 5574 770 5627 De
804 5574 946 5628 Hist.
985 5573 1077 5629 Gr.
1119 5575 1213 5628 lib.
1245 5588 1310 5636 ιι,
1340 5590 1464 5644 cap.
1507 5572 1595 5638 16,
1625 5588 1748 5644 pag.
1780 5573 1907 5629 243..

409 5643 502 5715 (nt)
560 5645 768 5715 Pears.,
821 5660 946 5715 opp.
979 5646 1158 5715 posth.
1193 5643 1423 5711 chrum,
1449 5643 1669 5701 dissert.
1695 5643 1758 5712 ιι,
1788 5662 1906 5715 cap.

340 5714 431 5778 19,
468 5713 572 5785 §5.
601 5731 651 5782 p.
685 5713 809 5768 ⁵565.

410 5795 486 5846 (η)
523 5785 712 5846 Ebibit.
757 5786 901 5840 Har.
931 5800 1078 5852 thv,
1117 5785 1144 5852 §
1177 5785 1267 5840 63.

2027 4581 2435 4637 servationibus
2463 4580 2524 4637 V.
2549 4581 2611 4640 C.
2643 4582 2868 4638 Henrici
2907 4581 3134 4638 Valesii.
3159 4583 3404 4654 Denique
3428 4581 3599 4635 Fran-

2025 4673 2207 4729 ciscus
2233 4674 2596 4733 Combeﬁsius
2617 4692 2686 4731 ex
2717 4675 2920 4732 Graecis
2956 4675 3237 4734 Vaticanis
3268 4686 3323 4733 et
3372 4673 3597 4730 Mazax-i-

2022 4768 2224 4832 nianis,
2263 4784 2474 4823 necnon
2500 4769 2785 4826 Photianis
2833 4771 3129 4842 excerptis,
3163 4771 3380 4825 collatis
3437 4767 3596 4822 etiam

2021 4859 2204 4914 Allatii
2235 4869 2288 4915 et
2319 4842 2556 4917 Possinii
2593 4863 2964 4927 versionibus,
2993 4863 3138 4917 idem
3191 4879 3333 4933 opus
3377 4869 3596 4914 rursum

2021 4951 2193 5005 edidit
2221 4949 2450 5006 Parisiis
2482 4968 2627 5008 anno
2656 4953 2819 5019 1672,
2881 4963 3046 5025 atque
3098 4960 3252 5009 torno
3286 4955 3306 5009 l
3351 4945 3597 5006 Auctarii

2021 5045 2293 5098 novissimi
2309 5045 2633 5100 bibliothecae
2660 5045 2882 5100 Patrum
2899 5045 3152 5102 intexuit.

2090 5218 2164 5289 (ο)
2194 5217 2414 5294 liierpn.
2437 5219 2728 5294 Comment.
2770 5222 2823 5274 in
2857 5220 3017 5290 Dan.,
3043 5237 3162 5292 cap.
3194 5238 3312 5276 ιιιιι.

2089 5288 2161 5358 (p)
2197 5288 2275 5361 id.
2308 5292 2380 5344 De
2408 5292 2505 5345 vir.
2531 5293 2638 5358 iil.,
2660 5308 2782 5361 cap.
2813 5293 2902 5348 85.

2095 5363 2168 5431 (τι)
2193 5358 2413 5432 Possin.
2452 5363 2661 5432 prazfat.
2691 5358 2757 5416 ad
2791 5363 3026 5418 Method.
3055 5362 3272 5418 Conviv.

2015 5425 2160 5520 "(fl
2192 5430 2370 5488 Vales.
2404 5425 2470 5487 ad
2499 5433 2699 5488 Euseb.
2729 5433 2873 5488 Hist.
2905 5436 3032 5489 eccl.
3067 5435 3162 5489 ιιι).
3191 5451 3266 5500 vi,
3292 5445 3413 5501 cap.
3443 5425 3512 5477 21
3539 5427 3590 5474 et

2015 5519 2106 5557 οο.

2087 5573 2156 5648 (s)
2184 5569 2543 5648 iiieron._lib.
2564 5593 2581 5631 ι
2605 5574 2791 5632 Contr.
2822 5575 3080 5648 Ruﬁn.,§
3116 5577 3204 5634 11.

2084 5642 2146 5712 (ι)
2183 5641 2396 5699 Possin.
2431 5646 2466 5700 l.
2500 5660 2548 5701 c.

2085 5705 2160 5784 (ii)
2187 5712 2397 5772 Maran.
2421 5715 2597 5773 Dicin.
2626 5719 2692 5774 ι).
2733 5716 2807 5773 Ν.
2836 5718 2989 5777 1.-(3.
3015 5718 3111 5775 lib.
3146 5735 3220 5788 Iv,
3249 5729 3372 5784 cap.
3417 5705 3506 5770 21,
3534 5713 3587 5771 Ρο

2011 5783 2270 5842 525-554.

2083 5799 2270 5840 0-004.
