3866 6160
236 362 304 416 15
1717 364 2011 423 ΝΟΤΙΤΙᾹ.
3413 371 3481 416 Ν

310 472 377 528 Et
427 474 569 529 hanc
619 474 841 544 quidem
904 474 1366 531 Combeﬁsianam
1397 477 1610 533 ἔκδοσιν
1662 481 1809 550 typis
1839 479 2022 549 Alogi
2074 481 2384 550 composuit
2441 491 2662 539 sanctus
2719 451 2903 548 Fater,
2958 483 3370 554 inscripsitque,
3421 492 3483 536 ut

237 565 606 621 excutiendam
631 567 965 622 curavimus.
995 565 1182 636 Neque
1233 569 1376 622 enim
1408 577 1594 624 actum
1625 572 1804 640 egisse

237 659 453 713 videtur
476 659 560 712 vir
581 657 802 723 doctus,
828 657 920 728 qui
964 660 1130 714 semel
1181 660 1487 730 iterumque
1527 661 1804 731 vulgatum

238 752 500 814 libellum,
533 767 680 806 novo
710 753 862 807 cultu
885 753 1178 822 expolitum
1210 755 1642 823 repraesentavit.
1673 752 1806 822 Ejus

208 829 417 900 tantem
446 844 854 908 adnotationes,
887 844 1092 914 quaead
1128 847 1310 914 operis
1358 847 1560 901 calcem
1597 847 1806 901 incom-

238 937 392 992 mode
424 936 765 1006 legebantur,
801 938 968 992 textui
1000 937 1336 1014 subjecimups
1378 954 1482 992 una
1520 954 1641 993 cum
1666 940 1804 994 sele-

237 1031 500 1086 ctioribus
550 1030 859 1086 Valesianis
903 1051 917 1086 :
971 1033 1039 1087 ad
1093 1036 1252 1088 linem
1309 1049 1438 1088 vero
1472 1034 1804 1088 attexuimus

238 1140 369 1194 quas
393 1123 682 1178 adamavit
703 1125 953 1188 Allatius,
984 1140 1078 1180 eas
1108 1126 1163 1179 in
1197 1133 1479 1195 contextu,
1515 1127 1765 1196 apposito
1787 1130 1803 1146 ‘

237 1215 559 1270 indicantes.
612 1215 858 1285 Denique
912 1231 1021 1286 quo
1071 1216 1284 1270 facilior
1313 1218 1498 1287 operis
1545 1218 1705 1271 lectio
1751 1225 1806 1272 et

236 1322 364 1361 usus
395 1306 672 1368 evaderet,
707 1323 1153 1379 unamquamque
1175 1309 1477 1364 orationem
1513 1309 1807 1366 Metbodia-

232 1415 353 1452 nam
392 1415 584 1453 sumus
607 1400 660 1453 in
694 1401 873 1454 varias
898 1402 1170 1457 sectiones
1198 1403 1407 1471 partiti,
1440 1417 1672 1472 quarum
1722 1403 1805 1456 in-

231 1499 444 1561 tegrum
506 1501 863 1561 conspectum
926 1508 1027 1564 pro
1071 1509 1223 1549 more
1286 1503 1477 1550 nostro
1542 1494 1798 1549 subdidi-

231 1598 374 1637 IDUS.

303 1673 391 1728 IV.
417 1674 534 1729 Jam
562 1693 695 1733 vero
728 1677 942 1748 reliqua
982 1677 1329 1733 Methodiana
1364 1693 1655 1734 recensere
1686 1694 1806 1749 pro-

230 1783 545 1837 sequamur,
571 1786 635 1824 ex
682 1771 829 1825 edito
883 1770 1283 1826 Combelisiano
1333 1771 1562 1827 Parisiis
1599 1773 1653 1827 in
1683 1773 1802 1827 vul-

1908 571 2142 636 videtur,
2175 571 2476 643 TheOpliilo
2510 576 2749 638 cuidam,
2781 593 2942 646 quem
2975 577 3262 648 κράτιστον
3291 577 3479 647 appel-

1909 663 1984 716 lat
2048 665 2125 734 (n)
2205 663 2262 717 ln
2313 681 2378 720 eo
2427 678 2604 722 autem
2676 668 3012 723 inducuntur
3062 653 3373 724 Methodius
3426 677 3482 724 et

1907 753 2212 810 Auxentius
2246 771 2368 810 cum
2409 757 2734 828 Origenistis
2777 758 2971 815 Proclo
3013 769 3067 815 et
3105 761 3482 832 Aglaophonte

1907 846 2278 916 colloquentes
2311 865 2406 903 seu
2438 850 2798 919 diSputantes.
2827 850 2944 905 Jam
2971 851 3062 906 diu
3085 868 3335 924 magnam
3355 868 3484 924 par-

1909 945 2015 991 tem
2049 938 2366 1008 deperditus
2387 940 2634 1011 dialogus
2660 942 2782 996 iste.
2812 943 2942 1012 Ejus
2972 952 3152 999 tamen
3174 945 3484 1016 fragmenta

1909 1031 2047 1085 satis
2082 1033 2259 1101 ampla
2283 1039 2501 1086 exstant
2529 1045 2640 1087 tum
2673 1035 2815 1105 apud
2837 1033 3196 1105 Epiphanium
3229 1036 3328 1108 (b),
3367 1045 3484 1090 tum

1907 1123 2048 1192 apud
2080 1122 2333 1178 Pliotium
2370 1124 2464 1196 (c),
2502 1126 2594 1195 qui
2629 1135 2682 1180 et
2729 1143 2794 1181 ex
2830 1127 3021 1182 eodem
3053 1143 3220 1198 opere
3245 1146 3486 1199 compen-

1907 1217 2116 1270 diosam
2145 1218 2523 1284 expositionem
2554 1220 2817 1274 dictorum
2849 1223 3198 1291 quorumdam
3223 1223 3480 1291 apostoli-

1907 1325 2110 1372 corum,
2176 1309 2450 1366 Methodio
2506 1327 2633 1366 vere
2701 1313 2942 1382 dignam,
3013 1316 3175 1370 nobis
3221 1317 3480 1372 servavit.

1906 1400 2177 1478 Nonnulla
2213 1402 2340 1455 item
2380 1403 2522 1472 apud
2553 1402 2819 1458 Joannem
2854 1403 3249 1462 Damascenum
3284 1405 3362 1480 (d)
3386 1423 3482 1463 oc-

1906 1500 2154 1564 currunt.
2187 1492 2351 1546 Plura
2378 1494 2444 1550 de
2468 1494 2569 1550 hoc
2602 1512 2766 1566 opere
2803 1498 3014 1553 erudite
3047 1499 3301 1555 observat
3335 1501 3484 1554 Alla-

1907 1586 2015 1640 tius
2050 1583 2140 1656 (ε).

1977 1678 2199 1732 Interim
2254 1693 2386 1733 vero
2437 1673 2598 1749 quem
2655 1680 2936 1751 sequimur
2991 1684 3256 1741 editorem
3293 1687 3483 1750 audia-

1907 1785 2029 1824 mus
2072 1769 2158 1839 (Ι).
2201 1791 2218 1822 ι
2261 1771 2608 1842 Quanquam,
2652 1773 2850 1844 inquit,
2901 1775 3174 1832 insidebat
3239 1778 3480 1843 animus,

229 1876 329 1931 gus
373 1862 577 1918 emisso
618 1878 762 1916 anno
791 1863 930 1918 {6-H
981 1865 1229 1934 repetita.
1282 1864 1589 1918 Convivium
1619 1865 1802 1934 itaque
1833 1847 1873 1900 Β
1906 1870 1965 1916 ut
1998 1862 2343 1919 Metliodiana
2373 1866 2556 1920 omnia
2590 1866 2902 1936 Epiplianii,
2931 1885 3055 1923 cum
3097 1871 3221 1927 aliis
3251 1888 3373 1942 quae
3396 1888 3480 1929 oe-

229 1953 402 2007 decem
431 1957 692 2026 rirginum
722 1959 924 2029 excipit
947 1958 1083 2014 liber
1109 1958 1186 2013 De
1245 1958 1407 2012 libero
1445 1957 1674 2012 arbitrio
1700 1958 1799 2012 ad-

228 2062 418 2102 versus
474 2046 891 2107 \Laientinianos
950 2051 1007 2106 in
1068 2051 1257 2120 primis
1283 2057 1338 2104 et
1378 2049 1802 2119 Origenem;ad

225 2151 385 2213 qu8m
411 2142 607 2197 doctus
640 2141 816 2197 editor
847 2142 949 2196 ista
983 2142 1241 2211 praefatur
1277 2140 1351 2212 (υ)
1384 2159 1397 2195 :
1425 2160 1441 2192 ι
1470 2140 1696 2205 Damus,
1717 2142 1801 2194 in-

225 2237 363 2306 quit.
394 2235 500 2291 hoc
531 2251 670 2304 opus
699 2250 836 2305 pene
874 2237 1168 2304 integrum,
1205 2233 1386 2288 tribus
1417 2249 1514 2288 seu
1550 2231 1801 2301 partibus

226 2345 325 2384 seu
353 2332 630 2399 excerptis
649 2337 993 2400 congestum.
1029 2329 1324 2382 Exordium
1373 2328 1802 2397 nonnullamque

223 2431 435 2492 partem
467 2424 714 2494 corporis
747 2423 989 2478 ediderat
1014 2421 1253 2477 Joannes
1278 2421 1547 2476 Meursius
1570 2420 1671 2490 (τε),
1699 2434 1800 2474 ceu

225 2515 428 2570 librum
461 2517 755 2587 integrum,
787 2531 856 2570 ne
889 2516 1080 2570 leviter
1136 2515 1355 2584 quidem
1397 2513 1676 2568 insinuato
1705 2511 1800 2566 de—

223 2607 393 2672 i'ectu,
426 2624 587 2679 quem
611 2609 806 2662 titulus
836 2609 970 2663 satis
997 2609 1282 2678 arguebat.
1337 2605 1472 2659 Nam
1504 2605 1642 2658 nihil
1680 2611 1799 2659 erat

222 2708 338 2756 tota
377 2703 629 2758 oratione
667 2700 939 2756 delibero
985 2699 1236 2762 arbitrio,
1270 2698 1430 2767 cujus
1465 2699 1555 2752 ille
1597 2706 1800 2753 tracta-

222 2794 431 2848 tionem
453 2793 753 2848 iudicabat.
782 2789 1012 2861 Reliqua
1050 2790 1280 2844 mutuati
1319 2805 1508 2845 sumus
1549 2805 1615 2844 ex
1654 2788 1798 2843 Plio-

221 2884 385 2937 tianis
419 2883 516 2955 (y),
549 2889 781 2952 excepto
810 2880 1027 2951 egregio
1049 2880 1162 2944 illo,
1194 2880 1262 2934 ad
1291 2879 1472 2942 ﬁnem,
1514 2887 1793 2949 excerpto,

226 2973 296 3027 de
317 2974 438 3043 ipso
474 2988 668 3028 revera
719 2972 892 3027 libero
917 2971 1163 3036 arbitrio,
1194 2972 1338 3041 quod
1370 2970 1434 3024 R.
1465 2969 1528 3024 Ρ.
1559 2969 1797 3025 Jacobus

221 3063 550 3121 Sirmondus
585 3067 644 3119 S.
676 3065 725 3120 J.
761 3065 1156 3120 burnanissime
1203 3063 1466 3118 utendum
1497 3062 1667 3127 dedit,
1699 3078 1797 3117 cu—

219 3155 313 3227 jus
357 3158 520 3212 etiam
569 3155 800 3211 Photius
854 3157 1088 3227 paucula
1134 3155 1522 3224 exscripserat,
1583 3164 1637 3209 et
1686 3169 1797 3222 quo

215 3246 434 3300 videtur
486 3243 794 3300 Methodius
845 3245 1114 3300 clausisse
1168 3245 1366 3300 librum
1423 3245 1626 3311 istum;
1685 3245 1794 3299 nisi

216 3336 356 3392 forte
410 3337 690 3407 aliquibus
717 3338 916 3392 additis
967 3338 1034 3391 ad
1070 3348 1347 3400 ornatum,
1390 3353 1512 3406 quae
1541 3335 1792 3400 Photius,

214 3429 318 3482 soli
351 3429 622 3484 doctrina:
667 3430 913 3494 studens,
966 3447 1076 3484 non
1126 3431 1474 3487 delibaverit.
1522 3427 1796 3484 Nonnulla

213 3520 564 3578 offenderunt
594 3524 650 3576 in
685 3524 984 3592 interprete
1036 3522 1253 3590 Pliotii;
1301 3532 1360 3577 ut
1405 3523 1609 3578 fuerint
1629 3524 1794 3578 etiam

212 3615 335 3684 ejus
389 3614 460 3668 de
519 3615 731 3685 integro
783 3616 1092 3682 reddenda;
1145 3625 1201 3671 et
1253 3631 1362 3686 quo
1415 3617 1579 3670 etiam
1603 3616 1794 3671 eodem

211 3708 354 3778 Stylo
386 3708 706 3777 interpretis
735 3707 1053 3773 decurreret
1074 3717 1185 3762 tota
1214 3695 1410 3764 oratio.
1455 3727 1474 3761 ι
1518 3706 1794 3763 Hactenus

213 3801 327 3856 ille.
360 3800 460 3856 Est
485 3809 667 3856 autem
695 3802 835 3855 liber
864 3802 1179 3871 hujusmodi
1205 3802 1274 3856 ad
1332 3801 1562 3856 formam
1592 3802 1792 3872 dialogi

212 3896 567 3965 conscriptus
617 3895 762 3948 inter
809 3893 1253 3950 Valentinianum
1284 3902 1340 3950 et
1393 3894 1789 3959 Orthodoxum,

210 4003 378 4060 super
405 3989 761 4045 vexatissima
792 3993 1095 4060 qusestione
1126 3993 1188 4043 de
1215 3990 1415 4058 origine
1436 3991 1595 4042 mali:
1627 3989 1793 4043 adeo-

211 4098 342 4153 que,
371 4098 486 4153 quo
526 4083 734 4138 clarius
778 4084 1044 4138 orationis
1106 4089 1396 4138 contextus
1431 4081 1705 4152 procedat,
1735 4081 1792 4135 in

209 4176 450 4232 editione
479 4183 671 4231 nostra
694 4190 956 4245 personas
987 4175 1362 4244 colloquentes
1383 4174 1740 4230 distinximus
1773 4191 1787 4227 :

208 4266 526 4322 Combelisii
546 4269 981 4332 observationes,
998 4284 1119 4338 qua:
1143 4269 1378 4338 primum
1407 4268 1567 4337 longe
1583 4281 1613 4319 a
1639 4273 1792 4320 textu

205 4353 516 4416 distabant,
549 4357 669 4410 suis
724 4371 973 4426 quasque
1020 4356 1158 4410 locis
1182 4357 1550 4420 restituimus,
1581 4355 1790 4410 notulis

203 4447 495 4500 nonnullis
519 4447 723 4501 alicubi
752 4448 1042 4518 inspersis.
1079 4448 1235 4514 Quod
1281 4449 1498 4518 quidem
1532 4455 1588 4504 et
1618 4449 1673 4501 in
1702 4463 1782 4502 reo

1907 1957 2478 2026 currissentejusdem
2524 1959 2803 2025 Methodii,
2846 1961 2901 2015 in
2941 1979 3112 2018 unum
3171 1974 3482 2035 comporta-

1903 2063 2040 2114 rem,
2071 2051 2504 2120 nonnullamque
2535 2052 2589 2106 in
2618 2054 2700 2108 eis
2735 2055 3077 2124 corrigendis
3110 2073 3231 2127 qua:
3286 2059 3482 2129 depra-

1904 2145 2029 2190 vata
2061 2139 2353 2193 admodum
2413 2139 2681 2205 viderem,
2714 2157 2934 2212 operam
2991 2159 3276 2214 ponerem,
3313 2146 3482 2201 infre-

1904 2231 1980 2300 git
2011 2238 2190 2286 tamen
2215 2243 2467 2288 conatum
2492 2233 2674 2302 inopia
2695 2235 2980 2289 meliorum
3008 2236 3283 2301 codicum,
3315 2253 3481 2309 quam

1903 2324 2108 2392 quibus
2147 2333 2295 2379 esset
2327 2340 2461 2380 usus
2491 2326 2852 2394 politissimus
2896 2327 3168 2398 interpres
3191 2329 3481 2400 Epiphanii

1871 2412 1877 2417 ’
1903 2415 2161 2474 Petavius
2181 2417 2237 2472 S.
2263 2417 2338 2482 .1.,
2375 2434 2549 2488 eoque
2573 2419 2708 2474 satis
2734 2437 2764 2474 e
2789 2435 2848 2475 re
2873 2419 3144 2477 facturum
3191 2423 3344 2488 duxi,
3368 2440 3482 2480 mo-

1903 2507 1976 2562 do
2007 2523 2069 2563 ea
2106 2515 2317 2562 tantum
2349 2523 2416 2563 ex
2457 2507 2598 2561 libro
2626 2508 2716 2562 illo
2770 2507 2847 2562 De
2885 2511 3290 2576 resurrectione,
3315 2526 3480 2582 quem

1901 2602 2124 2656 circiter
2148 2601 2386 2656 medium
2426 2600 2790 2670 exscripsisse
2810 2617 2870 2656 se
2908 2601 3028 2672 ipse
3058 2602 3330 2673 signiﬁcat
3349 2602 3482 2675 Epi-

1901 2694 2138 2766 phanius
2193 2692 2262 2747 ad
2314 2693 2497 2756 ﬁnem,
2535 2693 2603 2747 de
2636 2709 2777 2748 novo
2832 2694 3071 2760 ederem,
3104 2710 3228 2765 quas
3283 2697 3371 2751 vel
3399 2711 3482 2753 es-

1902 2794 2024 2840 sent
2055 2800 2196 2839 nova
2233 2793 2287 2839 et
2335 2784 2619 2847 ἀνέκδοτα,
2649 2785 2734 2838 vel
2793 2793 2854 2838 ut
2893 2801 3058 2848 nova,
3096 2786 3485 2843 emendatione

1900 2883 2084 2932 textus
2114 2891 2217 2945 ope
2248 2875 2503 2930 codicum
2554 2875 2867 2939 meliorum,
2920 2889 3170 2945 novaque
3211 2876 3481 2947 quodam-

1901 2967 2086 3028 modo,
2139 2965 2590 3034 interpretatione
2613 2973 2825 3029 nostra,
2862 2963 3036 3020 videri
3080 2973 3325 3035 possent.
3365 2964 3480 3021 Du-

1899 3050 2026 3131 plici
2058 3058 2126 3114 ad
2157 3059 2262 3114 hoc
2288 3059 2477 3114 codice
2495 3058 2576 3112 usi
2609 3073 2823 3123 sumus,
2854 3059 3027 3114 altero
3056 3059 3479 3117 eminentissimi

1900 3151 2199 3207 cardinalis
2249 3150 2646 3220 Rupil‘ucaldii,
2687 3166 2796 3220 quo
2855 3151 3048 3221 grandi
3081 3152 3360 3208 volumine
3412 3167 3479 3208 ac

1901 3245 2224 3314 perantiquo
2255 3244 2525 3298 habentur
2578 3242 2853 3298 Etementa
2908 3242 3271 3311 Damasceni;
3305 3245 3479 3300 altero

1900 3336 1966 3391 Β.
2000 3334 2063 3390 Ρ.
2102 3334 2381 3390 Sirmondi
2433 3335 2491 3390 S.
2518 3333 2567 3388 J.
2603 3345 2656 3389 et
2701 3335 2822 3405 ipso
2871 3336 3118 3406 antiquo,
3183 3337 3479 3394 collectore

1901 3443 2173 3499 anonymo
2227 3429 2491 3483 adversus
2541 3426 2935 3497 Eutycbianus,
2988 3443 3088 3483 sua
3137 3429 3259 3498 ipso
3310 3443 3478 3485 manu

1897 3521 2245 3577 exscribente
2271 3520 2678 3588 humaniusque
2709 3527 3052 3590 suggerente,
3084 3535 3184 3594 pro
3214 3534 3314 3574 sua
3360 3522 3474 3589 illa,

1897 3615 2046 3669 omni
2084 3614 2247 3668 modo
2274 3613 2614 3667 illustrandae
2646 3613 2990 3682 antiquitatis
3042 3628 3144 3668 suo
3185 3614 3478 3685 alienoque

1895 3708 2107 3763 calamo
2137 3746 2156 3774 ,
2201 3717 2392 3777 vegeta
2452 3707 2508 3760 in
2565 3705 2724 3760 senili
2755 3720 2984 3774 corpore
3021 3709 3411 3776 propensione.
3450 3726 3472 3763 ι

1893 3797 2065 3855 Porro
2112 3798 2256 3852 idem
2287 3797 2485 3861 editor,
2517 3797 2582 3851 ad
2616 3805 2875 3867 excerpta
2913 3796 3178 3852 Plaetiana
3207 3800 3353 3870 quod
3394 3809 3478 3854 at-

1893 3892 2053 3959 tinet,
2120 3891 2235 3944 liaec
2288 3889 2473 3945 subdit
2503 3888 2616 3960 (g):
2672 3908 2691 3941 ‹
2747 3889 3044 3945 Videamur
3098 3890 3240 3947 forte
3291 3900 3476 3948 actum

1894 3996 2076 4051 agere,
2101 3981 2192 4050 qui
2221 3979 2568 4034 Methodiana
2600 3979 2716 4033 haec
2746 3978 2860 4048 jam
2916 3980 3064 4044 data,
3094 3981 3227 4036 dare
3271 3983 3476 4037 iterum

1892 4087 2274 4144 procuramus.
2336 4072 2523 4128 Fuerit
2581 4076 2975 4141 nihilominus,
3027 4085 3090 4132 ut
3139 4080 3475 4136 accuratiori

1892 4180 2078 4234 Opera,
2134 4166 2314 4235 qualis
2348 4167 2462 4222 fere
2499 4175 2585 4222 est
2646 4170 2896 4238 angustis
2953 4171 3201 4227 terminis
3223 4173 3470 4239 delinita,

1891 4260 2017 4314 novi
2040 4259 2243 4329 aliquid
2277 4261 2603 4316 illustrando
2653 4260 2928 4318 Methodio
2960 4271 3174 4329 nostro,
3238 4267 3362 4322 aliis
3387 4268 3472 4322 vel

1891 4352 2136 4421 neglecta
2188 4353 2272 4406 vel
2320 4355 2504 4406 minus
2555 4363 2862 4425 perspecta,
2917 4355 3024 4410 alio
3081 4355 3470 4414 festinantibus

1892 4442 2268 4511 grandiusque
2299 4444 2656 4499 molientibus
2683 4460 2843 4514 opus.
2880 4446 3247 4502 inveniamus.
3282 4450 3472 4519 Itaque

203 4536 374 4607 liquis
391 4553 498 4592 nos
525 4539 869 4608 praestitisse,
906 4540 997 4594 hic
1025 4541 1193 4595 semel
1220 4541 1496 4595 indicasse
1533 4539 1784 4594 sufﬁciat.
1820 4549 1863 4602 ι)
1894 4549 2088 4587 novam
2143 4536 2456 4590 versionem
2508 4533 2662 4607 (num
2689 4551 2811 4590 eam
2844 4537 3117 4603 inutilem,
3169 4539 3262 4593 alii
3295 4555 3354 4595 re
3383 4540 3470 4594 in-

275 4627 342 4683 ν.
371 4628 698 4699 Sequuntur
726 4640 982 4700 excerpta
1008 4648 1076 4687 ex
1114 4630 1257 4686 libro
1293 4632 1370 4686 De
1402 4633 1783 4685 resurrectione

202 4729 397 4776 contra
431 4721 745 4793 Origenem,
783 4739 943 4794 quem
985 4732 1214 4779 sanctus
1257 4723 1620 4796 Hieronymus
1655 4738 1782 4790 opus

200 4816 472 4883 eeregium
505 4815 762 4887 appellat.
793 4814 1074 4870 Laudatur
1098 4816 1236 4870 etab
1262 4815 1550 4870 Eustathio
1599 4815 1783 4869 Antio-

199 4907 382 4962 ebeno
426 4907 516 4962 his
564 4909 744 4962 verbis
769 4908 891 4978 (z):
942 4908 1203 4971 Μεθὸδιος
1236 4907 1263 4959 ὁ
1291 4910 1390 4978 τῆς
1436 4906 1594 4975 ἁγίας
1635 4905 1781 4970 ἄξιος

201 5002 451 5071 μνήμης,
480 4998 716 5070 ἔγραψεν
738 4997 1104 5070 ἀποχρώντως
1131 5002 1210 5063 εἰς
1235 4999 1352 5052 τόδε
1389 4999 1450 5052 τὸ
1476 4997 1737 5070 θεώρημα
1761 5038 1776 5062 ,

197 5109 256 5147 κ.
283 5111 334 5147 τ.
365 5093 417 5145 λ.
450 5091 510 5146 ld
533 5101 638 5156 est,
679 5092 875 5146 Allatio
894 5094 1186 5161 interprete
1225 5111 1242 5142 ‹
1273 5110 1286 5145 :
1317 5090 1621 5146 Methodius
1649 5106 1777 5144 san-

197 5190 300 5236 cta:
339 5182 623 5237 memoriae
659 5182 715 5235 in
746 5182 878 5236 illud
899 5183 1189 5252 quaesitum
1223 5182 1359 5237 satis
1389 5182 1605 5236 abunde
1635 5181 1775 5236 scri-

197 5276 330 5345 psit,
370 5295 391 5328 ι
427 5283 537 5331 etc.
573 5274 638 5329 Et
669 5275 1051 5346 buncquooue
1087 5275 1286 5331 librum
1313 5274 1382 5329 ad
1409 5274 1640 5330 formam
1667 5274 1778 5329 dia-

294 5413 342 5482 e)
365 5411 614 5467 Combel'.
636 5411 693 5464 in
725 5420 839 5465 not.
866 5411 931 5465 ad
955 5411 1213 5472 Method.,
1240 5427 1296 5480 p.
1325 5411 1448 5466 462.

291 5485 349 5550 ε)
385 5482 586 5536 Meurs.
615 5484 668 5535 in
709 5480 920 5537 Varior.
951 5485 1108 5536 divin.
1147 5484 1300 5538 libro.

267 5552 346 5622 (ῃ)
379 5553 535 5607 Phot.
558 5552 698 5606 Bibl.
734 5554 858 5607 cod.
891 5567 1142 5608 ccxxxvt.

271 5555 324 5622 (ῃ
379 5554 535 5607 Phot.
558 5554 698 5606 Bibl.
734 5554 858 5607 cod.
891 5567 1142 5608 ccxxxvt.

271 5627 324 5688 (2
377 5623 626 5678 Eustath.
657 5622 735 5676 De
765 5634 1019 5690 engastr.,
1051 5640 1103 5693 p.
1135 5624 1257 5679 594.

271 5554 347 5765 (αξ
370 5693 606 5749 Method.
637 5695 781 5764 apud
801 5686 1022 5764 Epipb.,
1039 5710 1165 5765 opp.
1193 5704 1257 5752 tet

204 5686 347 5817 5980)
370 5693 606 5749 Method.
637 5695 781 5764 apud
801 5686 1165 5766 Epipb.,6pp.
1193 5704 1323 5752 tom.
1351 5694 1391 5762 Ι,
1422 5711 1473 5766 p.
1494 5693 1618 5760 540,
1643 5694 1768 5760 56.“,

273 5802 345 5895 lii)
375 5833 566 5899 Epiph.
595 5833 744 5889 Ha-r.
775 5851 919 5891 LXIV.

1893 4632 2079 4693 specta
2135 4627 2457 4698 collatisque
2501 4628 2758 4684 omnibus
2790 4630 3132 4702 censuerint)
3159 4632 3226 4685 ad
3277 4631 3468 4687 Graeca

1890 4731 2305 4787 componemus,
2365 4719 2705 4791 subindeque
2758 4723 3092 4789 notabimus,
3119 4724 3165 4778 si
3223 4725 3353 4795 quid
3401 4741 3467 4784 ex

1890 4811 2034 4874 aliis,
2062 4812 2368 4881 praesertim
2397 4812 2939 4880 Methodianis,lucis
2965 4816 3172 4886 aliquid
3199 4833 3267 4872 ex
3297 4819 3467 4874 colla~

1889 4901 2038 4956 tione
2071 4902 2263 4958 afferre
2285 4904 2475 4974 possit.
2511 4904 2785 4962 Habemus
2812 4909 3295 4978 praeterimpressa
3326 4909 3469 4966 Pho-

1889 4995 1972 5058 tii,
2025 4995 2189 5049 etiam
2248 4998 2524 5068 exscripta
2563 5000 2701 5054 'olim
2731 5013 2761 5052 a
2785 4999 2851 5055 R.
2884 4999 2946 5056 P.
2991 5000 3308 5067 Sirmondo,
3346 5019 3468 5074 qua:

1886 5087 2101 5156 possint
2133 5089 2257 5142 usui
2287 5104 2429 5145 esse.
2467 5108 2488 5141 ι

1960 5179 2074 5234 ΙλΙυρ
2103 5197 2275 5251 usque
2301 5181 2668 5238 Combeﬁsius
2693 5203 2705 5239 :
2740 5185 2832 5255 qui
2866 5185 3126 5257 deinceps
3157 5190 3342 5245 nobile
3370 5205 3466 5245 ex-

1883 5279 2130 5341 cerptum
2161 5289 2226 5328 ex
2252 5273 2446 5328 eodem
2479 5274 2619 5330 libro
2648 5275 2726 5330 De
2759 5280 3160 5341 resurrectione.
3203 5280 3465 5351 deprom-

1982 5410 2029 5470 ο)
2065 5409 2222 5464 Phot.
2266 5411 2405 5465 Bibl.
2449 5413 2570 5467 cod.
2607 5429 2857 5469 ccxxxrv.

1982 5415 2029 5470 c)
2066 5415 2222 5464 Phot.
2266 5415 2405 5465 Bibl.
2449 5415 2570 5467 cod.
2607 5429 2857 5469 ccxxxrv.

1956 5415 2214 5605 ἒίέὀιοθη.
2249 5481 2499 5540 Damasc.
2547 5498 2689 5539 orat.
2720 5487 2754 5539 3
2787 5487 2864 5540 De
2888 5487 3130 5558 imagin.,
3161 5505 3288 5561 opp.
3323 5502 3362 5546 t.
3391 5488 3458 5554 ν,

1879 5567 1934 5622 p.
1967 5553 2093 5606 589.

1951 5625 2022 5692 (ε’)
2045 5624 2210 5677 Allat.
2258 5621 2432 5678 Diatr.
2478 5627 2543 5680 de
2599 5626 2834 5683 Met/rod.
2905 5632 3087 5698 script.
3129 5648 3252 5704 pag.
3313 5631 3456 5696 554,

1877 5707 2034 5762 seqq.

1949 5770 2018 5843 (η
2043 5763 2291 5843 (ξρρψοΐ.
2330 5766 2526 5843 in_not.
2565 5770 2631 5824 ad
2656 5769 2892 5826 Method.
2923 5787 2975 5841 p.
3008 5772 3134 5827 449.

1951 5837 2022 5905 (g)
2059 5833 2194 5890 ibid.
2231 5850 2350 5909 pag.
2382 5837 2506 5894 ωε.
2835 5843 2837 5846 ⁴
