3866 6160
358 289 424 344 15
1275 283 1335 338 S.
1378 277 1779 336 METHODIUS
1811 273 2192 332 EPISCOPUS
2229 272 2316 326 ET
2357 269 2674 326 MARTYR.
3537 266 3604 320 l6

356 417 510 478 ptum
539 421 571 462 e
598 405 806 462 Catena
863 402 1284 460 eminentissimi
1334 399 1632 457 cardinalis
1662 396 1924 453 Mazarini
1954 402 2002 459 Α
2027 393 2234 464 effugit.
2271 389 2345 446 Ex
2381 386 2730 445 Methodiano
2761 399 3012 442 sermone
3049 382 3128 438 De
3157 381 3479 454 martyribus
3513 396 3609 437 ex-

356 506 412 554 et
435 497 794 560 Corderiana.
835 495 1027 551 Latine
1059 494 1299 566 vulgavit
1321 493 1399 566 (la)
1454 492 1510 546 in
1559 506 1657 548 sua
1720 489 1926 545 Biblio-

357 589 505 648 tlteca
528 589 942 652 cancionatoria,
963 586 1196 652 tom..l-l,
1227 601 1349 658 pag.
1383 584 1513 649 265,
1539 599 1681 654 scq.,
1720 597 1827 654 qua
1863 580 1931 636 de

356 699 418 739 re
461 683 690 756 ipsemet
717 683 1048 738 mentionem
1096 681 1274 752 injicit
1333 681 1389 734 in
1418 681 1688 734 recensitis
1742 688 1928 733 aucto-

356 775 504 829 ribus
537 773 782 844 ejusdem
800 772 1156 838 Bibliotheca’,
1184 781 1316 827 tom.
1348 771 1390 837 l,
1423 789 1546 844 pag.
1580 771 1668 826 '50.
1700 769 1756 824 ld
1779 786 1931 826 emo-

360 866 588 921 lumenti
634 881 745 936 prae
793 865 1006 920 caeteris
1053 879 1116 918 ex
1155 863 1420 934 praeclaro
1452 863 1559 918 isto
1624 861 1930 932 fragmento

359 972 641 1028 emergere
670 956 944 1021 novimus,
975 954 1119 1027 quod
1151 971 1218 1010 ex
1269 970 1333 1008 eo
1356 954 1582 1008 alterius
1605 953 1710 1008 loci
1741 952 1931 1006 αὐθεν-

357 1047 450 1105 τία
510 1046 883 1110 conﬁrmatur,
918 1059 948 1098 a
1001 1043 1210 1101 Joanne
1272 1043 1609 1098 Damasceno
1646 1043 1799 1097 relati
1824 1041 1926 1112 (i):

361 1140 651 1210 utrobique
679 1139 824 1194 enim
881 1149 1105 1194 sanctus
1133 1139 1224 1193 ille
1276 1147 1482 1208 martyr
1511 1136 1815 1206 dogmatice
1850 1148 1938 1189 ar-

359 1233 475 1304 guit
503 1247 532 1285 a
555 1231 862 1302 principum
895 1230 961 1284 ad
986 1245 1172 1286 sacras
1205 1229 1488 1300 imagines,
1507 1236 1565 1282 ut
1585 1229 1640 1282 in
1661 1228 1928 1298 utrisque,

358 1321 556 1376 honori
584 1320 669 1375 vel
695 1319 1038 1375 contumeliae
1059 1320 1324 1373 habeatur
1338 1326 1662 1391 prototypon
1678 1327 1730 1374 et
1751 1334 1932 1374 exem-

340 1411 477 1481 'plar
513 1430 526 1466 :
563 1411 746 1466 verbis
776 1419 904 1465 utor
921 1410 1148 1466 editoris
1167 1411 1341 1467 nostri
1370 1411 1435 1465 ad
1466 1411 1620 1482 prius
1661 1411 1932 1482 fragmen-

356 1509 473 1556 tum
513 1502 905 1560 eDamasceno
965 1503 1330 1573 desumptum.
1378 1502 1531 1570 Quod
1568 1503 1784 1574 quidem
1838 1518 1932 1558 ea-

357 1602 580 1664 propter
604 1595 928 1650 observasse
951 1596 1210 1665 oportuit,
1243 1604 1302 1650 ut
1366 1595 1724 1666 improvidam
1748 1595 1930 1650 homi-

356 1688 445 1741 nis
475 1687 793 1743 heterodoxi
823 1686 888 1758 (j)
921 1702 1212 1742 censuram
1241 1688 1596 1753 dilueremus,
1626 1685 1720 1760 qui
1748 1702 1817 1742 ne
1841 1702 1932 1744 sa-

2036 486 2184 540 hibet
2218 482 2351 538 illud
2373 479 2748 536 Theodoretus
2767 476 2862 547 (ς).

2106 576 2391 633 Accedunt
2437 573 2682 642 ejusdem
2736 567 2993 624 Methodii
3038 566 3274 622 homilize
3301 565 3442 627 duas,
3469 578 3613 634 qua-

2036 687 2159 726 rum
2191 672 2385 732 altera,
2413 667 2490 722 De
2511 665 2764 736 Symeone
2795 671 2844 716 et
2862 663 3038 728 Anna,
3070 677 3169 730 quo
3190 660 3274 713 die
3294 658 3521 712 Domino
3552 657 3611 710 in

2040 762 2229 832 templo
2279 768 2654 822 occurrerunt,
2701 754 3052 820 inscribitur;
3093 753 3284 815 altera,
3323 749 3388 804 In
3428 765 3612 803 ramos

2040 854 2372 908 Palmarum.
2411 850 2478 904 Et
2512 849 2580 904 ad
2606 863 2701 904 eas
2760 846 2978 918 quidem
3007 845 3123 899 lucc
3152 845 3309 898 habet
3338 840 3614 896 Combeﬁ-

2039 945 2154 1000 sius
2184 943 2252 1015 (r)
2293 963 2306 997 :
2341 961 2359 994 ι
2397 941 2711 998 Orationem
2744 940 2800 993 in
2834 937 3159 1009 Symeonem
3200 941 3256 989 et
3310 934 3520 988 Annam
3554 932 3613 985 in

2037 1035 2126 1091 die
2152 1033 2453 1098 Occursus,
2483 1032 2758 1102 vulgatam
2792 1031 3026 1099 primunt
3052 1028 3214 1081 Petro
3242 1023 3494 1089 Pantino,
3522 1036 3614 1076 re-

2038 1136 2451 1198 praesentamus,
2486 1123 2758 1192 simulque
2785 1121 2968 1190 aliqua
3005 1119 3059 1172 in
3103 1118 3248 1171 notis
3273 1116 3609 1178 indicamus,

2037 1222 2236 1291 quibus
2270 1220 2336 1274 ad
2359 1234 2554 1274 novam
2587 1217 2890 1273 versionem
2949 1223 3072 1284 post
3116 1211 3263 1265 illam
3325 1207 3612 1262 Pantinia-

2037 1329 2163 1368 nam
2191 1312 2397 1367 inducti
2426 1325 2637 1366 sumus.
2697 1306 2833 1361 Esse
2867 1312 3048 1359 autem
3096 1302 3338 1372 ejusdem
3403 1297 3612 1354 oratio-

2036 1420 2160 1460 nem
2193 1404 2334 1458 hanc
2362 1399 2870 1460 luculentissimam,
2901 1395 3060 1464 cujus
3095 1400 3220 1450 sunt
3262 1389 3610 1462 Symposiaca

2037 1492 2101 1548 de
2123 1493 2386 1557 castitate,
2418 1497 2472 1545 et
2496 1487 2751 1544 Methodii
2784 1481 2930 1542 illitis
2959 1482 3298 1554 Origenianis
3326 1480 3612 1537 erroribus

2038 1584 2415 1646 infensissimi,
2447 1583 2562 1652 ipse
2593 1590 2780 1634 auctor
2809 1577 2942 1633 satis
2970 1575 3237 1646 expressit
3265 1573 3357 1645 (ε),
3391 1581 3451 1627 ut
3484 1571 3610 1626 nul-

2038 1678 2124 1733 lus
2155 1678 2227 1733 sit
2255 1674 2540 1729 dubitandi
2570 1673 2743 1727 locus.
2779 1669 3102 1725 lnscribitur
3125 1665 3408 1736 ἐπισκόπῳ
3435 1663 3610 1718 Ila-rd-

358 1792 578 1832 crarum
611 1778 910 1849 imaginum
942 1777 1148 1849 cultum
1173 1793 1470 1848 agnoscere
1486 1759 1793 1849 cogeretur,
1823 1775 1936 1846 jam
1966 1765 2010 1821 Β
2041 1787 2170 1840 ρων,
2195 1769 2282 1823 cui
2317 1767 2478 1822 etiam
2516 1763 2885 1818 Damascenus
2914 1762 2970 1815 in
3027 1759 3312 1814 Elementis
3337 1773 3446 1813 non
3478 1765 3607 1811 tan-

361 1867 562 1922 saeculo
595 1882 656 1921 ιιι
679 1866 961 1924 desinente
990 1871 1167 1924 sancti
1190 1867 1447 1923 Methodii
1509 1867 1839 1922 auctoritate
1871 1881 1935 1921 ac

359 1957 939 2025 doctrinaﬁrmatum,
977 1959 1205 2014 Joannis
1260 1957 1582 2014 Damasceni
1630 1957 1788 2014 ﬁdem
1825 1957 1937 2012 ele-

359 2063 487 2104 vare
517 2063 807 2119 aggressus
844 2057 948 2106 est.

430 2137 520 2194 Vl.
552 2137 854 2210 Subjicitur
880 2157 946 2196 ex
979 2141 1175 2196 Photio
1202 2140 1274 2213 (k)
1306 2141 1510 2214 ἐκλογὴ
1545 2141 1673 2214 περὶ
1699 2140 1808 2194 τῶν
1843 2157 1937 2209 γε-

363 2232 560 2302 νητῶν,
604 2233 718 2288 sive
749 2241 1067 2304 excerptum
1130 2249 1197 2288 ex
1224 2235 1364 2290 libro
1414 2233 1490 2288 De
1512 2235 1726 2288 creatis.
1787 2231 1936 2303 Opus
1987 2300 1990 2306 l

359 2329 541 2377 autem
565 2323 640 2377 ita
671 2323 994 2395 inscriptum
1029 2325 1228 2381 litteris
1257 2325 1547 2380 mandasse
1577 2325 1934 2388 Methodium,

357 2413 508 2468 haud
557 2413 796 2484 produnt
838 2423 1071 2470 veteres.
1133 2413 1377 2470 Meminit
1415 2414 1633 2485 quidem
1663 2413 1934 2484 Hierony-

358 2519 483 2560 mus
514 2504 634 2575 ejus
658 2503 1169 2558 Commentariorum
1195 2506 1248 2558 in
1273 2502 1515 2568 Genesin,
1540 2519 1771 2574 quorum
1803 2502 1940 2573 frag-

359 2606 544 2652 menta
573 2598 836 2652 nonnulla
868 2598 925 2652 in
959 2597 1182 2655 Catenis
1239 2613 1377 2656 mss.
1409 2597 1590 2652 adhuc
1624 2603 1886 2666 superant
1920 2612 1933 2647 :

359 2685 505 2741 unde
526 2687 808 2742 nonnullis
840 2687 1019 2741 visum
1067 2703 1133 2741 ex
1156 2687 1350 2742 iisdem
1401 2686 1812 2742 commentariis
1843 2700 1938 2739 ex-

360 2786 605 2848 cerptum
641 2777 969 2834 Photianum
1024 2777 1198 2833 fuisse
1230 2778 1596 2849 descriptum.
1636 2779 1784 2836 .Utut
1829 2785 1934 2842 est,

360 2867 419 2924 in
445 2884 510 2925 eo
539 2868 782 2940 disputat
805 2869 1002 2924 iterum
1028 2879 1252 2926 sanctus
1283 2876 1494 2942 martyr
1519 2868 1784 2925 adversus
1810 2867 1936 2922 Ori-

361 2976 575 3038 genem,
601 2976 763 3032 quem
796 2971 1103 3032 centaurum
1124 2963 1358 3035 appellat
1383 2960 1445 3033 (ι)
1472 2980 1486 3030 ;
1519 2969 1684 3032 atque
1715 2975 1937 3032 μαργα-

362 3051 520 3121 ρίτας
539 3051 634 3106 τοῦ
657 3051 908 3119 ξενῶνος,
938 3053 1040 3108 hoc
1073 3062 1177 3120 est,
1217 3054 1494 3109 sanctiora
1517 3051 1724 3108 Christi
1755 3051 1937 3106 Eccle-

360 3119 458 3200 siae
477 3143 733 3217 dogmata
763 3145 999 3202 ethnicis
1022 3146 1240 3216 placitis
1275 3148 1455 3218 ipsum
1479 3146 1782 3202 intexuisse
1807 3159 1942 3214 que—
1966 3119 2009 3177 θ

359 3237 521 3293 ritur.
549 3236 802 3294 Occurrit
824 3254 930 3293 vox
959 3238 1050 3292 illa
1077 3237 1304 3302 ξενῶνος
1332 3239 1436 3294 sub
1479 3237 1724 3307 excerpti
1775 3235 1940 3306 hujus

359 3328 603 3396 initium,
631 3331 726 3385 ubi
760 3332 912 3386 varia
942 3331 1170 3402 conjicit
1199 3329 1580 3387 Combeﬁsius.
1613 3329 1816 3385 Verum
1852 3329 1939 3383 in-

358 3428 573 3491 terpres
604 3419 786 3478 Photii
812 3437 931 3478 eam
996 3438 1096 3492 pro
1130 3423 1395 3477 communi
1427 3423 1660 3478 omnium
1691 3422 1937 3490 hospitio,

361 3513 478 3568 sive
498 3529 596 3583 pro
618 3524 764 3569 coetu
794 3513 1056 3581 ﬁdelium,
1085 3531 1208 3572 esse
1253 3516 1633 3586 accipiendam
1673 3525 1844 3582 recte,
1880 3522 1940 3570 ut

361 3603 598 3668 videtur,
631 3605 929 3663 existimat.
968 3606 1060 3662 Sic
1091 3610 1236 3664 enim
1269 3615 1322 3664 et
1357 3607 1555 3664 Suidas
1600 3609 1747 3662 illam
1779 3624 1940 3665 usur-

359 3699 457 3764 pat
491 3691 610 3766 (ηε).
636 3694 960 3751 Consulesis
991 3705 1046 3752 et
1077 3698 1226 3754 viros
1283 3699 1530 3756 eruditos
1561 3697 1628 3753 ad
1663 3698 1937 3754 Pollucem

363 3783 440 3857 (η)
475 3793 640 3855 atque
671 3784 1002 3858 Ilesychium
1035 3787 1134 3859 (ο).

430 3875 700 3934 Ρτωιθτρθ
739 3878 1048 3937 Methodius
1082 3881 1291 3951 primus
1323 3882 1566 3938 omnium
1591 3883 1656 3938 ad
1693 3883 1940 3939 veritatis

362 3968 738 4026 defensionem
762 3973 1052 4043 scripsisse
1083 3972 1332 4028 adversus
1392 3973 1748 4044 Porphyrium
1783 3990 1938 4030 com-

361 4062 592 4133 peritur,
631 4079 793 4133 quem
817 4073 1006 4135 postea
1037 4075 1166 4121 sunt
1189 4067 1365 4122 secuti
1396 4065 1664 4121 Eusebius
1695 4073 1749 4122 et
1770 4067 1937 4138 Apol-

363 4153 578 4208 linaris.
610 4153 745 4225 Ejus
773 4171 934 4226 opus,
966 4155 1244 4212 veteribus
1294 4157 1530 4211 maxime
1582 4157 1937 4224 celebratum,

363 4262 539 4317 usque
567 4247 635 4302 ad
667 4247 856 4303 decem
903 4248 1074 4302 millia
1105 4262 1363 4303 versuum
1398 4255 1766 4318 processerat,
1800 4254 1942 4303 teste

362 4338 696 4411 Hieronymo
721 4339 798 4412 (p)
827 4359 840 4394 :
872 4340 968 4396 sed
1005 4340 1232 4405 interiit,
1270 4339 1460 4410 paucis
1503 4339 1828 4410 quibusdam
1861 4340 1942 4393 la-

363 4432 524 4487 ciniis
555 4433 821 4503 exceptis,
851 4449 972 4502 qua:
996 4439 1118 4503 post
1151 4431 1538 4488 Combeﬁsium
1593 4447 1656 4488 ex
1697 4431 1940 4489 Paralle-

362 4523 864 4580 lis-Damascenicis
887 4526 950 4603 in
983 4525 1220 4580 medium
1246 4525 1591 4597 protulimus.

433 4617 531 4673 llis
553 4633 718 4688 porro
741 4619 1089 4675 subdidimus
1117 4619 1331 4690 insigne
1369 4620 1528 4690 plane
1572 4618 1939 4690 fragmentum

362 4713 431 4768 de
461 4711 665 4769 Christi
696 4714 1003 4779 divinitate,
1039 4714 1185 4784 quod
1235 4712 1548 4769 Combeﬁsii
1605 4713 1939 4785 diligentiam

439 4959 515 5029 (lt)
568 4957 756 5014 Graece
818 4967 872 5014 et
925 4960 1120 5015 Latine
1180 4960 1370 5015 Simon
1423 4960 1490 5014 de
1540 4957 1816 5029 Magistris
1881 4957 1937 5011 in

363 5029 515 5084 Actis
545 5040 837 5100 martyrum
891 5033 960 5084 ad
993 5032 1146 5086 Ostia
1188 5031 1454 5085 Tiberina.
1481 5030 1635 5085 Eot'r.
1664 5029 1832 5082 Pun.

366 5103 500 5228 ως)
523 5100 609 5155 Jo.
641 5100 796 5154 Dam.
828 5108 968 5158 orat.
1016 5103 1050 5157 5
1083 5103 1158 5156 De
1202 5103 1388 5173 imag.,
1427 5117 1554 5171 opp.
1576 5109 1712 5156 tom.
1742 5100 1783 5163 1,
1813 5113 1938 5170 pag.

439 5244 506 5311 (j)
541 5242 684 5312 iCav.
721 5240 864 5294 Ilist.
893 5241 998 5296 litt.
1033 5242 1101 5296 ad
1125 5241 1400 5311 ann.290,
1437 5249 1570 5307 tom,
1605 5240 1647 5308 l,
1675 5254 1794 5312 pag.
1817 5239 1935 5294 152.

438 5315 510 5382 (Is)
539 5311 698 5366 Phot.
735 5312 877 5366 Bibl.
909 5314 1032 5368 cod.
1056 5329 1287 5370 ccxxxv.

435 5383 497 5452 (ι)
524 5383 869 5455 Μρι1ιοᾶχῦε
908 5385 1131 5455 ενεαιηὲ
1156 5385 1210 5439 2.

435 5454 715 5526 (m)k8uid.
754 5454 882 5508 Lex.
911 5462 1045 5509 tom.
1079 5452 1140 5520 ll,
1174 5472 1228 5524 p.
1265 5454 1474 5526 646,7v.
1503 5452 1795 5526 Ξενῷνος.

436 5523 520 5593 (ω’
543 5523 750 5580 Pollnc.
781 5526 970 5581 Onam.
1001 5526 1094 5579 lib.
1123 5523 1206 5591 ni,
1233 5541 1353 5595 cap.
1387 5525 1440 5581 4.
1470 5541 1619 5578 num.
1653 5525 1740 5579 59.

436 5597 514 5665 (θ)
545 5595 782 5667 llesych.
820 5596 948 5650 Lex.
1010 5605 1142 5652 tom.
1209 5595 1274 5656 11,
1305 5594 1430 5665 pag.
1473 5596 1592 5648 70:2.
1629 5613 1679 5650 v.
1718 5594 1934 5667 Ξενὼν.

436 5664 510 5734 (p)
544 5664 761 5723 Hieron.
802 5668 959 5737 epist.
987 5668 1072 5734 70,
1108 5668 1176 5722 ad
1215 5664 1400 5736 Magn.
1428 5677 1562 5720 orat.
1597 5681 1748 5722 num.
1777 5666 1828 5722 ’5.

2009 1873 2151 1916 .tum
2183 1860 2462 1932 Symposia
2484 1858 2697 1920 tribuit,
2733 1854 2830 1910 sed
2853 1853 3018 1909 etiam
3058 1853 3257 1907 librum
3292 1850 3433 1918 Περὶ
3461 1850 3607 1903 ἀνα-

2037 1954 2329 2019 στάσεως.
2358 1951 2497 2005 Hinc
2537 1949 2644 2005 Leo
2679 1947 2912 2002 Allatius
2959 1944 3200 2000 Gretseri
3240 1944 3607 2014 opinationem

2037 2048 2230 2102 merito
2258 2044 2504 2101 exsutilat
2533 2043 2618 2113 (t),
2655 2041 2782 2096 dum
2817 2039 2965 2094 nulla
2996 2038 3209 2092 ratione
3237 2035 3459 2091 molitur
3487 2049 3606 2090 eam

2037 2139 2340 2196 orationem
2401 2137 2664 2206 abrogare
2707 2133 2982 2188 Mcthodio
3034 2131 3257 2202 martyri
3285 2145 3348 2184 ac
3380 2128 3604 2192 seniori,

2039 2238 2093 2286 et
2126 2229 2370 2284 tribucre
2408 2223 3040 2293 Constantinopolitano,
3103 2235 3224 2275 cum
3275 2227 3472 2289 praeter
3513 2230 3604 2269 eos

2039 2325 2386 2378 characteres
2407 2334 2547 2389 quos
2581 2317 2743 2372 modo
2777 2315 3158 2377 indicavimus,
3213 2319 3367 2364 tanta
3395 2309 3464 2362 sit
3493 2321 3581 2361 ma

2035 2415 2208 2485 jestas
2249 2410 2454 2483 operis,
2480 2418 2541 2464 ut
2597 2410 2682 2464 vel
2709 2409 2942 2463 maxime
2974 2421 3230 2476 magnum
3275 2401 3608 2458 Methodium

2040 2508 2244 2562 deceat.
2279 2526 2296 2557 ι
2321 2505 2490 2560 Alteri
2522 2518 2650 2559 vero
2679 2503 2746 2558 de
2778 2506 3042 2566 Occursu,
3065 2497 3407 2565 subditidem
3448 2495 3610 2549 Com-

2038 2599 2260 2654 betisius
2275 2597 2380 2668 (u):
2406 2615 2422 2645 ι
2460 2595 2674 2650 Hancce
2696 2597 2774 2658 εἰς
2788 2593 2855 2646 τὰ
2876 2593 3014 2646 Bitia
3040 2591 3350 2646 Orationem
3373 2585 3610 2640 annecti-

2039 2705 2183 2754 mus,
2216 2703 2327 2742 uno
2356 2688 2506 2759 regio
2545 2688 2733 2742 codice
2762 2702 2914 2741 num.
2954 2685 3060 2740 922
3107 2682 3372 2739 asserenti
3401 2677 3609 2735 Metho-

2040 2781 2130 2836 dio
2184 2779 2431 2850 martyri,
2494 2779 2682 2848 utique
2722 2776 2916 2847 Magno
2965 2776 3041 2829 illi
3075 2782 3128 2829 et
3167 2773 3390 2830 seniori.
3450 2770 3609 2840 cujus

2041 2880 2168 2928 sunt
2195 2879 2249 2926 et
2271 2872 2550 2941 Symposia
2581 2879 2634 2924 et
2659 2869 2765 2922 alia
2811 2869 3094 2939 praeclara,
3129 2867 3212 2920 vel
3258 2866 3311 2918 in
3343 2862 3608 2934 supersti-

2040 2965 2189 3019 tibus
2249 2962 2514 3034 reliquiis,
2545 2961 2744 3033 ingenii
2779 2969 2834 3016 et
2877 2962 2979 3031 pia:
3010 2957 3205 3014 mentis
3239 2965 3607 3012 monumenta.

2040 3055 2208 3111 Favet
2235 3057 2399 3110 etiam
2430 3056 2604 3126 stylus
2631 3063 2684 3109 ct
2738 3057 3020 3110 sententia:
3050 3053 3287 3108 afﬁnitas
3311 3066 3434 3106 cum
3470 3063 3608 3120 pra:-

2042 3148 2254 3204 cedenti
2310 3167 2321 3202 :
2363 3162 2674 3218 quanquam
2733 3147 2870 3202 alter
2917 3147 3108 3212 codex,
3169 3147 3284 3216 ipse
3329 3143 3516 3200 forsan
3553 3141 3608 3195 in

2042 3240 2495 3312 Chrysostomum
2545 3239 2792 3304 effusior,
2838 3239 2887 3294 ei
2935 3239 3164 3304 tribuat,
3197 3237 3356 3292 titulo
3410 3236 3488 3298 εἰς
3517 3233 3611 3288 τὸν

2043 3331 2430 3402 εὐλογημένον,
2487 3346 2596 3401 quo
2649 3329 2888 3385 Savilius
2925 3327 3166 3383 Graecam
3213 3327 3401 3383 edidit.
3431 3323 3611 3378 Facile

2043 3425 2244 3480 habent
2275 3422 2470 3489 Graeci,
2497 3431 2559 3477 ut
2582 3424 2786 3494 quasvis
2820 3418 3093 3476 ἀδέσποτα
3149 3421 3266 3475 viro
3311 3427 3464 3473 tanto
3505 3415 3610 3471 tri-

2041 3519 2231 3574 buant.
2265 3537 2284 3570 ›
2320 3516 2599 3572 Hactenus
2623 3515 3003 3571 Combeﬁsius.

2114 3609 2468 3666 Orationibus
2492 3609 2644 3664 hisce
2675 3607 3038 3663 Metliodianis
3069 3609 3110 3660 ‘a
3141 3604 3465 3661 Combeﬁsio
3495 3601 3610 3657 edi-

2043 3705 2136 3768 tis,
2172 3702 2474 3773 adjecimus
2504 3707 2606 3769 tria
2645 3701 2948 3773 fragmenta
2981 3717 3048 3756 ex
3076 3699 3301 3754 homilia
3357 3697 3433 3750 De
3461 3711 3609 3749 cruce

2041 3795 2257 3849 Domini
2283 3794 2454 3849 nostri
2489 3793 2619 3848 Jesu
2668 3792 2888 3860 Christi,
2949 3801 3007 3848 ut
3059 3792 3294 3858 videtur,
3329 3796 3604 3858 excerpta.

2042 3887 2161 3942 Duo
2182 3887 2368 3957 priora
2399 3903 2465 3941 ex
2517 3902 2623 3942 ms.
2660 3887 2848 3941 codice
2891 3885 3236 3940 bibliotheca:
3282 3881 3610 3951 Augustanaa

2043 3977 2098 4032 in
2128 3978 2304 4032 lucem
2337 3977 2531 4032 extulit
2557 3975 2793 4031 Jacobus
2820 3974 3106 4030 Gretserus
3131 3977 3238 4044 (v);
3271 3974 3518 4037 tertium,
3543 3987 3607 4027 ex

2042 4070 2229 4125 eadem
2285 4069 2616 4125 bibliotheca
2649 4067 2758 4124 Leo
2786 4067 3018 4121 Allatius
3045 4065 3154 4138 (x);
3198 4065 3289 4136 qui
3322 4071 3375 4119 et
3422 4063 3609 4119 istbrec

2045 4161 2348 4234 fragmenta
2377 4164 2558 4218 omnia
2608 4169 2797 4217 nostro
2857 4159 3129 4215 Methodio
3172 4157 3424 4214 asseruit.
3455 4157 3610 4212 Gret-

2041 4269 2166 4310 sero
2227 4254 2371 4308 enim
2403 4254 2674 4308 dubitanti
2696 4252 2936 4306 occurrit
2970 4250 3056 4306 bis
3086 4250 3264 4306 verbis
3299 4265 3312 4302 :
3351 4267 3369 4298 ί
3410 4245 3485 4302 De
3514 4247 3609 4301 bo—

2045 4363 2164 4401 rum
2215 4345 2642 4418 fragmentorum
2691 4353 2909 4401 auctore
2968 4343 3181 4398 dubitat
3226 4341 3614 4401 Gretserus.et

1973 4463 2018 4519 Ι)
2047 4455 2168 4494 eum
2203 4454 2268 4494 eo
2297 4439 2550 4494 dubitare
2584 4440 2798 4494 videtur
2826 4438 3100 4493 Aubertus
3125 4435 3328 4490 Mireus
3359 4453 3372 4489 :
3410 4452 3428 4485 ι
3456 4433 3611 4498 Quis,

2053 4549 2071 4582 ι
2095 4531 2292 4601 inquit,
2329 4531 2432 4586 iste
2459 4530 2762 4587 Methodius
2800 4529 2979 4595 fuerit,
3023 4544 3119 4599 pro
3140 4535 3291 4583 certo
3346 4524 3613 4578 afﬁrmare

2054 4642 2072 4674 ι
2100 4639 2328 4693 nequeo.
2357 4623 2493 4678 Illud
2525 4625 2860 4694 exploratum
2882 4630 2986 4686 est,
3019 4637 3130 4676 non
3176 4619 3346 4674 fuisse
3375 4623 3613 4671 veterem

2053 4731 2072 4762 ‹
2103 4714 2252 4768 illum
2280 4713 2610 4768 Methodium
2632 4717 2922 4769 sanctitate
2945 4721 2998 4767 ct.
3022 4711 3267 4782 martyrii
3297 4708 3468 4781 gloria
3498 4707 3603 4762 cla-

2049 4961 2192 5083 Ἴίίῂ
2214 4960 2484 5016 Theodor.
2522 4959 2667 5014 Dial.
2695 4976 2711 5014 ι
2735 4960 3024 5027 Ἀτρεπτ.,
3066 4973 3192 5028 opp.
3214 4966 3345 5013 tom.
3367 4954 3455 5020 1V,
3487 4971 3610 5027 pag.

2049 5051 2081 5083 Ο
2125 5071 2134 5081 .

2048 5051 2134 5085 Ol.

2119 5101 2192 5171 (r)
2222 5100 2464 5156 Combcf.
2493 5102 2547 5156 in
2571 5111 2687 5157 not.
2727 5100 2796 5171 ad
2843 5098 3102 5163 Method.,
3159 5115 3279 5168 pag.
3318 5095 3440 5171 £69,
3477 5105 3531 5151 et
3561 5096 3612 5151 in

2048 5169 2255 5227 recens.
2282 5183 2488 5226 auctor.
2519 5174 2582 5225 ad
2615 5181 2744 5227 tom.
2781 5169 2797 5222 1
2833 5171 2969 5224 Bibl.
3002 5173 3261 5232 conciam,
3300 5184 3351 5237 p.
3385 5169 3469 5222 50.

2121 5245 2188 5315 (δ)
2225 5243 2459 5315 Method.
2489 5245 2640 5298 Orat.
2666 5242 2906 5315 (ιβ-εφη,
2943 5253 2987 5294 et
3017 5243 3180 5315 Αηιιη
3216 5241 3338 5315 §§_l_
3358 5246 3427 5315 _et
3455 5237 3542 5292 15.

2117 5309 2180 5381 (ἐ)
2202 5315 2359 5366 Allat.
2395 5314 2564 5367 Diatr.
2598 5319 2660 5366 de
2690 5309 2920 5366 Met/toti.
2953 5313 3155 5380 script.,
3193 5309 3243 5379 ρ.
3278 5309 3401 5363 511.

2122 5388 2200 5454 (u)
2230 5384 2476 5439 Combcf.
2507 5386 2558 5438 in
2592 5395 2704 5438 nol.
2727 5387 2791 5437 ad
2813 5384 3070 5441 Metliod..
3099 5398 3150 5451 p.
3181 5381 3303 5454 475.

2226 5454 2404 5510 Grcis.
2441 5464 2571 5511 tom.
2611 5455 2652 5508 11
2684 5456 2758 5508 De
2801 5475 2847 5511 s.
2892 5470 3062 5518 crure,
3100 5449 3156 5521 p.
3190 5451 3429 5506 401-404
3480 5449 3610 5506 edit.

2047 5541 2172 5578 nov.
2204 5524 2414 5580 Ratisb.
2452 5527 2607 5580 1754.

2121 5595 2196 5666 (as)
2246 5597 2410 5650 Aliat.
2471 5596 2648 5652 Diatr.
2695 5597 2758 5651 de
2806 5595 3040 5652 Method.
3090 5597 3295 5664 script.,
3346 5609 3465 5665 pag.
3511 5592 3612 5648 549

2049 5684 2163 5734 seq.
