3866 6160
242 352 311 408 17
1453 351 1788 408 VETERUM
1827 351 2266 410 TESTIMONIA.
3426 356 3495 412 58

246 493 266 527 ι
305 477 611 542 rissimum,
639 474 736 546 qui
781 475 886 531 sub
929 474 1268 532 Diocletiano
1302 477 1550 548 martyrii
1581 478 1815 547 palmam
1846 482 1866 536 Α

1931 478 2022 545 ρᾶς
2042 475 2204 541 ἕξεως
2228 477 2319 530 ἐπὶ
2343 477 2649 548 σκεδασμῷ,
2674 477 2735 530 τὸ
2760 476 3101 548 σταυροειδὲς
3127 495 3202 530 πα
3212 477 3495 550 ραλαῖἱιδα-

244 586 266 619 ι
301 569 534 637 adeptus
563 575 669 631 est,
690 584 814 623 cum
837 569 937 623 iste
954 576 1139 625 noster
1165 569 1473 624 meminerit
1499 570 1818 624 vexillorum

1931 567 2103 622 νεσθαι
2124 569 2428 639 αἰσθόμενοι
2454 569 2657 641 σχῆμα,
2682 567 2749 621 τὰ
2785 567 3089 640 καλούμενα
3108 572 3173 642 τῇ
3218 569 3496 640 Ῥωμαῖκῆ

245 678 266 713 ι
305 676 338 714 a
367 660 700 717 Christianis
723 662 1211 732 imperatoribusin
1231 661 1646 718 formamcrucis
1671 677 1820 718 com-

247 768 266 802 ι
309 761 649 805 mutatorum
679 771 693 806 :
721 751 788 806 de
815 767 921 821 qua
953 751 1252 807 mutatione
1271 753 1372 808 sub
1392 751 1722 808 Diocletiano
1753 770 1820 808 ne

247 859 266 892 ι
306 843 536 912 cogitari
562 843 779 913 quidem
803 851 1038 913 coeptum
1067 851 1206 909 erat,
1242 845 1495 902 omnibus
1523 845 1701 901 adhuc
1728 863 1823 917 pu-

248 951 267 983 ε
309 933 466 989 blicis
504 935 642 991 locis
665 935 733 990 ab
759 936 1061 992 idoiolatria
1090 937 1390 1007 occupatis.
1431 957 1450 990 ι

314 1024 530 1091 Quibus
553 1025 784 1082 Allatius
819 1029 1034 1097 reponit
1067 1045 1080 1082 :
1123 1046 1142 1079 (
1179 1027 1245 1081 Et
1282 1028 1640 1083 nihilominus
1677 1027 1820 1082 idem

245 1115 535 1172 Gretserus
569 1119 911 1187 apertissime
943 1120 1074 1174 dicit
1097 1119 1196 1191 (υ),
1223 1129 1349 1178 ante
1375 1120 1821 1184 Constantinum,

246 1219 494 1278 tempore
518 1209 742 1276 Justini,
771 1211 1094 1268 Tertulliani
1115 1221 1172 1268 et
1221 1212 1445 1268 Minucii
1485 1212 1705 1277 Felicis,
1741 1228 1826 1268 ve-

246 1302 377 1354 xilla
402 1303 666 1356 militaria
689 1303 802 1371 jam
831 1305 1014 1360 crucis
1069 1307 1306 1374 speciem
1358 1304 1614 1360 retulisse
1641 1323 1654 1357 :
1687 1304 1823 1358 adeo

249 1401 309 1447 ut
341 1394 435 1449 isti
465 1403 578 1449 tres
601 1396 900 1464 scriptores
943 1396 1204 1450 audacter
1233 1395 1469 1451 ethnicis
1498 1395 1821 1464 objecerint,

248 1487 404 1557 ipsos
460 1488 652 1548 eodem
709 1488 940 1543 crimine
999 1489 1174 1544 teneri
1205 1503 1331 1542 cum
1393 1487 1744 1550 Christianis,
1780 1488 1826 1542 si

246 1594 476 1634 crucem
533 1580 712 1635 colere
747 1581 957 1634 crimen
1011 1587 1178 1646 esset,
1208 1595 1333 1635 cum
1361 1589 1415 1635 et
1470 1579 1574 1651 ipsi
1603 1594 1825 1634 crucem

249 1671 436 1726 colant
456 1679 510 1726 et
545 1672 794 1736 adorent,
823 1671 1052 1727 colendo
1095 1679 1150 1726 et
1177 1671 1454 1727 adorando
1509 1671 1664 1740 signa
1693 1670 1830 1724 mili-

249 1763 412 1815 taria.
468 1761 536 1815 Et
583 1763 741 1833 longe
789 1772 913 1817 ante
965 1763 1314 1818 Constantini
1369 1770 1582 1818 aetatem
1609 1771 1826 1818 exstare

251 1867 510 1907 nummos
567 1867 822 1919 excusos,
854 1853 946 1922 qui
988 1853 1186 1909 vexilla
1217 1853 1474 1906 militaria
1539 1853 1595 1904 in
1642 1851 1824 1906 crucis
1856 1832 1898 1886 Β

250 1943 490 2012 speciem
513 1943 793 1999 eﬁormata
821 1953 1186 2000 continerent.
1223 1943 1362 1999 Hinc
1390 1953 1618 1998 conatur
1671 1955 1824 2012 post-

248 2010 473 2086 modum
499 2033 852 2103 respondere,
883 2033 1157 2104 quomodo
1187 2033 1583 2089 Constantinus
1613 2010 1846 2086 dicatur.

248 2123 525 2179 Labarum
547 2126 603 2180 in
639 2141 858 2181 crucem
894 2133 1282 2190 commutasse,
1313 2126 1360 2181 si
1383 2126 1537 2198 signa
1568 2125 1826 2179 militaria

247 2214 403 2283 prius
430 2213 659 2268 formam
680 2216 860 2269 crucis
892 2231 1001 2285 prm
1028 2231 1086 2270 se
1110 2214 1374 2270 ferebant.

320 2304 476 2371 Quod
509 2306 556 2360 si
589 2307 761 2360 multo
791 2315 919 2363 ante
950 2307 1297 2362 Constantini
1318 2313 1534 2361 aetatem
1571 2305 1827 2359 militaria

250 2399 447 2454 vexilla
475 2399 821 2454 ethnicorum
847 2399 1071 2470 ﬁguram
1103 2401 1283 2454 crucis
1322 2415 1432 2469 prae
1461 2415 1520 2454 se
1560 2399 1825 2463 ferebant,

247 2487 425 2556 potuit
455 2487 743 2542 commode
777 2486 1093 2544 Patarensis
1141 2487 1446 2545 Methodius
1498 2505 1685 2544 eorum
1715 2505 1830 2544 me-

250 2579 506 2645 minisse;
566 2595 744 2649 neque
791 2582 862 2636 ob
909 2581 1051 2636 hanc
1109 2597 1333 2638 causam
1381 2583 1471 2636 illa
1526 2582 1828 2653 fragmenta

250 2668 532 2726 Methodio
581 2671 902 2742 deneganda
958 2679 1110 2738 sunt,
1150 2689 1276 2728 cum
1318 2689 1385 2728 ex
1441 2674 1614 2743 ipsius
1647 2675 1827 2729 verbis

252 2762 401 2816 nullo
432 2762 598 2816 modo
625 2764 874 2817 eliciatur
902 2778 1026 2818 eum
1052 2764 1120 2819 de
1173 2764 1508 2820 Christianis
1532 2767 1830 2835 imperato—

249 2855 403 2911 ribus
446 2857 612 2911 verba
674 2855 868 2913 facere.
917 2857 1094 2913 Locus
1137 2857 1518 2914 Methodianus
1559 2859 1826 2930 ejusmodi

249 2957 333 3004 est
363 2949 440 3021 (ι)
474 2967 488 3003 :
551 2948 831 3004 Ἐντεῦθεν
873 2951 922 3003 οἱ
964 2951 1092 3022 τῇδε
1135 2950 1405 3021 βασιλεῖς,
1439 2951 1622 3022 πάσης
1659 2966 1827 3020 πονη-

257 3127 264 3133 ’
323 3124 400 3197 (y)
431 3123 615 3197 Qrets.
645 3133 776 3197 tom.
812 3125 832 3178 Ι
895 3125 968 3180 De
1001 3143 1171 3197 cruce,
1203 3128 1298 3183 lib.
1325 3142 1386 3193 ll,
1419 3143 1536 3197 cap.
1565 3128 1653 3183 59.

345 3189 394 3254 Ξ)
429 3195 670 3256 Method.
696 3196 836 3251 hom.
865 3197 927 3248 de
955 3189 1127 3258 cnice.

340 3265 395 3332 a)
430 3263 646 3320 Tillem.
686 3263 847 3320 Hem.
885 3276 1016 3323 tom.
1047 3266 1114 3333 ν,
1145 3282 1198 3338 p.
1230 3267 1336 3322 472
1370 3283 1484 3338 seq.

1921 660 2182 731 διαλέκτῳ
2235 659 2456 732 βήξιλλα
2504 661 2940 732 ἐμηχανήσαντο,
2986 678 3042 714 κ.
3065 678 3116 714 τ.
3141 660 3190 714 λ.
3223 659 3338 716 Hoc
3363 667 3450 716 est
3466 651 3493 716 ἐ

1927 751 2067 805 Hinc
2088 753 2426 822 imperatores
2474 753 2565 823 qui
2617 753 2756 807 hisce
2786 753 2843 806 in
2875 751 3005 806 locis
3041 753 3319 820 imperant,
3381 752 3498 808 sive

1924 844 2089 898 etiam
2118 845 2164 900 si
2191 844 2294 909 vis,
2320 845 2489 900 nostri
2534 845 2752 916 (nempe
2781 844 2876 916 qui
2925 844 3084 900 nobis
3105 843 3494 911 dominantur;

1924 932 2070 1003 quod
2099 941 2277 1002 potest
2299 934 2524 1004 intelligi
2549 935 2713 988 etiam
2759 934 2826 990 de
2857 933 3095 990 ethnicis
3131 951 3146 988 :
3192 931 3497 988 Christiani

1923 1023 2068 1077 enim
2125 1034 2250 1080 ante
2305 1024 2726 1080 Constantinum
2777 1025 3199 1107 imperatoribus
3263 1024 3497 1080 ethnicis

1925 1114 2291 1171 subdebantur
2316 1117 2530 1187 illisque
2555 1117 2923 1191 obediebant),
2953 1134 3070 1172 cum
3101 1117 3332 1172 viderent
3361 1118 3497 1187 ﬁgu-

1925 1230 2044 1268 ram
2095 1214 2266 1264 crucis
2323 1211 2525 1265 assumi
2575 1210 2643 1264 ad
2690 1211 2934 1265 universa
2985 1210 3133 1264 mala
3158 1207 3494 1278 dissipanda,

1926 1322 2042 1378 qua:
2080 1303 2317 1358 Romano
2356 1319 2593 1356 sermone
2621 1302 2817 1356 vexilla
2867 1311 3258 1371 nuncupantur,
3288 1301 3498 1370 excogi-

1929 1404 2130 1463 tarunt,
2159 1405 2264 1450 etc.
2295 1393 2450 1449 Licet
2473 1409 2605 1464 ergo
2629 1393 2812 1448 omnia
2867 1393 2990 1448 loca
3023 1394 3128 1450 sub
3157 1392 3494 1449 Diocletiano

1929 1487 2235 1545 idololatria
2264 1493 2577 1556 occuparet,
2609 1483 2818 1540 ethnici
2845 1499 2912 1540 ex
2933 1500 3083 1542 more
3104 1499 3226 1552 suo,
3247 1484 3498 1540 nescien-

1931 1591 2012 1636 tes
2040 1579 2169 1649 quid
2199 1577 2458 1641 facerent,
2489 1576 2686 1632 vexilla
2715 1574 2995 1630 eﬁ‘ormata
3031 1577 3087 1631 in
3111 1576 3338 1630 formam
3367 1590 3498 1629 cru-

1931 1672 2011 1728 cis
2043 1671 2434 1735 conﬁciebant;
2468 1684 2698 1739 quorum
2751 1684 2875 1739 ope,
2914 1668 3068 1738 signo
3123 1682 3316 1737 nempe
3348 1681 3412 1721 ac
3434 1665 3498 1721 ﬁ-

1930 1779 2063 1834 gura
2084 1764 2285 1827 crucis,
2322 1769 2382 1816 ut
2403 1761 2707 1816 Christiani
2738 1760 2930 1815 Patres
2976 1758 3493 1830 interpretabantur,

1927 1854 2089 1909 noxia
2125 1853 2505 1919 amolirentur,
2567 1861 2620 1908 et
2641 1862 2841 1908 cuncta
2888 1867 3150 1924 prospera
3196 1867 3498 1922 conseque-

1926 1954 2133 2001 rentur.
2166 1945 2258 2000 Sic
2285 1946 2478 2000 horum
2498 1944 2920 2018 fragmentorum
2953 1960 3062 2000 non
3090 1951 3174 2001 est
3206 1959 3304 1999 cur
3331 1944 3497 1998 alium

1930 2035 2260 2090 Methodium
2319 2051 2349 2088 a
2409 2034 2692 2090 Patarensi
2752 2049 3063 2106 quaeramus
3111 2042 3410 2089 auctorem.
3472 2051 3492 2085 ι

1928 2121 2206 2177 Hactenus
2253 2121 2505 2178 Allatius.
2551 2123 2750 2178 Allatio
2784 2123 3052 2177 accedunt
3111 2122 3497 2178 Tillemontius

1930 2212 2031 2286 (a),
2072 2221 2123 2269 et
2151 2213 2362 2270 Caveus
2394 2213 2490 2285 (b).
2526 2214 2594 2268 At
2625 2213 2909 2269 Fabricius
2940 2214 3082 2268 hanc
3107 2215 3384 2270 homiliam
3422 2213 3500 2269 De

1929 2323 2080 2360 cruce
2106 2305 2378 2361 Methodio
2401 2305 2504 2360 CP.
2525 2305 2904 2378 attribuit{(c);
2937 2306 3145 2360 nullum
3169 2315 3349 2361 tamen
3375 2305 3499 2362 affeo

1929 2398 2058 2454 rens
2087 2405 2487 2469 argumentum,
2515 2414 2624 2470 quo
2648 2413 2802 2454 suam
2833 2400 3157 2454 sententiam
3189 2398 3494 2455 conﬁrmet.

1999 2491 2174 2562 Atque
2196 2491 2311 2546 haec
2337 2490 2406 2546 de
2440 2506 2638 2562 magno
2661 2489 2938 2546 Methodio
2971 2491 3228 2562 episcopo
3257 2499 3312 2546 et
3359 2506 3499 2546 mar-

1929 2591 2048 2655 tyre
2108 2584 2262 2639 satis.
2319 2583 2399 2638 Ad
2448 2583 2658 2654 reliqua
2704 2581 2848 2637 enim
2896 2582 3142 2653 subjecta
3197 2581 3498 2654 fragmenta

1929 2675 2075 2746 quod
2122 2675 2335 2738 attinet,
2390 2674 2526 2728 nihil
2571 2679 2657 2729 est
2679 2689 2734 2726 in
2769 2681 3024 2744 promptu
3072 2673 3217 2744 quod
3247 2673 3498 2744 profera-

1931 2785 2073 2832 mus,
2114 2775 2308 2840 praater
2335 2775 2618 2822 auctorum
2656 2766 3154 2823 ecclesiasticorum
3196 2767 3316 2822 loca
3354 2766 3500 2823 unde

1931 2863 2023 2916 illa
2044 2861 2457 2932 descripsimus,
2491 2876 2612 2930 quae
2647 2861 2940 2930 unicuique
2983 2858 3307 2930 praeﬁgenda
3341 2875 3500 2915 cura-

1932 2972 2129 3012 vnmus.

2004 3132 2079 3202 (ὁ)
2119 3133 2248 3187 Cav.
2287 3132 2427 3188 Hist.
2464 3133 2576 3202 litt:
2602 3132 2666 3186 ad
2695 3130 2977 3202 ann.__290,
3015 3130 3217 3202 p.155.

2004 3198 2074 3276 (c)
2107 3203 2320 3259 Fabric.
2363 3203 2504 3258 Bibl.
2537 3200 2630 3257 Gr.
2657 3211 2788 3257 tom.
2817 3198 2886 3268 γ,
2920 3217 2974 3272 p.
3010 3198 3137 3254 960.

1131 3473 1758 3611 'VETERUM
1831 3516 2586 3614 TESTIMONIA

1093 3717 1184 3773 DE
1244 3715 1302 3775 S.
1371 3715 1726 3773 METHODIO
1787 3715 2122 3772 EPISCOPO
2177 3715 2265 3774 ET
2332 3715 2687 3783 MARTYRE.

1863 3948 1906 4004 1.

851 4061 912 4117 S.
941 4060 1292 4118 HIEBONYIUS
1327 4059 1404 4116 De
1430 4062 1532 4118 vir.
1557 4061 1755 4118 illustr.
1777 4074 1891 4114 can.
1917 4059 2007 4124 83,
2036 4074 2153 4113 cum
2193 4067 2357 4112 vetere
2386 4057 2663 4126 interprete
2689 4056 2894 4113 Graeco.

317 4175 580 4240 Μεθὸδιος
631 4175 708 4247 (a)
748 4174 1020 4247 Ὀλύμπου
1070 4177 1296 4242 Λυκίας,
1344 4179 1438 4232 καὶ
1489 4177 1624 4248 μετὰ
1655 4175 1866 4237 ταῦτα(

1999 4171 2330 4235 Methodius,
2360 4169 2574 4241 Olympi
2604 4170 2783 4242 Lyciae
2805 4179 2860 4226 et
2901 4178 3086 4242 postea
3114 4171 3243 4245 Tyri
3283 4176 3498 4247 episco-

251 4269 427 4338 Τύρου
481 4267 798 4331 ἐπίσκοπος,
829 4266 1080 4340 λαμπροῦ
1123 4269 1218 4323 καὶ
1268 4269 1623 4340 συγκειμένου
1670 4269 1826 4338 λόγου

1932 4283 2055 4338 pus,
2080 4265 2236 4319 nitidi
2276 4264 2674 4334 compositique
2706 4265 2977 4320 sermonis
2998 4302 3012 4329 ,
3053 4265 3330 4320 adversum
3362 4261 3503 4316 Por-

253 4359 401 4412 κατὰ
441 4358 783 4426 Πορφυρίου
822 4359 1076 4424 συνέταξε
1115 4359 1314 4432 τεύχη·
1352 4360 1444 4413 καὶ
1483 4361 1831 4430 Συμπόσιον

1931 4357 2177 4428 p/tyrium
2209 4354 2444 4409 confecit
2477 4355 2647 4410 libros
2673 4372 2687 4422 ;
2709 4363 2762 4410 et
2794 4355 3131 4425 Symposium
3179 4355 3354 4410 decem
3392 4357 3501 4410 vir-

254 4447 397 4501 δέκα
436 4447 780 4516 παρθένων
828 4449 967 4517 Περὶ
1009 4449 1398 4516 ἀναστάσεως
1422 4450 1575 4519 λόγον
1610 4450 1830 4524 ἄριστον

1931 4452 2108 4520 ginum
2124 4464 2144 4514 ;
2171 4447 2250 4502 De
2294 4447 2675 4502 resurrectione
2695 4462 2832 4516 opus
2853 4447 3132 4518 egregium
3163 4456 3355 4502 contra
3382 4445 3502 4504 Ori-

255 4540 394 4593 κατὰ
433 4540 744 4610 Ὠριγένους
766 4557 780 4570 ·
832 4541 972 4593 κατὰ
1010 4541 1103 4595 τοῦ
1149 4541 1312 4594 αὑτοῦ
1351 4543 1492 4611 Περὶ
1520 4544 1830 4597 Πυθωνίσ-

1932 4555 2154 4610 genem:
2181 4546 2236 4592 et
2257 4537 2519 4592 adversus
2548 4535 2797 4591 eumdem
2823 4535 2886 4589 de
2920 4536 3259 4607 Pytlwnissa,
3286 4547 3340 4592 et
3360 4537 3503 4606 Περὶ

257 4642 390 4692 σης,
417 4628 512 4680 καὶ
538 4629 676 4695 Περὶ
709 4627 1102 4693 αὑτεξουσίου
1123 4649 1135 4661 ·
1167 4633 1254 4697 εἰς
1300 4631 1414 4700 τὴν
1455 4634 1712 4687 Γένεσίν
1746 4651 1826 4699 τε,

257 4717 347 4768 καί
371 4719 460 4782 εἰς
505 4718 578 4771 τὰ
605 4720 868 4788 ’ᾼσματιι
909 4719 1027 4772 τῶν
1073 4721 1358 4790 ᾀσμάτων
1394 4721 1824 4792 Ύπομνήματα,

327 4849 400 4918 (a)
449 4849 661 4920 Eadem,
681 4850 791 4905 fere
845 4866 908 4906 ac
931 4853 1124 4908 iisdem
1148 4854 1326 4909 verbis
1375 4854 1592 4920 Suidas,
1621 4857 1828 4912 exscri-

257 4920 389 4975 bens
413 4929 468 4996 et
491 4925 606 4996 ipse
623 4919 1042 4996 Hieronymum:
1070 4933 1278 4996 tantum
1301 4925 1500 4996 adjecit
1523 4919 1590 4978 ad
1618 4927 1829 4996 Ὀλύμ-

257 4939 389 4975 nens
413 4939 468 4974 et
491 4939 606 4989 ipse
623 4939 821 4976 meron
847 4939 1042 4977 'mum:
1070 4939 1278 4978 tantum
1301 4939 1500 4992 adjecit
1523 4939 1590 4978 aa
1621 4939 1827 4996 ὐλῡμ-

257 5003 374 5064 ζου
403 4991 632 5056 Λυκίας
671 4993 762 5056 τὸ,
803 4939 935 5060 ἦτοι
988 4993 1292 5062 Πατάρων.
1325 4993 1654 5064 Signiﬁcans
1674 5013 1827 5052 eam-

259 5061 377 5139 dem
444 5068 677 5129 utloque
734 5066 950 5139 nomine
999 5061 1175 5139 notari
1229 5061 1524 5139 civitatem,
1575 5069 1733 5136 cujus
1759 5069 1825 5132 is,

259 5132 578 5208 priusquam
604 5132 1232 5208 transferre_t_ur_'l‘yrum,
1253 5137 1623 5208 episc0patum
1643 5132 1828 5206 gesse-

257 5202 327 5278 rit
353 5219 366 5252 :
394 5215 642 5278 necesse
675 5202 840 5278 alium
891 5202 1224 5278 Methodium
1260 5202 1827 5278 quem'Hieron'ymus

255 5268 455 5347 digerit
477 5267 712 5391 Olympi,
731 5281 785 5324 et
817 5288 976 5340 quem
1001 5274 1173 5328 Graeci
1203 5267 1480 5330 celebrant
1506 5267 1827 5337 Patararum

256 5353 598 5391 CDISCODUIII.
664 5340 897 5391 '(Iuidem
929 5359 995 5391 ne
1025 5345 1314 5391 vestigium
1346 5348 1493 5391 nnllti
1522 5349 1827 5391 dpnrpimn-

256 5342 598 5419 episcopum:
633 5340 1010 5419 ιίςίμιὶόριιι-ῐιε⁵
1022 5345 1315 5419 vestigium
1345 5348 1494 5419 potui
1522 5349 1828 5419 deprehen-

258 5410 385 5487 dere
412 5410 551 5488 ill-OH
583 5410 748 5488 hujus
801 5413 1057 5488 M_e_thodii
1085 5410 1395 5488 Pal—arensis
1439 5410 1640 5471 diversi
1670 5434 1697 5469 ει
1722 5417 1830 5488 Ty-

261 5480 370 5544 rio;
407 5480 776 5552 tribuentibus
803 5483 1001 5552 ubique
1031 5486 1312 5540 codicibus
1345 5486 1619 5542 Methodio
1670 5480 1828 5546 Pata-

261 5562 426 5628 EODSI,
457 5566 591 5628 quae
622 5549 1229 5628 Hieronyniustribuit
1268 5571 1368 5610 suo
1422 5558 1497 5609 illi
1554 5557 1827 5612 Mcthodio

259 5616 502 5698 Olympi;
543 5635 608 5674 ac
654 5616 846 5698 postea
891 5621 1079 5698 Tyrio.
1101 5623 1180 5698 Ita
1227 5637 1424 5698 prmter
1449 5629 1585 5682 alios
1624 5630 1824 5698 passim

259 5685 627 5767 Da‘iiiascenus
654 5685 713 5745 in
744 5685 1030 5767 Elementis
1069 5685 1486 5767 eminentissimi
1532 5685 1828 5752 cardinalis

261 5753 659 5815 Buoifucaldii:
693 5763 1001 5828 mirumque
1033 5765 1300 5830 videatur,
1336 5775 1390 5822 ut
1429 5768 1624 5831 (ἐπεὶ,
1659 5769 1830 5824 solius

1933 4627 2355 4692 αὐτεξουσίου.
2405 4625 2471 4679 1n
2515 4625 2754 4680 Cenesim
2813 4641 3033 4696 quoque
3077 4633 3132 4681 et
3173 4627 3228 4680 in
3275 4626 3504 4683 Cantica

1935 4721 2262 4774 canticorum
2302 4721 2740 4784 commentarios;
2765 4725 2822 4774 et
2852 4721 3022 4772 multa
3048 4719 3155 4773 alia
3192 4735 3314 4790 qua:
3339 4719 3502 4793 vulgo

1933 4855 2247 4911 Patarensis
2291 4855 2629 4911 obscurioris
2679 4856 2999 4909 memoriam
3051 4855 3352 4911 solemnem
3402 4857 3504 4911 ha-

1935 4927 2116 4999 beant,
2149 4941 2579 4999 nusquamvero
2599 4925 2741 4994 apud
2763 4932 3056 4999 eosexstet
3084 4929 3345 4999 memoria
3397 4928 3506 4999 Ty—

1935 4997 2022 5058 rii,
2056 4999 2101 5051 si
2131 4997 2347 5065 quidem
2384 4998 2470 5049 ille
2533 4995 2673 5050 alius
2701 5003 2805 5050 est.
2843 4995 3282 5065 Quare‘aastimo
3330 4995 3504 5056 levius

1934 5062 2320 5140 pronuntiasse
2347 5065 2642 5140 Darenium
2693 5067 2757 5118 ad
2790 5062 3388 5140 notasullartyrolisad
3423 5071 3505 5123 al-

1935 5144 2108 5191 terum
2158 5136 2487 5190 Methodium
2519 5135 3204 5207 Constat:tinopolitanum,
3250 5139 3318 5192 M
3350 5138 3502 5207 Jun.,

1894 5233 1899 5238 -
1933 5208 2062 5260 dum
2101 5225 2164 5261 ex
2218 5207 2364 5262 brevi
2402 5207 2491 5259 illa
2528 5206 2784 5260 citatione
2810 5205 3151 5274 Damasceni,
3184 5220 3322 5262 orat.
3363 5211 3398 5264 5
3429 5205 3507 5264 De

1934 5279 2094 5346 imag.
2127 5277 2377 5349 Methodii
2409 5275 2722 5349 Patareusis
2752 5284 2805 5330 et
2843 5281 3122 5349 martyris,
3162 5296 3362 5334 novum
3398 5280 3505 5335 sibi

1934 5345 2191 5416 contingit
2217 5347 2566 5402 Methodium.
2594 5345 2893 5416 Hesychius
2925 5345 3150 5406 Pataras
3181 5351 3368 5404 urbem
3394 5350 3506 5405 Pa~

1936 5421 2277 5479 tarinvocat,
2310 5432 2419 5486 quo
2445 5417 2609 5470 etiam
2653 5418 2871 5490 nomine
2924 5428 3160 5474 montem
3229 5419 3502 5490 nominat;

1933 5505 2033 5560 ego
2053 5490 2308 5560 cumde
2327 5495 2648 5560 putoatque
2674 5486 2981 5558 Olympum,
3035 5490 3207 5560 Lyciae
3238 5486 3502 5552 montem,

1933 5559 2094 5626 cujus
2119 5560 2232 5626 ipse
2266 5558 2570 5612 Mctliodius
2624 5566 2681 5611 ut
2735 5561 3021 5616 t'anziliaris
3054 5558 3107 5613 in
3139 5564 3280 5616 libro
3310 5561 3387 5615 De
3423 5579 3478 5615 re

1933 5638 2156 5703 surrect.
2215 5629 2481 5703 meminit,
2525 5644 2554 5680 a
2598 5645 2707 5698 quo
2737 5631 3028 5703 Actcivitas
3075 5628 3336 5703 Olympus
3361 5633 3505 5686 dicta

1935 5700 2040 5763 sit;
2069 5715 2167 5754 nec
2194 5699 2338 5751 aliud
2362 5714 2422 5756 ea
2448 5699 2513 5752 dc
2541 5715 2597 5753 re
2616 5700 2940 5757 certioribus
2976 5699 3344 5760 monumentis
3378 5704 3508 5760 hac-

1936 5776 2093 5826 tenus
2117 5770 2375 5825 occurrit.
2403 5772 2680 5827 COIBBHS.
