3866 6160
258 325 328 385 21
1451 325 1786 385 VETERUM
1824 327 2266 389 TESTIMONIA.

1855 467 1947 525 IV.

1078 584 1330 642 Annus
1355 582 1726 642 Cassarum
1752 587 1809 641 in
1830 587 2056 659 Apocal.
2084 604 2240 644 term.
2268 589 2357 653 ll,
2390 605 2508 661 cap.
2543 591 2633 647 55.

336 699 399 754 '0
439 697 499 754 δὶ
545 699 721 771 μέγας
762 698 1023 765 Μεοόδιος
1066 703 1146 767 εἰς
1186 702 1286 774 τὴν
1319 702 1480 772 ἁγίαν
1518 703 1845 776 Ἐκκλησίαν

254 790 535 858 ὲξέλαϐεν,
577 793 894 865 ἀνάρμοστα
919 797 984 866 τῇ
1017 795 1307 867 δεσποτικῇ
1341 797 1593 867 γεννήσει
1618 796 1685 850 τὰ
1716 797 1844 868 περὶ

254 883 430 954 αὐτῆς
458 885 828 956 ἡγησάμενος,
856 886 943 940 διὰ
969 886 1029 940 τὸ
1071 886 1170 958 ήδη
1210 887 1317 960 πρὸ
1354 887 1550 941 πολλοῦ
1594 887 1844 959 τετέχθαι

254 974 351 1029 τὸν
376 974 585 1047 Κύριον
611 976 786 1047 ἡμῶν.
815 976 994 1031 Καλὸν
1025 977 1082 1031 δὲ
1115 979 1209 1032 καὶ
1233 979 1415 1033 αὐτῶν
1443 979 1552 1033 τῶν
1584 981 1844 1051 ῥημάτων

255 1066 355 1122 τοῦ
389 1067 669 1139 μακαρίου
709 1067 972 1122 Μεθοδίου
1016 1070 1342 1141 μεμνῆσθαι,
1368 1072 1427 1134 ὃς
1454 1088 1617 1141 φησιν
1661 1075 1718 1126 ὲν
1766 1071 1844 1143 τῷ

584 1161 911 1230 Συμποσίῳ
953 1162 1019 1215 ὲκ
1056 1162 1348 1234 προσώπου
1387 1163 1636 1236 Πρόκλης
1690 1163 1845 1236 (lege

258 1250 582 1322 Προκίλλης)
613 1250 813 1317 οὔτως·
863 1253 926 1309 Ἠ
947 1253 1121 1323 γυνὴ,
1150 1255 1245 1308 καὶ
1272 1255 1339 1307 τὰ
1364 1254 1511 1325 ἑξῆς.

2017 706 2080 760 AI
2114 720 2345 777 magnus
2384 706 2692 766 Methodius
2738 709 2806 767 ad
2850 709 3153 769 Ecclesiam
3198 715 3426 782 retulit,
3474 715 3533 771 in

1950 796 2245 854 Dominicaa
2270 799 2572 857 nativitatis
2586 802 2907 875 mysterium
2928 819 3124 876 parum
3140 820 3203 861 ea
3233 807 3533 864 convenire

1949 893 2107 944 ratus
2130 903 2251 959 quae
2272 886 2385 943 hoc
2413 889 2536 945 loco
2559 891 2628 946 de
2657 892 2752 947 illo
2783 901 3085 948 narrantur
3116 913 3129 950 :
3164 896 3402 953 maxime
3432 914 3527 954 ve-

1950 995 2013 1035 ro
2035 980 2182 1050 quod
2209 979 2472 1037 Dominus
2496 993 2684 1040 noster
2716 984 2924 1039 dudum
2946 993 3073 1041 ante
3105 986 3436 1058 patefactam
3457 989 3531 1044 lia

1948 1070 2032 1126 bri
2062 1071 2227 1142 hujus
2267 1073 2611 1144 prophetiam
2644 1084 2806 1131 natus
2843 1075 3028 1133 fuerit.
3060 1076 3131 1133 At
3155 1079 3388 1151 ipsamet
3413 1078 3528 1137 Me-

1944 1162 2119 1217 thodii
2144 1163 2307 1220 verba
2334 1165 2393 1219 in
2442 1165 2685 1222 medium
2729 1167 2923 1227 afferre
2976 1169 3145 1227 lubet.
3178 1170 3281 1226 Hic
3305 1186 3437 1244 ergo
3466 1173 3526 1230 in

1943 1260 2179 1308 tractatu
2204 1267 2368 1323 quem
2385 1253 2699 1328 Symposion
2721 1254 3105 1331 inscripsit,ex
3120 1272 3360 1331 persona
3386 1261 3523 1322 Pro-

1941 1343 2082 1397 cilla:
2111 1343 2338 1415 virginis
2370 1347 2445 1399 ita
2479 1346 2672 1402 scribit
2705 1366 2719 1402 :
2747 1348 2966 1414 Mulier,
2987 1352 3094 1407 etc.

1225 1575 1484 1629 ARETHAS
1519 1576 1575 1630 in
1608 1574 1832 1648 Apocal.
1865 1593 1981 1643 cap.
2013 1578 2104 1644 55,
2134 1596 2257 1652 pag.
2293 1581 2417 1638 752.

334 1694 552 1767 Ἕτεροι
578 1693 639 1748 δὲ
666 1696 762 1748 καὶ
783 1692 946 1748 πάλιν
973 1692 1174 1764 ταύτην
1201 1693 1302 1765 τὴν
1325 1691 1559 1763 γυναῖκα
1578 1695 1677 1765 τὴν
1714 1690 1838 1746 Ἐκ-

260 1786 485 1858 κλησίαν
516 1786 726 1858 ἔφασαν
748 1782 906 1853 εἶναι,
933 1786 1057 1857 ἥτις
1082 1786 1174 1840 τὸν
1203 1786 1303 1857 τῆς
1326 1784 1671 1856 δικαιοσύνης
1689 1785 1838 1857 ἥλιον

260 1879 492 1951 Χριστὸν
522 1879 931 1951 περιϐέϐληται,
966 1879 1058 1932 καὶ
1083 1879 1181 1949 τὴν
1207 1877 1436 1949 σελήνην
1464 1878 1563 1949 τὴν
1585 1879 1836 1947 Συναγω-

265 1971 358 2043 {qv
392 1972 654 2027 ὑποκάτω
681 1972 791 2026 τῶν
823 1970 1000 2027 ποδῶν
1038 1972 1113 2037 ὡς
1142 1972 1245 2044 ἤδη
1282 1971 1682 2026 παλαιωθεῖσαν
1715 1971 1841 2042 ἔθη-

259 2082 340 2122 ιιε.
371 2064 485 2119 Καὶ
517 2065 589 2120 τὰ
634 2065 760 2136 ἑξῆς
790 2065 968 2120 πάντα
998 2064 1289 2137 ἁρμοδίως,
1340 2066 1416 2128 ὡς
1458 2064 1713 2137 Ἀνδρέας
1744 2062 1838 2127 καὶ

256 2157 543 2223 ιεθόδιος.

2014 1694 2256 1751 Rursum
2307 1711 2436 1752 vero
2485 1696 2577 1751 alii
2603 1695 2747 1754 hanc
2790 1696 3073 1753 mulierem
3113 1694 3370 1751 dixerunt
3396 1709 3521 1751 esse

1944 1786 2268 1854 Ecclesiam,
2315 1804 2443 1860 quas
2471 1790 2587 1859 sole
2612 1789 2842 1860 iustitia
2870 1788 3096 1844 Christo
3151 1788 3350 1859 stipata
3398 1796 3523 1853 est,

1942 1885 1995 1933 et
2022 1878 2228 1944 lunam,
2257 1877 2313 1933 id
2334 1888 2418 1935 est
2449 1877 2811 1951 Synagogam,
2834 1878 2939 1935 sub
2965 1877 3196 1950 pedibus
3223 1878 3366 1948 ejus,
3396 1885 3525 1933 tan-

1940 1981 2106 2040 quam
2131 1970 2246 2040 j’am
2279 1970 2638 2040 vetustiorem
2668 1968 2917 2026 effectam
2948 1970 3156 2043 posuit.
3188 1967 3255 2023 Et
3276 1984 3399 2041 qua
3429 1983 3523 2025 se-

1943 2068 2187 2134 quuntur
2218 2063 2403 2118 omnia
2445 2078 2689 2137 congruo
2716 2063 2880 2120 modo
2929 2065 3281 2135 adaptarunt.
3312 2068 3374 2117 ut
3401 2061 3521 2117 An-

1943 2155 2106 2212 dreas
2135 2163 2191 2211 et
2216 2154 2548 2214 Methodius.

1845 2264 1933 2321 Vl.

1140 2388 1413 2446 Lsou'rws
1442 2385 1770 2451 BYZLNTIUS,
1798 2385 1891 2441 lib.
1935 2383 2009 2442 De
2031 2386 2219 2452 sectis,
2245 2393 2354 2439 act.
2384 2400 2470 2439 ιιι.

335 2503 617 2573 Ἐγένοντο
657 2503 715 2557 δὲ
760 2505 820 2558 ὲν
850 2506 964 2568 τοῖς
991 2503 1203 2577 χρόνοις
1247 2504 1359 2566 τοῖς
1387 2502 1494 2556 ἀπὸ
1524 2502 1623 2573 τῆς
1653 2499 1846 2570 γεννή-

258 2613 394 2661 σεως
416 2595 515 2650 τοῦ
548 2594 784 2669 Χριστοῦ
816 2598 977 2669 μέχρι
1007 2597 1106 2668 τῆς
1131 2593 1404 2667 βασιλείας
1430 2591 1840 2648 Κωνσταντίνου

256 2687 567 2743 διδάσκαλοι
617 2691 711 2742 καὶ
760 2689 1006 2761 Πατέρες
1051 2686 1459 2757 οἵδε,Ἰγνὰτιος
1493 2688 1522 2740 ὁ
1562 2684 1838 2755 θεοφόρος,

258 2779 568 2851 είρηναῖος,
586 2780 868 2843 Ἰουστῖνος
898 2780 1186 2851 φιλόσοφος
1211 2780 1305 2834 καὶ
1326 2779 1562 2851 μάρτυρ,
1584 2776 1837 2849 Κλήμης,

258 2871 350 2925 καὶ
389 2871 704 2936 Ἱππόλυτος
728 2872 1019 2937 ἐπίσκοπος
1064 2871 1305 2944 Ῥώμης,
1338 2870 1613 2935 Διονύσιος
1657 2872 1840 2945 Ἀρεο-

259 2964 515 3035 παγίτης,
567 2964 829 3029 Μεθόδιος
886 2964 1181 3028 ἐπίσκοπος
1217 2964 1505 3036 Πατάρων,
1541 2965 1840 3037 Γρηγοριος

261 3056 290 3108 3
313 3055 757 3128 θαυματουργδς,
788 3057 991 3128 Πέτρος
1028 3059 1058 3111 ό
1100 3056 1505 3129 Ἀλεξανδρείας
1541 3058 1838 3123 ἐπίσκοπος

258 3147 355 3200 καὶ
386 3147 617 3218 μάρτυς.

2014 2502 2044 2554 ιε
2061 2506 2260 2556 uerunt
2299 2507 2482 2555 autem
2514 2498 2572 2554 in
2599 2498 2938 2570 temporibus
2957 2512 2988 2552 a
3004 2495 3209 2554 Christi
3233 2496 3519 2556 nativitate

1942 2608 2118 2664 usque
2131 2591 2197 2646 ad
2214 2592 2502 2663 imperium
2516 2590 2866 2647 Constantini
2881 2589 3136 2647 doctores
3150 2589 3206 2645 bi
3221 2596 3276 2646 et
3289 2588 3514 2649 Patres:

1941 2682 2182 2756 lgnatius
2194 2682 2572 2755 Theophorus,
2593 2681 2853 2748 lrenaaus,
2867 2680 3140 2746 Justinus,
3157 2681 3517 2754 philosophus

1941 2784 1995 2832 et
2025 2782 2255 2847 martyr,
2305 2774 2582 2841 Clemens,
2621 2782 2675 2830 et
2705 2772 3030 2846 Hippolytus
3081 2773 3269 2829 Romae
3299 2759 3517 2846 episcol

1942 2884 2070 2941 pus,
2127 2868 2420 2940 Dionysius
2462 2866 2809 2939 Areopagita,
2849 2866 3153 2923 Methodius
3199 2864 3515 2922 Patarensis

1943 2961 2254 3033 episcopus,
2271 2960 2566 3033 Gregorius
2579 2957 3041 3031 Thaumaturgus,
3060 2956 3256 3015 Petrus
3279 2956 3516 3013 Alexan-

1943 3052 2074 3109 dria:
2092 3052 2383 3125 episcopus
2414 3062 2468 3110 et
2494 3060 2721 3132 martyr.

1844 3266 1958 3321 VII.

854 3385 912 3441 S.
944 3385 1198 3444 Munius
1228 3387 1283 3441 in
1311 3387 1478 3442 schol.
1511 3386 1581 3441 ad
1607 3386 1854 3458 Dionysii
1874 3385 2130 3455 Areopag.
2155 3400 2273 3454 cap.
2307 3385 2341 3439 5
2397 3381 2474 3437 De
2501 3380 2699 3436 eccles.
2730 3376 3003 3434 hierarcb.

322 3500 404 3575 (α)
446 3502 745 3572 ’Δνάγνωθι
772 3502 1033 3558 Μεθοδίω
1072 3503 1166 3558 τοῦ
1215 3503 1369 3573 ἁγίου
1412 3504 1703 3576 μάρτυρος,
1739 3504 1835 3557 καὶ

265 3593 564 3666 Ὀλυμπίου
606 3594 1088 3666 Ἀδριανουπόλεως
1139 3596 1436 3649 ἐπισκόπου
1486 3597 1587 3667 τῆς
1635 3596 1838 3661 Λυκίας

257 3684 324 3739 τὰ
347 3685 471 3739 κατ’
496 3683 663 3738 αὑτοῦ
691 3683 997 3756 Ὠριγένους
1028 3684 1115 3738 ὑπ’
1141 3684 1319 3739 αὐτῶν
1337 3686 1466 3754 περὶ
1490 3685 1838 3749 ἀναστάσεως

258 3778 559 3851 γραφέντα,
597 3779 692 3832 κα)⁵
736 3779 1089 3851 Ἀντιπάτρου
1113 3776 1207 3831 τοῦ
1238 3777 1489 3849 Βόστρων
1512 3776 1837 3843 ἐπισκόπου,

258 3870 352 3923 καὶ
398 3869 618 3940 μαθήσῃ
650 3868 748 3942 τὴν
781 3867 999 3940 μυθώδη
1028 3866 1190 3922 αὐτοῦ
1216 3867 1309 3923 καὶ
1338 3867 1625 3922 ἀλλόκοτον
1653 3867 1831 3940 ληρῳ-

257 3959 375 4016 δίαν
387 4007 395 4016 .

2012 3501 2153 3574 Lege
2188 3501 2247 3557 S.
2280 3497 2540 3557 Methodii
2573 3495 2851 3568 martyris,
2886 3502 2940 3549 et
2971 3490 3209 3563 Olympii
3237 3486 3511 3543 Adriano—

1942 3594 2173 3667 politani
2201 3593 2442 3665 episcopi
2472 3590 2673 3664 Lyciae,
2713 3603 2816 3645 nec
2845 3601 2956 3642 non
2982 3580 3259 3654 Antipatri
3285 3579 3511 3635 Bostroo

1943 3702 2067 3744 rum
2094 3687 2335 3758 episcopi
2366 3685 2536 3740 libros
2562 3696 2702 3754 quos
2736 3680 2793 3735 in
2819 3692 2946 3735 eum
2992 3673 3280 3747 Origenem
3323 3669 3393 3726 de
3422 3683 3511 3724 re-

1943 3777 2285 3835 surrectione
2341 3773 2823 3844 conscripserunt;
2874 3777 2929 3825 et
2958 3766 3140 3822 disces
3196 3762 3510 3819 fabulosum

1936 3871 2055 3941 ejus
2082 3884 2145 3924 ac
2170 3877 2578 3924 monstruosum
2608 3864 3047 3921 deliramentum.

1844 4067 1983 4126 VIII.

258 4195 491 4254 Joannes
519 4196 1058 4263 Tunssanomcsnsrs,
1089 4196 1230 4268 apud
1249 4195 1314 4253 L.
1345 4195 1608 4251 Allalium
1636 4195 1691 4250 in
1714 4194 1880 4251 diatr.
1909 4192 1988 4250 De
2013 4189 2411 4247 Methodiorum
2436 4187 2675 4258 scriptis,
2704 4199 2828 4255 pag.
2858 4182 2985 4247 555,
3008 4178 3136 4235 edit.
3156 4176 3310 4233 Rom.
3343 4174 3504 4232 1656.

324 4318 438 4373 Καὶ
472 4316 632 4372 τοῦτο
661 4316 884 4381 πολλοὺς
908 4316 1017 4372 τῶν
1044 4317 1213 4388 ἁγίων
1233 4316 1390 4388 ἡμῶν
1412 4316 1672 4389 Πατέρων
1702 4332 1828 4387 φρο-

259 4412 525 4484 νήσαντας
575 4410 925 4482 εὑρίσκομεν·
970 4404 1047 4465 ὧν
1096 4412 1211 4484 εστι
1252 4408 1528 4472 Βασίλειος
1557 4410 1586 4461 ὁ
1617 4406 1826 4477 Μέγας,

259 4478 352 4559 καὶ
393 4506 423 4558 ὁ
464 4506 525 4558 ὲν
567 4478 743 4573 ἁγίοις
779 4478 1122 4570 Ἄθανάσιοςί
1164 4503 1258 4558 καὶ
1283 4503 1314 4558 ὁ
1343 4501 1514 4575 μέγας
1544 4499 1825 4565 Μεθόδιος,

259 4596 352 4650 καὶ
380 4598 431 4651 οι
464 4596 601 4668 ἀμφ’
628 4595 846 4660 αύτούς.

2004 4313 2071 4369 Et
2114 4313 2219 4368 hoc
2249 4309 2450 4365 multos
2483 4316 2797 4364 sanctorum
2827 4302 3050 4358 Patrum
3084 4298 3326 4356 sensisse
3354 4297 3508 4352 inve-

1934 4406 2150 4471 nimus;
2180 4415 2413 4474 quorum
2433 4406 2521 4456 est
2548 4397 2787 4455 Basilius
2820 4396 2912 4452 ille
2938 4394 3186 4467 Magnus,
3216 4398 3272 4448 et
3305 4395 3507 4447 sancta

1935 4495 2216 4567 memoriae
2241 4491 2786 4567 Athanasius,_atque
2827 4502 3059 4561 magnus
3088 4482 3417 4549 Methodius,
3450 4487 3508 4539 et

1935 4588 2028 4660 qui
2050 4602 2146 4644 eos
2174 4592 2497 4658 sequuntur.
2604 4556 2619 4591 ’

1838 4703 1928 4759 IX.

1224 4829 1463 4887 Ρειοτιυε
1482 4828 1622 4885 Bibl.
1654 4827 1776 4886 cod.
1799 4840 2076 4893 ccxxxvn,
2104 4840 2261 4897 pagg.
2294 4821 2550 4879 950-965.

339 4947 679 5020 ’Δνεγνώσθη
726 4947 821 5003 τοῦ
861 4949 1017 5019 ἁγίου
1063 4950 1336 5026 μάρτυρος
1362 4952 1472 5008 ’καὶ
1529 4951 1824 5006 ἐπισκόπου

255 5043 520 5099 Μεθοδίου
568 5044 633 5096 ὲκ
675 5041 768 5096 τοῦ
819 5044 960 5113 Περὶ
1010 5044 1252 5115 ἁγνείας
1277 5045 1353 5110 ὼς
1398 5047 1456 5099 ὲν
1499 5044 1667 5116 ὁμοίῳ
1709 5059 1827 5096 συν-

254 5137 429 5209 όψεως
463 5134 539 5208 (b)
582 5133 799 5206 ἐξεδόθη
839 5134 1063 5207 τύπῳ...
1091 5137 1427 5210 Σημειωτέον
1455 5134 1547 5209 (c),
1569 5135 1644 5199 ώς
1677 5151 1831 5198 ουτος

326 5270 405 5395 ᾖ)
434 5268 697 5324 Putarem
743 5268 1050 5361 legendum,
1106 5268 1403 5338 Ἀνάγνωθι
1440 5266 1698 5348 Μεθοδίου
1730 5265 1823 5320 τοῦ

257 5342 326 5412 ἁγ
384 5359 412 5395 δ
475 5339 777 5412 μάρτυροςΔ
824 5340 1080 5412 υλυμπου
1132 5340 1564 5412 ἐπισκόπουτης
1596 5337 1822 5412 Λυκίας.

257 5406 587 5482 Légcsaigcii
644 5406 900 5482 Methodii
938 5406 1206 5482 martyris
1240 5409 1457 5482 Olympi
1511 5406 1687 5482 Lyciae
1711 5408 1827 5477 epi-

257 5428 587 5482 Legcsancu
644 5428 900 5463 lemoau
954 5428 1206 5480 martyrts
1240 5428 1308 5466 ut
1350 5428 1457 5478 mpt
1511 5428 1687 5479 Dyma:
1711 5428 1821 5477 ept-

257 5484 423 5562 scapi.
476 5479 614 5562 Quis
655 5479 803 5562 enim
835 5481 937 5562 hic
976 5478 1256 5562 Qlympius
1288 5428 1821 5562 ‘gdrianopolit‘anus

260 5547 550 5623 episcOpus
583 5548 803 5623 Lyciae?
831 5549 962 5623 Quae
975 5547 1439 5623 Adria‘nopolisin
1483 5547 1685 5620 Lycia?
1717 5550 1825 5602 At.-

262 5617 384 5692 ιλτ.
420 5617 599 5675 Biatr.
633 5617 698 5672 He
729 5617 1195 5692 Methodtscriptq
1216 5617 1281 5692 p.
1310 5620 1436 5676 5‘28.

266 5690 400 5823 hu(b)
432 5693 596 5759 Ὧς...
611 5691 947 5759 συνόψεως.
966 5687 1106 5763 Lege
1125 5687 1260 5760 ac":
1284 5690 1648 5762 συμποσίου.
1668 5687 1825 5744 Eon.

340 5777 462 5817 ras.

308 5776 462 5817 UPAB.

2005 4947 2206 5004 Lectus
2236 4951 2322 5002 est
2351 4943 2531 5000 sancti
2560 4941 2818 5015 martyris
2856 4947 2912 4999 et
2957 4940 3200 5012 episcopi
3245 4939 3505 4998 Methodii

1934 5040 2070 5097 liber
2102 5039 2178 5095 De
2210 5039 2455 5093 castitate
2495 5033 2565 5090 ad
2599 5033 2828 5090 formam
2862 5031 3100 5088 Convivii
3141 5034 3505 5105 compositus.

1934 5161 2004 5175 —-
2032 5128 2445 5187 Observandum
2494 5132 2581 5183 est
2630 5125 2780 5181 hunc
2830 5122 3136 5196 Dialogum,
3167 5123 3258 5180 cui
3313 5124 3506 5179 titulus

2003 5264 2074 5338 (c)
2105 5263 2187 5338 Ad
2218 5261 2426 5338 Photii_
2446 5273 2740 5338 censuram
2783 5258 2931 5338 quod
2976 5257 3192 5338 attinet,
3218 5256 3507 5338 videbatur

1930 5328 2021 5392 illa
2050 5328 2183 5388 mihi
2212 5333 2374 5403 paulo
2395 5329 2619 5397 durior;
2648 5328 3116 5403 quod’pragcipue
3135 5343 3248 5403 non_
3280 5328 3507 5403 videan-
3572 5348 3575 5353 ·

1930 5416 2018 5461 tur
2044 5398 2233 5459 Ariani
2261 5403 2552 5457 admodum
2577 5398 2795 5455 usi’bac
2819 5398 3075 5454 Methodii
3106 5398 3506 5462 lucubratione,

1930 5481 2024 5531 aut
2049 5489 2118 5530 ex
2139 5473 2231 5527 illa
2255 5478 2590 5544 argumenta
2622 5471 2924 5544 sumpsisse
2957 5489 2970 5524 :
3003 5468 3099 5544 ubi
3130 5468 3507 5544 tamen__p_aulo

1933 5538 2345 5615 diligentiorem'
2365 5543 2415 5598 ei
2446 5542 2673 5615 adhibui
2720 5538 2963 5615 operam,
3002 5538 3391 5615 ipsequemilii
3421 5552 3507 5593 re-

1937 5608 2149 5679 censui,
2179 5614 2401 5684 gravius
2454 5613 2706 5684 laborare
2752 5608 3507 5684 dep‘re'heniii,_’_subindeque

1936 5685 2120 5760 notavi
2146 5679 2269 5754 qua:
2307 5683 2390 5739 vel
2422 5682 2622 5737 molliri
2649 5679 2896 5760 possent,
2934 5680 3029 5760 vel
3043 5679 3506 5760 nullam-excusa-

1937 5752 2301 5823 tionemﬁneo
2320 5769 2452 5812 sane
2484 5768 2670 5821 sensu,
2691 5752 3076 5809 admitterent:
3109 5765 3230 5817 quae
3256 5752 3373 5817 ipsa
3401 5764 3507 5806 non
