3866 6160
333 330 404 383 9.3
1259 332 1318 392 S.
1362 332 1764 391 METHODIUS
1803 334 2186 391 EPISCOPUS
2222 334 2311 391 ΕΤ
2352 333 2661 389 MARTYR.
3508 333 3581 387 ει

336 450 693 522 Symposium,
748 452 864 507 sive
922 451 1000 505 De
1061 454 1348 520 castitate,
1400 471 1650 526 magnam
1704 465 1908 527 partem

334 542 704 598 adulteratum
756 559 923 599 esse:
956 542 1200 599 oﬂ'endes
1245 546 1390 605 enim
1420 547 1491 609 _in
1527 548 1620 601 illo
1668 549 1912 619 adjectas
1958 585 1963 589 -

333 633 503 690 etiam
522 634 812 695 Arianicas
826 650 1105 707 variasque
1132 637 1478 707 opinationes
1502 638 1745 710 aliasque
1771 641 1912 696 male

335 726 691 785 sentientium
727 726 961 783 fabulas.

2012 458 2042 510 6
2097 456 2363 525 διάλογος,
2401 448 2446 524 ᾧ
2498 456 2532 526 ἡ
2581 455 2881 527 ἐπιγραφὴ,
2934 456 3299 525 Συμπόσιον,
3336 453 3394 526 ἢ,
3442 453 3581 521 Περί

2012 546 2294 615 ἁγνείας,
2344 544 2631 618 παραπολὺ
2676 543 3056 614 νενοθευμένος
3105 543 3283 597 ἐστίν’
3330 542 3583 614 εὑρήσεις

2011 638 2122 709 γάρ
2155 638 2212 690 ὲν
2239 635 2388 706 αυτῷ
2413 634 2904 708 παραϐεϐλημένας
2944 636 3037 688 καὶ
3075 632 3413 708 Ἀρειανικὰς
3439 631 3584 700 δοξο-

2011 728 2229 793 κοπίας,
2264 728 2356 781 καὶ
2389 728 2590 800 ἑτέρων
2625 726 2788 781 τινῶν
2825 725 3256 793 κακοδοξούντων
3289 723 3584 796 μυθολογή-

2015 836 2180 889 ματα.

1471 932 1619 989 Idem
1646 933 1799 1000 ibid.,
1824 935 1940 1000 cod.
1975 953 2110 1000 un,
2135 954 2254 1008 pag.
2287 938 2411 994 547.

404 1044 707 1103 Conﬁrmat
771 1049 970 1105 deinde
1033 1050 1326 1123 (Eusebius
1376 1051 1907 1127 Thessalonicensis)

333 1136 501 1200 hasce
527 1154 658 1196 suas
690 1143 1145 1211 reprehensiones
1178 1161 1209 1199 e
1228 1145 1385 1201 libris
1416 1161 1589 1202 sacrae
1612 1145 1908 1219 Scriptura:

333 1229 535 1291 veteris
585 1230 741 1301 juxta
791 1248 853 1288 ac
900 1235 1027 1289 novi
1070 1234 1426 1292 lnstrumenti
1455 1257 1467 1292 :
1494 1236 1903 1295 Patrum'item

334 1318 756 1377 lectissimorum
790 1326 1098 1390 sententiis,
1126 1327 1431 1391 Athanasii,
1475 1338 1529 1383 et
1573 1330 1735 1393 trium
1768 1329 1903 1385 Gre-

333 1412 634 1480 goriorum,
669 1415 1114 1471 admirandorum
1147 1419 1369 1489 inquam
1414 1419 1558 1476 illius
1588 1421 1905 1491 patratoris.

334 1501 621 1575 Theologi,
644 1518 699 1561 et
728 1508 900 1563 divini
942 1508 1198 1585 Nysseni,
1235 1511 1419 1566 Basilii
1453 1511 1706 1581 similiter
1727 1514 1910 1568 (laesa-

335 1610 440 1650 reae
506 1597 787 1663 antistitis,
848 1609 903 1654 et
962 1598 1190 1679 Joannis
1256 1600 1655 1675 ChrysoStomi,
1719 1604 1909 1676 Cyrilli

335 1680 714 1753 Alexandrini,
756 1696 810 1745 et
839 1688 1065 1746 Proculi
1111 1693 1363 1762 praesulis
1411 1693 1912 1764 Constantinopoli-

333 1779 445 1832 tani
475 1795 488 1830 :
524 1780 701 1835 sancti
729 1782 915 1837 adhzec
951 1784 1209 1854 martyris
1230 1782 1509 1848 Methodii,
1533 1792 1587 1838 et
1621 1784 1903 1851 Quadrati.

333 1866 705 1934 Quorumdam
749 1874 897 1928 enim
947 1890 1015 1929 ex
1049 1875 1135 1931 his
1174 1875 1321 1931 dicta
1373 1875 1621 1946 quaedam
1661 1874 1909 1933 Andreas

334 1959 630 2036 (Inclusus)
661 1966 955 2031 avulserat,
981 1973 1035 2020 et
1070 1975 1404 2036 perverterat
1430 1985 1442 2021 :
1474 1966 1747 2038 simulque
1789 1982 1909 2021 ma-

335 2053 514 2109 litiose
542 2064 636 2109 aut
664 2054 913 2127 imperite
938 2057 1367 2127 interpretando,
1398 2073 1639 2114 errorem
1666 2073 1828 2115 suum
1841 2074 1908 2115 ex

332 2143 467 2211 illis,
502 2152 564 2201 ut
600 2145 707 2202 sibi
742 2148 963 2219 quidem
1007 2151 1299 2220 persuasit,
1326 2149 1696 2205 conﬁrmarat.

1916 2269 1986 2326 X.

2023 1088 2028 1093 -
2087 1058 2428 1131 Παρατίθησι
2457 1056 2514 1111 δὲ
2546 1056 2645 1123 τὰς
2674 1056 2813 1111 κατὰ
2843 1072 2969 1119 τους
3008 1054 3259 1125 ἐλέγχους
3283 1050 3583 1119 ἀποδείξεις

2014 1150 2077 1204 ἐκ
2106 1168 2163 1204 τε
2198 1151 2298 1222 τῆς
2322 1153 2565 1224 Γραφῆς,
2600 1148 2834 1213 παλαιᾶς
2863 1165 2923 1201 τε
2955 1146 3051 1201 καὶ
3077 1145 3227 1209 νέας,
3250 1143 3345 1199 καὶ
3386 1144 3451 1197 ὲκ
3472 1143 3582 1197 τῶν

2013 1241 2249 1311 λογάδων
2274 1243 2549 1315 Πατέρων,
2568 1241 2899 1304 Ἀθανασίου,
2928 1238 3023 1293 καὶ
3048 1236 3157 1294 τῶν
3181 1235 3343 1308 τριῶν
3375 1235 3583 1306 Γρηγο-

2015 1334 2164 1406 ρίων,
2190 1334 2284 1388 τοῦ
2310 1352 2371 1388 τε
2399 1330 2824 1405 Θαυματουργοῦ
2852 1330 3014 1399 λέγω,
3046 1330 3141 1382 καὶ
3171 1325 3264 1381 τοῦ
3298 1325 3579 1393 Θεολόγου,

2015 1427 2109 1479 καὶ¹
2145 1426 2238 1479 τοῦ
2272 1426 2559 1479 θεσπεσίου
2591 1426 2832 1495 Νύσσης.
2866 1421 3145 1476 Βασιλείου
3168 1438 3228 1473 τε
3252 1419 3347 1473 τοῦ
3374 1421 3581 1473 Καισα-

2020 1517 2187 1589 ρείας,
2218 1519 2311 1573 καὶ
2348 1519 2591 1573 Ἰωάννου
2626 1516 2720 1570 τοῦ
2749 1513 3152 1587 Χρυσοστόμου,
3182 1511 3449 1583 Κυρίλλου
3485 1508 3580 1563 τοῦ

2028 1609 2460 1681 ’Δλεξανδρείας,
2513 1611 2607 1663 καί
2652 1608 2745 1662 τοῦ
2793 1604 3401 1667 Κωνσταντινουπόλεως
3445 1602 3578 1675 Πρό-

2016 1700 2144 1754 κλου
2166 1716 2180 1731 ⁸
2213 1701 2349 1755 ἀλλὰ
2394 1701 2457 1773 δὴ
2494 1702 2590 1755 καὶ
2624 1699 2885 1755 Μεθοδίου
2916 1697 3007 1752 τοῦ
3045 1697 3452 1769 ίερομάρτυρος,
3488 1694 3583 1749 καὶ

2015 1787 2419 1864 Κοδράτου.Ὦν
2447 1793 2602 1847 ἐνίων
2631 1792 2725 1846 καὶ
2756 1794 2939 1864 ῥήσεις
2958 1792 3108 1856 τινὰς
3133 1792 3161 1844 6
3187 1788 3437 1860 Ἀνδρέας
3455 1787 3583 1840 ἀπο-

2018 1884 2301 1956 σπαράξας
2326 1886 2421 1939 καὶ
2448 1883 2965 1956 παραπλασάμενος,
2993 1883 3030 1937 ἃ.
3054 1883 3111 1936 δὲ
3135 1882 3230 1936 καὶ
3261 1879 3582 1952 κακούργως

2016 1975 2053 2052 ἢ
2089 1979 2181 2031 καὶ
2211 1979 2451 2050 ἀνοήτως
2480 1977 2797 2049 ἑξειληφὼς,
2826 1976 3052 2044 ἐκεῖθεν,
3084 1976 3159 2040 ὡς
3184 1974 3338 2047 ᾤετο,
3368 1973 3470 2045 τὴν
3504 1973 3583 2027 ol-

2016 2070 2171 2124 κείαν
2195 2069 2401 2143 πλάνην
2428 2072 2740 2143 ὲκράτυνεν.

965 2385 1150 2443 ϐιωιοι
1180 2386 1417 2445 CANONIS
1444 2388 1502 2443 in
1531 2387 1810 2461 Sympos.,
1834 2388 1939 2445 ode
1960 2405 2044 2456 III,
2071 2389 2212 2461 apud
2239 2390 2496 2445 Allatium
2517 2391 2555 2444 ί.
2578 2406 2651 2456 c.,
2674 2406 2795 2462 pag.
2823 2390 2948 2445 “515.

345 2498 351 2509 '
406 2500 743 2573 Virginitatis
762 2503 952 2569 decus,
987 2514 1043 2560 et
1075 2492 1417 2561 castimoniae
1438 2491 1903 2576 pulchritudinem

329 2609 454 2650 cum
504 2590 879 2665 experimento
913 2595 1228 2661 didicisses,
1257 2613 1291 2652 ο
1348 2598 1605 2668 gloriose,
1655 2597 1908 2652 doctrina

331 2691 424 2740 tua
451 2691 506 2739 ct
538 2700 851 2740 sermonum
895 2696 1181 2742 venustate
1208 2688 1523 2744 universam
1559 2703 1748 2743 eorum
1786 2690 1909 2760 pul-

327 2778 718 2843 chritudinem,
755 2778 938 2833 divina
992 2788 1174 2835 mente
1227 2782 1471 2851 praedite,
1521 2787 1575 2835 et
1627 2795 1905 2851 nunquam

330 2869 608 2927 ﬁnientem
668 2871 1001 2927 hilaritatem
1058 2880 1585 2929 commonstras.....
1649 2870 1908 2926 Firmiori

330 2962 459 3015 ciho‘
481 2961 849 3032 spiritualium
896 2963 1273 3019 conviviorum
1306 2973 1526 3018 tuorum
1558 2964 1771 3035 repleti,
1820 2978 1909 3018 sa-

330 3052 692 3122 pientissime,
723 3056 867 3110 veris
917 3055 1042 3110 inde
1095 3055 1299 3111 laetitiis
1330 3057 1573 3124 aluntur,
1607 3073 1735 3127 quae
1769 3073 1909 3111 nun-

2085 2511 2197 2583 Τῆς
2230 2486 2527 2582 παρθενίας
2550 2508 2610 2563 τὸ
2646 2507 2839 2580 σεμνὸν
2862 2508 2958 2561 καὶ
2986 2504 3087 2576 τῆς
3112 2502 3332 2575 ἁγνείας
3362 2503 3422 2557 τὸ
3452 2501 3582 2556 κά).-

2013 2598 2103 2661 λος
2131 2597 2219 2650 διὰ
2244 2597 2481 2668 πείρας,
2516 2595 2711 2662 ἕνδοξε,
2745 2594 2953 2667 μαθὼν,
2984 2594 3144 2665 σοφίᾳ
3172 2596 3237 2665 τῇ
3267 2595 3330 2664 σῇ
3362 2593 3455 2647 καὶ
3496 2593 3583 2647 λό-

2013 2703 2125 2757 γων
2151 2687 2352 2759 χάριτι,
2372 2688 2552 2740 πᾶσαν
2565 2685 2662 2757 τὴν
2689 2684 2890 2739 τούτων
2910 2683 3168 2754 καλλονὴν
3191 2680 3578 2747 ὑποδεικνύεις,

2016 2777 2262 2850 θεόφρον,
2290 2778 2384 2830 xui.
2406 2778 2507 2849 τὴν
2535 2775 2888 2840 αίωνίζουσαν
2915 2775 3311 2846 φαιδρότητα...
3344 2774 3584 2844 Στερεω-

2010 2869 2174 2941 τέρας
2208 2868 2407 2939 ἐδωδῆς
2423 2868 2802 2939 πνευματικῶν
2820 2866 3131 2940 συμποσίων
3157 2864 3578 2937 ἐμπλησθέντες.

2013 2963 2274 3031 πάνσοφε,
2306 2962 2414 3015 τῶν
2440 2961 2584 3022 σῶν,
2620 2962 2716 3033 τὴν
2758 2961 2924 3026 ὅντως
2965 2961 3173 3034 τρυφὴν
3220 2958 3426 3014 ἐκεῖθεν
3453 2956 3581 3029 τρέ-

2013 3060 2202 3123 φονται
2244 3055 2344 3126 τὴν
2364 3053 2753 3125 διαμένουσαν,
2783 3053 2871 3108 ἀεὶ
2917 3052 3335 3125 συμφυουμένην
3384 3050 3584 3124 ἀρδεύ-

329 3158 494 3213 quam
538 3143 819 3210 deﬁciunt,
873 3144 968 3200 sed
1014 3161 1229 3218 semper
1256 3150 1415 3205 novis
1460 3148 1703 3205 ﬁuxihus
1747 3147 1904 3204 simul

2015 3166 2154 3213 στως
2179 3149 2274 3202 καὶ
2300 3147 2733 3220 συναυξουμένην
2757 3148 2869 3211 τοῖς
2895 3146 3230 3218 μετέχουσιν.

331 3247 455 3291 Cum
482 3235 938 3306 participantihus
966 3244 1304 3293 enascuntur
1329 3246 1383 3294 et
1406 3249 1695 3311 augentur.

1908 3351 2003 3407 XI.

1253 3468 1724 3525 MABTYROLOGIUI
1753 3469 2021 3526 Romanun
2047 3485 2139 3525 11v
2187 3465 2317 3533 Kal,
2348 3465 2613 3522 Octobris.

399 3573 610 3630 Natalis
640 3579 817 3632 sancti
849 3577 1132 3646 Methodii,
1164 3577 1378 3652 Olympi
1407 3580 1586 3653 Lyciae
1609 3598 1673 3637 ac
1699 3592 1887 3655 postea
1920 3582 2051 3654 Tyri
2071 3580 2340 3651 episcopi,
2372 3579 2647 3634 sermonis
2671 3577 2851 3633 nitore
2894 3592 2959 3633 ac
2994 3577 3247 3634 doctrina
3283 3577 3578 3645 clarisiml;

330 3671 425 3741 Qui
454 3672 518 3726 ad
544 3681 845 3731 extremum
875 3677 1187 3733 novissimae
1235 3679 1654 3748 persecutionis,
1681 3688 1740 3734 ut
1771 3679 1960 3736 scribit
2004 3686 2228 3734 sanctus
2268 3675 2650 3747 Hieronymus,
2683 3674 2738 3728 in
2767 3672 3028 3728 Chalcide
3064 3670 3286 3728 Graeciaa
3316 3673 3580 3745 martyrio

330 3773 625 3821 coronatus
651 3774 754 3823 est.

1911 3865 2028 3921 XII.

331 3974 690 4033 Mauoaocwu
724 3977 1055 4049 Cnmconuu,
1071 3982 1228 4053 jussu
1253 3983 1448 4038 Basilii
1478 3985 1811 4054 imperatoris
1831 3983 1904 4110 gl

1880 4072 1904 4109 r

2013 4000 2024 4036 ε
2051 3983 2269 4108 galiztgm,
2304 3978 2374 4034 ad
2401 3978 2535 4034 diem
2564 3977 2635 4033 20
2656 3975 2830 4043 Junii,
2856 3986 2998 4048 part.
3030 3993 3115 4044 nr,
3145 3993 3268 4049 pag.
3296 3975 3417 4042 158,
3445 3975 3581 4031 edit.

356 4190 363 4197 -
404 4156 713 4224 Methodius
761 4168 967 4226 Christi
1008 4182 1400 4245 sacromartyr,
1432 4173 1501 4228 ab
1524 4172 1753 4228 infantia
1792 4172 1903 4228 Deo

330 4261 651 4316 honorabile
675 4276 771 4317 vas
814 4264 1054 4333 seipsum
1088 4265 1448 4329 consecravit,
1468 4266 1639 4321 divini
1667 4264 1902 4336 Spiritus

329 4352 735 4423 receptaculum
765 4353 962 4410 factus.
987 4356 1168 4422 Quare
1186 4356 1278 4412 Dei
1308 4356 1562 4429 suﬁ'ragio
1585 4360 1913 4435 pontiﬁcatu,

329 4444 527 4516 dignus
554 4443 778 4509 eﬁ‘ectus
803 4454 922 4503 est:
953 4456 1278 4531 creatusque
1305 4448 1617 4506 Patarensis
1646 4449 1903 4505 Ecclesiae

328 4538 641 4607 episcopus,
678 4554 894 4609 gregem
930 4556 1089 4595 suum
1127 4533 1333 4613 opti'me
1364 4542 1539 4613 pavit.
1569 4540 1901 4599 Gliscentem

327 4635 509 4681 autem
548 4629 803 4700 Origenis
832 4631 1081 4687 haeresim
1115 4648 1367 4696 cernens,
1406 4642 1466 4689 ut
1511 4635 1751 4705 optimus
1796 4649 1897 4703 pa-

329 4723 447 4771 stor
464 4719 651 4777 divino
674 4720 1018 4791 eloquiorum
1068 4740 1293 4779 suorum
1341 4725 1465 4795 igne
1495 4726 1756 4781 incendit.
1794 4725 1901 4782 Sed
1930 4729 1935 4733 ’

329 4823 455 4861 cum
490 4809 746 4868 inimicus
771 4813 1024 4869 diabolus
1054 4814 1175 4886 ejus
1207 4803 1513 4872 libertatem
1542 4825 1595 4873 et
1639 4824 1901 4874 constan-

328 4899 460 4954 tiam
481 4899 623 4956 ferre
653 4917 764 4959 non
791 4913 997 4977 posset,
1029 4908 1292 4962 satellites
1316 4924 1447 4964 suos
1478 4909 1534 4962 in
1561 4909 1683 4977 ejus
1710 4921 1899 4966 necem

328 4992 580 5049 armavit.
616 4992 710 5049 Ille
743 5007 873 5048 vero
934 5004 1228 5067 antequam
1271 5001 1535 5071 martyrio
1562 4999 1898 5072 fungeretur,

326 5097 451 5141 cum
477 5085 950 5147 mortiﬁcationem
972 5087 1241 5143 viviﬁcam
1265 5089 1553 5158 induisset,
1580 5100 1635 5147 et
1656 5093 1901 5161 quotidie

327 5185 602 5231 mortuum
634 5194 693 5234 se
738 5188 1016 5250 reputaret
1062 5183 1364 5238 secundum
1397 5184 1643 5241 divinum
1679 5195 1900 5256 aposto-

326 5333 845 5409 ailundgaspersa,
877 5335 972 5390 sed
997 5334 1069 5409 ab
1118 5335 1241 5406 ipso
1284 5335 1490 5409 Dialogi
1543 5347 1769 5394 auctore
1815 5340 1902 5395 in-

324 5415 470 5459 serta
497 5405 806 5471 vidcantur,
832 5422 930 5529 pro
959 5406 1080 5474 ejus
1109 5405 1209 5461 δένὶ
1256 5405 1629 5529 simplicitate,
1663 5422 1716 5463 et
1740 5418 1898 5466 ante-

324 5489 487 5529 anam
519 5476 603 5529 vel
643 5474 831 5529 θεολογ
855 5493 891 5529 α
920 5478 1004 5529 vel
1027 5478 1309 5529 οἰκονομία
1336 5478 1351 5529 ί
1408 5481 1645 5529 rinitatis
1687 5481 1898 5529 scilicet

322 5489 487 5550 quam
519 5476 603 5529 vel
643 5474 891 5550 θεολογία
920 5478 1309 5550 νει-οἰκονομία
1336 5474 1645 5548 (Trinitatis
1687 5481 1900 5535 scilicet

322 5544 802 5620 _etlncarnationis
850 5547 1123 5611 doctrina)
1152 5544 1511 5603 conciliorum
1559 5551 1895 5620 generalium

320 5613 464 5677 luce,
495 5616 710 5669 erudita
747 5613 971 5671 Patrum
994 5627 1171 5683 :etate,
1207 5621 1501 5676 occasione
1521 5613 1896 5675 eﬁascentium

320 5698 665 5761 errorumac
694 5686 992 5755 haereseon,
1029 5692 1161 5747 satis
1179 5691 1449 5761 illustrata
1478 5700 1644 5746 esset.
1676 5690 1735 5744 Si
1756 5690 1889 5761 quid

2084 4170 2347 4234 Μεθόδιος
2393 4169 2423 4222 6
2469 4167 2562 4222 τοῦ
2609 4167 2844 4241 Χριστοῦ
2898 4168 3223 4241 ίερομάρτυς
3252 4169 3317 4221 ἐκ
3350 4165 3583 4238 βρέφους

2011 4262 2201 4317 ἑαυτὸν
2226 4260 2301 4331 τῷ
2322 4259 2441 4332 Θεῷ
2462 4259 2700 4327 ἀναθεὶς,
2734 4259 2924 4324 σκεῦος
2948 4260 3124 4331 τίμιον
3145 4259 3238 4313 καὶ
3260 4258 3461 4329 δοχεῖον
3486 4257 3580 4312 τοῦ

2010 4356 2153 4411 θείου
2180 4336 2496 4426 Πνεύματος
2528 4352 2940 4422 γέγονεν.Ὄθεν
2983 4351 3075 4405 καὶ
3120 4351 3284 4422 ψήφῳ
3316 4348 3449 4403 Θεοῦ
3484 4349 3583 4421 τῆς

2008 4446 2415 4527 ἀρχιερωσύνης
2448 4443 2718 4510 ἀξιωθεὶς,
2739 4442 2831 4497 καὶ
2860 4444 2956 4514 τῆς
2979 4445 3035 4495 ὲν
3068 4442 3340 4514 Πατάροις
3354 4440 3583 4513 Ἐκκλη-

2009 4532 2127 4604 σίας
2154 4539 2447 4601 ἐπίσκοπος
2471 4537 2726 4607 γεγονὼς,
2761 4535 2937 4599 καλῶς
2971 4534 3231 4605 ὲποίμανε
3252 4535 3311 4587 τὸ
3334 4533 3582 4604 ποίμνιον

2008 4632 2222 4687 ἑαυτοῦ.
2257 4631 2349 4685 Διὸ
2389 4631 2485 4685 καὶ
2516 4632 2616 4701 τὴν
2662 4630 2970 4701 Ὠριγένους
3014 4629 3222 4699 αἵρεσιν
3260 4626 3583 4692 πλεονάζου-

2009 4742 2109 4780 σαν
2139 4724 2280 4791 ίδὼν,
2309 4725 2386 4788 ῶς
2416 4723 2635 4795 ἄριστος
2660 4722 2860 4794 ποιμὴν
2891 4720 2971 4791 τῷ
3000 4719 3129 4791 θείῳ
3168 4720 3302 4792 πυρὶ
3330 4719 3436 4772 τῶν
3478 4720 3582 4772 αὑ-

2003 4817 2098 4870 τοῦ
2127 4816 2303 4886 λόγων
2331 4814 2649 4885 κατέφλεξε.
2686 4815 2797 4867 Καὶ
2824 4814 2897 4885 μὴ
2932 4812 3111 4884 φέρων
3135 4813 3164 4864 6
3194 4811 3384 4884 ἐχθρὸς
3409 4810 3583 4865 διάϐο-

2005 4908 2095 4972 λος
2119 4909 2215 4980 τὴν
2239 4908 2401 4962 αὐτοῦ
2430 4890 2739 4979 παρρησίαν
2768 4907 2862 4960 καὶ
2881 4904 3150 4969 ἔνστασιν,
3176 4904 3439 4972 ἐξώπλισε
3456 4905 3583 4968 τοὺς

2005 4999 2170 5053 αὑτοῦ
2192 5001 2495 5070 ὑπουργοὺς
2521 4999 2655 5071 πρὺς
2678 4999 2776 5071 τὴν
2796 4996 2986 5050 τούτου
3011 4997 3309 5068 ἀναίρεσιν.
3328 4997 3384 5050 Ὁ
3409 4995 3465 5050 δὲ
3486 4995 3585 5051 καὶ

2006 5092 2112 5164 πρὸ
2140 5091 2231 5146 τοῦ
2257 5092 2485 5147 θανάτου
2518 5091 2620 5169 τῆς
2648 5089 2811 5144 αὑτοῦ
2836 5088 3137 5167 μαρτυρίας
3158 5087 3423 5161 νέκρωσιν
3447 5089 3583 5160 ζωη-

2007 5183 2169 5254 φόρον
2200 5183 2579 5253 ἐνδυσάμενος,
2614 5182 2708 5235 καὶ
2737 5180 2855 5234 καθ’
2883 5179 3120 5252 ἑκάστην
3154 5181 3364 5252 ἡμέραν
3387 5178 3581 5251 νεκρὸν

2003 5342 2135 5396 mihi
2189 5343 2387 5403 solum.
2440 5341 2537 5396 sed
2565 5351 2617 5396 et
2670 5341 2778 5396 illis
2803 5341 3035 5411 gratiam
3074 5339 3271 5411 haheat
3316 5336 3409 5411 qui
3442 5335 3580 5411 mihi

1982 5414 2156 5481 ’operi
2188 5413 2538 5483 praeiverunt,
2595 5406 2875 5483 bonasque
2921 5412 3084 5465 horas
3117 5406 3579 5483 adornando__M_e-

2002 5479 2204 5537 tliodii'
2230 5484 2359 5559 hoc_
2385 5482 2635 5559 Conuiuia
2683 5483 3022 5559 collocarunt
3050 5495 3113 5535 ac
3158 5480 3366 5533 utiliter
3386 5479 3580 5559 edide-

2000 5560 2132 5605 runt
2167 5572 2179 5606 :
2206 5568 2307 5607 nec
2328 5552 2469 5608 desit
2496 5555 2656 5616 forte,
2689 5552 2783 5607 ubi
2810 5569 2897 5607 me
2943 5565 3159 5621 quoque
3189 5552 3455 5621 nonsatis
3485 5563 3579 5602 asv

2002 5628 2249 5675 secutum
2281 5621 2539 5678 Methodii
2569 5630 2808 5679 mentem
2856 5619 2976 5692 ipse
3021 5619 3428 5692 deprehendas;
3452 5632 3575 5686 quae

2000 5707 2122 5745 mea
2168 5704 2352 5748 errata
2404 5695 2643 5749 candore
2696 5703 2791 5749 tuo
2847 5688 3009 5748 velim
3052 5688 3326 5745 emendes.
3358 5688 3575 5752 Cons-

321 5769 449 5811 vero
504 5755 668 5817 altius
722 5761 895 5836 pressi
955 5762 1176 5830 stylum,
1236 5760 1512 5835 indulgeat
1558 5762 1754 5826 lector,
1774 5755 1890 5820 'nec
1997 5776 2098 5821 ris.

374 6044 389 6055 Α
501 6026 557 6056 hu.
