  <div class='ocr_page' id='page_1' title='image "/cluster/home/n/w/nwhite01/storage/ocr_20150623/18/nnc1.0046978550/022.png"; bbox 0 0 3866 6160; ppageno 0'>
   <div class='ocr_carea' id='block_1_1' title="bbox 242 252 3499 331">
    <p class='ocr_par' dir='ltr' id='par_1_1' title="bbox 242 252 3499 331">
     <span class='ocr_line' id='line_1_1' title="bbox 242 252 3499 331; baseline 0.002 -20"><span class='ocrx_word' id='word_1_1' title='bbox 242 254 320 331; x_wconf 68' lang='lat'><strong>29</strong></span> <span class='ocrx_word' id='word_1_2' title='bbox 1342 252 1729 312; x_wconf 75' lang='lat' dir='ltr'><strong>CONVIVIUM</strong></span> <span class='ocrx_word' id='word_1_3' title='bbox 1770 254 1999 312; x_wconf 83' lang='lat' dir='ltr'><strong>DECEM</strong></span> <span class='ocrx_word' id='word_1_4' title='bbox 2035 254 2403 312; x_wconf 72' lang='lat' dir='ltr'><strong>VIRGINUM.</strong></span> <span class='ocrx_word' id='word_1_5' title='bbox 2858 324 2864 329; x_wconf 21' lang='grc' dir='ltr'>δ</span> <span class='ocrx_word' id='word_1_6' title='bbox 3428 265 3499 320; x_wconf 81' lang='lat'><strong>50</strong></span> 
     </span>
    </p>
   </div>
   <div class='ocr_carea' id='block_1_2' title="bbox 243 370 1815 450">
    <p class='ocr_par' dir='ltr' id='par_1_2' title="bbox 243 370 1815 450">
     <span class='ocr_line' id='line_1_2' title="bbox 243 370 1815 450; baseline 0.001 -22"><span class='ocrx_word' id='word_1_7' title='bbox 243 374 474 444; x_wconf 76' lang='grc' dir='ltr'><strong>ἁγνείας</strong></span> <span class='ocrx_word' id='word_1_8' title='bbox 522 373 731 443; x_wconf 84' lang='grc' dir='ltr'>λόγων,</span> <span class='ocrx_word' id='word_1_9' title='bbox 764 374 911 438; x_wconf 84' lang='grc' dir='ltr'>τίνες</span> <span class='ocrx_word' id='word_1_10' title='bbox 948 370 1109 445; x_wconf 78' lang='grc' dir='ltr'>ἦσαν.</span> <span class='ocrx_word' id='word_1_11' title='bbox 1150 374 1286 430; x_wconf 75' lang='grc' dir='ltr'>Φασὶ</span> <span class='ocrx_word' id='word_1_12' title='bbox 1328 374 1438 450; x_wconf 85' lang='grc' dir='ltr'>γὰρ</span> <span class='ocrx_word' id='word_1_13' title='bbox 1479 375 1684 447; x_wconf 83' lang='grc' dir='ltr'>σφόδρα</span> <span class='ocrx_word' id='word_1_14' title='bbox 1728 393 1815 447; x_wconf 85' lang='grc' dir='ltr'>με·</span> 
     </span>
    </p>
   </div>
   <div class='ocr_carea' id='block_1_3' title="bbox 1929 370 3498 450">
    <p class='ocr_par' dir='ltr' id='par_1_3' title="bbox 1929 375 3498 436">
     <span class='ocr_line' id='line_1_3' title="bbox 1929 375 3498 436; baseline 0.003 -6"><span class='ocrx_word' id='word_1_15' title='bbox 1929 375 1996 431; x_wconf 87' lang='lat' dir='ltr'><strong>de</strong></span> <span class='ocrx_word' id='word_1_16' title='bbox 2027 375 2350 431; x_wconf 77' lang='lat' dir='ltr'><strong>castimonia</strong></span> <span class='ocrx_word' id='word_1_17' title='bbox 2401 390 2686 433; x_wconf 75' lang='lat' dir='ltr'><strong>sermones</strong></span> <span class='ocrx_word' id='word_1_18' title='bbox 2741 377 3110 434; x_wconf 89' lang='lat' dir='ltr'><strong>contulerunt.</strong></span> <span class='ocrx_word' id='word_1_19' title='bbox 3157 376 3327 434; x_wconf 79' lang='lat' dir='ltr'><strong>Aiunt</strong></span> <span class='ocrx_word' id='word_1_20' title='bbox 3352 382 3498 436; x_wconf 79' lang='lat' dir='ltr'><strong>enim</strong></span> 
     </span>
    </p>
   </div>
   <div class='ocr_carea' id='block_1_4' title="bbox 243 461 1823 536">
    <p class='ocr_par' dir='ltr' id='par_1_4' title="bbox 243 461 1823 536">
     <span class='ocr_line' id='line_1_4' title="bbox 243 461 1823 536; baseline -0.001 -19"><span class='ocrx_word' id='word_1_21' title='bbox 243 463 610 535; x_wconf 80' lang='grc' dir='ltr'>ταλοπρεπῶς</span> <span class='ocrx_word' id='word_1_22' title='bbox 649 461 823 528; x_wconf 77' lang='grc' dir='ltr'>οὕτως</span> <span class='ocrx_word' id='word_1_23' title='bbox 863 464 1032 528; x_wconf 81' lang='grc' dir='ltr'>αὐτὰς</span> <span class='ocrx_word' id='word_1_24' title='bbox 1076 465 1169 517; x_wconf 75' lang='grc' dir='ltr'>καὶ</span> <span class='ocrx_word' id='word_1_25' title='bbox 1214 462 1450 536; x_wconf 78' lang='grc' dir='ltr'><strong>ἰσχυρῶς</strong></span> <span class='ocrx_word' id='word_1_26' title='bbox 1489 461 1823 534; x_wconf 82' lang='grc' dir='ltr'>ὴγωνίσθαι,</span> 
     </span>
    </p>
   </div>
   <div class='ocr_carea' id='block_1_5' title="bbox 243 553 1826 629">
    <p class='ocr_par' dir='ltr' id='par_1_5' title="bbox 243 553 1826 629">
     <span class='ocr_line' id='line_1_5' title="bbox 243 553 1826 629; baseline 0.001 -21"><span class='ocrx_word' id='word_1_27' title='bbox 243 557 322 620; x_wconf 83' lang='grc' dir='ltr'>ὡς</span> <span class='ocrx_word' id='word_1_28' title='bbox 349 556 578 627; x_wconf 85' lang='grc' dir='ltr'>μηδενὸς</span> <span class='ocrx_word' id='word_1_29' title='bbox 610 553 748 610; x_wconf 78' lang='grc' dir='ltr'>εἶναι</span> <span class='ocrx_word' id='word_1_30' title='bbox 773 555 884 609; x_wconf 82' lang='grc' dir='ltr'>τῶν</span> <span class='ocrx_word' id='word_1_31' title='bbox 914 559 994 621; x_wconf 82' lang='grc' dir='ltr'><strong>είς</strong></span> <span class='ocrx_word' id='word_1_32' title='bbox 1014 557 1076 611; x_wconf 83' lang='grc' dir='ltr'><strong>τὸ</strong></span> <span class='ocrx_word' id='word_1_33' title='bbox 1105 557 1486 629; x_wconf 79' lang='grc' dir='ltr'><strong>περικείμενον</strong></span> <span class='ocrx_word' id='word_1_34' title='bbox 1517 557 1826 625; x_wconf 80' lang='grc' dir='ltr'><strong>ἀναγκαίων</strong></span> 
     </span>
    </p>
   </div>
   <div class='ocr_carea' id='block_1_6' title="bbox 242 643 1828 721">
    <p class='ocr_par' dir='ltr' id='par_1_6' title="bbox 242 643 1828 721">
     <span class='ocr_line' id='line_1_6' title="bbox 242 643 1828 721; baseline 0.001 -21"><span class='ocrx_word' id='word_1_35' title='bbox 242 647 499 712; x_wconf 77' lang='grc' dir='ltr'>ἐπιδεεῖς.</span> <span class='ocrx_word' id='word_1_36' title='bbox 537 650 603 701; x_wconf 77' lang='grc' dir='ltr'><strong>Εἰ</strong></span> <span class='ocrx_word' id='word_1_37' title='bbox 634 643 730 703; x_wconf 80' lang='grc' dir='ltr'><strong>οὖν</strong></span> <span class='ocrx_word' id='word_1_38' title='bbox 774 649 963 720; x_wconf 80' lang='grc' dir='ltr'>ἑτέρου</span> <span class='ocrx_word' id='word_1_39' title='bbox 1011 649 1154 711; x_wconf 83' lang='grc' dir='ltr'>τινὸς</span> <span class='ocrx_word' id='word_1_40' title='bbox 1208 649 1371 703; x_wconf 80' lang='grc' dir='ltr'>ἕνεκα</span> <span class='ocrx_word' id='word_1_41' title='bbox 1422 645 1616 721; x_wconf 76' lang='grc' dir='ltr'>ἦλθες,</span> <span class='ocrx_word' id='word_1_42' title='bbox 1666 649 1828 701; x_wconf 80' lang='grc' dir='ltr'>τοῦτο</span> 
     </span>
    </p>
   </div>
   <div class='ocr_carea' id='block_1_7' title="bbox 242 735 1825 813">
    <p class='ocr_par' dir='ltr' id='par_1_7' title="bbox 242 735 1825 813">
     <span class='ocr_line' id='line_1_7' title="bbox 242 735 1825 813; baseline 0.002 -21"><span class='ocrx_word' id='word_1_43' title='bbox 242 738 494 803; x_wconf 80' lang='grc' dir='ltr'>εἰσαῦθις</span> <span class='ocrx_word' id='word_1_44' title='bbox 524 740 931 813; x_wconf 79' lang='grc' dir='ltr'>ἀναϐαλλομένη</span> <span class='ocrx_word' id='word_1_45' title='bbox 952 782 967 805; x_wconf 88' lang='grc'><strong>,</strong></span> <span class='ocrx_word' id='word_1_46' title='bbox 1012 740 1086 813; x_wconf 83' lang='grc' dir='ltr'>μὴ</span> <span class='ocrx_word' id='word_1_47' title='bbox 1136 743 1374 813; x_wconf 80' lang='grc' dir='ltr'>ὀκνήσῃς</span> <span class='ocrx_word' id='word_1_48' title='bbox 1417 741 1542 807; x_wconf 80' lang='grc' dir='ltr'>νῦν,</span> <span class='ocrx_word' id='word_1_49' title='bbox 1582 741 1712 813; x_wconf 72' lang='grc' dir='ltr'>περὶ</span> <span class='ocrx_word' id='word_1_50' title='bbox 1749 735 1825 795; x_wconf 86' lang='grc' dir='ltr'><strong>ὧν</strong></span> 
     </span>
    </p>
   </div>
   <div class='ocr_carea' id='block_1_8' title="bbox 248 832 1828 906">
    <p class='ocr_par' dir='ltr' id='par_1_8' title="bbox 248 832 1828 906">
     <span class='ocr_line' id='line_1_8' title="bbox 248 832 1828 906; baseline 0.001 -20"><span class='ocrx_word' id='word_1_51' title='bbox 248 832 639 904; x_wconf 82' lang='grc' dir='ltr'>πυνθανόμεθά</span> <span class='ocrx_word' id='word_1_52' title='bbox 697 850 792 887; x_wconf 89' lang='grc' dir='ltr'><strong>σου</strong></span> <span class='ocrx_word' id='word_1_53' title='bbox 811 873 827 899; x_wconf 92' lang='grc'><strong>,</strong></span> <span class='ocrx_word' id='word_1_54' title='bbox 872 833 1178 898; x_wconf 82' lang='grc' dir='ltr'><strong>ἀκολούθως</strong></span> <span class='ocrx_word' id='word_1_55' title='bbox 1234 836 1365 906; x_wconf 80' lang='grc' dir='ltr'>ἡμῖν</span> <span class='ocrx_word' id='word_1_56' title='bbox 1420 834 1634 890; x_wconf 69' lang='grc' dir='ltr'>ἅπαντα</span> <span class='ocrx_word' id='word_1_57' title='bbox 1686 833 1828 889; x_wconf 88' lang='grc' dir='ltr'>διελ-</span> 
     </span>
    </p>
   </div>
   <div class='ocr_carea' id='block_1_9' title="bbox 245 922 390 980">
    <p class='ocr_par' dir='ltr' id='par_1_9' title="bbox 245 922 390 980">
     <span class='ocr_line' id='line_1_9' title="bbox 245 922 390 980; baseline 0.021 -3"><span class='ocrx_word' id='word_1_58' title='bbox 245 922 390 980; x_wconf 82' lang='grc' dir='ltr'>θεῖν.</span> 
     </span>
    </p>
   </div>
   <div class='ocr_carea' id='block_1_10' title="bbox 314 1129 1823 1205">
    <p class='ocr_par' dir='ltr' id='par_1_10' title="bbox 314 1129 1823 1205">
     <span class='ocr_line' id='line_1_10' title="bbox 314 1129 1823 1205; baseline 0.003 -22"><span class='ocrx_word' id='word_1_59' title='bbox 314 1129 608 1185; x_wconf 82' lang='grc' dir='ltr'><strong>ΓΡΗΓΟΡ.</strong></span> <span class='ocrx_word' id='word_1_60' title='bbox 653 1130 987 1202; x_wconf 78' lang='grc' dir='ltr'>Ἥμϐροτον,</span> <span class='ocrx_word' id='word_1_61' title='bbox 1025 1132 1101 1196; x_wconf 85' lang='grc' dir='ltr'>ὡς</span> <span class='ocrx_word' id='word_1_62' title='bbox 1127 1131 1293 1196; x_wconf 77' lang='grc' dir='ltr'>ἔοικε,</span> <span class='ocrx_word' id='word_1_63' title='bbox 1319 1133 1420 1205; x_wconf 80' lang='grc' dir='ltr'><strong>τῆς</strong></span> <span class='ocrx_word' id='word_1_64' title='bbox 1444 1132 1677 1201; x_wconf 75' lang='grc' dir='ltr'>ἐλπίδος,</span> <span class='ocrx_word' id='word_1_65' title='bbox 1704 1134 1823 1189; x_wconf 73' lang='grc' dir='ltr'><strong>ἑτέ-</strong></span> 
     </span>
    </p>
   </div>
   <div class='ocr_carea' id='block_1_11' title="bbox 239 1218 1825 1298">
    <p class='ocr_par' dir='ltr' id='par_1_11' title="bbox 239 1218 1825 1298">
     <span class='ocr_line' id='line_1_11' title="bbox 239 1218 1825 1298; baseline 0.003 -23"><span class='ocrx_word' id='word_1_66' title='bbox 239 1237 344 1292; x_wconf 82' lang='grc' dir='ltr'><strong>ρου</strong></span> <span class='ocrx_word' id='word_1_67' title='bbox 389 1223 919 1293; x_wconf 74' lang='grc' dir='ltr'>πρωναγγείλαντος</span> <span class='ocrx_word' id='word_1_68' title='bbox 962 1224 1064 1296; x_wconf 74' lang='grc' dir='ltr'><strong>ήδη</strong></span> <span class='ocrx_word' id='word_1_69' title='bbox 1120 1224 1249 1297; x_wconf 77' lang='grc' dir='ltr'>περὶ</span> <span class='ocrx_word' id='word_1_70' title='bbox 1285 1218 1361 1281; x_wconf 83' lang='grc' dir='ltr'>ὧν</span> <span class='ocrx_word' id='word_1_71' title='bbox 1413 1227 1643 1298; x_wconf 75' lang='grc' dir='ltr'>ἐρωτᾷς.</span> <span class='ocrx_word' id='word_1_72' title='bbox 1685 1226 1825 1297; x_wconf 88' lang='grc' dir='ltr'><strong>Ἐγὼ</strong></span> 
     </span>
    </p>
   </div>
   <div class='ocr_carea' id='block_1_12' title="bbox 236 1313 1824 1389">
    <p class='ocr_par' dir='ltr' id='par_1_12' title="bbox 236 1313 1824 1389">
     <span class='ocr_line' id='line_1_12' title="bbox 236 1313 1824 1389; baseline 0.004 -22"><span class='ocrx_word' id='word_1_73' title='bbox 236 1313 356 1384; x_wconf 79' lang='grc' dir='ltr'>γὰρ</span> <span class='ocrx_word' id='word_1_74' title='bbox 380 1314 610 1387; x_wconf 80' lang='grc' dir='ltr'><strong>μηδέπω</strong></span> <span class='ocrx_word' id='word_1_75' title='bbox 634 1315 796 1387; x_wconf 87' lang='grc' dir='ltr'>μηδὲν</span> <span class='ocrx_word' id='word_1_76' title='bbox 815 1316 1106 1386; x_wconf 81' lang='grc' dir='ltr'><strong>ἀκηκοέναι</strong></span> <span class='ocrx_word' id='word_1_77' title='bbox 1135 1317 1407 1389; x_wconf 87' lang='grc' dir='ltr'>νομίσασά</span> <span class='ocrx_word' id='word_1_78' title='bbox 1439 1335 1499 1372; x_wconf 84' lang='grc' dir='ltr'><strong>σε</strong></span> <span class='ocrx_word' id='word_1_79' title='bbox 1530 1318 1639 1372; x_wconf 81' lang='grc' dir='ltr'>τῶν</span> <span class='ocrx_word' id='word_1_80' title='bbox 1665 1336 1824 1389; x_wconf 87' lang='grc' dir='ltr'>γεγο-</span> 
     </span>
    </p>
   </div>
   <div class='ocr_carea' id='block_1_13' title="bbox 232 1404 1824 1480">
    <p class='ocr_par' dir='ltr' id='par_1_13' title="bbox 232 1404 1824 1480">
     <span class='ocr_line' id='line_1_13' title="bbox 232 1404 1824 1480; baseline 0.004 -22"><span class='ocrx_word' id='word_1_81' title='bbox 232 1404 434 1468; x_wconf 77' lang='grc' dir='ltr'>νότων,</span> <span class='ocrx_word' id='word_1_82' title='bbox 465 1405 668 1475; x_wconf 78' lang='grc' dir='ltr'>σφόδρα</span> <span class='ocrx_word' id='word_1_83' title='bbox 695 1405 839 1476; x_wconf 85' lang='grc' dir='ltr'>μέγα</span> <span class='ocrx_word' id='word_1_84' title='bbox 868 1407 1127 1478; x_wconf 74' lang='grc' dir='ltr'>ἐφρόνουν</span> <span class='ocrx_word' id='word_1_85' title='bbox 1155 1409 1250 1461; x_wconf 76' lang='grc' dir='ltr'><strong>ἐπὶ</strong></span> <span class='ocrx_word' id='word_1_86' title='bbox 1288 1408 1464 1480; x_wconf 82' lang='grc' dir='ltr'>τούτῳ</span> <span class='ocrx_word' id='word_1_87' title='bbox 1482 1450 1497 1474; x_wconf 92' lang='grc'><strong>,</strong></span> <span class='ocrx_word' id='word_1_88' title='bbox 1531 1409 1627 1464; x_wconf 80' lang='grc' dir='ltr'>καὶ</span> <span class='ocrx_word' id='word_1_89' title='bbox 1658 1409 1824 1464; x_wconf 78' lang='grc' dir='ltr'>ἐκαλ-</span> 
     </span>
    </p>
   </div>
   <div class='ocr_carea' id='block_1_14' title="bbox 230 1493 1826 1570">
    <p class='ocr_par' dir='ltr' id='par_1_14' title="bbox 230 1493 1826 1570">
     <span class='ocr_line' id='line_1_14' title="bbox 230 1493 1826 1570; baseline 0.005 -22"><span class='ocrx_word' id='word_1_90' title='bbox 230 1493 565 1566; x_wconf 80' lang='grc' dir='ltr'>λωπιζόμην</span> <span class='ocrx_word' id='word_1_91' title='bbox 604 1496 680 1561; x_wconf 87' lang='grc' dir='ltr'>ὡς</span> <span class='ocrx_word' id='word_1_92' title='bbox 709 1496 900 1569; x_wconf 76' lang='grc' dir='ltr'>πρώτη</span> <span class='ocrx_word' id='word_1_93' title='bbox 933 1514 1016 1552; x_wconf 90' lang='grc' dir='ltr'><strong>σοι</strong></span> <span class='ocrx_word' id='word_1_94' title='bbox 1049 1498 1318 1570; x_wconf 86' lang='grc' dir='ltr'>μέλλουσα</span> <span class='ocrx_word' id='word_1_95' title='bbox 1348 1501 1710 1570; x_wconf 74' lang='grc' dir='ltr'>ἐξαγγέλλειν.</span> <span class='ocrx_word' id='word_1_96' title='bbox 1733 1502 1826 1557; x_wconf 82' lang='grc' dir='ltr'><strong>Διὸ</strong></span> 
     </span>
    </p>
   </div>
   <div class='ocr_carea' id='block_1_15' title="bbox 230 1585 1821 1666">
    <p class='ocr_par' dir='ltr' id='par_1_15' title="bbox 230 1585 1821 1666">
     <span class='ocr_line' id='line_1_15' title="bbox 230 1585 1821 1666; baseline 0.006 -27"><span class='ocrx_word' id='word_1_97' title='bbox 230 1585 305 1658; x_wconf 80' lang='grc' dir='ltr'><strong>δὴ</strong></span> <span class='ocrx_word' id='word_1_98' title='bbox 352 1587 451 1640; x_wconf 78' lang='grc' dir='ltr'>καὶ</span> <span class='ocrx_word' id='word_1_99' title='bbox 490 1587 820 1653; x_wconf 75' lang='grc' dir='ltr'><strong>ἐσπούδαζον</strong></span> <span class='ocrx_word' id='word_1_100' title='bbox 862 1589 1051 1661; x_wconf 87' lang='grc' dir='ltr'>τάχιον</span> <span class='ocrx_word' id='word_1_101' title='bbox 1081 1590 1241 1665; x_wconf 86' lang='grc' dir='ltr'>δεῦρο</span> <span class='ocrx_word' id='word_1_102' title='bbox 1272 1592 1448 1646; x_wconf 78' lang='grc' dir='ltr'>ἐλθεῖν</span> <span class='ocrx_word' id='word_1_103' title='bbox 1483 1594 1619 1665; x_wconf 83' lang='grc' dir='ltr'>πρὸς</span> <span class='ocrx_word' id='word_1_104' title='bbox 1654 1595 1821 1666; x_wconf 79' lang='grc' dir='ltr'>ὑμᾶς,</span> 
     </span>
    </p>
   </div>
   <div class='ocr_carea' id='block_1_16' title="bbox 232 1679 1896 1780">
    <p class='ocr_par' dir='ltr' id='par_1_16' title="bbox 232 1679 1896 1780">
     <span class='ocr_line' id='line_1_16' title="bbox 232 1679 1896 1780; baseline 0.004 -47"><span class='ocrx_word' id='word_1_105' title='bbox 232 1679 378 1733; x_wconf 77' lang='grc' dir='ltr'>αὐτὸ</span> <span class='ocrx_word' id='word_1_106' title='bbox 434 1681 500 1752; x_wconf 86' lang='grc' dir='ltr'><strong>δὴ</strong></span> <span class='ocrx_word' id='word_1_107' title='bbox 551 1680 711 1735; x_wconf 83' lang='grc' dir='ltr'>τοῦτο</span> <span class='ocrx_word' id='word_1_108' title='bbox 764 1681 1156 1755; x_wconf 74' lang='grc' dir='ltr'>εὐλαϐηθεῖσα,</span> <span class='ocrx_word' id='word_1_109' title='bbox 1203 1684 1266 1739; x_wconf 78' lang='grc' dir='ltr'><strong>τὸ</strong></span> <span class='ocrx_word' id='word_1_110' title='bbox 1319 1684 1394 1758; x_wconf 82' lang='grc' dir='ltr'>μὴ</span> <span class='ocrx_word' id='word_1_111' title='bbox 1445 1685 1821 1759; x_wconf 79' lang='grc' dir='ltr'>προληφθῆναι</span> <span class='ocrx_word' id='word_1_112' title='bbox 1849 1720 1896 1780; x_wconf 72' lang='grc' dir='ltr'><strong>Β</strong></span> 
     </span>
    </p>
   </div>
   <div class='ocr_carea' id='block_1_17' title="bbox 235 1773 552 1829">
    <p class='ocr_par' dir='ltr' id='par_1_17' title="bbox 235 1773 552 1829">
     <span class='ocr_line' id='line_1_17' title="bbox 235 1773 552 1829; baseline 0.009 -4"><span class='ocrx_word' id='word_1_113' title='bbox 235 1773 338 1825; x_wconf 78' lang='grc' dir='ltr'><strong>ὑπ’</strong></span> <span class='ocrx_word' id='word_1_114' title='bbox 369 1773 552 1829; x_wconf 66' lang='grc' dir='ltr'>ἄλλου.</span> 
     </span>
    </p>
   </div>
   <div class='ocr_carea' id='block_1_18' title="bbox 311 1888 1821 1967">
    <p class='ocr_par' dir='ltr' id='par_1_18' title="bbox 311 1888 1821 1967">
     <span class='ocr_line' id='line_1_18' title="bbox 311 1888 1821 1967; baseline 0.005 -25"><span class='ocrx_word' id='word_1_115' title='bbox 311 1888 610 1943; x_wconf 79' lang='grc' dir='ltr'><strong>ΕΥΒΟΥΛ.</strong></span> <span class='ocrx_word' id='word_1_116' title='bbox 651 1889 883 1962; x_wconf 82' lang='grc' dir='ltr'><strong>Θάρσει·</strong></span> <span class='ocrx_word' id='word_1_117' title='bbox 910 1892 1004 1946; x_wconf 75' lang='grc' dir='ltr'>καὶ</span> <span class='ocrx_word' id='word_1_118' title='bbox 1036 1892 1141 1963; x_wconf 80' lang='grc' dir='ltr'>γὰρ</span> <span class='ocrx_word' id='word_1_119' title='bbox 1166 1893 1319 1949; x_wconf 75' lang='grc' dir='ltr'>οὐδὲν</span> <span class='ocrx_word' id='word_1_120' title='bbox 1342 1893 1604 1967; x_wconf 78' lang='grc' dir='ltr'>ἀκριϐῶς,</span> <span class='ocrx_word' id='word_1_121' title='bbox 1637 1888 1682 1948; x_wconf 80' lang='grc' dir='ltr'>ὧ</span> <span class='ocrx_word' id='word_1_122' title='bbox 1713 1912 1821 1967; x_wconf 87' lang='grc' dir='ltr'>μα-</span> 
     </span>
    </p>
   </div>
   <div class='ocr_carea' id='block_1_19' title="bbox 232 1982 1824 2062">
    <p class='ocr_par' dir='ltr' id='par_1_19' title="bbox 232 1982 1824 2062">
     <span class='ocr_line' id='line_1_19' title="bbox 232 1982 1824 2062; baseline 0.006 -28"><span class='ocrx_word' id='word_1_123' title='bbox 232 1982 447 2054; x_wconf 74' lang='grc' dir='ltr'>καρία,</span> <span class='ocrx_word' id='word_1_124' title='bbox 500 1984 827 2054; x_wconf 78' lang='grc' dir='ltr'><strong>πεπύσμεθα</strong></span> <span class='ocrx_word' id='word_1_125' title='bbox 872 1984 982 2038; x_wconf 88' lang='grc' dir='ltr'><strong>τῶν</strong></span> <span class='ocrx_word' id='word_1_126' title='bbox 1018 1987 1341 2054; x_wconf 77' lang='grc' dir='ltr'>γεγονότων.</span> <span class='ocrx_word' id='word_1_127' title='bbox 1386 1990 1459 2042; x_wconf 82' lang='grc' dir='ltr'><strong>Οὐ</strong></span> <span class='ocrx_word' id='word_1_128' title='bbox 1515 1989 1623 2062; x_wconf 83' lang='grc' dir='ltr'><strong>γὰρ</strong></span> <span class='ocrx_word' id='word_1_129' title='bbox 1664 1988 1824 2060; x_wconf 79' lang='grc' dir='ltr'>ἔσχεν</span> 
     </span>
    </p>
   </div>
   <div class='ocr_carea' id='block_1_20' title="bbox 230 2073 1823 2151">
    <p class='ocr_par' dir='ltr' id='par_1_20' title="bbox 230 2073 1823 2151">
     <span class='ocr_line' id='line_1_20' title="bbox 230 2073 1823 2151; baseline 0.004 -23"><span class='ocrx_word' id='word_1_130' title='bbox 230 2074 264 2128; x_wconf 85' lang='grc' dir='ltr'>ὀ</span> <span class='ocrx_word' id='word_1_131' title='bbox 306 2073 573 2143; x_wconf 82' lang='grc' dir='ltr'>ἀγγείλας</span> <span class='ocrx_word' id='word_1_132' title='bbox 617 2076 1008 2148; x_wconf 83' lang='grc' dir='ltr'>ἀφηγήσασθαι</span> <span class='ocrx_word' id='word_1_133' title='bbox 1046 2077 1210 2131; x_wconf 85' lang='grc' dir='ltr'>πλέον</span> <span class='ocrx_word' id='word_1_134' title='bbox 1262 2078 1296 2151; x_wconf 84' lang='grc' dir='ltr'>ἢ</span> <span class='ocrx_word' id='word_1_135' title='bbox 1351 2080 1432 2133; x_wconf 76' lang='grc' dir='ltr'><strong>ὅτι</strong></span> <span class='ocrx_word' id='word_1_136' title='bbox 1462 2079 1698 2150; x_wconf 86' lang='grc' dir='ltr'>διάλογοι</span> <span class='ocrx_word' id='word_1_137' title='bbox 1729 2098 1823 2151; x_wconf 84' lang='grc' dir='ltr'>γε·</span> 
     </span>
    </p>
   </div>
   <div class='ocr_carea' id='block_1_21' title="bbox 230 2166 1820 2245">
    <p class='ocr_par' dir='ltr' id='par_1_21' title="bbox 230 2166 1820 2245">
     <span class='ocr_line' id='line_1_21' title="bbox 230 2166 1820 2245; baseline 0.004 -26"><span class='ocrx_word' id='word_1_138' title='bbox 230 2166 503 2239; x_wconf 82' lang='grc' dir='ltr'>γένηντο·</span> <span class='ocrx_word' id='word_1_139' title='bbox 565 2168 710 2233; x_wconf 89' lang='grc' dir='ltr'>τίνες</span> <span class='ocrx_word' id='word_1_140' title='bbox 763 2167 856 2234; x_wconf 83' lang='grc' dir='ltr'><strong>δὲ,</strong></span> <span class='ocrx_word' id='word_1_141' title='bbox 913 2170 1009 2222; x_wconf 75' lang='grc' dir='ltr'>καὶ</span> <span class='ocrx_word' id='word_1_142' title='bbox 1073 2170 1224 2234; x_wconf 83' lang='grc' dir='ltr'>ὅπως</span> <span class='ocrx_word' id='word_1_143' title='bbox 1245 2210 1260 2236; x_wconf 93' lang='grc'><strong>,</strong></span> <span class='ocrx_word' id='word_1_144' title='bbox 1326 2171 1820 2245; x_wconf 85' lang='grc' dir='ltr'>ὲπανερωτώμενος</span> 
     </span>
    </p>
   </div>
   <div class='ocr_carea' id='block_1_22' title="bbox 229 2255 448 2326">
    <p class='ocr_par' dir='ltr' id='par_1_22' title="bbox 229 2255 448 2326">
     <span class='ocr_line' id='line_1_22' title="bbox 229 2255 448 2326; baseline -0.009 0"><span class='ocrx_word' id='word_1_145' title='bbox 229 2255 448 2326; x_wconf 65' lang='grc' dir='ltr'>ἠγνόει-</span> 
     </span>
    </p>
   </div>
   <div class='ocr_carea' id='block_1_23' title="bbox 308 2368 1821 2447">
    <p class='ocr_par' dir='ltr' id='par_1_23' title="bbox 308 2368 1821 2447">
     <span class='ocr_line' id='line_1_23' title="bbox 308 2368 1821 2447; baseline 0.007 -26"><span class='ocrx_word' id='word_1_146' title='bbox 308 2368 600 2425; x_wconf 84' lang='grc' dir='ltr'><strong>ΓΡΗΓΟΡ.</strong></span> <span class='ocrx_word' id='word_1_147' title='bbox 642 2369 857 2426; x_wconf 75' lang='grc' dir='ltr'>Οὐκοῦν</span> <span class='ocrx_word' id='word_1_148' title='bbox 896 2371 1186 2444; x_wconf 84' lang='grc' dir='ltr'>βούλεσθε,</span> <span class='ocrx_word' id='word_1_149' title='bbox 1226 2373 1416 2447; x_wconf 76' lang='grc' dir='ltr'>ἐπειδὴ</span> <span class='ocrx_word' id='word_1_150' title='bbox 1462 2374 1531 2428; x_wconf 88' lang='grc' dir='ltr'>δι’</span> <span class='ocrx_word' id='word_1_151' title='bbox 1565 2375 1697 2431; x_wconf 76' lang='grc' dir='ltr'><strong>αὐτὸ</strong></span> <span class='ocrx_word' id='word_1_152' title='bbox 1735 2378 1821 2431; x_wconf 84' lang='grc' dir='ltr'><strong>ὲν-</strong></span> 
     </span>
    </p>
   </div>
   <div class='ocr_carea' id='block_1_24' title="bbox 231 2458 1819 2539">
    <p class='ocr_par' dir='ltr' id='par_1_24' title="bbox 231 2458 1819 2539">
     <span class='ocr_line' id='line_1_24' title="bbox 231 2458 1819 2539; baseline 0.004 -25"><span class='ocrx_word' id='word_1_153' title='bbox 231 2458 415 2515; x_wconf 80' lang='grc' dir='ltr'>ταῦθα</span> <span class='ocrx_word' id='word_1_154' title='bbox 458 2464 838 2537; x_wconf 82' lang='grc' dir='ltr'>παρεγενόμην</span> <span class='ocrx_word' id='word_1_155' title='bbox 862 2505 877 2529; x_wconf 95' lang='grc'><strong>,</strong></span> <span class='ocrx_word' id='word_1_156' title='bbox 914 2465 1170 2519; x_wconf 84' lang='grc' dir='ltr'>ἁπάντων</span> <span class='ocrx_word' id='word_1_157' title='bbox 1210 2464 1270 2531; x_wconf 77' lang='grc' dir='ltr'><strong>ἐξ</strong></span> <span class='ocrx_word' id='word_1_158' title='bbox 1302 2466 1478 2539; x_wconf 82' lang='grc' dir='ltr'>ἀρχῆς</span> <span class='ocrx_word' id='word_1_159' title='bbox 1516 2466 1819 2521; x_wconf 75' lang='grc' dir='ltr'>ἐπακοῦσαι</span> 
     </span>
    </p>
   </div>
   <div class='ocr_carea' id='block_1_25' title="bbox 231 2554 1818 2630">
    <p class='ocr_par' dir='ltr' id='par_1_25' title="bbox 231 2554 1818 2630">
     <span class='ocr_line' id='line_1_25' title="bbox 231 2554 1818 2630; baseline 0.006 -25"><span class='ocrx_word' id='word_1_160' title='bbox 231 2554 347 2606; x_wconf 76' lang='grc' dir='ltr'>τῶν</span> <span class='ocrx_word' id='word_1_161' title='bbox 374 2555 717 2627; x_wconf 80' lang='grc' dir='ltr'>εἰρημένων;</span> <span class='ocrx_word' id='word_1_162' title='bbox 750 2556 783 2629; x_wconf 83' lang='grc' dir='ltr'><strong><em>ἦ</em></strong></span> <span class='ocrx_word' id='word_1_163' title='bbox 827 2558 893 2612; x_wconf 75' lang='grc' dir='ltr'><strong>τὰ</strong></span> <span class='ocrx_word' id='word_1_164' title='bbox 935 2560 1035 2630; x_wconf 82' lang='grc' dir='ltr'>μὲν</span> <span class='ocrx_word' id='word_1_165' title='bbox 1070 2559 1418 2630; x_wconf 73' lang='grc' dir='ltr'>παραλείψω,</span> <span class='ocrx_word' id='word_1_166' title='bbox 1451 2559 1559 2614; x_wconf 85' lang='grc' dir='ltr'>τῶν</span> <span class='ocrx_word' id='word_1_167' title='bbox 1600 2560 1656 2613; x_wconf 83' lang='grc' dir='ltr'><strong>δὲ</strong></span> <span class='ocrx_word' id='word_1_168' title='bbox 1694 2562 1818 2614; x_wconf 73' lang='grc' dir='ltr'>ἐπι-</span> 
     </span>
    </p>
   </div>
   <div class='ocr_carea' id='block_1_26' title="bbox 236 2644 1746 2722">
    <p class='ocr_par' dir='ltr' id='par_1_26' title="bbox 236 2644 1746 2722">
     <span class='ocr_line' id='line_1_26' title="bbox 236 2644 1746 2722; baseline 0.005 -25"><span class='ocrx_word' id='word_1_169' title='bbox 236 2644 491 2715; x_wconf 82' lang='grc' dir='ltr'>μνησθῶ,</span> <span class='ocrx_word' id='word_1_170' title='bbox 526 2645 562 2700; x_wconf 75' lang='grc' dir='ltr'>ἂ</span> <span class='ocrx_word' id='word_1_171' title='bbox 598 2646 1071 2719; x_wconf 81' lang='grc' dir='ltr'>ἀξιομνημόνευτα</span> <span class='ocrx_word' id='word_1_172' title='bbox 1112 2650 1349 2722; x_wconf 78' lang='grc' dir='ltr'>ἡγοῦμαι</span> <span class='ocrx_word' id='word_1_173' title='bbox 1376 2650 1746 2721; x_wconf 76' lang='grc' dir='ltr'>τυγχάνοντα;</span> 
     </span>
    </p>
   </div>
   <div class='ocr_carea' id='block_1_27' title="bbox 309 2758 1817 2837">
    <p class='ocr_par' dir='ltr' id='par_1_27' title="bbox 309 2758 1817 2837">
     <span class='ocr_line' id='line_1_27' title="bbox 309 2758 1817 2837; baseline 0.005 -24"><span class='ocrx_word' id='word_1_174' title='bbox 309 2760 608 2814; x_wconf 83' lang='grc' dir='ltr'><strong>ΕΥΒΟΥΛ.</strong></span> <span class='ocrx_word' id='word_1_175' title='bbox 652 2758 820 2815; x_wconf 77' lang='grc' dir='ltr'>Οὔπω</span> <span class='ocrx_word' id='word_1_176' title='bbox 849 2762 1067 2827; x_wconf 84' lang='grc' dir='ltr'>πάντως</span> <span class='ocrx_word' id='word_1_177' title='bbox 1091 2763 1166 2834; x_wconf 73' lang='grc'><strong>(2)</strong></span> <span class='ocrx_word' id='word_1_178' title='bbox 1187 2780 1201 2794; x_wconf 73' lang='grc' dir='ltr'><strong>ο</strong></span> <span class='ocrx_word' id='word_1_179' title='bbox 1232 2764 1346 2818; x_wconf 78' lang='grc' dir='ltr'>ἀλλ’</span> <span class='ocrx_word' id='word_1_180' title='bbox 1372 2763 1433 2830; x_wconf 75' lang='grc' dir='ltr'>ἐξ</span> <span class='ocrx_word' id='word_1_181' title='bbox 1461 2765 1636 2837; x_wconf 82' lang='grc' dir='ltr'>ἀρχῆς</span> <span class='ocrx_word' id='word_1_182' title='bbox 1665 2767 1817 2836; x_wconf 79' lang='grc' dir='ltr'>ἡμῖν,</span> 
     </span>
    </p>
   </div>
   <div class='ocr_carea' id='block_1_28' title="bbox 229 2845 1825 2928">
    <p class='ocr_par' dir='ltr' id='par_1_28' title="bbox 229 2845 1825 2928">
     <span class='ocr_line' id='line_1_28' title="bbox 229 2845 1825 2928; baseline 0.002 -21"><span class='ocrx_word' id='word_1_183' title='bbox 229 2845 283 2907; x_wconf 72' lang='grc' dir='ltr'>ὦ</span> <span class='ocrx_word' id='word_1_184' title='bbox 313 2852 641 2925; x_wconf 83' lang='grc' dir='ltr'>Γρηγόριον,</span> <span class='ocrx_word' id='word_1_185' title='bbox 666 2853 882 2927; x_wconf 86' lang='grc' dir='ltr'>πρῶτον</span> <span class='ocrx_word' id='word_1_186' title='bbox 913 2856 1224 2926; x_wconf 81' lang='grc' dir='ltr'>είσήγησαι,</span> <span class='ocrx_word' id='word_1_187' title='bbox 1253 2856 1353 2928; x_wconf 78' lang='grc' dir='ltr'><strong>τήν</strong></span> <span class='ocrx_word' id='word_1_188' title='bbox 1385 2873 1445 2909; x_wconf 89' lang='grc' dir='ltr'>τε</span> <span class='ocrx_word' id='word_1_189' title='bbox 1486 2855 1825 2922; x_wconf 76' lang='grc' dir='ltr'>συνέλευσιν,</span> 
     </span>
    </p>
   </div>
   <div class='ocr_carea' id='block_1_29' title="bbox 231 2944 1814 3021">
    <p class='ocr_par' dir='ltr' id='par_1_29' title="bbox 231 2944 1814 3021">
     <span class='ocr_line' id='line_1_29' title="bbox 231 2944 1814 3021; baseline 0.004 -23"><span class='ocrx_word' id='word_1_190' title='bbox 231 2944 370 2999; x_wconf 71' lang='grc' dir='ltr'>ἔνθα</span> <span class='ocrx_word' id='word_1_191' title='bbox 392 2945 650 3017; x_wconf 73' lang='grc' dir='ltr'>ἐγενήθη,</span> <span class='ocrx_word' id='word_1_192' title='bbox 686 2945 782 2999; x_wconf 77' lang='grc' dir='ltr'>καὶ</span> <span class='ocrx_word' id='word_1_193' title='bbox 822 2946 929 2999; x_wconf 87' lang='grc' dir='ltr'>τῶν</span> <span class='ocrx_word' id='word_1_194' title='bbox 972 2947 1285 3020; x_wconf 76' lang='grc' dir='ltr'>ἐδεσμάτων</span> <span class='ocrx_word' id='word_1_195' title='bbox 1311 2947 1411 3012; x_wconf 83' lang='grc' dir='ltr'><strong>τὰς</strong></span> <span class='ocrx_word' id='word_1_196' title='bbox 1430 2948 1782 3021; x_wconf 84' lang='grc' dir='ltr'>παρασκευάς</span> <span class='ocrx_word' id='word_1_197' title='bbox 1800 2965 1814 2981; x_wconf 76' lang='grc'><strong><em>⁸</em></strong></span> 
     </span>
    </p>
   </div>
   <div class='ocr_carea' id='block_1_30' title="bbox 234 3038 1075 3110">
    <p class='ocr_par' dir='ltr' id='par_1_30' title="bbox 234 3038 1075 3110">
     <span class='ocr_line' id='line_1_30' title="bbox 234 3038 1075 3110; baseline 0.002 -19"><span class='ocrx_word' id='word_1_198' title='bbox 234 3039 475 3110; x_wconf 78' lang='grc' dir='ltr'>σεαυτήν</span> <span class='ocrx_word' id='word_1_199' title='bbox 506 3056 567 3092; x_wconf 88' lang='grc' dir='ltr'>τε</span> <span class='ocrx_word' id='word_1_200' title='bbox 591 3039 712 3104; x_wconf 87' lang='grc' dir='ltr'><strong>πῶς</strong></span> <span class='ocrx_word' id='word_1_201' title='bbox 739 3038 1075 3110; x_wconf 81' lang='grc' dir='ltr'>ᾡνοχόησας.</span> 
     </span>
    </p>
   </div>
   <div class='ocr_carea' id='block_1_31' title="bbox 347 3145 1398 3215">
    <p class='ocr_par' dir='ltr' id='par_1_31' title="bbox 347 3145 1398 3215">
     <span class='ocr_line' id='line_1_31' title="bbox 347 3145 1398 3215; baseline 0.001 -14"><span class='ocrx_word' id='word_1_202' title='bbox 347 3186 364 3201; x_wconf 93' lang='grc'><strong>.</strong></span> <span class='ocrx_word' id='word_1_203' title='bbox 385 3186 401 3200; x_wconf 94' lang='grc'><strong>.</strong></span> <span class='ocrx_word' id='word_1_204' title='bbox 423 3185 438 3198; x_wconf 92' lang='grc'><strong>.</strong></span> <span class='ocrx_word' id='word_1_205' title='bbox 464 3186 478 3200; x_wconf 91' lang='grc'><strong>.</strong></span> <span class='ocrx_word' id='word_1_206' title='bbox 496 3185 513 3200; x_wconf 93' lang='grc'><strong>.</strong></span> <span class='ocrx_word' id='word_1_207' title='bbox 547 3148 619 3201; x_wconf 81' lang='lat' dir='ltr'><strong>Al</strong></span> <span class='ocrx_word' id='word_1_208' title='bbox 650 3145 719 3203; x_wconf 79' lang='grc' dir='ltr'><em>δὲ</em></span> <span class='ocrx_word' id='word_1_209' title='bbox 748 3147 1035 3215; x_wconf 85' lang='grc' dir='ltr'>χρυσέοις</span> <span class='ocrx_word' id='word_1_210' title='bbox 1063 3146 1398 3203; x_wconf 76' lang='grc' dir='ltr'>δεπάεσσιν</span> 
     </span>
    </p>
   </div>
   <div class='ocr_carea' id='block_1_32' title="bbox 306 3215 1814 3289">
    <p class='ocr_par' dir='ltr' id='par_1_32' title="bbox 306 3215 1814 3289">
     <span class='ocr_line' id='line_1_32' title="bbox 306 3215 1814 3289; baseline 0.005 -19"><span class='ocrx_word' id='word_1_211' title='bbox 306 3215 607 3285; x_wconf 78' lang='grc' dir='ltr'><strong>Δειὸἐχατ’</strong></span> <span class='ocrx_word' id='word_1_212' title='bbox 631 3216 928 3283; x_wconf 82' lang='grc' dir='ltr'>ἀλλήλας,</span> <span class='ocrx_word' id='word_1_213' title='bbox 942 3219 1134 3289; x_wconf 77' lang='grc' dir='ltr'>μέγαν</span> <span class='ocrx_word' id='word_1_214' title='bbox 1159 3219 1421 3288; x_wconf 80' lang='grc' dir='ltr'>οὐρανὸν</span> <span class='ocrx_word' id='word_1_215' title='bbox 1444 3222 1814 3289; x_wconf 71' lang='grc' dir='ltr'>εἰσορόωσαι,</span> 
     </span>
    </p>
   </div>
   <div class='ocr_carea' id='block_1_33' title="bbox 309 3329 1819 3407">
    <p class='ocr_par' dir='ltr' id='par_1_33' title="bbox 309 3329 1819 3407">
     <span class='ocr_line' id='line_1_33' title="bbox 309 3329 1819 3407; baseline 0.007 -25"><span class='ocrx_word' id='word_1_216' title='bbox 309 3329 602 3383; x_wconf 85' lang='grc' dir='ltr'><strong>ΓΡΗΓΟΡ.</strong></span> <span class='ocrx_word' id='word_1_217' title='bbox 655 3329 765 3383; x_wconf 80' lang='grc' dir='ltr'><strong>’Δεὶ</strong></span> <span class='ocrx_word' id='word_1_218' title='bbox 790 3330 961 3394; x_wconf 82' lang='grc' dir='ltr'>δεινὸς</span> <span class='ocrx_word' id='word_1_219' title='bbox 1004 3333 1061 3385; x_wconf 82' lang='grc' dir='ltr'>ὲν</span> <span class='ocrx_word' id='word_1_220' title='bbox 1098 3335 1218 3395; x_wconf 85' lang='grc' dir='ltr'>ταῖς</span> <span class='ocrx_word' id='word_1_221' title='bbox 1257 3333 1497 3404; x_wconf 74' lang='grc' dir='ltr'>ὁμιλίαις</span> <span class='ocrx_word' id='word_1_222' title='bbox 1541 3337 1635 3390; x_wconf 76' lang='grc' dir='ltr'>καὶ</span> <span class='ocrx_word' id='word_1_223' title='bbox 1669 3337 1819 3407; x_wconf 78' lang='grc' dir='ltr'>φιλο-</span> 
     </span>
    </p>
   </div>
   <div class='ocr_carea' id='block_1_34' title="bbox 236 3465 1821 3525">
    <p class='ocr_par' dir='ltr' id='par_1_34' title="bbox 236 3465 1821 3525">
     <span class='ocr_line' id='line_1_34' title="bbox 236 3465 1821 3525; baseline 0.002 -4"><span class='ocrx_word' id='word_1_224' title='bbox 236 3466 331 3521; x_wconf 88' lang='lat' dir='ltr'><strong>hic</strong></span> <span class='ocrx_word' id='word_1_225' title='bbox 360 3465 650 3521; x_wconf 70' lang='lat' dir='ltr'><strong>manifeste</strong></span> <span class='ocrx_word' id='word_1_226' title='bbox 678 3465 985 3521; x_wconf 76' lang='lat' dir='ltr'><strong>Methodius</strong></span> <span class='ocrx_word' id='word_1_227' title='bbox 1018 3465 1304 3521; x_wconf 65' lang='lat' dir='ltr'><strong>aemulatus</strong></span> <span class='ocrx_word' id='word_1_228' title='bbox 1345 3473 1447 3520; x_wconf 88' lang='lat' dir='ltr'><strong>est.</strong></span> <span class='ocrx_word' id='word_1_229' title='bbox 1483 3465 1654 3523; x_wconf 89' lang='lat' dir='ltr'><strong>Porro</strong></span> <span class='ocrx_word' id='word_1_230' title='bbox 1685 3467 1821 3525; x_wconf 88' lang='lat' dir='ltr'><strong>Gre-</strong></span> 
     </span>
    </p>
   </div>
   <div class='ocr_carea' id='block_1_35' title="bbox 240 3535 1821 3610">
    <p class='ocr_par' dir='ltr' id='par_1_35' title="bbox 240 3535 1821 3610">
     <span class='ocr_line' id='line_1_35' title="bbox 240 3535 1821 3610; baseline 0.002 -19"><span class='ocrx_word' id='word_1_231' title='bbox 240 3538 484 3610; x_wconf 59' lang='lat' dir='ltr'><strong>gorium,</strong></span> <span class='ocrx_word' id='word_1_232' title='bbox 506 3536 634 3590; x_wconf 90' lang='lat' dir='ltr'><strong>licet</strong></span> <span class='ocrx_word' id='word_1_233' title='bbox 664 3535 881 3599; x_wconf 83' lang='lat' dir='ltr'><strong>mulier,</strong></span> <span class='ocrx_word' id='word_1_234' title='bbox 907 3536 1044 3610; x_wconf 79' lang='lat' dir='ltr'><strong>citra</strong></span> <span class='ocrx_word' id='word_1_235' title='bbox 1076 3536 1240 3610; x_wconf 82' lang='lat' dir='ltr'><strong>ullam</strong></span> <span class='ocrx_word' id='word_1_236' title='bbox 1272 3537 1578 3608; x_wconf 85' lang='grc' dir='ltr'>ἀπρέπειαν</span> <span class='ocrx_word' id='word_1_237' title='bbox 1599 3540 1821 3610; x_wconf 85' lang='lat' dir='ltr'><strong>ﬁngitur</strong></span> 
     </span>
    </p>
   </div>
   <div class='ocr_carea' id='block_1_36' title="bbox 238 3605 1820 3677">
    <p class='ocr_par' dir='ltr' id='par_1_36' title="bbox 238 3605 1820 3677">
     <span class='ocr_line' id='line_1_36' title="bbox 238 3605 1820 3677; baseline 0.001 -15"><span class='ocrx_word' id='word_1_238' title='bbox 238 3608 295 3662; x_wconf 89' lang='lat' dir='ltr'><strong>in</strong></span> <span class='ocrx_word' id='word_1_239' title='bbox 314 3605 642 3677; x_wconf 80' lang='lat' dir='ltr'><strong>familiarem</strong></span> <span class='ocrx_word' id='word_1_240' title='bbox 669 3621 888 3677; x_wconf 87' lang='lat' dir='ltr'><strong>reversa</strong></span> <span class='ocrx_word' id='word_1_241' title='bbox 917 3605 1159 3677; x_wconf 82' lang='lat' dir='ltr'><strong>domum,</strong></span> <span class='ocrx_word' id='word_1_242' title='bbox 1192 3606 1305 3660; x_wconf 62' lang='lat' dir='ltr'><strong>haec</strong></span> <span class='ocrx_word' id='word_1_243' title='bbox 1337 3605 1458 3677; x_wconf 67' lang='lat' dir='ltr'><strong>qua:</strong></span> <span class='ocrx_word' id='word_1_244' title='bbox 1489 3605 1701 3676; x_wconf 57' lang='lat' dir='ltr'><strong>partim&#39;</strong></span> <span class='ocrx_word' id='word_1_245' title='bbox 1739 3610 1820 3664; x_wconf 87' lang='lat' dir='ltr'><strong>vi-</strong></span> 
     </span>
    </p>
   </div>
   <div class='ocr_carea' id='block_1_37' title="bbox 237 3675 1821 3744">
    <p class='ocr_par' dir='ltr' id='par_1_37' title="bbox 237 3675 1821 3744">
     <span class='ocr_line' id='line_1_37' title="bbox 237 3675 1821 3744; baseline 0 -12"><span class='ocrx_word' id='word_1_246' title='bbox 237 3677 417 3739; x_wconf 83' lang='lat' dir='ltr'><strong>derat,</strong></span> <span class='ocrx_word' id='word_1_247' title='bbox 476 3676 676 3744; x_wconf 83' lang='lat' dir='ltr'><strong>partim</strong></span> <span class='ocrx_word' id='word_1_248' title='bbox 714 3676 994 3737; x_wconf 84' lang='lat' dir='ltr'><strong>rescierat,</strong></span> <span class='ocrx_word' id='word_1_249' title='bbox 1030 3675 1095 3729; x_wconf 88' lang='lat' dir='ltr'><strong>ad</strong></span> <span class='ocrx_word' id='word_1_250' title='bbox 1126 3675 1371 3731; x_wconf 83' lang='lat' dir='ltr'><strong>virorum</strong></span> <span class='ocrx_word' id='word_1_251' title='bbox 1426 3675 1630 3733; x_wconf 62' lang='lat' dir='ltr'><strong>coetum</strong></span> <span class='ocrx_word' id='word_1_252' title='bbox 1676 3680 1821 3735; x_wconf 88' lang='lat' dir='ltr'><strong>reci-</strong></span> 
     </span>
    </p>
   </div>
   <div class='ocr_carea' id='block_1_38' title="bbox 239 3744 1819 3809">
    <p class='ocr_par' dir='ltr' id='par_1_38' title="bbox 239 3744 1819 3809">
     <span class='ocr_line' id='line_1_38' title="bbox 239 3744 1819 3809; baseline 0.002 -8"><span class='ocrx_word' id='word_1_253' title='bbox 239 3755 410 3802; x_wconf 87' lang='lat' dir='ltr'><strong>tasse.</strong></span> <span class='ocrx_word' id='word_1_254' title='bbox 441 3744 598 3801; x_wconf 78' lang='lat' dir='ltr'><strong>Alios</strong></span> <span class='ocrx_word' id='word_1_255' title='bbox 629 3745 773 3799; x_wconf 91' lang='lat' dir='ltr'><strong>enim</strong></span> <span class='ocrx_word' id='word_1_256' title='bbox 815 3761 940 3800; x_wconf 92' lang='lat' dir='ltr'><strong>cum</strong></span> <span class='ocrx_word' id='word_1_257' title='bbox 986 3745 1219 3801; x_wconf 86' lang='lat' dir='ltr'><strong>Eubulio</strong></span> <span class='ocrx_word' id='word_1_258' title='bbox 1251 3746 1440 3809; x_wconf 86' lang='lat' dir='ltr'><strong>fuisse,</strong></span> <span class='ocrx_word' id='word_1_259' title='bbox 1488 3764 1598 3803; x_wconf 91' lang='lat' dir='ltr'><strong>non</strong></span> <span class='ocrx_word' id='word_1_260' title='bbox 1647 3750 1819 3805; x_wconf 90' lang='lat' dir='ltr'><strong>semel</strong></span> 
     </span>
    </p>
   </div>
   <div class='ocr_carea' id='block_1_39' title="bbox 239 3816 1819 3889">
    <p class='ocr_par' dir='ltr' id='par_1_39' title="bbox 239 3816 1819 3889">
     <span class='ocr_line' id='line_1_39' title="bbox 239 3816 1819 3889; baseline 0.001 -17"><span class='ocrx_word' id='word_1_261' title='bbox 239 3816 574 3889; x_wconf 63' lang='lat' dir='ltr'><strong>indicatur;</strong></span> <span class='ocrx_word' id='word_1_262' title='bbox 611 3823 672 3889; x_wconf 78' lang='lat' dir='ltr'><strong>ut</strong></span> <span class='ocrx_word' id='word_1_263' title='bbox 725 3816 1044 3889; x_wconf 26' lang='lat' dir='ltr'><strong>illisﬂverhis</strong></span> <span class='ocrx_word' id='word_1_264' title='bbox 1068 3816 1304 3889; x_wconf 86' lang='lat' dir='ltr'><strong>_Eubulii</strong></span> <span class='ocrx_word' id='word_1_265' title='bbox 1356 3817 1600 3889; x_wconf 78' lang='lat' dir='ltr'><strong>ejusdem</strong></span> <span class='ocrx_word' id='word_1_266' title='bbox 1658 3821 1819 3889; x_wconf 86' lang='lat' dir='ltr'><strong>paulo</strong></span> 
     </span>
    </p>
   </div>
   <div class='ocr_carea' id='block_1_40' title="bbox 341 3881 1821 3957">
    <p class='ocr_par' dir='ltr' id='par_1_40' title="bbox 341 3881 1821 3957">
     <span class='ocr_line' id='line_1_40' title="bbox 341 3881 1821 3957; baseline 0.001 -16"><span class='ocrx_word' id='word_1_267' title='bbox 341 3895 382 3953; x_wconf 88' lang='lat' dir='ltr'><strong>t,</strong></span> <span class='ocrx_word' id='word_1_268' title='bbox 410 3888 507 3957; x_wconf 83' lang='grc' dir='ltr'><strong>Μὴ</strong></span> <span class='ocrx_word' id='word_1_269' title='bbox 532 3887 768 3957; x_wconf 79' lang='grc' dir='ltr'>ὀκνήσῃς</span> <span class='ocrx_word' id='word_1_270' title='bbox 795 3885 891 3940; x_wconf 83' lang='grc' dir='ltr'>νῦν</span> <span class='ocrx_word' id='word_1_271' title='bbox 914 3888 1041 3957; x_wconf 71' lang='grc' dir='ltr'>περὶ</span> <span class='ocrx_word' id='word_1_272' title='bbox 1061 3881 1134 3940; x_wconf 87' lang='grc' dir='ltr'><strong>ὧν</strong></span> <span class='ocrx_word' id='word_1_273' title='bbox 1153 3881 1534 3957; x_wconf 72' lang='grc' dir='ltr'>πυνθανόμεθά</span> <span class='ocrx_word' id='word_1_274' title='bbox 1556 3881 1674 3945; x_wconf 63' lang='grc' dir='ltr'>σουξ</span> <span class='ocrx_word' id='word_1_275' title='bbox 1692 3890 1821 3943; x_wconf 85' lang='grc' dir='ltr'>ἀκο-</span> 
     </span>
    </p>
   </div>
   <div class='ocr_carea' id='block_1_41' title="bbox 300 3956 1815 4028">
    <p class='ocr_par' dir='ltr' id='par_1_41' title="bbox 300 3956 1815 4028">
     <span class='ocr_line' id='line_1_41' title="bbox 300 3956 1815 4028; baseline 0.002 -17"><span class='ocrx_word' id='word_1_276' title='bbox 300 3958 446 4021; x_wconf 77' lang='grc' dir='ltr'>ύθως</span> <span class='ocrx_word' id='word_1_277' title='bbox 470 3956 605 4027; x_wconf 76' lang='grc' dir='ltr'>ἡμῖν</span> <span class='ocrx_word' id='word_1_278' title='bbox 651 3956 868 4028; x_wconf 79' lang='grc' dir='ltr'>ἅπαντα</span> <span class='ocrx_word' id='word_1_279' title='bbox 892 3956 1117 4028; x_wconf 70' lang='grc' dir='ltr'>διελθεῖν</span> <span class='ocrx_word' id='word_1_280' title='bbox 1143 3975 1155 4010; x_wconf 95' lang='lat'><strong>:</strong></span> <span class='ocrx_word' id='word_1_281' title='bbox 1190 3966 1244 4028; x_wconf 85' lang='lat' dir='ltr'><strong>et</strong></span> <span class='ocrx_word' id='word_1_282' title='bbox 1277 3956 1581 4028; x_wconf 38' lang='lat' dir='ltr'><strong>illis&#39;ipsius</strong></span> <span class='ocrx_word' id='word_1_283' title='bbox 1610 3957 1815 4028; x_wconf 82' lang='lat' dir='ltr'><strong>Grego-</strong></span> 
     </span>
    </p>
   </div>
   <div class='ocr_carea' id='block_1_42' title="bbox 234 4026 1819 4099">
    <p class='ocr_par' dir='ltr' id='par_1_42' title="bbox 234 4026 1819 4099">
     <span class='ocr_line' id='line_1_42' title="bbox 234 4026 1819 4099; baseline 0 -17"><span class='ocrx_word' id='word_1_284' title='bbox 234 4029 309 4099; x_wconf 81' lang='lat' dir='ltr'><strong>rii</strong></span> <span class='ocrx_word' id='word_1_285' title='bbox 329 4044 463 4099; x_wconf 2' lang='lat' dir='ltr'><strong>mox,</strong></span> <span class='ocrx_word' id='word_1_286' title='bbox 485 4026 865 4099; x_wconf 78' lang='lat' dir='ltr'><strong>respondentis</strong></span> <span class='ocrx_word' id='word_1_287' title='bbox 892 4046 905 4081; x_wconf 93' lang='lat'>:</span> <span class='ocrx_word' id='word_1_288' title='bbox 946 4026 1037 4099; x_wconf 47' lang='lat' dir='ltr'><strong>At}</strong></span> <span class='ocrx_word' id='word_1_289' title='bbox 1059 4026 1246 4099; x_wconf 52' lang='lat' dir='ltr'><strong>diioui.</strong></span> <span class='ocrx_word' id='word_1_290' title='bbox 1275 4027 1601 4099; x_wconf 79' lang='grc' dir='ltr'>ἐσπούδαζον</span> <span class='ocrx_word' id='word_1_291' title='bbox 1633 4026 1819 4099; x_wconf 53' lang='grc' dir='ltr'>τάχιον</span> 
     </span>
    </p>
   </div>
   <div class='ocr_carea' id='block_1_43' title="bbox 236 4096 1816 4169">
    <p class='ocr_par' dir='ltr' id='par_1_43' title="bbox 236 4096 1816 4169">
     <span class='ocr_line' id='line_1_43' title="bbox 236 4096 1816 4169; baseline 0.001 -17"><span class='ocrx_word' id='word_1_292' title='bbox 236 4098 395 4169; x_wconf 73' lang='grc' dir='ltr'>δεῦρο</span> <span class='ocrx_word' id='word_1_293' title='bbox 425 4096 603 4169; x_wconf 73' lang='grc' dir='ltr'>ἐλθεῖν</span> <span class='ocrx_word' id='word_1_294' title='bbox 628 4096 766 4169; x_wconf 75' lang='grc' dir='ltr'>πρὸς</span> <span class='ocrx_word' id='word_1_295' title='bbox 789 4099 953 4169; x_wconf 80' lang='grc' dir='ltr'>ὑμᾶς.</span> <span class='ocrx_word' id='word_1_296' title='bbox 986 4096 1062 4152; x_wconf 79' lang='lat' dir='ltr'><strong>Ex</strong></span> <span class='ocrx_word' id='word_1_297' title='bbox 1095 4096 1179 4169; x_wconf 72' lang='lat' dir='ltr'><strong>liis</strong></span> <span class='ocrx_word' id='word_1_298' title='bbox 1211 4096 1816 4169; x_wconf 15' lang='lat' dir='ltr'><strong>conjectamurinoinen</strong></span> 
     </span>
    </p>
   </div>
   <div class='ocr_carea' id='block_1_44' title="bbox 238 4167 1815 4238">
    <p class='ocr_par' dir='ltr' id='par_1_44' title="bbox 238 4167 1815 4238">
     <span class='ocr_line' id='line_1_44' title="bbox 238 4167 1815 4238; baseline 0 -16"><span class='ocrx_word' id='word_1_299' title='bbox 238 4167 423 4224; x_wconf 74' lang='lat' dir='ltr'><strong>verum</strong></span> <span class='ocrx_word' id='word_1_300' title='bbox 448 4167 638 4238; x_wconf 70' lang='lat' dir='ltr'><strong>prima:</strong></span> <span class='ocrx_word' id='word_1_301' title='bbox 661 4167 1089 4238; x_wconf 44' lang='lat' dir='ltr'><strong>hujus&#39;personai</strong></span> <span class='ocrx_word' id='word_1_302' title='bbox 1113 4168 1167 4221; x_wconf 92' lang='lat' dir='ltr'><strong>in</strong></span> <span class='ocrx_word' id='word_1_303' title='bbox 1189 4175 1339 4238; x_wconf 84' lang='lat' dir='ltr'><strong>recto</strong></span> <span class='ocrx_word' id='word_1_304' title='bbox 1358 4183 1480 4224; x_wconf 89' lang='lat' dir='ltr'><strong>esse</strong></span> <span class='ocrx_word' id='word_1_305' title='bbox 1509 4168 1815 4235; x_wconf 77' lang='grc' dir='ltr'>Εὐϐούλιος,</span> 
     </span>
    </p>
   </div>
   <div class='ocr_carea' id='block_1_45' title="bbox 240 4237 1820 4310">
    <p class='ocr_par' dir='ltr' id='par_1_45' title="bbox 240 4237 1820 4310">
     <span class='ocr_line' id='line_1_45' title="bbox 240 4237 1820 4310; baseline -0.003 -16"><span class='ocrx_word' id='word_1_306' title='bbox 240 4240 430 4310; x_wconf 82' lang='lat' dir='ltr'><strong>sicque</strong></span> <span class='ocrx_word' id='word_1_307' title='bbox 448 4237 477 4310; x_wconf 45' lang='grc' dir='ltr'><strong>ξ</strong></span> <span class='ocrx_word' id='word_1_308' title='bbox 493 4238 697 4306; x_wconf 84' lang='lat' dir='ltr'><strong>ubique</strong></span> <span class='ocrx_word' id='word_1_309' title='bbox 740 4237 1156 4309; x_wconf 81' lang='lat' dir='ltr'><strong>rescripsimus.</strong></span> <span class='ocrx_word' id='word_1_310' title='bbox 1187 4237 1433 4310; x_wconf 12' lang='lat' dir='ltr'><strong>iNeque_</strong></span> <span class='ocrx_word' id='word_1_311' title='bbox 1449 4239 1592 4293; x_wconf 88' lang='lat' dir='ltr'><strong>enim</strong></span> <span class='ocrx_word' id='word_1_312' title='bbox 1618 4254 1820 4310; x_wconf 73' lang='lat' dir='ltr'><strong>exeun-</strong></span> 
     </span>
    </p>
   </div>
   <div class='ocr_carea' id='block_1_46' title="bbox 273 4307 1821 4379">
    <p class='ocr_par' dir='ltr' id='par_1_46' title="bbox 273 4307 1821 4379">
     <span class='ocr_line' id='line_1_46' title="bbox 273 4307 1821 4379; baseline -0.001 -17"><span class='ocrx_word' id='word_1_313' title='bbox 273 4307 581 4363; x_wconf 78' lang='lat' dir='ltr'><strong>luinullum</strong></span> <span class='ocrx_word' id='word_1_314' title='bbox 611 4316 827 4363; x_wconf 78' lang='lat' dir='ltr'><strong>exstare</strong></span> <span class='ocrx_word' id='word_1_315' title='bbox 860 4307 1119 4379; x_wconf 71' lang='lat' dir='ltr'><strong>putamus</strong></span> <span class='ocrx_word' id='word_1_316' title='bbox 1147 4309 1251 4362; x_wconf 89' lang='lat' dir='ltr'><strong>viri</strong></span> <span class='ocrx_word' id='word_1_317' title='bbox 1283 4309 1373 4379; x_wconf 86' lang='lat' dir='ltr'><strong>qui</strong></span> <span class='ocrx_word' id='word_1_318' title='bbox 1396 4307 1582 4379; x_wconf 72' lang='lat' dir='ltr'><strong>Graece</strong></span> <span class='ocrx_word' id='word_1_319' title='bbox 1616 4308 1821 4379; x_wconf 75' lang='grc' dir='ltr'><strong>Εὐϐού-</strong></span> 
     </span>
    </p>
   </div>
   <div class='ocr_carea' id='block_1_47' title="bbox 238 4325 1809 4448">
    <p class='ocr_par' dir='ltr' id='par_1_47' title="bbox 238 4325 1809 4448">
     <span class='ocr_line' id='line_1_47' title="bbox 238 4325 1809 4431; baseline -0.001 -69"><span class='ocrx_word' id='word_1_320' title='bbox 238 4325 581 4431; x_wconf 67' lang='lat' dir='ltr'><strong>ptumuttum</strong></span> <span class='ocrx_word' id='word_1_321' title='bbox 611 4325 827 4363; x_wconf 77' lang='lat' dir='ltr'><strong>exStare</strong></span> <span class='ocrx_word' id='word_1_322' title='bbox 860 4325 1113 4377; x_wconf 85' lang='lat' dir='ltr'><strong>putamus</strong></span> <span class='ocrx_word' id='word_1_323' title='bbox 1147 4325 1251 4362; x_wconf 87' lang='lat' dir='ltr'><strong>vm</strong></span> <span class='ocrx_word' id='word_1_324' title='bbox 1283 4325 1373 4379; x_wconf 77' lang='lat' dir='ltr'><strong>qui</strong></span> <span class='ocrx_word' id='word_1_325' title='bbox 1396 4325 1582 4363; x_wconf 71' lang='lat' dir='ltr'><strong>uncce</strong></span> <span class='ocrx_word' id='word_1_326' title='bbox 1616 4325 1809 4361; x_wconf 73' lang='lat' dir='ltr'><strong>meou-</strong></span> 
     </span>
     <span class='ocr_line' id='line_1_48' title="bbox 273 4377 1809 4448; baseline 0.001 -16"><span class='ocrx_word' id='word_1_327' title='bbox 273 4396 349 4432; x_wconf 84' lang='grc' dir='ltr'><strong>ιον</strong></span> <span class='ocrx_word' id='word_1_328' title='bbox 400 4384 658 4448; x_wconf 79' lang='lat' dir='ltr'><strong>vocetur.</strong></span> <span class='ocrx_word' id='word_1_329' title='bbox 707 4379 892 4448; x_wconf 90' lang='lat' dir='ltr'><strong>Itaque</strong></span> <span class='ocrx_word' id='word_1_330' title='bbox 943 4395 1051 4433; x_wconf 92' lang='lat' dir='ltr'><strong>non</strong></span> <span class='ocrx_word' id='word_1_331' title='bbox 1096 4378 1410 4435; x_wconf 89' lang='lat' dir='ltr'><strong>dubitamus</strong></span> <span class='ocrx_word' id='word_1_332' title='bbox 1459 4377 1745 4442; x_wconf 77' lang='grc' dir='ltr'>Εὐδούλιος</span> <span class='ocrx_word' id='word_1_333' title='bbox 1778 4395 1809 4434; x_wconf 90' lang='lat' dir='ltr'><strong>a</strong></span> 
     </span>
    </p>
   </div>
   <div class='ocr_carea' id='block_1_48' title="bbox 1926 464 3500 539">
    <p class='ocr_par' dir='ltr' id='par_1_48' title="bbox 1926 464 3500 539">
     <span class='ocr_line' id='line_1_49' title="bbox 1926 464 3500 539; baseline 0.003 -19"><span class='ocrx_word' id='word_1_334' title='bbox 1926 479 2020 520; x_wconf 90' lang='lat' dir='ltr'><strong>eas</strong></span> <span class='ocrx_word' id='word_1_335' title='bbox 2052 464 2340 537; x_wconf 82' lang='lat' dir='ltr'><strong>magniﬁce</strong></span> <span class='ocrx_word' id='word_1_336' title='bbox 2379 465 2516 521; x_wconf 89' lang='lat' dir='ltr'><strong>adeo</strong></span> <span class='ocrx_word' id='word_1_337' title='bbox 2541 481 2605 521; x_wconf 90' lang='lat' dir='ltr'><strong>ac</strong></span> <span class='ocrx_word' id='word_1_338' title='bbox 2634 467 2883 537; x_wconf 80' lang='lat' dir='ltr'><strong>gnaviter</strong></span> <span class='ocrx_word' id='word_1_339' title='bbox 2904 482 3005 538; x_wconf 90' lang='lat' dir='ltr'><strong>pro</strong></span> <span class='ocrx_word' id='word_1_340' title='bbox 3037 483 3098 524; x_wconf 88' lang='lat' dir='ltr'><strong>se</strong></span> <span class='ocrx_word' id='word_1_341' title='bbox 3126 484 3402 539; x_wconf 85' lang='lat' dir='ltr'><strong>quamque</strong></span> <span class='ocrx_word' id='word_1_342' title='bbox 3440 469 3500 524; x_wconf 87' lang='lat' dir='ltr'><strong>in</strong></span> 
     </span>
    </p>
   </div>
   <div class='ocr_carea' id='block_1_49' title="bbox 1925 555 3498 623">
    <p class='ocr_par' dir='ltr' id='par_1_49' title="bbox 1925 555 3498 623">
     <span class='ocr_line' id='line_1_50' title="bbox 1925 555 3498 623; baseline 0.003 -11"><span class='ocrx_word' id='word_1_343' title='bbox 1925 570 1989 612; x_wconf 88' lang='lat' dir='ltr'><strong>ea</strong></span> <span class='ocrx_word' id='word_1_344' title='bbox 2018 555 2370 612; x_wconf 84' lang='lat' dir='ltr'><strong>contentione</strong></span> <span class='ocrx_word' id='word_1_345' title='bbox 2418 573 2541 613; x_wconf 90' lang='lat' dir='ltr'><strong>esse</strong></span> <span class='ocrx_word' id='word_1_346' title='bbox 2597 567 2870 623; x_wconf 86' lang='lat' dir='ltr'><strong>versatas,</strong></span> <span class='ocrx_word' id='word_1_347' title='bbox 2910 565 2972 612; x_wconf 91' lang='lat' dir='ltr'><strong>ut</strong></span> <span class='ocrx_word' id='word_1_348' title='bbox 3011 560 3151 614; x_wconf 89' lang='lat' dir='ltr'><strong>nihil</strong></span> <span class='ocrx_word' id='word_1_349' title='bbox 3203 559 3498 617; x_wconf 89' lang='lat' dir='ltr'><strong>admodum</strong></span> 
     </span>
    </p>
   </div>
   <div class='ocr_carea' id='block_1_50' title="bbox 1925 648 3499 721">
    <p class='ocr_par' dir='ltr' id='par_1_50' title="bbox 1925 648 3499 721">
     <span class='ocr_line' id='line_1_51' title="bbox 1925 648 3499 721; baseline 0.003 -18"><span class='ocrx_word' id='word_1_350' title='bbox 1925 648 2231 714; x_wconf 91' lang='lat' dir='ltr'><strong>omiserint,</strong></span> <span class='ocrx_word' id='word_1_351' title='bbox 2259 649 2406 721; x_wconf 92' lang='lat' dir='ltr'><strong>quod</strong></span> <span class='ocrx_word' id='word_1_352' title='bbox 2437 648 2504 704; x_wconf 90' lang='lat' dir='ltr'><strong>ad</strong></span> <span class='ocrx_word' id='word_1_353' title='bbox 2536 651 2696 705; x_wconf 86' lang='lat' dir='ltr'><strong>istius</strong></span> <span class='ocrx_word' id='word_1_354' title='bbox 2721 651 3026 719; x_wconf 78' lang='lat' dir='ltr'><strong>argumenti</strong></span> <span class='ocrx_word' id='word_1_355' title='bbox 3062 652 3274 721; x_wconf 88' lang='lat' dir='ltr'><strong>plenam</strong></span> <span class='ocrx_word' id='word_1_356' title='bbox 3299 661 3499 707; x_wconf 86' lang='lat' dir='ltr'><strong>tracta-</strong></span> 
     </span>
    </p>
   </div>
   <div class='ocr_carea' id='block_1_51' title="bbox 1924 738 3501 813">
    <p class='ocr_par' dir='ltr' id='par_1_51' title="bbox 1924 738 3501 813">
     <span class='ocr_line' id='line_1_52' title="bbox 1924 738 3501 813; baseline 0.004 -20"><span class='ocrx_word' id='word_1_357' title='bbox 1924 738 2128 794; x_wconf 87' lang='lat' dir='ltr'><strong>tionem</strong></span> <span class='ocrx_word' id='word_1_358' title='bbox 2156 740 2328 797; x_wconf 89' lang='lat' dir='ltr'><strong>videri</strong></span> <span class='ocrx_word' id='word_1_359' title='bbox 2369 741 2744 797; x_wconf 88' lang='lat' dir='ltr'><strong>necessarium</strong></span> <span class='ocrx_word' id='word_1_360' title='bbox 2789 743 2983 812; x_wconf 86' lang='lat' dir='ltr'><strong>possit.</strong></span> <span class='ocrx_word' id='word_1_361' title='bbox 3027 739 3086 796; x_wconf 74' lang='lat' dir='ltr'><strong>Si</strong></span> <span class='ocrx_word' id='word_1_362' title='bbox 3131 758 3260 813; x_wconf 79' lang='lat' dir='ltr'><strong>ergo</strong></span> <span class='ocrx_word' id='word_1_363' title='bbox 3303 743 3501 801; x_wconf 82' lang='lat' dir='ltr'><strong>venisti</strong></span> 
     </span>
    </p>
   </div>
   <div class='ocr_carea' id='block_1_52' title="bbox 1924 831 3498 904">
    <p class='ocr_par' dir='ltr' id='par_1_52' title="bbox 1924 831 3498 904">
     <span class='ocr_line' id='line_1_53' title="bbox 1924 831 3498 904; baseline 0 -16"><span class='ocrx_word' id='word_1_364' title='bbox 1924 831 2243 891; x_wconf 86' lang='lat' dir='ltr'><strong>reialterius</strong></span> <span class='ocrx_word' id='word_1_365' title='bbox 2259 844 2452 901; x_wconf 82' lang='lat' dir='ltr'><strong>causa,</strong></span> <span class='ocrx_word' id='word_1_366' title='bbox 2467 847 2589 890; x_wconf 90' lang='lat' dir='ltr'><strong>eam</strong></span> <span class='ocrx_word' id='word_1_367' title='bbox 2603 847 2787 903; x_wconf 83' lang='lat' dir='ltr'><strong>quaeso</strong></span> <span class='ocrx_word' id='word_1_368' title='bbox 2812 834 2865 887; x_wconf 86' lang='lat' dir='ltr'><strong>in</strong></span> <span class='ocrx_word' id='word_1_369' title='bbox 2894 840 3107 904; x_wconf 85' lang='lat' dir='ltr'><strong>tempus</strong></span> <span class='ocrx_word' id='word_1_370' title='bbox 3137 834 3285 888; x_wconf 90' lang='lat' dir='ltr'><strong>aliud</strong></span> <span class='ocrx_word' id='word_1_371' title='bbox 3307 835 3498 900; x_wconf 87' lang='lat' dir='ltr'><strong>dilata,</strong></span> 
     </span>
    </p>
   </div>
   <div class='ocr_carea' id='block_1_53' title="bbox 1925 923 3502 996">
    <p class='ocr_par' dir='ltr' id='par_1_53' title="bbox 1925 923 3502 996">
     <span class='ocr_line' id='line_1_54' title="bbox 1925 923 3502 996; baseline 0.003 -18"><span class='ocrx_word' id='word_1_372' title='bbox 1925 939 1996 980; x_wconf 90' lang='lat' dir='ltr'><strong>ne</strong></span> <span class='ocrx_word' id='word_1_373' title='bbox 2027 923 2287 979; x_wconf 88' lang='lat' dir='ltr'><strong>continue</strong></span> <span class='ocrx_word' id='word_1_374' title='bbox 2330 925 2574 995; x_wconf 78' lang='lat' dir='ltr'><strong>graveris</strong></span> <span class='ocrx_word' id='word_1_375' title='bbox 2605 926 2926 996; x_wconf 83' lang='lat' dir='ltr'><strong>rogantibus</strong></span> <span class='ocrx_word' id='word_1_376' title='bbox 2964 925 3123 981; x_wconf 90' lang='lat' dir='ltr'><strong>nobis</strong></span> <span class='ocrx_word' id='word_1_377' title='bbox 3168 932 3369 981; x_wconf 85' lang='lat' dir='ltr'><strong>cuncta</strong></span> <span class='ocrx_word' id='word_1_378' title='bbox 3408 940 3502 983; x_wconf 69' lang='lat' dir='ltr'><strong>oro-</strong></span> 
     </span>
    </p>
   </div>
   <div class='ocr_carea' id='block_1_54' title="bbox 1924 1014 2619 1073">
    <p class='ocr_par' dir='ltr' id='par_1_54' title="bbox 1924 1014 2619 1073">
     <span class='ocr_line' id='line_1_55' title="bbox 1924 1014 2619 1073; baseline -0.004 -1"><span class='ocrx_word' id='word_1_379' title='bbox 1924 1015 2054 1073; x_wconf 90' lang='lat' dir='ltr'><strong>dine</strong></span> <span class='ocrx_word' id='word_1_380' title='bbox 2088 1014 2312 1070; x_wconf 84' lang='lat' dir='ltr'><strong>referre.</strong></span> <span class='ocrx_word' id='word_1_381' title='bbox 2614 1030 2619 1039; x_wconf 58' lang='grc' dir='ltr'>ί</span> 
     </span>
    </p>
   </div>
   <div class='ocr_carea' id='block_1_55' title="bbox 1993 1127 3499 1200">
    <p class='ocr_par' dir='ltr' id='par_1_55' title="bbox 1993 1127 3499 1200">
     <span class='ocr_line' id='line_1_56' title="bbox 1993 1127 3499 1200; baseline -0.001 -13"><span class='ocrx_word' id='word_1_382' title='bbox 1993 1128 2200 1187; x_wconf 83' lang='lat' dir='ltr'><strong>GREG.</strong></span> <span class='ocrx_word' id='word_1_383' title='bbox 2239 1127 2368 1199; x_wconf 88' lang='lat' dir='ltr'><strong>Spe,</strong></span> <span class='ocrx_word' id='word_1_384' title='bbox 2394 1143 2539 1195; x_wconf 90' lang='lat' dir='ltr'><strong>reor,</strong></span> <span class='ocrx_word' id='word_1_385' title='bbox 2586 1128 2848 1184; x_wconf 87' lang='lat' dir='ltr'><strong>frustrata</strong></span> <span class='ocrx_word' id='word_1_386' title='bbox 2887 1144 3009 1184; x_wconf 92' lang='lat' dir='ltr'><strong>sum</strong></span> <span class='ocrx_word' id='word_1_387' title='bbox 3053 1147 3067 1185; x_wconf 90' lang='lat'><strong>:</strong></span> <span class='ocrx_word' id='word_1_388' title='bbox 3110 1128 3499 1200; x_wconf 71' lang='lat' dir='ltr'><strong>prteripuitque</strong></span> 
     </span>
    </p>
   </div>
   <div class='ocr_carea' id='block_1_56' title="bbox 1923 1220 3499 1293">
    <p class='ocr_par' dir='ltr' id='par_1_56' title="bbox 1923 1220 3499 1293">
     <span class='ocr_line' id='line_1_57' title="bbox 1923 1220 3499 1293; baseline -0.001 -15"><span class='ocrx_word' id='word_1_389' title='bbox 1923 1224 2058 1278; x_wconf 89' lang='lat' dir='ltr'><strong>mihi</strong></span> <span class='ocrx_word' id='word_1_390' title='bbox 2096 1222 2295 1293; x_wconf 89' lang='lat' dir='ltr'><strong>aliquis</strong></span> <span class='ocrx_word' id='word_1_391' title='bbox 2347 1222 2576 1292; x_wconf 86' lang='lat' dir='ltr'><strong>gratiam</strong></span> <span class='ocrx_word' id='word_1_392' title='bbox 2635 1221 2798 1292; x_wconf 87' lang='lat' dir='ltr'><strong>primi</strong></span> <span class='ocrx_word' id='word_1_393' title='bbox 2834 1220 3046 1286; x_wconf 89' lang='lat' dir='ltr'><strong>nuntii,</strong></span> <span class='ocrx_word' id='word_1_394' title='bbox 3087 1236 3277 1276; x_wconf 91' lang='lat' dir='ltr'><strong>earum</strong></span> <span class='ocrx_word' id='word_1_395' title='bbox 3311 1236 3499 1276; x_wconf 89' lang='lat' dir='ltr'><strong>rerum</strong></span> 
     </span>
    </p>
   </div>
   <div class='ocr_carea' id='block_1_57' title="bbox 1925 1312 3498 1385">
    <p class='ocr_par' dir='ltr' id='par_1_57' title="bbox 1925 1312 3498 1385">
     <span class='ocr_line' id='line_1_58' title="bbox 1925 1312 3498 1385; baseline -0.003 -14"><span class='ocrx_word' id='word_1_396' title='bbox 1925 1316 1993 1373; x_wconf 90' lang='lat' dir='ltr'><strong>de</strong></span> <span class='ocrx_word' id='word_1_397' title='bbox 2031 1315 2233 1385; x_wconf 90' lang='lat' dir='ltr'><strong>quibus</strong></span> <span class='ocrx_word' id='word_1_398' title='bbox 2274 1313 2598 1370; x_wconf 87' lang='lat' dir='ltr'><strong>sciscitaris.</strong></span> <span class='ocrx_word' id='word_1_399' title='bbox 2641 1312 2757 1384; x_wconf 86' lang='lat' dir='ltr'><strong>Ego</strong></span> <span class='ocrx_word' id='word_1_400' title='bbox 2795 1327 2927 1367; x_wconf 83' lang='lat' dir='ltr'><strong>vero</strong></span> <span class='ocrx_word' id='word_1_401' title='bbox 2977 1312 3114 1367; x_wconf 88' lang='lat' dir='ltr'><strong>nihil</strong></span> <span class='ocrx_word' id='word_1_402' title='bbox 3146 1313 3344 1368; x_wconf 89' lang='lat' dir='ltr'><strong>horum</strong></span> <span class='ocrx_word' id='word_1_403' title='bbox 3375 1320 3430 1369; x_wconf 91' lang='lat' dir='ltr'><strong>te</strong></span> <span class='ocrx_word' id='word_1_404' title='bbox 3466 1328 3498 1367; x_wconf 86' lang='lat' dir='ltr'><strong>a</strong></span> 
     </span>
    </p>
   </div>
   <div class='ocr_carea' id='block_1_58' title="bbox 1923 1404 3496 1479">
    <p class='ocr_par' dir='ltr' id='par_1_58' title="bbox 1923 1404 3496 1479">
     <span class='ocr_line' id='line_1_59' title="bbox 1923 1404 3496 1479; baseline -0.003 -16"><span class='ocrx_word' id='word_1_405' title='bbox 1923 1422 2197 1479; x_wconf 88' lang='lat' dir='ltr'><strong>quoquam</strong></span> <span class='ocrx_word' id='word_1_406' title='bbox 2234 1405 2512 1461; x_wconf 83' lang='lat' dir='ltr'><strong>audivisse</strong></span> <span class='ocrx_word' id='word_1_407' title='bbox 2544 1404 2865 1459; x_wconf 80' lang='lat' dir='ltr'><strong>existimans</strong></span> <span class='ocrx_word' id='word_1_408' title='bbox 2888 1444 2904 1467; x_wconf 92' lang='lat'><strong>,</strong></span> <span class='ocrx_word' id='word_1_409' title='bbox 2935 1404 3230 1473; x_wconf 81' lang='lat' dir='ltr'><strong>gestiebam</strong></span> <span class='ocrx_word' id='word_1_410' title='bbox 3265 1404 3496 1469; x_wconf 82' lang='lat' dir='ltr'><strong>scilicet,</strong></span> 
     </span>
    </p>
   </div>
   <div class='ocr_carea' id='block_1_59' title="bbox 1923 1495 3497 1573">
    <p class='ocr_par' dir='ltr' id='par_1_59' title="bbox 1923 1495 3497 1573">
     <span class='ocr_line' id='line_1_60' title="bbox 1923 1495 3497 1573; baseline -0.003 -17"><span class='ocrx_word' id='word_1_411' title='bbox 1923 1501 2318 1573; x_wconf 89' lang='lat' dir='ltr'><strong>placebamque</strong></span> <span class='ocrx_word' id='word_1_412' title='bbox 2356 1512 2467 1552; x_wconf 91' lang='lat' dir='ltr'><strong>non</strong></span> <span class='ocrx_word' id='word_1_413' title='bbox 2506 1512 2698 1567; x_wconf 89' lang='lat' dir='ltr'><strong>parum</strong></span> <span class='ocrx_word' id='word_1_414' title='bbox 2729 1496 2885 1559; x_wconf 85' lang='lat' dir='ltr'><strong>mihi,</strong></span> <span class='ocrx_word' id='word_1_415' title='bbox 2914 1510 2980 1551; x_wconf 92' lang='lat' dir='ltr'><strong>eo</strong></span> <span class='ocrx_word' id='word_1_416' title='bbox 3008 1495 3155 1566; x_wconf 91' lang='lat' dir='ltr'><strong>quod</strong></span> <span class='ocrx_word' id='word_1_417' title='bbox 3187 1496 3284 1551; x_wconf 90' lang='lat' dir='ltr'><strong>tibi</strong></span> <span class='ocrx_word' id='word_1_418' title='bbox 3320 1496 3497 1566; x_wconf 88' lang='lat' dir='ltr'><strong>prima</strong></span> 
     </span>
    </p>
   </div>
   <div class='ocr_carea' id='block_1_60' title="bbox 1923 1587 3498 1656">
    <p class='ocr_par' dir='ltr' id='par_1_60' title="bbox 1923 1587 3498 1656">
     <span class='ocr_line' id='line_1_61' title="bbox 1923 1587 3498 1656; baseline -0.002 -8"><span class='ocrx_word' id='word_1_419' title='bbox 1923 1594 2174 1648; x_wconf 89' lang='lat' dir='ltr'><strong>nuntium</strong></span> <span class='ocrx_word' id='word_1_420' title='bbox 2198 1592 2429 1646; x_wconf 89' lang='lat' dir='ltr'><strong>allatura</strong></span> <span class='ocrx_word' id='word_1_421' title='bbox 2444 1605 2616 1646; x_wconf 90' lang='lat' dir='ltr'><strong>eram.</strong></span> <span class='ocrx_word' id='word_1_422' title='bbox 2635 1588 2816 1656; x_wconf 84' lang='lat' dir='ltr'><strong>Quare</strong></span> <span class='ocrx_word' id='word_1_423' title='bbox 2836 1587 3162 1644; x_wconf 88' lang='lat' dir='ltr'><strong>festinabam</strong></span> <span class='ocrx_word' id='word_1_424' title='bbox 3185 1589 3368 1644; x_wconf 88' lang='lat' dir='ltr'><strong>venire</strong></span> <span class='ocrx_word' id='word_1_425' title='bbox 3390 1589 3498 1645; x_wconf 90' lang='lat' dir='ltr'><strong>huc</strong></span> 
     </span>
    </p>
   </div>
   <div class='ocr_carea' id='block_1_61' title="bbox 1924 1681 3497 1759">
    <p class='ocr_par' dir='ltr' id='par_1_61' title="bbox 1924 1681 3497 1759">
     <span class='ocr_line' id='line_1_62' title="bbox 1924 1681 3497 1759; baseline -0.001 -19"><span class='ocrx_word' id='word_1_426' title='bbox 1924 1686 1992 1741; x_wconf 89' lang='lat' dir='ltr'><strong>ad</strong></span> <span class='ocrx_word' id='word_1_427' title='bbox 2018 1702 2139 1752; x_wconf 90' lang='lat' dir='ltr'><strong>vos,</strong></span> <span class='ocrx_word' id='word_1_428' title='bbox 2176 1687 2233 1742; x_wconf 89' lang='lat' dir='ltr'><strong>id</strong></span> <span class='ocrx_word' id='word_1_429' title='bbox 2263 1688 2441 1759; x_wconf 90' lang='lat' dir='ltr'><strong>ipsum</strong></span> <span class='ocrx_word' id='word_1_430' title='bbox 2476 1685 2649 1741; x_wconf 90' lang='lat' dir='ltr'><strong>verita</strong></span> <span class='ocrx_word' id='word_1_431' title='bbox 2681 1682 2829 1754; x_wconf 87' lang='lat' dir='ltr'><strong>quod</strong></span> <span class='ocrx_word' id='word_1_432' title='bbox 2867 1682 3099 1749; x_wconf 89' lang='lat' dir='ltr'><strong>accidit,</strong></span> <span class='ocrx_word' id='word_1_433' title='bbox 3139 1697 3210 1738; x_wconf 87' lang='lat' dir='ltr'><strong>ne</strong></span> <span class='ocrx_word' id='word_1_434' title='bbox 3246 1684 3371 1753; x_wconf 88' lang='lat' dir='ltr'><strong>quis</strong></span> <span class='ocrx_word' id='word_1_435' title='bbox 3408 1681 3497 1738; x_wconf 87' lang='lat' dir='ltr'><strong>ad-</strong></span> 
     </span>
    </p>
   </div>
   <div class='ocr_carea' id='block_1_62' title="bbox 1922 1783 2689 1848">
    <p class='ocr_par' dir='ltr' id='par_1_62' title="bbox 1922 1783 2689 1848">
     <span class='ocr_line' id='line_1_63' title="bbox 1922 1783 2689 1848; baseline -0.009 -13"><span class='ocrx_word' id='word_1_436' title='bbox 1922 1785 2141 1835; x_wconf 87' lang='lat' dir='ltr'><strong>ventum</strong></span> <span class='ocrx_word' id='word_1_437' title='bbox 2166 1794 2346 1835; x_wconf 91' lang='lat' dir='ltr'><strong>meum</strong></span> <span class='ocrx_word' id='word_1_438' title='bbox 2378 1783 2689 1848; x_wconf 89' lang='lat' dir='ltr'><strong>occuparet.</strong></span> 
     </span>
    </p>
   </div>
   <div class='ocr_carea' id='block_1_63' title="bbox 1991 1889 3497 1957">
    <p class='ocr_par' dir='ltr' id='par_1_63' title="bbox 1991 1889 3497 1957">
     <span class='ocr_line' id='line_1_64' title="bbox 1991 1889 3497 1957; baseline -0.003 -9"><span class='ocrx_word' id='word_1_439' title='bbox 1991 1893 2244 1950; x_wconf 86' lang='lat' dir='ltr'><strong>EUBUL.</strong></span> <span class='ocrx_word' id='word_1_440' title='bbox 2277 1893 2427 1948; x_wconf 90' lang='lat' dir='ltr'><strong>Bono</strong></span> <span class='ocrx_word' id='word_1_441' title='bbox 2460 1892 2646 1947; x_wconf 89' lang='lat' dir='ltr'><strong>animo</strong></span> <span class='ocrx_word' id='word_1_442' title='bbox 2688 1900 2803 1947; x_wconf 87' lang='lat' dir='ltr'><strong>esto</strong></span> <span class='ocrx_word' id='word_1_443' title='bbox 2836 1906 2851 1944; x_wconf 93' lang='lat'><strong>:</strong></span> <span class='ocrx_word' id='word_1_444' title='bbox 2887 1889 3024 1945; x_wconf 84' lang='lat' dir='ltr'><strong>nihil</strong></span> <span class='ocrx_word' id='word_1_445' title='bbox 3062 1890 3288 1954; x_wconf 87' lang='lat' dir='ltr'><strong>enim,o</strong></span> <span class='ocrx_word' id='word_1_446' title='bbox 3319 1889 3497 1957; x_wconf 87' lang='lat' dir='ltr'><strong>bona,</strong></span> 
     </span>
    </p>
   </div>
   <div class='ocr_carea' id='block_1_64' title="bbox 1920 1980 3497 2055">
    <p class='ocr_par' dir='ltr' id='par_1_64' title="bbox 1920 1980 3497 2055">
     <span class='ocr_line' id='line_1_65' title="bbox 1920 1980 3497 2055; baseline -0.004 -13"><span class='ocrx_word' id='word_1_447' title='bbox 1920 1994 2111 2042; x_wconf 82' lang='lat' dir='ltr'><strong>exacte</strong></span> <span class='ocrx_word' id='word_1_448' title='bbox 2159 1984 2547 2055; x_wconf 90' lang='lat' dir='ltr'><strong>comperimus.</strong></span> <span class='ocrx_word' id='word_1_449' title='bbox 2618 1980 2730 2037; x_wconf 86' lang='lat' dir='ltr'><strong>Nec</strong></span> <span class='ocrx_word' id='word_1_450' title='bbox 2784 1982 2877 2052; x_wconf 88' lang='lat' dir='ltr'><strong>qui</strong></span> <span class='ocrx_word' id='word_1_451' title='bbox 2933 1980 3199 2035; x_wconf 84' lang='lat' dir='ltr'><strong>nuntiavit</strong></span> <span class='ocrx_word' id='word_1_452' title='bbox 3252 1980 3497 2037; x_wconf 87' lang='lat' dir='ltr'><strong>indicare</strong></span> 
     </span>
    </p>
   </div>
   <div class='ocr_carea' id='block_1_65' title="bbox 1922 2070 3499 2147">
    <p class='ocr_par' dir='ltr' id='par_1_65' title="bbox 1922 2070 3499 2147">
     <span class='ocr_line' id='line_1_66' title="bbox 1922 2070 3499 2147; baseline -0.003 -15"><span class='ocrx_word' id='word_1_453' title='bbox 1922 2077 2067 2132; x_wconf 90' lang='lat' dir='ltr'><strong>aliud</strong></span> <span class='ocrx_word' id='word_1_454' title='bbox 2106 2077 2317 2147; x_wconf 89' lang='lat' dir='ltr'><strong>potuit,</strong></span> <span class='ocrx_word' id='word_1_455' title='bbox 2378 2090 2543 2147; x_wconf 91' lang='lat' dir='ltr'><strong>quam</strong></span> <span class='ocrx_word' id='word_1_456' title='bbox 2583 2089 2901 2128; x_wconf 89' lang='lat' dir='ltr'><strong>communes</strong></span> <span class='ocrx_word' id='word_1_457' title='bbox 2940 2086 3221 2128; x_wconf 90' lang='lat' dir='ltr'><strong>sermones</strong></span> <span class='ocrx_word' id='word_1_458' title='bbox 3279 2070 3499 2128; x_wconf 84' lang='lat' dir='ltr'><strong>habitos</strong></span> 
     </span>
    </p>
   </div>
   <div class='ocr_carea' id='block_1_66' title="bbox 1922 2162 3499 2240">
    <p class='ocr_par' dir='ltr' id='par_1_66' title="bbox 1922 2162 3499 2240">
     <span class='ocr_line' id='line_1_67' title="bbox 1922 2162 3499 2240; baseline -0.004 -15"><span class='ocrx_word' id='word_1_459' title='bbox 1922 2184 2086 2225; x_wconf 86' lang='lat' dir='ltr'><strong>esse:</strong></span> <span class='ocrx_word' id='word_1_460' title='bbox 2130 2169 2357 2240; x_wconf 90' lang='lat' dir='ltr'><strong>quinam</strong></span> <span class='ocrx_word' id='word_1_461' title='bbox 2394 2182 2524 2223; x_wconf 91' lang='lat' dir='ltr'><strong>vero</strong></span> <span class='ocrx_word' id='word_1_462' title='bbox 2563 2172 2657 2222; x_wconf 86' lang='lat' dir='ltr'><strong>aut</strong></span> <span class='ocrx_word' id='word_1_463' title='bbox 2684 2165 2876 2222; x_wconf 85' lang='lat' dir='ltr'><strong>auales</strong></span> <span class='ocrx_word' id='word_1_464' title='bbox 2918 2162 3151 2228; x_wconf 85' lang='lat' dir='ltr'><strong>fuerint,</strong></span> <span class='ocrx_word' id='word_1_465' title='bbox 3192 2164 3499 2235; x_wconf 86' lang='lat' dir='ltr'><strong>interroga-</strong></span> 
     </span>
    </p>
   </div>
   <div class='ocr_carea' id='block_1_67' title="bbox 1921 2262 2299 2318">
    <p class='ocr_par' dir='ltr' id='par_1_67' title="bbox 1921 2262 2299 2318">
     <span class='ocr_line' id='line_1_68' title="bbox 1921 2262 2299 2318; baseline -0.003 -2"><span class='ocrx_word' id='word_1_466' title='bbox 1921 2270 2009 2318; x_wconf 91' lang='lat' dir='ltr'><strong>tus</strong></span> <span class='ocrx_word' id='word_1_467' title='bbox 2046 2262 2299 2318; x_wconf 86' lang='lat' dir='ltr'><strong>nescivit.</strong></span> 
     </span>
    </p>
   </div>
   <div class='ocr_carea' id='block_1_68' title="bbox 1992 2366 3495 2443">
    <p class='ocr_par' dir='ltr' id='par_1_68' title="bbox 1992 2366 3495 2443">
     <span class='ocr_line' id='line_1_69' title="bbox 1992 2366 3495 2443; baseline -0.005 -15"><span class='ocrx_word' id='word_1_468' title='bbox 1992 2372 2199 2429; x_wconf 61' lang='grc' dir='ltr'><strong>(τηεσε.</strong></span> <span class='ocrx_word' id='word_1_469' title='bbox 2224 2370 2402 2427; x_wconf 82' lang='lat' dir='ltr'><strong>Vultis</strong></span> <span class='ocrx_word' id='word_1_470' title='bbox 2423 2372 2608 2443; x_wconf 83' lang='lat' dir='ltr'><strong>igitur,</strong></span> <span class='ocrx_word' id='word_1_471' title='bbox 2639 2370 2898 2441; x_wconf 90' lang='lat' dir='ltr'><strong>quoniam</strong></span> <span class='ocrx_word' id='word_1_472' title='bbox 2931 2371 3036 2424; x_wconf 88' lang='lat' dir='ltr'><strong>huc</strong></span> <span class='ocrx_word' id='word_1_473' title='bbox 3067 2384 3132 2423; x_wconf 88' lang='lat' dir='ltr'><strong>ea</strong></span> <span class='ocrx_word' id='word_1_474' title='bbox 3160 2382 3325 2423; x_wconf 89' lang='lat' dir='ltr'><strong>causa</strong></span> <span class='ocrx_word' id='word_1_475' title='bbox 3345 2366 3495 2432; x_wconf 86' lang='lat' dir='ltr'><strong>veni,</strong></span> 
     </span>
    </p>
   </div>
   <div class='ocr_carea' id='block_1_69' title="bbox 1921 2461 3497 2535">
    <p class='ocr_par' dir='ltr' id='par_1_69' title="bbox 1921 2461 3497 2535">
     <span class='ocr_line' id='line_1_70' title="bbox 1921 2461 3497 2535; baseline -0.004 -16"><span class='ocrx_word' id='word_1_476' title='bbox 1921 2480 1951 2519; x_wconf 90' lang='lat' dir='ltr'><strong>a</strong></span> <span class='ocrx_word' id='word_1_477' title='bbox 1982 2463 2252 2535; x_wconf 89' lang='lat' dir='ltr'><strong>principio</strong></span> <span class='ocrx_word' id='word_1_478' title='bbox 2291 2462 2483 2518; x_wconf 89' lang='lat' dir='ltr'><strong>audire</strong></span> <span class='ocrx_word' id='word_1_479' title='bbox 2517 2469 2715 2518; x_wconf 90' lang='lat' dir='ltr'><strong>cuncta</strong></span> <span class='ocrx_word' id='word_1_480' title='bbox 2754 2476 2875 2530; x_wconf 70' lang='lat' dir='ltr'><strong>quae</strong></span> <span class='ocrx_word' id='word_1_481' title='bbox 2912 2461 3059 2515; x_wconf 88' lang='lat' dir='ltr'><strong>dicta</strong></span> <span class='ocrx_word' id='word_1_482' title='bbox 3089 2470 3248 2528; x_wconf 91' lang='lat' dir='ltr'><strong>sunt;</strong></span> <span class='ocrx_word' id='word_1_483' title='bbox 3288 2475 3358 2514; x_wconf 92' lang='lat' dir='ltr'><strong>an</strong></span> <span class='ocrx_word' id='word_1_484' title='bbox 3396 2474 3497 2528; x_wconf 90' lang='lat' dir='ltr'><strong>po-</strong></span> 
     </span>
    </p>
   </div>
   <div class='ocr_carea' id='block_1_70' title="bbox 1910 2544 3498 2624">
    <p class='ocr_par' dir='ltr' id='par_1_70' title="bbox 1910 2544 3498 2624">
     <span class='ocr_line' id='line_1_71' title="bbox 1910 2544 3498 2624; baseline -0.001 -14"><span class='ocrx_word' id='word_1_485' title='bbox 1910 2544 2030 2612; x_wconf 79' lang='lat' dir='ltr'><strong>tius</strong></span> <span class='ocrx_word' id='word_1_486' title='bbox 2050 2556 2171 2611; x_wconf 90' lang='lat' dir='ltr'><strong>aliis</strong></span> <span class='ocrx_word' id='word_1_487' title='bbox 2210 2554 2452 2619; x_wconf 87' lang='lat' dir='ltr'><strong>omissis,</strong></span> <span class='ocrx_word' id='word_1_488' title='bbox 2494 2569 2682 2609; x_wconf 90' lang='lat' dir='ltr'><strong>eorum</strong></span> <span class='ocrx_word' id='word_1_489' title='bbox 2723 2552 2990 2607; x_wconf 80' lang='lat' dir='ltr'><strong>duntaxat</strong></span> <span class='ocrx_word' id='word_1_490' title='bbox 3028 2552 3344 2610; x_wconf 88' lang='lat' dir='ltr'><strong>meminisse</strong></span> <span class='ocrx_word' id='word_1_491' title='bbox 3377 2566 3498 2624; x_wconf 69' lang='lat' dir='ltr'><strong>qua</strong></span> 
     </span>
    </p>
   </div>
   <div class='ocr_carea' id='block_1_71' title="bbox 1919 2638 3271 2717">
    <p class='ocr_par' dir='ltr' id='par_1_71' title="bbox 1919 2638 3271 2717">
     <span class='ocr_line' id='line_1_72' title="bbox 1919 2638 3271 2717; baseline -0.004 -15"><span class='ocrx_word' id='word_1_492' title='bbox 1919 2654 2227 2703; x_wconf 80' lang='lat' dir='ltr'><strong>memoratu</strong></span> <span class='ocrx_word' id='word_1_493' title='bbox 2261 2647 2426 2717; x_wconf 87' lang='lat' dir='ltr'><strong>digna</strong></span> <span class='ocrx_word' id='word_1_494' title='bbox 2465 2644 2762 2716; x_wconf 85' lang='lat' dir='ltr'><strong>putavero?</strong></span> <span class='ocrx_word' id='word_1_495' title='bbox 3266 2638 3271 2645; x_wconf 86' lang='grc'><strong>’</strong></span> 
     </span>
    </p>
   </div>
   <div class='ocr_carea' id='block_1_72' title="bbox 1992 2760 3497 2831">
    <p class='ocr_par' dir='ltr' id='par_1_72' title="bbox 1992 2760 3497 2831">
     <span class='ocr_line' id='line_1_73' title="bbox 1992 2760 3497 2831; baseline 0.001 -16"><span class='ocrx_word' id='word_1_496' title='bbox 1992 2760 2243 2817; x_wconf 87' lang='lat' dir='ltr'><strong>EUBUL.</strong></span> <span class='ocrx_word' id='word_1_497' title='bbox 2286 2760 2439 2816; x_wconf 80' lang='lat' dir='ltr'><strong>Haud</strong></span> <span class='ocrx_word' id='word_1_498' title='bbox 2479 2776 2612 2817; x_wconf 86' lang='lat' dir='ltr'><strong>sane</strong></span> <span class='ocrx_word' id='word_1_499' title='bbox 2654 2780 2666 2815; x_wconf 96' lang='lat'>:</span> <span class='ocrx_word' id='word_1_500' title='bbox 2709 2760 2804 2816; x_wconf 90' lang='lat' dir='ltr'><strong>sed</strong></span> <span class='ocrx_word' id='word_1_501' title='bbox 2844 2760 3003 2817; x_wconf 88' lang='lat' dir='ltr'><strong>nobis</strong></span> <span class='ocrx_word' id='word_1_502' title='bbox 3042 2775 3073 2815; x_wconf 91' lang='lat' dir='ltr'><strong>a</strong></span> <span class='ocrx_word' id='word_1_503' title='bbox 3110 2760 3419 2831; x_wconf 83' lang='lat' dir='ltr'><strong>principio,</strong></span> <span class='ocrx_word' id='word_1_504' title='bbox 3462 2775 3497 2816; x_wconf 93' lang='lat' dir='ltr'><strong>o</strong></span> 
     </span>
    </p>
   </div>
   <div class='ocr_carea' id='block_1_73' title="bbox 1920 2852 3497 2926">
    <p class='ocr_par' dir='ltr' id='par_1_73' title="bbox 1920 2852 3497 2926">
     <span class='ocr_line' id='line_1_74' title="bbox 1920 2852 3497 2926; baseline -0.003 -15"><span class='ocrx_word' id='word_1_505' title='bbox 1920 2853 2278 2926; x_wconf 77' lang='lat' dir='ltr'><strong>Gregorium,</strong></span> <span class='ocrx_word' id='word_1_506' title='bbox 2320 2853 2554 2922; x_wconf 90' lang='lat' dir='ltr'><strong>primum</strong></span> <span class='ocrx_word' id='word_1_507' title='bbox 2595 2853 2852 2916; x_wconf 87' lang='lat' dir='ltr'><strong>insinua,</strong></span> <span class='ocrx_word' id='word_1_508' title='bbox 2907 2858 2962 2906; x_wconf 87' lang='lat' dir='ltr'><strong>et</strong></span> <span class='ocrx_word' id='word_1_509' title='bbox 3016 2866 3348 2922; x_wconf 86' lang='lat' dir='ltr'><strong>congressus</strong></span> <span class='ocrx_word' id='word_1_510' title='bbox 3403 2852 3497 2907; x_wconf 88' lang='lat' dir='ltr'><strong>ubi</strong></span> 
     </span>
    </p>
   </div>
   <div class='ocr_carea' id='block_1_74' title="bbox 1921 2944 3497 3017">
    <p class='ocr_par' dir='ltr' id='par_1_74' title="bbox 1921 2944 3497 3017">
     <span class='ocr_line' id='line_1_75' title="bbox 1921 2944 3497 3017; baseline -0.001 -16"><span class='ocrx_word' id='word_1_511' title='bbox 1921 2944 2121 3010; x_wconf 89' lang='lat' dir='ltr'><strong>fuerit,</strong></span> <span class='ocrx_word' id='word_1_512' title='bbox 2161 2952 2216 3001; x_wconf 88' lang='lat' dir='ltr'><strong>et</strong></span> <span class='ocrx_word' id='word_1_513' title='bbox 2236 2945 2304 3000; x_wconf 89' lang='lat' dir='ltr'><strong>de</strong></span> <span class='ocrx_word' id='word_1_514' title='bbox 2335 2952 2601 3016; x_wconf 85' lang='lat' dir='ltr'><strong>apparatu</strong></span> <span class='ocrx_word' id='word_1_515' title='bbox 2628 2945 2909 3013; x_wconf 89' lang='lat' dir='ltr'><strong>ciborum;</strong></span> <span class='ocrx_word' id='word_1_516' title='bbox 2949 2944 3016 3001; x_wconf 91' lang='lat' dir='ltr'><strong>de</strong></span> <span class='ocrx_word' id='word_1_517' title='bbox 3050 2951 3104 3001; x_wconf 87' lang='lat' dir='ltr'><strong>te</strong></span> <span class='ocrx_word' id='word_1_518' title='bbox 3142 2961 3402 3017; x_wconf 90' lang='lat' dir='ltr'><strong>quoque,</strong></span> <span class='ocrx_word' id='word_1_519' title='bbox 3439 2951 3497 3000; x_wconf 91' lang='lat' dir='ltr'><strong>ut</strong></span> 
     </span>
    </p>
   </div>
   <div class='ocr_carea' id='block_1_75' title="bbox 1841 3037 2441 3130">
    <p class='ocr_par' dir='ltr' id='par_1_75' title="bbox 1841 3037 2441 3130">
     <span class='ocr_line' id='line_1_76' title="bbox 1841 3037 2441 3130; baseline -0.005 -32"><span class='ocrx_word' id='word_1_520' title='bbox 1841 3066 1888 3130; x_wconf 63' lang='grc' dir='ltr'>α</span> <span class='ocrx_word' id='word_1_521' title='bbox 1918 3041 2046 3098; x_wconf 89' lang='lat' dir='ltr'><strong>vina</strong></span> <span class='ocrx_word' id='word_1_522' title='bbox 2069 3039 2178 3094; x_wconf 89' lang='lat' dir='ltr'><strong>illis</strong></span> <span class='ocrx_word' id='word_1_523' title='bbox 2210 3037 2441 3095; x_wconf 87' lang='lat' dir='ltr'><strong>fuderis.</strong></span> 
     </span>
    </p>
   </div>
   <div class='ocr_carea' id='block_1_76' title="bbox 2064 3149 3146 3222">
    <p class='ocr_par' dir='ltr' id='par_1_76' title="bbox 2064 3149 3146 3222">
     <span class='ocr_line' id='line_1_77' title="bbox 2064 3149 3146 3222; baseline -0.002 -15"><span class='ocrx_word' id='word_1_524' title='bbox 2064 3149 2187 3207; x_wconf 72' lang='lat' dir='ltr'><strong>Illae</strong></span> <span class='ocrx_word' id='word_1_525' title='bbox 2208 3160 2384 3205; x_wconf 77' lang='lat' dir='ltr'><strong>autem</strong></span> <span class='ocrx_word' id='word_1_526' title='bbox 2410 3151 2606 3220; x_wconf 81' lang='lat' dir='ltr'><strong>pateris</strong></span> <span class='ocrx_word' id='word_1_527' title='bbox 2631 3151 2908 3222; x_wconf 63' lang='lat' dir='ltr'><strong>genialiter</strong></span> <span class='ocrx_word' id='word_1_528' title='bbox 2932 3152 3110 3205; x_wconf 76' lang='lat' dir='ltr'><strong>aureis</strong></span> <span class='ocrx_word' id='word_1_529' title='bbox 3129 3189 3146 3216; x_wconf 88' lang='lat'><strong>,</strong></span> 
     </span>
    </p>
   </div>
   <div class='ocr_carea' id='block_1_77' title="bbox 2067 3220 3213 3277">
    <p class='ocr_par' dir='ltr' id='par_1_77' title="bbox 2067 3220 3213 3277">
     <span class='ocr_line' id='line_1_78' title="bbox 2067 3220 3213 3277; baseline 0 -1"><span class='ocrx_word' id='word_1_530' title='bbox 2067 3222 2137 3276; x_wconf 88' lang='lat' dir='ltr'><strong>Ut</strong></span> <span class='ocrx_word' id='word_1_531' title='bbox 2169 3239 2223 3277; x_wconf 83' lang='lat' dir='ltr'><strong>se</strong></span> <span class='ocrx_word' id='word_1_532' title='bbox 2243 3222 2519 3277; x_wconf 66' lang='lat' dir='ltr'><strong>invitart‘nt</strong></span> <span class='ocrx_word' id='word_1_533' title='bbox 2542 3220 2711 3276; x_wconf 76' lang='lat' dir='ltr'><strong>oculis</strong></span> <span class='ocrx_word' id='word_1_534' title='bbox 2735 3221 2802 3275; x_wconf 86' lang='lat' dir='ltr'><strong>ad</strong></span> <span class='ocrx_word' id='word_1_535' title='bbox 2820 3220 2999 3276; x_wconf 79' lang='lat' dir='ltr'><strong>sidera</strong></span> <span class='ocrx_word' id='word_1_536' title='bbox 3028 3222 3213 3276; x_wconf 82' lang='lat' dir='ltr'><strong>versis.</strong></span> 
     </span>
    </p>
   </div>
   <div class='ocr_carea' id='block_1_78' title="bbox 1991 3335 3492 3408">
    <p class='ocr_par' dir='ltr' id='par_1_78' title="bbox 1991 3335 3492 3408">
     <span class='ocr_line' id='line_1_79' title="bbox 1991 3335 3492 3408; baseline -0.001 -15"><span class='ocrx_word' id='word_1_537' title='bbox 1991 3335 2196 3393; x_wconf 80' lang='lat' dir='ltr'><strong>GREG.</strong></span> <span class='ocrx_word' id='word_1_538' title='bbox 2228 3335 2302 3393; x_wconf 91' lang='lat' dir='ltr'><strong>Ut</strong></span> <span class='ocrx_word' id='word_1_539' title='bbox 2319 3350 2534 3408; x_wconf 87' lang='lat' dir='ltr'><strong>semper</strong></span> <span class='ocrx_word' id='word_1_540' title='bbox 2551 3337 2607 3392; x_wconf 90' lang='lat' dir='ltr'><strong>in</strong></span> <span class='ocrx_word' id='word_1_541' title='bbox 2637 3337 2926 3408; x_wconf 87' lang='lat' dir='ltr'><strong>colloquiis</strong></span> <span class='ocrx_word' id='word_1_542' title='bbox 2949 3337 3103 3391; x_wconf 86' lang='lat' dir='ltr'><strong>valde</strong></span> <span class='ocrx_word' id='word_1_543' title='bbox 3129 3336 3276 3391; x_wconf 88' lang='lat' dir='ltr'><strong>acris</strong></span> <span class='ocrx_word' id='word_1_544' title='bbox 3299 3352 3492 3408; x_wconf 80' lang='lat' dir='ltr'><strong>aggre—</strong></span> 
     </span>
    </p>
   </div>
   <div class='ocr_carea' id='block_1_79' title="bbox 1920 3472 3491 3545">
    <p class='ocr_par' dir='ltr' id='par_1_79' title="bbox 1920 3472 3491 3545">
     <span class='ocr_line' id='line_1_80' title="bbox 1920 3472 3491 3545; baseline -0.001 -16"><span class='ocrx_word' id='word_1_545' title='bbox 1920 3476 2230 3545; x_wconf 87' lang='lat' dir='ltr'><strong>loquentem</strong></span> <span class='ocrx_word' id='word_1_546' title='bbox 2285 3475 2516 3541; x_wconf 89' lang='lat' dir='ltr'><strong>inducit,</strong></span> <span class='ocrx_word' id='word_1_547' title='bbox 2573 3490 2694 3545; x_wconf 71' lang='lat' dir='ltr'><strong>quae</strong></span> <span class='ocrx_word' id='word_1_548' title='bbox 2747 3473 3044 3545; x_wconf 81' lang='grc' dir='ltr'>φιλομαθίᾳ</span> <span class='ocrx_word' id='word_1_549' title='bbox 3095 3472 3269 3542; x_wconf 85' lang='lat' dir='ltr'><strong>magis</strong></span> <span class='ocrx_word' id='word_1_550' title='bbox 3312 3473 3491 3545; x_wconf 88' lang='lat' dir='ltr'><strong>virum</strong></span> 
     </span>
    </p>
   </div>
   <div class='ocr_carea' id='block_1_80' title="bbox 1920 3544 3491 3616">
    <p class='ocr_par' dir='ltr' id='par_1_80' title="bbox 1920 3544 3491 3616">
     <span class='ocr_line' id='line_1_81' title="bbox 1920 3544 3491 3616; baseline -0.003 -15"><span class='ocrx_word' id='word_1_551' title='bbox 1920 3544 2201 3616; x_wconf 65' lang='lat' dir='ltr'><strong>praeferret</strong></span> <span class='ocrx_word' id='word_1_552' title='bbox 2254 3561 2317 3600; x_wconf 89' lang='lat' dir='ltr'><strong>ac</strong></span> <span class='ocrx_word' id='word_1_553' title='bbox 2356 3544 2633 3599; x_wconf 88' lang='lat' dir='ltr'><strong>alumnum</strong></span> <span class='ocrx_word' id='word_1_554' title='bbox 2688 3544 3145 3616; x_wconf 59' lang='lat' dir='ltr'><strong>sapientiamque</strong></span> <span class='ocrx_word' id='word_1_555' title='bbox 3168 3559 3332 3616; x_wconf 84' lang='lat' dir='ltr'><strong>sensu</strong></span> <span class='ocrx_word' id='word_1_556' title='bbox 3354 3544 3491 3616; x_wconf 79' lang='grc' dir='ltr'>ὑπο-</span> 
     </span>
    </p>
   </div>
   <div class='ocr_carea' id='block_1_81' title="bbox 1921 3611 3492 3688">
    <p class='ocr_par' dir='ltr' id='par_1_81' title="bbox 1921 3611 3492 3688">
     <span class='ocr_line' id='line_1_82' title="bbox 1921 3611 3492 3688; baseline -0.001 -19"><span class='ocrx_word' id='word_1_557' title='bbox 1921 3611 2228 3688; x_wconf 70' lang='grc' dir='ltr'>κοριστικόν</span> <span class='ocrx_word' id='word_1_558' title='bbox 2256 3617 2460 3688; x_wconf 89' lang='lat' dir='ltr'><strong>aliquid</strong></span> <span class='ocrx_word' id='word_1_559' title='bbox 2499 3632 2562 3688; x_wconf 83' lang='lat' dir='ltr'><strong>ea</strong></span> <span class='ocrx_word' id='word_1_560' title='bbox 2593 3630 2735 3688; x_wconf 77' lang='lat' dir='ltr'><strong>voce</strong></span> <span class='ocrx_word' id='word_1_561' title='bbox 2755 3611 3079 3688; x_wconf 30' lang='lat' dir='ltr'><strong>&#39;denotetur‘.</strong></span> <span class='ocrx_word' id='word_1_562' title='bbox 3112 3611 3217 3688; x_wconf 83' lang='lat' dir='ltr'><strong>Sed</strong></span> <span class='ocrx_word' id='word_1_563' title='bbox 3270 3614 3492 3688; x_wconf 72' lang='lat' dir='ltr'><strong>liaac__Ie-</strong></span> 
     </span>
    </p>
   </div>
   <div class='ocr_carea' id='block_1_82' title="bbox 1920 3682 3487 3755">
    <p class='ocr_par' dir='ltr' id='par_1_82' title="bbox 1920 3682 3487 3755">
     <span class='ocr_line' id='line_1_83' title="bbox 1920 3682 3487 3755; baseline -0.002 -15"><span class='ocrx_word' id='word_1_564' title='bbox 1920 3682 2094 3747; x_wconf 84' lang='lat' dir='ltr'><strong>viora.</strong></span> <span class='ocrx_word' id='word_1_565' title='bbox 2126 3701 2290 3755; x_wconf 85' lang='lat' dir='ltr'><strong>quam</strong></span> <span class='ocrx_word' id='word_1_566' title='bbox 2324 3682 2381 3739; x_wconf 82' lang='lat' dir='ltr'><strong>ut</strong></span> <span class='ocrx_word' id='word_1_567' title='bbox 2413 3687 2467 3739; x_wconf 90' lang='lat' dir='ltr'><strong>in</strong></span> <span class='ocrx_word' id='word_1_568' title='bbox 2494 3687 2576 3755; x_wconf 84' lang='lat' dir='ltr'><strong>eis</strong></span> <span class='ocrx_word' id='word_1_569' title='bbox 2602 3684 2807 3740; x_wconf 88' lang='lat' dir='ltr'><strong>diutius</strong></span> <span class='ocrx_word' id='word_1_570' title='bbox 2834 3684 3231 3755; x_wconf 80' lang='lat' dir='ltr'><strong>immorandum</strong></span> <span class='ocrx_word' id='word_1_571' title='bbox 3256 3684 3349 3755; x_wconf 90' lang='lat' dir='ltr'><strong>sit.</strong></span> <span class='ocrx_word' id='word_1_572' title='bbox 3372 3682 3487 3737; x_wconf 87' lang='lat' dir='ltr'><strong>Hoc</strong></span> 
     </span>
    </p>
   </div>
   <div class='ocr_carea' id='block_1_83' title="bbox 1920 3753 3525 3816">
    <p class='ocr_par' dir='ltr' id='par_1_83' title="bbox 1920 3753 3525 3816">
     <span class='ocr_line' id='line_1_84' title="bbox 1920 3753 3525 3816; baseline -0.002 -7"><span class='ocrx_word' id='word_1_573' title='bbox 1920 3763 2102 3810; x_wconf 87' lang='lat' dir='ltr'><strong>tamen</strong></span> <span class='ocrx_word' id='word_1_574' title='bbox 2128 3753 2434 3811; x_wconf 83' lang='lat' dir='ltr'><strong>existimem</strong></span> <span class='ocrx_word' id='word_1_575' title='bbox 2460 3754 2809 3815; x_wconf 80' lang='lat' dir='ltr'><strong>Metliodium,</strong></span> <span class='ocrx_word' id='word_1_576' title='bbox 2829 3755 3006 3809; x_wconf 88' lang='lat' dir='ltr'><strong>virum</strong></span> <span class='ocrx_word' id='word_1_577' title='bbox 3034 3753 3487 3816; x_wconf 84' lang='lat' dir='ltr'><strong>ecclesiasticum,</strong></span> <span class='ocrx_word' id='word_1_578' title='bbox 3522 3760 3525 3764; x_wconf 90' lang='lat'>&#39;</span> 
     </span>
    </p>
   </div>
   <div class='ocr_carea' id='block_1_84' title="bbox 1920 3825 3491 3896">
    <p class='ocr_par' dir='ltr' id='par_1_84' title="bbox 1920 3825 3491 3896">
     <span class='ocr_line' id='line_1_85' title="bbox 1920 3825 3491 3896; baseline -0.001 -18"><span class='ocrx_word' id='word_1_579' title='bbox 1920 3827 2095 3896; x_wconf 84' lang='lat' dir='ltr'><strong>magis</strong></span> <span class='ocrx_word' id='word_1_580' title='bbox 2127 3840 2377 3881; x_wconf 85' lang='lat' dir='ltr'><strong>versasse</strong></span> <span class='ocrx_word' id='word_1_581' title='bbox 2408 3827 2588 3896; x_wconf 84' lang='lat' dir='ltr'><strong>animo</strong></span> <span class='ocrx_word' id='word_1_582' title='bbox 2617 3825 2956 3896; x_wconf 78' lang='lat' dir='ltr'><strong>evangelicas</strong></span> <span class='ocrx_word' id='word_1_583' title='bbox 2992 3839 3154 3896; x_wconf 80' lang='lat' dir='ltr'><strong>voces</strong></span> <span class='ocrx_word' id='word_1_584' title='bbox 3183 3831 3237 3896; x_wconf 83' lang='lat' dir='ltr'><strong>et</strong></span> <span class='ocrx_word' id='word_1_585' title='bbox 3268 3831 3491 3896; x_wconf 87' lang='lat' dir='ltr'><strong>aposto-</strong></span> 
     </span>
    </p>
   </div>
   <div class='ocr_carea' id='block_1_85' title="bbox 1921 3893 3486 3964">
    <p class='ocr_par' dir='ltr' id='par_1_85' title="bbox 1921 3893 3486 3964">
     <span class='ocr_line' id='line_1_86' title="bbox 1921 3893 3486 3964; baseline -0.001 -16"><span class='ocrx_word' id='word_1_586' title='bbox 1921 3893 2076 3960; x_wconf 78' lang='lat' dir='ltr'><strong>licas,</strong></span> <span class='ocrx_word' id='word_1_587' title='bbox 2106 3911 2172 3949; x_wconf 78' lang='lat' dir='ltr'><strong>ex</strong></span> <span class='ocrx_word' id='word_1_588' title='bbox 2200 3897 2397 3964; x_wconf 82' lang='lat' dir='ltr'><strong>quibus</strong></span> <span class='ocrx_word' id='word_1_589' title='bbox 2423 3903 2477 3950; x_wconf 89' lang='lat' dir='ltr'><strong>et</strong></span> <span class='ocrx_word' id='word_1_590' title='bbox 2506 3893 2785 3950; x_wconf 79' lang='lat' dir='ltr'><strong>denarium</strong></span> <span class='ocrx_word' id='word_1_591' title='bbox 2817 3895 3086 3964; x_wconf 80' lang='lat' dir='ltr'><strong>virginum</strong></span> <span class='ocrx_word' id='word_1_592' title='bbox 3131 3893 3400 3964; x_wconf 86' lang='lat' dir='ltr'><strong>habuerit,</strong></span> <span class='ocrx_word' id='word_1_593' title='bbox 3429 3900 3486 3947; x_wconf 89' lang='lat' dir='ltr'><strong>et</strong></span> 
     </span>
    </p>
   </div>
   <div class='ocr_carea' id='block_1_86' title="bbox 1919 3962 3488 4025">
    <p class='ocr_par' dir='ltr' id='par_1_86' title="bbox 1919 3962 3488 4025">
     <span class='ocr_line' id='line_1_87' title="bbox 1919 3962 3488 4025; baseline -0.003 -5"><span class='ocrx_word' id='word_1_594' title='bbox 1919 3981 2028 4020; x_wconf 91' lang='lat' dir='ltr'><strong>non</strong></span> <span class='ocrx_word' id='word_1_595' title='bbox 2053 3980 2175 4020; x_wconf 89' lang='lat' dir='ltr'><strong>esse</strong></span> <span class='ocrx_word' id='word_1_596' title='bbox 2205 3962 2256 4018; x_wconf 85' lang='lat' dir='ltr'><strong>in</strong></span> <span class='ocrx_word' id='word_1_597' title='bbox 2286 3966 2367 4019; x_wconf 87' lang='lat' dir='ltr'><strong>eis</strong></span> <span class='ocrx_word' id='word_1_598' title='bbox 2416 3966 2717 4020; x_wconf 88' lang='lat' dir='ltr'><strong>masculum</strong></span> <span class='ocrx_word' id='word_1_599' title='bbox 2760 3972 2813 4019; x_wconf 90' lang='lat' dir='ltr'><strong>et</strong></span> <span class='ocrx_word' id='word_1_600' title='bbox 2843 3962 3119 4025; x_wconf 83' lang='lat' dir='ltr'><strong>feminam,</strong></span> <span class='ocrx_word' id='word_1_601' title='bbox 3162 3962 3255 4017; x_wconf 91' lang='lat' dir='ltr'><strong>sed</strong></span> <span class='ocrx_word' id='word_1_602' title='bbox 3290 3978 3488 4017; x_wconf 90' lang='lat' dir='ltr'><strong>novam</strong></span> 
     </span>
    </p>
   </div>
   <div class='ocr_carea' id='block_1_87' title="bbox 1919 4030 3486 4104">
    <p class='ocr_par' dir='ltr' id='par_1_87' title="bbox 1919 4030 3486 4104">
     <span class='ocr_line' id='line_1_88' title="bbox 1919 4030 3486 4104; baseline -0.003 -15"><span class='ocrx_word' id='word_1_603' title='bbox 1919 4037 1974 4089; x_wconf 93' lang='lat' dir='ltr'><strong>in</strong></span> <span class='ocrx_word' id='word_1_604' title='bbox 1996 4035 2217 4090; x_wconf 88' lang='lat' dir='ltr'><strong>Christo</strong></span> <span class='ocrx_word' id='word_1_605' title='bbox 2238 4043 2570 4102; x_wconf 84' lang='lat' dir='ltr'><strong>creaturam,</strong></span> <span class='ocrx_word' id='word_1_606' title='bbox 2598 4050 2758 4104; x_wconf 89' lang='lat' dir='ltr'><strong>quam</strong></span> <span class='ocrx_word' id='word_1_607' title='bbox 2805 4035 3114 4089; x_wconf 86' lang='lat' dir='ltr'><strong>convivium</strong></span> <span class='ocrx_word' id='word_1_608' title='bbox 3142 4030 3486 4104; x_wconf 80' lang='lat' dir='ltr'><strong>Socraticum</strong></span> 
     </span>
    </p>
   </div>
   <div class='ocr_carea' id='block_1_88' title="bbox 1921 4102 3491 4175">
    <p class='ocr_par' dir='ltr' id='par_1_88' title="bbox 1921 4102 3491 4175">
     <span class='ocr_line' id='line_1_89' title="bbox 1921 4102 3491 4175; baseline -0.003 -14"><span class='ocrx_word' id='word_1_609' title='bbox 1921 4107 2063 4175; x_wconf 76' lang='lat' dir='ltr'><strong>apud</strong></span> <span class='ocrx_word' id='word_1_610' title='bbox 2089 4104 2368 4159; x_wconf 89' lang='lat' dir='ltr'><strong>Platonem</strong></span> <span class='ocrx_word' id='word_1_611' title='bbox 2397 4123 2411 4171; x_wconf 90' lang='lat'><strong>;</strong></span> <span class='ocrx_word' id='word_1_612' title='bbox 2443 4102 2677 4175; x_wconf 81' lang='lat' dir='ltr'><strong>hincque</strong></span> <span class='ocrx_word' id='word_1_613' title='bbox 2710 4104 2968 4158; x_wconf 88' lang='lat' dir='ltr'><strong>feminino</strong></span> <span class='ocrx_word' id='word_1_614' title='bbox 3007 4102 3491 4175; x_wconf 71' lang='lat' dir='ltr'><strong>proclivemascu-</strong></span> 
     </span>
    </p>
   </div>
   <div class='ocr_carea' id='block_1_89' title="bbox 1920 4172 3489 4243">
    <p class='ocr_par' dir='ltr' id='par_1_89' title="bbox 1920 4172 3489 4243">
     <span class='ocr_line' id='line_1_90' title="bbox 1920 4172 3489 4243; baseline -0.001 -15"><span class='ocrx_word' id='word_1_615' title='bbox 1920 4172 2089 4231; x_wconf 75' lang='lat' dir='ltr'><strong>linum</strong></span> <span class='ocrx_word' id='word_1_616' title='bbox 2115 4175 2364 4243; x_wconf 71' lang='lat' dir='ltr'><strong>junxisse</strong></span> <span class='ocrx_word' id='word_1_617' title='bbox 2386 4177 2438 4229; x_wconf 91' lang='lat' dir='ltr'><strong>in</strong></span> <span class='ocrx_word' id='word_1_618' title='bbox 2472 4174 2778 4236; x_wconf 76' lang='grc' dir='ltr'>Εὐϐούλιον,</span> <span class='ocrx_word' id='word_1_619' title='bbox 2810 4183 2863 4227; x_wconf 77' lang='lat' dir='ltr'><strong>et</strong></span> <span class='ocrx_word' id='word_1_620' title='bbox 2892 4189 2996 4242; x_wconf 90' lang='lat' dir='ltr'><strong>qua</strong></span> <span class='ocrx_word' id='word_1_621' title='bbox 3028 4173 3193 4240; x_wconf 87' lang='lat' dir='ltr'><strong>hujus</strong></span> <span class='ocrx_word' id='word_1_622' title='bbox 3222 4172 3489 4243; x_wconf 85' lang='lat' dir='ltr'><strong>dramatis</strong></span> 
     </span>
    </p>
   </div>
   <div class='ocr_carea' id='block_1_90' title="bbox 1920 4242 3489 4315">
    <p class='ocr_par' dir='ltr' id='par_1_90' title="bbox 1920 4242 3489 4315">
     <span class='ocr_line' id='line_1_91' title="bbox 1920 4242 3489 4315; baseline -0.002 -16"><span class='ocrx_word' id='word_1_623' title='bbox 1920 4248 2094 4315; x_wconf 90' lang='lat' dir='ltr'><strong>prima</strong></span> <span class='ocrx_word' id='word_1_624' title='bbox 2118 4242 2525 4315; x_wconf 85' lang='lat' dir='ltr'><strong>iuterloquente</strong></span> <span class='ocrx_word' id='word_1_625' title='bbox 2542 4258 2795 4315; x_wconf 70' lang='lat' dir='ltr'><strong>persona,</strong></span> <span class='ocrx_word' id='word_1_626' title='bbox 2820 4243 3034 4297; x_wconf 85' lang='lat' dir='ltr'><strong>Eubulii</strong></span> <span class='ocrx_word' id='word_1_627' title='bbox 3050 4258 3253 4315; x_wconf 81' lang='lat' dir='ltr'><strong>nomen</strong></span> <span class='ocrx_word' id='word_1_628' title='bbox 3279 4242 3489 4315; x_wconf 76' lang='lat' dir='ltr'><strong>Metho-</strong></span> 
     </span>
    </p>
   </div>
   <div class='ocr_carea' id='block_1_91' title="bbox 1921 4313 3489 4383">
    <p class='ocr_par' dir='ltr' id='par_1_91' title="bbox 1921 4313 3489 4383">
     <span class='ocr_line' id='line_1_92' title="bbox 1921 4313 3489 4383; baseline -0.003 -14"><span class='ocrx_word' id='word_1_629' title='bbox 1921 4313 2012 4371; x_wconf 83' lang='lat' dir='ltr'><strong>dio</strong></span> <span class='ocrx_word' id='word_1_630' title='bbox 2061 4316 2287 4371; x_wconf 72' lang='lat' dir='ltr'><strong>haesisse</strong></span> <span class='ocrx_word' id='word_1_631' title='bbox 2324 4313 2506 4383; x_wconf 71' lang='lat' dir='ltr'><strong>potius</strong></span> <span class='ocrx_word' id='word_1_632' title='bbox 2535 4313 2801 4375; x_wconf 79' lang='lat' dir='ltr'><strong>videatur,</strong></span> <span class='ocrx_word' id='word_1_633' title='bbox 2855 4329 3017 4383; x_wconf 85' lang='lat' dir='ltr'><strong>quam</strong></span> <span class='ocrx_word' id='word_1_634' title='bbox 3050 4313 3347 4366; x_wconf 74' lang='lat' dir='ltr'><strong>binomium</strong></span> <span class='ocrx_word' id='word_1_635' title='bbox 3372 4313 3489 4379; x_wconf 84' lang='lat' dir='ltr'><strong>jam</strong></span> 
     </span>
    </p>
   </div>
   <div class='ocr_carea' id='block_1_92' title="bbox 1919 4332 3493 4455">
    <p class='ocr_par' dir='ltr' id='par_1_92' title="bbox 1919 4332 3493 4455">
     <span class='ocr_line' id='line_1_93' title="bbox 1921 4332 3489 4383; baseline -0.003 -14"><span class='ocrx_word' id='word_1_636' title='bbox 1921 4332 2012 4371; x_wconf 85' lang='grc'><strong>(110</strong></span> <span class='ocrx_word' id='word_1_637' title='bbox 2061 4332 2287 4371; x_wconf 65' lang='grc' dir='ltr'>ηωειδδο</span> <span class='ocrx_word' id='word_1_638' title='bbox 2360 4332 2506 4371; x_wconf 71' lang='grc' dir='ltr'>υῐιιιδ</span> <span class='ocrx_word' id='word_1_639' title='bbox 2535 4332 2801 4375; x_wconf 69' lang='grc' dir='ltr'>νιοειιιυν,</span> <span class='ocrx_word' id='word_1_640' title='bbox 2855 4332 3017 4383; x_wconf 80' lang='lat' dir='ltr'><strong>quam</strong></span> <span class='ocrx_word' id='word_1_641' title='bbox 3052 4332 3347 4366; x_wconf 78' lang='lat' dir='ltr'><strong>Danlllllllll</strong></span> <span class='ocrx_word' id='word_1_642' title='bbox 3372 4332 3489 4379; x_wconf 61' lang='lat' dir='ltr'><strong>13m</strong></span> 
     </span>
     <span class='ocr_line' id='line_1_94' title="bbox 1919 4332 3493 4455; baseline -0.003 -16"><span class='ocrx_word' id='word_1_643' title='bbox 1919 4385 2073 4441; x_wconf 91' lang='lat' dir='ltr'><strong>initio</strong></span> <span class='ocrx_word' id='word_1_644' title='bbox 2104 4386 2287 4442; x_wconf 87' lang='lat' dir='ltr'><strong>fuisse.</strong></span> <span class='ocrx_word' id='word_1_645' title='bbox 2315 4332 2540 4455; x_wconf 52' lang='lat' dir='ltr'><strong>Bnpara)</strong></span> <span class='ocrx_word' id='word_1_646' title='bbox 2568 4386 2752 4439; x_wconf 88' lang='lat' dir='ltr'><strong>titulus</strong></span> <span class='ocrx_word' id='word_1_647' title='bbox 2785 4384 2899 4453; x_wconf 90' lang='lat' dir='ltr'><strong>ipse</strong></span> <span class='ocrx_word' id='word_1_648' title='bbox 2927 4383 3258 4455; x_wconf 86' lang='lat' dir='ltr'><strong>diminutus:</strong></span> <span class='ocrx_word' id='word_1_649' title='bbox 3283 4383 3493 4454; x_wconf 26' lang='lat' dir='ltr'><strong>placuit,</strong></span> 
     </span>
    </p>
   </div>
   <div class='ocr_carea' id='block_1_93' title="bbox 239 4447 3180 4525">
    <p class='ocr_par' dir='ltr' id='par_1_93' title="bbox 239 4447 3180 4525">
     <span class='ocr_line' id='line_1_95' title="bbox 239 4447 3180 4525; baseline 0.001 -24"><span class='ocrx_word' id='word_1_650' title='bbox 239 4447 847 4525; x_wconf 65' lang='lat' dir='ltr'><strong>methodio_scriptum,</strong></span> <span class='ocrx_word' id='word_1_651' title='bbox 883 4459 1139 4525; x_wconf 65' lang='lat' dir='ltr'><strong>caeternin</strong></span> <span class='ocrx_word' id='word_1_652' title='bbox 1193 4464 1261 4504; x_wconf 79' lang='lat' dir='ltr'><strong>ex</strong></span> <span class='ocrx_word' id='word_1_653' title='bbox 1307 4449 1661 4525; x_wconf 68' lang='lat' dir='ltr'><strong>similitudine</strong></span> <span class='ocrx_word' id='word_1_654' title='bbox 1707 4464 1809 4525; x_wconf 57' lang='lat' dir='ltr'><strong>no.</strong></span> <span class='ocrx_word' id='word_1_655' title='bbox 1840 4448 1884 4503; x_wconf 89' lang='lat' dir='ltr'><strong>D</strong></span> <span class='ocrx_word' id='word_1_656' title='bbox 1911 4456 2235 4519; x_wconf 84' lang='lat' dir='ltr'><strong>Allatianus,</strong></span> <span class='ocrx_word' id='word_1_657' title='bbox 2265 4447 2580 4525; x_wconf 58' lang='lat' dir='ltr'><strong>apud&#39;quem</strong></span> <span class='ocrx_word' id='word_1_658' title='bbox 2607 4457 2741 4509; x_wconf 71' lang='lat' dir='ltr'><strong>alios</strong></span> <span class='ocrx_word' id='word_1_659' title='bbox 2768 4447 2910 4510; x_wconf 77' lang='lat' dir='ltr'><strong>vide.</strong></span> <span class='ocrx_word' id='word_1_660' title='bbox 2931 4453 3180 4525; x_wconf 59' lang='grc' dir='ltr'>βομβεῖ.</span> 
     </span>
    </p>
   </div>
   <div class='ocr_carea' id='block_1_94' title="bbox 240 4518 1809 4601">
    <p class='ocr_par' dir='ltr' id='par_1_94' title="bbox 240 4518 1809 4601">
     <span class='ocr_line' id='line_1_96' title="bbox 240 4518 1809 4601; baseline 0.002 -30"><span class='ocrx_word' id='word_1_661' title='bbox 240 4519 450 4601; x_wconf 76' lang='lat' dir='ltr'><strong>minis,</strong></span> <span class='ocrx_word' id='word_1_662' title='bbox 514 4518 835 4601; x_wconf 56' lang='grc' dir='ltr'>Ιξρηγόριον,</span> <span class='ocrx_word' id='word_1_663' title='bbox 882 4518 1105 4601; x_wconf 69' lang='lat' dir='ltr'><strong>errandi</strong></span> <span class='ocrx_word' id='word_1_664' title='bbox 1164 4520 1509 4601; x_wconf 59' lang='lat' dir='ltr'><strong>occasionem</strong></span> <span class='ocrx_word' id='word_1_665' title='bbox 1570 4519 1809 4601; x_wconf 73' lang='lat' dir='ltr'><strong>librariis</strong></span> 
     </span>
    </p>
   </div>
   <div class='ocr_carea' id='block_1_95' title="bbox 236 4588 1808 4659">
    <p class='ocr_par' dir='ltr' id='par_1_95' title="bbox 236 4588 1808 4659">
     <span class='ocr_line' id='line_1_97' title="bbox 236 4588 1808 4659; baseline -0.001 -13"><span class='ocrx_word' id='word_1_666' title='bbox 236 4591 499 4646; x_wconf 87' lang='lat' dir='ltr'><strong>oblatam.</strong></span> <span class='ocrx_word' id='word_1_667' title='bbox 529 4588 712 4654; x_wconf 81' lang='lat' dir='ltr'><strong>Cujus</strong></span> <span class='ocrx_word' id='word_1_668' title='bbox 749 4589 1023 4659; x_wconf 85' lang='lat' dir='ltr'><strong>opinionis</strong></span> <span class='ocrx_word' id='word_1_669' title='bbox 1055 4590 1109 4642; x_wconf 90' lang='lat' dir='ltr'><strong>in</strong></span> <span class='ocrx_word' id='word_1_670' title='bbox 1144 4590 1610 4644; x_wconf 81' lang='lat' dir='ltr'><strong>confirmationem</strong></span> <span class='ocrx_word' id='word_1_671' title='bbox 1633 4590 1808 4644; x_wconf 89' lang='lat' dir='ltr'><strong>trahi-</strong></span> 
     </span>
    </p>
   </div>
   <div class='ocr_carea' id='block_1_96' title="bbox 235 4659 1811 4729">
    <p class='ocr_par' dir='ltr' id='par_1_96' title="bbox 235 4659 1811 4729">
     <span class='ocr_line' id='line_1_98' title="bbox 235 4659 1811 4729; baseline -0.001 -14"><span class='ocrx_word' id='word_1_672' title='bbox 235 4677 358 4715; x_wconf 87' lang='lat' dir='ltr'><strong>mus</strong></span> <span class='ocrx_word' id='word_1_673' title='bbox 383 4660 531 4729; x_wconf 90' lang='lat' dir='ltr'><strong>quod</strong></span> <span class='ocrx_word' id='word_1_674' title='bbox 579 4659 649 4713; x_wconf 83' lang='lat' dir='ltr'><strong>ab</strong></span> <span class='ocrx_word' id='word_1_675' title='bbox 680 4659 977 4729; x_wconf 81' lang='lat' dir='ltr'><strong>Epiphanio</strong></span> <span class='ocrx_word' id='word_1_676' title='bbox 1016 4659 1162 4715; x_wconf 76' lang='grc' dir='ltr'><strong>Ηωτ.</strong></span> <span class='ocrx_word' id='word_1_677' title='bbox 1190 4676 1337 4725; x_wconf 77' lang='lat' dir='ltr'><strong>utv,</strong></span> <span class='ocrx_word' id='word_1_678' title='bbox 1381 4659 1639 4713; x_wconf 83' lang='lat' dir='ltr'><strong>Eubulius</strong></span> <span class='ocrx_word' id='word_1_679' title='bbox 1677 4661 1811 4714; x_wconf 89' lang='lat' dir='ltr'><strong>alte-</strong></span> 
     </span>
    </p>
   </div>
   <div class='ocr_carea' id='block_1_97' title="bbox 236 4729 1808 4786">
    <p class='ocr_par' dir='ltr' id='par_1_97' title="bbox 236 4729 1808 4786">
     <span class='ocr_line' id='line_1_99' title="bbox 236 4729 1808 4786; baseline -0.001 -1"><span class='ocrx_word' id='word_1_680' title='bbox 236 4746 358 4785; x_wconf 88' lang='lat' dir='ltr'><strong>rum</strong></span> <span class='ocrx_word' id='word_1_681' title='bbox 392 4731 594 4783; x_wconf 77' lang='lat' dir='ltr'><strong>nemen</strong></span> <span class='ocrx_word' id='word_1_682' title='bbox 628 4729 903 4784; x_wconf 81' lang='lat' dir='ltr'><strong>Methodio</strong></span> <span class='ocrx_word' id='word_1_683' title='bbox 931 4731 1224 4785; x_wconf 81' lang='lat' dir='ltr'><strong>tribuitur:</strong></span> <span class='ocrx_word' id='word_1_684' title='bbox 1262 4732 1376 4786; x_wconf 88' lang='lat' dir='ltr'><strong>sive</strong></span> <span class='ocrx_word' id='word_1_685' title='bbox 1400 4730 1456 4783; x_wconf 90' lang='lat' dir='ltr'><strong>id</strong></span> <span class='ocrx_word' id='word_1_686' title='bbox 1479 4730 1808 4785; x_wconf 81' lang='lat' dir='ltr'><strong>eveneritex</strong></span> 
     </span>
    </p>
   </div>
   <div class='ocr_carea' id='block_1_98' title="bbox 236 4799 1805 4871">
    <p class='ocr_par' dir='ltr' id='par_1_98' title="bbox 236 4799 1805 4871">
     <span class='ocr_line' id='line_1_100' title="bbox 236 4799 1805 4871; baseline -0.002 -16"><span class='ocrx_word' id='word_1_687' title='bbox 236 4802 361 4855; x_wconf 88' lang='lat' dir='ltr'><strong>lihri</strong></span> <span class='ocrx_word' id='word_1_688' title='bbox 396 4800 567 4871; x_wconf 78' lang='lat' dir='ltr'><strong>hu&#39;jus</strong></span> <span class='ocrx_word' id='word_1_689' title='bbox 598 4800 770 4870; x_wconf 88' lang='lat' dir='ltr'><strong>ipsius</strong></span> <span class='ocrx_word' id='word_1_690' title='bbox 801 4800 1137 4871; x_wconf 87' lang='lat' dir='ltr'><strong>celebritate,</strong></span> <span class='ocrx_word' id='word_1_691' title='bbox 1172 4816 1202 4854; x_wconf 94' lang='lat' dir='ltr'><strong>a</strong></span> <span class='ocrx_word' id='word_1_692' title='bbox 1234 4801 1430 4871; x_wconf 88' lang='lat' dir='ltr'><strong>primo,</strong></span> <span class='ocrx_word' id='word_1_693' title='bbox 1465 4807 1524 4854; x_wconf 89' lang='lat' dir='ltr'><strong>ut</strong></span> <span class='ocrx_word' id='word_1_694' title='bbox 1555 4815 1697 4871; x_wconf 65' lang='lat' dir='ltr'><strong>saepe</strong></span> <span class='ocrx_word' id='word_1_695' title='bbox 1729 4799 1805 4865; x_wconf 81' lang='lat' dir='ltr'><strong>tit,</strong></span> 
     </span>
    </p>
   </div>
   <div class='ocr_carea' id='block_1_99' title="bbox 233 4868 1807 4936">
    <p class='ocr_par' dir='ltr' id='par_1_99' title="bbox 233 4868 1807 4936">
     <span class='ocr_line' id='line_1_101' title="bbox 233 4868 1807 4936; baseline -0.002 -9"><span class='ocrx_word' id='word_1_696' title='bbox 233 4870 505 4927; x_wconf 85' lang='lat' dir='ltr'><strong>vocabulo</strong></span> <span class='ocrx_word' id='word_1_697' title='bbox 535 4868 1029 4926; x_wconf 76' lang='lat' dir='ltr'><strong>detiominationetn</strong></span> <span class='ocrx_word' id='word_1_698' title='bbox 1076 4868 1252 4936; x_wconf 66' lang='lat' dir='ltr'><strong>nacti,</strong></span> <span class='ocrx_word' id='word_1_699' title='bbox 1290 4878 1343 4926; x_wconf 90' lang='lat' dir='ltr'><strong>et</strong></span> <span class='ocrx_word' id='word_1_700' title='bbox 1376 4885 1572 4924; x_wconf 91' lang='lat' dir='ltr'><strong>nomen</strong></span> <span class='ocrx_word' id='word_1_701' title='bbox 1602 4870 1807 4924; x_wconf 79' lang='lat' dir='ltr'><strong>adven-</strong></span> 
     </span>
    </p>
   </div>
   <div class='ocr_carea' id='block_1_100' title="bbox 232 4938 1810 5008">
    <p class='ocr_par' dir='ltr' id='par_1_100' title="bbox 232 4938 1810 5008">
     <span class='ocr_line' id='line_1_102' title="bbox 232 4938 1810 5008; baseline -0.001 -12"><span class='ocrx_word' id='word_1_702' title='bbox 232 4942 438 4996; x_wconf 86' lang='lat' dir='ltr'><strong>titium.</strong></span> <span class='ocrx_word' id='word_1_703' title='bbox 465 4941 686 5008; x_wconf 89' lang='lat' dir='ltr'><strong>proprio</strong></span> <span class='ocrx_word' id='word_1_704' title='bbox 711 4941 914 5003; x_wconf 86' lang='lat' dir='ltr'><strong>notius.</strong></span> <span class='ocrx_word' id='word_1_705' title='bbox 950 4941 1156 4996; x_wconf 87' lang='lat' dir='ltr'><strong>auctori</strong></span> <span class='ocrx_word' id='word_1_706' title='bbox 1190 4940 1533 4996; x_wconf 85' lang='lat' dir='ltr'><strong>conciliantis</strong></span> <span class='ocrx_word' id='word_1_707' title='bbox 1553 4980 1567 5004; x_wconf 96' lang='lat'><strong>,</strong></span> <span class='ocrx_word' id='word_1_708' title='bbox 1600 4947 1659 4994; x_wconf 93' lang='lat' dir='ltr'><strong>ut</strong></span> <span class='ocrx_word' id='word_1_709' title='bbox 1687 4938 1810 4995; x_wconf 86' lang='lat' dir='ltr'><strong>Cle-</strong></span> 
     </span>
    </p>
   </div>
   <div class='ocr_carea' id='block_1_101' title="bbox 232 5009 1813 5082">
    <p class='ocr_par' dir='ltr' id='par_1_101' title="bbox 232 5009 1813 5082">
     <span class='ocr_line' id='line_1_103' title="bbox 232 5009 1813 5082; baseline 0 -17"><span class='ocrx_word' id='word_1_710' title='bbox 232 5027 392 5066; x_wconf 88' lang='lat' dir='ltr'><strong>mens</strong></span> <span class='ocrx_word' id='word_1_711' title='bbox 429 5009 839 5082; x_wconf 76' lang='grc' dir='ltr'>Στρωματεός,</span> <span class='ocrx_word' id='word_1_712' title='bbox 885 5019 940 5066; x_wconf 92' lang='lat' dir='ltr'><strong>et</strong></span> <span class='ocrx_word' id='word_1_713' title='bbox 968 5011 1264 5082; x_wconf 85' lang='lat' dir='ltr'><strong>Gregorius</strong></span> <span class='ocrx_word' id='word_1_714' title='bbox 1309 5011 1565 5082; x_wconf 67' lang='lat' dir='ltr'><strong>Dialogus</strong></span> <span class='ocrx_word' id='word_1_715' title='bbox 1612 5025 1813 5082; x_wconf 82' lang='lat' dir='ltr'><strong>cogno-</strong></span> 
     </span>
    </p>
   </div>
   <div class='ocr_carea' id='block_1_102' title="bbox 234 5080 1808 5149">
    <p class='ocr_par' dir='ltr' id='par_1_102' title="bbox 234 5080 1808 5149">
     <span class='ocr_line' id='line_1_104' title="bbox 234 5080 1808 5149; baseline 0 -15"><span class='ocrx_word' id='word_1_716' title='bbox 234 5082 425 5135; x_wconf 88' lang='lat' dir='ltr'><strong>minati</strong></span> <span class='ocrx_word' id='word_1_717' title='bbox 462 5080 639 5135; x_wconf 36' lang='lat' dir='ltr'><strong>suut’:</strong></span> <span class='ocrx_word' id='word_1_718' title='bbox 670 5084 786 5136; x_wconf 87' lang='lat' dir='ltr'><strong>sive</strong></span> <span class='ocrx_word' id='word_1_719' title='bbox 822 5081 935 5149; x_wconf 88' lang='lat' dir='ltr'><strong>jam</strong></span> <span class='ocrx_word' id='word_1_720' title='bbox 963 5080 1120 5137; x_wconf 77' lang='lat' dir='ltr'><strong>antea</strong></span> <span class='ocrx_word' id='word_1_721' title='bbox 1169 5080 1479 5136; x_wconf 86' lang='lat' dir='ltr'><strong>binominis</strong></span> <span class='ocrx_word' id='word_1_722' title='bbox 1501 5080 1808 5136; x_wconf 82' lang='lat' dir='ltr'><strong>Methodius</strong></span> 
     </span>
    </p>
   </div>
   <div class='ocr_carea' id='block_1_103' title="bbox 234 5150 1810 5222">
    <p class='ocr_par' dir='ltr' id='par_1_103' title="bbox 234 5150 1810 5222">
     <span class='ocr_line' id='line_1_105' title="bbox 234 5150 1810 5222; baseline -0.001 -17"><span class='ocrx_word' id='word_1_723' title='bbox 234 5167 357 5222; x_wconf 74' lang='lat' dir='ltr'><strong>sese</strong></span> <span class='ocrx_word' id='word_1_724' title='bbox 401 5150 496 5205; x_wconf 89' lang='lat' dir='ltr'><strong>hic</strong></span> <span class='ocrx_word' id='word_1_725' title='bbox 550 5150 1003 5222; x_wconf 49' lang='lat' dir='ltr'><strong>minususitatq</strong></span> <span class='ocrx_word' id='word_1_726' title='bbox 1024 5153 1259 5222; x_wconf 85' lang='lat' dir='ltr'><strong>signavit</strong></span> <span class='ocrx_word' id='word_1_727' title='bbox 1310 5152 1549 5207; x_wconf 89' lang='lat' dir='ltr'><strong>nomine.</strong></span> <span class='ocrx_word' id='word_1_728' title='bbox 1597 5150 1810 5204; x_wconf 79' lang='lat' dir='ltr'><strong>EDITOB.</strong></span> 
     </span>
    </p>
   </div>
   <div class='ocr_carea' id='block_1_104' title="bbox 235 5219 1807 5288">
    <p class='ocr_par' dir='ltr' id='par_1_104' title="bbox 235 5219 1807 5288">
     <span class='ocr_line' id='line_1_106' title="bbox 235 5219 1807 5288; baseline 0.001 -14"><span class='ocrx_word' id='word_1_729' title='bbox 235 5220 441 5275; x_wconf 68' lang='lat' dir='ltr'><strong>Luna.</strong></span> <span class='ocrx_word' id='word_1_730' title='bbox 466 5250 540 5261; x_wconf 90' lang='lat'><strong>—-</strong></span> <span class='ocrx_word' id='word_1_731' title='bbox 572 5220 926 5275; x_wconf 75' lang='grc' dir='ltr'>Εὑϐοὐλιον.</span> <span class='ocrx_word' id='word_1_732' title='bbox 972 5219 1062 5275; x_wconf 89' lang='lat' dir='ltr'><strong>Sic</strong></span> <span class='ocrx_word' id='word_1_733' title='bbox 1082 5219 1309 5275; x_wconf 53' lang='lat' dir='ltr'><strong>&#39;hahent</strong></span> <span class='ocrx_word' id='word_1_734' title='bbox 1337 5236 1526 5277; x_wconf 86' lang='lat' dir='ltr'><strong>omnes</strong></span> <span class='ocrx_word' id='word_1_735' title='bbox 1559 5221 1807 5288; x_wconf 86' lang='lat' dir='ltr'><strong>codices;</strong></span> 
     </span>
    </p>
   </div>
   <div class='ocr_carea' id='block_1_105' title="bbox 236 5290 1811 5361">
    <p class='ocr_par' dir='ltr' id='par_1_105' title="bbox 236 5290 1811 5361">
     <span class='ocr_line' id='line_1_107' title="bbox 236 5290 1811 5361; baseline 0 -17"><span class='ocrx_word' id='word_1_736' title='bbox 236 5290 464 5361; x_wconf 88' lang='lat' dir='ltr'><strong>proinde</strong></span> <span class='ocrx_word' id='word_1_737' title='bbox 492 5307 604 5346; x_wconf 89' lang='lat' dir='ltr'><strong>non</strong></span> <span class='ocrx_word' id='word_1_738' title='bbox 640 5292 799 5345; x_wconf 83' lang='lat' dir='ltr'><strong>facile</strong></span> <span class='ocrx_word' id='word_1_739' title='bbox 824 5292 1077 5359; x_wconf 88' lang='lat' dir='ltr'><strong>nudaque</strong></span> <span class='ocrx_word' id='word_1_740' title='bbox 1116 5292 1430 5360; x_wconf 79' lang='lat' dir='ltr'><strong>conjectura</strong></span> <span class='ocrx_word' id='word_1_741' title='bbox 1457 5308 1581 5346; x_wconf 90' lang='lat' dir='ltr'><strong>cum</strong></span> <span class='ocrx_word' id='word_1_742' title='bbox 1624 5290 1811 5346; x_wconf 85' lang='lat' dir='ltr'><strong>Possi-</strong></span> 
     </span>
    </p>
   </div>
   <div class='ocr_carea' id='block_1_106' title="bbox 212 5361 1807 5432">
    <p class='ocr_par' dir='ltr' id='par_1_106' title="bbox 212 5361 1807 5432">
     <span class='ocr_line' id='line_1_108' title="bbox 212 5361 1807 5432; baseline -0.002 -15"><span class='ocrx_word' id='word_1_743' title='bbox 212 5364 349 5427; x_wconf 70' lang='lat' dir='ltr'><strong>,nio,</strong></span> <span class='ocrx_word' id='word_1_744' title='bbox 378 5363 498 5417; x_wconf 83' lang='lat' dir='ltr'><strong>sive</strong></span> <span class='ocrx_word' id='word_1_745' title='bbox 531 5361 745 5432; x_wconf 14' lang='lat' dir='ltr'><strong>eoiqui</strong></span> <span class='ocrx_word' id='word_1_746' title='bbox 788 5362 908 5430; x_wconf 85' lang='lat' dir='ltr'><strong>ejus</strong></span> <span class='ocrx_word' id='word_1_747' title='bbox 940 5362 1162 5416; x_wconf 86' lang='lat' dir='ltr'><strong>editioni</strong></span> <span class='ocrx_word' id='word_1_748' title='bbox 1212 5362 1449 5432; x_wconf 71' lang='lat' dir='ltr'><strong>praefuit,</strong></span> <span class='ocrx_word' id='word_1_749' title='bbox 1487 5363 1807 5417; x_wconf 89' lang='lat' dir='ltr'><strong>mutandum</strong></span> 
     </span>
    </p>
   </div>
   <div class='ocr_carea' id='block_1_107' title="bbox 241 5430 1806 5503">
    <p class='ocr_par' dir='ltr' id='par_1_107' title="bbox 241 5430 1806 5503">
     <span class='ocr_line' id='line_1_109' title="bbox 241 5430 1806 5503; baseline -0.001 -18"><span class='ocrx_word' id='word_1_750' title='bbox 241 5432 549 5496; x_wconf 76' lang='grc' dir='ltr'>Εὖϐούλιος.</span> <span class='ocrx_word' id='word_1_751' title='bbox 591 5430 749 5503; x_wconf 80' lang='lat' dir='ltr'><strong>Quod</strong></span> <span class='ocrx_word' id='word_1_752' title='bbox 799 5439 976 5503; x_wconf 84' lang='lat' dir='ltr'><strong>tamen</strong></span> <span class='ocrx_word' id='word_1_753' title='bbox 1025 5430 1231 5501; x_wconf 77' lang='lat' dir='ltr'><strong>passiui</strong></span> <span class='ocrx_word' id='word_1_754' title='bbox 1247 5432 1580 5503; x_wconf 31' lang='lat' dir='ltr'><strong>Amasculino</strong></span> <span class='ocrx_word' id='word_1_755' title='bbox 1606 5432 1806 5503; x_wconf 81' lang='lat' dir='ltr'><strong>jungit,</strong></span> 
     </span>
    </p>
   </div>
   <div class='ocr_carea' id='block_1_108' title="bbox 239 5500 1807 5573">
    <p class='ocr_par' dir='ltr' id='par_1_108' title="bbox 239 5500 1807 5573">
     <span class='ocr_line' id='line_1_110' title="bbox 239 5500 1807 5573; baseline 0.001 -19"><span class='ocrx_word' id='word_1_756' title='bbox 239 5506 411 5571; x_wconf 85' lang='lat' dir='ltr'><strong>virum</strong></span> <span class='ocrx_word' id='word_1_757' title='bbox 435 5503 562 5573; x_wconf 88' lang='lat' dir='ltr'><strong>quis</strong></span> <span class='ocrx_word' id='word_1_758' title='bbox 594 5502 862 5573; x_wconf 74' lang='lat' dir='ltr'><strong>suspicari</strong></span> <span class='ocrx_word' id='word_1_759' title='bbox 886 5500 1076 5570; x_wconf 87' lang='lat' dir='ltr'><strong>possit,</strong></span> <span class='ocrx_word' id='word_1_760' title='bbox 1110 5504 1200 5556; x_wconf 92' lang='lat' dir='ltr'><strong>cui</strong></span> <span class='ocrx_word' id='word_1_761' title='bbox 1233 5500 1551 5572; x_wconf 76' lang='lat' dir='ltr'><strong>Gregorium</strong></span> <span class='ocrx_word' id='word_1_762' title='bbox 1574 5503 1689 5572; x_wconf 87' lang='lat' dir='ltr'><strong>ipsa</strong></span> <span class='ocrx_word' id='word_1_763' title='bbox 1714 5500 1807 5573; x_wconf 50' lang='lat' dir='ltr'><strong>&#39;fe-</strong></span> 
     </span>
    </p>
   </div>
   <div class='ocr_carea' id='block_1_109' title="bbox 241 5572 1807 5642">
    <p class='ocr_par' dir='ltr' id='par_1_109' title="bbox 241 5572 1807 5642">
     <span class='ocr_line' id='line_1_111' title="bbox 241 5572 1807 5642; baseline 0.001 -15"><span class='ocrx_word' id='word_1_764' title='bbox 241 5575 403 5642; x_wconf 87' lang='lat' dir='ltr'><strong>mina,</strong></span> <span class='ocrx_word' id='word_1_765' title='bbox 442 5572 650 5629; x_wconf 81' lang='lat' dir='ltr'><strong>referat</strong></span> <span class='ocrx_word' id='word_1_766' title='bbox 694 5572 840 5625; x_wconf 90' lang='lat' dir='ltr'><strong>dicta</strong></span> <span class='ocrx_word' id='word_1_767' title='bbox 870 5573 1321 5642; x_wconf 65' lang='lat' dir='ltr'><strong>virginumjeum</strong></span> <span class='ocrx_word' id='word_1_768' title='bbox 1360 5573 1453 5627; x_wconf 88' lang='lat' dir='ltr'><strong>illa</strong></span> <span class='ocrx_word' id='word_1_769' title='bbox 1495 5572 1807 5642; x_wconf 85' lang='lat' dir='ltr'><strong>terminatio</strong></span> 
     </span>
    </p>
   </div>
   <div class='ocr_carea' id='block_1_110' title="bbox 244 5640 1805 5711">
    <p class='ocr_par' dir='ltr' id='par_1_110' title="bbox 244 5640 1805 5711">
     <span class='ocr_line' id='line_1_112' title="bbox 244 5640 1805 5711; baseline 0.005 -19"><span class='ocrx_word' id='word_1_770' title='bbox 244 5641 491 5711; x_wconf 79' lang='lat' dir='ltr'><strong>feminam</strong></span> <span class='ocrx_word' id='word_1_771' title='bbox 558 5643 774 5707; x_wconf 89' lang='lat' dir='ltr'><strong>innuat,</strong></span> <span class='ocrx_word' id='word_1_772' title='bbox 822 5650 884 5695; x_wconf 87' lang='lat' dir='ltr'><strong>ut</strong></span> <span class='ocrx_word' id='word_1_773' title='bbox 922 5640 976 5695; x_wconf 73' lang='lat' dir='ltr'><strong>iii</strong></span> <span class='ocrx_word' id='word_1_774' title='bbox 1004 5641 1284 5711; x_wconf 72' lang='lat' dir='ltr'><strong>Gregorio.</strong></span> <span class='ocrx_word' id='word_1_775' title='bbox 1342 5644 1423 5698; x_wconf 89' lang='lat' dir='ltr'><strong>sic</strong></span> <span class='ocrx_word' id='word_1_776' title='bbox 1463 5643 1519 5697; x_wconf 92' lang='lat' dir='ltr'><strong>in</strong></span> <span class='ocrx_word' id='word_1_777' title='bbox 1553 5640 1805 5700; x_wconf 81' lang='lat' dir='ltr'><strong>Eub&#39;ulio.</strong></span> 
     </span>
    </p>
   </div>
   <div class='ocr_carea' id='block_1_111' title="bbox 243 5710 1803 5782">
    <p class='ocr_par' dir='ltr' id='par_1_111' title="bbox 243 5710 1803 5782">
     <span class='ocr_line' id='line_1_113' title="bbox 243 5710 1803 5782; baseline 0.003 -18"><span class='ocrx_word' id='word_1_778' title='bbox 243 5710 368 5767; x_wconf 66' lang='lat' dir='ltr'><strong>Nam</strong></span> <span class='ocrx_word' id='word_1_779' title='bbox 422 5712 685 5772; x_wconf 82' lang='lat' dir='ltr'><strong>servandi</strong></span> <span class='ocrx_word' id='word_1_780' title='bbox 742 5712 954 5769; x_wconf 89' lang='lat' dir='ltr'><strong>decoris</strong></span> <span class='ocrx_word' id='word_1_781' title='bbox 1005 5710 1191 5782; x_wconf 82' lang='lat' dir='ltr'><strong>causa,</strong></span> <span class='ocrx_word' id='word_1_782' title='bbox 1250 5714 1529 5770; x_wconf 89' lang='lat' dir='ltr'><strong>mulierem</strong></span> <span class='ocrx_word' id='word_1_783' title='bbox 1589 5714 1803 5770; x_wconf 87' lang='lat' dir='ltr'><strong>mulieri</strong></span> 
     </span>
    </p>
   </div>
   <div class='ocr_carea' id='block_1_112' title="bbox 1981 4521 3488 4598">
    <p class='ocr_par' dir='ltr' id='par_1_112' title="bbox 1981 4521 3488 4598">
     <span class='ocr_line' id='line_1_114' title="bbox 1981 4521 3488 4598; baseline -0.003 -19"><span class='ocrx_word' id='word_1_784' title='bbox 1981 4526 2067 4598; x_wconf 14' lang='lat'><strong>(2)7</strong></span> <span class='ocrx_word' id='word_1_785' title='bbox 2092 4521 2540 4598; x_wconf 34' lang='grc' dir='ltr'><strong>Οὕτω-πάντως.</strong></span> <span class='ocrx_word' id='word_1_786' title='bbox 2577 4526 2668 4579; x_wconf 86' lang='lat' dir='ltr'><strong>Sic</strong></span> <span class='ocrx_word' id='word_1_787' title='bbox 2722 4540 2792 4598; x_wconf 52' lang='grc' dir='ltr'><strong>εξ</strong></span> <span class='ocrx_word' id='word_1_788' title='bbox 2821 4523 3131 4598; x_wconf 64' lang='lat' dir='ltr'><strong>coniectura</strong></span> <span class='ocrx_word' id='word_1_789' title='bbox 3175 4521 3488 4598; x_wconf 62' lang='lat' dir='ltr'><strong>restitutum</strong></span> 
     </span>
    </p>
   </div>
   <div class='ocr_carea' id='block_1_113' title="bbox 1909 4592 3484 4661">
    <p class='ocr_par' dir='ltr' id='par_1_113' title="bbox 1909 4592 3484 4661">
     <span class='ocr_line' id='line_1_115' title="bbox 1909 4592 3484 4661; baseline -0.004 -10"><span class='ocrx_word' id='word_1_790' title='bbox 1909 4592 2014 4661; x_wconf 74' lang='lat' dir='ltr'><strong>est,</strong></span> <span class='ocrx_word' id='word_1_791' title='bbox 2038 4592 2177 4651; x_wconf 69' lang='lat' dir='ltr'><strong>&#39;loco</strong></span> <span class='ocrx_word' id='word_1_792' title='bbox 2217 4595 2369 4649; x_wconf 76' lang='grc' dir='ltr'>οὔπω</span> <span class='ocrx_word' id='word_1_793' title='bbox 2429 4596 2642 4659; x_wconf 82' lang='grc' dir='ltr'>πάντως</span> <span class='ocrx_word' id='word_1_794' title='bbox 2676 4595 2883 4648; x_wconf 86' lang='lat' dir='ltr'><strong>codicis</strong></span> <span class='ocrx_word' id='word_1_795' title='bbox 2930 4594 3072 4653; x_wconf 82' lang='lat' dir='ltr'><strong>Vat..</strong></span> <span class='ocrx_word' id='word_1_796' title='bbox 3098 4592 3240 4661; x_wconf 89' lang='lat' dir='ltr'><strong>quod</strong></span> <span class='ocrx_word' id='word_1_797' title='bbox 3269 4592 3484 4645; x_wconf 81' lang='lat' dir='ltr'><strong>diﬂicile</strong></span> 
     </span>
    </p>
   </div>
   <div class='ocr_carea' id='block_1_114' title="bbox 1953 4661 3485 4721">
    <p class='ocr_par' dir='ltr' id='par_1_114' title="bbox 1953 4661 3485 4721">
     <span class='ocr_line' id='line_1_116' title="bbox 1953 4661 3485 4721; baseline -0.003 -1"><span class='ocrx_word' id='word_1_798' title='bbox 1953 4666 2144 4721; x_wconf 88' lang='lat' dir='ltr'><strong>uadrat</strong></span> <span class='ocrx_word' id='word_1_799' title='bbox 2168 4666 2221 4720; x_wconf 91' lang='lat' dir='ltr'><strong>in</strong></span> <span class='ocrx_word' id='word_1_800' title='bbox 2253 4667 2398 4719; x_wconf 89' lang='lat' dir='ltr'><strong>hunc</strong></span> <span class='ocrx_word' id='word_1_801' title='bbox 2445 4667 2644 4721; x_wconf 88' lang='lat' dir='ltr'><strong>locum.</strong></span> <span class='ocrx_word' id='word_1_802' title='bbox 2678 4664 3093 4719; x_wconf 84' lang='lat' dir='ltr'><strong>Ilemistichium</strong></span> <span class='ocrx_word' id='word_1_803' title='bbox 3128 4661 3393 4717; x_wconf 79' lang='lat' dir='ltr'><strong>deﬂexum</strong></span> <span class='ocrx_word' id='word_1_804' title='bbox 3417 4677 3485 4716; x_wconf 77' lang='lat' dir='ltr'><strong>ex</strong></span> 
     </span>
    </p>
   </div>
   <div class='ocr_carea' id='block_1_115' title="bbox 1959 4732 3493 4862">
    <p class='ocr_par' dir='ltr' id='par_1_115' title="bbox 1959 4732 3493 4862">
     <span class='ocr_line' id='line_1_117' title="bbox 1959 4732 3493 4862; baseline -0.003 -71"><span class='ocrx_word' id='word_1_805' title='bbox 1959 4735 2254 4862; x_wconf 55' lang='lat' dir='ltr'><strong>omeJ&#39;o</strong></span> <span class='ocrx_word' id='word_1_806' title='bbox 2267 4739 2326 4800; x_wconf 87' lang='lat' dir='ltr'><strong>A,</strong></span> <span class='ocrx_word' id='word_1_807' title='bbox 2354 4752 2498 4793; x_wconf 86' lang='lat' dir='ltr'><strong>vers.</strong></span> <span class='ocrx_word' id='word_1_808' title='bbox 2527 4736 2581 4804; x_wconf 74' lang='lat'><strong>5,</strong></span> <span class='ocrx_word' id='word_1_809' title='bbox 2603 4734 2657 4800; x_wconf 77' lang='grc'>4,</span> <span class='ocrx_word' id='word_1_810' title='bbox 2692 4736 2771 4791; x_wconf 89' lang='lat' dir='ltr'><strong>sic</strong></span> <span class='ocrx_word' id='word_1_811' title='bbox 2792 4733 3048 4789; x_wconf 89' lang='lat' dir='ltr'><strong>mendose</strong></span> <span class='ocrx_word' id='word_1_812' title='bbox 3077 4732 3493 4802; x_wconf 86' lang='lat' dir='ltr'><strong>concipiebatur.</strong></span> 
     </span>
     <span class='ocr_line' id='line_1_118' title="bbox 1959 4823 2316 4862; baseline 0.003 -1"><span class='ocrx_word' id='word_1_813' title='bbox 1959 4828 1965 4861; x_wconf 86' lang='grc' dir='ltr'>ι</span> <span class='ocrx_word' id='word_1_814' title='bbox 1997 4823 2061 4862; x_wconf 93' lang='lat' dir='ltr'><strong>co</strong></span> <span class='ocrx_word' id='word_1_815' title='bbox 2106 4848 2118 4862; x_wconf 90' lang='lat'><strong>.</strong></span> <span class='ocrx_word' id='word_1_816' title='bbox 2200 4823 2229 4860; x_wconf 90' lang='lat' dir='ltr'><strong>a</strong></span> <span class='ocrx_word' id='word_1_817' title='bbox 2260 4828 2316 4862; x_wconf 88' lang='lat'><strong>.:</strong></span> 
     </span>
    </p>
   </div>
   <div class='ocr_carea' id='block_1_116' title="bbox 1909 4807 2316 4862">
    <p class='ocr_par' dir='ltr' id='par_1_116' title="bbox 1909 4807 2316 4862">
     <span class='ocr_line' id='line_1_119' title="bbox 1909 4807 2316 4862; baseline 0.002 -1"><span class='ocrx_word' id='word_1_818' title='bbox 1909 4807 1965 4862; x_wconf 90' lang='lat' dir='ltr'><strong>in</strong></span> <span class='ocrx_word' id='word_1_819' title='bbox 1997 4807 2118 4862; x_wconf 91' lang='lat' dir='ltr'><strong>cod.</strong></span> <span class='ocrx_word' id='word_1_820' title='bbox 2152 4807 2274 4861; x_wconf 87' lang='lat' dir='ltr'><strong>Vat.</strong></span> <span class='ocrx_word' id='word_1_821' title='bbox 2302 4828 2316 4862; x_wconf 87' lang='lat'><strong>:</strong></span> 
     </span>
    </p>
   </div>
   <div class='ocr_carea' id='block_1_117' title="bbox 2121 4895 3273 4966">
    <p class='ocr_par' dir='ltr' id='par_1_117' title="bbox 2121 4895 3273 4966">
     <span class='ocr_line' id='line_1_120' title="bbox 2121 4895 3273 4966; baseline -0.004 -14"><span class='ocrx_word' id='word_1_822' title='bbox 2121 4939 2134 4952; x_wconf 93' lang='lat'><strong>.</strong></span> <span class='ocrx_word' id='word_1_823' title='bbox 2178 4941 2193 4955; x_wconf 93' lang='lat'><strong>.</strong></span> <span class='ocrx_word' id='word_1_824' title='bbox 2239 4939 2254 4952; x_wconf 92' lang='lat'><strong>.</strong></span> <span class='ocrx_word' id='word_1_825' title='bbox 2299 4941 2311 4953; x_wconf 94' lang='lat'><strong>.</strong></span> <span class='ocrx_word' id='word_1_826' title='bbox 2356 4935 2371 4948; x_wconf 93' lang='lat'><strong>.</strong></span> <span class='ocrx_word' id='word_1_827' title='bbox 2411 4901 2480 4952; x_wconf 79' lang='lat' dir='ltr'><strong>Al</strong></span> <span class='ocrx_word' id='word_1_828' title='bbox 2506 4897 2575 4951; x_wconf 84' lang='grc' dir='ltr'><strong>δὲ</strong></span> <span class='ocrx_word' id='word_1_829' title='bbox 2593 4895 2876 4966; x_wconf 83' lang='grc' dir='ltr'>χρυσέοις</span> <span class='ocrx_word' id='word_1_830' title='bbox 2913 4895 3273 4966; x_wconf 45' lang='grc' dir='ltr'>δεπάεσσιν</span> 
     </span>
    </p>
   </div>
   <div class='ocr_carea' id='block_1_118' title="bbox 1982 4965 3481 5041">
    <p class='ocr_par' dir='ltr' id='par_1_118' title="bbox 1982 4965 3481 5041">
     <span class='ocr_line' id='line_1_121' title="bbox 1982 4965 3481 5041; baseline -0.005 -17"><span class='ocrx_word' id='word_1_831' title='bbox 1982 4970 2272 5041; x_wconf 79' lang='grc' dir='ltr'><strong>Δειδέχατ⁸</strong></span> <span class='ocrx_word' id='word_1_832' title='bbox 2291 4965 2599 5036; x_wconf 73' lang='grc' dir='ltr'>ἀλλήλας,</span> <span class='ocrx_word' id='word_1_833' title='bbox 2605 4968 2798 5037; x_wconf 77' lang='grc' dir='ltr'>μέγαν</span> <span class='ocrx_word' id='word_1_834' title='bbox 2824 4970 2911 5033; x_wconf 82' lang='grc' dir='ltr'><strong>εὶς</strong></span> <span class='ocrx_word' id='word_1_835' title='bbox 2926 4965 3186 5034; x_wconf 77' lang='grc' dir='ltr'>οὐρανὸν</span> <span class='ocrx_word' id='word_1_836' title='bbox 3206 4967 3481 5032; x_wconf 79' lang='grc' dir='ltr'>ὀρόωσαι’</span> 
     </span>
    </p>
   </div>
   <div class='ocr_carea' id='block_1_119' title="bbox 1909 5076 3486 5152">
    <p class='ocr_par' dir='ltr' id='par_1_119' title="bbox 1909 5076 3486 5152">
     <span class='ocr_line' id='line_1_122' title="bbox 1909 5076 3486 5152; baseline -0.004 -17"><span class='ocrx_word' id='word_1_837' title='bbox 1909 5098 2029 5152; x_wconf 68' lang='lat' dir='ltr'><strong>qua:</strong></span> <span class='ocrx_word' id='word_1_838' title='bbox 2050 5097 2208 5136; x_wconf 91' lang='lat' dir='ltr'><strong>nemo</strong></span> <span class='ocrx_word' id='word_1_839' title='bbox 2237 5080 2542 5152; x_wconf 17' lang='lat' dir='ltr'><strong>noni_vid_et,</strong></span> <span class='ocrx_word' id='word_1_840' title='bbox 2573 5094 2735 5149; x_wconf 91' lang='lat' dir='ltr'><strong>quam</strong></span> <span class='ocrx_word' id='word_1_841' title='bbox 2766 5080 3076 5152; x_wconf 75' lang='lat' dir='ltr'><strong>necessario</strong></span> <span class='ocrx_word' id='word_1_842' title='bbox 3116 5076 3183 5129; x_wconf 89' lang='lat' dir='ltr'><strong>ad</strong></span> <span class='ocrx_word' id='word_1_843' title='bbox 3221 5090 3486 5152; x_wconf 67' lang='lat' dir='ltr'><strong>nnmrros</strong></span> 
     </span>
    </p>
   </div>
   <div class='ocr_carea' id='block_1_120' title="bbox 1908 5144 3489 5219">
    <p class='ocr_par' dir='ltr' id='par_1_120' title="bbox 1908 5144 3489 5219">
     <span class='ocr_line' id='line_1_123' title="bbox 1908 5144 3489 5219; baseline -0.006 -12"><span class='ocrx_word' id='word_1_844' title='bbox 1908 5144 2306 5207; x_wconf 65' lang='lat' dir='ltr'><strong>reduxerimus.</strong></span> <span class='ocrx_word' id='word_1_845' title='bbox 2337 5150 2432 5204; x_wconf 82' lang='lat' dir='ltr'><strong>En.</strong></span> <span class='ocrx_word' id='word_1_846' title='bbox 2457 5144 2659 5204; x_wconf 59' lang='grc' dir='ltr'>ιυροίιι.</span> <span class='ocrx_word' id='word_1_847' title='bbox 2690 5180 2761 5189; x_wconf 91' lang='grc'><strong><em>-</em></strong></span> <span class='ocrx_word' id='word_1_848' title='bbox 2790 5148 2964 5219; x_wconf 64' lang='grc' dir='ltr'>Οὔπω</span> <span class='ocrx_word' id='word_1_849' title='bbox 2984 5147 3238 5212; x_wconf 76' lang='grc' dir='ltr'>πάντως.</span> <span class='ocrx_word' id='word_1_850' title='bbox 3267 5144 3489 5219; x_wconf 68' lang='lat' dir='ltr'><strong>Primus</strong></span> 
     </span>
    </p>
   </div>
   <div class='ocr_carea' id='block_1_121' title="bbox 1908 5217 3487 5292">
    <p class='ocr_par' dir='ltr' id='par_1_121' title="bbox 1908 5217 3487 5292">
     <span class='ocr_line' id='line_1_124' title="bbox 1908 5217 3487 5292; baseline -0.004 -15"><span class='ocrx_word' id='word_1_851' title='bbox 1908 5222 2131 5292; x_wconf 68' lang='lat' dir='ltr'><strong>Lupara:</strong></span> <span class='ocrx_word' id='word_1_852' title='bbox 2153 5220 2617 5292; x_wconf 83' lang='lat' dir='ltr'><strong>editoremendat,</strong></span> <span class='ocrx_word' id='word_1_853' title='bbox 2648 5228 2809 5292; x_wconf 77' lang='lat' dir='ltr'><strong>atque</strong></span> <span class='ocrx_word' id='word_1_854' title='bbox 2839 5217 3226 5292; x_wconf 54' lang='lat' dir='ltr'><strong>oﬁttoreponit</strong></span> <span class='ocrx_word' id='word_1_855' title='bbox 3246 5259 3262 5283; x_wconf 91' lang='lat'><strong>,</strong></span> <span class='ocrx_word' id='word_1_856' title='bbox 3295 5217 3487 5292; x_wconf 66' lang='lat' dir='ltr'><strong>contra</strong></span> 
     </span>
    </p>
   </div>
   <div class='ocr_carea' id='block_1_122' title="bbox 1909 5285 3488 5362">
    <p class='ocr_par' dir='ltr' id='par_1_122' title="bbox 1909 5285 3488 5362">
     <span class='ocr_line' id='line_1_125' title="bbox 1909 5285 3488 5362; baseline -0.004 -12"><span class='ocrx_word' id='word_1_857' title='bbox 1909 5285 2196 5362; x_wconf 45' lang='lat' dir='ltr'><strong>sui-ipsius</strong></span> <span class='ocrx_word' id='word_1_858' title='bbox 2230 5289 2625 5362; x_wconf 73' lang='lat' dir='ltr'><strong>codicisftdem</strong></span> <span class='ocrx_word' id='word_1_859' title='bbox 2657 5285 3007 5362; x_wconf 63' lang='lat' dir='ltr'><strong>ctMethodii</strong></span> <span class='ocrx_word' id='word_1_860' title='bbox 3042 5285 3294 5342; x_wconf 83' lang='lat' dir='ltr'><strong>mentem.</strong></span> <span class='ocrx_word' id='word_1_861' title='bbox 3320 5285 3488 5343; x_wconf 87' lang='lat' dir='ltr'><strong>Plane</strong></span> 
     </span>
    </p>
   </div>
   <div class='ocr_carea' id='block_1_123' title="bbox 1908 5356 3488 5432">
    <p class='ocr_par' dir='ltr' id='par_1_123' title="bbox 1908 5356 3488 5432">
     <span class='ocr_line' id='line_1_126' title="bbox 1908 5356 3488 5432; baseline -0.003 -15"><span class='ocrx_word' id='word_1_862' title='bbox 1908 5356 2061 5419; x_wconf 60' lang='lat' dir='ltr'><strong>enim&#39;</strong></span> <span class='ocrx_word' id='word_1_863' title='bbox 2084 5368 2344 5432; x_wconf 84' lang='lat' dir='ltr'><strong>neganter</strong></span> <span class='ocrx_word' id='word_1_864' title='bbox 2378 5359 2742 5432; x_wconf 85' lang='lat' dir='ltr'><strong>inferendum,</strong></span> <span class='ocrx_word' id='word_1_865' title='bbox 2769 5373 2879 5413; x_wconf 92' lang='lat' dir='ltr'><strong>non</strong></span> <span class='ocrx_word' id='word_1_866' title='bbox 2892 5356 3181 5432; x_wconf 73' lang='lat' dir='ltr'><strong>afﬁrmate,</strong></span> <span class='ocrx_word' id='word_1_867' title='bbox 3210 5371 3318 5411; x_wconf 92' lang='lat' dir='ltr'><strong>non</strong></span> <span class='ocrx_word' id='word_1_868' title='bbox 3359 5372 3488 5432; x_wconf 73' lang='lat' dir='ltr'><strong>esse</strong></span> 
     </span>
    </p>
   </div>
   <div class='ocr_carea' id='block_1_124' title="bbox 1908 5427 3485 5504">
    <p class='ocr_par' dir='ltr' id='par_1_124' title="bbox 1908 5427 3485 5504">
     <span class='ocr_line' id='line_1_127' title="bbox 1908 5427 3485 5504; baseline -0.004 -16"><span class='ocrx_word' id='word_1_869' title='bbox 1908 5427 2180 5504; x_wconf 65' lang='lat' dir='ltr'><strong>praecipua</strong></span> <span class='ocrx_word' id='word_1_870' title='bbox 2227 5432 2401 5488; x_wconf 92' lang='lat' dir='ltr'><strong>solum</strong></span> <span class='ocrx_word' id='word_1_871' title='bbox 2444 5430 2754 5504; x_wconf 83' lang='lat' dir='ltr'><strong>delibanda,</strong></span> <span class='ocrx_word' id='word_1_872' title='bbox 2814 5428 2909 5504; x_wconf 83' lang='lat' dir='ltr'><strong>sed</strong></span> <span class='ocrx_word' id='word_1_873' title='bbox 2963 5428 3178 5499; x_wconf 68' lang='lat' dir='ltr'><strong>singula</strong></span> <span class='ocrx_word' id='word_1_874' title='bbox 3221 5436 3282 5504; x_wconf 81' lang='lat' dir='ltr'><strong>ut</strong></span> <span class='ocrx_word' id='word_1_875' title='bbox 3340 5427 3485 5504; x_wconf 77' lang='lat' dir='ltr'><strong>dicta</strong></span> 
     </span>
    </p>
   </div>
   <div class='ocr_carea' id='block_1_125' title="bbox 1908 5497 3484 5574">
    <p class='ocr_par' dir='ltr' id='par_1_125' title="bbox 1908 5497 3484 5574">
     <span class='ocr_line' id='line_1_128' title="bbox 1908 5497 3484 5574; baseline -0.006 -15"><span class='ocrx_word' id='word_1_876' title='bbox 1908 5497 2168 5574; x_wconf 70' lang='lat' dir='ltr'><strong>gestaque</strong></span> <span class='ocrx_word' id='word_1_877' title='bbox 2198 5502 2785 5574; x_wconf 64' lang='lat' dir='ltr'><strong>sunt_prosequ_enda_;</strong></span> <span class='ocrx_word' id='word_1_878' title='bbox 2817 5500 3024 5574; x_wconf 83' lang='lat' dir='ltr'><strong>sicque_</strong></span> <span class='ocrx_word' id='word_1_879' title='bbox 3060 5497 3162 5554; x_wconf 84' lang='lat' dir='ltr'><strong>nec</strong></span> <span class='ocrx_word' id='word_1_880' title='bbox 3208 5499 3366 5574; x_wconf 74' lang='lat' dir='ltr'><strong>aiiter</strong></span> <span class='ocrx_word' id='word_1_881' title='bbox 3400 5497 3484 5573; x_wconf 82' lang='lat' dir='ltr'><strong>di-</strong></span> 
     </span>
    </p>
   </div>
   <div class='ocr_carea' id='block_1_126' title="bbox 1908 5567 3483 5644">
    <p class='ocr_par' dir='ltr' id='par_1_126' title="bbox 1908 5567 3483 5644">
     <span class='ocr_line' id='line_1_129' title="bbox 1908 5567 3483 5644; baseline -0.006 -14"><span class='ocrx_word' id='word_1_882' title='bbox 1908 5567 2032 5630; x_wconf 66' lang='lat' dir='ltr'><strong>cere</strong></span> <span class='ocrx_word' id='word_1_883' title='bbox 2058 5567 2212 5644; x_wconf 74' lang='lat' dir='ltr'><strong>jubet</strong></span> <span class='ocrx_word' id='word_1_884' title='bbox 2237 5567 2396 5644; x_wconf 78' lang='lat' dir='ltr'><strong>paulo</strong></span> <span class='ocrx_word' id='word_1_885' title='bbox 2434 5567 2887 5644; x_wconf 71' lang='lat' dir='ltr'><strong>posiEuhulitnn,</strong></span> <span class='ocrx_word' id='word_1_886' title='bbox 2913 5567 2980 5624; x_wconf 84' lang='lat' dir='ltr'><strong>ne</strong></span> <span class='ocrx_word' id='word_1_887' title='bbox 3013 5568 3133 5624; x_wconf 88' lang='lat' dir='ltr'><strong>loco</strong></span> <span class='ocrx_word' id='word_1_888' title='bbox 3168 5567 3387 5638; x_wconf 87' lang='lat' dir='ltr'><strong>quidem</strong></span> <span class='ocrx_word' id='word_1_889' title='bbox 3417 5567 3483 5622; x_wconf 75' lang='lat' dir='ltr'><strong>a&#39;c</strong></span> 
     </span>
    </p>
   </div>
   <div class='ocr_carea' id='block_1_127' title="bbox 1907 5640 3031 5714">
    <p class='ocr_par' dir='ltr' id='par_1_127' title="bbox 1907 5640 3031 5714">
     <span class='ocr_line' id='line_1_130' title="bbox 1907 5640 3031 5714; baseline -0.004 -13"><span class='ocrx_word' id='word_1_890' title='bbox 1907 5640 2139 5701; x_wconf 76' lang='lat' dir='ltr'><strong>convivii</strong></span> <span class='ocrx_word' id='word_1_891' title='bbox 2163 5640 2391 5714; x_wconf 83' lang='lat' dir='ltr'><strong>dapibus</strong></span> <span class='ocrx_word' id='word_1_892' title='bbox 2420 5640 2750 5713; x_wconf 77' lang='lat' dir='ltr'><strong>suppressis.</strong></span> <span class='ocrx_word' id='word_1_893' title='bbox 2786 5640 3031 5697; x_wconf 69' lang='lat' dir='ltr'><strong>COIIBEF.‘</strong></span> 
     </span>
    </p>
   </div>
  </div>
