3866 6160
490 274 562 330 39
1445 272 1502 329 S.
1546 271 1878 329 METHODII
1919 271 2226 328 EPISCOPI
2269 272 2356 326 ET
2399 272 2757 327 MARTYRIS
3697 276 3777 333 40

481 397 540 452 ἱιι
591 404 822 452 (nstrum
880 395 1164 466 abreptus,
1224 396 1482 452 adulterii
1539 411 1758 468 quoque
1809 395 2056 452 sordibus

2169 393 2340 460 ὠζεσε
2372 395 2635 466 μοιχείαν.
2668 393 2856 466 Ταύτῃ
2891 395 2996 448 πᾶν
3027 393 3200 466 δῶρον
3241 396 3299 449 ὲν
3345 394 3424 468 τῷ
3459 397 3767 468 Λευῖτικῷ,

479 496 914 559 mmputruerat.
971 488 1110 543 Hinc
1140 487 1322 543 omnis
1369 489 1576 544 oblatio
1624 490 1681 543 in
1736 488 1981 543 Levitico
2025 490 2068 555 ⁸,

479 583 589 637 nisi
625 581 781 652 prius
804 581 918 637 sale
949 581 1169 636 condita
1201 579 1392 647 fuerit,
1448 583 1503 635 in
1545 581 1927 636 holocaustum
1979 595 2070 635 ce-~

482 674 614 729 dere
646 675 970 746 prohibetur
998 673 1227 730 Domino
1271 673 1402 730 Deo.
1453 673 1544 728 Sal
1567 689 1698 730 vero
1727 674 1886 729 nobis
1923 673 2071 742 quod

481 767 734 822 mordeat
766 775 820 821 et
855 765 924 820 ad
954 766 1248 821 utilitatem
1284 767 1575 837 astringat,
1601 765 1866 836 spiritalis
1891 765 2070 820 omnis

485 857 897 930 Scripturarum
931 861 1058 917 data
1083 858 1368 915 meditatio
1392 867 1477 913 est
1502 877 1514 913 :
1552 858 1671 913 sine
1694 873 1800 927 qua
1853 856 2070 912 animus

483 967 582 1022 per
624 953 892 1007 rationem
954 953 1202 1007 omnium
1253 950 1464 1005 auctori
1513 949 1624 1004 Deo
1678 956 1830 1019 grata
1890 948 2069 1004 hostia

481 1042 666 1099 oll‘erri
709 1060 820 1098 non
869 1051 1051 1115 potest
1100 1061 1114 1098 :
1165 1041 1269 1097 Vos
1316 1042 1460 1097 enim
1501 1042 1630 1095 estis
1657 1040 1740 1095 sal
1773 1049 1946 1106 terrw,
1994 1039 2072 1093 ait

482 1134 749 1193 Dominus
779 1138 799 1168 ⁸
821 1137 1107 1207 apostolis.
2053 1185 2057 1188 .

553 1227 780 1297 Oportet
822 1230 988 1298 igitur
1035 1228 1302 1298 virginem
1337 1227 1693 1282 honestarum
1741 1240 1956 1296 semper
1988 1240 2071 1280 re-

483 1336 607 1374 rum
639 1321 822 1375 studio
854 1321 1111 1391 ﬂagrare,
1153 1329 1208 1375 et
1251 1321 1395 1373 inter
1443 1320 1747 1374 eminentes
1787 1318 2070 1389 sapientiae

481 1413 644 1469 laude
693 1414 1019 1468 honoratum
1055 1415 1234 1468 locum
1271 1423 1455 1468 tenere
1496 1432 1508 1466 ε
1560 1413 1697 1466 nihil
1731 1412 1940 1482 pigrum
1975 1419 2069 1466 aut

481 1506 646 1562 molle
679 1505 883 1559 habere
903 1544 917 1568 ,
951 1504 1044 1559 sed
1076 1504 1343 1559 excellere
1363 1544 1376 1568 ,
1401 1511 1454 1557 et
1484 1503 1707 1557 heroico
1738 1503 2068 1574 virginitatis

479 1597 762 1668 proposito
781 1595 976 1667 dignos
1002 1613 1199 1652 sensus
1216 1598 1382 1662 alere,
1402 1612 1523 1666 qua:
1548 1611 1753 1664 semper
1783 1595 2069 1652 deﬂuentis

477 1689 774 1758 voluptatis
815 1689 1023 1744 saniem
1069 1689 1333 1743 doctrina:
1381 1687 1738 1742 meditatione
1785 1687 2064 1757 detergat;

2179 488 2275 540 ἐὰν
2299 486 2374 558 μὴ
2401 486 2556 541 ἂλατι
2591 485 2807 557 ἁλισθῇ,
2843 485 3248 558 ἀπαγορεύεται
3282 488 3363 551 είς
3385 487 3778 561 ὁλοκάρπωμα

2179 576 2585 649 προσφέρεσθαι
2617 577 2809 648 Κυρίῳ
2849 576 2928 647 τῷ
2959 576 3098 648 Θεῷ.
3139 579 3309 643 Ἂλας
3326 579 3383 632 δὲ
3411 581 3539 651 ἡμῖν
3575 580 3640 633 τὸ
3671 581 3780 652 δη-

2179 670 2366 723 κτικὸν
2400 669 2538 742 πρὸς
2562 668 2831 739 ὠφέλειαν
2859 669 3172 740 ἀποστύφον
3199 671 3232 742 ἡ
3277 673 3629 744 πνευματικὴ
3669 675 3784 726 πᾶ-

2180 780 2248 815 σα
2277 761 2385 815 τῶν
2425 761 2658 832 Γραφῶν
2704 761 2859 834 ἐδόθη
2893 761 3092 832 μελέτη
3119 779 3132 792 ·
3156 756 3225 834 ἧς
3259 761 3326 830 δὴ
3361 763 3530 835 χωρὶς
3560 763 3778 818 ἀδύνα-

2175 871 2267 908 τον
2293 852 2372 924 τῷ
2393 853 2804 925 Παντοκράτορι
2851 853 2940 907 διὰ
2984 852 3079 906 τοῦ
3115 853 3275 922 λόγου
3323 855 3778 926 προσενεχθῆναι

2174 945 2384 1017 ψυχήνο
2433 945 2617 1016 Ὑμεῖς
2639 947 2748 1017 γάρ
2773 947 2914 999 ἐστε
2944 945 3008 999 τὸ
3040 945 3193 1012 ἅλας
3217 944 3325 1014 τῆς
3343 945 3476 1017 γῆς,
3503 950 3532 1001 ὁ
3552 949 3778 1022 Κύριος

2176 1037 2280 1108 ἔφη
2307 1040 2418 1102 τοῖς
2449 1038 2783 1101 ἀποστόλοις.

2244 1219 2367 1293 Χρὴ
2395 1215 2490 1274 οῦν
2533 1218 2632 1289 τὴν
2674 1217 2940 1290 παρθένον
2983 1217 3071 1272 ἀεὶ
3116 1219 3224 1274 τῶν
3256 1219 3437 1274 καλῶν
3469 1223 3629 1294 ἐρᾷν,
3666 1226 3774 1279 καὶ⁵

2173 1315 2286 1376 τοῖς
2313 1313 2686 1386 πρωτεύουσιν
2743 1317 2824 1378 εἰς
2854 1318 3045 1386 σοφίαν
3092 1319 3418 1390 ὲμπρέπειν,
3455 1321 3550 1373 καὶ
3587 1321 3773 1392 μηδὲν

2176 1406 2418 1478 ῥᾴθυμον
2453 1407 2586 1479 μηδὲ
2623 1406 2898 1478 μαλθακὸν
2935 1409 3078 1480 ἔχειν
3099 1427 3111 1440 ·
3143 1411 3259 1464 ἀλλ’
3293 1410 3631 1482 ἀριστεύειν,
3659 1413 3770 1467 καὶ

2173 1499 2297 1564 ἀξια
2317 1501 2412 1570 τῆς
2441 1500 2737 1573 παρθενίας
2784 1506 3019 1574 φρονεῖν,
3049 1505 3478 1575 ἀποσμήχουσαν
3498 1505 3580 1576 τῷ
3611 1505 3770 1578 λόγῳ

2173 1591 2298 1654 τοὺς
2346 1593 2548 1665 ἰχῶρας
2604 1594 2692 1647 ἀεὶ
2736 1595 2834 1665 τῆς
2869 1595 3222 1666 ἡδυπαθείας,
3271 1598 3468 1668 μήπως
3508 1596 3769 1650 λαθοῦσα

2175 1680 2400 1754 βραχεῖα
2461 1683 2708 1756 σηπεδὼν
2752 1689 2985 1759 γεννήσῃ
3020 1687 3110 1740 τὸν
3151 1686 3409 1757 σκώληκα
3434 1687 3536 1758 τῆς
3555 1688 3771 1742 ἀκολα-

479 1783 678 1837 necubi
740 1781 882 1837 forte
931 1784 1108 1840 latens
1154 1783 1239 1837 vel
1269 1780 1497 1835 minima
1535 1775 1800 1850 putredo,
1837 1779 2056 1834 inconti-

2176 1773 2317 1838 σίαςο
2363 1775 2434 1830 Ἦ
2460 1775 2570 1844 γὰρ
2593 1776 2817 1846 ἄγαμος
2842 1776 3095 1846 μεριμνᾷ
3130 1777 3203 1832 τὰ
3220 1777 3326 1832 τοῦ
3346 1779 3595 1847 Kvplov,
3633 1779 3769 1846 πῶς

477 1874 684 1928 nentia:
732 1889 973 1928 vcrmem
1025 1873 1358 1945 progignat:
1413 1871 1644 1940 Innupta
1687 1872 1827 1925 enim
1875 1873 2070 1942 cogitat

2188 1867 2361 1937 ξρέσῃ
2393 1867 2475 1929 τῷ
2492 1869 2706 1936 Κυρίῳ,
2733 1870 2832 1923 ἵνα
2850 1864 2889 1941 ᾖ
2917 1871 3055 1940 ἁγία
3083 1871 3179 1924 καὶ
3199 1869 3421 1939 σώματι
3433 1871 3548 1946 ,καὶ
3573 1872 3768 1926 πνεύ-

476 1983 596 2037 qute
625 1965 841 2020 Domini
873 1977 1027 2034 sunt,
1071 1964 1332 2036 quomodo
1377 1965 1587 2034 placeat
1625 1962 1873 2029 Domino,
1903 1975 1962 2017 ut
1999 1965 2056 2019 sit

2165 1978 2326 2030 ματι,
2376 1961 2540 2031 φησὶν
2587 1963 2615 2013 ὁ
2649 1963 2916 2034 μακάριος
2965 1962 3195 2026 Παῦλος.
3229 1963 3427 2016 Πολλαὶ
3454 1963 3513 2016 δὲ
3545 1966 3768 2038 πάρερ-

478 2066 667 2110 sancta
728 2071 946 2125 corpore
1002 2067 1048 2109 et
1091 2057 1316 2124 spiritu,
1365 2055 1543 2125 inquit
1568 2054 1762 2109 beatus
1800 2052 2064 2109 Paulus".

477 2147 660 2202 Multa:
682 2164 812 2203 vero
839 2149 1173 2202 auditionem
1209 2164 1270 2202 ac
1297 2147 1543 2202 discendi
1579 2163 1790 2211 curam,
1828 2163 1926 2202 ceu
1947 2162 2062 2201 rem

477 2239 533 2294 in
556 2239 812 2296 secundis
836 2239 1142 2295 habendam
1167 2239 1564 2304 existimantes,
1586 2240 1818 2293 multum
1843 2239 1948 2293 sibi
1971 2239 2066 2294 de-

477 2335 596 2389 beri
628 2340 854 2406 putant,
907 2333 953 2389 si
983 2333 1066 2387 vel
1100 2331 1373 2387 modicum
1406 2340 1622 2401 tempus
1655 2330 1920 2385 doctrinae
1967 2345 2057 2384 au-

476 2439 565 2478 res
593 2424 890 2478 adhibeant
912 2447 922 2478 :
963 2437 1099 2492 quas
1123 2439 1153 2476 a
1175 2423 1350 2477 sacris
1384 2421 1854 2490 disputationibus
1876 2421 2064 2475 exclu-

2169 2070 2265 2123 γον
2298 2053 2599 2124 ἡγούμεναι
2643 2055 2740 2127 τὴν
2769 2056 3068 2128 ἀκρόασιν,
3108 2057 3385 2127 νομίζουσι
3423 2056 3764 2128 χαρίζεσθαι

2171 2141 2404 2214 μεγάλα,
2466 2143 2561 2198 ὲάν
2617 2145 2721 2198 κᾶν
2749 2145 2810 2198 τὸ
2841 2145 3012 2216 βραχὺ
3058 2147 3380 2220 παράσχωσι
3411 2148 3510 2211 τὰς
3543 2148 3723 2213 ἀκοάς
3743 2165 3760 2180 ο

2171 2237 2236 2302 ἃς
2263 2239 2542 2310 έκκριτέον
2566 2256 2580 2268 ·
2616 2239 2922 2310 μικρολόγῳ
2953 2239 3059 2308 γὰρ
3084 2239 3241 2308 φύσει
3274 2239 3367 2292 καὶ
3388 2245 3627 2314 ταπεινῇ
3661 2242 3761 2296 καὶ

2168 2331 2656 2404 ἐπιμορφαζομένῃ
2706 2333 2868 2402 σοφίᾳ
2929 2333 2987 2384 ού
3035 2333 3139 2404 χρὴ
3201 2333 3542 2404 μαθημάτων
3594 2335 3762 2390 θείων

2167 2423 2461 2474 κοινωνεῖν.
2517 2417 2591 2473 Ἦ
2625 2421 2730 2492 γὰρ
2780 2421 2841 2473 ού
2883 2421 3090 2490 γελοῖον
3130 2423 3367 2485 ἐκείναις
3406 2423 3753 2496 ἀδολεσχεῖν.

474 2517 604 2572 dere
636 2515 845 2571 deceat.
893 2515 1152 2585 Angusta
1178 2515 1324 2569 enim
1359 2523 1526 2584 atque
1559 2529 1793 2569 morosae
1842 2513 2056 2568 humili-

2165 2513 2368 2576 αἵτινες
2401 2513 2494 2565 ἐπὶ
2522 2513 2620 2583 μὲν
2653 2515 2766 2576 τοῖς
2797 2513 2992 2584 μικροῦ
3023 2512 3190 2578 ἀξίοις
3215 2515 3390 2567 πάντα
3415 2518 3597 2568 ποιεῖν
3635 2533 3759 2570 συν-

473 2623 583 2678 que
608 2608 840 2671 animae,
896 2622 998 2661 nec
1035 2623 1150 2661 non
1198 2607 1482 2676 sapientia:
1511 2606 1728 2660 inanem
1768 2605 2056 2674 quamdam

2164 2605 2446 2671 τείνονται,
2471 2608 2618 2670 ὅπως
2649 2607 3016 2679 ἀκριϐέστατα
3037 2608 3216 2674 ’έξουσι
3251 2609 3317 2663 τὰ
3344 2609 3760 2685 τελεσιουργού-

475 2701 709 2772 2361311ῑί
740 2700 1002 2769 speciem,
1029 2699 1173 2754 haud
1199 2699 1574 2768 impartiendae
1605 2706 1734 2752 sunt
1759 2698 1956 2753 divina:
1981 2699 2056 2752 di-

2169 2713 2306 2766 μενα
2325 2714 2338 2726 ·
2367 2697 2460 2749 ἐπὶ
2506 2697 2562 2749 δὲ
2613 2695 2719 2750 τῶν
2752 2698 3087 2766 ἀναγκαίων,
3117 2699 3182 2752 δι’
3223 2693 3296 2752 ὧν
3325 2699 3531 2771 μᾶλλον
3562 2698 3758 2765 αύταῖς

477 2792 744 2861 sciplinae.
781 2789 886 2856 Qui
914 2790 1059 2844 enim
1109 2805 1220 2844 non
1254 2789 1546 2843 ridiculum
1581 2788 1726 2858 apud
1765 2803 1860 2843 eas
1893 2788 2066 2858 pluri-

476 2884 581 2936 hus
605 2880 983 2943 commentari,
1012 2895 1134 2949 qua;
1166 2880 1220 2932 in
1247 2895 1306 2934 re
1336 2879 1557 2948 quidem
1589 2879 1772 2948 exigui
1805 2878 2064 2934 momenti

2169 2786 2199 2839 ὁ
2229 2787 2329 2856 τῆς
2365 2786 2719 2859 σωφροσύνης
2756 2788 2896 2859 ἔρως
2924 2788 3166 2855 αὒξεται,
3202 2790 3275 2861 μὴ
3313 2791 3585 2862 μεγίστας
3607 2794 3755 2865 ἡγεῖ-

2173 2877 2296 2931 σθαι
2328 2878 2438 2949 (18)
2470 2877 2565 2942 τάς
2600 2879 2918 2950 ἀκριϐείας;
2979 2923 2982 2926 .

477 2973 678 3041 ingenii
727 2973 873 3026 vires
917 2987 1110 3027 omnes
1158 2969 1529 3032 contendant,
1578 2979 1638 3023 ut
1683 2970 2090 3040 perfectissime
2126 2978 2312 3040 optata
2356 2979 2765 3041 assequamur:
2817 2973 2874 3027 in
2923 2975 3250 3030 necessariis
3287 2991 3420 3030 vero
3485 2994 3588 3050 per
3634 2994 3755 3050 quae

473 3057 818 3125 potissimum
854 3060 1123 3116 castitatis
1155 3074 1310 3114 amor
1340 3057 1395 3134 in
1424 3058 1504 3113 eis
1527 3066 1813 3129 augeatur,
1842 3059 1984 3114 haud
2018 3076 2149 3115 sane
2183 3063 2514 3132 diligentiam
2549 3067 2768 3119 maximi
2799 3066 3020 3122 facere?

469 3174 597 3230 CAP.
627 3174 692 3228 ll.
736 3176 1023 3248 Virginitas
1055 3195 1084 3234 e
1111 3179 1255 3235 caelis
1274 3169 1484 3250 planta,
1513 3201 1632 3240 sero
1692 3184 1904 3241 tandem
1962 3189 2169 3272 agnita.
2197 3190 2444 3246 Hominis
2501 3190 2570 3246 ad
2611 3194 2982 3264 perfectionem
3022 3209 3306 3266 provectto,
3353 3206 3622 3272 quomodo
3666 3208 3748 3261 iu-

1653 3279 1655 3282 ‘
1766 3288 1772 3294 ’
2019 3270 2227 3316 stttuta.
2553 3294 2556 3298 ·

536 3389 733 3460 Magno
770 3391 916 3446 enim
961 3407 1153 3448 revera
1209 3409 1443 3452 excessu
1473 3411 1502 3450 a
1531 3402 1762 3455 summis
1787 3401 2049 3457 caelorum

2225 3403 2453 3476 Μεγάλῃ
2493 3403 2604 3476 γὰρ
2648 3405 2864 3478 ἀληθῶς
2916 3407 3187 3480 ὑπερϐολῇ
3220 3409 3408 3481 τὸτῆς
3443 3414 3744 3485 παρθενίας

463 3479 705 3537 demissa
729 3482 876 3536 venit
898 3483 1232 3553 virginitatis
1265 3487 1482 3555 planta:
1510 3490 1865 3557 quamobrem
1891 3490 2051 3544 etiam

463 3571 660 3643 primis
715 3572 1000 3627 hominum
1030 3575 1285 3632 aetatibus
1327 3578 1472 3632 haud
1509 3580 1613 3633 fuit
1636 3561 1873 3638 detecta.
1904 3581 2054 3637 Non-

462 3665 593 3719 dum
619 3664 820 3735 quippc
852 3682 1206 3722 numerosum
1237 3679 1355 3723 erat
1386 3687 1558 3740 genus
1582 3671 1880 3728 humanum
1909 3714 1924 3740 ,
1959 3675 2055 3730 dc-

463 3756 733 3824 ccbalque
755 3757 935 3826 ipsum
963 3759 1116 3828 prius
1143 3761 1500 3818 multitudine
1528 3766 1714 3835 augeri
1740 3773 1901 3836 atque
1927 3782 2053 3836 per-

465 3845 570 3898 lici.
603 3845 785 3911 Quare
815 3864 883 3901 ne
917 3851 1170 3919 proprias
1199 3853 1419 3922 quidem
1449 3870 1672 3912 sorores
1694 3874 1815 3911 cum
1841 3859 2050 3928 antiqui

462 3951 665 3991 uxores
699 3939 1034 4009 accipereut,
1071 3949 1230 4012 turpe
1268 3945 1476 4014 aliquid
1510 3962 1575 4002 ac
1606 3948 1864 4004 indecens
1891 3959 2045 4019 erat;

459 4032 638 4086 donec
667 4031 753 4086 lex
773 4035 998 4089 veniens
1025 4035 1394 4102 denuntiavit,
1426 4041 1590 4110 idque
1615 4043 1870 4108 vetando,
1899 4044 2048 4113 quod

459 4123 638 4192 primo
694 4124 987 4182 honestum
1039 4143 1163 4184 esse
1204 4129 1510 4194 videbatur,
1563 4143 1844 4204 peccatum
1923 4153 2085 4193 esse.

457 4215 680 4280 sanxit,
737 4216 1076 4272 maledictum
1127 4238 1246 4274 eum
1280 4225 1620 4295 vocans§qui
1669 4228 2045 4296 turpitudinem

457 4309 658 4362 sororis
687 4326 799 4364 suae
835 4313 1158 4379 ret'elaverit,
1201 4315 1311 4371 Deo
1355 4317 1614 4372 nimirum
1661 4322 1827 4375 certis
1857 4323 2046 4391 paula-

455 4400 554 4454 tim
581 4409 887 4473 temporum
912 4407 1227 4473 momentis,
1263 4407 1409 4477 quod
1432 4409 1672 4466 humano
1701 4415 1882 4481 generi
1911 4430 2044 4469 con-

2156 3494 2462 3566 ἀνθρώποις
2488 3496 2586 3574 ἀπ’.
2617 3497 2860 3568 οὐρανῶν
2891 3499 3251 3570 κατεπέμφθη
3289 3502 3496 3568 φυτόνο
3530 3506 3625 3558 καὶ
3662 3506 3749 3560 διὰ

2154 3586 2310 3640 τοῦτο
2350 3589 2470 3651 ταῖς
2520 3587 2763 3662 πρώταις
2795 3589 2895 3641 οὐκ
2940 3591 3298 3662 ἀπεκαλύφθη
3334 3599 3581 3663 γενεαῖς.
3627 3598 3746 3652 Ἔτι

2153 3679 2260 3751 γὰρ
2316 3680 2602 3752 ἄνθρωπος
2649 3680 2924 3749 ὀλιγοστὸς
2964 3678 3055 3753 ἦν,
3104 3683 3198 3736 καὶ
3250 3685 3424 3758 ἐχρῆν
3469 3689 3630 3742 αὑτὸν
3665 3691 3743 3753 είς

2153 3772 2358 3842 πλῆθος
2399 3773 2708 3844 αὐξήσαντα
2745 3772 3112 3844 τελειωθῆναι.
3141 3775 3232 3827 Διὸ
3268 3776 3328 3829 δὲ
3355 3779 3448 3832 καὶ
3480 3780 3580 3844 τὰς
3610 3797 3739 3850 σφε-

2151 3863 2314 3934 τέρας
2347 3862 2580 3932 ἀδελφάς
2611 3866 2660 3916 οἱ
2687 3865 2904 3918 παλαιοὶ
2925 3865 3298 3936 λαμϐάνοντες
3331 3874 3620 3939 γυναῖκας,
3649 3873 3737 3925 ού-

2134 3954 2239 4025 ,δὲν
2266 3951 2333 4025 ἦν
2367 3956 2612 4025 ἀπρεπὲς
2639 3957 2686 4026 (τι
2699 3955 2774 4028 9),
2811 3956 2969 4029 μέχρι
2993 3958 3155 4029 νόμος
3184 3955 3358 4014 ἐλθὼν
3384 3962 3733 4031 διεστείλατο,

2149 4047 2243 4100 καὶ
2265 4047 2325 4100 τὸ
2348 4048 2560 4119 πρῶτον
2575 4049 2762 4102 δοκοῦν
2792 4046 2928 4103 εἶναι
2946 4050 3107 4105 καλὸν
3123 4052 3530 4124 ἀπαγορεύσας,
3556 4057 3732 4128 ἁμαρο

2137 4139 2268 4219 ,τίαν
2313 4141 2625 4212 ἀπεφήνατο
2653 4181 2667 4206 ,
2718 4142 3150 4211 ἑπικατάρατον
3196 4144 3376 4198 καλῶν
3434 4145 3542 4198 τὸν
3587 4147 3730 4201 ἀπο-

2147 4231 2534 4284 καλύπτοντα
2566 4230 2682 4299 τὴν
2717 4233 3157 4302 ἀσχημοσύνην
3186 4232 3298 4302 τῆς
3330 4234 3600 4304 ἀδελφῆς
3631 4239 3728 4292 αὺ-

2146 4323 2252 4398 τοῦ
2278 4364 2294 4387 ,
2340 4322 2435 4378 τοῦ
2481 4325 2617 4378 Θεοῦ
2661 4326 2803 4379 κατὰ
2833 4326 3021 4397 καιρὸν
3049 4327 3147 4398 τὴν
3195 4327 3540 4399 ἁρμόζουσαν
3568 4329 3725 4399 ήομῶν

2143 4412 2221 4484 τῷ
2244 4413 2393 4482 γένει
2437 4416 2740 4480 σπουδαίως
2795 4416 3193 4502 προσφέροντος
3223 4418 3494 4490 βοήθειαν,
3535 4419 3722 4490 ὥσπερ

455 4507 654 4563 gruum
687 4502 868 4560 esset,
905 4511 1176 4566 propenso
1211 4498 1536 4556 admovente
1565 4503 1858 4572 auxilium;
1895 4514 1955 4559 ut
1989 4516 2042 4560 et

2163 4506 2206 4578 δὴ
2245 4509 2338 4561 καὶ
2366 4509 2413 4561 οί
2443 4507 2676 4580 πατέρες
2705 4511 2818 4572 τοῖς
2855 4510 3006 4572 υἱοῖς.
3044 4510 3117 4562 Ού
3151 4499 3256 4581 γὰρ
3290 4511 3492 4574 εὐθέως
3517 4512 3720 4565 ἀνωθεν

459 4592 710 4653 parentes
737 4602 865 4658 erga
892 4588 1094 4644 liberos
1118 4605 1258 4660 pene
1295 4591 1522 4647 faciunt.
1551 4592 1670 4648 Non
1687 4597 1830 4650 enim
1863 4596 1933 4652 ab
1959 4597 2042 4668 ip-

2163 4601 2492 4654 ;πιστατοῦσι
2538 4604 2664 4664 τοὺς
2704 4601 3119 4671 παιδαγωγούς·
3160 4603 3295 4656 ἀλλά
3336 4603 3432 4675 τὴν
3463 4603 3717 4675 παιδικὴν

454 4678 533 4733 sis
561 4679 745 4732 statim
773 4681 1062 4736 cunabulis
1093 4683 1415 4754 paedagogos
1440 4685 1546 4740 illis
1577 4687 1914 4755 praeﬁciunt;
1939 4689 2038 4744 sed

2163 4690 2356 4760 ᾗ).ικίαν
2397 4691 2654 4754 ἐάσαντες
2682 4689 2991 4764 ’ἀθύρεσθαι
3027 4693 3334 4764 μοσχαρίων
3366 4693 3541 4764 δίκην,
3571 4695 3717 4765 πρῶ-

454 4785 721 4827 concesso
745 4773 893 4826 aetati
921 4774 1172 4844 primulze
1222 4777 1401 4846 spatio
1424 4779 1658 4847 quodam
1692 4781 1920 4849 puerilia
1951 4781 2035 4836 lu-

2163 4798 2229 4836 πον
2261 4782 2340 4845 είς
2378 4781 2712 4836 διδασκάλων
2765 4783 3231 4854 συμψελλιζόντων
3275 4785 3710 4850 ἀποστέλλουσιν,

453 4862 640 4929 dendi,
701 4879 767 4920 ac
812 4867 968 4936 quasi
1001 4867 1300 4922 vitulorum
1340 4885 1494 4925 more
1543 4873 1810 4942 tantisper
1861 4873 2024 4929 lasci-

2164 4873 2240 4926 στ’
2269 4873 2335 4928 ἂν
2362 4873 2728 4939 ἀποϐαλόντες
2751 4874 2848 4947 τὴν
2885 4876 3220 4949 μειρακιώδη
3256 4877 3418 4948 τρίχα
3442 4878 3536 4931 τοῦ
3565 4878 3701 4940 νοὸς,

523 5025 546 5056 ⁸
574 5023 739 5080 Levit.
779 5042 839 5090 ιι,
875 5027 961 5082 15.
1039 5030 1060 5060 ⁸
1089 5029 1370 5094 ΜαειΙι.’ν,
1403 5031 1492 5087 15.
1568 5033 1589 5064 ⁷
1625 5034 1643 5087 l
1678 5032 1805 5090 Cor.
1854 5050 1951 5100 vn,
1985 5036 2074 5092 54.

453 5188 626 5267 magis
652 5189 822 5267 probo
847 5199 1046 5267 quarto
1068 5199 1191 5267 post
1213 5209 1374 5247 versu
1414 5194 1839 5267 προσφέρεσθαι,
1880 5197 2029 5267 quod

2153 5005 2370 5092 “Leuit.
2398 5039 2533 5090 xvni
2574 5035 2642 5103 9;
2685 5051 2778 5100 xx,
2821 5035 2908 5089 17.

2134 5187 2838 5268 εεεεανίἰδῖυιλυιτυῐηίιυε
2867 5199 3018 5253 dicat
3062 5200 3373 5256 ridiculum.
3432 5198 3521 5254 Sic
3569 5199 3702 5253 nihil

455 5258 591 5340 illae.
615 5259 745 5340 _c_od.
775 5258 936 5314 habet
978 5258 1086 5340 pro:
1115 5263 1375 5340 φέρεσθαι
1397 5258 1608 5340 Κῦρίιρ,
1629 5258 1794 5336 ἰιυοίί
1825 5258 1944 5322 erat
1969 5271 2027 5340 in
2131 5271 2252 5324 vitii
2275 5271 2327 5324 in
2347 5258 2437 5323 illa
2462 5286 2613 5335 voce,
2639 5258 2798 5337 cujus
2819 5272 3161 5326 emendation
3223 5269 3701 5340 exspectandi-sint

455 5328 578 5410 Vat.
615 5329 734 5385 Mox
789 5341 934 5410 recte
978 5319 1252 5410 bmitlitiir
1277 5338 1328 5410 in
1366 5319 1499 5410 cod:
1533 5319 1680 5390 hlaz:
1703 5319 1805 5392 vox
1833 5319 2030 5410 Bosa}

453 5409 576 5474 post
597 5403 1032 5474 praepositionem
1065 5405 1249 5474 χωρίς.
1288 5405 1380 5459 lin.
1419 5405 1620 5460 Lemn.

524 5471 635 5550 (εδ)
681 5471 990 5550 Ἡγεῖσθαι.
1033 5471 1323 5543 componit
1358 5475 1660 5550 Methodius
1708 5477 1784 5550 τῷ
1843 5479 2028 5533 ἀδολε-

454 5543 623 5609 σχεῖν,
652 5557 884 5618 operam,
913 5546 1074 5618 otium
1097 5549 1310 5618 perdere
1332 5548 1566 5618 seriaque
1598 5543 1810 5618 nugari,
1835 5551 1890 5604 in
1915 5552 2022 5605 illis

449 5614 816 5692 quceaugtnts'ti
864 5614 1030 5666 animi
1064 5623 1220 5692 sunt,
1252 5616 1332 5692 τὸ,
1376 5619 1448 5688 μὴ
1479 5614 1738 5692 μεγίστας
1772 5621 2022 5690 ἡγεῖσθαι

446 5681 546 5744 τὰς
576 5681 886 5750 ἀκριϐείας,
915 5700 1019 5738 non
1040 5688 1262 5740 maximi
1300 5681 1832 5755 {accfe'diliqentiam'
1853 5693 1906 5746 in
1933 5710 2026 5748 ne-

2135 5341 2226 5394 alii
2258 5341 2506 5406 codices;
2539 5347 2599 5393 ut
2632 5341 2806 5395 visum
2837 5350 2922 5396 est
2949 5341 3144 5395 editori
3176 5338 3367 5411 Lupar.
3405 5338 3548 5411 Satis
3577 5348 3658 5393 eSt
3678 5377 3694 5402 ,

2136 5420 2195 5464 ut
2226 5412 2319 5480 qui
2363 5418 2582 5465 exstant
2604 5425 2816 5464 sunnno
2842 5427 3116 5466 consensu
3159 5407 3290 5466 nihil
3315 5407 3584 5463 Methodio
3617 5411 3694 5461 vi-

2137 5498 2308 5549 roque
2326 5481 2809 5550 prudentisensum
2842 5483 3127 5536 adversum
3143 5481 3382 5550 reddant.
3402 5480 3689 5550 Qoueerts.

2206 5544 2535 5619 (’19)Ὀὺδὲν
2554 5547 2631 5621 ἦν
2651 5551 2932 5619 ἀπρεπές.
2979 5552 3158 5607 Codex
3184 5544 3501 5621 γαίη-οὐδὲν
3523 5549 3694 5621 ἠσχη-

2133 5616 2345 5693 μόνουν.
2376 5621 2538 5687 Maz.,
2573 5616 2765 5677 audaci
2788 5616 3128 5688 diversitate,
3159 5623 3307 5693 οῦδὲν
3330 5616 3400 5693 ᾖν
3429 5616 3688 5688 ἀπρεπές,

2127 5689 2455 5756 ὰιοεεοωειθ
2486 5694 2539 5748 in
2570 5701 2883 5752 contextum
2928 5703 3163 5768 recepto.
3198 5692 3292 5745 Eo.
3330 5689 3525 5744 Lapsa.
