3866 6160
215 249 282 308 ιι
1316 248 1705 307 CONV'VIUM
1745 249 1977 307 DECEM
2018 248 2380 308 VIRGINUM.
3413 251 3485 307 ιε

217 371 301 433 εἰς
316 368 421 442 τὴν
453 369 562 423 τῶν
611 369 872 441 μειζόνων
912 371 1144 441 ἄσκησιν
1190 371 1667 444 παραπεμφθῶοι·
1702 372 1799 427 κά-

1908 369 2112 435 viendi,
2144 370 2212 426 ad
2243 371 2537 442 magistros
2561 382 2670 423 una
2694 382 2818 423 cum
2845 369 2926 424 eis
2954 367 3339 430 balbutientes,
3371 369 3491 439 pri-

218 461 403 516 κεῖθεν
443 459 601 527 αὖθις
643 465 723 526 είς
761 464 862 534 τὴν
908 462 1014 518 τῶν
1040 463 1118 518 ἔτι
1163 464 1441 536 μειζόνων.
1478 463 1661 537 Ταύτῃ
1695 465 1803 536 γὰρ

218 556 313 611 καὶ
340 554 436 608 τὸν
466 554 599 607 Θεὸν
630 555 724 607 καὶ
757 554 977 627 Πατέρα
1025 555 1132 609 τῶν
1170 556 1305 609 ὅλων
1335 556 1567 627 ἡγητέον
1594 574 1803 629 προση-

217 643 408 714 νέχθαι
430 647 544 708 τοῖς
576 644 683 716 πρὸ
709 645 887 716 ἡμῶν.
916 646 1036 699 Ἔτι
1055 646 1205 719 γὰρὸ
1237 646 1466 718 κόσμος,
1500 646 1804 720 ἀνθρώπων

219 734 544 805 ἀπλήρωτος
583 733 680 798 ὣν,
730 734 808 799 ὡς
860 737 1051 807 νήπιος
1092 732 1160 808 ἦν
1193 737 1287 790 καὶ
1334 738 1501 809 ἐχρῆν
1534 738 1695 815 αὐτὸν
1724 740 1804 802 εἰς

217 823 422 896 πλῆθος
439 826 719 898 πρότερον,
737 828 801 880 ὲκ
817 826 1018 881 τούτων
1032 827 1392 900 ἀνδρωθέντα,
1408 829 1800 903 πληθυνθῆναι.

228 916 365 971 Ἀλλ’
396 917 485 970 ὅτε
520 916 705 971 λοιπὸν
739 918 848 972 ἀπὸ
881 919 1132 991 περάτων
1181 922 1274 975 ἐπὶ
1307 922 1518 993 πέρατα
1570 922 1804 994 κατῳκί-

216 1008 344 1079 σθη,
380 1009 481 1080 τῆς
509 1006 934 1083 ἀνθρωπότητος
974 1015 1054 1076 εἰς
1081 1013 1307 1086 ἄπειρον
1350 1016 1679 1087 κεχυμένης,
1702 1018 1803 1071 οὐκ

216 1099 299 1152 ἔτι
332 1103 449 1163 τοῖς
478 1100 664 1165 αὐτοῖς
703 1101 984 1173 ἐπιμένειν
1014 1102 1103 1157 τὸν
1126 1103 1411 1171 ἄνθρωπον
1443 1105 1746 1178 ἐπέτρεπεν
1775 1110 1804 1162 ό

217 1189 372 1254 Θεὸς,
415 1192 635 1246 σκοπῶν
675 1193 841 1259 ὅπως,
892 1194 1059 1249 τῶνδε
1089 1196 1169 1259 εἰς
1200 1196 1328 1250 τάδε
1364 1196 1800 1268 μεταϐαίνοντες,

218 1281 606 1356 πλησιαίτερον
657 1285 1035 1357 προκόπτωσιν
1072 1287 1327 1359 ἔρχεσθαι
1366 1288 1474 1343 τῶν
1512 1290 1760 1362 οὐρανῶν
1784 1331 1800 1357 ,

217 1374 417 1444 μέχρις
448 1374 535 1440 ἄν,
580 1377 659 1440 είς
691 1377 826 1431 αὐτὸ
857 1377 917 1431 τὸ
952 1378 1208 1459 μέγιστον
1244 1379 1473 1453 μάθημα
1506 1383 1598 1436 καί
1642 1400 1804 1455 κορυ-

218 1463 513 1530 φαιότατον
552 1464 649 1536 τὴν
688 1465 988 1535 παρθενίαν
1040 1469 1368 1537 φθάσαντες,
1404 1470 1797 1526 τελειωθῶσιν·

215 1554 328 1609 ἀπὸ
368 1556 467 1626 τῆς
518 1557 906 1629 ἁδελφομιξίας
945 1560 1267 1626 ὁδεύσαντες
1324 1562 1540 1635 πρῶτον
1597 1566 1677 1628 εἰς
1741 1564 1804 1618 τὸ

215 1646 430 1711 ὀθνείας
453 1648 1023 1723 ἐπάγεσθαι-γαμετάς
1041 1669 1054 1682 ·
1080 1654 1337 1709 κάκεῖθεν
1386 1656 1466 1720 εἰς
1492 1655 1552 1710 τὸ
1605 1657 1803 1727 μηκέτι

1906 478 2103 533 maqtte
2140 463 2451 518 rudimenta
2503 478 2566 517 ac
2603 463 2869 517 elementa
2904 461 3197 525 docentes,
3228 477 3324 516 eos
3355 461 3485 514 mit-

1905 558 2050 619 tunt,
2083 553 2259 609 donec
2291 552 2526 607 infantili
2556 552 2703 607 velut
2728 552 2964 621 quadam
3001 551 3197 607 mentis
3226 550 3488 622 lanugine

1905 644 2083 714 posita
2110 684 2124 708 ,
2174 643 2242 699 ad
2297 644 2566 714 majorum
2598 642 3018 714 disciplinarum
3057 643 3487 699 exercitamenta

1906 738 2306 801 transmittant,
2355 744 2519 807 atque
2565 736 2694 790 hinc
2739 734 2808 790 ad
2842 737 2946 790 alia
3005 734 3091 791 his
3140 735 3484 793 sublimiora.

1907 825 2086 883 Simili
2137 843 2359 899 quoque
2403 828 2620 883 ratione
2657 827 3085 884 existimandum
3136 843 3196 883 se
3247 828 3489 898 gessisse

1904 934 2033 991 erga
2062 919 2297 986 majores
2319 929 2541 976 nostros
2563 919 2733 975 Deum
2760 920 3144 976 universorum
3163 936 3227 975 ac
3244 919 3486 979 Patrem.

1905 1014 2043 1070 Tum
2069 1014 2337 1084 siquidem
2362 1014 2623 1083 mundus,
2645 1014 2877 1071 necdum
2901 1014 3183 1069 hominum
3206 1014 3492 1072 confertus

1904 1107 2234 1181 frequentia,
2287 1107 2435 1162 velut
2490 1107 2673 1162 infans
2710 1114 2864 1171 erat,
2913 1107 3250 1177 decebatque
3300 1110 3490 1180 augeri

1904 1200 2059 1270 prius
2087 1199 2141 1254 in
2172 1199 2600 1264 multitudinem,
2633 1214 2701 1253 ex
2731 1214 2839 1270 qua
2870 1199 2924 1253 in
2949 1199 3129 1255 virum
3158 1201 3316 1271 quasi
3352 1202 3491 1256 ado-

1904 1293 2157 1348 lesceret.
2202 1292 2273 1345 At
2307 1292 2400 1347 ubi
2434 1291 2549 1362 jam
2581 1292 2649 1346 ab
2677 1291 2938 1347 extremis
2966 1291 3033 1347 ad
3057 1300 3304 1348 extrema
3337 1293 3492 1348 colo-

1905 1385 2013 1441 niis
2076 1386 2450 1455 frequentatus
2502 1391 2619 1449 est,
2664 1384 2906 1438 humana
2938 1384 3125 1439 sobole
3172 1384 3226 1439 in
3258 1386 3492 1440 immen-

1905 1491 2028 1532 sum
2046 1490 2440 1547 usquequaque
2460 1474 2603 1539 fusa,
2622 1490 2731 1530 non
2755 1473 2993 1544 amplius
3024 1474 3217 1530 iisdem
3243 1490 3308 1531 ac
3334 1478 3494 1546 prius

1903 1564 2048 1621 Deus
2064 1565 2338 1620 hominem
2363 1565 2614 1631 permisit
2634 1564 2888 1620 insistere
2904 1564 3183 1624 moribus:
3214 1564 3267 1620 id
3296 1579 3495 1635 nempe

1905 1654 2227 1727 providens,
2275 1662 2336 1709 ut
2388 1654 2595 1709 sensim
2639 1670 2707 1709 ex
2762 1652 2887 1709 aliis
2916 1653 2984 1708 ad
3018 1654 3124 1707 alia
3152 1653 3381 1725 gradum
3417 1654 3495 1708 fa-

219 1739 445 1805 πολλαῑς
501 1742 805 1797 ἐπιϐαίνειν
854 1746 1203 1816 τετραπόδων
1230 1747 1401 1820 νόμῳ,
1432 1748 1682 1821 καθάπερ
1720 1749 1799 1812 εἰς

1906 1747 2109 1803 cientes
2132 1787 2147 1811 ,
2198 1746 2407 1817 majore
2442 1747 2688 1818 profectu
2720 1746 3084 1818 propinquius
3112 1747 3269 1803 caelis
3299 1762 3492 1803 assur-

212 1830 402 1900 ὀχείαν
429 1834 722 1900 γεγονότας
741 1851 757 1866 ο
793 1835 1085 1890 κάντεῦθεν
1125 1840 1206 1903 εἰς
1248 1841 1310 1892 τὸ
1355 1839 1430 1912 μὴ
1460 1842 1682 1910 μοιχοὺς
1710 1856 1799 1909 γε-

1906 1844 2088 1910 gerent
2116 1858 2129 1892 :
2158 1839 2339 1909 quoad
2370 1839 2426 1893 in
2458 1839 2758 1892 maximum
2795 1839 2976 1910 ipsum
3024 1854 3088 1895 ac
3119 1840 3491 1896 celsissimum

211 1923 432 1993 γονέναι
454 1941 467 1954 ⁸
496 1926 588 1979 καὶ
612 1923 679 1981 αὖ
712 1928 871 1981 πάλιν
909 1929 988 1993 εἰς
1024 1930 1400 2003 σωφροσύνην,
1431 1932 1526 1984 καὶ
1557 1929 1665 1984 ἀπὸ
1700 1948 1804 1984 σω-

215 2014 495 2086 φροσύνης
548 2020 629 2083 εἰς
681 2019 1012 2092 παρθενίαν·
1059 2021 1188 2075 ἔνθα
1249 2022 1645 2093 μελετήσαντες
1701 2023 1802 2093 τῆς

215 2106 421 2177 σαρκὸς
469 2109 855 2181 ὑπερφρονεῖν,
899 2113 980 2176 είς
1019 2112 1110 2166 τὸν
1143 2112 1243 2183 τῆς
1281 2112 1594 2184 ἀφθαρσίας
1626 2110 1799 2167 εὗδιον

213 2196 435 2263 ἀφόϐως
454 2199 617 2269 ἐνορμ
629 2197 829 2263 ἕξονται
857 2200 1054 2273 χῶρον.

1901 1929 2199 1984 evadentes
2224 1929 2555 2000 virginitatis
2580 1928 2993 1993 documentum,
3013 1930 3159 2001 quod
3190 1932 3495 2002 perfectum

1905 2029 1993 2076 est
2025 2020 2484 2092 adipiscerentur,
2537 2036 2569 2075 a
2619 2020 2852 2076 fratrum
2899 2038 3264 2093 sororumque
3315 2022 3498 2079 ruistis

1904 2112 2178 2183 coniugiis
2206 2113 2444 2184 primum
2487 2112 2900 2184 progredientes
2939 2121 3000 2169 ut
3033 2124 3290 2171 externas
3327 2115 3497 2170 duce-

1905 2212 2026 2259 rent
2043 2220 2244 2261 uxores
2269 2224 2282 2260 :
2316 2204 2533 2272 deinde,
2558 2214 2616 2259 ut
2634 2222 2701 2260 ne
2717 2206 2906 2261 multis
2922 2207 3339 2279 quadrupedum
3363 2209 3494 2272 ritu,

212 2288 364 2341 velut
398 2288 454 2342 in
479 2304 644 2342 unam
677 2289 818 2345 hanc
850 2307 963 2346 rem
996 2292 1135 2357 nati,
1199 2292 1671 2359 cnngredcrentur
1703 2315 1715 2351 :
1744 2294 1870 2350 inde
1921 2308 1981 2352 ut
2010 2298 2246 2353 adulteri
2278 2313 2390 2353 non
2410 2306 2620 2363 essent,
2681 2307 2846 2370 atque
2881 2300 3011 2354 hinc
3068 2316 3264 2355 rursus
3303 2309 3364 2356 ut
3401 2316 3496 2355 ρο·-

211 2384 490 2447 stitatetn,
546 2398 718 2454 eaque
764 2385 1072 2455 perfuncti,
1108 2386 1480 2457 virginitatem
1516 2390 1799 2445 colerent:
1839 2390 1930 2445 ubi
1965 2406 2025 2446 se
2053 2391 2107 2444 in
2146 2393 2330 2447 carnis
2365 2400 2686 2463 contemptu
2730 2403 3072 2461 exercentes,
3119 2394 3176 2449 in
3223 2396 3498 2466 tranquil-

213 2477 327 2531 lum
380 2478 820 2550 incorruptionis
876 2481 1091 2547 locum,
1127 2483 1278 2538 velut
1313 2484 1589 2540 tutissimo
1615 2494 1812 2557 portu,
1847 2495 1995 2542 metu
2027 2486 2196 2542 soluti
2216 2487 2576 2557 appellerent.

209 2600 344 2658 CAP.
380 2600 470 2655 Ill.
495 2601 790 2658 Abrahami
810 2604 1212 2662 circumcisione
1248 2608 1464 2662 sublata
1500 2625 1747 2681 sororum
1771 2609 2040 2681 conjugia.
2071 2609 2116 2663 Α
2135 2609 2473 2681 propheticis
2500 2608 2823 2680 temporibus
2847 2609 3131 2679 repudiata
3160 2609 3495 2681 polygamia.

1247 2680 1486 2734 Castitas
1513 2680 1834 2751 conjugatis,
1872 2680 1990 2751 ipsa
2017 2680 2191 2737 modis
2211 2682 2458 2736 coercita.

282 2789 351 2844 Εἰ
375 2790 432 2843 δέ
460 2808 546 2855 τις
596 2790 672 2855 ὡς
710 2792 1028 2865 ἀμάρτυρον
1056 2794 1165 2848 τῶν
1192 2795 1426 2867 Γραφῶν
1447 2797 1799 2852 αἰτιάσασθαι

209 2882 474 2954 τολμήσαι
506 2882 597 2935 τὸν
626 2882 806 2951 λόγον,
825 2884 957 2956 φέρε
979 2884 1066 2956 δὴ,
1099 2886 1440 2956 παραθέντες
1472 2889 1567 2941 καὶ
1594 2886 1662 2941 τὰ
1689 2886 1798 2940 τῶν

212 2973 510 3044 προφητῶν
531 3013 546 3037 ,
591 2973 935 3047 ἀληθέστερα
1005 2975 1206 3046 μᾶλλον
1283 2979 1656 3050 ἀποδείξωμεν
1731 2976 1802 3031 τὰ

212 3067 609 3139 προειρημένα.
655 3067 713 3121 '0
741 3066 873 3135 γοῦν
922 3068 1194 3140 Ἀϐραὰμ,
1229 3069 1445 3143 πρῶτος
1474 3073 1534 3125 ὲν
1566 3070 1800 3143 διαθήκῃ

208 3161 310 3231 τὴν
336 3162 638 3233 περιτομὴν
671 3159 873 3224 λαϐὼν,
917 3160 1071 3215 οὐδὲν
1112 3163 1299 3235 ἓτερον
1339 3165 1675 3218 αἰνίσσεσθαι
1717 3163 1805 3217 δο-

1976 2797 2056 2855 Ne
2080 2799 2208 2872 quis
2260 2814 2391 2855 vero
2450 2797 2755 2854 orationem
2804 2806 2864 2853 ut
2886 2795 3296 2869 Scripturarum
3342 2799 3497 2856 testi-

1907 2892 2111 2948 moniis
2131 2891 2449 2948 destitutam
2464 2889 2664 2946 audeat
2683 2890 2950 2955 cavillari,
2980 2906 3100 2962 age,
3122 2889 3495 2961 producamus

1909 2983 2301 3055 prophetarum
2342 2983 2516 3048 locos,
2553 2982 2731 3054 iisque
2756 2990 2908 3038 certo
2927 2983 3132 3039 certius
3165 2983 3400 3049 veriora,
3428 2999 3494 3039 ea

1910 3093 2032 3149 quae
2061 3077 2212 3133 dicta
2239 3092 2271 3131 a
2301 3076 2462 3131 nobis
2492 3085 2641 3140 sunt,
2669 3075 3045 3131 ostendemus.
3073 3073 3290 3131 Primus
3310 3076 3497 3147 itaque

1908 3169 2211 3235 Abraham,
2234 3176 2460 3240 accepto
2471 3169 2913 3225 circumcisionis
2935 3167 3161 3235 fmdere,
3185 3169 3322 3223 nihil
3347 3167 3498 3224 aliud

212 3255 318 3316 κεί,
344 3253 407 3306 τὸ
440 3256 639 3308 οἰκεῖον
683 3253 794 3326 (20)
846 3256 1305 3329 περιτεμνόμενος
1326 3257 1427 3328 τῆς
1474 3258 1672 3331 σαρκὸς
1699 3259 1799 3311 αὑ-

1906 3261 2121 3318 videtur
2143 3262 2390 3327 innuere,
2414 3262 2696 3332 proprium
2720 3261 2907 3317 carnis
2926 3276 3040 3317 suae
3067 3262 3373 3317 membrum
3394 3275 3501 3333 pu—

212 3345 308 3398 τοῦ
339 3346 520 3416 μέλος,
554 3347 587 3418 ἢ
621 3349 797 3416 τοῦτο,
820 3350 880 3404 τὸ
909 3351 1106 3424 μηκέτι
1127 3351 1193 3405 τὰ
1221 3353 1286 3406 ὲκ
1311 3349 1406 3404 τοῦ
1440 3350 1605 3404 αὐτοῦ
1632 3352 1801 3423 σπέρ-

215 3455 387 3507 ματος
425 3440 895 3515 δημιουργηθέντα
934 3445 1351 3517 παιδοσπορεῖν’
1391 3444 1501 3497 ἀπὸ
1533 3444 1632 3515 τῆς
1664 3444 1801 3508 ἰδίας

208 3537 443 3590 ἕκαστον
493 3534 759 3592 διδάσκων
816 3537 1075 3609 ἀδελφῆς,
1103 3533 1193 3592 οἷα
1218 3537 1441 3608 σαρκὸς,
1474 3537 1800 3609 ἀποτέμνειν

209 3628 310 3701 τὴν
342 3627 485 3683 κατὰ
520 3628 806 3683 συνουσίαν
823 3630 1035 3701 ἡδονήν.
1064 3630 1225 3683 Ὥστε
1254 3630 1315 3683 τὸ
1336 3629 1678 3700 πλησιάζειν,
1706 3630 1801 3684 καὶ

210 3716 465 3789 όμεύνοις
515 3718 751 3791 χρῆσθαι
789 3724 906 3785 ταῖς
936 3720 1088 3791 σφῶν
1119 3721 1396 3792 ἀδελφαῖς,
1429 3721 1538 3776 ἀπὸ
1570 3720 1679 3775 τῶν
1704 3719 1799 3775 τοῦ

224 3811 479 3883 ’Δόραὰμ
505 3812 781 3867 πέπαυται
811 3813 1018 3887 καιρῶν
1036 3831 1051 3844 ·
1077 3814 1139 3868 τὸ
1164 3814 1224 3868 δὲ
1249 3813 1508 3869 πλειόνων
1541 3813 1805 3868 συναλλα-

212 3906 336 3972 γαῖς
396 3903 737 3976 ἁρμόζεσθαι
784 3906 1087 3977 γυναικῶν,
1139 3907 1248 3962 ἀπὸ
1288 3906 1397 3962 τῶν
1445 3906 1800 3979 προφητικῶν

212 3996 485 4070 ἀνῄρηται
517 4000 744 4071 χρόνων.
789 4001 1005 4055 Ὀπίσω
1035 4001 1145 4074 γάρ
1172 4015 1288 4056 σου
1318 3998 1436 4055 τῶν
1473 3999 1801 4070 ἐπιθυμιῶν

204 4090 294 4161 μὴ
326 4093 646 4163 πορευθῇς,
673 4094 772 4149 καὶ
804 4094 924 4150 ἀπὸ
955 4094 1073 4149 τῶν
1107 4093 1361 4162 όρέξεών
1379 4108 1496 4149 σου
1526 4096 1796 4149 κωλῦον

217 4182 396 4252 οἶνος
429 4187 537 4258 γὰρ
569 4187 671 4242 καὶ
697 4187 980 4257 γυναῖκες
1013 4187 1443 4255 ἀποστήσουσι
1476 4188 1795 4254 συνετούς.

211 4274 325 4331 Καὶ
343 4279 402 4329 ὲν
439 4278 629 4350 ἑτέρῳ·
658 4276 740 4333 Ἦ
765 4278 926 4348 πηγή
959 4294 1078 4333 σου
1113 4279 1220 4334 τοῦ
1259 4279 1480 4346 ὕδατος
1503 4278 1660 4333 ἔστω
1695 4290 1796 4333 σοι

282 4416 308 4449 ⁵
337 4414 507 4469 Eccli.
550 4431 708 4481 xvm,
741 4416 830 4472 30.
906 4418 951 4450 ¹⁰
991 4416 1156 4473 Eccli.
1191 4435 1307 4484 xu,
1337 4418 1394 4474 2.

1908 3353 2100 3422 tando,
2144 3368 2331 3425 quam,
2370 3353 2514 3408 haud
2546 3354 2781 3425 amplius
2807 3354 2973 3409 licere
2998 3370 3122 3409 cum
3148 3369 3212 3409 ea
3242 3370 3365 3426 quae
3402 3352 3497 3410 iis-

1908 3445 2032 3501 dem
2062 3455 2182 3500 orta
2211 3444 2533 3516 parentibus
2561 3445 2667 3510 sit,
2692 3460 2809 3499 rem
2841 3445 3147 3500 maritalem
3180 3445 3411 3514 habere;
3460 3461 3495 3502 a

1910 3538 2132 3608 propria
2162 3553 2436 3608 quemque
2471 3552 2684 3600 sorore,
2713 3537 2863 3593 velut
2881 3552 2911 3591 a
2930 3551 3097 3593 carne
3123 3537 3367 3609 propria,
3394 3538 3496 3594 do-

1909 3645 2043 3687 cens
2090 3645 2445 3702 congressum
2492 3639 2797 3702 amputare.
2853 3627 3043 3699 ltaque
3090 3631 3161 3684 ab
3194 3629 3493 3686 Abrahatni

1909 3731 2092 3790 aetate,
2114 3739 2323 3780 morem
2348 3724 2498 3778 illum
2519 3740 2629 3794 quo
2649 3738 2870 3779 sorores
2890 3721 3154 3779 fratribus
3173 3724 3491 3794 nuptiarum

1908 3817 2116 3875 ftedere
2146 3818 2541 3890 iungebantur,
2574 3817 2851 3873 sublatum
2885 3815 3157 3872 videmus.
3185 3815 3385 3872 Multas
3402 3830 3495 3870 au-

1919 3916 2027 3966 tem
2047 3909 2209 3966 simul
2225 3910 2294 3964 ab
2313 3925 2421 3964 uno
2440 3909 2629 3964 haberi
2647 3925 2849 3965 uxores
2866 3924 2896 3962 a
2918 3908 3257 3980 propheticis
3276 3916 3492 3978 tempo-

1908 4002 2063 4058 ribus
2109 4000 2337 4073 perinde
2371 4002 2637 4056 abolitum
2674 4009 2779 4057 est.
2860 4000 2996 4055 Post
3033 4001 3490 4071 concupiscentia:

1906 4096 2052 4152 enim
2076 4105 2198 4150 tuas
2217 4135 2232 4160 ,
2266 4095 2482 4166 inquit,
2516 4111 2579 4149 ne
2597 4110 2687 4148 eas
2708 4132 2723 4158 ,
2754 4102 2804 4147 et
2835 4110 2868 4148 a
2897 4093 3172 4148 desideriis
3207 4093 3311 4148 tuis
3340 4110 3495 4149 aver-

1908 4198 2014 4244 tere
2057 4190 2078 4222 ⁹
2116 4204 2136 4243 :
2183 4187 2374 4243 Vinum
2407 4188 2554 4244 enim
2599 4196 2651 4241 et
2683 4186 2929 4241 mulieres
2960 4197 3267 4254 apostatare
3292 4186 3495 4257 facient

1907 4278 2170 4348 sapientes
2203 4277 2270 4335 ⁸ο.
2292 4277 2354 4332 Ει
2373 4278 2481 4333 alio
2500 4278 2622 4333 loco
2647 4298 2661 4334 :
2687 4276 2831 4333 Fons
2854 4285 2975 4331 tuus
2993 4294 3147 4348 aquae
3158 4278 3227 4331 sit
3253 4277 3350 4331 tibi
3364 4293 3495 4349 pro-

288 4535 401 4606 (ΩΟ)
423 4534 685 4610 οἰκεῖον.
709 4532 1030 4610 νειμ-(ξοδεχ
1048 4576 1064 4601 ,
1091 4539 1291 4610 οἰκεῖον
1315 4536 1793 4610 περιτεμνόμενος.

1906 4535 2160 4608 deinceps
2187 4535 2433 4590 illicitam
2463 4534 2690 4589 fratrum
2711 4550 2837 4589 cum
2875 4535 3162 4591 sororibus
3187 4533 3312 4610 (qui
3344 4536 3492 4593 velut

213 4604 354 4661 llas.
382 4604 583 4660 οἰκεῖον
624 4604 1123 4678 περιστελλόμενος.
1169 4604 1414 4662 Vaticani
1444 4604 1798 4678 τδπεριτεμ-

212 4678 443 4748 νόμενος
473 4679 630 4747 longe
660 4678 842 4748 aptius
861 4686 966 4732 est.
996 4679 1267 4732 Caeterum
1299 4687 1529 4748 uterque
1562 4687 1712 4733 errat
1741 4680 1796 4732 in

213 4763 349 4802 voce
376 4751 593 4801 οἰκεῖον·
627 4747 809 4816 agitur
835 4750 980 4802 enim
1008 4750 1077 4804 de
1104 4747 1545 4811 circumcisione,
1563 4761 1618 4802 et
1646 4749 1797 4802 desi-

214 4828 419 4887 gnatur
461 4818 766 4871 membrum
808 4817 864 4871 in
908 4834 1017 4887 quo
1049 4833 1113 4874 ea
1144 4819 1259 4873 lleri
1290 4828 1649 4875 consueverat
1682 4837 1694 4872 ε
1728 4819 1794 4872 ad

211 4890 361 4958 quod
413 4889 576 4943 nitnis
622 4888 873 4958 generica
910 4898 995 4943 est
1035 4905 1139 4944 vos
1178 4891 1399 4955 οἰκεῖον,
1427 4905 1548 4960 quas
1576 4890 1793 4955 manui,

212 4961 338 5031 pedi
375 4968 431 5014 et
481 4961 739 5031 omnibus
790 4959 913 5031 aliis
937 4961 1186 5030 partibus
1225 4959 1473 5031 corporis
1516 4961 1795 5031 convenit.

213 5029 513 5102 Scripserit
539 5044 672 5102 ergo
694 5029 1000 5102 MethodiUs
1021 5031 1198 5102 όχεῖον
1224 5049 1236 5085 :
1271 5029 1461 5086 notum
1488 5031 1635 5086 enim
1662 5030 1795 5102 quid

212 5104 286 5160 sit
303 5099 512 5173 Graecis
541 5099 772 5173 ὀχεύειν,
801 5109 855 5154 et
882 5101 1006 5156 inde
1033 5099 1214 5173 ducta
1231 5102 1382 5173 ὀχεία
1414 5109 1469 5156 et
1491 5099 1799 5173 όχεῖοςξυί-

211 5171 423 5229 narcho
461 5171 629 5242 ζππος
668 5172 842 5242 ὀχείος
869 5186 1045 5241 equus
1074 5170 1434 5227 admissarius
1457 5210 1471 5235 ,
1502 5170 1557 5227 et
1585 5170 1803 5227 Aristo-

211 5246 306 5297 teli
349 5258 417 5315 Et
453 5241 877 5315 Historsilnint1
906 5243 1147 5315 generali
1167 5244 1445 5315 vocabulo
1472 5244 1626 5315 ὀχεῖα
1646 5283 1660 5306 ,
1685 5259 1803 5315 nic-

211 5328 315 5384 res.
343 5311 438 5367 Sic
467 5313 625 5384 enim
652 5311 765 5384 illic
792 5311 952 5384 habet
988 5327 1111 5382 cap.
1157 5312 1226 5384 18
1262 5331 1275 5367 :
1308 5314 1391 5368 Τὰ
1423 5311 1578 5384 ὀχεῖα
1602 5314 1667 5365 ἐκ
1691 5312 1801 5365 τῶν

212 5382 441 5454 θηλειῶν
455 5383 556 5435 οὐκ
568 5381 868 5454 ἐξαίρουσι.
888 5380 1074 5454 Mures
1089 5400 1121 5437 a
1138 5383 1349 5454 feminis
1372 5380 1488 5439 noti
1502 5393 1798 5454 segregant.

212 5453 310 5524 lin.
361 5453 565 5509 Luem.
598 5483 669 5493 —
697 5453 783 5507 Τὸ
812 5453 1032 5506 οἰκεῖον
1060 5453 1573 5524 περιτεμνόμενυς.
1610 5453 1798 5509 Editor

212 5522 413 5593 Lupar.
441 5540 583 5596 pene
604 5524 806 5596 plagio,
831 5532 1022 5577 contra
1048 5527 1293 5580 omnium
1317 5522 1569 5580 eddicum
1611 5524 1793 5588 fidem,

213 5597 385 5665 όχείον
408 5595 584 5650 mutat
601 5635 616 5658 ,
653 5595 837 5665 aitque
855 5609 1041 5649 errare
1062 5596 1302 5658 codices,
1338 5596 1455 5665 ipse
1482 5596 1656 5664 magis
1704 5611 1796 5650 er-

216 5663 361 5735 rans.
400 5665 549 5721 Satis
581 5666 684 5719 fuit
724 5663 1021 5726 Methodio,
1049 5674 1110 5719 ut
1142 5663 1375 5735 propriae
1402 5663 1592 5720 carnis
1621 5680 1795 5719 mem-

213 5734 294 5790 bri
321 5738 696 5808 amputatione
725 5736 965 5798 diceret,
996 5734 1360 5806 signiﬁcatum
1394 5737 1451 5792 in
1480 5736 1794 5791 Abrahatuo

530 5833 803 5892 Parnoc.
849 5830 968 5893 Gtt.
1016 5828 1246 5891 XVlll.

1903 4623 2072 4661 unum
2116 4623 2319 4675 corpus
2376 4617 2729 4670 censeantur,
2784 4621 2893 4659 uno
2942 4622 3010 4661 ex
3065 4608 3276 4678 semine
3324 4616 3491 4678 atque

1903 4678 2080 4739 utero)
2109 4681 2358 4748 copulam
2392 4696 2405 4731 ε
2442 4679 2682 4748 ηεσίίιὶι
2712 4692 2961 4741 necesse,
2996 4692 3056 4730 re
3089 4677 3307 4748 cunctis
3334 4677 3489 4745 nota,

1901 4746 2207 4803 membrum
2240 4752 2419 4817 ipsum
2469 4747 2626 4802 virile
2649 4748 2976 4817 exprimere,
3010 4746 3245 4816 quadam
3275 4748 3491 4817 piarum

1900 4820 2116 4872 aurium
2169 4819 2502 4885 offensione;
2534 4819 2624 4871 illa
2657 4817 2958 4888 praesertim
2985 4832 3174 4888 voce,
3211 4834 3318 4888 qua
3350 4835 3490 4874 nus-

1900 4905 2064 4959 quam
2098 4904 2197 4944 usa
2228 4890 2514 4954 Scriptura
2546 4897 2639 4941 aut
2663 4887 2666 4888 ⁷
2693 4887 2909 4959 Patres,
2942 4887 3034 4942 ubi
3051 4889 3175 4959 illis
3199 4887 3380 4944 sermo
3403 4898 3490 4945 est

1901 4956 1970 5015 de
1997 4960 2451 5025 circumcisione;
2485 4974 2607 5029 quac
2640 4975 2739 5013 nec
2769 4958 2911 5028 apud
2941 4956 3201 5027 profanos
3232 4960 3493 5030 pudenda

1904 5033 2026 5101 ipsa
2054 5038 2435 5101 veretrutnque
2456 5030 2746 5099 signiticet,
2773 5034 2869 5085 seu
2895 5029 3066 5097 ipsam
3097 5029 3255 5099 quasi
3284 5030 3495 5088 admis-

1904 5107 2116 5157 sionem
2174 5101 2452 5171 marisque
2506 5101 2798 5154 insilientis
2842 5101 3332 5171 congressionem;
3389 5117 3492 5160 seu

1903 5186 2084 5226 mares
2116 5171 2266 5241 ipsos
2297 5169 2378 5226 sic
2408 5170 2743 5241 congressui
2769 5171 3098 5227 destinatos.
3131 5169 3241 5226 Sua
3259 5187 3363 5228 suo
3390 5188 3492 5228 no-

1903 5241 2050 5296 mine
2067 5240 2254 5304 edant,
2283 5241 2431 5303 licet,
2464 5240 2646 5312 magni
2672 5240 2748 5295 illi
2771 5241 3084 5308 aristarelti,
3117 5242 3162 5297 si
3194 5242 3250 5296 in
3280 5246 3492 5297 mundo

1902 5313 2285 5367 auctoritatem
2324 5311 2644 5378 inveniunt;
2689 5327 2800 5365 non
2834 5327 2899 5367 ea
2926 5312 3146 5369 levitate
3168 5328 3233 5368 ex
3268 5328 3374 5372 suo
3405 5315 3491 5369 in-

1902 5384 2064 5451 genio
2092 5389 2332 5454 veterum
2380 5390 2740 5454 monumenta
2776 5390 3142 5451 componant,
3174 5385 3367 5454 eisque
3391 5386 3493 5454 ob:-

1901 5455 2147 5525 trudant.
2200 5452 2387 5525 Longe
2427 5451 2644 5525 diversa
2702 5451 2823 5525 γει.
2876 5453 3039 5507 lectio
3070 5469 3100 5525 a
3131 5451 3391 5525 reliquis,
3426 5452 3492 5509 τὸ

1907 5523 2104 5597 μηκέτι
2135 5525 2214 5587 εἰς
2238 5521 2342 5597 τὴν
2358 5526 2423 5576 ὲκ
2444 5522 2539 5597 τοῦ
2563 5521 2731 5597 ac.on
2758 5523 2994 5597 stipato;
3023 5523 3202 5595 σάρκα
3222 5521 3488 5597 δημιουρ;

1903 5593 2166 5667 γηθεῖσαν
2193 5593 2605 5667 παιδοσπορεῖν·
2639 5593 2733 5667 sed
2757 5593 3144 5667 idem_sensus,
3177 5595 3245 5650 τὰ
3283 5593 3349 5650 ἔκ
3391 5593 3491 5653 τοῦ

1902 5664 2067 5720 αὗτοῦ
2097 5669 2323 5738 αἵματος
2355 5664 2844 5740 δημιουργηθέντα,
2885 5664 3177 5721 Gesseris.

3125 5830 3164 5891 2
