3866 6160
392 275 465 329 45
1360 271 1417 328 S.
1461 270 1794 329 METHODII
1834 269 2147 329 EPISCOPI
2187 272 2277 328 ET
2318 273 2676 331 MARTYRIS
3596 284 3667 338 M

389 393 572 461 prius,
627 398 676 445 et
716 388 1018 461 jucundare
1046 406 1167 443 cum
1197 404 1391 453 uxore,
1423 405 1539 460 qua:
1571 388 1665 441 tibi
1692 387 1917 442 adhwsit
1947 405 1962 442 ι

2087 391 2204 443 ἰδία
2228 389 2362 461 (21),
2417 391 2519 444 καὶ
2558 393 3008 460 συνευφραίνου
3048 394 3200 463 μετά
3241 396 3525 466 γυναικὸς
3556 398 3667 468 τῆς

386 482 660 549 iuventute
685 491 778 534 tua
811 481 886 547 “;
922 479 1206 549 repudiata
1236 479 1445 533 scilicet
1472 478 1711 548 plurium
1744 492 1977 531 uxorum

390 573 634 629 licentia.
666 570 933 627 Jeremias
949 587 1109 638 vero,
1143 570 1323 640 Equos
1347 578 1613 623 amatores
1631 579 1678 623 et
1700 569 1976 623 emissores

388 686 486 727 eos
520 669 809 724 manifeste
839 676 999 723 vocat
1018 668 1083 729 ".
1111 668 1204 737 qui
1236 681 1296 722 se
1326 667 1381 720 in
1416 665 1757 738 diversarum
1786 664 1980 720 mulie-

389 778 512 818 rum
548 776 762 816 amores
811 759 1098 816 eﬂ‘undunt
1128 779 1140 813 :
1184 757 1483 828 Multigena
1516 757 1661 812 enim
1694 757 1978 825 impiorum

390 852 680 908 multitudo
724 869 829 906 non
858 851 958 905 erit
988 850 1157 913 utilis,
1192 858 1242 903 et
1269 849 1590 903 adulterina:
1618 847 1974 918 plantationes

389 963 493 1001 non
520 943 722 998 dabunt
750 941 951 997 radices
981 928 1121 997 altas
1142 941 1212 974 "-

462 1035 570 1093 Sed
594 1052 662 1092 ne
683 1036 880 1107 prolixi
909 1034 1085 1091 simus
1114 1032 1441 1105 colligendis
1465 1029 1800 1103 prOpheticis
1826 1029 1976 1085 voci-

387 1130 493 1186 bus
518 1170 534 1196 ,
590 1145 688 1202 age
714 1170 730 1194 ,
770 1139 1085 1186 astruamus
1117 1143 1336 1183 rursum
1367 1125 1641 1197 quomodo
1665 1123 1976 1179 voluntaria

388 1224 618 1280 castitas
640 1223 885 1293 legitimo
906 1223 1074 1277 etiam
1098 1222 1223 1275 usui
1246 1217 1541 1290 singularis
1557 1231 1682 1271 cum
1704 1229 1814 1270 una
1838 1229 1973 1269 con-

380 1318 521 1391 jugii
542 1318 903 1375 successerit:
929 1317 1201 1387 tantisper
1220 1315 1433 1371 scilicet
1492 1312 1828 1368 subtrahens
1851 1325 1976 1366 car—

385 1414 474 1467 nis
502 1409 762 1466 libidines
782 1450 797 1476 ,
834 1409 962 1464 dum
988 1407 1229 1479 perfecte
1254 1406 1552 1478 proclivem
1578 1420 1645 1459 ex
1671 1408 1972 1458 consuetu-

386 1504 514 1559 dine
544 1504 601 1559 in
634 1502 889 1573 copulam
921 1501 1185 1572 impetum
1214 1514 1279 1554 ac
1309 1514 1448 1569 pene
1480 1496 1738 1552 eﬂrenem
1762 1509 1975 1566 repres-

384 1592 540 1647 serit.
597 1591 790 1646 Statim
847 1605 983 1646 sane
1013 1589 1303 1645 manifeste
1351 1587 1654 1651 inducitur,
1685 1587 1778 1657 qui
1830 1587 1972 1641 hanc

383 1681 644 1751 deinceps
690 1680 1112 1750 occupationem
1163 1696 1195 1735 a
1238 1695 1298 1736 se
1331 1679 1643 1744 amoliatur,
1677 1679 1806 1733 dum
1846 1680 1966 1735 ait:

2077 482 2148 535 ἐκ
2178 483 2459 550 νεότητός
2488 499 2604 538 σου
2627 501 2641 514 '
2670 484 2914 555 δηλονότι
2939 488 3376 557 παραιτούμενος
3411 488 3510 553 τὰς
3537 490 3667 544 πολ-

2077 571 2193 636 λάς.
2237 573 2297 626 'O
2320 572 2377 625 δὲ
2413 573 2703 646 Ἱερεμίας,
2740 575 2986 641 Ἵππους
3028 577 3383 644 θηλυμανεῐς
3426 579 3667 648 ἀναφαν-

2077 661 2166 715 δὸν
2191 662 2318 725 τοὺς
2374 663 2454 725 είς
2505 662 2796 736 διαφόρους
2842 663 3167 735 μαργῶντιις
3196 670 3459 734 γυναῖκας
3488 668 3660 724 καλεῖ.

2077 755 2429 823 Πολύγονον
2495 755 2603 828 (22)
2643 756 2782 829 γὰρ,
2807 757 2994 828 φησιν,
3040 757 3275 812 ἀσεϐῶν
3317 760 3553 828 πλῆθος
3589 766 3664 817 ὀῠ

2076 847 2488 917 χρησιμεύσει,
2507 849 2605 904 καὶ
2625 849 2695 904 ἐκ
2721 852 2914 905 νόθων
2937 850 3376 921 μοσχευμάτων
3392 855 3464 907 οὑ
3484 853 3665 910 δώσει

2068 936 2242 1005 ῥίζαν
2268 941 2357 1005 εἰς
2373 938 2587 1007 βάθος.

2159 1028 2321 1082 Ἀλλὰ
2384 1028 2494 1102 γὰρ
2544 1030 2630 1085 ἵνα
2678 1029 2752 1103 μὴ
2801 1031 3237 1105 μακρηγορῶμεν
3273 1033 3531 1088 ἐπιπολὺ
3561 1032 3663 1100 τὰς

2077 1122 2421 1192 προφητικᾶας
2468 1123 2855 1194 ἀναλεγόμενοι
2898 1125 3100 1193 φωνὰς,
3137 1126 3268 1197 φέρε
3295 1126 3358 1199 δὴ
3381 1129 3662 1199 συστήσω-

2079 1228 2177 1282 μεν
2225 1212 2408 1277 πάλιν,
2459 1214 2609 1278 ὅπως
2657 1214 2957 1285 διαδέχεται
3013 1215 3111 1288 τὴν
3169 1216 3262 1270 ἐπὶ
3299 1220 3395 1289 μιᾷ
3439 1217 3660 1287 γυναικὶ

2077 1303 2413 1376 συναλλαγὴν
2444 1307 2477 1377 ἡ
2511 1309 2855 1380 σωφροσύνη,
2890 1309 3079 1380 μέχρις
3115 1308 3181 1363 ἂν
3212 1308 3412 1380 ὲκλύσῃ
3438 1308 3661 1372 τελείως

2074 1396 2172 1467 τὴν
2201 1400 2266 1450 ὲκ
2288 1397 2383 1451 τοῦ
2409 1397 2562 1462 ἔθους
2583 1401 2676 1453 ἐπὶ
2702 1398 2801 1471 τὴν
2841 1402 3126 1455 συνουσίαν
3151 1400 3491 1472 καταφορὰν,
3521 1401 3659 1474 πρὸς

2073 1488 2253 1558 ὀλίγον
2321 1491 2698 1564 ἀφαιρουμένη
2750 1493 2850 1556 τὰς
2894 1492 2992 1564 τῆς
3044 1493 3246 1563 σαρκὸς
3302 1493 3657 1564 ἡδυπαθείας.

2072 1581 2283 1634 Αὐτίκα
2304 1581 2433 1649 γοῦν
2462 1580 2737 1651 είσάγεταί
2761 1582 3116 1653 τιςὲμφανῶς
3151 1582 3249 1655 ἤδη
3281 1582 3468 1637 λοιπὸν
3503 1600 3656 1654 παρ-

2072 1673 2391 1744 αιτούμενος
2434 1674 2642 1727 τουτονὶ
2676 1675 2764 1727 τὸν
2807 1674 3211 1747 περισπασμὸν,
3241 1676 3434 1743 Κύριε,
3459 1674 3653 1743 λέγων,

382 1772 629 1837 Domine,
646 1771 809 1826 Pater
829 1782 878 1825 et
901 1771 1206 1826 dominator
1222 1772 1343 1825 vita?
1367 1787 1515 1836 meat,
1544 1787 1607 1825 ne
1634 1770 1962 1841 derelinquas

2071 1766 2264 1835 Πάτερ
2312 1766 2411 1821 καὶ
2451 1766 2724 1821 δέσποτα
2758 1764 2867 1835 τῆς
2902 1764 3047 1835 ζωῆς
3067 1784 3205 1836 μου,
3226 1765 3313 1835 μὴ
3343 1768 3655 1837 ἐγκαταλί-

381 1878 465 1917 me
498 1864 550 1917 in
581 1863 802 1917 consilio
841 1878 1045 1917 eorum.
1080 1861 1465 1916 Extollentiam
1489 1862 1761 1916 oculorum
1788 1878 1962 1917 amove

2072 1871 2192 1928 πῃς
2219 1876 2296 1929 με
2318 1859 2390 1913 ἐν
2412 1857 2618 1929 ,ϐουλῇ
2649 1857 2864 1913 αὐτῶν.
2893 1859 3308 1929 Μετεωρισμόν
3331 1861 3658 1931 ὀφθαλμῶν

382 1971 416 2006 ιι
449 1953 770 2009 me.:Cordis
798 1955 1222 2023 concupiscentia
1249 1964 1298 2008 et
1319 1953 1626 2009 concubitus
1655 1971 1759 2009 non
1790 1970 1962 2024 appre-

2070 1949 2257 2019 ἄφελε
2284 1952 2387 2006 ἀπ’
2417 1951 2596 2021 ἐμοῦο
2640 1949 2888 2019 καρδίας
2911 1951 3022 2021 (25)
3053 1950 3243 2019 ὄρεξις
3277 1938 3375 2004 καὶ
3423 1966 3653 2008 συνου-

380 2043 612 2100 haudaut
639 2063 721 2101 me
746 2046 814 2102 “.
847 2046 905 2100 lu
936 2047 1077 2101 libro
1104 2054 1285 2101 autem
1312 2046 1623 2117 Sapientia),
1658 2062 1764 2117 quo
1787 2047 1962 2103 omnis

2070 2044 2331 2112 σιασμὸς
2356 2046 2443 2112 μὴ
2475 2042 2975 2096 καταλαϐἐτωσάν
3015 2060 3110 2113 με.
3141 2044 3252 2096 Καὶ
3274 2045 3331 2098 ἐν
3363 2045 3428 2115 τῇ
3480 2060 3654 2099 πανα-

378 2134 602 2191 virtutis
650 2138 945 2191 traduntur
993 2138 1355 2200 documenta,
1406 2140 1585 2208 palam
1613 2138 1726 2209 jam
1755 2149 1809 2194 et
1847 2138 1962 2194 sine

2073 2136 2213 2208 ρὲτῳ
2232 2135 2289 2188 δὲ
2308 2135 2500 2205 Σοφίᾳ,
2521 2152 2589 2204 γυ
2598 2135 2746 2207 μνῶς
2774 2136 2875 2207 ἤδη
2887 2137 3013 2199 τοὺς
3042 2136 3317 2208 ἀκροατὰς
3340 2138 3418 2201 είς
3441 2138 3650 2211 ἐγκρά-

380 2226 922 2297 ειιιὶιεεε.ειιιόὶιοι·εε
950 2228 1018 2283 ad
1045 2228 1447 2285 continentiam
1471 2236 1525 2284 et
1546 2230 1856 2285 castitatem
1885 2236 1969 2283 at-

379 2319 604 2374 trahens
635 2318 873 2390 Spiritus
905 2329 1154 2385 sanctus,
1189 2323 1320 2377 talia
1359 2322 1677 2378 modulatur
1716 2341 1731 2377 :
1775 2320 1971 2376 Melior

376 2419 456 2466 est
495 2410 784 2467 liberorum
832 2413 1187 2469 orbitas-cum
1225 2415 1450 2480 virtute,
1498 2415 1838 2481 inclamans;
1869 2415 1972 2467 im-

376 2504 681 2559 mortalitas
732 2505 871 2560 enim
903 2516 982 2561 est
1026 2507 1083 2560 in
1121 2509 1377 2561 memoria
1427 2507 1603 2572 illius,
1638 2508 1886 2577 quoniam
1921 2514 1972 2561 et

376 2598 520 2664 apud
551 2596 718 2651 Deum
746 2610 876 2652 nota
907 2606 1006 2663 est,
1039 2608 1089 2652 et
1120 2598 1260 2667 apud
1281 2599 1540 2654 homines.
1564 2600 1699 2653 Cum
1731 2614 1964 2669 praesens

372 2697 475 2753 est,
505 2688 683 2743 colunt
714 2690 889 2754 illam,
921 2698 973 2745 et
1003 2689 1310 2744 desiderant
1343 2707 1458 2745 eam
1485 2707 1605 2745 cum
1644 2705 1702 2746 se
1725 2689 1964 2745 abduxe—

372 2777 489 2834 rit:
529 2788 581 2833 et
625 2780 684 2833 in
725 2788 1030 2849 perpetuum
1068 2788 1327 2834 coronata
1374 2780 1696 2851 triumphat,
1762 2780 1965 2835 ἐπι-οἰησ-

376 2871 714 2941 quinatorum
741 2872 1089 2925 certaminum
1112 2888 1276 2942 agone
1309 2881 1556 2941 superato
1591 2874 1656 2927 ¹³.

2062 2246 2214 2283 τειαν
2267 2227 2627 2299 ἐφελκόμενον
2668 2228 2764 2282 καὶ
2815 2229 3167 2301 σωφροσύνην
3229 2229 3290 2283 τὸ
3326 2230 3550 2302 Πνεῦμα
3587 2230 3652 2286 τὸ

2067 2316 2241 2391 ἅγιον,
2303 2321 2529 2375 τοιαῦτα
2585 2321 2812 2393 μελῳδεῖ
2833 2337 2848 2353 ο
2905 2322 3206 2390 Κρεῗσσον
3250 2323 3360 2394 (24)
3406 2324 3651 2378 ἀτεχνία

2064 2414 2188 2486 μετ’
2236 2412 2471 2483 ἀρετῆς,
2510 2413 2814 2485 κεκραγός·
2859 2414 3161 2468 ἀθανασία
3208 2412 3319 2484 γάρ
3364 2416 3535 2469 ἐστιν
3578 2416 3652 2469 ἐν

2064 2503 2272 2574 μνήμῃ
2298 2502 2511 2570 αὐτῆς,
2548 2501 2639 2556 ὅτι
2681 2503 2779 2555 καὶ
2823 2502 2984 2569 παρὰ
3015 2503 3137 2569 Θεῷ
3161 2502 3517 2572 γινώσκεται
3545 2504 3646 2558 καὶ

2069 2592 2231 2661 παρὰ
2245 2592 2598 2661 ἀνθρώποις.
2616 2592 3025 2661 Παροῦσὰνητε
3043 2594 3296 2665 τιμῶσιν
3305 2596 3522 2665 αὐτὴν,
3546 2598 3648 2651 καὶ

2066 2680 2363 2735 ποθοῦσιν
2391 2681 2813 2736 ἀπελθοῦσαν·
2856 2683 2956 2737 καὶ
2995 2685 3066 2738 ἐν
3098 2684 3177 2751 τῷ
3220 2686 3389 2741 αἰῶνι
3427 2703 3651 2757 στεφα-

2064 2774 2419 2843 νηφοροῦσα
2473 2776 2786 2841 πομπεύει,
2843 2775 2953 2830 τόν
2983 2775 3101 2831 τῶν
3126 2777 3428 2849 ἁμιάντων
3448 2779 3649 2835 ἄθλων

2065 2867 2267 2938 ἀγῶνα
2290 2865 2617 2933 νικήσασα.

375 2986 502 3046 (ιλιι.
541 2987 631 3045 Ν.
663 2985 808 3042 Unus
835 2987 1081 3045 Christus
1105 2991 1463 3062 uirginitatem
1492 2988 1725 3115 edocuit;
1766 2985 2283 3130 apertfuprwdilcians
2311 3001 2534 3110 stagnum
2565 2987 2836 3043 caelorum.
2870 2986 2969 3046 Dei
2998 2990 3316 3058 similitudo,
3349 2991 3649 3047 divinarum

1626 3078 1705 3116 vir
1731 3077 1765 3114 ιι
1794 3078 1881 3114 um
1971 3077 2028 3114 ce
2057 3075 2149 3129 per
2192 3074 2306 3113 cien
2350 3075 2404 3113 a.

354 3070 357 3075 ⁷
1626 3070 1881 3116 virtutum
1911 3070 1962 3114 ιιι

2068 3070 2404 3129 per/menda.

443 3177 519 3233 De
550 3177 791 3235 humano
819 3180 1005 3252 itaque
1037 3198 1236 3253 genere
1284 3181 1493 3239 dictum
1543 3190 1649 3251 est,
1677 3182 1955 3254 quomodo

2126 3179 2262 3252 Περὶ
2311 3178 2411 3251 μὲν
2464 3174 2557 3234 οῦν
2611 3178 2817 3251 καιρῶν
2863 3179 2967 3251 τῆς
3014 3180 3454 3254 ἀνθρωπότητος,
3497 3184 3644 3249 ὃπως

375 3285 403 3323 a
429 3286 681 3326 sororum
705 3273 976 3345 coniugiis
1002 3275 1069 3329 ad
1105 3275 1498 3330 continentiam
1530 3291 1725 3347 usque,
1756 3274 1962 3331 sensim

374 3381 470 3434 per
496 3374 715 3421 :etatum
737 3369 941 3439 gradus
962 3367 1293 3440 profecerit;
1321 3378 1571 3440 superest
1594 3379 1653 3424 ut
1674 3378 1733 3425 et
1753 3369 1822 3425 de
1849 3370 1962 3424 vir-

373 3459 601 3529 ginitate
632 3460 904 3517 dicamus.
934 3460 1047 3516 Hoc
1078 3461 1245 3532 igitur
1271 3472 1475 3534 quanta
1507 3461 1670 3518 fuerit
1699 3463 1957 3529 facultas,

374 3552 534 3608 nobis
565 3553 980 3609 connitendum.
1017 3553 1197 3625 Atque
1237 3556 1293 3611 id
1340 3556 1396 3609 in
1450 3554 1649 3622 primis
1681 3555 1961 3625 disquira-

372 3659 495 3699 mus
524 3659 750 3699 necesse
781 3653 886 3709 est,
918 3645 1046 3716 quid
1072 3645 1291 3701 tandem
1321 3662 1503 3702 causae
1523 3648 1616 3711 sit,
1646 3663 1771 3702 cum
1801 3644 1959 3701 multi

372 3735 650 3806 propheta!
677 3743 731 3791 et
755 3736 889 3805 justi
917 3737 1085 3790 multa
1116 3751 1181 3791 ac
1216 3739 1479 3807 praeclara
1512 3745 1627 3793 tum
1646 3739 1955 3805 docuerint,

372 3833 485 3878 tum
523 3824 627 3893 ipsi
684 3825 1073 3894 praestiterint,
1132 3826 1319 3883 nullus
1370 3836 1553 3882 tamen
1587 3827 1957 3899 virginitatem

369 3924 465 3970 aut
490 3916 747 3971 laudibus
770 3916 1086 3982 celebrarit,
1116 3925 1213 3971 aut
1232 3921 1570 3990 propositum
1599 3921 1719 3991 ejus
1742 3936 1957 3976 assum-

369 4006 719 4080 pserit?So!i
757 4010 1017 4064 nimirum
1053 4009 1286 4065 Domino
1314 4012 1608 4082 disciplina
1663 4012 1780 4067 haec
1828 4028 1957 4068 san~

367 4100 563 4154 ciend'a
595 4100 941 4163 servabatur,
976 4099 1070 4170 qui
1114 4110 1169 4155 et
1208 4100 1360 4156 solus
1390 4101 1444 4155 in
1490 4099 1755 4154 mundum
1785 4099 1955 4155 adve-

369 4191 550 4253 niens,
582 4190 834 4245 homines
868 4191 1056 4245 docuit
1099 4191 1155 4246 in
1216 4189 1386 4247 Deum
1418 4193 1675 4247 transire.
1714 4191 1956 4247 Decebat

367 4282 514 4337 enim
544 4282 639 4352 qui
684 4282 941 4353 princeps
994 4282 1342 4339 sacerdotum
1393 4291 1540 4339 esset
1588 4285 1954 4355 princepsque

366 4378 759 4446 praphetarum
791 4383 844 4429 et
861 4378 1117 4447 princeps
1140 4377 1485 4447 angelorum,
1511 4376 1763 4431 eumdem
1788 4377 1951 4432 etiam

367 4468 642 4539 virginum
678 4470 981 4540 principem
1007 4467 1220 4524 audire.
1244 4466 1564 4537 Antiquitus
1596 4474 1776 4523 autem
1820 4482 1953 4523 nec-

2065 3270 2346 3345 ἀρξαμένη
2379 3271 2487 3326 ἀπὸ
2517 3272 2618 3343 τῆς
2664 3271 3069 3344 ἀδελφομιξίας,
3116 3271 3352 3328 ὥδευσεν
3401 3275 3495 3328 ἐπὶ
3544 3277 3648 3347 τὴν

2064 3365 2412 3438 ἐγκράτειαν,
2445 3365 2692 3437 εἴρηται*
2729 3365 2857 3435 περὶ⁵
2911 3363 2967 3418 δὲ
3011 3363 3310 3436 παρθενίας
3355 3365 3645 3421 λείπεταιο

2056 3456 2187 3509 -ὂσον
2219 3450 2311 3508 οῦν
2341 3454 2587 3519 δυνατὸν,
2634 3453 2923 3523 πειρατέον
2954 3453 3158 3526 φράσαι
3187 3453 3319 3524 (25).
3350 3454 3462 3507 Καὶ
3491 3453 3647 3525 πρῶ-

2061 3564 2153 3601 τον
2184 3546 2518 3611 ἐξεταστέον,
2550 3545 2616 3598 δι’
2641 3546 2710 3617 ἢν
2754 3545 2931 3599 αἰτίαν
2978 3544 3187 3599 πολλῶν
3231 3546 3524 3617 προφητῶν
3550 3545 3649 3601 καὶ

2061 3637 2288 3694 δικαίων
2306 3636 2478 3692 πολλὰ
2501 3638 2596 3691 καὶ
2612 3637 2752 3691 καλὰ
2767 3636 3094 3701 διδαξάντων
3119 3636 3213 3690 καὶ
3232 3638 3645 3710 ἐργασαμένων,

2062 3730 2364 3801 παρθενίαν
2410 3730 2585 3793 οὐδεὶς
2629 3728 2753 3782 οὔτε
2800 3729 3230 3799 ἑνεγκωμίασεν,
3277 3728 3399 3782 οὔτε
3448 3729 3642 3787 εἵλετο.

2060 3824 2224 3895 Μόνῳ
2251 3823 2355 3895 γὰρ
2378 3824 2486 3894 ἄρα
2511 3822 2844 3892 ἐφυλάσσετο
2878 3822 3036 3875 τοῦτο
3077 3822 3412 3894 πρεσϐεῦσαι
3448 3823 3509 3877 τὸ
3543 3826 3648 3895 μά-

2060 3915 2212 3987 θημα
2254 3915 2332 3986 τῷ
2364 3916 2576 3987 Κυρίῳ,
2611 3916 2734 3968 ἐπεὶ
2778 3916 2874 3969 καὶ
2911 3916 3071 3987 μόνος
3112 3915 3396 3988 παρελθὼν
3434 3916 3645 3987 ἄνθρω-

2058 4022 2158 4059 πον
2186 4005 2390 4070 ἐδίδαξε
2428 4009 2625 4077 χωρεῖν
2655 4008 2735 4069 εἰς
2768 4005 3177 4077 Θεόν.”Επρεπε
3200 4005 3309 4078 γὰρ
3340 4006 3417 4078 τῷ
3457 4009 3647 4080 ἀρχιε-

2059 4100 2145 4170 ρεῖ
2171 4099 2263 4152 καὶ
2291 4098 2679 4170 ἀρχιπροφήτῃ
2710 4098 2804 4152 καὶ⁹
2848 4098 3194 4169 ἁρχαγγέλῳ,
3221 4097 3395 4169 τούτῳ
3427 4101 3520 4153 καὶ
3553 4101 3649 4173 ἀρ-

2055 4190 2371 4262 χιπαρθένῳ
2416 4190 2947 4263 προσαγορευθῆναι.
2973 4191 3046 4244 Τὸ
3093 4191 3149 4245 δὲ
3179 4192 3404 4245 παλαιὸν
3430 4192 3645 4247 οὐδέπω

2054 4282 2258 4346 τέλειος
2291 4282 2579 4354 ἄνθρωπος
2609 4278 2676 4354 ἦν
2701 4299 2717 4313 ⁸
2750 4283 2845 4335 καὶ
2872 4282 2962 4336 διὰ
2987 4280 3143 4335 τοῦτο
3170 4281 3230 4334 τὺ
3259 4281 3464 4336 τέλειον
3498 4281 3645 4335 οὐδέ·-

2055 4391 2143 4428 πω
2187 4375 2435 4447 χωρῆσαι
2456 4375 2555 4447 τὴν
2589 4374 2888 4446 παρθενίαν
2918 4371 3249 4446 ῖσχυεν.¹Έτι
3274 4373 3383 4445 γὰρ
3414 4372 3638 4447 ἔχρῃζε,

2053 4468 2172 4521 κατ’
2205 4468 2389 4522 εἰκόνα
2413 4468 2548 4521 Θεοῦ
2570 4466 2834 4538 γεγονὼς,
2863 4468 2958 4522 καὶ
2987 4468 3049 4521 τὺ
3070 4466 3193 4521 καθ’
3215 4466 3474 4537 ὁμοίωσιν
3507 4468 3641 4519 ἀπο-

366 4558 497 4614 dum
546 4559 712 4616 homo
764 4559 1043 4629 perfectus
1087 4568 1206 4614 erat
1253 4577 1266 4613 :
1309 4573 1375 4612 ac
1415 4557 1537 4613 ideo
1578 4558 1949 4629 virginitatem

2068 4559 2242 4614 λαϐεῖν
2268 4577 2280 4588 ·
2318 4561 2455 4632 ὅπερ
2478 4560 2923 4633 τελεσιουργῆσαι
2963 4558 3377 4630 καταπεμφθεὶς
3409 4559 3438 4610 ὁ
3466 4558 3642 4633 Λόγρς

368 4653 525 4721 (rem‘
551 4652 742 4724 utique
789 4647 1129 4721 perfectam)
1170 4664 1369 4718 capere
1416 4649 1652 4704 necdum
1709 4656 1946 4720 poterat.

368 4741 562 4797 Adhuc
593 4746 737 4798 enim
769 4743 861 4813 qui
909 4742 978 4796 ad
1016 4741 1112 4796 Dei
1159 4740 1452 4810 imaginem
1494 4740 1764 4794 formatus
1809 4747 1949 4806 erat,

370 4833 425 4888 id
451 4850 670 4906 quoque
708 4835 856 4906 quod
910 4834 1089 4890 estad
1125 4833 1539 4890 similitudinem
1572 4833 1817 4903 recipere
1855 4834 1952 4888 de—

367 4927 550 4983 bebat.
602 4928 756 4995 Quod
812 4935 871 4983 ut
922 4927 1227 4997 perﬁceret,
1278 4925 1518 4982 Verbum
1571 4925 1627 4979 in
1682 4924 1949 4980 mundum

367 5018 621 5084 missum,
652 5029 898 5074 nostram
928 5020 1083 5090 prius
1114 5017 1347 5073 formam
1372 5015 1561 5071 multis
1591 5025 1946 5086 peccatorum

2056 4652 2137 4715 είς
2164 4651 2256 4704 τὸν
2289 4651 2514 4723 κόσμον,
2543 4652 2644 4725 τὴν
2675 4651 2949 4724 ἡμετέραν
2985 4650 3197 4721 μορφὴν
3221 4650 3485 4722 πρότερον
3518 4651 3642 4705 ἀνέ-

2054 4743 2207 4810 λαϐε,
2234 4744 2449 4808 πολλοῖς
2478 4745 2838 4816 ἁμαρτήμασι
2868 4741 3319 4814 κατεστιγμένην,
3346 4743 3436 4797 ἵνα
3459 4742 3522 4814 δὴ
3540 4742 3639 4814 τὴν

2059 4835 2211 4890 Θείαν
2246 4838 2425 4908 ἡμεῖς,
2461 4837 2529 4890 δι’
2562 4836 2656 4900 οὓς
2702 4836 2862 4900 αὐτὸς
2906 4834 3155 4904 ὲφόρεσε,
3182 4832 3344 4888 πάλιν
3390 4837 3640 4908 χωρῆσαι

2056 4928 2392 5002 δυνηθῶμεν.
2456 4929 2593 4983 Καθ’
2622 4929 2882 5000 ὁμοίωσιν
2934 4926 3043 4997 γὰρ
3099 4926 3469 4999 ἀκριϐωθῆναι
3515 4927 3636 4981 τότε

2058 5019 2291 5090 πάρεστι
2323 5019 2480 5083 Θεοῦ,
2514 5019 2677 5072 ὁπότε
2703 5018 2768 5089 δὴ
2796 5019 2921 5080 τοὺς
2953 5016 3118 5070 αὐτοῦ
3153 5019 3507 5090 χαρακτῆρας
3536 5019 3636 5089 τῆς

440 5157 483 5191 ³⁸
525 5155 686 5211 Prov.
716 5173 773 5221 v,
810 5155 896 5220 15,
936 5156 1021 5213 l8.
1096 5157 1138 5188 “
1171 5154 1305 5225 Cap.
1342 5170 1396 5221 v,
1432 5170 1545 5209 vers
1573 5153 1629 5208 8.
1714 5153 1758 5185 ¹³
1781 5151 1911 5210 San.
1937 5169 1962 5208 ι’

2068 5153 2096 5207 ἱ.
2174 5155 2219 5187 ³⁸
2246 5155 2414 5210 Eccli.
2451 5171 2605 5220 xxm,
2638 5154 2691 5219 l,
2723 5155 2777 5222 5,
2800 5154 2855 5210 6.
2937 5155 2981 5186 ¹⁸
3005 5152 3136 5225 Sap.
3166 5173 3245 5223 ιν,
3280 5157 3331 5224 1,
3362 5156 3418 5212 2.

441 5295 553 5368 (21)
595 5294 759 5368 Ἰδία.
792 5293 913 5348 Νοιι
938 5295 1075 5368 bene
1102 5293 1409 5368 Possinius,
1437 5293 1552 5368 sive
1580 5292 1673 5363 qui
1694 5290 1748 5348 ei
1782 5292 1957 5368 impo-

370 5364 512 5431 suit,
532 5364 833 5436 ‘imperitus
868 5366 1049 5420 scriba
1070 5405 1083 5429 ,
1115 5366 1287 5436 ἡδεῖα,
1308 5365 1650 5436 άιιισίείιιιιιι
1676 5378 1808 5418 voce
1834 5364 1951 5436 haec

369 5434 669 5495 auctoritas
700 5436 836 5490 nihil
866 5436 932 5489 ad
957 5434 1224 5491 intentum
1278 5435 1536 5491 Methodii
1588 5436 1823 5497 faceret,
1882 5434 1952 5488 de

370 5508 754 5580 singularitate
780 5507 1058 5580 conjugii,
1113 5522 1222 5580 non
1253 5505 1322 5580 de
1350 5507 1627 5580 illius__seu
1673 5503 1751 5557 rei
1783 5504 1951 5558 mari-

370 5576 495 5637 talis
545 5578 853 5632 dulcedine.
910 5578 1062 5632 Adde
1091 5577 1227 5630 nihil
1269 5576 1539 5643 ejusmodi
1577 5590 1797 5631 sacrum
1833 5582 1952 5629 tex-

372 5663 486 5707 tum
517 5651 595 5704 sic
627 5650 871 5718 pervium
906 5648 1127 5718 habere.
1165 5648 1456 5702 Councris.

357 5722 553 5779 -122]
610 5713 984 5780 Πολύγονον.
1028 5716 1165 5775 Vide
1223 5719 1591 5780 Augustinum
1642 5713 1717 5769 De
1773 5714 1945 5770 doctr.

2062 5293 2287 5357 Christ”
2320 5294 2415 5349 lib.
2450 5309 2510 5357 ιι,
2538 5307 2660 5360 cap.
2693 5292 2781 5355 12,
2815 5307 2872 5345 ιι.
2897 5291 2986 5345 is.
3019 5291 3097 5349 In.

2123 5366 2236 5439 (25)
2277 5364 2561 5434 Καρδίας.
2600 5359 2765 5431 Sixt.,
2790 5362 3021 5429 κοιλίας,
3041 5365 3253 5419 ventris.
3276 5360 3367 5417 Sic
3383 5370 3438 5417 et
3466 5359 3629 5434 Vulg.

2049 5435 2236 5576 10124)
2292 5507 2613 5575 Κρεῖσσον.
2644 5504 2815 5562 Paulo
2851 5507 3011 5562 aliter
3043 5504 3228 5577 Vulg.,
3259 5502 3361 5560 etsi
3402 5503 3631 5560 totidem

2050 5580 2235 5634 verbis
2265 5578 2444 5633 reddit
2472 5577 2779 5633 Possinius.
2814 5579 2891 5632 lo.

2123 5649 2235 5721 (25)
2271 5649 2522 5715 Φράσαι.
2559 5648 2697 5706 Cod.
2733 5646 2881 5718 νει,
2912 5646 3095 5719 φάναι.
3130 5645 3207 5702 In.
