  <div class='ocr_page' id='page_1' title='image "/cluster/home/n/w/nwhite01/storage/ocr_20150623/18/nnc1.0046978550/030.png"; bbox 0 0 3866 6160; ppageno 0'>
   <div class='ocr_carea' id='block_1_1' title="bbox 214 292 3475 354">
    <p class='ocr_par' dir='ltr' id='par_1_1' title="bbox 214 292 3475 354">
     <span class='ocr_line' id='line_1_1' title="bbox 214 292 3475 354; baseline 0.001 -7"><span class='ocrx_word' id='word_1_1' title='bbox 214 292 287 347; x_wconf 69' lang='grc' dir='ltr'>ιε</span> <span class='ocrx_word' id='word_1_2' title='bbox 1312 292 1701 351; x_wconf 75' lang='lat' dir='ltr'><strong>CONVlVlUM</strong></span> <span class='ocrx_word' id='word_1_3' title='bbox 1738 293 1972 354; x_wconf 73' lang='lat' dir='ltr'><strong>DECEM</strong></span> <span class='ocrx_word' id='word_1_4' title='bbox 2010 292 2378 352; x_wconf 78' lang='lat' dir='ltr'><strong>VlRGlNUM.</strong></span> <span class='ocrx_word' id='word_1_5' title='bbox 3403 295 3475 351; x_wconf 75' lang='grc'><strong>46</strong></span> 
     </span>
    </p>
   </div>
   <div class='ocr_carea' id='block_1_2' title="bbox 210 412 1799 488">
    <p class='ocr_par' dir='ltr' id='par_1_2' title="bbox 210 412 1795 487">
     <span class='ocr_line' id='line_1_2' title="bbox 210 412 1795 487; baseline 0.001 -20"><span class='ocrx_word' id='word_1_6' title='bbox 210 413 356 467; x_wconf 76' lang='grc' dir='ltr'><strong>κατά</strong></span> <span class='ocrx_word' id='word_1_7' title='bbox 399 412 685 487; x_wconf 76' lang='grc' dir='ltr'>ἄνθρωπον</span> <span class='ocrx_word' id='word_1_8' title='bbox 731 414 1022 481; x_wconf 76' lang='grc' dir='ltr'><strong>πολιτείας,</strong></span> <span class='ocrx_word' id='word_1_9' title='bbox 1061 415 1364 487; x_wconf 70' lang='grc' dir='ltr'>ζωγράφων</span> <span class='ocrx_word' id='word_1_10' title='bbox 1390 416 1544 486; x_wconf 84' lang='grc' dir='ltr'>δίκην</span> <span class='ocrx_word' id='word_1_11' title='bbox 1569 417 1795 486; x_wconf 78' lang='grc' dir='ltr'>ἐπιστη-</span> 
     </span>
    </p>
   </div>
   <div class='ocr_carea' id='block_1_3' title="bbox 1901 412 3474 488">
    <p class='ocr_par' dir='ltr' id='par_1_3' title="bbox 1901 415 3474 488">
     <span class='ocr_line' id='line_1_3' title="bbox 1901 415 3474 488; baseline 0.001 -19"><span class='ocrx_word' id='word_1_12' title='bbox 1901 415 2127 471; x_wconf 87' lang='lat' dir='ltr'><strong>maculis</strong></span> <span class='ocrx_word' id='word_1_13' title='bbox 2159 420 2542 486; x_wconf 89' lang='lat' dir='ltr'><strong>compunctam</strong></span> <span class='ocrx_word' id='word_1_14' title='bbox 2567 415 2826 486; x_wconf 77' lang='lat' dir='ltr'><strong>suscepit,</strong></span> <span class='ocrx_word' id='word_1_15' title='bbox 2855 422 2917 469; x_wconf 92' lang='lat' dir='ltr'><strong>ut</strong></span> <span class='ocrx_word' id='word_1_16' title='bbox 2952 430 3055 473; x_wconf 91' lang='lat' dir='ltr'><strong>nos</strong></span> <span class='ocrx_word' id='word_1_17' title='bbox 3103 415 3313 473; x_wconf 74' lang='lat' dir='ltr'><strong>scilicet</strong></span> <span class='ocrx_word' id='word_1_18' title='bbox 3341 430 3474 488; x_wconf 90' lang='lat' dir='ltr'><strong>pro-</strong></span> 
     </span>
    </p>
   </div>
   <div class='ocr_carea' id='block_1_4' title="bbox 214 506 1794 579">
    <p class='ocr_par' dir='ltr' id='par_1_4' title="bbox 214 506 1794 579">
     <span class='ocr_line' id='line_1_4' title="bbox 214 506 1794 579; baseline 0.001 -20"><span class='ocrx_word' id='word_1_19' title='bbox 214 506 412 579; x_wconf 76' lang='grc' dir='ltr'>μόνων,</span> <span class='ocrx_word' id='word_1_20' title='bbox 430 508 490 560; x_wconf 81' lang='grc' dir='ltr'><strong>ἐν</strong></span> <span class='ocrx_word' id='word_1_21' title='bbox 515 508 727 573; x_wconf 74' lang='grc' dir='ltr'>ἑαυτοῖς</span> <span class='ocrx_word' id='word_1_22' title='bbox 753 507 945 579; x_wconf 84' lang='grc' dir='ltr'>ὥσπερ</span> <span class='ocrx_word' id='word_1_23' title='bbox 962 509 1171 562; x_wconf 75' lang='grc' dir='ltr'>σανίσιν</span> <span class='ocrx_word' id='word_1_24' title='bbox 1200 507 1643 578; x_wconf 81' lang='grc' dir='ltr'>ὲντυπωσάμενοι</span> <span class='ocrx_word' id='word_1_25' title='bbox 1671 523 1794 560; x_wconf 86' lang='grc' dir='ltr'>κατ-</span> 
     </span>
    </p>
   </div>
   <div class='ocr_carea' id='block_1_5' title="bbox 211 597 1787 673">
    <p class='ocr_par' dir='ltr' id='par_1_5' title="bbox 211 597 1787 673">
     <span class='ocr_line' id='line_1_5' title="bbox 211 597 1787 673; baseline 0 -20"><span class='ocrx_word' id='word_1_26' title='bbox 211 597 449 670; x_wconf 64' lang='grc' dir='ltr'>ἔχωμεν,</span> <span class='ocrx_word' id='word_1_27' title='bbox 484 599 551 670; x_wconf 73' lang='grc' dir='ltr'>ἢν</span> <span class='ocrx_word' id='word_1_28' title='bbox 585 600 748 664; x_wconf 76' lang='grc' dir='ltr'>αὐτὸς</span> <span class='ocrx_word' id='word_1_29' title='bbox 805 601 1117 673; x_wconf 83' lang='grc' dir='ltr'>ὲφανέρωσε</span> <span class='ocrx_word' id='word_1_30' title='bbox 1154 599 1549 672; x_wconf 80' lang='grc' dir='ltr'>μαθητεύοντες</span> <span class='ocrx_word' id='word_1_31' title='bbox 1580 598 1787 670; x_wconf 76' lang='grc' dir='ltr'>τρίϐον.</span> 
     </span>
    </p>
   </div>
   <div class='ocr_carea' id='block_1_6' title="bbox 212 689 1789 763">
    <p class='ocr_par' dir='ltr' id='par_1_6' title="bbox 212 689 1789 763">
     <span class='ocr_line' id='line_1_6' title="bbox 212 689 1789 763; baseline -0.001 -18"><span class='ocrx_word' id='word_1_32' title='bbox 212 690 398 763; x_wconf 80' lang='grc' dir='ltr'><strong>Ταύτῃ</strong></span> <span class='ocrx_word' id='word_1_33' title='bbox 446 691 557 762; x_wconf 73' lang='grc' dir='ltr'><strong>γὰρ</strong></span> <span class='ocrx_word' id='word_1_34' title='bbox 607 691 897 763; x_wconf 79' lang='grc' dir='ltr'>ῄρετίσατο</span> <span class='ocrx_word' id='word_1_35' title='bbox 937 690 1038 762; x_wconf 73' lang='grc' dir='ltr'><strong>τὴν</strong></span> <span class='ocrx_word' id='word_1_36' title='bbox 1084 691 1432 763; x_wconf 82' lang='grc' dir='ltr'><strong>ἀνθρωπίνην</strong></span> <span class='ocrx_word' id='word_1_37' title='bbox 1467 689 1789 744; x_wconf 74' lang='grc' dir='ltr'>ἐνδύσασθαι</span> 
     </span>
    </p>
   </div>
   <div class='ocr_carea' id='block_1_7' title="bbox 214 782 1788 860">
    <p class='ocr_par' dir='ltr' id='par_1_7' title="bbox 214 782 1788 860">
     <span class='ocr_line' id='line_1_7' title="bbox 214 782 1788 860; baseline -0.001 -22"><span class='ocrx_word' id='word_1_38' title='bbox 214 783 393 860; x_wconf 80' lang='grc' dir='ltr'>σάρκα</span> <span class='ocrx_word' id='word_1_39' title='bbox 424 783 558 846; x_wconf 84' lang='grc' dir='ltr'><strong>Θεὸς</strong></span> <span class='ocrx_word' id='word_1_40' title='bbox 591 782 688 845; x_wconf 84' lang='grc' dir='ltr'><strong>ὣν,</strong></span> <span class='ocrx_word' id='word_1_41' title='bbox 716 784 885 848; x_wconf 85' lang='grc' dir='ltr'>ὅπως,</span> <span class='ocrx_word' id='word_1_42' title='bbox 932 783 1119 855; x_wconf 86' lang='grc' dir='ltr'>ὥσπερ</span> <span class='ocrx_word' id='word_1_43' title='bbox 1144 784 1203 839; x_wconf 83' lang='grc' dir='ltr'>ἐν</span> <span class='ocrx_word' id='word_1_44' title='bbox 1238 785 1425 838; x_wconf 89' lang='grc' dir='ltr'>πίνακι</span> <span class='ocrx_word' id='word_1_45' title='bbox 1458 782 1600 836; x_wconf 86' lang='grc' dir='ltr'>θεῖον</span> <span class='ocrx_word' id='word_1_46' title='bbox 1631 782 1788 836; x_wconf 81' lang='grc' dir='ltr'>ὲκτύ-</span> 
     </span>
    </p>
   </div>
   <div class='ocr_carea' id='block_1_8' title="bbox 210 873 1795 947">
    <p class='ocr_par' dir='ltr' id='par_1_8' title="bbox 210 873 1795 947">
     <span class='ocr_line' id='line_1_8' title="bbox 210 873 1795 947; baseline 0 -20"><span class='ocrx_word' id='word_1_47' title='bbox 210 891 384 946; x_wconf 80' lang='grc' dir='ltr'>πωμα</span> <span class='ocrx_word' id='word_1_48' title='bbox 416 874 535 944; x_wconf 80' lang='grc' dir='ltr'>βίου</span> <span class='ocrx_word' id='word_1_49' title='bbox 558 875 865 945; x_wconf 84' lang='grc' dir='ltr'>βλέποντες,</span> <span class='ocrx_word' id='word_1_50' title='bbox 888 876 1101 947; x_wconf 77' lang='grc' dir='ltr'>ἔχωμεν</span> <span class='ocrx_word' id='word_1_51' title='bbox 1125 876 1220 929; x_wconf 80' lang='grc' dir='ltr'>καὶ</span> <span class='ocrx_word' id='word_1_52' title='bbox 1250 876 1411 947; x_wconf 79' lang='grc' dir='ltr'>ἡμεῖς</span> <span class='ocrx_word' id='word_1_53' title='bbox 1435 874 1526 927; x_wconf 85' lang='grc' dir='ltr'><strong>τὸν</strong></span> <span class='ocrx_word' id='word_1_54' title='bbox 1555 873 1795 946; x_wconf 73' lang='grc' dir='ltr'>γράψαν-</span> 
     </span>
    </p>
   </div>
   <div class='ocr_carea' id='block_1_9' title="bbox 212 962 1789 1040">
    <p class='ocr_par' dir='ltr' id='par_1_9' title="bbox 212 962 1789 1040">
     <span class='ocr_line' id='line_1_9' title="bbox 212 962 1789 1040; baseline -0.001 -23"><span class='ocrx_word' id='word_1_55' title='bbox 212 981 277 1017; x_wconf 84' lang='grc' dir='ltr'><strong>τα</strong></span> <span class='ocrx_word' id='word_1_56' title='bbox 312 966 614 1035; x_wconf 81' lang='grc' dir='ltr'>μιμεῖσθαι.</span> <span class='ocrx_word' id='word_1_57' title='bbox 649 969 722 1020; x_wconf 72' lang='lat' dir='ltr'><strong>Ob</strong></span> <span class='ocrx_word' id='word_1_58' title='bbox 749 967 877 1040; x_wconf 82' lang='grc' dir='ltr'>γὰρ,</span> <span class='ocrx_word' id='word_1_59' title='bbox 908 968 1070 1038; x_wconf 77' lang='grc' dir='ltr'>ἕτερα</span> <span class='ocrx_word' id='word_1_60' title='bbox 1118 964 1351 1037; x_wconf 83' lang='grc' dir='ltr'>φρονῶν,</span> <span class='ocrx_word' id='word_1_61' title='bbox 1386 963 1552 1036; x_wconf 71' lang='grc' dir='ltr'>ἔτερα</span> <span class='ocrx_word' id='word_1_62' title='bbox 1577 962 1749 1015; x_wconf 77' lang='grc' dir='ltr'>ἐποίει</span> <span class='ocrx_word' id='word_1_63' title='bbox 1775 979 1789 993; x_wconf 80' lang='grc'><em>’</em></span> 
     </span>
    </p>
   </div>
   <div class='ocr_carea' id='block_1_10' title="bbox 210 1053 1793 1130">
    <p class='ocr_par' dir='ltr' id='par_1_10' title="bbox 210 1053 1793 1130">
     <span class='ocr_line' id='line_1_10' title="bbox 210 1053 1793 1130; baseline 0 -23"><span class='ocrx_word' id='word_1_64' title='bbox 210 1056 332 1109; x_wconf 73' lang='grc' dir='ltr'>οὐδὲ</span> <span class='ocrx_word' id='word_1_65' title='bbox 387 1056 513 1129; x_wconf 79' lang='grc' dir='ltr'>μὴν,</span> <span class='ocrx_word' id='word_1_66' title='bbox 549 1058 713 1130; x_wconf 75' lang='grc' dir='ltr'>ἕτερα</span> <span class='ocrx_word' id='word_1_67' title='bbox 765 1058 1000 1128; x_wconf 78' lang='grc' dir='ltr'><strong>νομίζων</strong></span> <span class='ocrx_word' id='word_1_68' title='bbox 1033 1053 1173 1111; x_wconf 80' lang='grc' dir='ltr'>εἶναι</span> <span class='ocrx_word' id='word_1_69' title='bbox 1216 1056 1284 1110; x_wconf 82' lang='grc' dir='ltr'>τὰ</span> <span class='ocrx_word' id='word_1_70' title='bbox 1321 1054 1484 1120; x_wconf 78' lang='grc' dir='ltr'>καλὰ,</span> <span class='ocrx_word' id='word_1_71' title='bbox 1515 1053 1793 1108; x_wconf 80' lang='grc' dir='ltr'>ἐδίδασκεν</span> 
     </span>
    </p>
   </div>
   <div class='ocr_carea' id='block_1_11' title="bbox 209 1146 1791 1224">
    <p class='ocr_par' dir='ltr' id='par_1_11' title="bbox 209 1146 1791 1224">
     <span class='ocr_line' id='line_1_11' title="bbox 209 1146 1791 1224; baseline 0.002 -25"><span class='ocrx_word' id='word_1_72' title='bbox 209 1148 401 1220; x_wconf 66' lang='grc' dir='ltr'>ιτερα-</span> <span class='ocrx_word' id='word_1_73' title='bbox 453 1150 571 1203; x_wconf 80' lang='grc' dir='ltr'>ἀλλ’</span> <span class='ocrx_word' id='word_1_74' title='bbox 616 1153 761 1224; x_wconf 81' lang='grc' dir='ltr'>ἆπερ</span> <span class='ocrx_word' id='word_1_75' title='bbox 805 1148 872 1224; x_wconf 79' lang='grc' dir='ltr'><strong>ἦν</strong></span> <span class='ocrx_word' id='word_1_76' title='bbox 926 1149 1141 1221; x_wconf 82' lang='grc' dir='ltr'>ἀληθῶς</span> <span class='ocrx_word' id='word_1_77' title='bbox 1198 1150 1447 1221; x_wconf 75' lang='grc' dir='ltr'>ὠφέλιμα</span> <span class='ocrx_word' id='word_1_78' title='bbox 1489 1148 1583 1202; x_wconf 77' lang='grc' dir='ltr'>καὶ</span> <span class='ocrx_word' id='word_1_79' title='bbox 1628 1146 1791 1214; x_wconf 81' lang='grc' dir='ltr'>καλὰ,</span> 
     </span>
    </p>
   </div>
   <div class='ocr_carea' id='block_1_12' title="bbox 207 1241 1129 1299">
    <p class='ocr_par' dir='ltr' id='par_1_12' title="bbox 207 1241 1129 1299">
     <span class='ocr_line' id='line_1_12' title="bbox 207 1241 1129 1299; baseline 0.004 -6"><span class='ocrx_word' id='word_1_80' title='bbox 207 1241 381 1294; x_wconf 74' lang='grc' dir='ltr'>ταῦτα</span> <span class='ocrx_word' id='word_1_81' title='bbox 405 1243 502 1297; x_wconf 69' lang='grc' dir='ltr'>καὶ</span> <span class='ocrx_word' id='word_1_82' title='bbox 533 1244 780 1298; x_wconf 78' lang='grc' dir='ltr'>ἐδίδασκε</span> <span class='ocrx_word' id='word_1_83' title='bbox 810 1245 903 1299; x_wconf 72' lang='grc' dir='ltr'>καὶ</span> <span class='ocrx_word' id='word_1_84' title='bbox 936 1244 1129 1298; x_wconf 82' lang='grc' dir='ltr'>ἐποίει.</span> 
     </span>
    </p>
   </div>
   <div class='ocr_carea' id='block_1_13' title="bbox 1898 508 3475 581">
    <p class='ocr_par' dir='ltr' id='par_1_13' title="bbox 1898 508 3475 581">
     <span class='ocr_line' id='line_1_13' title="bbox 1898 508 3475 581; baseline 0.002 -18"><span class='ocrx_word' id='word_1_85' title='bbox 1898 518 2021 581; x_wconf 98' lang='lat' dir='ltr'><strong>pter</strong></span> <span class='ocrx_word' id='word_1_86' title='bbox 2047 523 2186 579; x_wconf 88' lang='lat' dir='ltr'><strong>quos</strong></span> <span class='ocrx_word' id='word_1_87' title='bbox 2212 509 2475 579; x_wconf 80' lang='lat' dir='ltr'><strong>gestavit,</strong></span> <span class='ocrx_word' id='word_1_88' title='bbox 2502 508 2746 563; x_wconf 83' lang='lat' dir='ltr'><strong>divinam</strong></span> <span class='ocrx_word' id='word_1_89' title='bbox 2792 525 2986 565; x_wconf 86' lang='lat' dir='ltr'><strong>rursus</strong></span> <span class='ocrx_word' id='word_1_90' title='bbox 3017 525 3214 580; x_wconf 83' lang='lat' dir='ltr'><strong>capere</strong></span> <span class='ocrx_word' id='word_1_91' title='bbox 3264 511 3475 566; x_wconf 86' lang='lat' dir='ltr'><strong>valere-</strong></span> 
     </span>
    </p>
   </div>
   <div class='ocr_carea' id='block_1_14' title="bbox 1897 600 3477 675">
    <p class='ocr_par' dir='ltr' id='par_1_14' title="bbox 1897 600 3477 675">
     <span class='ocr_line' id='line_1_14' title="bbox 1897 600 3477 675; baseline 0.002 -19"><span class='ocrx_word' id='word_1_92' title='bbox 1897 616 2040 657; x_wconf 88' lang='lat' dir='ltr'><strong>mus.</strong></span> <span class='ocrx_word' id='word_1_93' title='bbox 2076 600 2157 656; x_wconf 80' lang='lat' dir='ltr'><strong>Ad</strong></span> <span class='ocrx_word' id='word_1_94' title='bbox 2203 600 2299 656; x_wconf 85' lang='lat' dir='ltr'><strong>Dei</strong></span> <span class='ocrx_word' id='word_1_95' title='bbox 2332 600 2478 656; x_wconf 90' lang='lat' dir='ltr'><strong>enim</strong></span> <span class='ocrx_word' id='word_1_96' title='bbox 2535 602 2950 658; x_wconf 79' lang='lat' dir='ltr'><strong>similitudinem</strong></span> <span class='ocrx_word' id='word_1_97' title='bbox 2995 610 3250 658; x_wconf 84' lang='lat' dir='ltr'><strong>accurate</strong></span> <span class='ocrx_word' id='word_1_98' title='bbox 3295 602 3477 675; x_wconf 80' lang='lat' dir='ltr'><strong>ellingi</strong></span> 
     </span>
    </p>
   </div>
   <div class='ocr_carea' id='block_1_15' title="bbox 1896 692 3475 763">
    <p class='ocr_par' dir='ltr' id='par_1_15' title="bbox 1896 692 3475 763">
     <span class='ocr_line' id='line_1_15' title="bbox 1896 692 3475 763; baseline 0.003 -16"><span class='ocrx_word' id='word_1_99' title='bbox 1896 692 1952 748; x_wconf 91' lang='lat' dir='ltr'><strong>id</strong></span> <span class='ocrx_word' id='word_1_100' title='bbox 1990 692 2207 749; x_wconf 91' lang='lat' dir='ltr'><strong>demum</strong></span> <span class='ocrx_word' id='word_1_101' title='bbox 2238 701 2356 758; x_wconf 90' lang='lat' dir='ltr'><strong>est,</strong></span> <span class='ocrx_word' id='word_1_102' title='bbox 2385 692 2505 763; x_wconf 87' lang='lat' dir='ltr'><strong>ejus</strong></span> <span class='ocrx_word' id='word_1_103' title='bbox 2548 694 2897 751; x_wconf 86' lang='lat' dir='ltr'><strong>characteres</strong></span> <span class='ocrx_word' id='word_1_104' title='bbox 2936 701 2992 750; x_wconf 88' lang='lat' dir='ltr'><strong>et</strong></span> <span class='ocrx_word' id='word_1_105' title='bbox 3040 694 3369 749; x_wconf 86' lang='lat' dir='ltr'><strong>lineamenta</strong></span> <span class='ocrx_word' id='word_1_106' title='bbox 3415 695 3475 752; x_wconf 85' lang='lat' dir='ltr'><strong>in</strong></span> 
     </span>
    </p>
   </div>
   <div class='ocr_carea' id='block_1_16' title="bbox 1894 784 3470 842">
    <p class='ocr_par' dir='ltr' id='par_1_16' title="bbox 1894 784 3470 842">
     <span class='ocr_line' id='line_1_16' title="bbox 1894 784 3470 842; baseline 0.001 -1"><span class='ocrx_word' id='word_1_107' title='bbox 1894 785 2021 842; x_wconf 64' lang='lat' dir='ltr'><strong>vita:</strong></span> <span class='ocrx_word' id='word_1_108' title='bbox 2065 784 2315 839; x_wconf 73' lang='lat' dir='ltr'><strong>humana:</strong></span> <span class='ocrx_word' id='word_1_109' title='bbox 2347 786 2800 841; x_wconf 82' lang='lat' dir='ltr'><strong>consuetudinem</strong></span> <span class='ocrx_word' id='word_1_110' title='bbox 2834 786 3098 841; x_wconf 89' lang='lat' dir='ltr'><strong>imitando</strong></span> <span class='ocrx_word' id='word_1_111' title='bbox 3127 784 3470 842; x_wconf 84' lang='lat' dir='ltr'><strong>transferre:</strong></span> 
     </span>
    </p>
   </div>
   <div class='ocr_carea' id='block_1_17' title="bbox 1896 876 3472 947">
    <p class='ocr_par' dir='ltr' id='par_1_17' title="bbox 1896 876 3472 947">
     <span class='ocr_line' id='line_1_17' title="bbox 1896 876 3472 947; baseline 0.001 -17"><span class='ocrx_word' id='word_1_112' title='bbox 1896 876 2016 947; x_wconf 89' lang='lat' dir='ltr'><strong>pari</strong></span> <span class='ocrx_word' id='word_1_113' title='bbox 2054 882 2172 931; x_wconf 88' lang='lat' dir='ltr'><strong>arte</strong></span> <span class='ocrx_word' id='word_1_114' title='bbox 2198 890 2306 945; x_wconf 92' lang='lat' dir='ltr'><strong>qua</strong></span> <span class='ocrx_word' id='word_1_115' title='bbox 2346 876 2509 947; x_wconf 88' lang='lat' dir='ltr'><strong>periti</strong></span> <span class='ocrx_word' id='word_1_116' title='bbox 2556 878 2820 947; x_wconf 83' lang='lat' dir='ltr'><strong>pictores,</strong></span> <span class='ocrx_word' id='word_1_117' title='bbox 2852 877 3052 947; x_wconf 85' lang='lat' dir='ltr'><strong>objecti</strong></span> <span class='ocrx_word' id='word_1_118' title='bbox 3083 876 3260 932; x_wconf 88' lang='lat' dir='ltr'><strong>oculis</strong></span> <span class='ocrx_word' id='word_1_119' title='bbox 3283 893 3472 933; x_wconf 81' lang='lat' dir='ltr'><strong>exem-</strong></span> 
     </span>
    </p>
   </div>
   <div class='ocr_carea' id='block_1_18' title="bbox 1896 968 3473 1040">
    <p class='ocr_par' dir='ltr' id='par_1_18' title="bbox 1896 968 3473 1040">
     <span class='ocr_line' id='line_1_18' title="bbox 1896 968 3473 1040; baseline 0.001 -18"><span class='ocrx_word' id='word_1_120' title='bbox 1896 969 2068 1040; x_wconf 87' lang='lat' dir='ltr'><strong>plaris</strong></span> <span class='ocrx_word' id='word_1_121' title='bbox 2110 968 2313 1025; x_wconf 90' lang='lat' dir='ltr'><strong>ductus</strong></span> <span class='ocrx_word' id='word_1_122' title='bbox 2357 977 2411 1023; x_wconf 92' lang='lat' dir='ltr'><strong>et</strong></span> <span class='ocrx_word' id='word_1_123' title='bbox 2463 970 2676 1026; x_wconf 88' lang='lat' dir='ltr'><strong>colores</strong></span> <span class='ocrx_word' id='word_1_124' title='bbox 2710 969 2765 1024; x_wconf 91' lang='lat' dir='ltr'><strong>in</strong></span> <span class='ocrx_word' id='word_1_125' title='bbox 2796 971 3005 1039; x_wconf 89' lang='lat' dir='ltr'><strong>paratis</strong></span> <span class='ocrx_word' id='word_1_126' title='bbox 3048 971 3251 1026; x_wconf 87' lang='lat' dir='ltr'><strong>tabulis</strong></span> <span class='ocrx_word' id='word_1_127' title='bbox 3282 970 3350 1024; x_wconf 92' lang='lat' dir='ltr'><strong>ad</strong></span> <span class='ocrx_word' id='word_1_128' title='bbox 3388 971 3473 1024; x_wconf 87' lang='lat' dir='ltr'><strong>vi-</strong></span> 
     </span>
    </p>
   </div>
   <div class='ocr_carea' id='block_1_19' title="bbox 1896 1059 3472 1133">
    <p class='ocr_par' dir='ltr' id='par_1_19' title="bbox 1896 1059 3472 1133">
     <span class='ocr_line' id='line_1_19' title="bbox 1896 1059 3472 1133; baseline 0 -17"><span class='ocrx_word' id='word_1_129' title='bbox 1896 1075 2022 1116; x_wconf 86' lang='lat' dir='ltr'><strong>vum</strong></span> <span class='ocrx_word' id='word_1_130' title='bbox 2046 1059 2391 1130; x_wconf 80' lang='lat' dir='ltr'><strong>exprimunt;</strong></span> <span class='ocrx_word' id='word_1_131' title='bbox 2428 1061 2573 1130; x_wconf 90' lang='lat' dir='ltr'><strong>quod</strong></span> <span class='ocrx_word' id='word_1_132' title='bbox 2611 1077 2991 1133; x_wconf 88' lang='lat' dir='ltr'><strong>assequemur,</strong></span> <span class='ocrx_word' id='word_1_133' title='bbox 3018 1060 3147 1115; x_wconf 91' lang='lat' dir='ltr'><strong>dum</strong></span> <span class='ocrx_word' id='word_1_134' title='bbox 3193 1074 3472 1116; x_wconf 81' lang='lat' dir='ltr'><strong>ostensam</strong></span> 
     </span>
    </p>
   </div>
   <div class='ocr_carea' id='block_1_20' title="bbox 1898 1153 3471 1225">
    <p class='ocr_par' dir='ltr' id='par_1_20' title="bbox 1898 1153 3471 1225">
     <span class='ocr_line' id='line_1_20' title="bbox 1898 1153 3471 1225; baseline 0.001 -18"><span class='ocrx_word' id='word_1_135' title='bbox 1898 1154 1967 1208; x_wconf 91' lang='lat' dir='ltr'><strong>ab</strong></span> <span class='ocrx_word' id='word_1_136' title='bbox 1994 1170 2061 1210; x_wconf 91' lang='lat' dir='ltr'><strong>eo</strong></span> <span class='ocrx_word' id='word_1_137' title='bbox 2092 1154 2238 1208; x_wconf 90' lang='lat' dir='ltr'><strong>viam</strong></span> <span class='ocrx_word' id='word_1_138' title='bbox 2270 1168 2333 1208; x_wconf 88' lang='lat' dir='ltr'><strong>ac</strong></span> <span class='ocrx_word' id='word_1_139' title='bbox 2380 1153 2730 1224; x_wconf 89' lang='lat' dir='ltr'><strong>disciplinam</strong></span> <span class='ocrx_word' id='word_1_140' title='bbox 2766 1153 3152 1209; x_wconf 83' lang='lat' dir='ltr'><strong>condiscamus</strong></span> <span class='ocrx_word' id='word_1_141' title='bbox 3190 1163 3353 1225; x_wconf 91' lang='lat' dir='ltr'><strong>atque</strong></span> <span class='ocrx_word' id='word_1_142' title='bbox 3382 1169 3471 1209; x_wconf 87' lang='lat' dir='ltr'><strong>se-</strong></span> 
     </span>
    </p>
   </div>
   <div class='ocr_carea' id='block_1_21' title="bbox 1896 1241 3473 1314">
    <p class='ocr_par' dir='ltr' id='par_1_21' title="bbox 1896 1241 3473 1314">
     <span class='ocr_line' id='line_1_21' title="bbox 1896 1241 3473 1314; baseline -0.001 -17"><span class='ocrx_word' id='word_1_143' title='bbox 1896 1259 2151 1314; x_wconf 89' lang='lat' dir='ltr'><strong>quamur.</strong></span> <span class='ocrx_word' id='word_1_144' title='bbox 2186 1241 2265 1298; x_wconf 88' lang='lat' dir='ltr'><strong>Eo</strong></span> <span class='ocrx_word' id='word_1_145' title='bbox 2286 1245 2487 1314; x_wconf 80' lang='lat' dir='ltr'><strong>quippe</strong></span> <span class='ocrx_word' id='word_1_146' title='bbox 2519 1242 2752 1298; x_wconf 86' lang='lat' dir='ltr'><strong>consilio</strong></span> <span class='ocrx_word' id='word_1_147' title='bbox 2780 1243 2988 1314; x_wconf 91' lang='lat' dir='ltr'><strong>placuit</strong></span> <span class='ocrx_word' id='word_1_148' title='bbox 3019 1243 3313 1298; x_wconf 86' lang='lat' dir='ltr'><strong>humanam</strong></span> <span class='ocrx_word' id='word_1_149' title='bbox 3347 1258 3473 1299; x_wconf 83' lang='lat' dir='ltr'><strong>car-</strong></span> 
     </span>
    </p>
   </div>
   <div class='ocr_carea' id='block_1_22' title="bbox 208 1335 3472 1411">
    <p class='ocr_par' dir='ltr' id='par_1_22' title="bbox 208 1335 3472 1411">
     <span class='ocr_line' id='line_1_22' title="bbox 208 1335 3472 1411; baseline 0.001 -22"><span class='ocrx_word' id='word_1_150' title='bbox 208 1350 356 1398; x_wconf 89' lang='lat' dir='ltr'><strong>nem,</strong></span> <span class='ocrx_word' id='word_1_151' title='bbox 398 1335 544 1392; x_wconf 88' lang='lat' dir='ltr'><strong>Deus</strong></span> <span class='ocrx_word' id='word_1_152' title='bbox 583 1354 707 1393; x_wconf 86' lang='lat' dir='ltr'><strong>cum</strong></span> <span class='ocrx_word' id='word_1_153' title='bbox 746 1348 926 1404; x_wconf 88' lang='lat' dir='ltr'><strong>esset,</strong></span> <span class='ocrx_word' id='word_1_154' title='bbox 963 1339 1210 1403; x_wconf 86' lang='lat' dir='ltr'><strong>induere,</strong></span> <span class='ocrx_word' id='word_1_155' title='bbox 1242 1344 1302 1392; x_wconf 89' lang='lat' dir='ltr'><strong>ut</strong></span> <span class='ocrx_word' id='word_1_156' title='bbox 1335 1338 1483 1394; x_wconf 88' lang='lat' dir='ltr'><strong>velut</strong></span> <span class='ocrx_word' id='word_1_157' title='bbox 1527 1340 1583 1393; x_wconf 92' lang='lat' dir='ltr'><strong>in</strong></span> <span class='ocrx_word' id='word_1_158' title='bbox 1622 1337 1809 1393; x_wconf 88' lang='lat' dir='ltr'><strong>tabula</strong></span> <span class='ocrx_word' id='word_1_159' title='bbox 1861 1338 2106 1395; x_wconf 89' lang='lat' dir='ltr'><strong>divinum</strong></span> <span class='ocrx_word' id='word_1_160' title='bbox 2132 1341 2257 1395; x_wconf 72' lang='lat' dir='ltr'><strong>vitae</strong></span> <span class='ocrx_word' id='word_1_161' title='bbox 2298 1340 2576 1411; x_wconf 80' lang='lat' dir='ltr'><strong>exemplar</strong></span> <span class='ocrx_word' id='word_1_162' title='bbox 2613 1339 2955 1410; x_wconf 88' lang='lat' dir='ltr'><strong>propositum</strong></span> <span class='ocrx_word' id='word_1_163' title='bbox 3008 1347 3319 1403; x_wconf 85' lang='lat' dir='ltr'><strong>cernentes,</strong></span> <span class='ocrx_word' id='word_1_164' title='bbox 3366 1352 3472 1393; x_wconf 84' lang='lat' dir='ltr'><strong>nos</strong></span> 
     </span>
    </p>
   </div>
   <div class='ocr_carea' id='block_1_23' title="bbox 206 1433 3475 1506">
    <p class='ocr_par' dir='ltr' id='par_1_23' title="bbox 206 1433 3475 1506">
     <span class='ocr_line' id='line_1_23' title="bbox 206 1433 3475 1506; baseline 0.002 -24"><span class='ocrx_word' id='word_1_165' title='bbox 206 1446 429 1501; x_wconf 89' lang='lat' dir='ltr'><strong>quoque</strong></span> <span class='ocrx_word' id='word_1_166' title='bbox 490 1443 769 1489; x_wconf 83' lang='lat' dir='ltr'><strong>auctorem</strong></span> <span class='ocrx_word' id='word_1_167' title='bbox 835 1435 1036 1490; x_wconf 90' lang='lat' dir='ltr'><strong>imitari</strong></span> <span class='ocrx_word' id='word_1_168' title='bbox 1089 1450 1398 1506; x_wconf 89' lang='lat' dir='ltr'><strong>possemus.</strong></span> <span class='ocrx_word' id='word_1_169' title='bbox 1441 1433 1562 1488; x_wconf 86' lang='lat' dir='ltr'><strong>Non</strong></span> <span class='ocrx_word' id='word_1_170' title='bbox 1623 1434 1771 1490; x_wconf 91' lang='lat' dir='ltr'><strong>enim</strong></span> <span class='ocrx_word' id='word_1_171' title='bbox 1798 1434 1905 1489; x_wconf 90' lang='lat' dir='ltr'><strong>alia</strong></span> <span class='ocrx_word' id='word_1_172' title='bbox 1945 1434 2211 1500; x_wconf 86' lang='lat' dir='ltr'><strong>sentiens,</strong></span> <span class='ocrx_word' id='word_1_173' title='bbox 2244 1434 2349 1489; x_wconf 87' lang='lat' dir='ltr'><strong>alia</strong></span> <span class='ocrx_word' id='word_1_174' title='bbox 2404 1433 2674 1500; x_wconf 78' lang='lat' dir='ltr'><strong>faciebat;</strong></span> <span class='ocrx_word' id='word_1_175' title='bbox 2707 1441 2763 1489; x_wconf 87' lang='lat' dir='ltr'><strong>at</strong></span> <span class='ocrx_word' id='word_1_176' title='bbox 2806 1447 2984 1504; x_wconf 90' lang='lat' dir='ltr'><strong>neque</strong></span> <span class='ocrx_word' id='word_1_177' title='bbox 3039 1433 3145 1488; x_wconf 89' lang='lat' dir='ltr'><strong>alia</strong></span> <span class='ocrx_word' id='word_1_178' title='bbox 3178 1434 3319 1489; x_wconf 85' lang='lat' dir='ltr'><strong>bona</strong></span> <span class='ocrx_word' id='word_1_179' title='bbox 3346 1446 3475 1490; x_wconf 83' lang='lat' dir='ltr'><strong>esse</strong></span> 
     </span>
    </p>
   </div>
   <div class='ocr_carea' id='block_1_24' title="bbox 205 1523 3247 1597">
    <p class='ocr_par' dir='ltr' id='par_1_24' title="bbox 205 1523 3247 1597">
     <span class='ocr_line' id='line_1_24' title="bbox 205 1523 3247 1597; baseline 0.002 -23"><span class='ocrx_word' id='word_1_180' title='bbox 205 1523 549 1590; x_wconf 77' lang='lat' dir='ltr'><strong>existimans,</strong></span> <span class='ocrx_word' id='word_1_181' title='bbox 577 1524 682 1579; x_wconf 89' lang='lat' dir='ltr'><strong>alia</strong></span> <span class='ocrx_word' id='word_1_182' title='bbox 712 1523 944 1580; x_wconf 89' lang='lat' dir='ltr'><strong>docebat</strong></span> <span class='ocrx_word' id='word_1_183' title='bbox 980 1544 995 1581; x_wconf 90' lang='lat'><strong>:</strong></span> <span class='ocrx_word' id='word_1_184' title='bbox 1038 1524 1133 1581; x_wconf 87' lang='lat' dir='ltr'><strong>sed</strong></span> <span class='ocrx_word' id='word_1_185' title='bbox 1164 1539 1286 1597; x_wconf 71' lang='lat' dir='ltr'><strong>quae</strong></span> <span class='ocrx_word' id='word_1_186' title='bbox 1317 1540 1447 1581; x_wconf 85' lang='lat' dir='ltr'><strong>vere</strong></span> <span class='ocrx_word' id='word_1_187' title='bbox 1475 1524 1632 1579; x_wconf 89' lang='lat' dir='ltr'><strong>utilia</strong></span> <span class='ocrx_word' id='word_1_188' title='bbox 1676 1525 2020 1596; x_wconf 86' lang='lat' dir='ltr'><strong>honestaque</strong></span> <span class='ocrx_word' id='word_1_189' title='bbox 2049 1530 2228 1590; x_wconf 89' lang='lat' dir='ltr'><strong>erant,</strong></span> <span class='ocrx_word' id='word_1_190' title='bbox 2252 1524 2369 1579; x_wconf 65' lang='lat' dir='ltr'><strong>haec</strong></span> <span class='ocrx_word' id='word_1_191' title='bbox 2398 1535 2452 1580; x_wconf 91' lang='lat' dir='ltr'><strong>et</strong></span> <span class='ocrx_word' id='word_1_192' title='bbox 2484 1523 2716 1581; x_wconf 87' lang='lat' dir='ltr'><strong>docebat</strong></span> <span class='ocrx_word' id='word_1_193' title='bbox 2735 1532 2899 1596; x_wconf 88' lang='lat' dir='ltr'><strong>atque</strong></span> <span class='ocrx_word' id='word_1_194' title='bbox 2934 1526 3247 1596; x_wconf 67' lang='lat' dir='ltr'><strong>praestabat.</strong></span> 
     </span>
    </p>
   </div>
   <div class='ocr_carea' id='block_1_25' title="bbox 232 1655 3475 1732">
    <p class='ocr_par' dir='ltr' id='par_1_25' title="bbox 232 1655 3475 1732">
     <span class='ocr_line' id='line_1_25' title="bbox 232 1655 3475 1732; baseline -0.003 -11"><span class='ocrx_word' id='word_1_195' title='bbox 232 1665 367 1725; x_wconf 67' lang='lat' dir='ltr'><strong>CAP.</strong></span> <span class='ocrx_word' id='word_1_196' title='bbox 392 1666 459 1722; x_wconf 75' lang='grc' dir='ltr'>ν.</span> <span class='ocrx_word' id='word_1_197' title='bbox 486 1665 727 1723; x_wconf 72' lang='lat' dir='ltr'><strong>Christus</strong></span> <span class='ocrx_word' id='word_1_198' title='bbox 758 1667 1118 1732; x_wconf 76' lang='lat' dir='ltr'><strong>incorruptam</strong></span> <span class='ocrx_word' id='word_1_199' title='bbox 1151 1677 1363 1715; x_wconf 79' lang='lat' dir='ltr'><strong>carnem</strong></span> <span class='ocrx_word' id='word_1_200' title='bbox 1390 1660 1442 1712; x_wconf 91' lang='lat' dir='ltr'><strong>in</strong></span> <span class='ocrx_word' id='word_1_201' title='bbox 1478 1659 1783 1727; x_wconf 74' lang='lat' dir='ltr'><strong>virginitate</strong></span> <span class='ocrx_word' id='word_1_202' title='bbox 1817 1672 2062 1732; x_wconf 73' lang='lat' dir='ltr'><strong>servans,</strong></span> <span class='ocrx_word' id='word_1_203' title='bbox 2099 1656 2169 1732; x_wconf 75' lang='lat' dir='ltr'><strong>ad</strong></span> <span class='ocrx_word' id='word_1_204' title='bbox 2212 1656 2570 1726; x_wconf 74' lang='lat' dir='ltr'><strong>virginitatem</strong></span> <span class='ocrx_word' id='word_1_205' title='bbox 2597 1655 2940 1712; x_wconf 75' lang='lat' dir='ltr'><strong>excolendam</strong></span> <span class='ocrx_word' id='word_1_206' title='bbox 2965 1657 3157 1713; x_wconf 77' lang='lat' dir='ltr'><strong>allicit.</strong></span> <span class='ocrx_word' id='word_1_207' title='bbox 3198 1656 3475 1732; x_wconf 69' lang='lat' dir='ltr'><strong>Virginem</strong></span> 
     </span>
    </p>
   </div>
   <div class='ocr_carea' id='block_1_26' title="bbox 1032 1727 2674 1804">
    <p class='ocr_par' dir='ltr' id='par_1_26' title="bbox 1032 1727 2674 1804">
     <span class='ocr_line' id='line_1_26' title="bbox 1032 1727 2674 1804; baseline -0.004 -16"><span class='ocrx_word' id='word_1_208' title='bbox 1032 1735 1248 1804; x_wconf 76' lang='lat' dir='ltr'><strong>exiguus</strong></span> <span class='ocrx_word' id='word_1_209' title='bbox 1278 1747 1548 1795; x_wconf 85' lang='lat' dir='ltr'><strong>numerus,</strong></span> <span class='ocrx_word' id='word_1_210' title='bbox 1577 1744 1688 1797; x_wconf 75' lang='lat' dir='ltr'><strong>pra:</strong></span> <span class='ocrx_word' id='word_1_211' title='bbox 1716 1728 2057 1781; x_wconf 85' lang='lat' dir='ltr'><strong>multitudine</strong></span> <span class='ocrx_word' id='word_1_212' title='bbox 2091 1727 2320 1779; x_wconf 85' lang='lat' dir='ltr'><strong>aliorum</strong></span> <span class='ocrx_word' id='word_1_213' title='bbox 2346 1738 2674 1782; x_wconf 87' lang='lat' dir='ltr'><strong>sanctorum.</strong></span> 
     </span>
    </p>
   </div>
   <div class='ocr_carea' id='block_1_27' title="bbox 289 1865 1799 1945">
    <p class='ocr_par' dir='ltr' id='par_1_27' title="bbox 289 1865 1798 1945">
     <span class='ocr_line' id='line_1_27' title="bbox 289 1865 1798 1945; baseline 0 -21"><span class='ocrx_word' id='word_1_214' title='bbox 289 1870 357 1924; x_wconf 89' lang='grc' dir='ltr'>Τί</span> <span class='ocrx_word' id='word_1_215' title='bbox 381 1865 477 1925; x_wconf 84' lang='grc' dir='ltr'><strong>οὗν</strong></span> <span class='ocrx_word' id='word_1_216' title='bbox 500 1873 528 1924; x_wconf 84' lang='grc' dir='ltr'>ὁ</span> <span class='ocrx_word' id='word_1_217' title='bbox 550 1872 777 1944; x_wconf 83' lang='grc' dir='ltr'>Κύριος,</span> <span class='ocrx_word' id='word_1_218' title='bbox 801 1876 835 1945; x_wconf 80' lang='grc' dir='ltr'>ἠ</span> <span class='ocrx_word' id='word_1_219' title='bbox 877 1871 1104 1945; x_wconf 81' lang='grc' dir='ltr'>ἀλήθεια</span> <span class='ocrx_word' id='word_1_220' title='bbox 1143 1871 1237 1926; x_wconf 72' lang='grc' dir='ltr'><strong>καὶ</strong></span> <span class='ocrx_word' id='word_1_221' title='bbox 1266 1872 1382 1942; x_wconf 83' lang='grc' dir='ltr'><strong>φῶς</strong></span> <span class='ocrx_word' id='word_1_222' title='bbox 1412 1870 1798 1943; x_wconf 77' lang='grc' dir='ltr'>ἐπραγματεύ-</span> 
     </span>
    </p>
   </div>
   <div class='ocr_carea' id='block_1_28' title="bbox 1901 1865 3483 1945">
    <p class='ocr_par' dir='ltr' id='par_1_28' title="bbox 1972 1868 3483 1941">
     <span class='ocr_line' id='line_1_28' title="bbox 1972 1868 3483 1941; baseline 0 -16"><span class='ocrx_word' id='word_1_223' title='bbox 1972 1870 2113 1938; x_wconf 88' lang='lat' dir='ltr'><strong>Quid</strong></span> <span class='ocrx_word' id='word_1_224' title='bbox 2148 1870 2315 1941; x_wconf 88' lang='lat' dir='ltr'><strong>igitur</strong></span> <span class='ocrx_word' id='word_1_225' title='bbox 2335 1868 2621 1933; x_wconf 89' lang='lat' dir='ltr'><strong>Dominus,</strong></span> <span class='ocrx_word' id='word_1_226' title='bbox 2651 1868 2769 1939; x_wconf 89' lang='lat' dir='ltr'><strong>ipse</strong></span> <span class='ocrx_word' id='word_1_227' title='bbox 2792 1868 2994 1924; x_wconf 88' lang='lat' dir='ltr'><strong>veritas</strong></span> <span class='ocrx_word' id='word_1_228' title='bbox 3023 1877 3078 1923; x_wconf 88' lang='lat' dir='ltr'><strong>et</strong></span> <span class='ocrx_word' id='word_1_229' title='bbox 3113 1868 3319 1934; x_wconf 91' lang='lat' dir='ltr'><strong>lumen,</strong></span> <span class='ocrx_word' id='word_1_230' title='bbox 3362 1883 3483 1924; x_wconf 88' lang='lat' dir='ltr'><strong>mo-</strong></span> 
     </span>
    </p>
   </div>
   <div class='ocr_carea' id='block_1_29' title="bbox 221 1962 1800 2036">
    <p class='ocr_par' dir='ltr' id='par_1_29' title="bbox 221 1962 1800 2036">
     <span class='ocr_line' id='line_1_29' title="bbox 221 1962 1800 2036; baseline 0 -20"><span class='ocrx_word' id='word_1_231' title='bbox 221 1979 354 2017; x_wconf 74' lang='grc' dir='ltr'>σατο</span> <span class='ocrx_word' id='word_1_232' title='bbox 384 1962 657 2017; x_wconf 78' lang='grc' dir='ltr'>κατελθών</span> <span class='ocrx_word' id='word_1_233' title='bbox 678 1981 694 2029; x_wconf 89' lang='lat'><strong>;</strong></span> <span class='ocrx_word' id='word_1_234' title='bbox 717 1965 989 2035; x_wconf 82' lang='grc' dir='ltr'>Ἀφθορον</span> <span class='ocrx_word' id='word_1_235' title='bbox 1022 1963 1285 2034; x_wconf 77' lang='grc' dir='ltr'>ἐφύλαξεν</span> <span class='ocrx_word' id='word_1_236' title='bbox 1318 1965 1375 2017; x_wconf 82' lang='grc' dir='ltr'><strong>ὲν</strong></span> <span class='ocrx_word' id='word_1_237' title='bbox 1403 1963 1674 2036; x_wconf 82' lang='grc' dir='ltr'>παρθενίᾳ</span> <span class='ocrx_word' id='word_1_238' title='bbox 1699 1963 1800 2035; x_wconf 84' lang='grc' dir='ltr'>τὴν</span> 
     </span>
    </p>
   </div>
   <div class='ocr_carea' id='block_1_30' title="bbox 221 2054 1801 2128">
    <p class='ocr_par' dir='ltr' id='par_1_30' title="bbox 221 2054 1801 2128">
     <span class='ocr_line' id='line_1_30' title="bbox 221 2054 1801 2128; baseline -0.001 -19"><span class='ocrx_word' id='word_1_239' title='bbox 221 2056 401 2126; x_wconf 81' lang='grc' dir='ltr'><strong>σάρκα</strong></span> <span class='ocrx_word' id='word_1_240' title='bbox 434 2058 718 2128; x_wconf 82' lang='grc' dir='ltr'><strong>κοσμήσας</strong></span> <span class='ocrx_word' id='word_1_241' title='bbox 747 2054 882 2128; x_wconf 72' lang='grc'>(26)·</span> <span class='ocrx_word' id='word_1_242' title='bbox 912 2058 1007 2110; x_wconf 74' lang='grc' dir='ltr'><strong>καὶ</strong></span> <span class='ocrx_word' id='word_1_243' title='bbox 1058 2059 1218 2128; x_wconf 82' lang='grc' dir='ltr'>ἡμεῖς</span> <span class='ocrx_word' id='word_1_244' title='bbox 1264 2057 1395 2128; x_wconf 79' lang='grc' dir='ltr'>ἄρα,</span> <span class='ocrx_word' id='word_1_245' title='bbox 1432 2057 1481 2109; x_wconf 88' lang='grc' dir='ltr'><strong>εί</strong></span> <span class='ocrx_word' id='word_1_246' title='bbox 1514 2055 1801 2127; x_wconf 79' lang='grc' dir='ltr'>μέλλοιμεν</span> 
     </span>
    </p>
   </div>
   <div class='ocr_carea' id='block_1_31' title="bbox 220 2148 1801 2221">
    <p class='ocr_par' dir='ltr' id='par_1_31' title="bbox 220 2148 1801 2221">
     <span class='ocr_line' id='line_1_31' title="bbox 220 2148 1801 2221; baseline -0.001 -18"><span class='ocrx_word' id='word_1_247' title='bbox 220 2149 343 2203; x_wconf 75' lang='grc' dir='ltr'>καθ’</span> <span class='ocrx_word' id='word_1_248' title='bbox 372 2149 633 2220; x_wconf 85' lang='grc' dir='ltr'>ὁμοίωσιν</span> <span class='ocrx_word' id='word_1_249' title='bbox 676 2149 897 2203; x_wconf 80' lang='grc' dir='ltr'>ἔσεσθαι</span> <span class='ocrx_word' id='word_1_250' title='bbox 925 2148 1061 2204; x_wconf 83' lang='grc' dir='ltr'>Θεοῦ</span> <span class='ocrx_word' id='word_1_251' title='bbox 1095 2151 1189 2204; x_wconf 76' lang='grc' dir='ltr'><strong>καὶ</strong></span> <span class='ocrx_word' id='word_1_252' title='bbox 1212 2149 1472 2221; x_wconf 81' lang='grc' dir='ltr'>Χριστοῦ,</span> <span class='ocrx_word' id='word_1_253' title='bbox 1506 2148 1801 2221; x_wconf 82' lang='grc' dir='ltr'>φιλοτιμώ-</span> 
     </span>
    </p>
   </div>
   <div class='ocr_carea' id='block_1_32' title="bbox 220 2238 1804 2312">
    <p class='ocr_par' dir='ltr' id='par_1_32' title="bbox 220 2238 1804 2312">
     <span class='ocr_line' id='line_1_32' title="bbox 220 2238 1804 2312; baseline 0 -19"><span class='ocrx_word' id='word_1_254' title='bbox 220 2239 363 2310; x_wconf 79' lang='grc' dir='ltr'>μεθα</span> <span class='ocrx_word' id='word_1_255' title='bbox 398 2241 500 2312; x_wconf 85' lang='grc' dir='ltr'>τὴν</span> <span class='ocrx_word' id='word_1_256' title='bbox 526 2240 823 2312; x_wconf 84' lang='grc' dir='ltr'>παρθενίαν</span> <span class='ocrx_word' id='word_1_257' title='bbox 850 2242 1037 2311; x_wconf 78' lang='grc' dir='ltr'>τιμᾷν.</span> <span class='ocrx_word' id='word_1_258' title='bbox 1056 2239 1345 2311; x_wconf 82' lang='grc' dir='ltr'>Ὀμοίωσις</span> <span class='ocrx_word' id='word_1_259' title='bbox 1372 2239 1481 2311; x_wconf 85' lang='grc' dir='ltr'><strong>γὰρ</strong></span> <span class='ocrx_word' id='word_1_260' title='bbox 1516 2239 1650 2294; x_wconf 89' lang='grc' dir='ltr'>Θεοῦ</span> <span class='ocrx_word' id='word_1_261' title='bbox 1682 2238 1804 2309; x_wconf 78' lang='grc' dir='ltr'>φθο-</span> 
     </span>
    </p>
   </div>
   <div class='ocr_carea' id='block_1_33' title="bbox 223 2329 1803 2402">
    <p class='ocr_par' dir='ltr' id='par_1_33' title="bbox 223 2329 1803 2402">
     <span class='ocr_line' id='line_1_33' title="bbox 223 2329 1803 2402; baseline 0 -20"><span class='ocrx_word' id='word_1_262' title='bbox 223 2333 321 2402; x_wconf 77' lang='grc' dir='ltr'>ρᾶς</span> <span class='ocrx_word' id='word_1_263' title='bbox 353 2331 762 2402; x_wconf 74' lang='grc' dir='ltr'>ἀποφυγή.”οτι</span> <span class='ocrx_word' id='word_1_264' title='bbox 805 2330 864 2385; x_wconf 80' lang='grc' dir='ltr'>δὲ</span> <span class='ocrx_word' id='word_1_265' title='bbox 906 2332 1003 2385; x_wconf 76' lang='grc' dir='ltr'><strong>καὶ</strong></span> <span class='ocrx_word' id='word_1_266' title='bbox 1046 2330 1466 2402; x_wconf 84' lang='grc' dir='ltr'>ἀρχιπαρθένος,</span> <span class='ocrx_word' id='word_1_267' title='bbox 1503 2330 1562 2383; x_wconf 85' lang='grc' dir='ltr'><strong>ὃν</strong></span> <span class='ocrx_word' id='word_1_268' title='bbox 1603 2329 1803 2401; x_wconf 81' lang='grc' dir='ltr'>τρόπον</span> 
     </span>
    </p>
   </div>
   <div class='ocr_carea' id='block_1_34' title="bbox 220 2422 1803 2494">
    <p class='ocr_par' dir='ltr' id='par_1_34' title="bbox 220 2422 1803 2494">
     <span class='ocr_line' id='line_1_34' title="bbox 220 2422 1803 2494; baseline 0.001 -18"><span class='ocrx_word' id='word_1_269' title='bbox 220 2423 315 2476; x_wconf 77' lang='grc' dir='ltr'><strong>καὶ</strong></span> <span class='ocrx_word' id='word_1_270' title='bbox 361 2423 695 2494; x_wconf 79' lang='grc' dir='ltr'>ἀρχιποιμὴν</span> <span class='ocrx_word' id='word_1_271' title='bbox 739 2424 833 2477; x_wconf 74' lang='grc' dir='ltr'>καὶ</span> <span class='ocrx_word' id='word_1_272' title='bbox 882 2424 1299 2494; x_wconf 77' lang='grc' dir='ltr'>ἀρχιπροφήτης</span> <span class='ocrx_word' id='word_1_273' title='bbox 1325 2422 1548 2491; x_wconf 81' lang='grc' dir='ltr'>γέγονεν</span> <span class='ocrx_word' id='word_1_274' title='bbox 1577 2424 1605 2475; x_wconf 85' lang='grc' dir='ltr'>ὁ</span> <span class='ocrx_word' id='word_1_275' title='bbox 1632 2422 1803 2490; x_wconf 84' lang='grc' dir='ltr'>Λόγος</span> 
     </span>
    </p>
   </div>
   <div class='ocr_carea' id='block_1_35' title="bbox 218 2514 1802 2587">
    <p class='ocr_par' dir='ltr' id='par_1_35' title="bbox 218 2514 1802 2587">
     <span class='ocr_line' id='line_1_35' title="bbox 218 2514 1802 2587; baseline 0 -20"><span class='ocrx_word' id='word_1_276' title='bbox 218 2514 654 2586; x_wconf 72' lang='grc' dir='ltr'>ὲνανθρωπήσας</span> <span class='ocrx_word' id='word_1_277' title='bbox 685 2516 784 2585; x_wconf 81' lang='grc' dir='ltr'>τῆς</span> <span class='ocrx_word' id='word_1_278' title='bbox 832 2514 1181 2587; x_wconf 81' lang='grc' dir='ltr'>Ἑκκλησίας,</span> <span class='ocrx_word' id='word_1_279' title='bbox 1213 2515 1306 2569; x_wconf 82' lang='grc' dir='ltr'><strong>καὶ</strong></span> <span class='ocrx_word' id='word_1_280' title='bbox 1330 2516 1359 2568; x_wconf 86' lang='grc' dir='ltr'>ὁ</span> <span class='ocrx_word' id='word_1_281' title='bbox 1390 2514 1802 2586; x_wconf 86' lang='grc' dir='ltr'>Χριστόληπτος</span> 
     </span>
    </p>
   </div>
   <div class='ocr_carea' id='block_1_36' title="bbox 218 2606 1804 2679">
    <p class='ocr_par' dir='ltr' id='par_1_36' title="bbox 218 2606 1804 2679">
     <span class='ocr_line' id='line_1_36' title="bbox 218 2606 1804 2679; baseline 0.002 -22"><span class='ocrx_word' id='word_1_282' title='bbox 218 2606 352 2676; x_wconf 76' lang='grc' dir='ltr'>ἡμῖν</span> <span class='ocrx_word' id='word_1_283' title='bbox 377 2607 722 2679; x_wconf 73' lang='grc' dir='ltr'>παρέστησεν</span> <span class='ocrx_word' id='word_1_284' title='bbox 749 2609 807 2661; x_wconf 83' lang='grc' dir='ltr'>ὲν</span> <span class='ocrx_word' id='word_1_285' title='bbox 830 2607 1020 2677; x_wconf 80' lang='grc' dir='ltr'>βιϐλίῳ</span> <span class='ocrx_word' id='word_1_286' title='bbox 1049 2608 1151 2677; x_wconf 76' lang='grc' dir='ltr'>τῆς</span> <span class='ocrx_word' id='word_1_287' title='bbox 1179 2607 1598 2677; x_wconf 80' lang='grc' dir='ltr'>Ἀποκαλύψεως</span> <span class='ocrx_word' id='word_1_288' title='bbox 1631 2606 1804 2661; x_wconf 82' lang='grc' dir='ltr'><strong>Ἰωάν-</strong></span> 
     </span>
    </p>
   </div>
   <div class='ocr_carea' id='block_1_37' title="bbox 217 2696 1803 2768">
    <p class='ocr_par' dir='ltr' id='par_1_37' title="bbox 217 2696 1803 2768">
     <span class='ocr_line' id='line_1_37' title="bbox 217 2696 1803 2768; baseline -0.002 -16"><span class='ocrx_word' id='word_1_289' title='bbox 217 2715 339 2768; x_wconf 77' lang='grc' dir='ltr'>νης,</span> <span class='ocrx_word' id='word_1_290' title='bbox 373 2697 551 2766; x_wconf 81' lang='grc' dir='ltr'>λέγων</span> <span class='ocrx_word' id='word_1_291' title='bbox 573 2716 586 2729; x_wconf 75' lang='grc' dir='ltr'><strong>ο</strong></span> <span class='ocrx_word' id='word_1_292' title='bbox 621 2699 731 2754; x_wconf 84' lang='lat' dir='ltr'><strong>Kal</strong></span> <span class='ocrx_word' id='word_1_293' title='bbox 767 2696 956 2753; x_wconf 77' lang='grc' dir='ltr'>εἶδον·</span> <span class='ocrx_word' id='word_1_294' title='bbox 993 2698 1094 2752; x_wconf 78' lang='grc' dir='ltr'>καί</span> <span class='ocrx_word' id='word_1_295' title='bbox 1116 2698 1244 2752; x_wconf 83' lang='grc' dir='ltr'>ιδοὺ</span> <span class='ocrx_word' id='word_1_296' title='bbox 1269 2698 1336 2751; x_wconf 89' lang='grc' dir='ltr'>τὸ</span> <span class='ocrx_word' id='word_1_297' title='bbox 1369 2699 1594 2767; x_wconf 81' lang='grc' dir='ltr'>Ἁρνίον</span> <span class='ocrx_word' id='word_1_298' title='bbox 1612 2696 1803 2764; x_wconf 79' lang='grc' dir='ltr'>ἑστὼς</span> 
     </span>
    </p>
   </div>
   <div class='ocr_carea' id='block_1_38' title="bbox 216 2789 1804 2860">
    <p class='ocr_par' dir='ltr' id='par_1_38' title="bbox 216 2789 1804 2860">
     <span class='ocr_line' id='line_1_38' title="bbox 216 2789 1804 2860; baseline 0 -16"><span class='ocrx_word' id='word_1_299' title='bbox 216 2789 318 2844; x_wconf 75' lang='grc' dir='ltr'><strong>ἐπὶ</strong></span> <span class='ocrx_word' id='word_1_300' title='bbox 341 2789 407 2843; x_wconf 81' lang='grc' dir='ltr'>τὸ</span> <span class='ocrx_word' id='word_1_301' title='bbox 429 2790 569 2857; x_wconf 84' lang='grc' dir='ltr'>ὄρος</span> <span class='ocrx_word' id='word_1_302' title='bbox 595 2789 769 2856; x_wconf 87' lang='grc' dir='ltr'>Σιὼν,</span> <span class='ocrx_word' id='word_1_303' title='bbox 794 2791 892 2844; x_wconf 76' lang='grc' dir='ltr'>καί</span> <span class='ocrx_word' id='word_1_304' title='bbox 921 2789 1248 2860; x_wconf 64' lang='grc' dir='ltr'>ιιετάὺτοῦ</span> <span class='ocrx_word' id='word_1_305' title='bbox 1269 2789 1490 2844; x_wconf 82' lang='grc' dir='ltr'>ἑκατὸν</span> <span class='ocrx_word' id='word_1_306' title='bbox 1508 2789 1804 2857; x_wconf 80' lang='grc' dir='ltr'>τεσσαρά-</span> 
     </span>
    </p>
   </div>
   <div class='ocr_carea' id='block_1_39' title="bbox 217 2881 1801 2953">
    <p class='ocr_par' dir='ltr' id='par_1_39' title="bbox 217 2881 1801 2953">
     <span class='ocr_line' id='line_1_39' title="bbox 217 2881 1801 2953; baseline 0.001 -18"><span class='ocrx_word' id='word_1_307' title='bbox 217 2899 404 2935; x_wconf 78' lang='grc' dir='ltr'>κοντα</span> <span class='ocrx_word' id='word_1_308' title='bbox 434 2881 732 2951; x_wconf 81' lang='grc' dir='ltr'>τέσσαρες</span> <span class='ocrx_word' id='word_1_309' title='bbox 756 2882 1024 2953; x_wconf 78' lang='grc' dir='ltr'>χιλιάδες</span> <span class='ocrx_word' id='word_1_310' title='bbox 1040 2883 1295 2952; x_wconf 81' lang='grc' dir='ltr'>ἔχουσαι</span> <span class='ocrx_word' id='word_1_311' title='bbox 1318 2885 1383 2937; x_wconf 83' lang='grc' dir='ltr'>τὸ</span> <span class='ocrx_word' id='word_1_312' title='bbox 1407 2883 1594 2952; x_wconf 69' lang='grc' dir='ltr'>ἄνομα</span> <span class='ocrx_word' id='word_1_313' title='bbox 1614 2882 1801 2937; x_wconf 82' lang='grc' dir='ltr'>αὑτοῦ</span> 
     </span>
    </p>
   </div>
   <div class='ocr_carea' id='block_1_40' title="bbox 218 2973 1800 3046">
    <p class='ocr_par' dir='ltr' id='par_1_40' title="bbox 218 2973 1800 3046">
     <span class='ocr_line' id='line_1_40' title="bbox 218 2973 1800 3046; baseline -0.001 -18"><span class='ocrx_word' id='word_1_314' title='bbox 218 2975 317 3028; x_wconf 76' lang='lat' dir='ltr'><strong>real</strong></span> <span class='ocrx_word' id='word_1_315' title='bbox 343 2974 410 3028; x_wconf 87' lang='grc' dir='ltr'>τὸ</span> <span class='ocrx_word' id='word_1_316' title='bbox 442 2975 631 3045; x_wconf 82' lang='grc' dir='ltr'>ὄνομα</span> <span class='ocrx_word' id='word_1_317' title='bbox 653 2974 760 3029; x_wconf 87' lang='grc' dir='ltr'><strong>τοῦ</strong></span> <span class='ocrx_word' id='word_1_318' title='bbox 783 2976 1016 3044; x_wconf 74' lang='grc' dir='ltr'>Πατρός</span> <span class='ocrx_word' id='word_1_319' title='bbox 1052 2975 1239 3031; x_wconf 86' lang='grc' dir='ltr'>αὐτοῦ</span> <span class='ocrx_word' id='word_1_320' title='bbox 1269 2973 1676 3046; x_wconf 77' lang='grc' dir='ltr'>γεγραμμένον</span> <span class='ocrx_word' id='word_1_321' title='bbox 1702 2974 1800 3027; x_wconf 78' lang='grc' dir='ltr'><strong>ἐπὶ</strong></span> 
     </span>
    </p>
   </div>
   <div class='ocr_carea' id='block_1_41' title="bbox 216 3058 1802 3134">
    <p class='ocr_par' dir='ltr' id='par_1_41' title="bbox 216 3058 1802 3134">
     <span class='ocr_line' id='line_1_41' title="bbox 216 3058 1802 3134; baseline -0.004 -15"><span class='ocrx_word' id='word_1_322' title='bbox 216 3064 340 3119; x_wconf 84' lang='grc' dir='ltr'><strong>τῶν</strong></span> <span class='ocrx_word' id='word_1_323' title='bbox 368 3063 653 3134; x_wconf 55' lang='grc' dir='ltr'>μετὰ-των</span> <span class='ocrx_word' id='word_1_324' title='bbox 679 3063 897 3120; x_wconf 86' lang='grc' dir='ltr'>αὐτῶν.</span> <span class='ocrx_word' id='word_1_325' title='bbox 936 3064 1042 3118; x_wconf 86' lang='lat' dir='ltr'><strong>Kal</strong></span> <span class='ocrx_word' id='word_1_326' title='bbox 1069 3063 1310 3132; x_wconf 77' lang='grc' dir='ltr'>ἤκουσα</span> <span class='ocrx_word' id='word_1_327' title='bbox 1338 3060 1548 3132; x_wconf 72' lang='grc' dir='ltr'>φωνὴν</span> <span class='ocrx_word' id='word_1_328' title='bbox 1584 3062 1654 3115; x_wconf 82' lang='grc' dir='ltr'><strong><em>ἐκ</em></strong></span> <span class='ocrx_word' id='word_1_329' title='bbox 1695 3058 1802 3113; x_wconf 88' lang='grc' dir='ltr'><strong>τοῦ</strong></span> 
     </span>
    </p>
   </div>
   <div class='ocr_carea' id='block_1_42' title="bbox 218 3152 1801 3226">
    <p class='ocr_par' dir='ltr' id='par_1_42' title="bbox 218 3152 1801 3226">
     <span class='ocr_line' id='line_1_42' title="bbox 218 3152 1801 3226; baseline -0.005 -16"><span class='ocrx_word' id='word_1_330' title='bbox 218 3156 504 3225; x_wconf 64' lang='grc' dir='ltr'>οἰερσνοῦ,</span> <span class='ocrx_word' id='word_1_331' title='bbox 534 3157 615 3223; x_wconf 84' lang='grc' dir='ltr'>ὠς</span> <span class='ocrx_word' id='word_1_332' title='bbox 647 3155 859 3226; x_wconf 71' lang='grc' dir='ltr'>φωνὴν</span> <span class='ocrx_word' id='word_1_333' title='bbox 882 3154 1118 3211; x_wconf 79' lang='grc' dir='ltr'><strong>ὑδάτων</strong></span> <span class='ocrx_word' id='word_1_334' title='bbox 1143 3154 1410 3216; x_wconf 77' lang='grc' dir='ltr'>πολλῶν,</span> <span class='ocrx_word' id='word_1_335' title='bbox 1443 3152 1544 3206; x_wconf 77' lang='grc' dir='ltr'>καί</span> <span class='ocrx_word' id='word_1_336' title='bbox 1567 3152 1648 3217; x_wconf 86' lang='grc' dir='ltr'>ὡς</span> <span class='ocrx_word' id='word_1_337' title='bbox 1681 3169 1801 3220; x_wconf 73' lang='grc' dir='ltr'><strong>φω-</strong></span> 
     </span>
    </p>
   </div>
   <div class='ocr_carea' id='block_1_43' title="bbox 1903 1959 3479 2033">
    <p class='ocr_par' dir='ltr' id='par_1_43' title="bbox 1903 1959 3479 2033">
     <span class='ocr_line' id='line_1_43' title="bbox 1903 1959 3479 2033; baseline -0.001 -15"><span class='ocrx_word' id='word_1_338' title='bbox 1903 1964 2035 2018; x_wconf 90' lang='lat' dir='ltr'><strong>litus</strong></span> <span class='ocrx_word' id='word_1_339' title='bbox 2067 1969 2172 2026; x_wconf 89' lang='lat' dir='ltr'><strong>est,</strong></span> <span class='ocrx_word' id='word_1_340' title='bbox 2198 1962 2252 2016; x_wconf 92' lang='lat' dir='ltr'><strong>in</strong></span> <span class='ocrx_word' id='word_1_341' title='bbox 2275 1961 2538 2017; x_wconf 87' lang='lat' dir='ltr'><strong>mundum</strong></span> <span class='ocrx_word' id='word_1_342' title='bbox 2566 1959 3052 2033; x_wconf 79' lang='lat' dir='ltr'><strong>veniens?Nempe</strong></span> <span class='ocrx_word' id='word_1_343' title='bbox 3084 1960 3248 2015; x_wconf 91' lang='lat' dir='ltr'><strong>homo</strong></span> <span class='ocrx_word' id='word_1_344' title='bbox 3280 1960 3479 2026; x_wconf 82' lang='lat' dir='ltr'><strong>factus,</strong></span> 
     </span>
    </p>
   </div>
   <div class='ocr_carea' id='block_1_44' title="bbox 1903 2052 3482 2125">
    <p class='ocr_par' dir='ltr' id='par_1_44' title="bbox 1903 2052 3482 2125">
     <span class='ocr_line' id='line_1_44' title="bbox 1903 2052 3482 2125; baseline -0.001 -15"><span class='ocrx_word' id='word_1_345' title='bbox 1903 2056 2281 2125; x_wconf 86' lang='lat' dir='ltr'><strong>incorruptam</strong></span> <span class='ocrx_word' id='word_1_346' title='bbox 2308 2069 2527 2110; x_wconf 89' lang='lat' dir='ltr'><strong>carnem</strong></span> <span class='ocrx_word' id='word_1_347' title='bbox 2559 2052 2616 2107; x_wconf 91' lang='lat' dir='ltr'><strong>in</strong></span> <span class='ocrx_word' id='word_1_348' title='bbox 2643 2054 2956 2124; x_wconf 78' lang='lat' dir='ltr'><strong>virginitate</strong></span> <span class='ocrx_word' id='word_1_349' title='bbox 2983 2058 3242 2109; x_wconf 87' lang='lat' dir='ltr'><strong>servavit.</strong></span> <span class='ocrx_word' id='word_1_350' title='bbox 3283 2052 3347 2107; x_wconf 79' lang='lat' dir='ltr'><strong>Et</strong></span> <span class='ocrx_word' id='word_1_351' title='bbox 3376 2068 3482 2109; x_wconf 85' lang='lat' dir='ltr'><strong>nos</strong></span> 
     </span>
    </p>
   </div>
   <div class='ocr_carea' id='block_1_45' title="bbox 1904 2140 3484 2212">
    <p class='ocr_par' dir='ltr' id='par_1_45' title="bbox 1904 2140 3484 2212">
     <span class='ocr_line' id='line_1_45' title="bbox 1904 2140 3484 2212; baseline 0.002 -17"><span class='ocrx_word' id='word_1_352' title='bbox 1904 2141 2112 2212; x_wconf 88' lang='lat' dir='ltr'><strong>itaque,</strong></span> <span class='ocrx_word' id='word_1_353' title='bbox 2145 2141 2193 2196; x_wconf 91' lang='lat' dir='ltr'><strong>si</strong></span> <span class='ocrx_word' id='word_1_354' title='bbox 2230 2140 2298 2195; x_wconf 89' lang='lat' dir='ltr'><strong>ad</strong></span> <span class='ocrx_word' id='word_1_355' title='bbox 2337 2141 2547 2197; x_wconf 91' lang='lat' dir='ltr'><strong>Christi</strong></span> <span class='ocrx_word' id='word_1_356' title='bbox 2586 2140 2683 2197; x_wconf 88' lang='lat' dir='ltr'><strong>Dei</strong></span> <span class='ocrx_word' id='word_1_357' title='bbox 2714 2142 2889 2197; x_wconf 87' lang='lat' dir='ltr'><strong>nostri</strong></span> <span class='ocrx_word' id='word_1_358' title='bbox 2920 2141 3340 2198; x_wconf 89' lang='lat' dir='ltr'><strong>similitudinem</strong></span> <span class='ocrx_word' id='word_1_359' title='bbox 3363 2142 3484 2211; x_wconf 56' lang='lat' dir='ltr'><strong>eui;</strong></span> 
     </span>
    </p>
   </div>
   <div class='ocr_carea' id='block_1_46' title="bbox 1901 2232 3479 2304">
    <p class='ocr_par' dir='ltr' id='par_1_46' title="bbox 1901 2232 3479 2304">
     <span class='ocr_line' id='line_1_46' title="bbox 1901 2232 3479 2304; baseline 0.004 -17"><span class='ocrx_word' id='word_1_360' title='bbox 1901 2235 2095 2297; x_wconf 90' lang='lat' dir='ltr'><strong>timur,</strong></span> <span class='ocrx_word' id='word_1_361' title='bbox 2129 2234 2501 2304; x_wconf 78' lang='lat' dir='ltr'><strong>virginitatem</strong></span> <span class='ocrx_word' id='word_1_362' title='bbox 2556 2233 2739 2289; x_wconf 91' lang='lat' dir='ltr'><strong>colere</strong></span> <span class='ocrx_word' id='word_1_363' title='bbox 2797 2232 3086 2304; x_wconf 80' lang='lat' dir='ltr'><strong>magniﬁce</strong></span> <span class='ocrx_word' id='word_1_364' title='bbox 3134 2233 3479 2292; x_wconf 81' lang='lat' dir='ltr'><strong>studeamus.</strong></span> 
     </span>
    </p>
   </div>
   <div class='ocr_carea' id='block_1_47' title="bbox 1903 2322 3483 2394">
    <p class='ocr_par' dir='ltr' id='par_1_47' title="bbox 1903 2322 3483 2394">
     <span class='ocr_line' id='line_1_47' title="bbox 1903 2322 3483 2394; baseline 0.003 -17"><span class='ocrx_word' id='word_1_365' title='bbox 1903 2322 2002 2379; x_wconf 92' lang='lat' dir='ltr'><strong>Dei</strong></span> <span class='ocrx_word' id='word_1_366' title='bbox 2021 2324 2167 2379; x_wconf 90' lang='lat' dir='ltr'><strong>enim</strong></span> <span class='ocrx_word' id='word_1_367' title='bbox 2200 2323 2581 2387; x_wconf 88' lang='lat' dir='ltr'><strong>simulacrum,</strong></span> <span class='ocrx_word' id='word_1_368' title='bbox 2615 2323 2989 2392; x_wconf 87' lang='lat' dir='ltr'><strong>corruptionis</strong></span> <span class='ocrx_word' id='word_1_369' title='bbox 3022 2323 3171 2394; x_wconf 80' lang='lat' dir='ltr'><strong>fuga.</strong></span> <span class='ocrx_word' id='word_1_370' title='bbox 3205 2323 3360 2390; x_wconf 85' lang='lat' dir='ltr'><strong>Quod</strong></span> <span class='ocrx_word' id='word_1_371' title='bbox 3383 2341 3483 2382; x_wconf 86' lang='lat' dir='ltr'><strong>au-</strong></span> 
     </span>
    </p>
   </div>
   <div class='ocr_carea' id='block_1_48' title="bbox 1903 2415 3484 2486">
    <p class='ocr_par' dir='ltr' id='par_1_48' title="bbox 1903 2415 3484 2486">
     <span class='ocr_line' id='line_1_48' title="bbox 1903 2415 3484 2486; baseline 0.003 -18"><span class='ocrx_word' id='word_1_372' title='bbox 1903 2422 2014 2470; x_wconf 89' lang='lat' dir='ltr'><strong>tem</strong></span> <span class='ocrx_word' id='word_1_373' title='bbox 2067 2416 2234 2470; x_wconf 90' lang='lat' dir='ltr'><strong>etiam</strong></span> <span class='ocrx_word' id='word_1_374' title='bbox 2290 2415 2592 2485; x_wconf 88' lang='lat' dir='ltr'><strong>principem</strong></span> <span class='ocrx_word' id='word_1_375' title='bbox 2632 2415 2947 2486; x_wconf 88' lang='lat' dir='ltr'><strong>virginum,</strong></span> <span class='ocrx_word' id='word_1_376' title='bbox 2997 2415 3142 2470; x_wconf 86' lang='lat' dir='ltr'><strong>haud</strong></span> <span class='ocrx_word' id='word_1_377' title='bbox 3199 2431 3362 2472; x_wconf 89' lang='lat' dir='ltr'><strong>secus</strong></span> <span class='ocrx_word' id='word_1_378' title='bbox 3419 2432 3484 2474; x_wconf 90' lang='lat' dir='ltr'><strong>ac</strong></span> 
     </span>
    </p>
   </div>
   <div class='ocr_carea' id='block_1_49' title="bbox 1902 2506 3484 2579">
    <p class='ocr_par' dir='ltr' id='par_1_49' title="bbox 1902 2506 3484 2579">
     <span class='ocr_line' id='line_1_49' title="bbox 1902 2506 3484 2579; baseline 0.001 -18"><span class='ocrx_word' id='word_1_379' title='bbox 1902 2508 2204 2579; x_wconf 88' lang='lat' dir='ltr'><strong>principem</strong></span> <span class='ocrx_word' id='word_1_380' title='bbox 2230 2518 2510 2578; x_wconf 88' lang='lat' dir='ltr'><strong>pastorum</strong></span> <span class='ocrx_word' id='word_1_381' title='bbox 2539 2523 2605 2562; x_wconf 88' lang='lat' dir='ltr'><strong>ac</strong></span> <span class='ocrx_word' id='word_1_382' title='bbox 2627 2508 3016 2578; x_wconf 84' lang='lat' dir='ltr'><strong>prophetarum</strong></span> <span class='ocrx_word' id='word_1_383' title='bbox 3047 2508 3324 2573; x_wconf 67' lang='lat' dir='ltr'><strong>Ecclesiae,</strong></span> <span class='ocrx_word' id='word_1_384' title='bbox 3344 2506 3484 2564; x_wconf 83' lang='lat' dir='ltr'><strong>Ver-</strong></span> 
     </span>
    </p>
   </div>
   <div class='ocr_carea' id='block_1_50' title="bbox 1904 2598 3485 2670">
    <p class='ocr_par' dir='ltr' id='par_1_50' title="bbox 1904 2598 3485 2670">
     <span class='ocr_line' id='line_1_50' title="bbox 1904 2598 3485 2670; baseline 0 -15"><span class='ocrx_word' id='word_1_385' title='bbox 1904 2600 2034 2655; x_wconf 90' lang='lat' dir='ltr'><strong>bum</strong></span> <span class='ocrx_word' id='word_1_386' title='bbox 2082 2600 2247 2654; x_wconf 87' lang='lat' dir='ltr'><strong>homo</strong></span> <span class='ocrx_word' id='word_1_387' title='bbox 2278 2598 2478 2655; x_wconf 77' lang='lat' dir='ltr'><strong>factum</strong></span> <span class='ocrx_word' id='word_1_388' title='bbox 2529 2599 2852 2670; x_wconf 75' lang='lat' dir='ltr'><strong>praetulerit,</strong></span> <span class='ocrx_word' id='word_1_389' title='bbox 2901 2599 3018 2670; x_wconf 85' lang='lat' dir='ltr'><strong>ipse</strong></span> <span class='ocrx_word' id='word_1_390' title='bbox 3065 2601 3226 2656; x_wconf 88' lang='lat' dir='ltr'><strong>nobis</strong></span> <span class='ocrx_word' id='word_1_391' title='bbox 3276 2600 3485 2656; x_wconf 87' lang='lat' dir='ltr'><strong>Christi</strong></span> 
     </span>
    </p>
   </div>
   <div class='ocr_carea' id='block_1_51' title="bbox 1902 2686 3487 2761">
    <p class='ocr_par' dir='ltr' id='par_1_51' title="bbox 1902 2686 3487 2761">
     <span class='ocr_line' id='line_1_51' title="bbox 1902 2686 3487 2761; baseline -0.001 -16"><span class='ocrx_word' id='word_1_392' title='bbox 1902 2689 2128 2745; x_wconf 90' lang='lat' dir='ltr'><strong>numine</strong></span> <span class='ocrx_word' id='word_1_393' title='bbox 2153 2689 2367 2745; x_wconf 81' lang='lat' dir='ltr'><strong>amatus</strong></span> <span class='ocrx_word' id='word_1_394' title='bbox 2396 2686 2636 2746; x_wconf 83' lang='lat' dir='ltr'><strong>Joannes</strong></span> <span class='ocrx_word' id='word_1_395' title='bbox 2677 2690 2735 2744; x_wconf 88' lang='lat' dir='ltr'><strong>in</strong></span> <span class='ocrx_word' id='word_1_396' title='bbox 2780 2690 2921 2745; x_wconf 90' lang='lat' dir='ltr'><strong>libro</strong></span> <span class='ocrx_word' id='word_1_397' title='bbox 2942 2690 3265 2761; x_wconf 79' lang='lat' dir='ltr'><strong>Apocalysis</strong></span> <span class='ocrx_word' id='word_1_398' title='bbox 3294 2697 3487 2745; x_wconf 84' lang='lat' dir='ltr'><strong>osten-</strong></span> 
     </span>
    </p>
   </div>
   <div class='ocr_carea' id='block_1_52' title="bbox 1904 2779 3482 2852">
    <p class='ocr_par' dir='ltr' id='par_1_52' title="bbox 1904 2779 3482 2852">
     <span class='ocr_line' id='line_1_52' title="bbox 1904 2779 3482 2852; baseline -0.001 -15"><span class='ocrx_word' id='word_1_399' title='bbox 1904 2782 2003 2847; x_wconf 90' lang='lat' dir='ltr'><strong>dit,</strong></span> <span class='ocrx_word' id='word_1_400' title='bbox 2037 2783 2238 2852; x_wconf 90' lang='lat' dir='ltr'><strong>quibus</strong></span> <span class='ocrx_word' id='word_1_401' title='bbox 2263 2846 2267 2851; x_wconf 32' lang='grc'><strong>,</strong></span> <span class='ocrx_word' id='word_1_402' title='bbox 2289 2782 2366 2836; x_wconf 90' lang='lat' dir='ltr'><strong>ait</strong></span> <span class='ocrx_word' id='word_1_403' title='bbox 2399 2800 2412 2835; x_wconf 89' lang='lat'><strong>:</strong></span> <span class='ocrx_word' id='word_1_404' title='bbox 2454 2779 2521 2834; x_wconf 87' lang='lat' dir='ltr'><strong>Et</strong></span> <span class='ocrx_word' id='word_1_405' title='bbox 2566 2780 2710 2845; x_wconf 77' lang='lat' dir='ltr'><strong>uidi;</strong></span> <span class='ocrx_word' id='word_1_406' title='bbox 2742 2790 2791 2836; x_wconf 86' lang='lat' dir='ltr'><strong>et</strong></span> <span class='ocrx_word' id='word_1_407' title='bbox 2828 2798 2943 2836; x_wconf 87' lang='lat' dir='ltr'><strong>ecce</strong></span> <span class='ocrx_word' id='word_1_408' title='bbox 2971 2781 3150 2852; x_wconf 84' lang='lat' dir='ltr'><strong>Agnus</strong></span> <span class='ocrx_word' id='word_1_409' title='bbox 3189 2790 3339 2836; x_wconf 88' lang='lat' dir='ltr'><strong>stans</strong></span> <span class='ocrx_word' id='word_1_410' title='bbox 3385 2798 3482 2836; x_wconf 83' lang='lat' dir='ltr'><strong>su-</strong></span> 
     </span>
    </p>
   </div>
   <div class='ocr_carea' id='block_1_53' title="bbox 1903 2872 3484 2945">
    <p class='ocr_par' dir='ltr' id='par_1_53' title="bbox 1903 2872 3484 2945">
     <span class='ocr_line' id='line_1_53' title="bbox 1903 2872 3484 2945; baseline 0.001 -17"><span class='ocrx_word' id='word_1_411' title='bbox 1903 2890 2002 2944; x_wconf 82' lang='lat' dir='ltr'><strong>pra</strong></span> <span class='ocrx_word' id='word_1_412' title='bbox 2051 2886 2279 2928; x_wconf 81' lang='lat' dir='ltr'><strong>montem</strong></span> <span class='ocrx_word' id='word_1_413' title='bbox 2331 2872 2483 2938; x_wconf 88' lang='lat' dir='ltr'><strong>Sion,</strong></span> <span class='ocrx_word' id='word_1_414' title='bbox 2513 2883 2563 2928; x_wconf 88' lang='lat' dir='ltr'><strong>et</strong></span> <span class='ocrx_word' id='word_1_415' title='bbox 2604 2890 2724 2928; x_wconf 88' lang='lat' dir='ltr'><strong>cum</strong></span> <span class='ocrx_word' id='word_1_416' title='bbox 2760 2891 2821 2929; x_wconf 83' lang='lat' dir='ltr'><strong>eo</strong></span> <span class='ocrx_word' id='word_1_417' title='bbox 2871 2884 3079 2929; x_wconf 85' lang='lat' dir='ltr'><strong>centum</strong></span> <span class='ocrx_word' id='word_1_418' title='bbox 3126 2873 3484 2945; x_wconf 83' lang='lat' dir='ltr'><strong>quadraginta</strong></span> 
     </span>
    </p>
   </div>
   <div class='ocr_carea' id='block_1_54' title="bbox 1903 2962 3482 3035">
    <p class='ocr_par' dir='ltr' id='par_1_54' title="bbox 1903 2962 3482 3035">
     <span class='ocr_line' id='line_1_54' title="bbox 1903 2962 3482 3035; baseline 0.001 -17"><span class='ocrx_word' id='word_1_419' title='bbox 1903 2975 2133 3035; x_wconf 83' lang='lat' dir='ltr'><strong>quatuor</strong></span> <span class='ocrx_word' id='word_1_420' title='bbox 2156 2965 2349 3029; x_wconf 81' lang='lat' dir='ltr'><strong>millia,</strong></span> <span class='ocrx_word' id='word_1_421' title='bbox 2379 2964 2627 3019; x_wconf 75' lang='lat' dir='ltr'><strong>habentes</strong></span> <span class='ocrx_word' id='word_1_422' title='bbox 2649 2981 2835 3018; x_wconf 85' lang='lat' dir='ltr'><strong>nomen</strong></span> <span class='ocrx_word' id='word_1_423' title='bbox 2855 2964 2971 3033; x_wconf 85' lang='lat' dir='ltr'><strong>ejus</strong></span> <span class='ocrx_word' id='word_1_424' title='bbox 3001 2973 3051 3019; x_wconf 86' lang='lat' dir='ltr'><strong>et</strong></span> <span class='ocrx_word' id='word_1_425' title='bbox 3078 2980 3267 3019; x_wconf 84' lang='lat' dir='ltr'><strong>nomen</strong></span> <span class='ocrx_word' id='word_1_426' title='bbox 3296 2962 3482 3021; x_wconf 86' lang='lat' dir='ltr'><strong>Patris</strong></span> 
     </span>
    </p>
   </div>
   <div class='ocr_carea' id='block_1_55' title="bbox 1904 3056 3487 3128">
    <p class='ocr_par' dir='ltr' id='par_1_55' title="bbox 1904 3056 3487 3128">
     <span class='ocr_line' id='line_1_55' title="bbox 1904 3056 3487 3128; baseline 0.001 -17"><span class='ocrx_word' id='word_1_427' title='bbox 1904 3058 2040 3128; x_wconf 88' lang='lat' dir='ltr'><strong>ejus,</strong></span> <span class='ocrx_word' id='word_1_428' title='bbox 2065 3059 2316 3126; x_wconf 87' lang='lat' dir='ltr'><strong>scriptum</strong></span> <span class='ocrx_word' id='word_1_429' title='bbox 2364 3058 2419 3112; x_wconf 90' lang='lat' dir='ltr'><strong>in</strong></span> <span class='ocrx_word' id='word_1_430' title='bbox 2448 3057 2712 3127; x_wconf 80' lang='lat' dir='ltr'><strong>frontibus</strong></span> <span class='ocrx_word' id='word_1_431' title='bbox 2735 3058 2866 3112; x_wconf 88' lang='lat' dir='ltr'><strong>suis.</strong></span> <span class='ocrx_word' id='word_1_432' title='bbox 2918 3056 2985 3110; x_wconf 85' lang='lat' dir='ltr'><strong>Et</strong></span> <span class='ocrx_word' id='word_1_433' title='bbox 3020 3056 3199 3111; x_wconf 83' lang='lat' dir='ltr'><strong>audivi</strong></span> <span class='ocrx_word' id='word_1_434' title='bbox 3250 3073 3424 3113; x_wconf 82' lang='lat' dir='ltr'><strong>uocem</strong></span> <span class='ocrx_word' id='word_1_435' title='bbox 3455 3074 3487 3112; x_wconf 88' lang='lat' dir='ltr'><strong>e</strong></span> 
     </span>
    </p>
   </div>
   <div class='ocr_carea' id='block_1_56' title="bbox 1904 3146 3485 3219">
    <p class='ocr_par' dir='ltr' id='par_1_56' title="bbox 1904 3146 3485 3219">
     <span class='ocr_line' id='line_1_56' title="bbox 1904 3146 3485 3219; baseline -0.003 -15"><span class='ocrx_word' id='word_1_436' title='bbox 1904 3150 2053 3216; x_wconf 74' lang='lat' dir='ltr'><strong>caelo,</strong></span> <span class='ocrx_word' id='word_1_437' title='bbox 2077 3159 2326 3216; x_wconf 84' lang='lat' dir='ltr'><strong>tanquam</strong></span> <span class='ocrx_word' id='word_1_438' title='bbox 2349 3164 2523 3202; x_wconf 83' lang='lat' dir='ltr'><strong>vocem</strong></span> <span class='ocrx_word' id='word_1_439' title='bbox 2547 3163 2805 3219; x_wconf 88' lang='lat' dir='ltr'><strong>aquarum</strong></span> <span class='ocrx_word' id='word_1_440' title='bbox 2828 3146 3138 3212; x_wconf 88' lang='lat' dir='ltr'><strong>multarum,</strong></span> <span class='ocrx_word' id='word_1_441' title='bbox 3156 3156 3204 3202; x_wconf 91' lang='lat' dir='ltr'><strong>et</strong></span> <span class='ocrx_word' id='word_1_442' title='bbox 3231 3156 3485 3217; x_wconf 63' lang='lat' dir='ltr'><strong>tanquam</strong></span> 
     </span>
    </p>
   </div>
   <div class='ocr_carea' id='block_1_57' title="bbox 217 3239 1799 3322">
    <p class='ocr_par' dir='ltr' id='par_1_57' title="bbox 217 3243 1798 3322">
     <span class='ocr_line' id='line_1_57' title="bbox 217 3243 1798 3322; baseline -0.009 0"><span class='ocrx_word' id='word_1_443' title='bbox 217 3249 630 3322; x_wconf 73' lang='grc' dir='ltr'>νὴνβροντῆς</span> <span class='ocrx_word' id='word_1_444' title='bbox 660 3249 959 3321; x_wconf 72' lang='grc' dir='ltr'><strong>μεγάλης·</strong></span> <span class='ocrx_word' id='word_1_445' title='bbox 1005 3249 1103 3302; x_wconf 75' lang='grc' dir='ltr'><strong>καὶ</strong></span> <span class='ocrx_word' id='word_1_446' title='bbox 1139 3250 1179 3316; x_wconf 73' lang='grc' dir='ltr'><em>ὴ</em></span> <span class='ocrx_word' id='word_1_447' title='bbox 1216 3245 1384 3315; x_wconf 72' lang='grc' dir='ltr'><strong>φωνὴ</strong></span> <span class='ocrx_word' id='word_1_448' title='bbox 1425 3243 1504 3313; x_wconf 76' lang='grc' dir='ltr'>ἢν</span> <span class='ocrx_word' id='word_1_449' title='bbox 1541 3244 1798 3313; x_wconf 78' lang='grc' dir='ltr'>ἤκουσα,</span> 
     </span>
    </p>
   </div>
   <div class='ocr_carea' id='block_1_58' title="bbox 1901 3239 3485 3322">
    <p class='ocr_par' dir='ltr' id='par_1_58' title="bbox 1906 3239 3485 3312">
     <span class='ocr_line' id='line_1_58' title="bbox 1906 3239 3485 3312; baseline -0.003 -14"><span class='ocrx_word' id='word_1_450' title='bbox 1906 3260 2079 3298; x_wconf 84' lang='lat' dir='ltr'><strong>vocem</strong></span> <span class='ocrx_word' id='word_1_451' title='bbox 2129 3242 2349 3296; x_wconf 88' lang='lat' dir='ltr'><strong>tonitrui</strong></span> <span class='ocrx_word' id='word_1_452' title='bbox 2394 3243 2591 3312; x_wconf 88' lang='lat' dir='ltr'><strong>magni.</strong></span> <span class='ocrx_word' id='word_1_453' title='bbox 2626 3239 2695 3294; x_wconf 87' lang='lat' dir='ltr'><strong>Et</strong></span> <span class='ocrx_word' id='word_1_454' title='bbox 2732 3255 2832 3295; x_wconf 77' lang='lat' dir='ltr'><strong>vox</strong></span> <span class='ocrx_word' id='word_1_455' title='bbox 2888 3256 3047 3309; x_wconf 89' lang='lat' dir='ltr'><strong>quam</strong></span> <span class='ocrx_word' id='word_1_456' title='bbox 3094 3239 3294 3304; x_wconf 83' lang='lat' dir='ltr'><strong>audivi,</strong></span> <span class='ocrx_word' id='word_1_457' title='bbox 3346 3240 3485 3294; x_wconf 86' lang='lat' dir='ltr'><strong>sicut</strong></span> 
     </span>
    </p>
   </div>
   <div class='ocr_carea' id='block_1_59' title="bbox 214 3334 1801 3413">
    <p class='ocr_par' dir='ltr' id='par_1_59' title="bbox 214 3334 1801 3413">
     <span class='ocr_line' id='line_1_59' title="bbox 214 3334 1801 3413; baseline -0.006 -16"><span class='ocrx_word' id='word_1_458' title='bbox 214 3344 299 3410; x_wconf 87' lang='grc' dir='ltr'>ὡς</span> <span class='ocrx_word' id='word_1_459' title='bbox 341 3342 512 3413; x_wconf 67' lang='grc' dir='ltr'><strong>φωνὴ</strong></span> <span class='ocrx_word' id='word_1_460' title='bbox 552 3341 890 3410; x_wconf 74' lang='grc' dir='ltr'>κιθαρῳδῶν</span> <span class='ocrx_word' id='word_1_461' title='bbox 937 3337 1351 3410; x_wconf 78' lang='grc' dir='ltr'><strong>κιθαριζόντων</strong></span> <span class='ocrx_word' id='word_1_462' title='bbox 1394 3338 1465 3391; x_wconf 86' lang='grc' dir='ltr'>ἐν</span> <span class='ocrx_word' id='word_1_463' title='bbox 1489 3336 1619 3403; x_wconf 84' lang='grc' dir='ltr'>ταῖς</span> <span class='ocrx_word' id='word_1_464' title='bbox 1638 3334 1801 3390; x_wconf 81' lang='grc' dir='ltr'>κιθά-</span> 
     </span>
    </p>
   </div>
   <div class='ocr_carea' id='block_1_60' title="bbox 209 3426 1803 3505">
    <p class='ocr_par' dir='ltr' id='par_1_60' title="bbox 209 3426 1803 3505">
     <span class='ocr_line' id='line_1_60' title="bbox 209 3426 1803 3505; baseline -0.006 -16"><span class='ocrx_word' id='word_1_465' title='bbox 209 3451 350 3505; x_wconf 82' lang='grc' dir='ltr'>ραις</span> <span class='ocrx_word' id='word_1_466' title='bbox 380 3432 600 3489; x_wconf 84' lang='grc' dir='ltr'>αὐτῶν.</span> <span class='ocrx_word' id='word_1_467' title='bbox 649 3433 759 3487; x_wconf 87' lang='lat' dir='ltr'><strong>Kal</strong></span> <span class='ocrx_word' id='word_1_468' title='bbox 801 3431 1018 3500; x_wconf 79' lang='grc' dir='ltr'>ᾅδουσι</span> <span class='ocrx_word' id='word_1_469' title='bbox 1065 3429 1286 3497; x_wconf 79' lang='grc' dir='ltr'>καινὴν</span> <span class='ocrx_word' id='word_1_470' title='bbox 1328 3428 1494 3498; x_wconf 81' lang='grc' dir='ltr'><strong>ᾠδὴν</strong></span> <span class='ocrx_word' id='word_1_471' title='bbox 1547 3426 1803 3482; x_wconf 79' lang='grc' dir='ltr'>ἐνώπιον</span> 
     </span>
    </p>
   </div>
   <div class='ocr_carea' id='block_1_61' title="bbox 215 3516 1803 3596">
    <p class='ocr_par' dir='ltr' id='par_1_61' title="bbox 215 3516 1803 3596">
     <span class='ocr_line' id='line_1_61' title="bbox 215 3516 1803 3596; baseline -0.008 -13"><span class='ocrx_word' id='word_1_472' title='bbox 215 3529 324 3583; x_wconf 85' lang='grc' dir='ltr'><strong>τοῦ</strong></span> <span class='ocrx_word' id='word_1_473' title='bbox 350 3528 567 3596; x_wconf 79' lang='grc' dir='ltr'>θρόνου</span> <span class='ocrx_word' id='word_1_474' title='bbox 593 3526 691 3580; x_wconf 77' lang='grc' dir='ltr'>καί</span> <span class='ocrx_word' id='word_1_475' title='bbox 729 3523 986 3579; x_wconf 77' lang='grc' dir='ltr'>ἐνώπιον</span> <span class='ocrx_word' id='word_1_476' title='bbox 1018 3522 1138 3576; x_wconf 81' lang='grc' dir='ltr'><strong>τῶν</strong></span> <span class='ocrx_word' id='word_1_477' title='bbox 1171 3521 1484 3589; x_wconf 80' lang='grc' dir='ltr'>τεσσάρων</span> <span class='ocrx_word' id='word_1_478' title='bbox 1511 3518 1666 3580; x_wconf 84' lang='grc' dir='ltr'>ζώων</span> <span class='ocrx_word' id='word_1_479' title='bbox 1702 3516 1803 3571; x_wconf 74' lang='grc' dir='ltr'><strong>καὶ</strong></span> 
     </span>
    </p>
   </div>
   <div class='ocr_carea' id='block_1_62' title="bbox 218 3610 1804 3689">
    <p class='ocr_par' dir='ltr' id='par_1_62' title="bbox 218 3610 1804 3689">
     <span class='ocr_line' id='line_1_62' title="bbox 218 3610 1804 3689; baseline -0.008 -13"><span class='ocrx_word' id='word_1_480' title='bbox 218 3622 341 3676; x_wconf 78' lang='grc' dir='ltr'>τῶν</span> <span class='ocrx_word' id='word_1_481' title='bbox 365 3618 802 3689; x_wconf 77' lang='grc' dir='ltr'>πρεσϐυτέρων.</span> <span class='ocrx_word' id='word_1_482' title='bbox 825 3617 935 3673; x_wconf 88' lang='lat' dir='ltr'><strong>Kal</strong></span> <span class='ocrx_word' id='word_1_483' title='bbox 958 3615 1156 3681; x_wconf 75' lang='grc' dir='ltr'>οὐδεὶς</span> <span class='ocrx_word' id='word_1_484' title='bbox 1176 3613 1439 3682; x_wconf 76' lang='grc' dir='ltr'>ἠδύνατο</span> <span class='ocrx_word' id='word_1_485' title='bbox 1457 3611 1669 3682; x_wconf 82' lang='grc' dir='ltr'>μαθεῖν</span> <span class='ocrx_word' id='word_1_486' title='bbox 1688 3610 1804 3679; x_wconf 84' lang='grc' dir='ltr'><strong>τὴν</strong></span> 
     </span>
    </p>
   </div>
   <div class='ocr_carea' id='block_1_63' title="bbox 218 3702 1805 3781">
    <p class='ocr_par' dir='ltr' id='par_1_63' title="bbox 218 3702 1805 3781">
     <span class='ocr_line' id='line_1_63' title="bbox 218 3702 1805 3781; baseline -0.009 -13"><span class='ocrx_word' id='word_1_487' title='bbox 218 3712 383 3781; x_wconf 78' lang='grc' dir='ltr'><strong>ᾠδὴν</strong></span> <span class='ocrx_word' id='word_1_488' title='bbox 407 3715 461 3767; x_wconf 80' lang='grc' dir='ltr'>εὶ</span> <span class='ocrx_word' id='word_1_489' title='bbox 483 3710 572 3781; x_wconf 80' lang='grc' dir='ltr'>μὴ</span> <span class='ocrx_word' id='word_1_490' title='bbox 597 3714 656 3764; x_wconf 84' lang='lat' dir='ltr'><strong>al</strong></span> <span class='ocrx_word' id='word_1_491' title='bbox 687 3708 906 3764; x_wconf 80' lang='grc' dir='ltr'>ἑκατὸν</span> <span class='ocrx_word' id='word_1_492' title='bbox 933 3704 1389 3774; x_wconf 81' lang='grc' dir='ltr'>τεσσαράκοντα</span> <span class='ocrx_word' id='word_1_493' title='bbox 1409 3702 1701 3771; x_wconf 86' lang='grc' dir='ltr'>τέσσαρες</span> <span class='ocrx_word' id='word_1_494' title='bbox 1724 3719 1805 3769; x_wconf 86' lang='grc' dir='ltr'><strong>χι-</strong></span> 
     </span>
    </p>
   </div>
   <div class='ocr_carea' id='block_1_64' title="bbox 217 3790 1804 3873">
    <p class='ocr_par' dir='ltr' id='par_1_64' title="bbox 217 3790 1804 3873">
     <span class='ocr_line' id='line_1_64' title="bbox 217 3790 1804 3873; baseline -0.009 -11"><span class='ocrx_word' id='word_1_495' title='bbox 217 3806 444 3871; x_wconf 77' lang='grc' dir='ltr'>λιάδες,</span> <span class='ocrx_word' id='word_1_496' title='bbox 466 3807 520 3858; x_wconf 82' lang='grc' dir='ltr'>οἱ</span> <span class='ocrx_word' id='word_1_497' title='bbox 553 3800 953 3873; x_wconf 71' lang='grc' dir='ltr'>ἠγορασμένοι</span> <span class='ocrx_word' id='word_1_498' title='bbox 985 3797 1105 3856; x_wconf 78' lang='grc' dir='ltr'><strong>ἀπὸ</strong></span> <span class='ocrx_word' id='word_1_499' title='bbox 1135 3795 1244 3865; x_wconf 82' lang='grc' dir='ltr'>τῆς</span> <span class='ocrx_word' id='word_1_500' title='bbox 1270 3794 1402 3866; x_wconf 78' lang='grc' dir='ltr'>γῆς.</span> <span class='ocrx_word' id='word_1_501' title='bbox 1439 3790 1617 3851; x_wconf 82' lang='grc' dir='ltr'>Οὗτοί</span> <span class='ocrx_word' id='word_1_502' title='bbox 1646 3798 1804 3848; x_wconf 68' lang='grc' dir='ltr'>εἰσιν</span> 
     </span>
    </p>
   </div>
   <div class='ocr_carea' id='block_1_65' title="bbox 219 3886 1803 3968">
    <p class='ocr_par' dir='ltr' id='par_1_65' title="bbox 219 3886 1803 3968">
     <span class='ocr_line' id='line_1_65' title="bbox 219 3886 1803 3968; baseline -0.007 -17"><span class='ocrx_word' id='word_1_503' title='bbox 219 3898 276 3952; x_wconf 79' lang='grc' dir='ltr'>οἳ</span> <span class='ocrx_word' id='word_1_504' title='bbox 286 3898 440 3968; x_wconf 83' lang='grc' dir='ltr'>μετὰ</span> <span class='ocrx_word' id='word_1_505' title='bbox 462 3894 761 3966; x_wconf 79' lang='grc' dir='ltr'>γυναικῶν</span> <span class='ocrx_word' id='word_1_506' title='bbox 778 3897 888 3949; x_wconf 84' lang='grc' dir='ltr'><strong>οὐκ</strong></span> <span class='ocrx_word' id='word_1_507' title='bbox 908 3895 1332 3963; x_wconf 78' lang='grc' dir='ltr'>ἐμολύνθησαν</span> <span class='ocrx_word' id='word_1_508' title='bbox 1354 3908 1368 3921; x_wconf 80' lang='grc'><strong>’</strong></span> <span class='ocrx_word' id='word_1_509' title='bbox 1391 3888 1670 3958; x_wconf 82' lang='grc' dir='ltr'>παρθένοι</span> <span class='ocrx_word' id='word_1_510' title='bbox 1693 3886 1803 3957; x_wconf 73' lang='grc' dir='ltr'><strong>γάρ</strong></span> 
     </span>
    </p>
   </div>
   <div class='ocr_carea' id='block_1_66' title="bbox 218 3977 1803 4050">
    <p class='ocr_par' dir='ltr' id='par_1_66' title="bbox 218 3977 1803 4050">
     <span class='ocr_line' id='line_1_66' title="bbox 218 3977 1803 4050; baseline -0.008 -8"><span class='ocrx_word' id='word_1_511' title='bbox 218 3991 395 4042; x_wconf 70' lang='grc' dir='ltr'>εἰσιν.</span> <span class='ocrx_word' id='word_1_512' title='bbox 427 3984 607 4042; x_wconf 83' lang='grc' dir='ltr'>Οὗτοί</span> <span class='ocrx_word' id='word_1_513' title='bbox 635 3990 793 4040; x_wconf 73' lang='grc' dir='ltr'>εἰσιν</span> <span class='ocrx_word' id='word_1_514' title='bbox 829 3987 883 4040; x_wconf 92' lang='lat' dir='ltr'><strong>ol</strong></span> <span class='ocrx_word' id='word_1_515' title='bbox 919 3982 1446 4050; x_wconf 80' lang='grc' dir='ltr'>ἀκολουθήσαντες</span> <span class='ocrx_word' id='word_1_516' title='bbox 1478 3977 1558 4044; x_wconf 84' lang='grc' dir='ltr'>τῷ</span> <span class='ocrx_word' id='word_1_517' title='bbox 1604 3977 1803 4046; x_wconf 84' lang='grc' dir='ltr'>Ἀρνίῳ</span> 
     </span>
    </p>
   </div>
   <div class='ocr_carea' id='block_1_67' title="bbox 221 4070 1804 4150">
    <p class='ocr_par' dir='ltr' id='par_1_67' title="bbox 221 4070 1804 4150">
     <span class='ocr_line' id='line_1_67' title="bbox 221 4070 1804 4150; baseline -0.008 -15"><span class='ocrx_word' id='word_1_518' title='bbox 221 4082 374 4135; x_wconf 77' lang='grc' dir='ltr'>ὅπου</span> <span class='ocrx_word' id='word_1_519' title='bbox 396 4079 474 4135; x_wconf 79' lang='grc' dir='ltr'>ἂν</span> <span class='ocrx_word' id='word_1_520' title='bbox 492 4079 718 4150; x_wconf 75' lang='grc' dir='ltr'><strong>ὑπάγῃ.</strong></span> <span class='ocrx_word' id='word_1_521' title='bbox 744 4077 851 4132; x_wconf 91' lang='grc' dir='ltr'>Τοῦ</span> <span class='ocrx_word' id='word_1_522' title='bbox 882 4076 1043 4149; x_wconf 85' lang='grc' dir='ltr'>χοροῦ</span> <span class='ocrx_word' id='word_1_523' title='bbox 1066 4076 1174 4131; x_wconf 84' lang='grc' dir='ltr'><strong>τῶν</strong></span> <span class='ocrx_word' id='word_1_524' title='bbox 1196 4073 1477 4147; x_wconf 80' lang='grc' dir='ltr'>παρθένων</span> <span class='ocrx_word' id='word_1_525' title='bbox 1505 4070 1804 4142; x_wconf 74' lang='grc' dir='ltr'>ἐξάρχοντα</span> 
     </span>
    </p>
   </div>
   <div class='ocr_carea' id='block_1_68' title="bbox 219 4171 862 4244">
    <p class='ocr_par' dir='ltr' id='par_1_68' title="bbox 219 4171 862 4244">
     <span class='ocr_line' id='line_1_68' title="bbox 219 4171 862 4244; baseline -0.006 -15"><span class='ocrx_word' id='word_1_526' title='bbox 219 4174 485 4229; x_wconf 71' lang='grc' dir='ltr'>δεικνύων</span> <span class='ocrx_word' id='word_1_527' title='bbox 514 4173 606 4226; x_wconf 79' lang='grc' dir='ltr'>τὸν</span> <span class='ocrx_word' id='word_1_528' title='bbox 637 4171 862 4244; x_wconf 85' lang='grc' dir='ltr'>Κύριον.</span> 
     </span>
    </p>
   </div>
   <div class='ocr_carea' id='block_1_69' title="bbox 1905 3331 3479 3390">
    <p class='ocr_par' dir='ltr' id='par_1_69' title="bbox 1905 3331 3479 3390">
     <span class='ocr_line' id='line_1_69' title="bbox 1905 3331 3479 3390; baseline -0.002 0"><span class='ocrx_word' id='word_1_529' title='bbox 1905 3351 2004 3390; x_wconf 77' lang='lat' dir='ltr'><strong>una:</strong></span> <span class='ocrx_word' id='word_1_530' title='bbox 2053 3334 2465 3389; x_wconf 81' lang='lat' dir='ltr'><strong>cithartedorum</strong></span> <span class='ocrx_word' id='word_1_531' title='bbox 2504 3333 2939 3387; x_wconf 76' lang='lat' dir='ltr'><strong>citharizantium</strong></span> <span class='ocrx_word' id='word_1_532' title='bbox 2990 3333 3045 3386; x_wconf 91' lang='lat' dir='ltr'><strong>in</strong></span> <span class='ocrx_word' id='word_1_533' title='bbox 3095 3331 3315 3386; x_wconf 85' lang='lat' dir='ltr'><strong>citharis</strong></span> <span class='ocrx_word' id='word_1_534' title='bbox 3344 3333 3479 3387; x_wconf 83' lang='lat' dir='ltr'><strong>suis.</strong></span> 
     </span>
    </p>
   </div>
   <div class='ocr_carea' id='block_1_70' title="bbox 1907 3426 3485 3497">
    <p class='ocr_par' dir='ltr' id='par_1_70' title="bbox 1907 3426 3485 3497">
     <span class='ocr_line' id='line_1_70' title="bbox 1907 3426 3485 3497; baseline -0.003 -15"><span class='ocrx_word' id='word_1_535' title='bbox 1907 3428 1978 3482; x_wconf 87' lang='lat' dir='ltr'><strong>Et</strong></span> <span class='ocrx_word' id='word_1_536' title='bbox 2008 3428 2295 3482; x_wconf 88' lang='lat' dir='ltr'><strong>cantabant</strong></span> <span class='ocrx_word' id='word_1_537' title='bbox 2338 3426 2492 3497; x_wconf 80' lang='lat' dir='ltr'><strong>quasi</strong></span> <span class='ocrx_word' id='word_1_538' title='bbox 2543 3427 2806 3480; x_wconf 87' lang='lat' dir='ltr'><strong>canticum</strong></span> <span class='ocrx_word' id='word_1_539' title='bbox 2860 3440 3051 3479; x_wconf 87' lang='lat' dir='ltr'><strong>novum</strong></span> <span class='ocrx_word' id='word_1_540' title='bbox 3099 3426 3154 3478; x_wconf 90' lang='lat' dir='ltr'><strong>in</strong></span> <span class='ocrx_word' id='word_1_541' title='bbox 3203 3434 3485 3494; x_wconf 87' lang='lat' dir='ltr'><strong>conspectu</strong></span> 
     </span>
    </p>
   </div>
   <div class='ocr_carea' id='block_1_71' title="bbox 1908 3510 3483 3588">
    <p class='ocr_par' dir='ltr' id='par_1_71' title="bbox 1908 3510 3483 3588">
     <span class='ocr_line' id='line_1_71' title="bbox 1908 3510 3483 3588; baseline -0.006 -15"><span class='ocrx_word' id='word_1_542' title='bbox 1908 3520 2101 3584; x_wconf 85' lang='lat' dir='ltr'><strong>throni,</strong></span> <span class='ocrx_word' id='word_1_543' title='bbox 2141 3528 2189 3572; x_wconf 90' lang='lat' dir='ltr'><strong>et</strong></span> <span class='ocrx_word' id='word_1_544' title='bbox 2219 3527 2449 3588; x_wconf 86' lang='lat' dir='ltr'><strong>quatuor</strong></span> <span class='ocrx_word' id='word_1_545' title='bbox 2478 3515 2792 3569; x_wconf 90' lang='lat' dir='ltr'><strong>animalium</strong></span> <span class='ocrx_word' id='word_1_546' title='bbox 2814 3523 2864 3568; x_wconf 91' lang='lat' dir='ltr'><strong>et</strong></span> <span class='ocrx_word' id='word_1_547' title='bbox 2889 3514 3177 3568; x_wconf 87' lang='lat' dir='ltr'><strong>seniorum.</strong></span> <span class='ocrx_word' id='word_1_548' title='bbox 3208 3510 3279 3565; x_wconf 86' lang='lat' dir='ltr'><strong>Et</strong></span> <span class='ocrx_word' id='word_1_549' title='bbox 3330 3528 3483 3566; x_wconf 69' lang='lat' dir='ltr'><strong>nemo</strong></span> 
     </span>
    </p>
   </div>
   <div class='ocr_carea' id='block_1_72' title="bbox 1905 3604 3486 3682">
    <p class='ocr_par' dir='ltr' id='par_1_72' title="bbox 1905 3604 3486 3682">
     <span class='ocr_line' id='line_1_72' title="bbox 1905 3604 3486 3682; baseline -0.006 -16"><span class='ocrx_word' id='word_1_550' title='bbox 1905 3620 2111 3682; x_wconf 85' lang='lat' dir='ltr'><strong>poterat</strong></span> <span class='ocrx_word' id='word_1_551' title='bbox 2136 3611 2337 3666; x_wconf 79' lang='lat' dir='ltr'><strong>discere</strong></span> <span class='ocrx_word' id='word_1_552' title='bbox 2357 3609 2644 3674; x_wconf 86' lang='lat' dir='ltr'><strong>canticum,</strong></span> <span class='ocrx_word' id='word_1_553' title='bbox 2661 3608 2763 3661; x_wconf 82' lang='lat' dir='ltr'><strong>nisi</strong></span> <span class='ocrx_word' id='word_1_554' title='bbox 2780 3606 2878 3661; x_wconf 89' lang='lat' dir='ltr'><strong>illa</strong></span> <span class='ocrx_word' id='word_1_555' title='bbox 2900 3614 3106 3660; x_wconf 85' lang='lat' dir='ltr'><strong>centum</strong></span> <span class='ocrx_word' id='word_1_556' title='bbox 3128 3604 3486 3675; x_wconf 86' lang='lat' dir='ltr'><strong>quadraginta</strong></span> 
     </span>
    </p>
   </div>
   <div class='ocr_carea' id='block_1_73' title="bbox 1904 3695 3487 3775">
    <p class='ocr_par' dir='ltr' id='par_1_73' title="bbox 1904 3695 3487 3775">
     <span class='ocr_line' id='line_1_73' title="bbox 1904 3695 3487 3775; baseline -0.005 -17"><span class='ocrx_word' id='word_1_557' title='bbox 1904 3713 2135 3775; x_wconf 88' lang='lat' dir='ltr'><strong>quatuor</strong></span> <span class='ocrx_word' id='word_1_558' title='bbox 2164 3701 2356 3765; x_wconf 88' lang='lat' dir='ltr'><strong>millia,</strong></span> <span class='ocrx_word' id='word_1_559' title='bbox 2378 3703 2469 3772; x_wconf 90' lang='lat' dir='ltr'><strong>qui</strong></span> <span class='ocrx_word' id='word_1_560' title='bbox 2502 3701 2664 3770; x_wconf 84' lang='lat' dir='ltr'><strong>empti</strong></span> <span class='ocrx_word' id='word_1_561' title='bbox 2689 3710 2811 3754; x_wconf 84' lang='lat' dir='ltr'><strong>sunt</strong></span> <span class='ocrx_word' id='word_1_562' title='bbox 2851 3696 2915 3752; x_wconf 87' lang='lat' dir='ltr'><strong>de</strong></span> <span class='ocrx_word' id='word_1_563' title='bbox 2944 3706 3109 3751; x_wconf 87' lang='lat' dir='ltr'><strong>terra.</strong></span> <span class='ocrx_word' id='word_1_564' title='bbox 3135 3695 3209 3749; x_wconf 85' lang='lat' dir='ltr'><strong>Hi</strong></span> <span class='ocrx_word' id='word_1_565' title='bbox 3236 3705 3359 3750; x_wconf 89' lang='lat' dir='ltr'><strong>sunt</strong></span> <span class='ocrx_word' id='word_1_566' title='bbox 3393 3696 3487 3766; x_wconf 78' lang='lat' dir='ltr'><strong>qui</strong></span> 
     </span>
    </p>
   </div>
   <div class='ocr_carea' id='block_1_74' title="bbox 1905 3790 3486 3862">
    <p class='ocr_par' dir='ltr' id='par_1_74' title="bbox 1905 3790 3486 3862">
     <span class='ocr_line' id='line_1_74' title="bbox 1905 3790 3486 3862; baseline 0 -15"><span class='ocrx_word' id='word_1_567' title='bbox 1905 3809 2019 3847; x_wconf 91' lang='lat' dir='ltr'><strong>cum</strong></span> <span class='ocrx_word' id='word_1_568' title='bbox 2054 3790 2361 3846; x_wconf 84' lang='lat' dir='ltr'><strong>mulieribus</strong></span> <span class='ocrx_word' id='word_1_569' title='bbox 2406 3808 2511 3846; x_wconf 90' lang='lat' dir='ltr'><strong>non</strong></span> <span class='ocrx_word' id='word_1_570' title='bbox 2538 3799 2662 3846; x_wconf 89' lang='lat' dir='ltr'><strong>sunt</strong></span> <span class='ocrx_word' id='word_1_571' title='bbox 2699 3791 3024 3861; x_wconf 87' lang='lat' dir='ltr'><strong>coinquinati</strong></span> <span class='ocrx_word' id='word_1_572' title='bbox 3056 3807 3074 3844; x_wconf 92' lang='lat'><strong><em>:</em></strong></span> <span class='ocrx_word' id='word_1_573' title='bbox 3096 3792 3319 3862; x_wconf 80' lang='lat' dir='ltr'><strong>virgines</strong></span> <span class='ocrx_word' id='word_1_574' title='bbox 3343 3792 3486 3847; x_wconf 88' lang='lat' dir='ltr'><strong>enim</strong></span> 
     </span>
    </p>
   </div>
   <div class='ocr_carea' id='block_1_75' title="bbox 1904 3879 3485 3954">
    <p class='ocr_par' dir='ltr' id='par_1_75' title="bbox 1904 3879 3485 3954">
     <span class='ocr_line' id='line_1_75' title="bbox 1904 3879 3485 3954; baseline -0.004 -15"><span class='ocrx_word' id='word_1_575' title='bbox 1904 3893 2044 3939; x_wconf 87' lang='lat' dir='ltr'><strong>sunt.</strong></span> <span class='ocrx_word' id='word_1_576' title='bbox 2080 3882 2154 3936; x_wconf 78' lang='lat' dir='ltr'><strong>Hi</strong></span> <span class='ocrx_word' id='word_1_577' title='bbox 2186 3891 2475 3954; x_wconf 85' lang='lat' dir='ltr'><strong>sequuntur</strong></span> <span class='ocrx_word' id='word_1_578' title='bbox 2498 3881 2708 3954; x_wconf 80' lang='lat' dir='ltr'><strong>Agnum</strong></span> <span class='ocrx_word' id='word_1_579' title='bbox 2736 3897 3040 3953; x_wconf 85' lang='lat' dir='ltr'><strong>quocunque</strong></span> <span class='ocrx_word' id='word_1_580' title='bbox 3074 3881 3192 3935; x_wconf 87' lang='lat' dir='ltr'><strong>ierit</strong></span> <span class='ocrx_word' id='word_1_581' title='bbox 3218 3880 3281 3935; x_wconf 80' lang='lat'><strong>“.</strong></span> <span class='ocrx_word' id='word_1_582' title='bbox 3306 3879 3387 3935; x_wconf 86' lang='lat' dir='ltr'><strong>En</strong></span> <span class='ocrx_word' id='word_1_583' title='bbox 3420 3888 3485 3936; x_wconf 89' lang='lat' dir='ltr'><strong>ut</strong></span> 
     </span>
    </p>
   </div>
   <div class='ocr_carea' id='block_1_76' title="bbox 1905 3970 3486 4045">
    <p class='ocr_par' dir='ltr' id='par_1_76' title="bbox 1905 3970 3486 4045">
     <span class='ocr_line' id='line_1_76' title="bbox 1905 3970 3486 4045; baseline -0.001 -17"><span class='ocrx_word' id='word_1_584' title='bbox 1905 3974 2193 4031; x_wconf 86' lang='lat' dir='ltr'><strong>Dominum</strong></span> <span class='ocrx_word' id='word_1_585' title='bbox 2264 3974 2568 4045; x_wconf 88' lang='lat' dir='ltr'><strong>principem</strong></span> <span class='ocrx_word' id='word_1_586' title='bbox 2640 3971 2892 4029; x_wconf 90' lang='lat' dir='ltr'><strong>ostendat</strong></span> <span class='ocrx_word' id='word_1_587' title='bbox 2965 3978 3129 4043; x_wconf 88' lang='lat' dir='ltr'><strong>atque</strong></span> <span class='ocrx_word' id='word_1_588' title='bbox 3206 3970 3486 4041; x_wconf 76' lang='lat' dir='ltr'><strong>auspicem</strong></span> 
     </span>
    </p>
   </div>
   <div class='ocr_carea' id='block_1_77' title="bbox 1905 4067 2391 4140">
    <p class='ocr_par' dir='ltr' id='par_1_77' title="bbox 1905 4067 2391 4140">
     <span class='ocr_line' id='line_1_77' title="bbox 1905 4067 2391 4140; baseline 0 -16"><span class='ocrx_word' id='word_1_589' title='bbox 1905 4068 2061 4124; x_wconf 89' lang='lat' dir='ltr'><strong>chori</strong></span> <span class='ocrx_word' id='word_1_590' title='bbox 2091 4067 2391 4140; x_wconf 88' lang='lat' dir='ltr'><strong>virginum.</strong></span> 
     </span>
    </p>
   </div>
   <div class='ocr_carea' id='block_1_78' title="bbox 305 4239 1799 4336">
    <p class='ocr_par' dir='ltr' id='par_1_78' title="bbox 305 4239 1799 4336">
     <span class='ocr_line' id='line_1_78' title="bbox 305 4239 1799 4336; baseline 0.002 -19"><span class='ocrx_word' id='word_1_591' title='bbox 305 4265 629 4336; x_wconf 84' lang='grc' dir='ltr'>Ἔπίστησον</span> <span class='ocrx_word' id='word_1_592' title='bbox 671 4239 743 4322; x_wconf 36' lang='grc' dir='ltr'><strong>δὲ-</strong></span> <span class='ocrx_word' id='word_1_593' title='bbox 761 4263 897 4336; x_wconf 87' lang='grc' dir='ltr'>πρὸς</span> <span class='ocrx_word' id='word_1_594' title='bbox 929 4262 1155 4328; x_wconf 84' lang='grc' dir='ltr'>τούτοις,</span> <span class='ocrx_word' id='word_1_595' title='bbox 1194 4263 1343 4325; x_wconf 83' lang='grc' dir='ltr'>ὅπως</span> <span class='ocrx_word' id='word_1_596' title='bbox 1366 4261 1429 4315; x_wconf 86' lang='grc' dir='ltr'>τὸ</span> <span class='ocrx_word' id='word_1_597' title='bbox 1456 4256 1673 4331; x_wconf 80' lang='grc' dir='ltr'>ἀξίωμα</span> <span class='ocrx_word' id='word_1_598' title='bbox 1705 4255 1799 4327; x_wconf 85' lang='grc' dir='ltr'><strong>τῆς</strong></span> 
     </span>
    </p>
   </div>
   <div class='ocr_carea' id='block_1_79' title="bbox 1901 4239 3480 4336">
    <p class='ocr_par' dir='ltr' id='par_1_79' title="bbox 1978 4239 3480 4317">
     <span class='ocr_line' id='line_1_79' title="bbox 1978 4239 3480 4317; baseline -0.005 -13"><span class='ocrx_word' id='word_1_599' title='bbox 1978 4247 2367 4305; x_wconf 85' lang='lat' dir='ltr'><strong>Animadverte</strong></span> <span class='ocrx_word' id='word_1_600' title='bbox 2394 4248 2620 4317; x_wconf 91' lang='lat' dir='ltr'><strong>insuper</strong></span> <span class='ocrx_word' id='word_1_601' title='bbox 2643 4258 2806 4316; x_wconf 90' lang='lat' dir='ltr'><strong>quam</strong></span> <span class='ocrx_word' id='word_1_602' title='bbox 2846 4255 2976 4298; x_wconf 85' lang='lat' dir='ltr'><strong>vere</strong></span> <span class='ocrx_word' id='word_1_603' title='bbox 3000 4241 3239 4297; x_wconf 82' lang='lat' dir='ltr'><strong>maxima</strong></span> <span class='ocrx_word' id='word_1_604' title='bbox 3269 4239 3341 4297; x_wconf 89' lang='lat' dir='ltr'><strong>sit</strong></span> <span class='ocrx_word' id='word_1_605' title='bbox 3364 4241 3480 4297; x_wconf 83' lang='lat' dir='ltr'><strong>vir-</strong></span> 
     </span>
    </p>
   </div>
   <div class='ocr_carea' id='block_1_80' title="bbox 224 4335 1799 4429">
    <p class='ocr_par' dir='ltr' id='par_1_80' title="bbox 224 4335 1799 4429">
     <span class='ocr_line' id='line_1_80' title="bbox 224 4335 1799 4429; baseline -0.005 -18"><span class='ocrx_word' id='word_1_606' title='bbox 224 4335 527 4429; x_wconf 81' lang='grc' dir='ltr'>παρθενίας</span> <span class='ocrx_word' id='word_1_607' title='bbox 546 4335 978 4428; x_wconf 75' lang='grc' dir='ltr'>μέγιστονπαρὰ</span> <span class='ocrx_word' id='word_1_608' title='bbox 1005 4356 1084 4425; x_wconf 86' lang='grc' dir='ltr'>τῷ</span> <span class='ocrx_word' id='word_1_609' title='bbox 1111 4353 1250 4426; x_wconf 79' lang='grc' dir='ltr'>Θεῷ.</span> <span class='ocrx_word' id='word_1_610' title='bbox 1269 4349 1445 4410; x_wconf 86' lang='grc' dir='ltr'>Οὗτοι</span> <span class='ocrx_word' id='word_1_611' title='bbox 1461 4348 1799 4421; x_wconf 77' lang='grc' dir='ltr'>ἠγοράσθη-</span> 
     </span>
    </p>
   </div>
   <div class='ocr_carea' id='block_1_81' title="bbox 1901 4335 3479 4429">
    <p class='ocr_par' dir='ltr' id='par_1_81' title="bbox 1905 4335 3479 4414">
     <span class='ocr_line' id='line_1_81' title="bbox 1905 4335 3479 4414; baseline -0.004 -18"><span class='ocrx_word' id='word_1_612' title='bbox 1905 4342 2150 4414; x_wconf 86' lang='lat' dir='ltr'><strong>ginitatis</strong></span> <span class='ocrx_word' id='word_1_613' title='bbox 2177 4340 2413 4411; x_wconf 87' lang='lat' dir='ltr'><strong>dignitas</strong></span> <span class='ocrx_word' id='word_1_614' title='bbox 2442 4337 2586 4410; x_wconf 92' lang='lat' dir='ltr'><strong>apud</strong></span> <span class='ocrx_word' id='word_1_615' title='bbox 2615 4336 2807 4393; x_wconf 86' lang='lat' dir='ltr'><strong>Deum.</strong></span> <span class='ocrx_word' id='word_1_616' title='bbox 2846 4335 2921 4389; x_wconf 85' lang='lat' dir='ltr'><strong>Hi</strong></span> <span class='ocrx_word' id='word_1_617' title='bbox 2954 4336 3115 4406; x_wconf 81' lang='lat' dir='ltr'><strong>empti</strong></span> <span class='ocrx_word' id='word_1_618' title='bbox 3148 4345 3274 4389; x_wconf 89' lang='lat' dir='ltr'><strong>sunt</strong></span> <span class='ocrx_word' id='word_1_619' title='bbox 3297 4350 3362 4390; x_wconf 75' lang='lat' dir='ltr'><strong>ea:</strong></span> <span class='ocrx_word' id='word_1_620' title='bbox 3382 4335 3479 4390; x_wconf 76' lang='lat' dir='ltr'><strong>ho-</strong></span> 
     </span>
    </p>
   </div>
   <div class='ocr_carea' id='block_1_82' title="bbox 225 4427 1799 4520">
    <p class='ocr_par' dir='ltr' id='par_1_82' title="bbox 225 4427 1799 4520">
     <span class='ocr_line' id='line_1_82' title="bbox 225 4427 1799 4520; baseline -0.004 -15"><span class='ocrx_word' id='word_1_621' title='bbox 225 4427 346 4505; x_wconf 82' lang='grc' dir='ltr'><strong>σαν</strong></span> <span class='ocrx_word' id='word_1_622' title='bbox 373 4449 493 4503; x_wconf 77' lang='grc' dir='ltr'><strong>ἀπὸ</strong></span> <span class='ocrx_word' id='word_1_623' title='bbox 534 4448 653 4501; x_wconf 87' lang='grc' dir='ltr'>τῶν</span> <span class='ocrx_word' id='word_1_624' title='bbox 678 4447 1003 4517; x_wconf 81' lang='grc' dir='ltr'>ἀνθρώπων</span> <span class='ocrx_word' id='word_1_625' title='bbox 1034 4448 1145 4520; x_wconf 73' lang='lat'><strong>(27)</strong></span> <span class='ocrx_word' id='word_1_626' title='bbox 1168 4446 1410 4517; x_wconf 80' lang='grc' dir='ltr'><strong>ἀπαρχὴ</strong></span> <span class='ocrx_word' id='word_1_627' title='bbox 1444 4444 1524 4511; x_wconf 80' lang='grc' dir='ltr'>τῷ</span> <span class='ocrx_word' id='word_1_628' title='bbox 1547 4443 1669 4511; x_wconf 85' lang='grc' dir='ltr'>Θεῷ</span> <span class='ocrx_word' id='word_1_629' title='bbox 1702 4443 1799 4499; x_wconf 81' lang='grc' dir='ltr'>και</span> 
     </span>
    </p>
   </div>
   <div class='ocr_carea' id='block_1_83' title="bbox 1901 4427 3486 4520">
    <p class='ocr_par' dir='ltr' id='par_1_83' title="bbox 1906 4427 3486 4502">
     <span class='ocr_line' id='line_1_83' title="bbox 1906 4427 3486 4502; baseline -0.003 -15"><span class='ocrx_word' id='word_1_630' title='bbox 1906 4432 2136 4488; x_wconf 86' lang='lat' dir='ltr'><strong>minibus</strong></span> <span class='ocrx_word' id='word_1_631' title='bbox 2184 4433 2435 4502; x_wconf 75' lang='lat' dir='ltr'><strong>primitiae</strong></span> <span class='ocrx_word' id='word_1_632' title='bbox 2469 4431 2578 4485; x_wconf 89' lang='lat' dir='ltr'><strong>Deo</strong></span> <span class='ocrx_word' id='word_1_633' title='bbox 2610 4439 2662 4485; x_wconf 87' lang='lat' dir='ltr'><strong>et</strong></span> <span class='ocrx_word' id='word_1_634' title='bbox 2708 4435 2883 4500; x_wconf 80' lang='lat' dir='ltr'><strong>Agna,</strong></span> <span class='ocrx_word' id='word_1_635' title='bbox 2912 4436 2962 4483; x_wconf 89' lang='lat' dir='ltr'><strong>et</strong></span> <span class='ocrx_word' id='word_1_636' title='bbox 3001 4427 3055 4481; x_wconf 91' lang='lat' dir='ltr'><strong>in</strong></span> <span class='ocrx_word' id='word_1_637' title='bbox 3112 4443 3203 4482; x_wconf 87' lang='lat' dir='ltr'><strong>ore</strong></span> <span class='ocrx_word' id='word_1_638' title='bbox 3248 4428 3486 4491; x_wconf 87' lang='lat' dir='ltr'><strong>ipsorum</strong></span> 
     </span>
    </p>
   </div>
   <div class='ocr_carea' id='block_1_84' title="bbox 225 4518 1799 4611">
    <p class='ocr_par' dir='ltr' id='par_1_84' title="bbox 225 4518 1799 4611">
     <span class='ocr_line' id='line_1_84' title="bbox 225 4518 1799 4611; baseline -0.003 -17"><span class='ocrx_word' id='word_1_639' title='bbox 225 4541 306 4607; x_wconf 74' lang='grc' dir='ltr'>τῷ</span> <span class='ocrx_word' id='word_1_640' title='bbox 339 4541 560 4610; x_wconf 81' lang='grc' dir='ltr'>Ἇρνίῳ,</span> <span class='ocrx_word' id='word_1_641' title='bbox 591 4540 689 4594; x_wconf 76' lang='grc' dir='ltr'>καί</span> <span class='ocrx_word' id='word_1_642' title='bbox 728 4541 798 4594; x_wconf 80' lang='grc' dir='ltr'>ὲν</span> <span class='ocrx_word' id='word_1_643' title='bbox 830 4539 910 4606; x_wconf 85' lang='grc' dir='ltr'>τῷ</span> <span class='ocrx_word' id='word_1_644' title='bbox 945 4518 1194 4611; x_wconf 66' lang='grc' dir='ltr'>στόματι</span> <span class='ocrx_word' id='word_1_645' title='bbox 1212 4538 1414 4595; x_wconf 82' lang='grc' dir='ltr'>αὐτῶν</span> <span class='ocrx_word' id='word_1_646' title='bbox 1445 4540 1560 4607; x_wconf 85' lang='grc' dir='ltr'><strong>οὐχ</strong></span> <span class='ocrx_word' id='word_1_647' title='bbox 1587 4536 1799 4605; x_wconf 86' lang='grc' dir='ltr'>εὑρέθη</span> 
     </span>
    </p>
   </div>
   <div class='ocr_carea' id='block_1_85' title="bbox 1901 4518 3487 4611">
    <p class='ocr_par' dir='ltr' id='par_1_85' title="bbox 1909 4518 3487 4581">
     <span class='ocr_line' id='line_1_85' title="bbox 1909 4518 3487 4581; baseline -0.005 -1"><span class='ocrx_word' id='word_1_648' title='bbox 1909 4543 2015 4581; x_wconf 85' lang='lat' dir='ltr'><strong>non</strong></span> <span class='ocrx_word' id='word_1_649' title='bbox 2067 4533 2147 4579; x_wconf 88' lang='lat' dir='ltr'><strong>est</strong></span> <span class='ocrx_word' id='word_1_650' title='bbox 2193 4524 2457 4579; x_wconf 86' lang='lat' dir='ltr'><strong>inventum</strong></span> <span class='ocrx_word' id='word_1_651' title='bbox 2510 4521 2843 4577; x_wconf 89' lang='lat' dir='ltr'><strong>mendacium</strong></span> <span class='ocrx_word' id='word_1_652' title='bbox 2872 4536 2891 4574; x_wconf 91' lang='lat'><strong><em>:</em></strong></span> <span class='ocrx_word' id='word_1_653' title='bbox 2926 4521 3038 4575; x_wconf 86' lang='lat' dir='ltr'><strong>sine</strong></span> <span class='ocrx_word' id='word_1_654' title='bbox 3086 4518 3299 4573; x_wconf 89' lang='lat' dir='ltr'><strong>macula</strong></span> <span class='ocrx_word' id='word_1_655' title='bbox 3345 4519 3487 4573; x_wconf 79' lang='lat' dir='ltr'><strong>enim</strong></span> 
     </span>
    </p>
   </div>
   <div class='ocr_carea' id='block_1_86' title="bbox 222 4610 1799 4706">
    <p class='ocr_par' dir='ltr' id='par_1_86' title="bbox 222 4610 1799 4706">
     <span class='ocr_line' id='line_1_86' title="bbox 222 4610 1799 4706; baseline -0.006 -16"><span class='ocrx_word' id='word_1_656' title='bbox 222 4635 451 4706; x_wconf 61' lang='grc' dir='ltr'>ψεῦδος</span> <span class='ocrx_word' id='word_1_657' title='bbox 470 4652 483 4665; x_wconf 92' lang='grc'><strong>·</strong></span> <span class='ocrx_word' id='word_1_658' title='bbox 518 4632 743 4703; x_wconf 77' lang='grc' dir='ltr'>ἄμωμοι</span> <span class='ocrx_word' id='word_1_659' title='bbox 766 4631 875 4703; x_wconf 71' lang='grc' dir='ltr'><strong>γάρ</strong></span> <span class='ocrx_word' id='word_1_660' title='bbox 907 4610 1165 4698; x_wconf 11' lang='grc' dir='ltr'>εισι,ίκαὶ</span> <span class='ocrx_word' id='word_1_661' title='bbox 1186 4630 1612 4695; x_wconf 79' lang='grc' dir='ltr'>ἀκολουθοῦσι,</span> <span class='ocrx_word' id='word_1_662' title='bbox 1646 4628 1799 4699; x_wconf 68' lang='grc' dir='ltr'>φησι,</span> 
     </span>
    </p>
   </div>
   <div class='ocr_carea' id='block_1_87' title="bbox 1901 4610 3482 4706">
    <p class='ocr_par' dir='ltr' id='par_1_87' title="bbox 1908 4610 3482 4688">
     <span class='ocr_line' id='line_1_87' title="bbox 1908 4610 3482 4688; baseline -0.004 -15"><span class='ocrx_word' id='word_1_663' title='bbox 1908 4627 2061 4682; x_wconf 87' lang='lat' dir='ltr'><strong>sunt;</strong></span> <span class='ocrx_word' id='word_1_664' title='bbox 2100 4624 2152 4673; x_wconf 88' lang='lat' dir='ltr'><strong>et</strong></span> <span class='ocrx_word' id='word_1_665' title='bbox 2182 4626 2471 4688; x_wconf 86' lang='lat' dir='ltr'><strong>sequuntur</strong></span> <span class='ocrx_word' id='word_1_666' title='bbox 2499 4615 2728 4686; x_wconf 85' lang='lat' dir='ltr'><strong>Agnum,</strong></span> <span class='ocrx_word' id='word_1_667' title='bbox 2771 4612 2972 4683; x_wconf 92' lang='lat' dir='ltr'><strong>inquit,</strong></span> <span class='ocrx_word' id='word_1_668' title='bbox 3003 4626 3308 4683; x_wconf 83' lang='lat' dir='ltr'><strong>quocunque</strong></span> <span class='ocrx_word' id='word_1_669' title='bbox 3340 4610 3482 4666; x_wconf 89' lang='lat' dir='ltr'><strong>ierit.</strong></span> 
     </span>
    </p>
   </div>
   <div class='ocr_carea' id='block_1_88' title="bbox 222 4701 1799 4797">
    <p class='ocr_par' dir='ltr' id='par_1_88' title="bbox 222 4701 1799 4797">
     <span class='ocr_line' id='line_1_88' title="bbox 222 4701 1799 4797; baseline -0.009 -13"><span class='ocrx_word' id='word_1_670' title='bbox 222 4701 305 4794; x_wconf 73' lang='grc' dir='ltr'>τῷ</span> <span class='ocrx_word' id='word_1_671' title='bbox 337 4728 538 4797; x_wconf 82' lang='grc' dir='ltr'><strong>Ἆρνίῳ</strong></span> <span class='ocrx_word' id='word_1_672' title='bbox 556 4701 735 4781; x_wconf 35' lang='grc' dir='ltr'>-ὅειου</span> <span class='ocrx_word' id='word_1_673' title='bbox 758 4701 834 4780; x_wconf 74' lang='grc' dir='ltr'>ἂν</span> <span class='ocrx_word' id='word_1_674' title='bbox 854 4726 1077 4793; x_wconf 72' lang='grc' dir='ltr'><strong>ὑπάγῃ.</strong></span> <span class='ocrx_word' id='word_1_675' title='bbox 1112 4722 1307 4793; x_wconf 80' lang='grc' dir='ltr'>Σαφῶς</span> <span class='ocrx_word' id='word_1_676' title='bbox 1336 4722 1483 4794; x_wconf 76' lang='grc' dir='ltr'>ἡμᾶς</span> <span class='ocrx_word' id='word_1_677' title='bbox 1512 4714 1799 4774; x_wconf 69' lang='grc' dir='ltr'>κάντεῦθεν</span> 
     </span>
    </p>
   </div>
   <div class='ocr_carea' id='block_1_89' title="bbox 1901 4701 3487 4797">
    <p class='ocr_par' dir='ltr' id='par_1_89' title="bbox 1905 4701 3487 4773">
     <span class='ocr_line' id='line_1_89' title="bbox 1905 4701 3487 4773; baseline -0.005 -9"><span class='ocrx_word' id='word_1_678' title='bbox 1905 4710 2065 4765; x_wconf 85' lang='lat' dir='ltr'><strong>Clare</strong></span> <span class='ocrx_word' id='word_1_679' title='bbox 2104 4724 2207 4765; x_wconf 90' lang='lat' dir='ltr'><strong>nos</strong></span> <span class='ocrx_word' id='word_1_680' title='bbox 2232 4718 2285 4765; x_wconf 88' lang='lat' dir='ltr'><strong>et</strong></span> <span class='ocrx_word' id='word_1_681' title='bbox 2310 4708 2439 4762; x_wconf 90' lang='lat' dir='ltr'><strong>hinc</strong></span> <span class='ocrx_word' id='word_1_682' title='bbox 2471 4704 2674 4762; x_wconf 84' lang='lat' dir='ltr'><strong>docere</strong></span> <span class='ocrx_word' id='word_1_683' title='bbox 2706 4704 2845 4769; x_wconf 87' lang='lat' dir='ltr'><strong>vult,</strong></span> <span class='ocrx_word' id='word_1_684' title='bbox 2880 4704 3094 4760; x_wconf 87' lang='lat' dir='ltr'><strong>tantulo</strong></span> <span class='ocrx_word' id='word_1_685' title='bbox 3116 4716 3350 4757; x_wconf 91' lang='lat' dir='ltr'><strong>numero</strong></span> <span class='ocrx_word' id='word_1_686' title='bbox 3377 4701 3487 4773; x_wconf 89' lang='lat' dir='ltr'><strong>(ni-</strong></span> 
     </span>
    </p>
   </div>
   <div class='ocr_carea' id='block_1_90' title="bbox 222 4791 1799 4894">
    <p class='ocr_par' dir='ltr' id='par_1_90' title="bbox 222 4810 1799 4889">
     <span class='ocr_line' id='line_1_90' title="bbox 222 4810 1799 4889; baseline -0.008 -14"><span class='ocrx_word' id='word_1_687' title='bbox 222 4820 497 4875; x_wconf 74' lang='grc' dir='ltr'>διδάσκειν</span> <span class='ocrx_word' id='word_1_688' title='bbox 526 4818 794 4889; x_wconf 70' lang='grc' dir='ltr'>βούλεται,</span> <span class='ocrx_word' id='word_1_689' title='bbox 810 4820 893 4871; x_wconf 80' lang='grc' dir='ltr'>ὅτι</span> <span class='ocrx_word' id='word_1_690' title='bbox 924 4820 980 4869; x_wconf 79' lang='grc' dir='ltr'>ὲν</span> <span class='ocrx_word' id='word_1_691' title='bbox 1005 4814 1222 4888; x_wconf 86' lang='grc' dir='ltr'>ἀριθμῷ</span> <span class='ocrx_word' id='word_1_692' title='bbox 1244 4812 1505 4883; x_wconf 85' lang='grc' dir='ltr'>τοσούτῳ,</span> <span class='ocrx_word' id='word_1_693' title='bbox 1529 4810 1799 4864; x_wconf 57' lang='grc' dir='ltr'>τουτέστιν</span> 
     </span>
    </p>
   </div>
   <div class='ocr_carea' id='block_1_91' title="bbox 1901 4791 3488 4894">
    <p class='ocr_par' dir='ltr' id='par_1_91' title="bbox 1905 4791 3488 4894">
     <span class='ocr_line' id='line_1_91' title="bbox 1905 4791 3488 4894; baseline -0.006 -38"><span class='ocrx_word' id='word_1_694' title='bbox 1905 4803 2105 4856; x_wconf 93' lang='lat' dir='ltr'><strong>mirum</strong></span> <span class='ocrx_word' id='word_1_695' title='bbox 2140 4800 2503 4871; x_wconf 88' lang='lat' dir='ltr'><strong>quadraginta</strong></span> <span class='ocrx_word' id='word_1_696' title='bbox 2553 4807 2789 4869; x_wconf 88' lang='lat' dir='ltr'><strong>quatuor</strong></span> <span class='ocrx_word' id='word_1_697' title='bbox 2833 4795 3088 4866; x_wconf 88' lang='lat' dir='ltr'><strong>millium)</strong></span> <span class='ocrx_word' id='word_1_698' title='bbox 3146 4791 3488 4894; x_wconf 44' lang='lat' dir='ltr'><strong>deﬁnitam}</strong></span> 
     </span>
    </p>
   </div>
   <div class='ocr_carea' id='block_1_92' title="bbox 222 4881 1799 4985">
    <p class='ocr_par' dir='ltr' id='par_1_92' title="bbox 222 4881 1799 4981">
     <span class='ocr_line' id='line_1_92' title="bbox 222 4881 1799 4981; baseline -0.009 -14"><span class='ocrx_word' id='word_1_699' title='bbox 222 4912 421 4967; x_wconf 66' lang='grc' dir='ltr'>ἑκατὸν</span> <span class='ocrx_word' id='word_1_700' title='bbox 452 4881 854 4981; x_wconf 82' lang='grc' dir='ltr'>τεσσαράκοντα</span> <span class='ocrx_word' id='word_1_701' title='bbox 886 4908 981 4962; x_wconf 82' lang='grc' dir='ltr'><strong>καὶ</strong></span> <span class='ocrx_word' id='word_1_702' title='bbox 1007 4881 1269 4977; x_wconf 56' lang='grc' dir='ltr'>τέσσαρσι</span> <span class='ocrx_word' id='word_1_703' title='bbox 1296 4881 1552 4975; x_wconf 81' lang='grc' dir='ltr'>χιλιάσιν,</span> <span class='ocrx_word' id='word_1_704' title='bbox 1581 4900 1799 4955; x_wconf 83' lang='grc' dir='ltr'>ἀπάνω-</span> 
     </span>
    </p>
   </div>
   <div class='ocr_carea' id='block_1_93' title="bbox 1901 4881 3486 4985">
    <p class='ocr_par' dir='ltr' id='par_1_93' title="bbox 1904 4881 3486 4965">
     <span class='ocr_line' id='line_1_93' title="bbox 1904 4881 3486 4965; baseline -0.008 -17"><span class='ocrx_word' id='word_1_705' title='bbox 1904 4893 2175 4965; x_wconf 90' lang='lat' dir='ltr'><strong>principio</strong></span> <span class='ocrx_word' id='word_1_706' title='bbox 2209 4892 2380 4949; x_wconf 86' lang='lat' dir='ltr'><strong>fuisse</strong></span> <span class='ocrx_word' id='word_1_707' title='bbox 2413 4889 2820 4947; x_wconf 88' lang='lat' dir='ltr'><strong>multitudinem</strong></span> <span class='ocrx_word' id='word_1_708' title='bbox 2854 4886 3153 4957; x_wconf 84' lang='lat' dir='ltr'><strong>virginum,</strong></span> <span class='ocrx_word' id='word_1_709' title='bbox 3195 4899 3323 4939; x_wconf 91' lang='lat' dir='ltr'><strong>cum</strong></span> <span class='ocrx_word' id='word_1_710' title='bbox 3358 4881 3486 4937; x_wconf 81' lang='lat' dir='ltr'><strong>inll-</strong></span> 
     </span>
    </p>
   </div>
   <div class='ocr_carea' id='block_1_94' title="bbox 225 4973 1799 5073">
    <p class='ocr_par' dir='ltr' id='par_1_94' title="bbox 225 4973 1799 5073">
     <span class='ocr_line' id='line_1_94' title="bbox 225 4973 1799 5073; baseline -0.008 -14"><span class='ocrx_word' id='word_1_711' title='bbox 225 5004 318 5059; x_wconf 77' lang='grc' dir='ltr'><strong>θεν</strong></span> <span class='ocrx_word' id='word_1_712' title='bbox 345 5005 407 5058; x_wconf 77' lang='grc' dir='ltr'><strong>τὸ</strong></span> <span class='ocrx_word' id='word_1_713' title='bbox 433 4973 638 5072; x_wconf 77' lang='grc' dir='ltr'>πλῆθος</span> <span class='ocrx_word' id='word_1_714' title='bbox 677 5000 1005 5073; x_wconf 82' lang='grc' dir='ltr'>περιώριστο</span> <span class='ocrx_word' id='word_1_715' title='bbox 1027 4998 1138 5053; x_wconf 84' lang='grc' dir='ltr'>τῶν</span> <span class='ocrx_word' id='word_1_716' title='bbox 1167 4973 1473 5069; x_wconf 84' lang='grc' dir='ltr'>παρθένων,</span> <span class='ocrx_word' id='word_1_717' title='bbox 1503 4994 1612 5048; x_wconf 84' lang='grc' dir='ltr'><strong>τῶν</strong></span> <span class='ocrx_word' id='word_1_718' title='bbox 1633 4993 1799 5050; x_wconf 65' lang='grc' dir='ltr'>ἄλλων</span> 
     </span>
    </p>
   </div>
   <div class='ocr_carea' id='block_1_95' title="bbox 1901 4973 3489 5073">
    <p class='ocr_par' dir='ltr' id='par_1_95' title="bbox 1904 4973 3489 5042">
     <span class='ocr_line' id='line_1_95' title="bbox 1904 4973 3489 5042; baseline -0.006 -5"><span class='ocrx_word' id='word_1_719' title='bbox 1904 4983 2020 5037; x_wconf 89' lang='lat' dir='ltr'><strong>nita</strong></span> <span class='ocrx_word' id='word_1_720' title='bbox 2053 4982 2340 5038; x_wconf 86' lang='lat' dir='ltr'><strong>multitudo</strong></span> <span class='ocrx_word' id='word_1_721' title='bbox 2367 4982 2440 5037; x_wconf 89' lang='lat' dir='ltr'><strong>sit</strong></span> <span class='ocrx_word' id='word_1_722' title='bbox 2489 4980 2724 5035; x_wconf 90' lang='lat' dir='ltr'><strong>aliorum</strong></span> <span class='ocrx_word' id='word_1_723' title='bbox 2774 4985 3113 5034; x_wconf 89' lang='lat' dir='ltr'><strong>sanctorum.</strong></span> <span class='ocrx_word' id='word_1_724' title='bbox 3165 4973 3310 5042; x_wconf 84' lang='lat' dir='ltr'><strong>Quid</strong></span> <span class='ocrx_word' id='word_1_725' title='bbox 3338 4973 3489 5029; x_wconf 90' lang='lat' dir='ltr'><strong>enim</strong></span> 
     </span>
    </p>
   </div>
   <div class='ocr_carea' id='block_1_96' title="bbox 223 5064 1799 5167">
    <p class='ocr_par' dir='ltr' id='par_1_96' title="bbox 223 5064 1799 5167">
     <span class='ocr_line' id='line_1_96' title="bbox 223 5064 1799 5167; baseline -0.01 -14"><span class='ocrx_word' id='word_1_726' title='bbox 223 5098 398 5166; x_wconf 74' lang='grc' dir='ltr'>ἁγίων</span> <span class='ocrx_word' id='word_1_727' title='bbox 434 5064 1022 5167; x_wconf 46' lang='grc' dir='ltr'>είς-πλῆθοςάόριστον</span> <span class='ocrx_word' id='word_1_728' title='bbox 1051 5064 1505 5163; x_wconf 76' lang='grc' dir='ltr'>ὀχλιζομένων.Τί</span> <span class='ocrx_word' id='word_1_729' title='bbox 1526 5086 1636 5157; x_wconf 86' lang='grc' dir='ltr'><strong>γὰρ</strong></span> <span class='ocrx_word' id='word_1_730' title='bbox 1664 5102 1799 5158; x_wconf 88' lang='grc' dir='ltr'>παρ-</span> 
     </span>
    </p>
   </div>
   <div class='ocr_carea' id='block_1_97' title="bbox 1901 5064 3488 5167">
    <p class='ocr_par' dir='ltr' id='par_1_97' title="bbox 1904 5064 3488 5138">
     <span class='ocr_line' id='line_1_97' title="bbox 1904 5064 3488 5138; baseline -0.007 -6"><span class='ocrx_word' id='word_1_731' title='bbox 1904 5084 1960 5132; x_wconf 91' lang='lat' dir='ltr'><strong>et</strong></span> <span class='ocrx_word' id='word_1_732' title='bbox 2002 5075 2071 5131; x_wconf 90' lang='lat' dir='ltr'><strong>de</strong></span> <span class='ocrx_word' id='word_1_733' title='bbox 2111 5076 2232 5131; x_wconf 89' lang='lat' dir='ltr'><strong>aliis</strong></span> <span class='ocrx_word' id='word_1_734' title='bbox 2263 5074 2542 5131; x_wconf 83' lang='lat' dir='ltr'><strong>disserens</strong></span> <span class='ocrx_word' id='word_1_735' title='bbox 2590 5071 2856 5138; x_wconf 86' lang='lat' dir='ltr'><strong>insinuet,</strong></span> <span class='ocrx_word' id='word_1_736' title='bbox 2899 5067 3382 5125; x_wconf 87' lang='lat' dir='ltr'><strong>considerandum.</strong></span> <span class='ocrx_word' id='word_1_737' title='bbox 3414 5064 3488 5137; x_wconf 79' lang='lat' dir='ltr'><strong>Et</strong></span> 
     </span>
    </p>
   </div>
   <div class='ocr_carea' id='block_1_98' title="bbox 226 5158 1799 5260">
    <p class='ocr_par' dir='ltr' id='par_1_98' title="bbox 226 5158 1799 5260">
     <span class='ocr_line' id='line_1_98' title="bbox 226 5158 1799 5260; baseline -0.009 -16"><span class='ocrx_word' id='word_1_738' title='bbox 226 5158 399 5260; x_wconf 50' lang='grc' dir='ltr'><strong>εῆυᾷ</strong></span> <span class='ocrx_word' id='word_1_739' title='bbox 449 5158 545 5242; x_wconf 75' lang='grc' dir='ltr'><strong>καὶ</strong></span> <span class='ocrx_word' id='word_1_740' title='bbox 596 5158 726 5258; x_wconf 76' lang='grc' dir='ltr'>περὶ</span> <span class='ocrx_word' id='word_1_741' title='bbox 778 5158 886 5239; x_wconf 65' lang='grc' dir='ltr'>τιῖιν</span> <span class='ocrx_word' id='word_1_742' title='bbox 932 5158 1133 5238; x_wconf 54' lang='lat' dir='ltr'><strong>latrabit</strong></span> <span class='ocrx_word' id='word_1_743' title='bbox 1176 5158 1579 5252; x_wconf 77' lang='grc' dir='ltr'>διαλεγόμενος,</span> <span class='ocrx_word' id='word_1_744' title='bbox 1636 5195 1799 5251; x_wconf 83' lang='grc' dir='ltr'>προσ-</span> 
     </span>
    </p>
   </div>
   <div class='ocr_carea' id='block_1_99' title="bbox 1901 5158 3489 5260">
    <p class='ocr_par' dir='ltr' id='par_1_99' title="bbox 1905 5158 3489 5236">
     <span class='ocr_line' id='line_1_99' title="bbox 1905 5158 3489 5236; baseline -0.006 -13"><span class='ocrx_word' id='word_1_745' title='bbox 1905 5169 2013 5224; x_wconf 77' lang='lat' dir='ltr'><strong>ridi</strong></span> <span class='ocrx_word' id='word_1_746' title='bbox 2040 5184 2105 5223; x_wconf 82' lang='lat' dir='ltr'><strong>ea;</strong></span> <span class='ocrx_word' id='word_1_747' title='bbox 2141 5168 2283 5222; x_wconf 88' lang='lat' dir='ltr'><strong>omni</strong></span> <span class='ocrx_word' id='word_1_748' title='bbox 2313 5166 2451 5221; x_wconf 87' lang='lat' dir='ltr'><strong>tribu</strong></span> <span class='ocrx_word' id='word_1_749' title='bbox 2478 5174 2528 5221; x_wconf 89' lang='lat' dir='ltr'><strong>et</strong></span> <span class='ocrx_word' id='word_1_750' title='bbox 2556 5166 2737 5236; x_wconf 88' lang='lat' dir='ltr'><strong>lingua</strong></span> <span class='ocrx_word' id='word_1_751' title='bbox 2758 5172 2808 5218; x_wconf 85' lang='lat' dir='ltr'><strong>et</strong></span> <span class='ocrx_word' id='word_1_752' title='bbox 2824 5177 2894 5218; x_wconf 72' lang='lat' dir='ltr'><strong>ea:</strong></span> <span class='ocrx_word' id='word_1_753' title='bbox 2916 5162 3059 5217; x_wconf 89' lang='lat' dir='ltr'><strong>omni</strong></span> <span class='ocrx_word' id='word_1_754' title='bbox 3081 5162 3316 5228; x_wconf 85' lang='lat' dir='ltr'><strong>natione,</strong></span> <span class='ocrx_word' id='word_1_755' title='bbox 3347 5158 3489 5215; x_wconf 81' lang='lat' dir='ltr'><strong>mul-</strong></span> 
     </span>
    </p>
   </div>
   <div class='ocr_carea' id='block_1_100' title="bbox 228 5257 1799 5345">
    <p class='ocr_par' dir='ltr' id='par_1_100' title="bbox 228 5257 1799 5345">
     <span class='ocr_line' id='line_1_100' title="bbox 228 5257 1799 5345; baseline -0.008 -10"><span class='ocrx_word' id='word_1_756' title='bbox 228 5257 433 5337; x_wconf 65' lang='lat' dir='ltr'><strong>eit‘téoV.</strong></span> <span class='ocrx_word' id='word_1_757' title='bbox 463 5279 572 5334; x_wconf 84' lang='lat' dir='ltr'><strong>Kal</strong></span> <span class='ocrx_word' id='word_1_758' title='bbox 598 5257 763 5333; x_wconf 75' lang='grc' dir='ltr'>εἶδον</span> <span class='ocrx_word' id='word_1_759' title='bbox 786 5277 905 5332; x_wconf 81' lang='grc' dir='ltr'><strong>ἀπὸ</strong></span> <span class='ocrx_word' id='word_1_760' title='bbox 938 5274 1144 5344; x_wconf 79' lang='grc' dir='ltr'>πάσης</span> <span class='ocrx_word' id='word_1_761' title='bbox 1176 5274 1443 5345; x_wconf 72' lang='grc' dir='ltr'>γλώττης</span> <span class='ocrx_word' id='word_1_762' title='bbox 1478 5271 1578 5326; x_wconf 80' lang='grc' dir='ltr'>καί</span> <span class='ocrx_word' id='word_1_763' title='bbox 1607 5269 1799 5339; x_wconf 72' lang='grc' dir='ltr'>φυλῆς</span> 
     </span>
    </p>
   </div>
   <div class='ocr_carea' id='block_1_101' title="bbox 1901 5257 3488 5345">
    <p class='ocr_par' dir='ltr' id='par_1_101' title="bbox 1909 5257 3488 5333">
     <span class='ocr_line' id='line_1_101' title="bbox 1909 5257 3488 5333; baseline -0.006 -16"><span class='ocrx_word' id='word_1_764' title='bbox 1909 5264 2184 5319; x_wconf 88' lang='lat' dir='ltr'><strong>titudinem</strong></span> <span class='ocrx_word' id='word_1_765' title='bbox 2245 5277 2496 5333; x_wconf 88' lang='lat' dir='ltr'><strong>magnam</strong></span> <span class='ocrx_word' id='word_1_766' title='bbox 2542 5276 2702 5332; x_wconf 86' lang='lat' dir='ltr'><strong>quam</strong></span> <span class='ocrx_word' id='word_1_767' title='bbox 2757 5257 3097 5312; x_wconf 88' lang='lat' dir='ltr'><strong>dinumerare</strong></span> <span class='ocrx_word' id='word_1_768' title='bbox 3143 5271 3293 5312; x_wconf 79' lang='lat' dir='ltr'><strong>nemo</strong></span> <span class='ocrx_word' id='word_1_769' title='bbox 3339 5263 3488 5323; x_wconf 81' lang='lat' dir='ltr'><strong>pote-</strong></span> 
     </span>
    </p>
   </div>
   <div class='ocr_carea' id='block_1_102' title="bbox 226 5345 1799 5440">
    <p class='ocr_par' dir='ltr' id='par_1_102' title="bbox 226 5361 1799 5440">
     <span class='ocr_line' id='line_1_102' title="bbox 226 5361 1799 5440; baseline -0.009 -11"><span class='ocrx_word' id='word_1_770' title='bbox 226 5374 325 5429; x_wconf 66' lang='lat' dir='ltr'><strong>xal</strong></span> <span class='ocrx_word' id='word_1_771' title='bbox 377 5372 608 5440; x_wconf 75' lang='grc' dir='ltr'>παντὸς</span> <span class='ocrx_word' id='word_1_772' title='bbox 647 5372 864 5437; x_wconf 76' lang='grc' dir='ltr'>ἔθνους</span> <span class='ocrx_word' id='word_1_773' title='bbox 903 5367 1133 5437; x_wconf 76' lang='grc' dir='ltr'>πλῆθος</span> <span class='ocrx_word' id='word_1_774' title='bbox 1171 5366 1365 5432; x_wconf 83' lang='grc' dir='ltr'>πολὺ,</span> <span class='ocrx_word' id='word_1_775' title='bbox 1410 5364 1442 5418; x_wconf 81' lang='grc' dir='ltr'>ὃ</span> <span class='ocrx_word' id='word_1_776' title='bbox 1485 5361 1799 5434; x_wconf 77' lang='grc' dir='ltr'>ἀριθμῆσαι</span> 
     </span>
    </p>
   </div>
   <div class='ocr_carea' id='block_1_103' title="bbox 1901 5345 3484 5440">
    <p class='ocr_par' dir='ltr' id='par_1_103' title="bbox 1909 5345 3484 5427">
     <span class='ocr_line' id='line_1_103' title="bbox 1909 5345 3484 5427; baseline -0.004 -16"><span class='ocrx_word' id='word_1_777' title='bbox 1909 5368 1994 5412; x_wconf 88' lang='lat' dir='ltr'><strong>rat</strong></span> <span class='ocrx_word' id='word_1_778' title='bbox 2013 5358 2078 5411; x_wconf 77' lang='grc' dir='ltr'>ιτ.</span> <span class='ocrx_word' id='word_1_779' title='bbox 2113 5356 2342 5413; x_wconf 86' lang='lat' dir='ltr'><strong>Constat</strong></span> <span class='ocrx_word' id='word_1_780' title='bbox 2377 5355 2562 5427; x_wconf 86' lang='lat' dir='ltr'><strong>igitur,</strong></span> <span class='ocrx_word' id='word_1_781' title='bbox 2595 5359 2656 5408; x_wconf 85' lang='lat' dir='ltr'><strong>ut</strong></span> <span class='ocrx_word' id='word_1_782' title='bbox 2676 5350 2957 5418; x_wconf 86' lang='lat' dir='ltr'><strong>dicebam,</strong></span> <span class='ocrx_word' id='word_1_783' title='bbox 2993 5349 3228 5406; x_wconf 87' lang='lat' dir='ltr'><strong>aliorum</strong></span> <span class='ocrx_word' id='word_1_784' title='bbox 3261 5345 3484 5420; x_wconf 83' lang='lat' dir='ltr'><strong>quidem</strong></span> 
     </span>
    </p>
   </div>
   <div class='ocr_carea' id='block_1_104' title="bbox 334 5523 1404 5607">
    <p class='ocr_par' dir='ltr' id='par_1_104' title="bbox 334 5523 1404 5607">
     <span class='ocr_line' id='line_1_104' title="bbox 334 5523 1404 5607; baseline -0.007 -21"><span class='ocrx_word' id='word_1_785' title='bbox 334 5531 381 5563; x_wconf 85' lang='grc'><strong>¹⁶</strong></span> <span class='ocrx_word' id='word_1_786' title='bbox 408 5531 574 5601; x_wconf 80' lang='lat' dir='ltr'><strong>Apoc.</strong></span> <span class='ocrx_word' id='word_1_787' title='bbox 609 5544 723 5593; x_wconf 79' lang='lat' dir='ltr'><strong>xiv,</strong></span> <span class='ocrx_word' id='word_1_788' title='bbox 759 5526 873 5582; x_wconf 74' lang='grc'><strong>1-4.</strong></span> <span class='ocrx_word' id='word_1_789' title='bbox 951 5526 996 5557; x_wconf 81' lang='grc'><strong>¹⁷</strong></span> <span class='ocrx_word' id='word_1_790' title='bbox 1019 5525 1182 5593; x_wconf 76' lang='lat' dir='ltr'><strong>Apoc.</strong></span> <span class='ocrx_word' id='word_1_791' title='bbox 1225 5538 1321 5607; x_wconf 79' lang='lat' dir='ltr'><strong>vn,</strong></span> <span class='ocrx_word' id='word_1_792' title='bbox 1350 5523 1404 5578; x_wconf 79' lang='lat'><strong>9.</strong></span> 
     </span>
    </p>
   </div>
   <div class='ocr_carea' id='block_1_105' title="bbox 322 5676 1684 5804">
    <p class='ocr_par' dir='ltr' id='par_1_105' title="bbox 322 5676 1684 5804">
     <span class='ocr_line' id='line_1_105' title="bbox 322 5676 1684 5804; baseline -0.01 -60"><span class='ocrx_word' id='word_1_793' title='bbox 322 5688 413 5804; x_wconf 55' lang='lat' dir='ltr'><strong>SER</strong></span> <span class='ocrx_word' id='word_1_794' title='bbox 444 5686 647 5755; x_wconf 81' lang='grc' dir='ltr'>Σάρκα</span> <span class='ocrx_word' id='word_1_795' title='bbox 667 5682 1006 5768; x_wconf 65' lang='grc' dir='ltr'><strong>κοσμήσαςἶ</strong></span> <span class='ocrx_word' id='word_1_796' title='bbox 1046 5681 1516 5804; x_wconf 35' lang='grc' dir='ltr'>ἶΕνανθρωηπήσας.</span> <span class='ocrx_word' id='word_1_797' title='bbox 1548 5676 1621 5731; x_wconf 80' lang='lat' dir='ltr'><strong>In.</strong></span> <span class='ocrx_word' id='word_1_798' title='bbox 1673 5747 1684 5760; x_wconf 46' lang='lat'><strong>.</strong></span> 
     </span>
     <span class='ocr_line' id='line_1_106' title="bbox 323 5754 1681 5804; baseline -0.001 0"><span class='ocrx_word' id='word_1_799' title='bbox 323 5762 357 5804; x_wconf 70' lang='lat'>&#39;2</span> <span class='ocrx_word' id='word_1_800' title='bbox 459 5757 831 5804; x_wconf 68' lang='grc' dir='ltr'>Ἀνθοώπων.</span> <span class='ocrx_word' id='word_1_801' title='bbox 852 5754 1157 5804; x_wconf 75' lang='lat' dir='ltr'><strong>Possrmus.</strong></span> <span class='ocrx_word' id='word_1_802' title='bbox 1203 5754 1230 5804; x_wconf 80' lang='grc' dir='ltr'><strong>ὲ</strong></span> <span class='ocrx_word' id='word_1_803' title='bbox 1266 5769 1373 5804; x_wconf 89' lang='grc' dir='ltr'>νων</span> <span class='ocrx_word' id='word_1_804' title='bbox 1395 5790 1409 5804; x_wconf 93' lang='grc'><strong>.</strong></span> <span class='ocrx_word' id='word_1_805' title='bbox 1441 5766 1505 5804; x_wconf 72' lang='lat' dir='ltr'><strong>ex</strong></span> <span class='ocrx_word' id='word_1_806' title='bbox 1546 5755 1681 5804; x_wconf 84' lang='lat' dir='ltr'><strong>aentt</strong></span> 
     </span>
    </p>
   </div>
   <div class='ocr_carea' id='block_1_106' title="bbox 301 5688 1799 5828">
    <p class='ocr_par' dir='ltr' id='par_1_106' title="bbox 301 5688 1799 5828">
     <span class='ocr_line' id='line_1_107' title="bbox 322 5688 1684 5804; baseline -0.01 -61"><span class='ocrx_word' id='word_1_807' title='bbox 322 5688 390 5743; x_wconf 69' lang='grc' dir='ltr'><strong>ΞΒ</strong></span> <span class='ocrx_word' id='word_1_808' title='bbox 444 5688 647 5755; x_wconf 81' lang='grc' dir='ltr'>Σάρκα</span> <span class='ocrx_word' id='word_1_809' title='bbox 667 5688 1006 5754; x_wconf 81' lang='grc' dir='ltr'>κοσμήσας.</span> <span class='ocrx_word' id='word_1_810' title='bbox 1046 5688 1516 5804; x_wconf 64' lang='grc' dir='ltr'>Ἑνανθρωπήσας.</span> <span class='ocrx_word' id='word_1_811' title='bbox 1548 5688 1621 5731; x_wconf 80' lang='lat' dir='ltr'><strong>In.</strong></span> <span class='ocrx_word' id='word_1_812' title='bbox 1673 5747 1684 5760; x_wconf 46' lang='lat'><strong>.</strong></span> 
     </span>
     <span class='ocr_line' id='line_1_108' title="bbox 301 5688 1799 5828; baseline -0.009 -15"><span class='ocrx_word' id='word_1_813' title='bbox 301 5688 413 5826; x_wconf 44' lang='lat'><strong>£27;</strong></span> <span class='ocrx_word' id='word_1_814' title='bbox 459 5757 831 5828; x_wconf 74' lang='grc' dir='ltr'>’Δνθρὼπων.</span> <span class='ocrx_word' id='word_1_815' title='bbox 852 5752 1157 5819; x_wconf 86' lang='lat' dir='ltr'><strong>Possinius,</strong></span> <span class='ocrx_word' id='word_1_816' title='bbox 1203 5754 1230 5806; x_wconf 80' lang='grc' dir='ltr'><strong>ὲ</strong></span> <span class='ocrx_word' id='word_1_817' title='bbox 1266 5750 1373 5806; x_wconf 84' lang='grc' dir='ltr'><strong>νῶν</strong></span> <span class='ocrx_word' id='word_1_818' title='bbox 1395 5790 1409 5816; x_wconf 90' lang='grc'><strong>,</strong></span> <span class='ocrx_word' id='word_1_819' title='bbox 1441 5766 1505 5804; x_wconf 71' lang='lat' dir='ltr'><strong>ex</strong></span> <span class='ocrx_word' id='word_1_820' title='bbox 1546 5745 1799 5817; x_wconf 77' lang='lat' dir='ltr'><strong>gentibus,</strong></span> 
     </span>
    </p>
   </div>
   <div class='ocr_carea' id='block_1_107' title="bbox 1901 5688 2251 5828">
    <p class='ocr_par' dir='ltr' id='par_1_107' title="bbox 1901 5735 2251 5796">
     <span class='ocr_line' id='line_1_109' title="bbox 1901 5735 2251 5796; baseline -0.017 0"><span class='ocrx_word' id='word_1_821' title='bbox 1901 5756 1955 5796; x_wconf 69' lang='lat' dir='ltr'><strong>3n</strong></span> <span class='ocrx_word' id='word_1_822' title='bbox 1982 5740 2141 5796; x_wconf 86' lang='lat' dir='ltr'><strong>bene.</strong></span> <span class='ocrx_word' id='word_1_823' title='bbox 2172 5735 2251 5791; x_wconf 81' lang='lat' dir='ltr'><strong>lo.</strong></span> 
     </span>
    </p>
   </div>
  </div>
