3866 6160
405 288 476 344 Π
1354 278 1413 333 S.
1452 272 1784 332 ΜΕΤΗΟΒΙΙ
1821 271 2008 328 EPISC

2089 268 2131 323 ⁵1
2171 267 2260 322 ΕΤ
2301 263 2659 322 MARTYBIS
3578 271 3650 326 43

406 411 724 462 sanctorum
755 411 986 455 numero
1016 394 1357 468 superiorem
1390 392 1791 449 multitudinem
1819 389 1979 445 indu-

2089 385 2223 440 αὐτὸ
2246 383 2443 450 οὐδεὶς
2475 384 2757 452 ἠδύνατο.
2785 382 2994 437 Οὐκοῦν
3027 383 3372 456 συνέστηκεν,
3393 386 3469 449 ὡς
3493 386 3650 459 ἔφην,

404 511 564 562 cere;
598 493 868 564 virginum
913 506 1041 546 vero
1081 491 1336 560 exiguum
1388 487 1545 558 plane
1582 499 1891 546 numerum,
1929 482 1976 539 si

405 588 527 658 ejus
565 601 691 640 cum
733 585 967 638 aliorum
1009 582 1296 636 innumera
1331 576 1679 634 multitudine
1706 577 1848 631 ratio
1880 575 1977 630 ha-

404 681 599 738 beatur

481 867 606 923 Haec
621 882 764 932 mea,
798 881 832 920 ο
853 866 1036 931 Arete,
1067 866 1136 921 de
1159 865 1495 936 virginitate,
1527 864 1623 929 ait,
1646 864 1823 918 oratio
1842 869 1927 919 est
1960 881 1974 918 :

406 960 464 1017 in
494 974 600 1031 qua
642 959 690 1014 si
738 957 869 1029 quid
911 957 1093 1020 omisi,
1126 957 1393 1028 suppleat,
1424 956 1515 1010 cui
1556 956 1859 1028 lampadem
1895 954 1979 1009 di-

408 1061 576 1110 cturaa
604 1051 783 1118 trado,
813 1049 1136 1121 TheOphila.

845 1294 1305 1388 ORATIO
1399 1296 1534 1384 II.

987 1462 1398 1521 THEOPHILA.

2082 477 2174 530 ἐπὶ
2211 476 2308 548 μὲν
2339 475 2447 528 τῶν
2478 475 2651 528 ἄλλων
2681 474 2850 543 ἁγίων
2884 475 3042 529 αὐτὸν
3071 475 3278 546 πληθὺν
3305 477 3507 544 ἄφατον
3534 481 3654 532 εἰσ-

2083 569 2266 638 άγειν·
2299 567 2390 622 ἐπὶ
2419 568 2477 620 δὲ
2502 567 2609 621 τῶν
2634 569 2691 619 ὲν
2731 567 2999 639 παρθενίᾳ
3039 568 3372 639 βραχύτατον
3397 568 3653 641 ἀριθμὸν,

2081 661 2158 726 ὡς
2189 660 2326 733 πρὸς
2353 661 2638 734 σύγκρισιν
2657 659 2764 714 τῶν
2796 662 2874 725 είς
2906 660 3273 732 ἀναρίθμητον
3303 660 3500 732 πλῆθος
3532 678 3659 714 συν-

2082 751 2398 806 τελούντων.

2158 859 2347 932 Οὗτος,
2376 862 2422 923 ὦ
2471 869 2682 941 Ἀρετὴ,
2713 870 2741 922 6
2775 870 2904 941 παρ’
2941 868 3072 939 ἐμοῦ
3103 887 3182 923 σοι
3208 884 3334 940 περι.
3362 865 3658 938 παρθενίας

2082 959 2258 1029 λόγος.
2289 961 2354 1014 El
2399 961 2456 1014 δέ
2481 981 2532 1015 τι
2559 962 2881 1034 παρέλιπον,
2915 961 3313 1034 ἁποπληρούτω
3337 959 3657 1032 διαδεξαμέ-

2083 1069 2150 1125 νη
2186 1071 2251 1124 με
2271 1054 2522 1124 Θεοφίλα.

2607 1306 2970 1394 ΛΟΓΟΣ
3029 1311 3092 1393 Β
3113 1372 3135 1393 .

2715 1470 3021 1525 ΘΕΟΦΙΛΑ.

1183 1727 1192 1738 Ι
1283 1655 1410 1710 CAP.
1437 1652 1476 1710 Ι.
1503 1654 1628 1710 Non
1649 1656 1875 1714 sublata:
1899 1658 2115 1729 nuptiar,
2149 1657 2466 1731 virginitatis
2498 1655 2780 1726 pra'com'a.

481 1789 544 1846 ln
581 1789 668 1845 his
703 1789 886 1860 itaque
914 1804 1112 1846 exorsa
1159 1788 1460 1861 TheOpbila
1489 1799 1593 1848 est.
1627 1793 1981 1865 Quandoqui-

2151 1797 2338 1849 Εἱπεῖν
2369 1789 2461 1848 οῦν
2489 1793 2593 1864 ἔφη
2626 1793 2725 1864 τὴν
2749 1789 3160 1859 Θεοφίλαν.”οτι
3187 1789 3334 1843 δοκεῖ
3363 1805 3452 1860 μοι
3481 1788 3660 1859 ἀναγ-

411 1881 537 1936 dem
576 1896 740 1951 quam
783 1881 1039 1936 Marcella
1070 1882 1208 1936 bene
1240 1891 1483 1952 cmpcrat
1508 1884 1834 1950 orationem,
1869 1903 1982 1941 non

413 1973 745 2030 sufficienter
795 1974 1047 2038 absolvit,
1092 1989 1272 2044 opera:
1310 1976 1542 2045 pretium
1600 1977 1877 2042 existimo,
1924 1987 1984 2033 ut

413 2066 574 2121 ﬁnem
598 2068 838 2121 sermoni
868 2066 1147 2135 imponere
1170 2075 1436 2136 satagam.
1471 2067 1685 2123 Etenim
1714 2069 1782 2122 ad
1815 2071 1984 2140 virgi-

411 2158 636 2212 nitatem
685 2173 782 2228 per
830 2157 1115 2212 intervalla
1174 2158 1475 2228 profecisse
1533 2160 1828 2225 hominem,
1874 2161 1984 2216 Deo

410 2251 564 2306 illum
618 2252 786 2306 certis
836 2250 1050 2306 vicibus
1092 2257 1255 2320 atque
1304 2252 1564 2321 gradibus
1605 2262 1981 2322 promovente,

412 2341 673 2412 praeclare
720 2343 854 2396 mihi
911 2342 1250 2412 disputatum
1303 2353 1563 2413 apparet;
1609 2343 1753 2414 quod
1804 2355 1982 2400 autem

411 2435 617 2498 intulit,
649 2449 760 2489 non
787 2449 912 2489 esse
937 2433 1196 2504 deinceps
1232 2436 1587 2504 procreandis
1630 2436 1818 2491 liberis
1847 2436 1984 2491 dan-

412 2526 536 2581 dam
565 2541 810 2597 operam,
847 2526 991 2580 haud
1032 2527 1266 2596 probarc
1305 2529 1532 2596 possim.
1579 2526 1865 2584 Manifeste
1909 2527 1984 2584 si-

412 2617 630 2688 quidem
667 2633 732 2672 ex
782 2615 1084 2688 Scripturis
1136 2619 1270 2673 mihi
1317 2618 1616 2688 intelligere
1636 2618 1846 2684 videor,
1881 2635 1986 2674 no-

413 2709 584 2765 luisse
610 2708 704 2764 Dei
735 2709 995 2774 Verbum,
1028 2719 1317 2782 postquam
1361 2710 1727 2782 virginitatem
1780 2712 1985 2767 mundo

415 2802 622 2867 intulit,
639 2801 862 2854 omnino
891 2800 1157 2872 abrogare
1177 2801 1512 2872 conjugium.
1538 2801 1656 2857 Non
1682 2803 1827 2858 enim
1857 2819 1989 2873 quo-

412 2897 562 2952 niam
601 2892 876 2948 sideribus
925 2893 1052 2948 luna
1099 2894 1275 2964 major
1305 2903 1410 2959 est,
1442 2896 1704 2950 continuo
1758 2904 1986 2952 caetera-

415 3001 540 3041 rum
575 2985 855 3042 stellarum
886 2985 1071 3040 lumen
1099 2986 1484 3057 exstinguitur.

485 3098 819 3170 Incipiamus
870 3107 1051 3154 autem
1103 3113 1132 3152 a
1191 3097 1408 3167 Genesi,
1467 3106 1528 3153 ut
1590 3098 1985 3168 antiquissima;

417 3190 718 3261 Scriptura:
761 3204 922 3245 suum
982 3189 1194 3245 ordinis
1246 3193 1540 3260 primatum
1613 3191 1981 3261 assignemus.

410 3279 664 3337 Profecto
692 3281 788 3337 Dei
831 3282 1100 3337 sententia
1129 3290 1183 3337 et
1227 3289 1558 3352 praeceptum
1607 3283 1737 3338 illud
1762 3284 1804 3316 ¹⁸
1860 3299 1988 3354 pro-

413 3373 646 3444 pagandi
688 3374 924 3444 generis,
949 3374 1110 3429 etiam
1133 3373 1296 3430 hodie
1315 3375 1458 3444 viget
1485 3381 1539 3428 et
1565 3383 1812 3430 servatur
1837 3393 1850 3429 :
1877 3375 1986 3430 Deo

411 3464 710 3519 etiamnum
760 3464 996 3519 hominis
1047 3463 1316 3518 formandi
1375 3463 1584 3533 opiﬁce.
1640 3462 1755 3519 Hoc
1785 3465 1985 3520 etenim

411 3554 573 3626 plane
609 3553 956 3609 manifestum
979 3563 1248 3618 est,nunc
1280 3569 1497 3624 quoque
1527 3555 1673 3610 velut
1703 3555 1879 3625 pictor
1903 3565 1987 3610 ta-

410 3643 632 3708 bellam,
664 3645 745 3700 sic
767 3644 934 3699 Deum
982 3646 1245 3699 mundum
1290 3644 1523 3710 eﬂicere,
1553 3646 1631 3699 uti
1663 3663 1794 3702 sane
1821 3649 1984 3702 etiam

412 3733 677 3788 Dominus
700 3735 906 3800 docuit,
935 3735 1065 3790 dum
1107 3737 1183 3789 ait
1224 3755 1237 3790 :
1277 3735 1442 3791 Pater
1470 3753 1614 3792 meus
1641 3754 1803 3808 usque
1834 3737 1986 3792 modo

413 3837 663 3897 operatur
681 3828 746 3882 η.
775 3826 976 3882 Verum
1001 3828 1094 3883 ubi
1118 3827 1345 3883 ﬂumina
1375 3844 1598 3884 cursum
1617 3844 1775 3883 suum
1807 3830 1987 3885 absol-

412 3920 612 3986 verint,
663 3934 830 3989 seque
867 3927 1024 3976 vasto
1069 3920 1239 3978 maris
1277 3921 1430 3977 alveo
1474 3921 1842 3988 reddiderint;
1891 3920 1984 3976 ubi

413 4011 599 4067 lumen
641 4027 670 4066 a
713 4013 950 4068 tenebris
983 4013 1224 4083 perfecte
1267 4024 1574 4085 separatum
1623 4014 1786 4068 fuerit
1819 4013 1985 4084 (nunc

410 4103 557 4159 enim
596 4103 776 4158 adhuc
830 4105 887 4159 in
930 4105 1032 4159 ista
1081 4105 1425 4175 separatione
1477 4105 1846 4176 laboramus);
1890 4105 1983 4160 ubi

414 4193 628 4250 fructus
651 4210 780 4250 suos
805 4211 930 4250 cum
963 4197 1251 4266 reptilibus
1277 4204 1332 4251 et
1355 4195 1803 4266 quadrupedibus
1824 4196 1986 4252 edere

413 4286 670 4358 deinceps
710 4288 864 4342 arida
891 4287 1138 4352 desierit,
1171 4295 1225 4344 et
1258 4287 1505 4357 expletus
1534 4288 1640 4343 erit
1679 4288 1983 4358 prreﬁnitus

412 4374 696 4430 hominum
728 4393 1009 4443 numerus,
1044 4386 1176 4433 tunc
1207 4393 1340 4433 sane
1393 4393 1424 4431 a
1472 4378 1782 4448 generando
1813 4379 1983 4434 absti-

2089 1890 2244 1941 καῖον
2288 1881 2446 1949 εἶναι,
2503 1883 2689 1954 ἐπειδὴ
2723 1881 2902 1945 καλῶς
2952 1882 2985 1951 ὴ
3037 1880 3330 1952 Μαρκέλλα
3369 1882 3662 1953 ὁρμήσασα

2084 1978 2176 2031 ἐπὶ
2204 1979 2296 2032 τὸν
2325 1977 2504 2046 λόγον,
2535 1977 2633 2045 οὐχ
2663 1975 2860 2038 ἱκανῶς
2882 1973 3214 2044 ἐπλήρωσεν,
3238 1974 3336 2044 ἐμὲ
3363 1975 3660 2045 πειρᾶσθαι.

2082 2072 2234 2134 τέλος
2263 2069 2528 2124 ἐπιθεῖναι
2558 2067 2635 2138 τῷ
2667 2067 2830 2137 λόγῳ.
2851 2067 2923 2119 Τὸ
2953 2066 3092 2136 μετὰ
3120 2066 3228 2136 γὰρ
3257 2068 3336 2129 είς
3361 2066 3662 2139 παρθενίαν

2086 2165 2150 2216 ὲκ
2179 2161 2496 2234 προϐάσεως
2527 2157 2800 2231 προκόψαι
2828 2158 2919 2210 τὸν
2963 2158 3266 2229 ἄνθρωπον,
3291 2156 3424 2209 Θεοῦ
3451 2174 3662 2229 παρορ-

2089 2255 2356 2324 μήσαντος
2402 2251 2564 2304 αὐτὸν
2611 2249 2752 2303 κατὰ
2798 2247 2986 2320 καιρὸν
3014 2247 3108 2300 καὶ
3152 2247 3360 2317 καιρὸν,
3393 2247 3542 2300 δοκεῖ
3570 2265 3660 2319 μοι

2085 2345 2263 2409 καλῶς
2306 2342 2609 2397 διελέσθαι·
2653 2343 2714 2396 τὸ
2748 2341 2805 2395 δὲ
2841 2340 3033 2412 μηκέτι
3058 2341 3255 2411 χρῆναι
3288 2339 3467 2407 λέγειν
3510 2341 3664 2394 τοῦν-

2084 2436 2272 2492 τεῦθεν
2300 2437 2655 2504 τεκνογονεῖν,
2687 2433 2747 2486 οὐ
2783 2432 2979 2496 καλῶς.
2999 2431 3138 2501 Ἐγὼ
3171 2431 3277 2504 γὰρ
3309 2431 3664 2503 καθεωρακέ-

2085 2549 2172 2585 ναι
2203 2549 2293 2600 μοι
2320 2529 2460 2584 δοκῶ
2491 2528 2672 2598 σαφῶς
2702 2527 2808 2581 ἀπὸ
2840 2527 2946 2579 τῶν
2968 2525 3222 2596 Γραφῶν,
3251 2527 3332 2578 ὅτι
3361 2526 3664 2597 παρθενίας

2085 2621 2367 2692 ἐλθούσης,
2392 2621 2421 2672 6
2446 2619 2615 2686 Λόγος
2639 2617 2739 2671 οὐκ
2768 2616 2943 2670 ἀνεῖλε
2968 2617 3144 2686 πάντη
3173 2616 3273 2688 τὴν
3291 2615 3658 2684 τεκνογονίαν.

2087 2713 2302 2784 Οὺ’γὰρ
2342 2710 2526 2782 ἐπειδὴ
2557 2709 3007 2780 τῶνάστέρωνή
3046 2709 3241 2780 σελήνη
3277 2708 3482 2779 μείζων
3523 2707 3661 2772 ἐστὶ,

2086 2805 2238 2877 παρὰ
2267 2803 2422 2858 τοῦτο
2454 2802 2560 2856 τῶν
2591 2802 2764 2858 ἄλλων
2813 2802 3058 2874 ἀστέρων
3093 2803 3153 2855 τὸ
3191 2801 3306 2871 φῶς
3333 2802 3659 2872 ἀναιρεῖται.

2171 3092 2485 3167 Ἀρξώμεθα
2515 3092 2571 3146 δὲ
2601 3091 2706 3146 ἀπὸ
2728 3092 2826 3162 τῆς
2857 3091 3146 3156 Γενέσεως,
3178 3091 3264 3144 ἵνα
3301 3091 3370 3163 δὴ
3396 3109 3492 3147 ιωιι
3532 3108 3666 3164 πρε-

2087 3187 2365 3257 σϐεύωμεν
2413 3185 2610 3257 μᾶλλον
2647 3184 2743 3256 τὴν
2774 3185 3014 3256 Γραφήν.
3035 3186 3097 3237 Ἠ
3125 3189 3233 3256 γὰρ
3265 3185 3544 3254 ἀπόφασις
3569 3182 3663 3237 τοῦ

2085 3279 2241 3344 Θεοῦ,
2272 3280 2366 3333 καὶ
2399 3279 2459 3332 τὸ
2487 3279 2762 3349 διάταγμα
2799 3277 2860 3330 τὸ
2897 3277 2988 3331 ἐπὶ
3011 3279 3108 3349 τῆς
3137 3279 3503 3342 τεκνοποιίας,
3534 3280 3664 3349 ὁμο-

2084 3365 2425 3436 λογουμένως
2456 3366 2616 3438 μέχρι
2649 3367 2743 3419 καὶ
2784 3365 2880 3419 νῦν
2923 3366 3368 3438 συμπληροῦταιο
3405 3367 3663 3422 πλάσσον-

2084 3473 2175 3519 τος
2207 3457 2294 3509 τὸν
2321 3456 2605 3528 ἄνθρωπον
2629 3456 2709 3508 ἔτι
2729 3456 2822 3509 τοῦ
2852 3454 3204 3527 δημιουργοῦ.
3235 3456 3407 3510 Τοῦτο
3438 3457 3544 3529 γὰρ
3569 3456 3663 3510 καὶ

2086 3549 2262 3617 πάντη
2295 3548 2622 3616 καταφανὲς,
2642 3548 2717 3610 ὡς
2747 3547 2855 3618 ἄρα
2879 3546 2968 3599 τὸν
2997 3547 3199 3618 κόσμον
3227 3547 3412 3618 ἀκμὴν
3433 3538 3661 3619 ἐργάζε-

2085 3657 2174 3694 ται
2209 3638 2512 3714 ζωγραφῶν
2544 3642 2571 3692 6
2601 3641 2751 3704 Θεὸς,
2785 3639 2973 3710 ὥσπερ
3001 3639 3064 3710 δὴ
3093 3640 3186 3693 καὶ
3208 3643 3235 3693 6
3260 3640 3467 3712 Κύριος
3489 3638 3661 3692 ἐδίδα-

2087 3730 2195 3796 ξεν,
2233 3733 2379 3798 Ἕως
2403 3730 2532 3798 ἄρτι
2564 3733 2597 3784 ό
2619 3730 2821 3798 Πατήρ
2837 3749 2955 3799 μου
2974 3730 3288 3801 ἐργάζεται,
3312 3731 3502 3799 λέγων.
3523 3729 3660 3782 Ἀλλ’

2084 3824 2283 3877 ὁπόταν
2315 3826 2363 3877 οἱ
2399 3823 2632 3894 ποταμοὶ
2665 3823 2764 3895 ήδη
2791 3823 3136 3894 λωφήσωσιν,
3161 3826 3239 3886 εἰς
3257 3823 3320 3875 τὺ
3343 3822 3441 3893 τῆς
3469 3821 3662 3874 θαλάσο

2087 3931 2188 3984 σης
2219 3913 2590 3978 είσϐάλλοντες
2620 3915 2859 3983 ἀγγεῖον,
2893 3913 3068 3968 καὶτὸ
3103 3914 3218 3984 φῶς
3246 3913 3466 3976 τελείως
3498 3929 3662 3982 χωρι-

2086 4004 2184 4076 σθῇ
2233 4005 2326 4058 τοῦ
2381 4007 2620 4072 σκότους,
2658 4005 2794 4077 (νῦν
2843 4006 2951 4078 γὰρ
2989 4005 3067 4058 ἔτι
3099 4003 3531 4077 διαχωρίζεται·)
3565 4000 3660 4055 καὶ

2083 4098 2210 4161 τοὺς
2255 4100 2500 4168 καρποὺς
2545 4097 2682 4169 μετὰ
2733 4098 2842 4152 τῶν
2890 4097 3132 4169 ἑρπετῶν
3180 4098 3274 4150 καὶ
3314 4093 3658 4167 τετραπόδων

2083 4190 2385 4244 ἀναδιδόναι
2434 4189 2710 4262 παύσηται
2759 4189 3000 4260 λοιπὸνή
3034 4189 3191 4262 ξηρὰ,
3220 4190 3313 4242 καὶ
3353 4191 3380 4241 6
3423 4203 3658 4258 προωρι-

2086 4283 2281 4354 σμένος
2310 4281 2419 4337 τῶν
2445 4281 2746 4354 ἀνθρώπιον
2770 4281 3000 4352 ἀριθμὸς
3023 4279 3383 4351 ἀναπληρωθῇ
3407 4295 3419 4308 ·
3443 4277 3562 4330 τότε
3589 4277 3654 4347 δὴ

2083 4376 2271 4429 λοιπὸν
2287 4374 2497 4444 καὶτῆς
2511 4373 2854 4437 παιδοποιίας
2875 4373 3157 4441 ἀφεκτέον.
3175 4370 3289 4424 Νῦν
3319 4369 3426 4439 γὰρ
3454 4369 3533 4430 είς
3557 4369 3653 4438 τὴν

414 4470 656 4524 nendum
691 4470 816 4524 erit.
847 4468 1006 4524 Nunc
1028 4470 1174 4526 enim
1198 4469 1408 4524 edenda
1441 4469 1531 4524 Dei
1562 4470 1798 4540 imagine
1828 4485 1984 4524 suam

2089 4468 2272 4522 εἰκόνα
2297 4465 2388 4519 τοῦ
2415 4464 2550 4518 Θεοῦ
2580 4465 2671 4519 τὸν
2703 4464 2985 4536 ἄνθρωπον
3010 4464 3218 4534 ἀνάγκη
3249 4461 3546 4532 συνεργεῖν,
3573 4459 3654 4511 ἔτι

322 4584 324 4586 τ
411 4560 687 4616 hominem
710 4561 958 4617 conferre
993 4576 1214 4632 operam
1257 4575 1486 4615 necesse
1513 4569 1618 4626 est,
1647 4562 1777 4615 dum
1808 4561 1985 4616 adhuc

2089 4556 2418 4619 συνεστῶτος
2458 4553 2553 4606 τοῦ
2607 4555 2812 4626 κόσμου
2857 4554 2950 4608 καὶ
2995 4551 3428 4622 τεκταινομένου.
3458 4548 3654 4611 Αὺξά-

412 4659 520 4707 stat
539 4651 798 4716 mundus,
821 4652 1087 4722 novisque
1109 4651 1351 4722 quotidie
1369 4651 1604 4707 molibus
1633 4652 1752 4721 ejus
1778 4651 1986 4706 fabrica

2089 4650 2263 4702 νεσθε
2298 4647 2425 4718 γὰρ,
2459 4645 2672 4717 ἐλέχθη,
2728 4645 2827 4699 καὶ
2878 4643 3274 4712 πληθύνεσθε.
3309 4641 3418 4693 Καὶ
3450 4639 3509 4692 οὐ
3547 4636 3654 4710 χρὴ

417 4743 766 4814 adimpletur.
823 4742 1078 4807 Crescite,
1121 4743 1290 4807 enim,
1328 4743 1527 4813 inquit,
1557 4752 1607 4797 et
1659 4744 1984 4813 multiplica-

2089 4737 2143 4791 τὸ
2174 4736 2450 4807 διάταγμα
2485 4734 2864 4807 βδελύσσεσθαι
2896 4732 2989 4788 τοῦ
3017 4729 3379 4804 Δημιουργοῦ,
3411 4727 3470 4793 ἐξ
3499 4723 3559 4781 οῦ
3589 4726 3654 4798 δὴ

413 4837 545 4888 mini
561 4837 626 4888 ὀ.
645 4833 756 4890 Nec
786 4833 868 4889 fas
897 4842 981 4890 est
1003 4833 1279 4890 Creatoris
1307 4842 1634 4906 przeceptum
1659 4834 1983 4900 abominari,

2089 4831 2178 4885 ml.
2205 4832 2363 4884 αὐταὶ
2386 4830 2707 4900 γεγόναμεν.
2727 4828 2890 4899 Ἀρχὴ
2916 4827 3023 4897 γὰρ
3060 4825 3322 4895 γενέσεως
3355 4820 3653 4894 ἀνθρώπων

413 4944 479 4983 ex
503 4944 612 4998 quo
641 4929 802 4983 nobis
827 4935 910 4982 est
935 4926 1079 4997 quod
1111 4927 1806 4998 exsistimus.Principium
1837 4927 1984 4981 enim

2089 4924 2115 4994 ἡ
2148 4921 2242 4975 τοῦ
2273 4921 2584 4993 σπέρματος
2609 4923 2687 4984 εἰς
2713 4920 2839 4982 τοὺς
2866 4917 3105 4980 αῦλακας
3129 4915 3228 4985 τῆς
3264 4916 3474 4984 μήτρας
3505 4911 3652 4980 γίνε-

413 5020 782 5090 generationis
833 5019 1114 5073 hominum
1166 5019 1392 5074 seminis
1441 5019 1497 5072 in
1529 5018 1762 5089 genitale
1793 5033 1984 5072 arvum

2089 5032 2170 5067 ται
2205 5013 2496 5083 καταϐολὴ,
2524 5013 2670 5074 ὅπως
2697 5012 2759 5063 τὸ
2783 5013 2847 5064 ἐκ
2875 5009 2982 5062 τῶν
3009 5008 3209 5061 ὀστέων
3247 5005 3456 5071 ὀστοῦν,
3490 5003 3581 5056 καὶ
3617 5003 3650 5070 ἡ

414 5111 675 5166 demissio
702 5118 806 5174 est,
833 5120 893 5165 ut
919 5127 986 5166 ex
1015 5112 1234 5166 ossibus
1263 5125 1325 5166 os
1355 5117 1408 5165 et
1437 5126 1502 5166 ex
1532 5125 1700 5165 carne
1730 5125 1882 5174 caro,
1903 5124 1986 5164 ar-

2089 5109 2148 5160 ὲκ
2189 5107 2288 5178 τῆς
2333 5105 2534 5175 σαρκὸς
2576 5102 2711 5174 σὰρξ
2759 5103 2945 5173 ἕτερος
2994 5100 3279 5173 ἄνθρωπος
3309 5097 3522 5168 ἀοράτῳ
3552 5092 3647 5162 λη-

415 5214 550 5254 cana
569 5201 620 5254 vi
645 5199 951 5271 desumpta,
973 5201 1029 5255 in
1051 5203 1280 5257 alterum
1306 5215 1498 5256 rursus
1530 5200 1806 5257 hominem
1839 5201 1987 5271 ejus-

2089 5199 2286 5269 φθέντα
2323 5198 2546 5269 δυνάμει
2596 5196 2756 5250 πάλιν
2808 5195 2916 5249 ἀπὸ
2960 5195 3056 5248 τοῦ
3107 5193 3269 5248 αὐτοῦ
3300 5191 3532 5261 τεχνίτου
3557 5185 3651 5255 δη·-

417 5289 538 5344 dem
568 5289 791 5345 artificis
817 5306 982 5361 opera
1011 5291 1338 5346 condantur.
1373 5290 1464 5345 Sic
1488 5292 1633 5347 enim
1657 5292 1868 5362 impleri
1890 5307 1984 5361 pu-

2090 5290 2482 5363 μιουργηθῶσι.
2510 5289 2694 5362 Ταύτῃ
2741 5288 2850 5360 γὰρ
2899 5287 3112 5357 ἐκείνην
3142 5283 3365 5358 ἡγητέον
3411 5275 3647 5348 πληΡ⁰ὖ’

413 5385 638 5441 tandum
665 5399 785 5439 eam
811 5387 1137 5441 sententiam
1175 5405 1188 5440 :
1223 5384 1339 5439 Hoc
1386 5401 1523 5440 nunc
1577 5401 1633 5440 os
1661 5399 1726 5439 ea:
1776 5385 1984 5440 ossibus

2089 5384 2210 5438 σθαι
2238 5385 2335 5456 τὴν
2366 5384 2567 5454 φωνήψ
2604 5382 2782 5438 Τοῦτο
2803 5381 2918 5436 νῦν
2947 5380 3171 5436 ὀστοῦν
3195 5377 3262 5430 ἐκ
3283 5373 3398 5428 τῶν
3424 5366 3650 5424 ὀστέων

414 5480 560 5554 meis,
592 5489 639 5532 et
670 5495 794 5533 caro
819 5479 882 5533 de
903 5495 1060 5533 carne
1081 5495 1197 5533 mea
1218 5480 1284 5534 ²².

2089 5495 2221 5548 μου,
2253 5475 2352 5531 καὶ
2380 5475 2536 5546 σὰρξ
2557 5475 2625 5530 ἐκ
2645 5473 2756 5545 τῆς
2775 5474 3004 5545 σαρκός
3020 5490 3158 5544 μου.

489 5681 531 5713 ⁸⁸
555 5679 682 5737 Gen.
723 5699 762 5749 ι,
789 5681 879 5736 28.
959 5683 1003 5716 ¹⁹
1028 5681 1191 5737 Joan.
1224 5698 1278 5749 v,
1309 5682 1398 5740 l7.
1472 5684 1520 5715 '°
1553 5681 1679 5740 Gen.
1714 5698 1754 5748 l,
1785 5682 1878 5740 28.
1953 5684 1994 5715 ¹¹

2089 5701 2166 5740 cn.
2201 5699 2263 5751 ιι,
2297 5681 2390 5738 25.
