3866 6160
214 329 283 385 69
1310 328 1697 388 CONVIVIUM
1738 329 1968 387 DECEM
2010 330 2378 393 VIRGINUM.
3401 333 3479 391 50

211 459 339 515 Cn.
360 457 427 513 ll.
456 459 759 528 Generatio,
789 463 974 534 afﬁnis
999 464 1190 535 prima
1218 460 1344 521 Eme
1371 480 1440 523 ea:
1463 475 1615 523 costa
1649 477 1698 521 et
1733 483 1844 521 osse
1869 467 2004 551 {idae
2036 469 2370 541 formationi.
2410 468 2547 527 Deus
2570 471 2840 526 hominum
2865 471 3111 529 conditor
3142 475 3197 528 in
3221 488 3471 534 consueta

1663 550 2019 609 generatione.

282 646 456 701 Τοῦτο
485 647 595 721 γὰρ
625 648 759 712 ῖσως
790 649 1039 721 ᾐνίσσετο
1088 651 1185 706 καὶ
1229 653 1262 724 ἡ
1313 653 1451 724 μετά
1497 653 1589 709 τὸν
1628 654 1785 711 ῦπνοι

1969 656 2027 712 Id
2080 656 2226 712 enim
2281 656 2514 713 forsitan
2561 656 2828 713 innuebat
2884 656 2980 713 illa
3028 673 3127 729 per
3193 658 3469 715 somnium

207 734 470 804 ὰστασις
518 739 875 812 ὲπιϐληθεῖσα
914 741 992 814 τῷ
1035 741 1464 815 πρωτοπλάστῳ,
1502 745 1794 817 προδιατυ-

207 835 459 905 ,θεωμένη
500 832 598 906 τὴν
627 834 721 886 ἐπὶ
766 833 869 905 τῆς
905 834 1220 907 φιλοτησίας
1251 835 1426 904 θέλξιν
1457 836 1552 892 τοῦ
1578 837 1795 911 ἀνδρὸς,

206 926 372 981 ὁπότε
425 926 659 999 διψήσας
706 926 913 982 τέκνων
960 927 1256 993 ἐξίσταται,
1280 930 1403 993 ταῖς
1453 929 1793 999 παιδογόνοις

208 1019 572 1092 θηλυνόμενος
616 1021 739 1076 καθ’
772 1020 938 1074 ὕπνον
982 1019 1216 1092 ἡδοναῖς,
1251 1021 1339 1074 ἵνα
1390 1020 1552 1075 πάλιν
1581 1038 1657 1087 τι,
1683 1022 1795 1075 ἀπὸ

205 1109 319 1163 τῶν
349 1110 525 1164 ὀστῶν
544 1111 710 1165 αὐτοῦ
736 1112 831 1165 καὶ
858 1111 958 1183 τῆς
984 1111 1184 1183 σαρκὸς
1210 1111 1579 1176 ἀποσπασθὲν,
1608 1112 1795 1185 ἐτερος

207 1202 516 1276 ἄνθρωπος,
546 1204 624 1267 ὼς
674 1203 834 1275 ἔφην,
877 1203 1795 1277 ἀναπληρωθῇ.Ἑκταρασσομένης

207 1294 315 1366 γὰρ
352 1295 451 1365 τῆς
482 1295 750 1367 ἁρμονίας
773 1295 880 1349 τῶν
908 1296 1176 1367 σωμάτων
1213 1299 1272 1350 ἐν
1298 1300 1411 1361 τοῖς
1439 1298 1581 1352 κατά
1605 1316 1794 1353 συνου-

207 1386 329 1440 σίαν
373 1387 707 1459 ἐρεθισμοῖς,
742 1387 818 1450 ὡς
863 1390 913 1442 οἱ
962 1388 1338 1462 τετελεσμένοι
1382 1391 1483 1464 τὴν
1522 1392 1793 1463 γαμήλιον

202 1478 355 1548 ἡμᾶς
386 1478 700 1533 διδάσκουσι
731 1480 974 1553 τελετὴν,
1006 1484 1113 1537 πᾶν
1139 1483 1200 1537 τὸ
1224 1484 1497 1555 μυελῶδες
1514 1483 1610 1538 τοῦ
1632 1486 1795 1556 αἷμα-

202 1586 295 1633 τος
350 1572 447 1624 καὶ
490 1571 879 1644 γονιμώτατον,
909 1576 1046 1647 ὅπερ
1080 1576 1227 1631 ἐστὶν
1271 1578 1438 1649 ὑγρὸν
1484 1578 1697 1645 ὀστοῦν,
1728 1580 1793 1632 ἐκ

203 1662 426 1716 πάντων
457 1665 912 1740 ἐπαθροιζόμενον
938 1667 1046 1722 τῶν
1072 1668 1270 1740 μελῶν,
1294 1670 1671 1743 ἀφροποιῆσαν
1695 1671 1792 1725 καὶ

202 1756 547 1829 θρομδωθέν,
576 1760 665 1814 διά
696 1760 805 1814 τῶν
833 1760 1168 1830 παιδογόνων
1197 1764 1277 1827 εἰς
1300 1762 1400 1835 τὴν
1420 1763 1662 1836 ἔμψυχον
1691 1766 1790 1838 τῆς

203 1847 427 1920 θηλείας
469 1850 680 1917 ἐξύεται
712 1852 835 1923 γῆν.
861 1854 1099 1920 Εἰκότως
1132 1855 1239 1927 ἄρα
1265 1855 1449 1910 ἕνεκεν
1473 1857 1663 1911 τούτου
1692 1875 1793 1912 κα-

198 1941 450 1996 ταλιπεῖν
489 1944 739 1999 λέλεκται
766 1947 859 2002 τὸν
886 1948 1096 2020 πατέρα
1126 1950 1221 2002 καὶ
1253 1949 1354 2022 τὴν
1401 1950 1634 2023 μητέρα,
1668 1951 1789 2005 τότε

1892 749 2071 819 primo
2101 749 2307 803 homini
2332 748 2533 819 injecta
2561 748 2819 813 exstasis,
2862 748 2971 804 viri
3000 749 3144 805 inter
3172 751 3469 808 muliebres

1894 841 2177 911 amplexus
2200 841 2558 896 mulcedinem
2583 842 2731 896 illam
2769 842 3145 914 praeﬁgurans,
3176 857 3302 899 cum
3328 844 3470 901 libe-

1892 949 2082 989 rorum
2113 934 2305 990 sitiens
2335 949 2364 987 a
2423 949 2482 990 se
2513 936 2675 1004 quasi
2731 934 2969 1003 excedit,
3013 934 3342 1006 genitalibus
3371 952 3472 1009 per

1891 1040 2145 1081 somnum
2172 1023 2514 1081 effeminatus
2540 1024 2773 1089 deliciis,
2801 1032 2862 1079 ut
2889 1041 3111 1081 rursum
3137 1027 3209 1083 ab
3228 1027 3349 1099 ejus
3376 1044 3475 1085 os-

1892 1117 2048 1173 sibus
2084 1124 2140 1172 et
2172 1132 2338 1173 carne
2367 1117 2656 1187 decerptus
2711 1112 3112 1190 delibatusque,
3170 1120 3333 1185 alius,
3386 1123 3468 1177 uti

1891 1213 2163 1278 dicebam,
2190 1213 2355 1269 homo
2378 1212 2687 1283 impleatur.
2719 1211 2958 1270 Turbata
2990 1214 3136 1270 enim
3174 1231 3468 1287 corporum

1890 1306 2178 1361 harmonia
2201 1306 2607 1363 titillationibus
2634 1307 2835 1371 coitus,
2866 1307 2948 1362 uti
2993 1322 3095 1364 nos
3124 1307 3345 1373 docent,
3371 1308 3468 1378 qui

1890 1413 2031 1477 Opus
2061 1401 2310 1456 maritale
2339 1402 2545 1472 experti
2601 1409 2751 1469 sunt,
2803 1402 3105 1458 medullosa
3144 1417 3374 1473 qumque
3402 1414 3469 1455 ae

1890 1490 2136 1562 proliﬁca
2194 1506 2322 1563 pars
2353 1492 2660 1563 sanguinis,
2697 1493 2844 1564 quod
2887 1508 2950 1548 os
2991 1491 3266 1565 quoddam
3296 1492 3465 1564 liqui-

1891 1583 2021 1639 dum
2050 1590 2160 1653 est,
2190 1600 2254 1639 ex
2284 1585 2502 1640 cunctis
2530 1592 2722 1641 coacta
2751 1584 3032 1651 membris,
3052 1599 3312 1655 spumoso
3339 1598 3473 1641 coa-

1889 1675 2017 1747 gulo
2042 1689 2428 1741 concrescens,
2491 1691 2589 1747 per
2620 1677 2902 1733 naturales
2934 1683 3147 1732 meatus
3180 1676 3236 1731 in
3287 1675 3468 1731 vivam

1890 1765 2105 1821 feminae
2136 1764 2359 1819 humum
2376 1764 2671 1837 expluitur.
2691 1763 2881 1820 Merito
2900 1772 3122 1835 propter
3143 1766 3246 1820 hoc
3260 1762 3468 1819 dictum

1888 1868 1992 1923 est,
2028 1858 2414 1915 derelicturum
2439 1858 2714 1913 hominem
2739 1865 2946 1929 patrem
2975 1865 3027 1912 et
3051 1867 3299 1922 matrem,
3329 1871 3469 1912 cun-

1889 1954 1993 2007 ctis
2022 1959 2243 2022 repente
2269 1967 2366 2022 per
2394 1951 2509 2006 haec
2572 1951 2860 2006 intervalla
2887 1950 3149 2005 memoria
3202 1950 3469 2007 elabenti-

200 2035 421 2089 πάντων
452 2035 665 2109 ἀθρόως
690 2039 1103 2111 ἀμνημονήσας,
1131 2040 1218 2093 ὅτε
1244 2040 1617 2113 φιλοστόργοις
1640 2041 1785 2095 ἐνούα

1890 2042 2015 2107 bus,
2062 2044 2189 2098 dum
2243 2042 2620 2113 conjugalibus
2652 2042 3261 2114 ntulieriagglutinatus
3312 2057 3470 2099 com-

200 2143 363 2197 μενος
384 2129 451 2198 τῇ
481 2131 700 2197 γυναικὶ
730 2130 1092 2202 συμπλοκαῖς,
1126 2133 1354 2205 κάτοχος
1381 2135 1675 2205 ἐπιθυμίας
1695 2134 1782 2204 γί-

198 2235 349 2271 νεται
384 2221 729 2293 γεννητικῆς,
759 2223 1016 2294 παρέχων
1053 2225 1401 2296 ἀφαιρεῖσθαι
1428 2226 1506 2297 τῷ
1528 2227 1657 2299 θείῳ
1684 2227 1784 2301 τὴν

195 2310 443 2382 πλευρὰν
474 2311 811 2386 δημιουργῷ,
853 2318 1003 2382 ὅπως
1027 2319 1086 2386 ἐξ
1117 2320 1233 2374 υἱοῦ
1267 2321 1333 2394 δὴ
1365 2323 1460 2376 καὶ
1485 2322 1647 2387 αὐτὸς
1673 2339 1781 2378 πα-

194 2402 303 2476 τὴρ
333 2404 499 2458 πάλιν
522 2408 754 2478 ἐκφανῇ.

271 2496 484 2550 Οὐκοῦν
508 2498 676 2552 εἰσέτι
709 2498 1041 2567 πλάσσοντος
1083 2502 1179 2556 καὶ⁸
1220 2500 1315 2557 νῦν
1365 2501 1429 2575 δὴ
1460 2503 1551 2557 τὸν
1577 2504 1779 2577 ἄνθρω-

194 2604 299 2642 πον
321 2589 416 2642 τοῦ
443 2589 603 2654 Θεοῦ,
643 2591 759 2656 πῶς
781 2592 841 2645 οὐ
869 2593 1138 2666 τολμηρὸν
1178 2593 1241 2648 τὸ
1272 2594 1659 2666 βδελύσσεσθαι
1683 2599 1785 2670 τὴν

191 2681 576 2754 παιδουργίαν,
602 2684 669 2754 ἣν
700 2685 861 2750 αὐτὸς
888 2687 987 2740 οὐκ
1011 2687 1399 2758 ἐπαισχύνεται
1442 2692 1560 2754 ταῖς
1590 2691 1786 2763 ἀμιάν-

190 2789 308 2838 tot;
348 2775 378 2827 6
417 2776 824 2852 Παντοκράτωρ
873 2778 1241 2852 ἐργαζόμενος
1290 2782 1481 2855 χερσί;
1525 2782 1646 2853 Πρὸ
1677 2784 1784 2840 τοῦ

192 2865 306 2938 γάρ
338 2886 416 2936 με
453 2868 686 2924 πλάσαι
723 2888 797 2925 σε
824 2872 895 2927 ἐν
933 2873 1152 2940 κοιλίᾳ,
1201 2874 1526 2944 ἐπίσταμαί
1572 2892 1666 2942 σε,
1707 2875 1786 2948 τῷ

208 2958 451 3033 Ἱερεμίᾳ.
485 2963 636 3033 φησί.
672 2964 763 3036 Τῷ
781 2964 840 3019 δὲ
880 2966 999 3021 Ἰώὸ
1023 2984 1037 2998 ’
1071 2967 1168 3038 Μὴ
1195 2968 1300 3036 σὺ,
1337 2969 1541 3024 λαϐὼν
1561 2970 1782 3038 πηλόν,

191 3051 478 3119 ἔπλασας
503 3051 669 3119 ζῶον,
694 3055 793 3109 καὶ
825 3058 1095 3126 λαλητὸν
1126 3057 1273 3114 αὐτὸ
1314 3059 1633 3129 ἐποίησας,
1655 3058 1783 3130 ἔφη,

192 3143 293 3196 ἐπὶ
324 3143 435 3212 τῆς
473 3144 622 3215 quiq;
649 3148 762 3201 Καὶ
800 3150 830 3202 6
867 3147 984 3202 Ἰὼϐ
1023 3149 1158 3221 πρὸς
1189 3150 1348 3204 αὐτὸν
1377 3149 1643 3215 εὐκτικῶς
1673 3148 1785 3223 (28)

194 3235 445 3307 φέρεται,
476 3237 649 3307 λέγων
676 3241 766 3293 τόο
794 3244 863 3295 Al
884 3242 1080 3311 χεῖρές
1100 3257 1216 3297 σου
1245 3242 1545 3312 ἐποίησάν
1566 3260 1665 3314 με,
1684 3244 1784 3298 καὶ

192 3326 480 3382 ἐπλασὰν
529 3348 626 3398 με.
664 3329 790 3395 Πῶς
842 3330 899 3384 δὲ
953 3334 1054 3387 οὐκ
1099 3333 1297 3388 ἄτοπον
1330 3334 1410 3401 τὸ,
1444 3333 1785 3407 ἀπαγορεύε-

1887 2133 2160 2207 plexibus.
2184 2135 2436 2207 genitalis
2466 2135 2643 2206 impos
2666 2133 2909 2190 libidinis
2931 2135 3145 2191 evadit:
3173 2136 3470 2193 tollendam

1884 2229 2094 2277 costam
2114 2223 2303 2278 divino
2346 2223 2595 2293 praebens
2624 2221 2845 2289 artiﬁci,
2872 2230 2931 2277 ut
2954 2239 3020 2280 ex
3046 2223 3155 2280 tilio
3171 2226 3314 2282 idem
3338 2243 3472 2283 rur.

1884 2330 1980 2371 sus
2010 2320 2161 2386 pater
2181 2314 2431 2370 exsistat.

1954 2497 2343 2566 Quamobrem,
2372 2497 2483 2555 Deo
2510 2499 2813 2555 etiamnum
2837 2499 3082 2571 quotidie
3112 2516 3210 2572 per
3248 2500 3473 2573 nuptiae

1885 2591 1990 2647 lem
2015 2591 2285 2662 ejusmodi
2307 2606 2664 2662 congressum
2690 2592 2966 2647 hominem
2999 2591 3289 2660 formante,
3328 2610 3469 2665 quo-

1886 2682 2049 2738 modo
2080 2698 2191 2738 non
2216 2683 2569 2739 temerarium
2626 2683 2793 2739 fuerit
2820 2684 3125 2740 abominari
3171 2684 3468 2741 liberorum

1884 2777 2344 2849 procreationem,
2396 2776 2485 2832 cui
2541 2791 2672 2833 suas
2732 2777 3112 2834 immaculatas
3152 2777 3470 2834 immiscere

1884 2885 2082 2925 manus
2103 2869 2456 2940 omnipotens
2479 2868 2708 2924 Creator
2734 2868 2878 2923 haud
2913 2868 3236 2923 indecorum
3264 2868 3471 2924 ducat?

1886 2959 2227 3033 Priusquam.
2247 2963 2436 3027 enim,
2482 2962 2692 3031 inquit,
2743 2961 3029 3032 formarem
3084 2971 3133 3016 te
3184 2961 3239 3016 in
3295 2970 3468 3030 utero,

1886 3055 2004 3108 novi
2035 3063 2101 3119 te,
2134 3052 2428 3110 Jeremiam
2455 3054 2738 3125 alloquens
2760 3053 2909 3109 ".Et
2940 3054 3077 3111 Jobo
3106 3055 3279 3110 ait”:
3312 3052 3469 3108 Nun-

1885 3145 2011 3218 quid
2041 3158 2098 3201 tu
2137 3146 2495 3216 acceptolimo
2530 3147 2777 3217 efﬁnxiin
2817 3147 3041 3211 animal,
3094 3159 3143 3202 et
3178 3147 3354 3202 vocale
3394 3146 3467 3202 il-

1886 3237 1978 3293 lud
2012 3238 2184 3308 fecisti
2211 3254 2367 3308 super
2398 3241 2635 3295 terram?
2687 3238 2859 3295 Jobus
2904 3247 3086 3294 autem
3135 3246 3327 3293 contra
3355 3238 3469 3296 Deo

1886 3332 2113 3402 supplex
2148 3332 2380 3396 accedit,
2412 3329 2602 3387 dicens
2631 3331 2683 3363 “
2716 3350 2728 3384 :
2761 3330 2815 3384 Μ
2825 3348 2956 3386 anus
2983 3340 3088 3385 tua:
3108 3331 3340 3400 fecerunt
3362 3346 3465 3395 me,

197 3417 323 3473 σθαι
375 3421 571 3490 γάμων
616 3423 955 3494 συναλλαγὰς
977 3465 993 3489 ,
1049 3426 1519 3498 προσδοκωμένων
1564 3426 1644 3479 ἔτι
1690 3428 1784 3482 καὶ

1886 3434 1935 3481 et
1968 3427 2364 3495 plasmaverunt
2394 3442 2494 3481 me.
2530 3423 2815 3492 Quomodo
2860 3438 2991 3479 vero
3030 3439 3139 3479 non
3167 3422 3467 3479 absurdum

198 3510 316 3581 μεθ’
347 3514 499 3582 ἡμᾶς
527 3512 745 3567 ἔσεσθαι
783 3516 1097 3588 μαρτύρων,
1130 3517 1354 3571 καὶτῶν
1385 3517 1782 3589 ἀντιτασσομέ-

194 3619 302 3655 νων
330 3604 408 3675 τῷ
451 3605 694 3677 πονηρῷ,
720 3606 788 3660 δι’
821 3606 915 3673 οὓς
956 3608 1021 3679 δὴ
1050 3610 1145 3663 καὶ
1186 3608 1285 3675 τὰς
1318 3609 1535 3682 ἡμέρας
1561 3611 1591 3663 6
1628 3608 1783 3677 λόγος

195 3695 564 3765 ἐπηγγείλατο
613 3697 1116 3771 κολοϐωθήσεσθαι;
1168 3702 1229 3755 Εἰ
1275 3701 1386 3775 γὰρ
1430 3702 1652 3773 φαῦλον,
1706 3704 1782 3767 ὡς

197 3785 352 3857 ἔφης,
386 3788 722 3844 ἀπεντεῦθεν
768 3791 1078 3862 νενόμισται
1110 3792 1189 3864 τῷ
1218 3793 1337 3865 Θεῷ
1381 3792 1443 3847 τὸ
1488 3795 1782 3849 παιδοσπο-

199 3882 331 3948 ρεῖν,
365 3879 433 3932 δι’
462 3882 529 3952 ἡν
572 3882 750 3936 αἰτίαν
780 3885 830 3937 οἰ
871 3884 1021 3955 παρά
1059 3885 1239 3956 δόγμα
1273 3886 1529 3959 φυόμενοι
1557 3888 1651 3942 καὶ
1680 3886 1781 3960 τὴν

199 3969 392 4043 βουλὴν
424 3973 524 4045 τὴν
572 3973 739 4039 θείαν,
769 3977 1051 4048 εὐάρεστοι
1080 3978 1396 4050 δυνήσονται
1430 3979 1779 4052 παραστῆναι

195 4064 271 4136 τῷ
314 4065 471 4138 Θεῷ;
516 4067 585 4122 Ἦ
616 4070 734 4133 πῶς
762 4071 861 4124 οὐκ
892 4071 1106 4144 ἀνάγκη
1159 4068 1300 4127 εἶναι
1340 4073 1608 4146 κίϐδηλον,
1644 4071 1781 4127 ἀλλά

201 4157 275 4230 μὴ
301 4158 534 4229 θεοφυὲς
567 4160 679 4230 (29)
706 4162 767 4216 τὸ
789 4163 1001 4234 τεχθὲν,
1037 4166 1086 4218 εἰ
1109 4165 1262 4235 παρά
1298 4166 1398 4237 τὴν
1428 4163 1654 4236 γνώμην
1683 4163 1779 4218 καὶ

196 4251 257 4304 τὺ
293 4252 572 4325 διάταγμα
604 4254 760 4328 δίκην
798 4259 1305 4330 πραχαρὰγματος
1344 4259 1642 4313 πλάσσεται
1679 4258 1781 4329 τῆς

199 4339 512 4415 δυνάμεως
546 4346 637 4400 ἵνα
688 4347 753 4420 δὴ
809 4349 906 4403 καὶ
948 4349 1257 4423 ἀνθρώποις
1306 4349 1566 4405 δύνασθαι
1594 4349 1776 4421 δῶμεν

199 4435 737 4508 ἀνθρωποπλαστεῖν.

1890 3516 2056 3572 fuerit
2075 3516 2368 3587 prohibere
2400 3530 2731 3586 congressus
2761 3513 3054 3585 nuptiales,
3110 3527 3237 3568 cum
3269 3527 3467 3583 exspe-

1889 3616 2108 3664 ctentur
2139 3610 2303 3665 etiam
2329 3617 2453 3678 post
2483 3623 2587 3663 nos
2635 3606 2804 3662 futuri
2827 3612 3120 3677 martyres,
3162 3612 3218 3659 et
3246 3604 3340 3675 qui
3371 3619 3469 3660 ne-

1889 3701 2155 3771 quissimo
2184 3699 2430 3760 restituri
2485 3707 2635 3763 sunt,
2692 3698 2764 3754 ob
2803 3713 2945 3768 quos
2995 3697 3160 3751 etiam
3222 3695 3473 3751 brevian-

1888 3793 1988 3849 dos
2017 3793 2133 3849 dies
2155 3793 2278 3848 illos
2302 3791 2575 3862 pollicitus
2593 3800 2679 3847 est
2703 3790 2923 3846 divinus
2944 3804 3127 3845 sermo
3145 3789 3216 3842 "‘2
3242 3786 3398 3855 Quod
3420 3789 3469 3843 si

1886 3882 2112 3947 malum,
2137 3888 2196 3936 ut
2220 3881 2430 3947 aiebas,
2464 3895 2531 3935 ex
2578 3880 2681 3935 hoc
2708 3888 2953 3951 tempore
2985 3878 3098 3934 Deo
3140 3878 3318 3935 visum
3359 3887 3467 3945 est,

1885 3974 2073 4031 liberis
2092 3989 2313 4044 operam
2331 3974 2481 4038 dare,
2504 3988 2613 4044 quo
2637 3980 2797 4043 pacto
2827 3972 2904 4026 illi
2918 3986 3058 4042 quos
3076 3969 3290 4026 futuros
3306 3967 3469 4025 Chri-

1885 4070 2005 4123 stus
2034 4062 2305 4134 przedixit,
2362 4070 2633 4134 martyres
2656 4069 2710 4115 et
2733 4062 2932 4126 sancti,
2983 4067 3179 4116 contra
3210 4059 3306 4116 Dei
3330 4060 3469 4118 adeo

1886 4155 2148 4226 placitum
2177 4167 2232 4212 et
2267 4157 2602 4213 voluntatem
2629 4155 2766 4221 nati,
2828 4172 3003 4226 usque
3028 4156 3078 4211 ei
3110 4154 3264 4210 chari
3293 4163 3348 4209 et
3375 4169 3469 4211 ac-

1885 4249 2029 4319 cepti
2067 4264 2191 4305 esse
2254 4249 2550 4320 poterunt?
2576 4248 2686 4303 Aut
2741 4249 3016 4319 quomodo
3044 4264 3154 4304 non
3205 4248 3469 4319 plagiaria

1882 4340 2072 4396 nescio
2106 4336 2213 4411 qua
2246 4341 2594 4411 suppositum
2628 4349 2748 4397 arte
2797 4356 2862 4395 ac
2915 4356 3106 4405 manu,
3140 4354 3251 4394 non
3277 4338 3467 4394 divina

1882 4434 2095 4490 satione
2116 4440 2303 4488 natum
2332 4430 2467 4486 illud
2496 4430 2864 4502 quodcunque
2890 4430 3050 4486 fateri
3096 4445 3324 4487 necesse
3353 4437 3462 4494 est,

204 4530 340 4596 mod
410 4539 613 4599 praeter
664 4542 899 4592 mentem
951 4550 1016 4592 ac
1036 4544 1229 4594 contra
1289 4537 1667 4609 praescriptum
1712 4532 1953 4590 creantis
1999 4527 2256 4600 potentia:
2320 4525 2668 4581 subdititium
2696 4525 3003 4581 exstiterit?
3049 4530 3188 4580 utet
3231 4523 3466 4580 faculta-

195 4622 305 4676 tem
327 4620 597 4676 condendi
627 4622 865 4683 hominis
900 4626 1220 4683 hominibus
1247 4627 1603 4684 tribuendam
1642 4624 1767 4695 quis
1798 4623 1952 4679 velit.

514 4756 644 4813 CAP.
685 4757 775 4818 Ill.
810 4759 983 4816 Locus
1009 4759 1299 4832 Scriptura:
1323 4770 1563 4817 vexatus.
1588 4759 1794 4832 Spurii,
1826 4776 1932 4815 non
1955 4758 2128 4814 solum
2151 4756 2356 4828 ﬁdeles,
2386 4754 2479 4810 sed
2499 4764 2550 4811 et
2573 4754 2885 4828 quandoque
2906 4756 3137 4827 prwlati.

263 4878 375 4933 Καὶ
428 4882 462 4952 ἡ
508 4882 805 4954 Μαρκέλλα
853 4883 1220 4949 ὑπολαϐοῦσα,
1252 4887 1298 4940 ὼ
1336 4884 1592 4956 Θεοφίλα,
1639 4884 1782 4956 μέγα

1956 4880 2058 4936 Hic
2080 4878 2332 4936 Marcella
2360 4878 2737 4950 interpellans,
2774 4876 2969 4935 Gravis
3019 4894 3196 4945 error,
3218 4894 3252 4936 ο
3281 4878 3466 4936 Theo-

197 4971 439 5043 σφάλμα,
473 4972 599 5044 ἔφη,
631 4974 728 5029 καὶ
770 4977 1011 5031 ἐναντίον
1057 4972 1138 5042 οἷς
1186 4974 1347 5043 εἶπας
1378 4978 1736 5049 ἀναφαίνεται
1759 4994 1775 5009 ο

197 5066 287 5117 καὶ
321 5066 427 5119 οἴει
458 5065 740 5138 λεληθέναι
790 5071 1165 5143 παρωσαμένη
1209 5071 1527 5144 τηλικοῦτον
1580 5071 1776 5142 νέφοςς

199 5157 355 5212 Ἧκει
389 5159 501 5231 γὰρ
537 5163 743 5224 ἐκεῖνος
771 5164 799 5216 6
831 5162 1006 5232 λόγος,
1030 5163 1089 5217 ὃν
1123 5166 1271 5229 ἴσως,
1298 5164 1545 5220 ἀπαιτῶν
1594 5164 1655 5219 σε
1697 5182 1781 5229 τις

193 5247 265 5313 ὡς
289 5252 634 5323 σοφωτάτην,
667 5253 830 5319 λέξει.
864 5257 998 5328 Περὶ
1035 5257 1144 5311 τῶν
1176 5258 1241 5311 ἐκ
1285 5256 1529 5329 μοιχείας
1560 5258 1779 5328 ἀνόμως

193 5342 476 5413 φυομένων
503 5343 556 5397 τί
579 5344 721 5417 φῄς;
756 5346 1003 5414 Ἐδωκας
1025 5348 1135 5421 γάρ
1165 5349 1428 5403 εἰσελθεῖν
1463 5351 1542 5413 εἰς
1569 5347 1662 5403 τὸν
1687 5349 1779 5403 κό-

257 5502 301 5533 ⁸¹
331 5502 451 5561 Jer.
484 5523 524 5570 I,
555 5506 609 5561 5.
687 5509 733 5540 ’³
761 5508 862 5564 Job
893 5525 1121 5576 xxxutt,
1152 5510 1243 5570 M.
1282 5529 1386 5567 sec.
1426 5508 1601 5565 LXX.

265 5642 376 5714 (28)
406 5644 737 5713 Εὐκτικῶς.
766 5647 1022 5716 Allatius,
1054 5648 1309 5715 εὐσεϐῶς.
1355 5647 1448 5706 Sic
1500 5657 1557 5707 et
1601 5650 1772 5706 codex

200 5708 392 5771 nam.
430 5708 723 5774 Cononis.

1880 4975 2053 5048 phila,
2086 4976 2141 5030 in
2173 4984 2286 5038 tua,
2314 4973 2516 5044 inquit,
2544 4973 2796 5029 oratione
2825 4982 3069 5043 apparet,
3111 4974 3206 5045 qui
3234 4988 3353 5029 eam
3377 4988 3466 5031 sev

1880 5085 2005 5125 cum
2038 5069 2213 5140 ipsam
2260 5069 2574 5133 committit,
2635 5067 2917 5122 contraria
2968 5067 3175 5137 priusa
3224 5072 3279 5121 te
3300 5067 3467 5125 dictis

1880 5170 2136 5219 astruens
2168 5181 2181 5217 :
2207 5170 2263 5217 et
2292 5170 2454 5233 putas
2486 5168 2541 5217 te
2572 5161 2742 5215 latere
2771 5166 2923 5214 tanta
2950 5158 3125 5214 oll'usa
3151 5159 3330 5215 nube?
3357 5156 3465 5215 Oc-

1880 5257 2054 5310 currit
2076 5264 2260 5311 tamen
2287 5256 2378 5311 ille
2412 5255 2512 5310 tibi
2542 5271 2610 5311 ex
2648 5252 2879 5310 adverso
2911 5268 3113 5317 sermo,
3145 5268 3255 5324 quo
3277 5258 3331 5307 te
3357 5252 3464 5308 ali-

1881 5349 2007 5421 quis
2031 5357 2088 5405 ut
2112 5349 2577 5422 sapientissimam
2610 5350 2802 5408 adiens
2830 5350 3172 5422 interrogare
3220 5350 3330 5406 isto
3368 5363 3469 5426 pag

1677 5511 1725 5543 ’δ
1745 5509 1847 5565 Job
1887 5528 1942 5575 x,
1982 5511 2039 5568 8.
2117 5512 2162 5542 ’⁵
2196 5506 2394 5567 Matth.
2424 5525 2577 5576 xxiv,
2608 5506 2715 5576 22;
2750 5505 2927 5567 Marc.
2956 5522 3078 5572 xm,
3113 5507 3205 5562 20.

1956 5650 2065 5716 (‘29)
2094 5649 2378 5720 Θεοφυές.
2411 5649 2488 5705 Ita
2528 5652 2652 5707 cod.
2708 5649 2832 5707 Vat.
2889 5651 2956 5708 At
2988 5653 3225 5710 Allatius
3271 5658 3326 5709 et
3353 5663 3461 5710 ms.

1886 5720 2087 5775 Mazar.
2108 5760 2123 5786 ,
2144 5720 2412 5793 θεοφιλές,
2446 5721 2555 5777 Deo
2588 5725 2805 5776 charum
2862 5720 2938 5775 In.
