3866 6160
219 302 290 355 55
1284 292 1674 352 CONYIVIUM
1714 291 1948 350 DECEM
1991 291 2351 350 VIRGINUM.
3426 296 3495 351 5L

217 433 342 470 στον
365 415 543 468 αὐτῶν
566 413 673 468 τῶν
696 411 1114 484 συμπονοὺντων
1138 412 1218 476 εἰς
1239 412 1341 484 τὴν
1361 411 1454 465 τοῦ
1483 410 1656 484 πηλοῦ
1682 428 1813 475 συγ-

1920 416 2236 482 congerant,
2288 409 2508 466 nemine
2567 408 2749 482 ipsum
2797 408 3059 466 artiﬁcem
3119 408 3363 465 vidente.
3386 408 3498 466 Fac

214 505 445 577 κομιδὴν
482 505 921 576 άπονεμημένηνν
954 503 1104 574 αὐτῷ
1153 504 1280 575 μίαν
1305 502 1463 573 ὀπὴν,
1484 503 1565 565 εἰς
1598 501 1665 573 ἢν
1706 501 1814 573 χρὴ

1920 503 2080 558 etiam
2102 503 2368 558 occultari
2394 501 2616 558 domum
2647 502 2864 559 nebulis
2889 517 2953 557 ac
2969 503 3223 573 caligine,
3254 503 3501 572 nihilque

219 599 384 670 μόνον
414 597 576 651 αὐτὸν
615 597 850 669 φέροντα
887 595 985 667 τὴν
1017 596 1151 650 ἰδίαν
1172 594 1303 667 ὕλην
1329 594 1704 658 ἀποτίθεσθαι,
1737 592 1812 665 μὴ

1920 595 2026 652 illis
2057 595 2151 667 qui
2181 596 2425 651 exterius
2457 595 2743 651 materiam
2777 597 3119 661 ministrant,
3153 603 3349 665 praeter
3381 594 3501 649 sola

218 690 526 761 ἀπτόμενον
549 690 762 761 ἐτέρας.
787 691 851 743 Εἰ
871 689 917 743 δ’
934 684 999 742 αὖ
1024 688 1333 760 περιέργως
1358 685 1694 758 ἀνεῳγνύναι
1714 685 1812 758 τὴν

1920 686 2209 753 foramina,
2242 688 2605 758 conSpicuum
2633 702 2777 744 esse.
2810 687 3002 753 Detur,
3048 687 3248 757 inquit,
3283 695 3339 743 et
3371 687 3497 741 hoc.

220 784 396 855 ἑτέρῳ
431 781 862 855 κεκληρωμένην
902 782 1230 854 ἐπιχειροίη,
1257 781 1370 855 πῦρ
1411 779 1559 851 αὐτῷ
1583 780 1677 834 καὶ
1714 780 1814 851 μά-

1920 779 2133 835 Habere
2163 781 2294 836 item
2322 796 2768 851 unumquemque
2795 780 3252 836 collaborantium
3282 780 3339 845 in
3399 778 3502 833 luti

223 892 418 944 στιτας
442 874 788 946 άπειλητέον.
1186 939 1191 947 ⁸

1922 873 2412 942 comportationem
2468 872 2807 943 assignatum
2862 873 2968 928 sibi
3000 871 3247 927 foramen
3304 887 3499 935 unum,

224 988 321 1042 per
341 972 494 1042 quod
539 972 716 1028 solum
763 978 978 1041 oportet
1022 986 1147 1026 eum
1201 970 1485 1026 materiam
1540 969 1822 1042 propriam
1873 969 2184 1041 deponere,
2233 969 2383 1023 nulla
2434 969 2647 1023 ratione
2691 968 2967 1040 tangendo
3015 967 3163 1022 aliud
3210 965 3503 1038 quodcun-

223 1082 331 1138 que
366 1088 380 1122 :
412 1068 693 1138 proposita
724 1069 887 1123 etiam
932 1080 1098 1140 paena
1150 1068 1294 1140 ignis
1327 1075 1383 1123 et
1430 1067 1823 1134 verberum,rei
1862 1066 1958 1123 aui
2000 1064 2279 1123 curiosius
2311 1071 2607 1121 tentarent
2637 1064 2850 1136 aperire
2894 1062 3141 1119 foramen
3183 1061 3343 1118 alteri
3407 1075 3498 1115 as-

224 1160 522 1231 signatum.

290 1280 505 1335 Οὒκοῦν
527 1278 597 1333 τὰ
627 1278 765 1349 μετά
805 1279 980 1334 ταῦτα
1005 1278 1192 1334 λοιπὸν
1227 1278 1293 1351 δὴ
1321 1278 1813 1353 θεώρησον.Ἔνδο-

223 1374 313 1428 θεν
337 1373 429 1426 τὸν
451 1372 699 1444 πλάστην
733 1373 1157 1444 περιερχόμενον
1177 1373 1274 1438 τὰς
1304 1374 1465 1438 ὀπὰς,
1488 1375 1581 1427 καὶ
1609 1374 1701 1427 τὸν
1723 1372 1813 1425 εὑ-

226 1463 551 1537 ρισκόμενον
594 1464 653 1516 ἐν
698 1462 903 1535 ἑκάστῃ
939 1463 1109 1533 πηλὸν
1147 1467 1267 1518 κατ’
1297 1464 1431 1518 ἰδίαν
1469 1460 1815 1536 λαμϐάνοντα

226 1555 505 1619 πλάττειν,
529 1554 624 1607 καὶ
670 1552 855 1625 μηνῶν
896 1554 1162 1624 περιόδοις
1204 1555 1617 1619 ἀποπλάσαντα,
1653 1556 1814 1610 πάλιν

222 1648 534 1701 ἀποδιδόναι
551 1650 666 1711 τοῖς
686 1646 791 1712 ἔξω
813 1646 903 1701 διὰ
922 1647 1023 1717 τῆς
1046 1648 1222 1717 αὐτῆς
1256 1648 1345 1700 τὸν
1372 1647 1616 1720 πλάστην
1649 1647 1810 1719 ὀπῆᾖ

222 1740 413 1811 ἔχοντα
456 1738 715 1809 τοιαύτην
759 1738 1000 1810 ἐντολὴν,
1032 1740 1209 1792 πάντα
1248 1738 1340 1791 τὸν
1385 1739 1681 1810 δυνάμενον
1713 1740 1810 1811 δη-

1990 1271 2129 1329 Tum
2159 1273 2274 1344 jam
2300 1272 2434 1327 mihi
2460 1272 2718 1343 deinceps
2747 1270 2970 1343 figulum
3013 1269 3245 1326 interius
3279 1267 3502 1325 forami-

1920 1382 1993 1423 na
2039 1368 2474 1422 circumeuntem
2506 1364 2819 1430 considera,
2869 1371 2925 1419 et
2977 1378 3366 1434 quamcunque
3400 1363 3505 1418 sub

1920 1475 2253 1530 unoquoque
2285 1457 2570 1513 materiam
2613 1454 2923 1516 offenderit,
2982 1453 3125 1509 hanc
3183 1452 3500 1524 ﬁngentem,

1921 1552 2197 1622 certisque
2246 1551 2518 1604 mensium
2556 1546 2802 1619 periodis
2859 1544 3198 1601 elformatam
3236 1551 3499 1609 statuam,

1920 1659 2020 1715 per
2042 1643 2184 1698 idem
2212 1657 2408 1697 rursus
2443 1639 2691 1695 foramen
2723 1637 2974 1692 emittere
3002 1636 3233 1706 :quippe
3262 1637 3347 1690 cui
3387 1635 3502 1690 hac

1917 1739 2096 1810 posita
2116 1737 2200 1791 lex
2218 1735 2308 1801 sit,
2329 1742 2386 1789 ut
2406 1734 2556 1788 nullo
2572 1730 2908 1793 discrimine,
2924 1742 3306 1799 quamcunque
3319 1734 3503 1797 aptam

226 1829 625 1902 μιουργηθῆναι
666 1830 836 1900 πηλὸν
872 1830 1179 1902 ἀδιαφόρως
1218 1829 1568 1903 ἐργάζεσθαι,
1592 1830 1693 1885 κᾶν
1735 1834 1817 1896 εἰς

1920 1830 2067 1901 operi
2098 1828 2336 1884 oblatam
2371 1826 2475 1882 sibi
2506 1824 2753 1896 argillam
2786 1821 2953 1893 ﬁngat
2983 1835 3049 1876 ac
3076 1819 3290 1890 ﬁguret,
3303 1819 3502 1874 etiam-

222 1920 509 1993 ἀλλοτρίαν
535 1921 643 1974 ὑπό
663 1938 806 1984 τινος
829 1920 1232 1993 εἰσοχετεύηται
1272 1920 1627 1992 κακοτρόπως
1645 1921 1807 1992 ὀπήν.

224 2014 390 2066 Οὐδὲν
427 2013 537 2084 γὰρ
577 2014 895 2084 ἠδικηκέναι
934 2013 1033 2085 τὴν
1055 2013 1213 2084 ὓλην·
1236 2013 1316 2066 διὸ
1338 2013 1413 2077 ὡς
1436 2014 1686 2068 ἀναιτίαν
1712 2013 1833 2085 μὲν

222 2101 286 2173 δὴ
308 2102 510 2173 χρῆναι
532 2102 863 2157 πλάττεσθαι
883 2103 977 2156 καὶ
1000 2101 1358 2174 μορφοῦσθαι.
1378 2101 1480 2154 Τὸν
1501 2100 1558 2154 δὲ
1579 2101 1732 2174 παρὰ
1751 2103 1841 2156 τὸη

221 2194 502 2267 διάταγμα
524 2198 621 2249 καὶ
638 2196 737 2268 τὴν
763 2194 982 2267 ἐντολὴν
1012 2197 1092 2258 εἰς
1113 2194 1398 2266 ἀλλοτρίαν
1422 2193 1591 2265 αὐτὴν
1618 2196 1811 2248 ἀποτι-

223 2288 448 2361 θέμενον
495 2290 635 2362 ὀπὴν
676 2291 751 2353 ὡς
776 2290 1050 2361 άλάστορά
1073 2306 1131 2343 τε
1156 2289 1252 2342 καὶ
1279 2288 1600 2358 παραϐάτην
1637 2305 1812 2360 τιμω-

228 2383 457 2454 ρεῖσθαι.
486 2384 559 2438 Οὐ
582 2384 691 2455 γάρ
709 2385 801 2437 τὸν
830 2383 999 2455 πηλὸν
1023 2383 1317 2448 αἰτιατέον,
1353 2385 1466 2439 ἀλλ’
1492 2387 1701 2439 ἐκεῖνον
1725 2382 1816 2437 τὸν

224 2475 379 2547 παρά
397 2476 462 2529 τὸ
482 2476 627 2529 ὅσιον
647 2475 807 2530 τοῦτο
829 2476 1169 2547 πεποιηκότα
1187 2493 1201 2506 ·
1228 2476 1503 2548 ἀκρασίας
1524 2474 1632 2548 γάρ
1656 2476 1816 2547 χάριν

222 2571 302 2631 εἰς
326 2568 619 2640 ἀλλοτρίαν
659 2569 1002 2640 ἀποκομίσας
1027 2568 1165 2641 ὀπὴν
1194 2568 1430 2623 ἀπέθετο
1448 2568 1724 2641 λαθραίως
1745 2571 1811 2640 τῇ

361 2693 433 2703 -
448 2660 815 2732 Ἀληθέστατα
844 2660 1047 2730 λέγεις,

1920 1925 1967 1980 si
1998 1937 2257 1994 perverse
2285 1936 2383 1991 per
2412 1919 2649 1974 alienum
2679 1931 2711 1970 a
2758 1914 3017 1987 quopiam
3065 1913 3308 1968 demissa
3353 1910 3501 1966 fora—

1917 2030 2044 2070 men
2066 2013 2252 2069 fuerit.
2280 2011 2601 2066 Nihil-enim
2629 2023 2890 2081 peccasse
2922 2006 3240 2070 materiam;
3282 2019 3345 2059 ac
3370 2018 3502 2074 pro-

1918 2117 2103 2177 pterea
2133 2114 2395 2177 tanquam
2427 2104 2709 2160 innoxiam
2744 2092 2874 2173 ﬁngi
2902 2115 3020 2156 eam
3053 2106 3306 2168 oportere
3338 2105 3504 2169 atque

1919 2198 2167 2255 formari.
2195 2197 2330 2253 Eum
2362 2213 2491 2253 vero
2520 2197 2615 2268 qui
2657 2203 2850 2249 contra
2874 2237 2878 2243 .
2904 2192 3254 2248 interdictum
3283 2192 3339 2245 in
3375 2191 3505 2246 alie-

1918 2307 2051 2347 num
2107 2292 2281 2361 ipsam
2342 2289 2587 2346 foramen
2651 2287 2929 2358 deposuit,
2983 2293 3044 2340 ut
3089 2286 3414 2341 sceleratum
3449 2291 3504 2338 et

1918 2390 2411 2454 transgressorcm,
2471 2381 2673 2436 merito
2722 2394 2884 2449 pmna
2928 2385 3307 2432 mulctandum
3357 2390 3503 2432 esse.

1917 2474 2040 2531 Non
2066 2476 2214 2531 enim
2270 2475 2327 2529 in
2375 2474 2551 2527 lutum
2597 2472 2755 2542 culpa
2785 2470 3096 2534 referenda,
3127 2469 3222 2524 sed
3252 2470 3309 2522 in
3345 2467 3500 2522 illum

1917 2569 2014 2639 qui
2051 2583 2167 2624 rem
2194 2575 2394 2638 prazter
2426 2565 2511 2621 fas
2533 2565 2735 2637 gessit-
2760 2561 3121 2633 lmpudicitiae
3150 2560 3298 2616 enim
3342 2567 3502 2613 actus

1918 2659 2181 2726 stimulis,
2229 2659 2284 2713 in
2327 2658 2560 2713 alienam
2600 2657 2653 2710 vi
2712 2656 2899 2709 furtim
2942 2652 3275 2708 destinatam
3302 2650 3501 2706 rimam

1915 2754 2102 2809 intulit
2130 2768 2195 2808 ac
2217 2752 2489 2824 deposuit.
2520 2781 2591 2827 τ-
2618 2748 2918 2805 Verissima
2951 2746 3212 2818 loqueris.

1086 2872 1198 2927 Car
1257 2872 1318 2927 ν.
1358 2871 1507 2926 litem
1550 2884 1921 2946 argumentum
1954 2877 2286 2943 persequitur
2317 2872 2377 2931 S.
2414 2873 2601 2928 Pater.

296 2984 509 3039 Οὐκοῦν
554 2985 740 3038 λοιπὸν
780 2984 846 3057 δὴ
896 2984 1089 3057 καιρὸς
1132 2985 1338 3040 τούτων
1389 2986 1487 3058 ἤδη
1522 2988 1810 3060 προδιηνυ-

1989 2987 2130 3060 Ergo
2159 2988 2244 3045 his
2276 2988 2548 3042 hacrenus
2578 2986 2653 3040 ita
2701 2985 3047 3056 praeparatis,
3101 2991 3273 3041 restat
3303 2990 3365 3038 ut
3384 2999 3477 3039 om

228 3084 466 3147 σμένων,
505 3077 708 3148 ταύτην
742 3095 800 3130 σε
834 3079 1013 3131 πᾶσαν
1042 3079 1396 3151 προσάπτειν,
1432 3074 1477 3131 ὦ
1508 3080 1814 3149 σοφωτάτη,

1925 3098 2044 3136 nem
2067 3082 2209 3137 hanc
2242 3081 2681 3145 similitudinem,
2726 3095 2759 3134 ο
2803 3077 3231 3151 sapientissima,
3262 3076 3351 3133 his
3379 3093 3500 3148 quas

226 3171 326 3242 τὴν
372 3170 559 3223 εἰκόνα
589 3174 702 3234 τοῖς
739 3171 843 3242 ἤδη
873 3171 1181 3243 ἔμπροσθεν
1208 3172 1540 3244 εἰρημένοις.
1574 3173 1676 3226 Τὸν
1712 3174 1812 3245 μὲν

227 3258 373 3317 οἷκον
406 3263 779 3334 ἀφομοιοῦσαν
826 3266 893 3335 τῇ
953 3264 1169 3337 ἀοράτῳ
1217 3265 1319 3336 τῆς
1359 3265 1625 3333 γενέσεως
1656 3266 1814 3338 ήμῶν

230 3356 407 3426 φύσειο
435 3361 454 3379 ‘
470 3357 569 3427 τὴν
593 3356 651 3410 δὲ
671 3357 1070 3429 προσκειμένην
1093 3358 1294 3410 εἴσοδον
1313 3360 1424 3420 τοῖς
1447 3357 1598 3431 ὄρεσι
1618 3361 1684 3429 τῇ
1706 3359 1815 3412 ἀπὸ

228 3449 334 3503 τῶν
379 3449 631 3521 οὐρανῶν
662 3452 741 3513 εἰς
787 3450 854 3502 τά
904 3448 1130 3521 σώματα
1157 3449 1455 3503 καταϐάσει
1508 3451 1602 3504 καὶ
1648 3467 1816 3504 κατα-

231 3544 423 3613 πομπῇ
462 3541 575 3612 (5|)
605 3539 711 3594 τῶν
741 3541 929 3611 ψυχῶν
948 3558 962 3572 ο
996 3540 1094 3605 τὰς
1126 3541 1181 3594 δὲ
1201 3541 1341 3606 ὀπὰς
1365 3541 1442 3612 τῷ
1475 3542 1696 3613 θηλυκῷ
1720 3544 1816 3596 καὶ

228 3632 530 3702 γυναικείῳ
564 3631 709 3699 γένει
733 3648 745 3660 ·
784 3631 874 3685 τὸν
904 3632 959 3685 δὲ
989 3631 1232 3703 πλάστην
1261 3635 1329 3703 τῇ
1363 3635 1617 3703 ποιητικῇ
1660 3632 1817 3686 δυνά-

233 3739 323 3794 μει
374 3722 472 3776 τοῦ
522 3722 681 3788 Θεοῦ,
734 3724 877 3795 ἥτις,
932 3724 1345 3797 ὲπικαλύμματι
1399 3725 1497 3795 τῆς
1545 3725 1814 3795 γενέσεως

229 3817 387 3887 ἡμων
414 3819 480 3887 τῇ
506 3817 666 3886 φύσει
692 3818 970 3889 χρωμένη,
997 3817 1144 3871 ἔνδον
1166 3820 1315 3890 ἡμᾶς
1340 3819 1587 3889 ἀοράτως
1612 3818 1816 3890 ἀνθρω-

230 3909 537 3962 ποπλαστεῖ
570 3909 705 3979 (52),
736 3909 805 3962 τὰ
835 3909 1109 3982 ἐνδύματα
1136 3914 1255 3975 ταῖς
1280 3912 1482 3982 ψυχαῖς
1514 3908 1816 3983 ἐργαζομέ-

302 4074 421 4148 (3i)
456 4074 792 4148 Καταϐάσει
825 4076 923 4131 καὶ
946 4077 1327 4147 καταπομπῇ.
1360 4077 1540 4133 Locus
1563 4077 1653 4148 hic
1675 4076 1816 4131 difﬁ-

235 4146 465 4219 cilior,
494 4161 635 4219 quo_
666 4147 882 4202 videtur
945 4146 1489 4218 Methodius'ipsam
1564 4146 1815 4219 Origenis

235 4216 688 4289 pmeﬁxsistentiae
744 4218 1052 4289 animorum
1127 4216 1440 4289 opinionem
1497 4216 1683 4289 sequi,
1751 4233 1816 4273 ac

234 4287 505 4357 quasiilli
565 4288 775 4357 pridem
806 4288 1081 4343 πολιτείαν
1118 4287 1275 4344 suam
1329 4288 1475 4344 nacti
1531 4287 1590 4342 in
1631 4289 1810 4353 cmlis,

235 4357 359 4428 inde
408 4356 465 4410 in
512 4356 747 4428 ecrpora
794 4359 873 4413 sic
902 4373 933 4411 a
957 4359 1066 4413 Deo
1099 4358 1330 4413 formata
1385 4358 1722 4414 descendant
1748 4374 1814 4415 ac

234 4427 634 4500 demittanturi
671 4429 787 4483 sive
819 4428 956 4483 alias
986 4429 1102 4482 hac
1127 4430 1237 4485 illis
1288 4444 1448 4500 pana
1490 4437 1576 4484 est
1605 4436 1657 4484 et
1691 4445 1814 4483 car-

235 4513 347 4560 cer,
373 4496 727 4569 utiorigenes
770 4500 978 4567 voluit;
1011 4500 1127 4554 sive
1152 4496 1372 4563 natura,
1420 4500 1567 4569 quod
1613 4500 1814 4568 θη)οηί

236 4569 421 4691 gessit.
442 4567 769 4634 Methodius,
807 4585 905 4623 nec
960 4571 1033 4623 ita
1086 4572 1264 4640 palam
1295 4567 1620 4653 adversatur
1666 4567 1811 4625 ﬁdei.

283 4638 468 4691 rudite
498 4639 793 4691 admodum
827 4640 968 4691 hanc
1014 4649 1253 4691 spartam
1288 4641 1576 4691 adornant
1596 4640 1704 4691 Leo
1729 4640 1811 4691 Al-

283 4638 468 4693 rudite
498 4639 793 4693 admodum
827 4640 968 4695 hanc
1014 4638 1253 4709 spartam
1288 4641 1576 4695 adornavit
1596 4640 1704 4694 Leo
1729 4640 1815 4693 Al-

237 4710 429 4769 latius,
456 4725 521 4764 ac
552 4709 883 4781 Methodium
904 4710 1237 4777 vindicavit;
1279 4727 1404 4766 cum
1442 4712 1491 4764 is
1541 4712 1633 4781 qui
1666 4711 1814 4767 illius

237 4781 530 4848 occupavit
554 4780 885 4835 Methodiani
911 4780 1179 4850 Symposii
1214 4782 1532 4845 editionem,
1562 4780 1816 4836 subolere

238 4850 589 4921 sibiidiﬁicile
618 4852 821 4919 aliquid
847 4868 944 4905 nec
969 4852 1315 4907 indicaverit.
1340 4851 1533 4905 Putem
1555 4852 1672 4921 ipse
1702 4851 1816 4906 Me-

236 4920 482 4975 thodium
514 4921 650 4974 nihil
682 4922 827 4975 aliud
858 4923 1015 4985 velle,
1044 4923 1191 4991 quod
1238 4923 1313 4976 ita
1342 4920 1620 4992 exprimit,
1648 4936 1811 4992 quam

238 4992 546 5045 animorum
598 5000 852 5046 naturam
899 4993 1239 5062 signiﬁcare,
1283 4991 1460 5061 qure’a
1504 4991 1614 5047 Deo
1654 4994 1725 5047 sit
1759 4998 1814 5046 et

237 5062 503 5134 caelestis,
526 5076 629 5116 nec
658 5077 696 5134 7a
725 5064 953 5116 materia
1006 5064 1404 5134 proﬁciscatur,
1444 5063 1590 5118 velut
1619 5064 1813 5116 anima:

236 5132 574 5204 reliquorum
614 5133 934 5197 viventium,
974 5132 1070 5189 sed
1102 5150 1134 5188 a
1179 5134 1290 5189 Deo
1331 5135 1553 5204 proprio
1586 5139 1813 5203 parente

238 5216 402 5271 supra
442 5202 554 5255 vim
580 5217 797 5258 omnem
852 5204 1082 5258 actionis
1115 5202 1364 5259 humanae
1390 5202 1642 5272 illiusque
1682 5218 1813 5271 sup-

238 5273 535 5346 plemento,
574 5281 765 5346 egeat;
826 5273 934 5346 qui
968 5275 1214 5331 simulas
1277 5276 1510 5346 singulis
1561 5274 1810 5346 formatis

236 5344 564 5417 corporibus
612 5344 734 5413 jure
765 5345 941 5417 quasi
993 5355 1239 5417 naturae,
1290 5344 1469 5417 eaque
1497 5345 1809 5417 quamgsibi

237 5414 466 5484 prmﬁxit
517 5415 654 5484 lege,
689 5414 901 5469 animas
936 5415 1160 5479 tribuat,
1193 5432 1261 5471 ne
1287 5414 1529 5471 humana
1579 5415 1720 5469 actio
1740 5414 1806 5469 ad

238 5482 447 5606 prolem
474 5482 748 5547 ordinata,
768 5485 851 5540 sui
886 5485 1264 5541 iusullicientia
1301 5497 1355 5541 et
1383 5485 1697 5556 praestantia
1727 5484 1811 5538 ef-

258 5563 433 5606 ectus.
464 5570 626 5606 cassa
657 5563 892 5606 maneat.
936 5555 1073 5606 Hinc
1102 5565 1249 5606 certe
1304 5566 1492 5606 nostra
1525 5557 1668 5606 dicta
1700 5572 1811 5606 cm-

258 5555 433 5617 'ectus,
464 5570 626 5610 cassa
657 5563 892 5609 maneat.
936 5555 1073 5611 llinc
1102 5565 1249 5612 certe
1304 5555 1492 5613 nostra
1525 5557 1668 5610 dicta
1700 5572 1811 5612 coe-

240 5623 389 5678 lestia
415 5626 595 5694 origo,
625 5633 679 5679 et
704 5641 809 5694 qua
845 5627 1003 5682 nobis
1047 5628 1190 5683 inest
1214 5635 1274 5680 ut
1327 5629 1380 5681 in
1418 5628 1585 5682 Deum
1614 5635 1810 5681 aucto-

238 5708 348 5766 rem
375 5703 629 5750 nostrum
656 5711 963 5766 vergamus,
998 5698 1098 5752 etsi
1152 5696 1415 5752 inefficaci
1448 5706 1668 5759 conatu,
1693 5696 1801 5751 nisi

240 5762 333 5819 Dei
387 5765 565 5837 ipsius
616 5762 790 5836 gratia
823 5770 1127 5837 adjuvetur.
1163 5767 1287 5824 Haec
1312 5768 1425 5826 fere
1455 5784 1610 5824 mens
1638 5768 1809 5824 scho-

1914 3175 2026 3245 jam
2059 3175 2314 3244 superius
2345 3174 2489 3228 dicta
2536 3180 2684 3240 sunt,
2716 3172 3000 3229 adhibeas.
3039 3171 3103 3225 Et
3132 3171 3353 3226 domum
3377 3172 3471 3241 qui

1917 3270 2041 3324 dem
2072 3269 2244 3333 illam,
2273 3268 2722 3339 inaspectabilem
2759 3266 3128 3337 generationis
3170 3270 3375 3319 nostra:
3396 3278 3498 3316 na-

1919 3371 2095 3416 turam
2131 3376 2253 3417 esse
2294 3361 2568 3431 intelligas
2616 3380 2629 3415 :
2679 3359 2886 3414 aditum
2917 3366 3099 3412 autem
3152 3355 3493 3425 adjacentem

1918 3454 2216 3519 montibus,
2249 3454 2575 3511 descensum
2596 3469 2626 3508 e
2652 3453 2809 3508 cmlis
2834 3452 3138 3505 animarum
3164 3449 3220 3503 in
3243 3461 3497 3518 corpora,

1917 3554 1973 3602 et
2003 3547 2149 3618 quod
2187 3548 2241 3601 in
2276 3548 2367 3602 illa
2402 3550 2697 3601 mittuntur
2749 3564 2764 3601 :

1916 3643 2106 3695 ninum
2132 3656 2322 3696 sexum
2347 3656 2410 3695 ac
2436 3640 2755 3696 muliebrem
2790 3657 2803 3693 :
2836 3638 3051 3709 plasten
3071 3647 3310 3705 quoque,
3341 3647 3497 3687 crea-

1916 3734 2108 3787 tricem
2144 3731 2237 3787 Dei
2270 3732 2593 3803 potentiam,
2625 3745 2747 3801 quae
2808 3744 2909 3799 pro
2951 3725 3320 3799 generationis
3348 3723 3492 3787 velo,

1916 3831 2105 3880 nostra
2130 3833 2292 3880 utens
2327 3835 2541 3889 natura,
2574 3821 2953 3894 inaspectabili
2978 3821 3192 3874 ratione
3216 3818 3366 3873 intus
3394 3831 3497 3870 nos

1916 3917 2155 3972 humana
2207 3916 2381 3973 forma
2411 3916 2636 3988 efﬁngit,
2681 3916 2987 3970 animarum
3011 3911 3334 3967 indumenta
3357 3923 3495 3963 con-

1916 4073 2091 4128 liastae
2118 4088 2280 4145 quem
2308 4072 2551 4145 adducit
2573 4071 2808 4145 Allatius
2832 4085 3024 4145 exsuo
3046 4067 3257 4133 codice,
3289 4066 3496 4122 acerri-

1916 4159 2065 4198 mum
2096 4141 2159 4199 ac
2186 4144 2462 4199 eruditum
2505 4142 2765 4196 Methodii
2798 4141 3066 4196 vindicem
3102 4160 3114 4195 ε
3158 4153 3319 4209 quem
3342 4146 3494 4209 certe

1915 4220 2128 4268 tantum
2163 4214 2415 4280 Origenis
2457 4214 2857 4275 adversarium,
2883 4207 3312 4280 praecipuo'hoc
3339 4207 3489 4280 illius

1913 4299 2103 4340 errore
2132 4256 2625 4356 haudbvputandum
2647 4256 2857 4356 estita,
2887 4256 3172 4351 abrcp'tiim
3201 4294 3326 4334 esse
3357 4297 3370 4331 :
3403 4279 3491 4333 vel

1917 4356 2112 4410 saltem
2143 4352 2384 4411 fautores
2411 4352 2661 4421 Origenis
2696 4354 2770 4408 illi
2825 4368 2991 4407 ausos
3025 4365 3336 4421 aspergere,
3366 4364 3491 4421 cum

1919 4426 2104 4480 statim
2157 4424 2309 4481 fraus
2334 4441 2402 4480 ex
2454 4419 2684 4493 reliquis
2718 4424 2818 4476 viri
2874 4419 3352 4493 scriptis—imaque
3388 4419 3491 4473 hac

1919 4494 2039 4566 ejus
2095 4496 2472 4566 lucubratione
2503 4490 2780 4566 prodenda
2821 4490 3363 4566 foretIAHaceadein
3399 4505 3491 4544 ra-

1921 4560 2067 4622 tione
2104 4565 2402 4636 Gregorius
2435 4560 2746 4636 Tlieologus
2795 4567 2851 4618 ι”η
2893 4564 3102 4636 Christi
3150 4560 3404 4636 Natalem
3439 4568 3490 4636 et

1913 4646 2154 4692 sanctum
2190 4631 2417 4698 Pascha,
2464 4631 2741 4691 hominem
2795 4645 2953 4690 vocat
2975 4632 3222 4704 οὐράνιον
3248 4632 3341 4685 καὶ
3367 4631 3490 4684 ἐπί-

1912 4725 2060 4776 γειον
2084 4706 2220 4771 ζῶον
2244 4709 2338 4761 καὶ
2370 4707 2566 4779 μικρὸν
2618 4708 2823 4779 κόσμον
2851 4725 2868 4739 ο
2914 4705 3207 4779 cazlestemet
3240 4711 3488 4757 terrestre

1914 4775 2118 4832 animal
2144 4795 2205 4832 ac
2232 4775 2451 4849 parvam
2474 4775 2735 4849 inundum'
2754 4791 2778 4849 :_
2798 4785 3027 4846 utraque
3045 4775 3258 4849 scilicet
3288 4781 3497 4849 natura

1912 4843 2276 4912 constantem,
2334 4864 2443 4917 qua
2504 4848 2621 4918 ipse
2673 4845 2848 4915 major
2897 4843 3136 4918 mundus
3190 4843 3481 4918 conflatur,

1912 4921 2145 4989 spiritali
2201 4927 2256 4974 et
2312 4914 2576 4989 corporea
2620 4937 2651 4989 :7
2678 4918 2773 4989 qui
2818 4918 2933 4987 ipse
2961 4917 3197 4972 maxime
3229 4930 3368 4989 opus
3389 4914 3497 4979 sit,

1908 4986 2121 5044 ratione
2149 4990 2309 5057 cujus
2338 4986 2499 5059 usque
2531 4988 2686 5043 modo
2718 4986 2882 5042 Pater
2910 4997 3176 5055 operatur,
3209 4986 3285 5059 uti
3302 4999 3512 5059 supra-1

1911 5062 2103 5116 citavit
2158 5055 2506 5115 Methodius:
2546 5076 2652 5114 non
2686 5060 2800 5114 sola
2854 5059 3058 5127 argilla),
3087 5055 3346 5127 membris
3385 5058 3484 5109 hu-

1909 5132 2088 5187 manis
2111 5130 2505 5193 eﬁ‘ormatione,
2541 5131 2635 5184 sed
2671 5129 2845 5199 magis
2877 5125 3065 5199 animi,
3107 5128 3198 5197 qui
3224 5125 3315 5181 Dei

1909 5204 2087 5271 prium
2118 5217 2256 5271 opus
2288 5217 2351 5255 ac
2380 5200 2610 5260 fabrica.
2632 5197 2855 5254 novain
2889 5198 3046 5253 ﬁnem
3078 5213 3253 5271 usque
3270 5197 3511 5261 mundi,

1908 5270 2006 5342 per
2027 5270 2269 5342 singulas
2294 5272 2575 5325 hominum
2603 5271 3004 5338 generationes,
3034 5270 3296 5335 editione,
3335 5282 3370 5320 a
3397 5281 3495 5321 sev

1908 5359 2012 5413 que
2052 5344 2347 5398 creatione.
2376 5342 2669 5396 COMBEFIS.

1980 5413 2092 5484 (52)
2123 5415 2304 5480 Ἥτις.
2365 5483 2368 5484 ν
2383 5409 2936 5484 ἀνθρωποπλαστεῗ.
2955 5409 3060 5484 _Sic
3093 5415 3147 5464 et
3172 5405 3484 5484 Possmius.

1906 5477 1998 5537 Δι’
2024 5477 2308 5538 ΑΙΙοῑὶυεέ
2343 5483 2465 5554 ἥτις
2491 5477 2658 5554 ἀἰτία
2696 5484 2796 5553 τῆς
2836 5480 3110 5554 γενέσεως
3148 5479 3322 5554 Αῂμῶν
3348 5517 3362 5542 ,
3397 5477 3488 5554 μὼς

1907 5555 2065 5626 ἔφην,
2094 5558 2161 5626 τῇ
2196 5548 2689 5626 φύσειίχρωμένης
2726 5548 2874 5626 ἐστίν
2912 5570 2934 5626 -_
2963 5550 3101 5626 ai'mj
3142 5548 3358 5626 δέςῖσιος
3387 5548 3505 5601 ἀν·

1906 5610 2341 5697 θρωποπλαστεῖ.
2375 5610 2561 5697 Neque
2625 5610 2795 5697 aliter
2836 5623 2965 5685 legit
3002 5622 3057 5697 in
3090 5610 3240 5697 'cod.
3281 5610 3513 5697 Μοίρι-,ι

1906 5691 2084 5751 editor
2116 5696 2421 5764 Lupareus,
2454 5691 2677 5750 omissis
2721 5692 3065 5749 solummodo
3111 5691 3168 5744 δὲ
3205 5691 3334 5754 ἴσως
3363 5696 3518 5760 [ωειλ

1905 5767 2064 5831 αὕτη.
2089 5767 2362 5822 Cum“).

2815 3544 3085 3600 foramina
3125 3555 3278 3603 vero,
3338 3538 3498 3593 femi-
3574 3535 3583 3557 ‘
