3866 6160
354 349 429 406 55
1310 348 1367 405 S.
1412 345 1744 403 METHODH
1784 343 2095 401 EPISCOPI
2133 344 2221 401 ΕΤ
2265 343 2628 401 MARTYRIS
3543 348 3620 406 56

353 465 610 520 ciunans.
641 463 743 531 Qui
768 464 1007 535 denique
1049 464 1224 520 lutum
1273 466 1631 537 argillamque
1680 478 1931 534 compor-

2039 481 2123 536 νη.
2154 464 2291 527 Τοὺς
2320 463 2378 517 δὲ
2404 462 2726 536 κομίζοντας
2758 460 2856 533 τὴν
2900 459 3033 533 ὓλην
3059 460 3153 515 τοῦ
3179 461 3374 533 πηλοῦ,
3407 462 3483 535 τῷ
3515 466 3620 520 ἀν-

350 563 494 618 tant,
529 572 710 612 mares
729 571 793 611 ac
819 557 967 613 viros
989 557 1296 628 exprimere
1322 557 1598 628 cogitandi
1627 558 1776 621 aunt,
1803 570 1928 611 cum

353 646 434 700 illi
469 647 767 703 liberorum
809 655 1002 717 agente
1030 647 1123 702 siti
1163 646 1219 701 in
1241 648 1520 704 naturales
1548 646 1761 703 femina:
1784 661 1933 702 mea-

352 746 442 791 tus
464 752 649 792 semen
674 736 951 806 injiciunt,
1003 736 1151 791 haud
1196 751 1356 794 secus
1386 751 1451 792 ac
1482 739 1559 794 illi
1604 737 1848 810 argillam
1875 738 1932 793 in

351 825 622 880 foramina
648 825 967 897 important.
1005 825 1215 882 Semini
1269 829 1438 896 enim,
1460 827 1698 900 quadam
1733 828 1934 886 divinae

346 918 637 974 creat-ricis
687 922 966 991 potentiae,
1015 928 1075 975 ut
1128 921 1211 977 sic
1261 921 1466 988 dicam,
1515 924 1935 995 participatione

347 1026 599 1081 asperso,
630 1011 774 1066 haud
798 1012 1103 1083 imputandi
1153 1022 1524 1072 exaestuantes
1552 1016 1781 1087 impurae
1807 1014 1932 1072 libi-

346 1102 492 1158 dinis
522 1102 772 1159 ardores.
806 1104 912 1159 Ars
942 1119 1107 1175 porro
1132 1104 1188 1158 in
1238 1106 1489 1177 subjecta
1538 1107 1643 1164 sibi
1678 1109 1932 1177 materia,

345 1194 494 1265 quod
527 1210 689 1250 suum
711 1205 815 1261 est,
849 1195 981 1266 agit.
1014 1193 1229 1251 Nullam
1261 1212 1395 1253 vero
1427 1213 1541 1253 rem
1568 1212 1633 1253 ex
1657 1214 1718 1256 se
1743 1214 1808 1255 ac
1839 1216 1935 1271 per

344 1302 404 1343 se
427 1286 600 1358 ipsam
633 1286 830 1341 malam
862 1301 1005 1354 esse,
1041 1286 1467 1343 existimandum
1505 1297 1609 1353 est,
1644 1289 1739 1345 sed
1771 1290 1934 1346 talem

342 1378 461 1435 ﬁeri
485 1394 583 1450 per
611 1379 956 1435 abutentium
990 1381 1384 1450 operationem.
1412 1379 1651 1437 Honeste
1681 1382 1937 1439 videlicet

347 1479 404 1525 et
433 1476 586 1527 caste
619 1469 884 1534 exhibita,
941 1471 1173 1527 honesta
1196 1470 1419 1538 evadit;
1451 1472 1684 1542 turpiter
1726 1488 1857 1531 vero
1881 1481 1937 1530 et

340 1561 664 1618 indecenter
722 1561 1129 1626 administrata,
1184 1562 1366 1634 turpis
1414 1563 1491 1618 fit.
1555 1565 1616 1620 In
1655 1582 1764 1637 quo
1789 1566 1936 1622 enim

338 1657 484 1712 male
517 1655 718 1712 meruit
748 1654 960 1711 ferrum
990 1665 1219 1729 prepter
1258 1657 1655 1729 agriculturam
1702 1666 1758 1714 et
1790 1666 1938 1716 artes

340 1749 646 1812 inventum,
673 1747 741 1803 de
770 1746 840 1803 iis
873 1748 966 1819 qui
991 1749 1057 1803 ad
1083 1757 1302 1806 mutuas
1326 1750 1459 1805 illud
1490 1750 1666 1807 caedes
1697 1752 1938 1807 acuunt?

2032 556 2196 630 δρείῳ
2243 557 2339 611 καὶ
2382 553 2659 629 ἀῤῥενικῷ
2690 554 3071 627 παραϐλητέον
3091 572 3105 586 ·
3139 555 3321 620 ὁπότε,
3351 555 3622 630 διψήσαν-

2032 667 2124 714 τες
2155 649 2380 716 τέκνων,
2415 651 2497 714 είς
2522 649 2652 713 τοὺς
2699 647 2842 702 κατὰ
2887 647 3049 718 φύσιν
3077 647 3179 718 τῆς
3207 646 3425 720 θηλείας
3454 667 3626 723 φερο-

2037 744 2234 816 μένους
2283 743 2486 815 πόρους
2531 740 2997 811 ὲγκαταϐἀλλουσι
3041 738 3139 812 τὴν
3169 740 3395 814 σπορὰν,
3425 741 3622 817 ὥσπερ

2033 837 2196 890 κάκεῖ
2224 834 2315 888 τὸν
2349 833 2518 905 πηλὸν
2553 836 2632 898 είς
2674 832 2774 897 τὰς
2815 832 2976 897 όπάς.
3010 832 3171 898 Θείας
3218 832 3347 904 γὰρ,
3376 832 3453 896 ὡς
3485 832 3624 898 ἔπος

2033 929 2227 992 εἰπεῖν,
2267 926 2459 999 μοίρας
2508 927 2608 995 τῆς
2654 924 3050 997 δημιουργικῆς
3083 924 3144 980 τὸ
3176 925 3395 998 σπέρμα
3446 943 3623 998 μετα-

2033 1014 2330 1087 λαμϐάνον,
2359 1016 2459 1070 οὑκ
2511 1015 2643 1070 αὑτὸ
2687 1013 2858 1069 αἴτιον
2906 1014 3187 1086 νομιστέον
3212 1012 3488 1070 εἶναιτῶν
3518 1014 3627 1087 τῆς

2035 1108 2329 1172 ἀκολασίας
2359 1107 2819 1178 ὑπεκκαυμάτων.
2838 1107 2901 1160 Ἠ
2929 1107 3025 1177 μὲν
3045 1105 3153 1179 γὰρ
3182 1106 3346 1179 τέχνη
3369 1107 3470 1180 τὴν
3493 1107 3629 1162 6m-

2035 1199 2293 1271 κειμένην
2322 1199 2454 1271 ὑλην
2473 1200 2561 1254 ἀεὶ
2590 1200 2948 1253 τεκταίνεται.
2963 1199 3131 1253 Οὑδὲν
3150 1199 3260 1271 γὰρ
3283 1200 3471 1254 αὑτόθι
3493 1199 3627 1255 καθ’

2036 1292 2200 1346 ἑαυτὸ
2227 1291 2335 1345 τῶν
2364 1290 2701 1363 πραγμάτων
2725 1290 2956 1363 ἡγητέον
2982 1287 3121 1345 εἶναι
3148 1289 3337 1354 κακὸν,
3355 1290 3489 1344 ἀλλὰ
3514 1307 3628 1344 πα-

2041 1382 2110 1454 ρά
2138 1384 2237 1457 τὴν
2262 1383 2462 1455 πρᾶξιν
2493 1382 2603 1437 τῶν
2633 1383 2931 1455 χρωμένων
2959 1382 3180 1437 τοιῶσδε
3208 1382 3476 1451 γίνεσθαι.
3514 1384 3629 1436 Ko-

2039 1474 2213 1546 σμίως
2248 1475 2346 1544 μὲν
2372 1474 2481 1546 γὰρ
2516 1475 2886 1547 πραττόμενον
2923 1474 3018 1528 καὶ
3050 1475 3362 1546 σωφρόνως,
3394 1474 3629 1544 κόσμιον

2037 1567 2220 1638 ἀπέϐη
2239 1584 2253 1598 ο
2283 1567 2523 1640 αἰσχρῶς
2555 1568 2612 1621 δὲ
2644 1570 2736 1623 καὶ
2767 1569 3111 1641 ἀσχημόνως,
3139 1569 3382 1640 αίσχρόν.
3414 1570 3481 1623 Τί
3514 1567 3630 1643 γὰρ

2038 1657 2266 1731 ἠδίκησε
2312 1659 2528 1732 σίδηρος
2571 1661 2883 1732 γεωργικῆς
2915 1661 3076 1733 χάριν
3108 1661 3203 1715 καὶ
3228 1660 3432 1733 τεχνῶν
3460 1662 3627 1734 εὑρε-

2040 1750 2171 1814 θεὶς,
2202 1751 2327 1815 τοὺς
2355 1752 2435 1814 είς
2459 1750 2852 1822 ἀλληλοφόνους
2890 1753 3053 1807 αὑτὸν
3086 1752 3353 1825 θήξαντας
3401 1754 3624 1824 μάχαςς

340 1837 401 1893 1η
433 1855 543 1910 quo
569 1853 765 1893 aurum
817 1848 913 1894 aut
943 1847 1251 1910 argentum,
1286 1846 1381 1895 aut
1425 1856 1521 1906 aes,
1555 1849 1631 1906 et,
1674 1850 1735 1896 ut
1762 1843 1931 1899 verbo

2039 1841 2097 1894 Τί
2126 1841 2183 1894 δὲ
2216 1842 2416 1915 χρυσὸς
2460 1843 2493 1914 ἢ
2537 1820 2836 1915 ἄργυρος,ἢ
2875 1845 3092 1915 χαλκὸς,
3129 1820 3224 1899 καὶ
3250 1820 3553 1917 συλλήϐδην
3587 1849 3622 1918 ἡ

341 1933 618 2003 colligam,
680 1932 863 1989 omnis
920 1934 1145 1988 materia
1198 1940 1364 2005 atque
1414 1934 1656 2000 metalla,
1716 1935 1846 1991 dum
1871 1951 1932 1992 se

338 2025 529 2080 mollia
557 2024 804 2095 praebent
835 2039 901 2080 ac
962 2024 1292 2089 tractabilia,
1329 2025 1397 2080 de
1430 2024 1519 2080 his
1549 2027 1641 2097 qui
1700 2026 1931 2098 ingratis

340 2117 398 2171 in
431 2125 710 2173 auctorem
740 2131 902 2173 suum
956 2116 1178 2183 animis,
1228 2117 1284 2171 in
1313 2123 1527 2173 statuas
1558 2118 1710 2174 varie
1732 2118 1931 2174 distin-

339 2215 460 2263 ctas
490 2207 931 2279 ell'ormatasque,
962 2208 1075 2263 bare
1105 2208 1384 2264 adoranda
1415 2210 1771 2281 proponunt?
1799 2210 1931 2266 Cer-

339 2306 396 2355 te
428 2298 475 2355 si
502 2299 629 2371 quis
662 2299 809 2356 furto
829 2299 1062 2372 quaesita
1092 2299 1296 2357 vellera
1334 2301 1586 2356 textrinae
1610 2286 1926 2371 praebuerit,

337 2391 396 2445 in
434 2406 603 2446 unum
638 2390 785 2447 hunc
814 2405 1040 2461 scopum
1097 2390 1323 2448 intuens
1381 2407 1493 2458 ars,
1544 2393 1693 2463 quod
1745 2393 1931 2463 subje-

337 2489 489 2538 ctum
518 2494 602 2540 est
634 2483 956 2551 fabricatur,
990 2493 1050 2541 ut
1096 2492 1432 2542 structuram
1482 2485 1755 2552 admittat,
1793 2487 1929 2542 nihil

337 2590 607 2648 respuens
643 2593 833 2634 eorum
862 2594 986 2650 qua:
1015 2578 1094 2633 illi
1127 2578 1195 2634 ad
1226 2594 1386 2635 usum
1425 2593 1585 2634 suum
1622 2588 1747 2649 apta
1772 2579 1927 2650 obje-

338 2676 429 2723 cta
484 2675 638 2725 sunt.
689 2668 828 2723 Nam
861 2685 1040 2741 neque
1092 2670 1238 2741 quod
1289 2670 1437 2726 furto
1472 2672 1712 2726 ablatum
1743 2681 1846 2737 est,
1870 2674 1928 2728 in

334 2761 547 2817 crimen
580 2761 887 2817 vocandum
942 2763 1035 2829 sit,
1085 2763 1289 2834 quippe
1343 2763 1666 2818 inanimum.
1721 2762 1928 2818 Lanam

340 2862 522 2924 itaque
540 2853 825 2910 elaborare
860 2869 925 2909 ac
948 2857 1304 2920 concinnare,
1355 2855 1492 2910 nihil
1524 2854 1808 2925 prohibet;
1833 2856 1929 2926 qui

341 2958 471 2997 vero
505 2942 710 3013 injusta
739 2957 861 2998 eam
905 2957 1073 2997 manu
1113 2942 1368 3015 furtoque
1402 2944 1648 3007 abstulit,
1685 2942 1730 2998 is
1763 2959 1928 3015 poena

340 3035 675 3092 afficiendus.
707 3034 799 3091 Sic
821 3045 1172 3108 corruptores
1199 3037 1535 3108 nuptiarum,
1559 3051 1624 3091 ac
1670 3037 1764 3108 qui
1793 3053 1931 3093 con-

2031 1932 2361 2003 εὑέργαστος
2407 1931 2599 1987 ἅπασα
2645 1934 2740 2004 γῆ,
2776 1935 2901 1998 τοὺς
2948 1933 3402 2006 πλημμελοῦντας
3428 1935 3628 2007 ἀχαρί-

2031 2041 2172 2089 στως
2209 2025 2289 2088 είς
2326 2025 2419 2078 τὸν
2454 2024 2714 2094 σφέτερον
2749 2024 3102 2097 δημιουργὸν,
3137 2027 3194 2079 ὲν
3224 2025 3302 2097 τῷ
3338 2025 3625 2098 παρατρέ-

2029 2115 2227 2170 πεσθαι
2254 2116 2323 2170 τὰ
2360 2116 2454 2171 ἀπ’
2484 2117 2663 2172 αὑτῶν
2699 2117 3084 2189 ποικιλλόμενα
3120 2116 3284 2189 βρέτη
3314 2116 3467 2190 (55);
3503 2115 3626 2173 Κᾶν

2029 2207 2138 2281 γὰρ
2163 2208 2272 2263 ἀπὸ
2303 2208 2642 2280 κλεψιμαίων
2667 2212 2734 2281 τῇ
2773 2208 3043 2281 ὑφαντικῇ
3072 2208 3366 2282 παρέχοιτό
3390 2225 3476 2273 τις
3500 2209 3627 2281 ἔρια.

2030 2301 2214 2375 τέχνῃ,
2250 2302 2389 2374 πρὸς
2441 2300 2499 2356 ἓν
2550 2302 2710 2373 μόνον
2742 2302 3124 2355 ἀποϐλέπουσα
3151 2300 3311 2355 τοῦτο
3354 2303 3389 2373 ὴ
3435 2302 3625 2372 τέχνη,

2028 2393 2349 2467 δημιουργεί
2392 2394 2491 2464 τὴν
2542 2393 2936 2465 ὑποκειμένην,
2973 2394 3021 2446 εί
3068 2389 3280 2457 δέξεται
3325 2391 3429 2464 τὴν
3459 2410 3629 2447 κατα-

2032 2485 2253 2559 σκευὴν,
2286 2486 2437 2540 οὑδὲν
2465 2485 2878 2558 ἀποϐαλλομένη
2925 2484 3034 2539 τῶν
3078 2487 3244 2557 ἑαυτῇ
3292 2485 3624 2557 χρησίμων·

2030 2580 2152 2632 ἐπεὶ
2203 2578 2368 2651 μηδὲν
2408 2579 2581 2634 αἴτιόν
2614 2580 2761 2633 ἐστιν
2796 2577 3030 2633 ἐνταῦθα
3072 2576 3135 2630 τὸ
3179 2576 3388 2631 κλαπὲν
3422 2575 3630 2647 ἄψυχον

2029 2671 2109 2725 ὃν.
2145 2671 2237 2726 Διὸ
2281 2671 2346 2744 δὴ
2396 2673 2530 2727 αὑτὸ
2577 2672 2674 2744 μὲν
2706 2671 3002 2744 ἐργαστέον
3031 2670 3125 2724 καὶ
3158 2669 3466 2741 κοσμητέον
3491 2686 3505 2698 ·
3535 2669 3628 2721 τὸν

2028 2760 2084 2815 δὲ
2116 2762 2446 2833 ὑφελόμενον
2474 2762 2644 2833 ἀδίκῳ
2674 2762 2832 2835 φωρᾷ
2860 2760 3227 2833 τιμωρητέον.
3248 2759 3418 2830 Ἀτάρ
3440 2758 3504 2832 δὴ
3528 2759 3627 2814 καὶ

2028 2855 2155 2917 τοὺς
2186 2852 2496 2924 δηλήμονας
2527 2852 2636 2906 τῶν
2665 2854 2881 2924 γάμων,
2913 2853 3008 2906 καὶ
3038 2852 3375 2924 διαῤῥήκτας
3402 2853 3503 2922 τῆς
3535 2852 3625 2903 εὑ-

2029 2945 2332 3017 αρμοστίας
2364 2945 2458 2998 τοῦ
2492 2945 2609 3016 βίου
2651 2944 2758 2999 τῶν
2804 2943 3008 3017 χορδῶν
3070 2943 3509 3015 φλεγμαίνοντας
3544 2942 3625 2997 οἵ·

2031 3054 2201 3110 στρῳ,
2234 3039 2327 3091 καὶ
2374 3036 2472 3108 τὴν
2526 3036 2705 3110 ὄρεξιν
2752 3039 2834 3102 εἰς
2892 3036 3132 3108 μοιχείαν
3162 3034 3623 3105 ὲκκαλουμένους,

340 3129 518 3184 cinna:
546 3137 824 3200 castaeque
848 3129 992 3193 vitae,
1023 3129 1173 3185 velut
1192 3129 1436 3194 citharae,
1462 3135 1666 3186 temere
1689 3129 1926 3185 chordas

2039 3131 2227 3195 αὐτοὺς
2263 3130 2361 3202 μὲν
2402 3129 2755 3202 βασανιστέον
2800 3131 2895 3183 καὶ
2926 3128 3265 3202 τιμωρητέον
3291 3146 3306 3159 ⁸
3339 3129 3435 3182 ἀπ’
3465 3125 3624 3182 ἀλλο-

340 3228 622 3293 rumpunt,
657 3220 889 3279 efi‘renes
938 3219 1286 3277 inflammatae
1315 3221 1635 3293 cupiditatis
1663 3232 1833 3279 :estus
1864 3222 1921 3278 in

2039 3223 2194 3295 πρίων
2223 3222 2332 3295 γὰρ
2364 3224 2555 3295 κήπων
2587 3222 2686 3287 τὰς
2720 3222 3070 3292 παιδογόνους
3101 3221 3455 3294 λυμαίνονται
3495 3219 3624 3273 κλέ-

340 3312 610 3370 adulteria
639 3314 911 3380 laxantes,
935 3313 1041 3385 ipsi
1067 3312 1287 3385 quidem
1310 3314 1595 3369 cruciandi
1632 3314 1924 3384 puniendi-

2039 3333 2254 3381 πτοντες
2283 3316 2599 3387 συμπλοκάς
2624 3333 2637 3346 ·
2666 3317 2764 3387 τὴν
2794 3316 2850 3368 δὲ
2888 3315 3116 3386 σπορὰν,
3154 3313 3346 3387 ὥσπερ
3375 3313 3440 3385 δὴ
3467 3311 3626 3366 κάκεῖ

340 3420 447 3475 que
469 3414 638 3462 sunt:
675 3416 875 3463 nocent
923 3406 1071 3461 enim
1119 3405 1380 3476 graviter,
1409 3420 1475 3461 ex
1517 3405 1712 3460 alienis
1746 3405 1923 3463 hortis

2039 3408 2101 3462 τὰ
2133 3407 2276 3481 ἔρια,
2315 3409 2630 3481 μορφωτέον
2656 3410 2752 3463 καὶ
2783 3409 3083 3481 ψυχωτέον.

342 3513 696 3555 ιηοοηοεεςοε
723 3498 961 3554 furando
986 3498 1545 3563 concubitugsemen
1567 3513 1695 3555 vero
1726 3498 1935 3569 ipsum,
1972 3501 2050 3554 uti
2116 3510 2171 3557 et
2202 3502 2315 3556 illic
2353 3502 2578 3568 vellera,
2621 3500 2974 3556 formandum
3020 3509 3105 3557 est
3170 3501 3469 3570 animaque
3525 3493 3624 3550 do-

343 3593 605 3650 nandum.

819 3736 950 3791 CAP.
984 3734 1075 3790 Vl.
1113 3734 1295 3790 Etiam
1324 3735 1749 3791 adulterinorum
1781 3743 2031 3806 partarum
2068 3748 2199 3785 cura
2235 3730 2363 3794 Deo,
2405 3731 2471 3784 iis
2507 3731 2680 3800 angeli
2713 3737 2986 3784 curatores
3021 3728 3158 3782 dati.

415 3852 482 3907 Et
517 3852 650 3924 quid
680 3869 821 3925 opus
864 3861 1018 3909 tanta
1049 3855 1425 3925 exemplorum
1465 3855 1519 3909 vi
1557 3854 1760 3910 frustra
1807 3870 1928 3910 ser-

343 3962 561 4001 monem
593 3946 921 4017 producere,
973 3961 1100 4001 cum
1136 3947 1271 4003 satis
1309 3947 1516 4017 liqueat
1552 3945 1646 4002 Dei
1683 3947 1929 4017 profecto

343 4052 484 4108 Opus
536 4052 683 4102 esse,
737 4052 1034 4108 corporum
1078 4038 1455 4093 structuram?
1509 4036 1742 4105 Quando
1781 4038 1928 4092 enim

344 4136 544 4184 natura
572 4129 728 4185 brevi
773 4130 912 4185 adeo
946 4137 1212 4201 tempore,
1263 4130 1373 4185 nisi
1430 4129 1544 4186 Deo
1595 4130 1928 4199 adjutorium

346 4221 825 4288 subministrante,
852 4229 1068 4277 tantum
1103 4237 1243 4293 opus
1266 4221 1596 4293 perliceret?
1623 4220 1759 4288 Quis
1780 4221 1929 4276 enim

346 4314 753 4385 incompactam
787 4314 1064 4386 compegit
1086 4313 1297 4370 ossium
1330 4314 1741 4372 substantiam?
1791 4313 1930 4381 Quis

345 4421 479 4462 vero
508 4406 808 4478 colligavit,
834 4414 894 4460 ut
920 4406 1107 4463 nervis
1129 4405 1560 4462 extenderentur
1594 4421 1658 4461 ac
1682 4405 1932 4462 remitte-

2105 3850 2215 3905 Καὶ
2241 3852 2294 3903 τί
2317 3850 2399 3903 δεῖ
2420 3848 2823 3922 παραδείγμασι
2846 3847 3122 3911 τοσούτοις
3137 3847 3484 3921 κεχρημένην

2039 3941 2302 4014 μηκύνειν
2355 3940 2447 3994 τὸν
2497 3940 2697 4009 λόγον;
2734 3940 2867 3993 Οὑδὲ
2899 3939 3006 4010 γὰρ
3056 3938 3121 3992 ἂν
3173 3939 3349 4002 οὕτως
3374 3942 3430 3993 ἐν
3459 3938 3624 4012 όλίγῳ

2035 4036 2211 4108 χρόνῳ
2233 4034 2485 4087 τοσοῦτον
2511 4032 2615 4099 ἔξω
2645 4032 2796 4096 θείας
2823 4032 3054 4104 κομιδῆς
3084 4031 3246 4103 ἔργον
3276 4031 3500 4103 ἐξήνυσε
3525 4031 3626 4101 φύ-

2036 4145 2140 4194 σις.
2171 4127 2266 4192 Τίς
2291 4126 2398 4198 γὰρ
2436 4125 2637 4179 ὀστέων
2678 4126 2920 4196 ἀπηκτον
2948 4124 3144 4197 ἔπηξεν
3178 4124 3364 4178 οὑσίαν
3390 4141 3404 4189 ;
3438 4123 3532 4188 Τίς
3561 4122 3620 4176 δὲ

2036 4220 2295 4292 ξυνέδησε
2321 4217 2686 4272 ἐπιτείνεσθαι
2719 4216 2930 4290 νεύροις
2966 4220 3060 4271 καὶ
3092 4216 3340 4272 ἀνίεσθαι
3366 4215 3495 4286 περὶ
3523 4213 3619 4278 τὰς

2036 4312 2286 4385 ἁρμογὰς
2309 4310 2674 4381 καμπτόμενα
2693 4309 2759 4362 τά
2781 4308 2913 4381 μέλη
2939 4327 2952 4373 ;
2981 4309 3074 4374 Τίς
3094 4309 3137 4363 δ’
3155 4310 3458 4380 ὑπονόμους
3487 4322 3621 4359 κατ-

2037 4403 2301 4457 εσκεύασε
2361 4402 2440 4473 τῷ
2488 4403 2679 4473 αἵματι
2717 4442 2731 4465 ,
2784 4403 2879 4456 καὶ
2931 4401 3177 4474 μαλακὴν
3231 4400 3496 4473 ἀρτηρίαν
3540 4396 3618 4468 τῷ

347 4506 544 4556 rentur
572 4499 639 4554 ad
657 4499 952 4570 juncturas
983 4508 1199 4553 artuum
1232 4499 1316 4554 sic
1348 4499 1593 4555 membra
1625 4496 1931 4553 flectentia?

2039 4497 2348 4568 πνεύματι;
2377 4499 2446 4549 Ἢ
2478 4496 2560 4560 τίς
2593 4495 2749 4561 ἄλλος
2779 4497 2892 4567 (55)
2922 4494 3174 4567 ὲζύμωσε
3215 4495 3385 4567 χυμὸν
3423 4491 3620 4554 δεύσας

347 4584 484 4653 Quis
513 4587 802 4643 cuniculos
835 4586 1114 4659 sanguini,
1144 4587 1478 4658 mollemque
1519 4586 1738 4657 spiritui
1787 4593 1934 4641 arte-

346 4677 488 4733 riam
515 4679 883 4749 praeparavit?
919 4680 1023 4733 Aut
1075 4679 1203 4750 quis
1257 4679 1402 4734 alius
1461 4678 1752 4733 humorem
1800 4694 1933 4733 san-

350 4773 518 4843 guine
541 4774 837 4839 imbutum,
869 4787 1049 4843 exque
1082 4772 1216 4826 limo
1259 4771 1477 4845 mollem
1538 4770 1778 4841 palpam,
1830 4769 1935 4827 fer-

350 4872 538 4918 mento
569 4878 737 4934 prope
767 4861 1049 4930 dilatavit;
1082 4861 1191 4918 nisi
1234 4859 1389 4917 solus
1422 4876 1675 4916 summus
1707 4857 1930 4924 artifex,

2038 4588 2248 4660 αἵματι,
2284 4588 2378 4641 καὶ
2428 4585 2708 4658 μαλθακὴν
2756 4588 2819 4639 ἐκ
2868 4586 2992 4656 χοὸς
3044 4586 3255 4658 σάρκα;
3288 4584 3357 4637 Ἦ
3405 4581 3564 4653 μόνος
3591 4583 3621 4633 ό

2037 4680 2425 4752 ἀριστοτέχνης
2453 4678 2551 4749 τὴν
2580 4676 2952 4747 λογικωτάτην
2981 4675 3166 4730 εἰκόνα
3208 4674 3302 4728 καὶ
3350 4671 3614 4743 ἔμψυχον,

2034 4772 2129 4826 τὸν
2160 4772 2467 4845 ἄνθρωπον,
2500 4772 2669 4842 ἡμᾶς,
2702 4770 2895 4823 ἑαυτοῦ
2922 4770 3357 4839 τεκταινόμενος,
3389 4764 3483 4818 καὶ
3515 4780 3616 4833 κη-

2038 4865 2357 4937 ροπλαστῶν
2390 4862 2451 4929 ἐξ
2481 4862 2665 4936 ὑγρῶν
2698 4862 2793 4917 καὶ⁸
2826 4861 3174 4934 βραχυτάτων
3200 4856 3530 4931 σπερμάτων
3558 4856 3615 4906 ὲν

349 4953 445 5025 qui
481 4955 663 5009 vivum
698 4970 799 5010 nos
840 4951 1146 5020 hominem,
1188 4953 1512 5009 rationalem
1568 4952 1655 5008 sui
1704 4951 1931 5024 efﬁgiem

2044 4962 2262 5035 μήτρᾳ;
2311 4958 2407 5023 Τίς
2461 4957 2571 5031 γάρ
2608 4960 2754 5012 ἐστιν
2785 4958 2813 5010 ό
2846 4953 3297 5027 προμηθούμενος
3345 4949 3419 5022 μὴ
3476 4961 3614 5016 συμ-

380 5166 389 5175 ,
421 5105 534 5180 (⁸55)
555 5110 992 5180 Ποικμλόμενα
1027 5107 1241 5180 βρέτη.
1296 5102 1516 5180 Variam
1551 5103 1853 5180 lectionem
1877 5101 1936 5158 in

348 5172 485 5234 voce
517 5172 902 5249 ποικιλλόμενα
924 5172 1044 5237 Vat.
1068 5172 1480 5249 'codCagnoscit
1492 5174 1655 5249 etiam
1676 5172 1932 5249 Allatius.

349 5250 433 5323 Ad
458 5244 888 5323 hchossinius
920 5267 1018 5323 pro
1049 5251 1239 5323 βρέτη,
1265 5244 1823 5323 ῙοΙΙβηιὶὑιιερσυΙὶε,
1847 5244 1934 5299 vel

351 5321 515 5375 etiam
542 5320 803 5393 illudente
825 5316 1026 5382 scriba,
1049 5316 1241 5393 ’βρέφη
1274 5319 1439 5393 legit;
1473 5316 1619 5393 quod
1638 5325 1708 5393 _et
1760 5330 1931 5393 cona-

351 5400 445 5446 tur
474 5390 722 5454 reddere,
758 5404 884 5445 cum
945 5394 1015 5446 sit
1042 5387 1247 5447 nullius
1297 5390 1386 5443 hic
1412 5387 1608 5459 frugis.
1638 5387 1760 5442 Non
1785 5388 1931 5441 enim

352 5461 572 5540 metalla
601 5467 940 5540 enumerata
964 5464 1100 5540 bene
1148 5462 1216 5516 ad
1257 5458 1478 5540 liberos_
1507 5458 1930 5540 componantur,

2035 5113 2513 5186 quorHCousEns.

2111 5183 2222 5257 (54)
2266 5181 2683 5257 Κεχρημένην.
2725 5179 2890 5234 Allat.
2934 5188 2988 5235 et
3029 5176 3274 5241 Possim,
3326 5185 3612 5242 καταχρω-

2040 5254 2432 5331 μέὴυλαὲμὲπ
2727 5320 2775 5331 --
2888 5326 2897 5331 -
3133 5319 3146 5331 .
3292 5266 3621 5331 .,.__..-.‘

2114 5309 2223 5397 (δἐἰ)
2251 5320 2442 5397 ’[Ημτίς
2482 5322 2691 5397 ἄλλος.
2726 5320 2971 5397 M_onst_ro
3005 5319 3243 5397 quodam
3279 5313 3446 5397 codex

2037 5378 2227 5461 "H‘eié
2250 5378 2384 5459 Θεός
2416 5378 2433 5425 ἶ
2465 5393 2611 5465 quod
2643 5378 2698 5448 et
2754 5378 3042 5465 Possinius
3073 5388 3338 5465 sequitur.
3365 5378 3605 5465 _Act‘epi.

2035 5483 2145 5522 non
2173 5474 2232 5521 ut
2266 5480 2461 5519 novam
2482 5462 2800 5529 ieclionem,
2832 5462 2927 5517 sed
2958 5471 3018 5518 ut
3043 5469 3250 5531 partem
3270 5463 3610 5531 textus,_quo

354 5532 451 5607 sed
479 5532 546 5607 ad
574 5539 788 5607 statuas
813 5531 1212 5607 et_simulacra,
1247 5546 1385 5607 qua:
1434 5530 1515 5586 sic
1539 5520 1785 5607 varia}!
1829 5527 1938 5582 illis
2036 5520 2339 5607 exponitur
2360 5535 2496 5589 mira
2520 5533 2727 5589 fabrica
2756 5520 2980 5587 h'umani
3002 5520 3312 5607 corporis:
3354 5520 3609 5607 qui)de

353 5602 528 5656 (ἐγωοί
557 5601 788 5656 colenda
818 5602 1197 5666 efformabant,
1247 5599 1420 5657 invita
1450 5607 1668 5663 natura,
1705 5599 1759 5653 in
1800 5612 1935 5652 con-

243 5690 246 5693 ‘
354 5682 617 5743 templum
678 5673 792 5727 Dei.
831 5669 965 5743 Voxb
1002 5686 1220 5742 quoque
1257 5671 1628 5743 πηλικωμένοι
1671 5671 1790 5740 ipsa
1821 5683 1931 5721 non

354 5741 492 5799 satis
530 5742 739 5807 Graeca,
754 5751 815 5797 ut
843 5741 1082 5813 undique
1104 5741 1497 5813 pateat,'unam
1516 5741 1794 5813 duntaxat
1811 5753 1932 5809 pro-

351 5815 536 5871 batam
570 5815 878 5880 lectionem,
912 5809 1076 5870 uuam
1105 5809 1188 5869 ‘ex
1234 5812 1396 5868 Allat.
1421 5821 1475 5868 et
1514 5809 1653 5867 Μαι.
1689 5811 1813 5867 cod.
1839 5824 1927 5866 se-

1993 5635 1996 5639 -
2040 5593 2212 5678 parvo
2244 5607 2472 5678 humore
2520 5620 2607 5678 ac_
2634 5619 2827 5678 spuma
2860 5603 3018 5673 quasi
3068 5593 3329 5678 fermento
3352 5593 3610 5678 dilatetur

2042 5666 2225 5732 iuassa
2254 5676 2528 5746 corporis,
2596 5666 2679 5729 in'
2699 5676 2840 5730 dura
2878 5666 3014 5729 'ossa
3047 5687 3111 5726 ar.
3142 5666 3354 5746 mollem
3385 5670 3615 5730 carnem_

2036 5739 2432 5818 cruentumque
2460 5739 2741 5804 httmorem
2766 5751 3104 5815 exporrecta.
3136 5739 3425 5795 Cosams.
