3866 6160
196 353 270 415 57
1266 345 1660 407 CONVIVIUM
1699 343 1932 400 DECEM
1971 340 2337 400 VlRGlNUM.
2514 348 2517 351 '
3406 342 3478 403 εκ

197 477 493 546 πνίγεσθαι
520 473 598 546 τῷ
629 472 784 547 ὑγρῷ
806 474 900 528 καὶ
922 476 989 546 τῇ
1017 474 1213 544 συνοχῇ
1240 471 1351 526 τῶν
1378 470 1637 541 ἀγγείων,
1671 470 1788 522 ἑπι-

1894 464 2215 531 l'abricatus,
2250 478 2317 519 ex
2351 458 2608 515 humanis
2655 459 3109 533 tenuissimisque
3143 460 3475 531 seminibus,

199 569 532 641 κλυζόμενον
562 568 672 621 ἔσω
694 566 756 620 τὸ
787 567 1055 639 ἔμϐρυονι
1080 567 1150 619 ’Ἡ
1172 564 1255 629 τίς
1286 567 1315 618 6
1350 564 1488 636 μετά
1515 562 1577 616 τὸ
1599 561 1789 633 λοχευ-

200 662 360 732 θῆναι
394 661 489 715 καὶ
517 661 599 724 εἰς
629 659 745 729 φῶς
777 658 1042 722 ἀνελθεῖν,
1075 659 1156 722 εἰς
1187 656 1419 729 μέγεθος
1463 655 1556 710 καὶ
1596 653 1790 718 κάλλος

201 756 297 809 καὶ
338 753 532 825 ῥώμην
563 752 623 819 ἐξ
651 749 913 815 ἀσθενοῦς
962 749 1054 803 καὶ
1099 749 1331 822 βραχέος
1375 746 1726 821 μεταϐάλλων
1752 746 1787 818 ἢ

205 844 280 919 μὴ
322 827 490 910 αὐτὸς
532 840 689 909 οὗτος
729 845 759 895 ὀ
792 842 1199 914 ἀριστοτέχνης,
1230 841 1306 905 ὡς
1348 841 1504 913 ἔφην,
1540 839 1692 904 Θεὸς,
1720 841 1788 910 τῇ

201 943 458 1013 ποιητικῇ
505 940 733 1010 δυνάμει
784 937 863 1009 τῷ
906 936 1129 1010 Χριστῷ
1172 932 1663 1007 μετασχηματίζων
1695 932 1791 986 καὶ

202 1030 653 1105 μεταζωγραφῶν
677 1030 778 1094 τὰς
822 1028 996 1094 ἰδέας;
1032 1031 1052 1053 ⁸
1093 1026 1254 1081 Ὅθεν
1308 1026 1373 1098 δὴ
1403 1026 1497 1080 καὶ
1522 1022 1792 1096 τημελού-

198 1143 315 1198 χοις
342 1125 618 1194 ἀγγέλοις,
655 1122 758 1177 κᾶν
787 1124 852 1176 ὲκ
878 1121 1123 1193 μοιχείας
1146 1114 1247 1174 ὦσι
1271 1118 1339 1174 τὰ
1363 1118 1788 1189 ἁποτικτόμενα,

200 1214 593 1289 παραδίδοσθαι
640 1213 1058 1289 παρειλήφαμεν
1104 1212 1163 1265 ὲν
1200 1208 1579 1274 θεοπνεύστοις
1608 1208 1793 1280 γράμ-

204 1329 385 1383 μασιν.
421 1312 487 1364 ΕΞ
517 1310 628 1383 γάρ
659 1308 810 1381 παρά
842 1307 952 1380 τὴν,
991 1304 1220 1377 γνώμην
1272 1303 1514 1373 ἐγίνοντο
1559 1302 1654 1356 καὶ
1698 1301 1790 1355 τὸν

199 1405 402 1476 θεσμὸν
456 1405 557 1474 τῆς
592 1402 867 1475 μακαρίας
898 1400 1113 1471 ὲκείνης
1135 1398 1349 1470 φύσεως
1376 1397 1471 1451 τοῦ
1493 1394 1649 1461 Θεοῦ,
1676 1395 1791 1460 πῶς

196 1500 456 1569 ἀγγέλοις
502 1497 672 1552 ταῦτα
704 1494 1021 1567 παρεδίδοτο
1053 1490 1446 1564 τραφησόμενα
1480 1488 1620 1561 μετά
1661 1486 1790 1542 πολ-

196 1591 297 1662 λῆς
328 1588 694 1653 ἀναπαύσεως
728 1588 824 1641 mi.
858 1584 1173 1659 ρᾳστὼνηςς
1203 1582 1329 1646 Πῶς
1351 1582 1407 1636 δὲ
1437 1582 1532 1636 καὶ
1554 1597 1792 1652 κατηγο-

202 1685 440 1755 ρήσοντα
463 1682 613 1752 σφῶν
640 1678 822 1735 αὐτῶν
845 1679 973 1742 τοὺς
995 1680 1173 1747 γονεῖς
1200 1675 1692 1747 εὐπαρρησιάςτως
1712 1675 1794 1737 εἰς

194 1774 260 1828 τὸ
305 1773 659 1844 δικαστήριον
711 1770 1037 1842 ὲκίκλησκον
1097 1768 1192 1822 τοῦ
1241 1766 1519 1840 Χριστοῦ;
1573 1766 1645 1820 Σὺ
1691 1766 1792 1820 οὐκ

1892 556 2043 612 velut
2064 572 2127 611 ex
2159 569 2307 619 cera,
2340 553 2398 607 in
2426 553 2586 607 vulva
2612 551 2855 624 elllngit?
2908 554 2991 609 Ad
3040 554 3203 626 cujus
3245 557 3391 611 enim
3423 558 3479 611 id

1894 663 2082 703 curam
2125 655 2359 718 spectat,
2402 661 2472 699 ne
2507 652 2620 698 tum
2655 644 2904 709 humido,
2955 654 3182 717 tumque
3224 648 3480 703 vasculo-

1892 756 2015 795 rum
2046 739 2317 811 angustiis
2351 736 2670 801 sullocetur,
2697 737 2848 791 intus
2881 738 3143 795 innatans
3172 747 3331 795 utero
3379 753 3478 810 ge-

1894 842 2074 890 status
2110 831 2469 902 imperfectus
2504 831 2682 887 fetus?
2710 831 2846 898 Quis
2875 846 2905 885 a
2937 838 3098 902 partu
3119 832 3233 901 jam
3266 832 3475 888 editum

1891 926 2059 997 inque
2111 925 2291 980 lucem
2326 933 2668 995 susceptum,
2708 926 2789 981 sic
2815 925 3146 1001 imbecillem
3181 924 3474 995 exiguum-

1894 1034 2001 1090 que
2023 1018 2077 1073 in
2102 1018 2301 1073 molcm
2336 1025 2391 1074 et
2417 1018 2649 1073 formam
2677 1032 2742 1073 ac
2772 1019 2944 1073 robur
2966 1017 3225 1072 idoneum
3275 1030 3475 1086 prove-

1892 1110 2010 1166 hit?
2042 1112 2150 1168 nisi
2186 1111 2277 1167 ille
2306 1112 2473 1175 idem,
2506 1120 2564 1166 ut
2588 1112 2726 1176 dixi,
2751 1126 3048 1183 supremus
3082 1109 3278 1164 artifex
3305 1108 3474 1176 Deus,

1891 1203 2159 1259 creatrice
2188 1204 2263 1267 vi,
2293 1204 2455 1273 quasi
2505 1203 2730 1259 Christo
2779 1202 3078 1272 exemplari
3136 1200 3339 1271 ﬁguras
3370 1198 3468 1254 du-

1890 1307 2024 1346 cens
2053 1300 2220 1363 atque
2258 1292 2326 1346 ad
2380 1292 2565 1348 vivum
2614 1292 2830 1363 species
2874 1290 3208 1363 depingens?
3236 1290 3392 1346 Unde
3422 1297 3478 1346 et

1890 1381 2223 1437 tutelaribus
2253 1381 2488 1453 angelis,
2522 1381 2688 1436 etiam
2746 1398 2813 1437 ex
2869 1381 3141 1437 adulterio
3189 1388 3476 1452 susceptas

1890 1474 2074 1544 proles
2109 1473 2512 1539 commendari,
2544 1489 2612 1529 ex
2645 1473 2848 1529 divinis
2893 1474 3098 1529 litteris
3134 1472 3472 1543 accepimus.

1894 1563 1952 1619 Si
1977 1565 2124 1620 enim
2158 1565 2327 1619 invita
2373 1567 2548 1622 beata:
2600 1567 2751 1622 illius
2799 1573 3032 1629 naturis,
3087 1563 3185 1620 Dei
3237 1564 3474 1631 scilicet,

1890 1659 2195 1724 voluntate,
2224 1667 2534 1731 praeterque
2560 1660 2682 1729 ejus
2709 1660 3001 1715 consilium
3022 1673 3086 1714 ac
3109 1660 3282 1729 legem
3334 1657 3474 1716 exsi-

1892 1759 2122 1816 sterent,
2143 1753 2421 1823 quomodo
2447 1751 2656 1823 angelis
2690 1751 3039 1806 traderentur
3066 1750 3266 1807 blande
3293 1749 3474 1805 admo-

195 1865 503 1937 ἐφθόνησας
524 1840 688 1937 ημῖν,
717 1858 765 1917 ὦ
793 1840 988 1934 Κύριε,
1016 1862 1080 1916 τὸ
1118 1860 1318 1925 κοινὸν,
1353 1860 1602 1929 λέγοντα,
1630 1857 1788 1913 τοῦτο

1892 1843 2021 1899 dum
2072 1858 2146 1922 hac
2188 1842 2535 1913 indulgenter
2587 1843 2928 1898 educandaa?
2978 1840 3265 1909 Quomodo
3310 1843 3473 1897 etiam

199 1959 348 2028 φῶς·
383 1953 528 2013 οὗτοι
552 1957 610 2010 δὲ
643 1957 791 2028 ἡμᾶς
822 1957 903 2018 εἰς
940 1953 1171 2009 θάνατον
1214 1951 1478 2018 ἐξέθεντο,
1515 1968 1792 2023 καταφρο-

197 2053 464 2123 νήσαντες
500 2050 602 2121 τῆς
638 2049 741 2119 σῆς
784 2046 1140 2118 ἐντολῆς.Ἐκ
1172 2044 1281 2118 γὰρ
1311 2045 1570 2118 ἁηόμων,
1603 2045 1788 2114 φησιν,

197 2141 409 2194 ὕπνων
437 2140 552 2212 (56)
580 2138 765 2193 τέκνα
803 2136 1148 2207 Ιναῖεν-νοῖῃιενα
1187 2134 1486 2206 μάρτυρές
1532 2137 1650 2188 εισι
1686 2149 1792 2186 πο·-

194 2230 411 2297 νηρίας
458 2230 610 2285 κατὰ
648 2229 875 2300 γονέων
915 2230 986 2283 ἐν
1024 2226 1338 2298 ἐξετασμῷ
1378 2225 1644 2283 πιθανῶν
1688 2226 1793 2280 λό-

198 2340 338 2393 πων.

1886 1950 2019 1992 suos
2047 1934 2328 2007 genitores
2351 1940 2714 2001 accusatum,
2746 1934 2915 1989 libere
2949 1934 3017 1989 ad
3043 1932 3254 1988 Christi
3290 1933 3473 1987 tribu-

1885 2028 1976 2083 nal
2007 2027 2279 2083 citarent?
2315 2025 2398 2082 Tu
2448 2027 2693 2099 quidem,
2749 2025 3001 2091 Domine,
3046 2027 3326 2098 inquiunt,
3360 2038 3475 2081 non

1886 2122 2133 2177 invidisti
2162 2120 2321 2176 nobis
2344 2136 2636 2177 commune
2662 2120 2768 2176 hoc
2809 2120 3027 2188 lumen;
3055 2121 3114 2175 hi
3155 2127 3338 2176 autem
3368 2135 3473 2176 nos

1887 2216 1945 2271 in
1978 2223 2209 2271 mortem
2243 2222 2644 2286 exposuerunt,
2680 2222 2997 2285 contempto
3030 2224 3129 2267 tuo
3187 2213 3471 2269 mandato.

1891 2306 1976 2363 Ex
1999 2308 2292 2380 illegitimis
2322 2310 2467 2364 enim
2495 2311 2719 2376 somnis,
2752 2308 2951 2381 inquit,
2980 2308 3086 2379 ﬁlii
3112 2308 3203 2380 qui
3234 2324 3474 2364 nascun-

1890 2414 1998 2471 tur,
2032 2413 2185 2459 testes
2210 2414 2333 2459 sunt
2378 2405 2624 2475 nequitia:
2654 2403 2904 2459 adversus
2948 2411 3193 2474 parentes
3224 2420 3279 2458 in
3308 2403 3478 2458 inter-

1885 2499 2159 2569 rogatione
2185 2497 2618 2568 persuasibilium
2648 2514 2953 2553 sermonum
2975 2497 3040 2554 ⁸⁷.

473 2659 606 2717 ειη».
632 2659 748 2718 γη.
778 2659 976 2717 Anima
1006 2660 1293 2716 rationalis
1321 2662 1387 2715 ab
1411 2661 1526 2731 ipso
1549 2659 1681 2717 Deo.
1715 2659 1958 2719 Castitas
1988 2680 2093 2719 non
2131 2679 2240 2718 una
2269 2663 2427 2727 bona,
2459 2662 2561 2717 etsi
2585 2661 2774 2717 melior
2795 2669 2844 2716 et
2869 2660 3203 2719 honoratior.

266 2779 382 2835 Καὶ
408 2779 553 2852 τάχα
585 2782 683 2852 μὲν
713 2778 809 2836 οὗν
839 2782 904 2856 δὴ
946 2783 1131 2857 χώραν
1158 2783 1268 2849 ἕξει
1296 2783 1666 2854 πιθανολογῶν
1703 2803 1787 2850 τις

199 2877 258 2931 ὲν
303 2877 368 2931 οὐ
413 2880 684 2950 κριτικοῖς
724 2879 820 2933 καὶ
849 2881 1132 2952 φρονίμοις
1162 2880 1410 2952 ἀνδράσι,
1444 2880 1535 2934 τὸν
1582 2881 1787 2952 χιτῶνα

200 2971 301 3041 τῆς
330 2970 510 3042 ψυχῆς
536 2971 631 3025 τὸν
661 2972 917 3043 σάρκινον
952 2973 1143 3027 τοῦτον
1184 2973 1295 3027 ὑπὸ
1341 2971 1646 3045 ἀνθρώπων
1693 2990 1788 3043 φυ-

197 3067 494 3139 τευόμενον
517 3067 787 3139 αὐτοματὶ
823 3067 1160 3140 μορφοῦσθαι
1189 3068 1341 3140 παρὰ
1376 3067 1477 3140 τὴν
1510 3066 1784 3136 ἀπόφασιν

198 3160 294 3215 τοῦ
341 3159 477 3214 Θεοῦ
501 3177 516 3192 ·
552 3161 614 3214 οὐ
648 3160 756 3232 μὴν
786 3161 887 3232 ἥδη
921 3160 1034 3232 (37)
1064 3160 1159 3214 καὶ
1189 3161 1288 3232 τῆς
1315 3161 1492 3233 ψυχῆς
1520 3159 1618 3232 τὴν
1646 3159 1783 3216 ἀθά-

1966 2785 2034 2840 Et
2067 2786 2247 2841 adhuc
2273 2785 2459 2841 locum
2490 2782 2716 2840 habebit
2749 2784 2951 2855 aliquis
2982 2785 3341 2856 probabiliter
3357 2784 3477 2844 dis-

1894 2878 2121 2949 putandi
2157 2875 2303 2947 apud
2337 2876 2624 2948 imperitos
2688 2885 2742 2931 et
2794 2875 3190 2946 imprudentes,
3227 2878 3472 2933 tunicam

1895 2968 2036 3023 hanc
2060 2968 2253 3023 animae
2297 2982 2578 3031 carneam,
2641 2966 2710 3021 ab
2750 2965 3071 3023 hominibus
3107 2978 3306 3035 satam,
3336 2985 3471 3026 casu

1893 3061 2120 3118 formari
2154 3069 2349 3132 praeter
2381 3060 2475 3116 Dei
2502 3059 2859 3127 sententiam;
2897 3060 3260 3118 immortalem
3287 3072 3472 3118 tamen

1890 3154 2057 3210 animi
2086 3153 2449 3210 substantiam
2496 3168 2622 3207 cum
2667 3155 2889 3209 mortali
2923 3169 2988 3209 ac
3025 3153 3205 3225 fragili
3241 3168 3472 3224 corpore

199 3272 360 3309 νατον
387 3253 577 3308 οὐσίαν
620 3253 759 3325 μετά
798 3252 893 3307 τοῦ
939 3252 1135 3326 θνητοῦ
1168 3253 1485 3325 σπείρεσθαι
1512 3253 1782 3310 διδάσκων

1892 3248 2151 3306 seminari
2192 3247 2287 3318 qui
2323 3248 2536 3312 doceat,
2584 3246 2743 3303 ﬁdem
2771 3263 2883 3303 non
2929 3248 3252 3302 merebitur.
3313 3246 3472 3314 Quod

200 3346 930 3421 πιστευθήσεταισὼματος.
964 3347 1037 3401 Τὸ
1063 3351 1083 3370 ⁶
1107 3347 1216 3420 γὰρ
1245 3346 1509 3402 ἀθάνατον
1539 3348 1631 3402 καὶ
1655 3347 1788 3420 ἀγή-

205 3455 312 3511 ρων
355 3440 516 3511 μόνος
546 3441 577 3493 ὀ
609 3439 1012 3511 Παντοκράτωρ
1047 3440 1267 3511 ὲμφυσᾷ
1305 3440 1457 3510 ἡμῖν,
1493 3439 1588 3493 καὶ
1627 3438 1788 3511 μόνος

201 3530 308 3583 τῶν
333 3530 583 3603 ἀοράτων
605 3529 723 3583 ἐστὶ
750 3529 845 3584 καὶ
867 3528 1054 3584 άνολέθ
1064 3546 1171 3601 ρων
1194 3530 1446 3602 ποιητής.
1464 3531 1787 3599 Ἐνεερύση·

205 3634 277 3672 σε
318 3618 429 3689 γὰρ
462 3621 553 3685 εις
589 3618 655 3674 τὸ
684 3620 1010 3688 πρόσωπον
1037 3619 1222 3675 αὑτοῦ
1252 3619 1452 3689 πνοὴν
1481 3617 1649 3687 ζωῆς,
1687 3619 1785 3673 καὶ

206 3711 462 3781 ἐγένετο,
510 3713 697 3784 φησὶν,
750 3716 782 3767 ό
824 3712 1134 3785 ἄνθρωπος
1184 3715 1271 3778 εὶς
1315 3712 1528 3783 ψυχὴν
1570 3711 1784 3772 ζῶσαν.

220 3804 437 3876 ’Δμέλει
478 3805 608 3868 τοὺς
652 3804 998 3875 χειροτέχνας
1029 3803 1253 3868 τούτους
1292 3803 1624 3875 ἀντιώμενος
1646 3805 1675 3857 6
1700 3803 1789 3858 λό-

206 3914 317 3965 γος,
349 3897 446 3950 ἐπὶ
470 3896 617 3968 λύμῃ
641 3895 751 3949 τῶν
777 3895 1078 3969 ἀνθρώπων
1121 3897 1190 3950 τὰ
1231 3896 1577 3967 ἀνδροείκελα
1620 3914 1789 3951 κατα-

210 3989 569 4054 σκευάζοντας
596 3989 907 4059 άγάλματα,
939 3990 1041 4043 οὐκ
1073 3990 1368 4059 αἰσθόμενα
1393 3990 1485 4043 τὸν
1515 3988 1643 4043 ἴδιον
1670 4006 1789 4043 ποι-

207 4082 362 4153 ητὴν,
394 4083 455 4134 ὲν
486 4084 555 4153 τῇ
586 4082 882 4154 παναρέτῳ
905 4080 1076 4154 Σοφίᾳ
1110 4083 1278 4153 φησί·
1311 4083 1545 4150 Σποδός
1583 4086 1622 4153 ἠ
1651 4101 1790 4152 καρ-

209 4172 303 4228 δία
330 4172 552 4239 αὐτῶν,
580 4173 679 4227 καὶ
707 4172 821 4244 γῆς
844 4172 1237 4243 εὐτελεστέρα
1277 4176 1316 4243 ἡ
1359 4174 1538 4241 ἐλπὶς
1568 4174 1786 4243 αὐτῶν,

209 4266 404 4333 πηλοῦ
446 4284 511 4321 τε
545 4267 891 4336 ἀτιμότερος
931 4270 965 4321 ό
996 4267 1139 4333 βίος
1171 4265 1394 4321 αὐτῶν·
1436 4267 1525 4321 ὅτι
1566 4267 1789 4339 ἠγνόη-

210 4374 328 4412 σαν
358 4358 467 4413 τὸν
494 4356 821 4413 πλάσαντα
845 4359 1086 4426 αὐτοὺς,
1110 4358 1210 4414 καὶ
1240 4359 1347 4414 τὸν
1368 4360 1792 4429 ἐμπνεύσαντα

211 4451 412 4518 αὐτοῖς
446 4451 659 4520 ψυχὴν
679 4452 1071 4523 ἐνεργοῦσαν,
1088 4452 1186 4506 καὶ
1213 4451 1656 4522 ἐμφυσήσαντα
1683 4454 1791 4507 αὺ-

210 4542 329 4610 τοῖς
347 4542 586 4613 πνεῦμα
612 4542 875 4605 ζωτικόν.
892 4536 1062 4603 Οὗτός
1094 4544 1210 4598 ἐστι
1242 4543 1460 4599 πάντων
1489 4542 1792 4616 ἀνθρώπων

1887 3343 2032 3399 enim
2061 3342 2254 3397 mortis
2286 3340 2535 3411 seniique
2557 3356 2755 3411 expers
2789 3347 2895 3405 est,
2924 3339 3076 3396 solus
3100 3340 3287 3410 utique
3310 3340 3472 3396 nobis

1888 3435 2123 3506 inspirat
2150 3433 2531 3505 Omnipotens,
2578 3434 2844 3503 solusque
2883 3432 3240 3488 iuvisihiliutu
3285 3433 3474 3488 incor-

1888 3528 2341 3599 ruptibiliumque
2374 3534 2592 3583 creator
2618 3533 2721 3582 est.
2763 3525 3051 3596 Inspiravit
3072 3526 3241 3592 enim,
3266 3526 3470 3597 inquit,

1888 3622 1943 3675 in
1971 3621 2160 3690 faciem
2181 3620 2297 3692 ejus
2322 3621 2655 3692 spiraculum
2686 3621 2804 3676 vita:
2842 3636 2861 3675 .'
2903 3629 2954 3676 et
3001 3621 3177 3690 factus
3209 3629 3287 3676 est
3316 3620 3472 3677 homo

1888 3715 1944 3766 in
1976 3712 2209 3766 animam
2235 3712 2487 3767 viventem
2515 3712 2579 3765 ³⁸.
2611 3711 2863 3783 Denique
2912 3711 3155 3765 artiﬁces
3213 3711 3338 3766 illos
3393 3711 3475 3766 in-

1889 3820 2124 3876 crepans
2156 3803 2463 3876 Scriptura,
2493 3804 2585 3875 qui
2612 3804 2681 3858 ad
2705 3803 2989 3857 hominum
3026 3803 3326 3873 perniciem
3369 3803 3474 3857 hu-

1888 3915 2048 3953 mana
2069 3900 2240 3953 forma
2275 3905 2488 3954 statuas
2516 3898 2937 3961 concinnarent,
2973 3897 3133 3950 nullo"
3153 3896 3275 3966 ejus
3303 3913 3470 3952 sensu

1890 3991 2166 4062 praeditas,
2220 4005 2330 4061 quo
2384 3999 2609 4045 auctore
2664 3987 2817 4053 liant,
2870 3988 2927 4042 in
2979 3989 3121 4042 libro
3151 3988 3466 4059 Sapientiae.

1890 4084 2073 4140 omnis
2100 4084 2314 4140 scilicet
2361 4082 2586 4139 virtutis
2625 4081 2862 4147 oliicina,
2902 4082 2979 4136 ait
3026 4101 3037 4137 :
3081 4080 3229 4138 Cinis
3271 4096 3352 4139 est
3382 4098 3474 4137 eor

1889 4193 2093 4242 eorum,
2123 4188 2172 4233 et
2207 4186 2350 4232 terra
2379 4190 2704 4246 supervacua
2735 4190 2849 4244 spes
2868 4190 3065 4239 eorum,
3101 4183 3151 4227 et
3174 4175 3285 4229 luto
3314 4175 3473 4230 uilior

1891 4272 2000 4324 vita
2029 4286 2211 4324 eorum
2230 4286 2249 4323 :
2280 4270 2535 4340 quoniam
2556 4268 2872 4339 ignorarunt
2902 4268 2993 4338 qui
3017 4284 3072 4322 se
3105 4268 3283 4337 ﬁnxit,
3311 4278 3361 4323 et
3380 4267 3474 4339 qui

1891 4363 2171 4432 inspiravit
2198 4362 2306 4418 illis
2333 4363 2570 4417 animam
2602 4376 2720 4431 qua:
2741 4368 3019 4429 operatur;
3062 4370 3109 4415 et
3134 4362 3224 4431 qui
3247 4362 3476 4433 insuma-

1893 4456 1965 4510 vit
2000 4458 2072 4507 eis
2095 4454 2332 4522 spiritum
2371 4447 2581 4505 vitalem
2602 4450 2667 4504 ”.
2691 4450 2790 4510 llic
2810 4460 3134 4510 cunctorum
3186 4453 3473 4509 hominum

1894 4547 2149 4602 conditor
2174 4551 2280 4608 est,
2304 4544 2469 4601 Deus.
2500 4543 2926 4616 Proptereaque,
2965 4552 3026 4599 ut
3071 4545 3264 4599 scribit
3321 4544 3471 4615 Apo-

210 4635 459 4707 ποιητὴς,
500 4637 529 4689 6
576 4634 729 4699 Θεός.
754 4634 849 4688 Διὸ
896 4636 991 4690 καὶ
1009 4633 1239 4702 πάντας
1253 4630 1623 4703 ἀνθρώπους,
1651 4635 1788 4691 κατὰ

1898 4634 2097 4704 stolus,
2143 4634 2277 4689 Vult
2321 4652 2497 4691 omnes
2529 4636 2767 4692 homines
2794 4636 2969 4692 salvos
3005 4638 3145 4706 ﬁeri,
3172 4645 3222 4690 et
3238 4635 3307 4691 ad
3328 4638 3477 4707 agni-

207 4726 298 4780 τὸν
341 4725 687 4792 ’Δπόστολον,
730 4722 1019 4786 σώζεσθαι
1047 4724 1356 4791 βούλεται,
1393 4723 1493 4778 καὶ
1543 4726 1632 4791 εἰς
1657 4725 1789 4779 ἐπι-

212 4836 436 4889 τνωσιν
462 4818 752 4887 ἀληθείας
785 4817 1004 4874 ἐλθεῖν.
1038 4816 1150 4872 Καὶ
1198 4815 1385 4888 ἐπειδὴ
1431 4815 1590 4870 τοῦτο
1639 4816 1791 4888 μόλις

211 4912 359 4977 τέλος
396 4911 548 4984 ἔσχε,
578 4911 768 4965 λοιπὸν
794 4909 858 4981 δὴ
886 4908 955 4963 τά
990 4909 1129 4981 μετὰ
1147 4908 1318 4963 ταῦτα
1342 4909 1585 4964 λεκτέον.
1602 4908 1793 4963 Ὁπότε

1897 4724 2087 4780 tionem
2108 4727 2345 4781 veritatis
2366 4730 2535 4783 venire
2550 4729 2617 4782 ³ο.
2644 4727 2710 4782 Et
2733 4728 2993 4799 quoniam
3012 4729 3115 4783 hoc
3141 4729 3228 4784 vix
3251 4729 3476 4784 tandem

1895 4827 2059 4887 caput
2091 4817 2490 4889 expedivimus,
2547 4836 2671 4891 quae
2722 4828 3024 4893 supersunt
3078 4820 3341 4891 deinceps
3386 4820 3476 4875 di-

1900 4907 2075 4963 cenda
2110 4915 2259 4963 sunt.
2292 4907 2396 4964 Ubi
2421 4910 2566 4965 enim
2597 4911 2724 4983 quis
2758 4927 2949 4967 eorum
2989 4926 3112 4982 quae
3140 4926 3208 4967 ex
3236 4910 3481 4968 humana

277 5090 326 5124 ³⁷
352 5088 489 5160 Sap.
519 5104 594 5156 Iv,
622 5088 679 5146 6.
754 5086 802 5121 ³⁸
830 5085 959 5146 Gen.
987 5086 1190 5155 it,7.,”
1221 5085 1350 5156 Sep.
1401 5103 1494 5155 xv,
1552 5086 1640 5154 10,
1697 5087 1785 5143 Η.

1892 5087 1909 5120 ⁵
1951 5085 1983 5142 Ι
2034 5086 2170 5142 Tim.
2210 5103 2274 5152 ll,
2331 5087 2385 5143 4.

268 5257 382 5327 (36)
397 5257 658 5310 Ὕπνων.
682 5254 774 5310 Sic
791 5254 1017 5325 etVulg.
1039 5258 1349 5329 emendata,
1372 5275 1498 5317 cum
1524 5273 1623 5329 pro
1645 5277 1785 5319 sam.

219 5325 294 5379 nis
318 5325 626 5395 irrepsisset
645 5341 845 5392 omnes,
867 5336 926 5379 ut
946 5334 1174 5381 testatur
1188 5325 1456 5383 Nobilius.
1481 5325 1776 5391 coneris.

282 5405 516 5483 (599i:
538 5404 838 5483 μῂνῇδη.
876 5404 1105 5483 Planum
1150 5417 1532 5483 argumentum
1585 5409 1794 5483 Metho-

216 5473 307 5529 dii.
336 5473 493 5549 ‘Etsi_
539 5473 757 5549 admitti
798 5473 993 5549 possit
1021 5473 1239 5549 corpus'
1257 5479 1338 5534 sic
1368 5495 1399 5534 a
1444 5487 1643 5535 natura
1680 5480 1791 5534 ior-

218 5545 375 5618 mari,
405 5544 564 5618 velut
587 5546 701 5602 fere
723 5547 778 5600 in
799 5544 1033 5618 reliquis
1062 5544 1457 5618 animantibus,
1497 5551 1551 5604 vi
1574 5550 1790 5606 scilicet

1896 5270 2017 5343 ejus
2044 5271 2136 5342 qui
2162 5273 2229 5326 de
2258 5286 2489 5343 corpore
2514 5270 2588 5325 ita
2616 5273 2818 5337 sentit,
2853 5273 3010 5343 quasi
3056 5274 3477 5343 arguatMetho-

1894 5340 2036 5415 dius‘
2053 5340 2219 5397 unum
2243 5358 2311 5415 ex
2342 5340 2515 5415 altero
2540 5344 2695 5415 sequi
2717 5361 2731 5407 ;
2753 5340 2897 5415 quod
2921 5351 3069 5400 esset
3094 5340 3474 5414 argumentum

1893 5426 1925 5466 a
1965 5412 2162 5467 minori
2193 5412 2259 5485 ad
2298 5414 2476 5483 majus
2496 5412 2783 5485 allirinate,
2802 5416 3032 5485 proinde
3052 5412 3259 5472 nullius
3282 5432 3479 5475 conse-

1891 5482 2436 5555 quentim.‘Contra,
2492 5484 2621 5539 dato
2670 5482 2854 5555 priore
2904 5486 3175 5552 membro,
3243 5489 3475 5544 alterum

1891 5554 2042 5628 nulla
2074 5553 2475 5628 probabilitatis
2514 5553 2696 5628 specie
2727 5556 2848 5611 dari
2879 5572 3069 5628 posse
3103 5567 3197 5612 aut
3240 5559 3475 5625 admitti,

220 5613 454 5698 seminis
483 5616 603 5698 ide
647 5618 833 5698 animo
855 5613 1035 5698 tamen
1069 5621 1273 5698 qui_sit
1291 5613 1787 5698 himm'ortalisaqui
1887 5613 2109 5698 expipsa
2140 5624 2219 5679 rei
2253 5625 2439 5698 indole
2462 5613 2669 5698 evincit
2697 5635 2753 5681 et
2783 5613 2923 5682 locis
2967 5627 3262 5698 Scriptura:
3287 5648 3300 5684 :
3330 5613 3479 5698 quod

219 5686 614 5763 dicat,_nu_llam_
644 5686 804 5763 [idem
839 5690 1060 5763 mereri,
1088 5686 1190 5745 sed
1226 5706 1257 5745 a
1286 5689 1398 5763 Deo
1426 5692 1646 5763 ἀμέσως
1669 5686 1785 5747 ﬁeri

224 5764 273 5832 et
292 5756 431 5809 dari.
459 5755 749 5832 Possinius
771 5765 976 5832 tamen,
1010 5760 1359 5832 interrogate
1386 5755 1590 5832 legens.
1624 5755 1676 5818 id
1701 5763 1784 5817 af-

1895 5696 2083 5768 utique
2112 5696 2298 5768 gravis
2344 5696 2585 5765 theologi
2640 5704 2746 5753 est.
2792 5698 2949 5768 Apud
3001 5696 3258 5755 Allatium
3309 5696 3478 5755 etiam

1891 5766 2159 5842 particula
2189 5768 2587 5842 non_obrepsit,
2636 5766 2933 5842 mendo—ut
2980 5770 3194 5842 videtur
3217 5776 3475 5842 typogra.

225 5825 398 5879 irmat
426 5827 572 5898 quod
607 5839 767 5901 negat
808 5827 1115 5889 Methodius
1153 5849 1166 5887 :
1220 5825 1533 5904 quanquam
1580 5848 1647 5890 ex
1678 5833 1782 5892 ﬁde
1885 5825 2205 5908 phico;qua
2232 5825 2505 5910 submota,
2530 5825 2715 5896 omnia
2734 5847 3010 5897 constant.
3039 5841 3120 5898 lo.
