3866 6160
387 265 459 323 ιθ
1340 269 1397 324 S.
1440 267 1774 326 METHODII
1813 268 2123 325 EPISCOPI
2164 269 2250 325 ET
2289 270 2652 328 MARTYRIS
3578 280 3646 336 60

382 394 596 443 ratione
635 372 844 442 homini
891 387 1170 456 accidunt,
1210 391 1708 446 considerationem
1758 398 1936 445 natur:

2057 408 2122 447 αν
2174 392 2284 465 γάρ
2331 411 2414 458 τις
2458 391 2556 465 τὴν
2608 391 2840 465 θεωρίαν
2886 392 2991 447 τῶν
3041 392 3186 449 κατὰ
3228 394 3321 449 τὸν
3361 396 3647 472 ἄνθρωπον

379 477 523 534 duce
555 479 846 551 diligenter
867 480 1143 548 didicerit,
1166 497 1298 537 sane
1334 483 1548 537 noverit
1578 482 1722 537 haud
1756 483 1962 537 abomi-

2064 486 2469 558 συμὸαινόντων
2513 485 2653 540 κατὰ
2699 486 2860 557 φύσιν
2898 487 3141 559 ἀκριὸῶς
3170 490 3407 564 ἐκμάθῃ,
3441 492 3644 550 εἴσεται

377 572 619 627 nandam
642 573 939 629 liberorum
972 577 1431 643 procreationem,
1469 591 1595 630 cum
1655 582 1839 630 tamen
1869 590 1936 629 ca

2065 578 2139 650 μὴ
2177 577 2557 649 βδελύσσεσθαι
2598 579 2973 633 παιδοποιίαν·
3006 581 3248 635 ἐπαινεῖν
3285 582 3349 635 δὲ’
3385 585 3476 637 καὶ
3510 602 3643 657 προ-

377 663 643 720 stimonia
673 664 868 733 majori
902 666 1062 721 laude
1089 674 1255 737 atque
1278 667 1485 722 honore
1518 667 1829 722 coronanda
1865 667 1957 724 sit.

373 749 566 822 Neque
604 754 750 809 enim
802 770 866 809 eo
894 755 1042 824 quod
1095 757 1203 812 mel
1250 758 1464 813 caeteris
1508 758 1727 813 dulcius
1758 765 1843 813 est
1892 773 1958 813 ac

375 844 623 909 suavius,
646 845 910 899 continuo
939 847 1147 916 reliqua
1179 863 1366 902 amara
1386 859 1645 919 reputare
1669 849 1953 915 convenit,

372 950 715 1007 quaecunque
745 938 799 991 in
825 937 1096 994 fructibus
1120 939 1352 1008 jucundi
1386 943 1600 1011 saporis
1614 950 1825 1012 partem
1855 942 1957 995 ali-

370 1043 537 1098 quam
599 1044 628 1081 a
680 1037 877 1083 natura
925 1030 1120 1085 sortita
1165 1039 1314 1085 sunt.
1368 1030 1433 1085 Et
1490 1032 1686 1086 horum
1732 1033 1953 1102 quidem

372 1119 628 1175 idoneum
671 1130 865 1177 testem
920 1122 1290 1192 producemus
1343 1123 1599 1189 Paulum,
1662 1126 1823 1195 cujus
1862 1127 1953 1181 illa

368 1222 502 1268 sunt
531 1232 545 1267 :
578 1213 684 1280 Qui
716 1216 1054 1269 matrimonio
1084 1216 1265 1286 jungit
1299 1218 1551 1289 virginem
1598 1236 1776 1282 suam,
1826 1219 1952 1274 bene

369 1305 500 1374 facit
516 1321 536 1370 ,'
566 1316 615 1359 et
632 1307 720 1377 qui
740 1324 843 1361 non
859 1308 1059 1378 jungit,
1088 1310 1275 1364 melius
1301 1310 1430 1379 facit
1451 1313 1516 1365 ³¹.
1540 1311 1657 1366 Non
1681 1314 1826 1368 enim
1850 1313 1953 1369 sci-

367 1396 495 1451 licet
537 1397 590 1451 id
625 1399 983 1469 proponendo
1028 1401 1175 1470 quod
1216 1402 1416 1458 melius
1467 1419 1531 1458 ac
1574 1405 1792 1461 dulcius
1841 1413 1947 1471 est,

367 1492 514 1546 aliud
547 1493 773 1548 mnnino
808 1492 1095 1563 Scriptura
1127 1496 1406 1550 sublatum
1449 1498 1650 1564 voluit;
1697 1499 1793 1554 sed
1824 1501 1951 1555 uni-

366 1582 568 1651 cuique
597 1583 744 1651 quod
776 1586 1057 1653 proprium
1086 1594 1170 1641 est
1201 1602 1265 1641 ac
1293 1587 1445 1649 utile,
1472 1588 1823 1644 tribuendum
1853 1591 1950 1647 de-

366 1673 566 1727 cernit.
605 1672 744 1727 Sunt
765 1675 965 1744 quibus
998 1678 1242 1731 nondum
1276 1678 1555 1733 concessit
1588 1682 1751 1750 potiri
1782 1682 1949 1754 virgi-

2058 669 2224 739 τιμᾷν
2258 668 2501 738 ἁγνείαν.
2535 669 2668 723 Οὐδὲ
2713 669 2842 741 γὰρ,
2882 670 3071 743 ἐπειδὴ
3109 672 3222 726 τῶν
3258 673 3430 728 ἄλλων
3457 675 3648 747 ἡδύτε-

2061 760 2154 832 ρὸν
2192 763 2307 814 ἐστι
2357 762 2451 815 καὶ
2502 762 2931 835 προσηνέστερον
2980 764 3040 817 τὸ
3090 765 3232 835 μέλι,
3260 766 3328 819 τὰ
3373 767 3537 822 λοιπά
3578 769 3642 842 δὴ

2056 848 2228 922 ταύτῃ
2259 849 2574 921 νομίζεσθαι
2607 853 2874 923 προσήκει
2908 853 3102 925 πικρὰ,
3145 855 3319 909 ὁπόσα
3358 856 3420 928 δὴ
3452 860 3517 928 τῇ
3549 860 3643 929 ἐμ-

2059 941 2212 1013 φύτῳ
2240 942 2512 1014 γλυκασία
2540 942 2870 1014 κεκέρασται
2908 943 3496 1019 τῶνιάκροδρύων.Καὶ
3522 948 3644 1002 τού-

2054 1050 2163 1087 των
2215 1034 2314 1106 μέν
2362 1035 2622 1105 ἐχέγγυον
2668 1037 2923 1109 μάρτυρα
2953 1038 3261 1109 παρέξομαι
3290 1039 3380 1093 τὸν
3409 1037 3640 1106 Παῦλον,

2059 1124 2235 1178 Ὥστε
2258 1124 2357 1178 καὶ
2387 1128 2419 1178 ό
2447 1125 2719 1195 γαμίζων,
2744 1126 2991 1195 λέγοντα,
3022 1126 3137 1195 τὴν
3173 1127 3391 1183 ἑαυτοῦ
3428 1128 3644 1198 παρθέ-

2053 1234 2184 1283 νον,
2206 1216 2405 1284 καλῶς
2421 1217 2603 1271 ποιεῖ·
2624 1219 2720 1272 καὶ
2744 1218 2871 1288 ὁμὴ
2894 1216 3145 1289 γαμίζων
3160 1219 3448 1288 κρεῖσσον
3463 1221 3638 1279 ποιεῖ.

2054 1311 2129 1362 υύ
2162 1310 2270 1382 γὰρ
2307 1310 2370 1381 δὴ
2402 1312 2467 1381 τῇ
2494 1309 2589 1363 τοῦ
2620 1312 2928 1382 κρείττονος
2957 1313 3051 1366 καὶ
3087 1312 3421 1385 γλυκυτέρου
3462 1331 3641 1385 παρα-

2053 1399 2199 1453 θέσει
2244 1401 2305 1454 τὸ
2353 1401 2539 1474 ἕτερον
2585 1401 2791 1455 ἀνεῖλεν
2821 1402 3196 1474 ἀπαγορεῦσαι
3238 1406 3266 1458 ό
3290 1403 3445 1471 λόγος
3473 1421 3486 1435 ’
3518 1404 3633 1458 ἀλλ’

2051 1490 2265 1561 ἑκάστῳ
2288 1491 2348 1545 τὸ
2376 1493 2571 1546 οἰκεῖον
2599 1493 2693 1546 καὶ
2722 1491 2997 1555 λυσιτελὲς
3026 1492 3321 1563 ἀπονέμειν
3347 1493 3635 1565 διαθεσμο-

2051 1582 2214 1638 θετεῖ.
2247 1584 2373 1647 Τοῖς
2423 1585 2520 1655 μὲν
2568 1584 2676 1657 γὰρ
2722 1583 2931 1637 οὐδέπω
2963 1583 3308 1656 συνεχώρησε
3342 1584 3637 1657 παρθενίας

2049 1678 2232 1745 τυχεῖν
2254 1693 2267 1706 ·
2298 1678 2425 1740 τοὺς
2470 1675 2527 1729 δὲ
2572 1677 2756 1730 οὐκέτι
2789 1675 3036 1745 βούλεται
3066 1675 3383 1748 χραίνεσθαι
3431 1693 3636 1746 φοινισ-

363 1766 537 1822 nitate
574 1784 587 1820 :
622 1776 752 1822 sunt
792 1784 934 1838 quos
976 1785 1089 1825 non
1121 1772 1358 1841 amplius
1383 1773 1788 1830 titillationibus
1821 1792 1936 1831 eru-

2053 1767 2311 1839 σομένους
2336 1766 2665 1839 ἐρεθισμοῖς,
2711 1767 2844 1823 ἀλλὰ
2877 1767 3103 1839 μελετᾷν
3156 1766 3483 1821 ἁπεντεῦθεν
3530 1766 3629 1838 ἤδη

364 1857 653 1915 bescentes
676 1860 950 1931 inquinari
974 1864 1260 1933 permittit,
1289 1863 1505 1934 sedjam
1526 1866 1652 1922 inde
1668 1870 1942 1937 meditari,

361 1954 733 2025 deincepsque
761 1957 1004 2027 cogitare
1034 1959 1172 2025 vult,
1205 1961 1465 2031 angelica:
1499 1963 1755 2032 puritatis
1775 1980 1945 2020 armu-

361 2043 470 2101 lam
506 2061 799 2116 corporum
842 2048 1418 2118 transformationem;
1455 2053 1547 2106 ubi
1581 2053 1737 2123 juxta
1778 2071 1945 2111 verax

360 2133 576 2190 Domini
610 2138 895 2192 oraculum
925 2157 938 2192 :
975 2137 1099 2192 Non
1126 2138 1348 2205 nubunt,
1387 2157 1546 2212 neque
1569 2132 1838 2198 nubuntur
1873 2145 1940 2202 ³³.

356 2226 813 2300 Quandoquidem
859 2246 971 2285 non
1017 2232 1275 2287 omnibus
1326 2234 1796 2310 incontaminatus
1824 2237 1938 2303 ille,

355 2326 412 2373 et
442 2336 552 2390 quo
574 2338 800 2392 regnum
835 2324 1099 2379 caelorum
1128 2325 1436 2394 praebeatur
1457 2326 1523 2391 ⁸³,
1543 2329 1940 2386 eunuchismus

355 2413 602 2466 creditur
636 2431 648 2467 :
683 2413 779 2468 sed
810 2414 920 2468 illis
950 2413 1240 2479 duntaxat,
1283 2417 1377 2484 qui
1433 2425 1488 2471 et
1518 2432 1734 2489 semper
1764 2420 1942 2475 viren-

352 2512 463 2560 tem
516 2514 571 2562 et
617 2508 1109 2565 incontaminatum
1163 2510 1497 2581 virginitatis
1532 2512 1717 2568 llorem
1756 2514 1941 2568 valent

353 2612 593 2653 servare.
623 2598 1043 2657 Florentissimo
1083 2604 1229 2657 enim
1273 2613 1328 2658 et
1376 2605 1614 2660 maxime
1658 2605 1939 2675 variegato

350 2695 508 2759 prato
536 2692 1169 2761 eomparariEeclcsiam
1215 2694 1381 2749 habet
1419 2696 1773 2765 propheticus
1820 2713 1939 2753 ser-

348 2791 462 2840 mo,
496 2794 604 2833 non
629 2781 791 2835 modo
824 2784 1155 2853 virginitatis
1182 2785 1499 2841 distinctam
1528 2794 1582 2841 et
1615 2796 1935 2843 coronatam

350 2866 601 2935 ﬂoribus,
626 2874 722 2929 sed
750 2882 804 2930 et
830 2876 1076 2947 conjugii
1110 2884 1164 2931 et
1188 2879 1565 2933 continentiae.
1618 2877 1684 2933 In
1706 2880 1933 2950 ﬁm‘briis

347 2964 497 3018 enim
528 2966 705 3020 aureis
746 2970 1019 3038 variegata
1073 2977 1217 3023 astat
1252 2971 1434 3040 regina
1467 2987 1499 3024 a
1533 2972 1734 3025 dextris
1767 2987 1935 3043 spon-

347 3056 396 3111 si
428 3056 493 3112 ⁸⁵.

415 3147 542 3205 Haec
588 3151 687 3207 tibi
735 3169 836 3223 pro
875 3154 1085 3210 viribus
1114 3171 1214 3227 ego
1247 3155 1406 3221 meis,
1435 3171 1469 3211 ο
1493 3155 1675 3222 Arete,
1706 3156 1932 3215 confero

345 3238 415 3293 ad
466 3238 781 3313 susceptum
843 3260 944 3317 pro
994 3246 1226 3302 veritate
1270 3246 1937 3314 sermonem—Quibus

341 3347 377 3385 a
409 3331 713 3405 Theophila
743 3336 929 3406 dictis,
961 3340 1080 3396 lene
1112 3356 1142 3394 a
1176 3341 1395 3396 cunctis
1431 3340 1742 3411 virginibus
1766 3342 1937 3397 exsti-

342 3425 479 3480 tisse
510 3442 762 3482 murmur
792 3432 1052 3487 narrabat
1094 3432 1426 3503 Theopatra,
1469 3434 1578 3488 illis
1626 3449 1935 3489 sermonem

342 3516 715 3578 laudantibus.
750 3521 855 3578 Ubi
886 3528 1069 3579 autem
1103 3540 1370 3581 susurrus
1404 3526 1629 3595 quievit,
1662 3533 1786 3596 post
1816 3526 1939 3579 lon-

340 3626 469 3681 gum
512 3615 814 3681 silentium,
868 3619 1248 3673 assurrexisse
1297 3617 1550 3672 Thaliam
1606 3619 1676 3690 (ei
1734 3619 1935 3689 quippe

340 3705 507 3759 tertio
555 3707 676 3762 loco
730 3710 1047 3764 mandatum
1091 3718 1212 3765 erat
1253 3718 1379 3781 post
1408 3709 1768 3782 Theophilam
1802 3726 1935 3765 con-

340 3799 601 3872 certare).
654 3799 728 3856 Ea
785 3802 954 3872 igitur
987 3818 1223 3860 seuuens
1277 3804 1406 3859 hinc
1446 3812 1503 3860 et
1566 3808 1686 3875 Ipsa
1735 3819 1933 3861 exorsa

336 3896 445 3946 est.

773 4119 1231 4212 ORATIO
1311 4124 1500 4211 ΙΙΙ.

991 4272 1269 4328 THALIA.

2048 1859 2143 1912 καὶ
2169 1844 2533 1928 φαντάζεσθαι
2567 1859 2666 1930 τὴν
2707 1859 2989 1928 ἰσάγγελον
3024 1858 3499 1930 μεταστοιχείωσιν
3524 1860 3635 1914 τῶν

2049 1952 2316 2023 σωμάτων
2340 1969 2353 1982 ·
2382 1951 2508 2005 ἔνθα
2532 1952 2673 2006 οὔτε
2704 1951 3022 2021 γαμοῦσιν,
3046 1951 3185 2005 οὔτε
3210 1952 3628 2021 γαμίσκονται,

2045 2045 2185 2098 κατὰ
2217 2046 2344 2110 τοὺς
2383 2042 2631 2115 ἀψευδεῖς
2660 2044 2755 2098 τοῦ
2793 2044 2999 2116 Κυρίου
3026 2043 3337 2116 χρησμούς·
3369 2045 3489 2098 ἐπεὶ
3530 2061 3632 2115 μη-

2043 2137 2100 2191 δὲ
2129 2139 2293 2191 πᾶσιν
2319 2138 2347 2189 ό
2376 2137 2677 2208 ἀμόλυντος
2708 2138 2801 2190 καὶ
2830 2137 3159 2208 παρεκτικὸς
3208 2137 3308 2208 τῆς
3357 2136 3630 2206 βασιλείας

2042 2228 2150 2282 τῶν
2183 2228 2424 2300 οὐρανῶν
2453 2228 2802 2299 εὐνουχισμὸς
2831 2227 3213 2300 ἐμπιστεύεται
3233 2245 3247 2258 ο
3278 2227 3413 2281 ἀλλά
3449 2229 3632 2299 μόνοις

2042 2320 2284 2390 δηλονότι
2317 2323 2430 2384 τοῖς
2473 2321 2567 2375 καὶ
2593 2321 2913 2392 δυναμένοις
2945 2320 3006 2373 τὸ
3043 2320 3290 2384 ἀειθαλὲς
3322 2320 3503 2385 ἄνθος,
3534 2320 3641 2374 καὶ

2042 2410 2308 2483 ἄχραντον
2352 2411 2454 2481 τῆς
2498 2411 2794 2483 παρθενίας
2824 2410 3473 2482 τηρῆσαι,Ἀνθηροτάτῳ
3518 2410 3629 2483 γὰρ

2041 2505 2135 2556 καὶ
2168 2502 2546 2575 ποικιλωτάτῳ
2588 2502 2815 2573 λειμῶνι
2865 2501 3256 2567 ἀπεικάξεσθαι
3300 2502 3457 2572 λόγος
3512 2502 3627 2573 ἔχει

2041 2594 2378 2666 προφητικὸς
2406 2594 2507 2665 τὴν
2534 2595 2877 2666 Ἐκκλησίαν,
2894 2596 2951 2647 ού
2979 2594 3135 2665 μόνον
3155 2597 3268 2654 τοῖς
3282 2594 3380 2666 τῆς
3405 2593 3629 2663 ἁγνείας

2040 2686 2471 2758 πεποικιλμένην
2503 2687 2597 2740 καὶ
2626 2686 3071 2757 κατεστεμμένην
3100 2685 3337 2749 ἄνθεσιν,
3369 2684 3505 2738 ἀλλά
3532 2686 3627 2739 καὶ

2037 2781 2149 2843 τοῖς
2177 2780 2276 2851 τῆς
2306 2780 2651 2848 τεκνογονίας
2681 2780 2774 2832 καὶ
2817 2781 2930 2841 τοῖς
2961 2777 3309 2849 ἐγκρατείας.
3330 2779 3426 2829 Ἐν
3445 2790 3627 2844 κροσ-

2035 2870 2252 2937 σωτοῖς
2276 2870 2385 2943 γὰρ
2415 2872 2667 2940 χρυσοῖς
2702 2869 3134 2940 πεποικιλμένη
3174 2869 3293 2924 ἀπὸ
3337 2867 3549 2934 δεξιῶν
3584 2869 3625 2938 ή

2031 2963 2380 3027 βασίλισσα
2407 2964 2765 3031 παρίσταται
2794 2960 2887 3015 τοῦ
2917 2962 3172 3033 νυμφίου.

2113 3149 2301 3205 Ταῦτά
2342 3168 2425 3204 σοι
2467 3153 2608 3205 κατὰ
2650 3150 2879 3222 δύναμιν
2922 3151 3077 3220 κάγὼ
3107 3150 3198 3204 τὸν
3250 3151 3528 3222 ἐμαυτῆς,
3579 3142 3625 3204 ὦ

2055 3243 2270 3316 Ἀρετὴ,
2306 3245 2387 3308 εἰς
2418 3244 2509 3296 τὸν
2540 3244 2666 3315 περὶ
2700 3245 2797 3314 τῆς
2831 3243 3087 3314 ἀληθείας
3130 3243 3507 3314 συμϐάλλομαι
3538 3240 3626 3294 λό-

2041 3353 2157 3404 γον.
2192 3334 2558 3404 -Είπούσης
2609 3334 2665 3388 δὲ
2699 3334 2874 3388 ταῦτα
2918 3335 3016 3404 τῆς
3056 3333 3346 3402 Θεοιρῦιας,
3393 3330 3623 3404 θόρυϐον

2037 3431 2169 3501 ἡδὺν
2202 3431 2266 3483 ἐκ
2301 3428 2490 3482 πασῶν
2522 3430 2555 3498 ἡ
2590 3427 2875 3497 Θεοπάτρα
2894 3426 2998 3495 ἔφη
3031 3426 3312 3494 γεγονέναι
3342 3425 3449 3480 τῶν
3481 3441 3625 3494 παρ-

2039 3522 2226 3586 θένων,
2255 3518 2590 3574 ἐπαινουσῶν
2623 3519 2713 3572 τὸν
2743 3517 2917 3587 λόγον.
2957 3517 3044 3581 Ὠς
3072 3518 3128 3570 δὲ
3162 3518 3458 3589 ἡσύχασεν,
3496 3534 3624 3570 σιω-

2038 3615 2150 3686 πῆς
2180 3616 2271 3669 ἐπὶ
2315 3614 2450 3666 πολὺ
2491 3611 2821 3683 γενομένης,
2862 3612 3158 3681 ἀναστῆναι
3201 3610 3302 3682 τὴν
3348 3609 3579 3663 Θάλειαν
3603 3627 3617 3640 ο

2040 3709 2214 3782 ταύτῃ
2245 3707 2354 3777 γὰρ
2394 3707 2457 3758 ἐκ
2482 3705 2662 3776 τρίτου
2698 3703 3073 3773 ἐπετέτραπτο
3104 3702 3240 3773 μετὰ
3283 3702 3382 3773 τὴν
3421 3702 3620 3768 Θεοφί-

2040 3798 2137 3852 λαν
2185 3794 2567 3866 ἀγωνίζεσθαι.
2629 3792 3007 3847 ’Υπολαϐοὖσα
3071 3787 3177 3844 οὖν.
3222 3789 3501 3854 ἐντεῦθεν,
3540 3790 3620 3857 ὼς

2037 3888 2210 3963 οἶμαι,
2238 3890 2339 3962 ἤδη
2368 3888 2459 3942 καὶ
2492 3886 2651 3958 αὐτή.

1953 4037 2021 4052 ﬂ

2559 4113 2921 4200 ΛΟΓΟΣ
2996 4110 3105 4198 Γ.

2681 4263 2949 4316 ΘΑΛΕΙΑ.

721 4385 853 4444 CAP.
886 4385 929 4446 Ι.
956 4386 1129 4443 Locus
1158 4386 1415 4442 Ceneseos
1448 4402 1508 4451 ll,
1536 4387 1627 4453 25,
1661 4386 1753 4453 24,
1785 4402 1904 4474 cunt
1946 4391 2095 4438 textu
2129 4378 2364 4435 Paulino
2407 4377 2597 4449 Ephes.
2630 4395 2685 4442 v,
2719 4377 2915 4444 28-52,
2949 4375 3199 4431 collatus.

400 4500 531 4560 Mihi
579 4503 810 4570 videris,
862 4520 896 4559 ο
936 4503 1260 4576 TheOphila,
1313 4512 1367 4560 et
1400 4505 1617 4560 actione
1651 4513 1705 4559 et
1737 4503 1922 4559 erudi-

2098 4498 2169 4553 Σύ
2204 4517 2293 4570 μοι
2325 4497 2523 4561 δοκεῖς,
2551 4490 2596 4550 ὦ
2625 4495 2882 4565 Θεοφίλα,
2909 4496 3035 4567 ἔφη,
3065 4495 3159 4549 καὶ
3190 4498 3255 4568 τῇ
3293 4495 3489 4568 πράξει
3516 4497 3613 4551 καὶ

330 4597 482 4653 tione
528 4600 748 4654 cunctis
803 4599 1140 4668 praecellere,
1194 4615 1296 4654 nec
1343 4597 1601 4667 cuiquam
1638 4596 1922 4667 sapientiaa

329 4689 493 4744 laude
513 4689 728 4744 cedere.
757 4688 877 4744 Non
908 4690 1053 4744 enim
1084 4701 1167 4745 est
1199 4690 1290 4759 qui
1322 4688 1724 4760 reprehendere
1749 4688 1923 4758 possit

329 4780 634 4836 orationem
663 4788 835 4846 tuam,
868 4784 954 4838 vel
985 4784 1030 4838 si
1061 4782 1442 4837 contentiosus
1464 4788 1519 4834 et
1540 4780 1795 4850 pervicax
1826 4780 1916 4835 sit.

334 4873 514 4931 Unum
538 4887 720 4933 tamen
745 4878 799 4931 in
820 4891 884 4931 ea
902 4892 1010 4939 me,
1037 4875 1160 4930 aliis
1186 4874 1449 4944 prazclare
1473 4874 1657 4937 dictis,
1681 4888 1714 4927 ο
1734 4874 1914 4936 beata,

329 4969 550 5023 videtur
584 4970 830 5034 turbare,
864 4983 928 5022 ac
956 4967 1114 5038 quasi
1150 4965 1355 5035 injecto
1394 4963 1655 5033 scrupulo
1687 4964 1917 5019 moleste

332 5058 556 5123 habere,
615 5059 743 5113 dum
792 5075 1008 5115 mecum
1063 5065 1280 5129 reputo,
1341 5054 1486 5109 haud
1547 5054 1751 5110 frustra
1804 5056 1917 5126 spi-

328 5152 439 5205 ritu
494 5150 873 5222 plenissimum
930 5166 994 5206 ac
1050 5152 1352 5221 sapientem
1409 5148 1625 5211 virum,
1682 5145 1914 5202 Paulum

330 5241 476 5305 dico,
521 5242 578 5295 in
614 5241 899 5298 Christum
928 5251 982 5299 et
1016 5242 1313 5297 Ecclesium
1347 5240 1649 5297 relaturum
1682 5240 1918 5309 conjun-

2023 4592 2100 4664 τῷ
2128 4591 2272 4662 λόγῳ
2298 4590 2487 4645 πασῶν
2515 4589 2910 4659 κρατιστεύειν,
2941 4590 3034 4643 καὶ
3064 4589 3251 4658 σοφίας
3285 4589 3352 4642 τὰ
3378 4590 3609 4662 δεύτερα

2024 4684 2287 4756 φέρεσθαι
2317 4683 2549 4747 οὐδενός.
2576 4682 2652 4735 Ού
2682 4682 2790 4754 γάρ
2822 4683 2968 4739 ἐστιν
2997 4682 3145 4744 ὅστις
3174 4680 3481 4736 αἰτιάσεταί
3509 4699 3603 4736 σου

2029 4779 2122 4832 τὸν
2160 4776 2336 4846 λόγον,
2367 4776 2472 4828 οὐδ’
2512 4777 2560 4828 εἱ
2590 4773 2902 4827 παντάπασι
2939 4772 3239 4840 φιλόνεικος
3271 4773 3356 4843 εἴη
3389 4774 3484 4827 καὶ
3512 4776 3607 4829 ἀν..

2022 4869 2313 4939 τιλογικός.
2347 4869 2493 4939 Πλὴν
2520 4867 2692 4921 ἐκεῖνό
2735 4884 2802 4936 με
2830 4866 3029 4936 μόνον,
3068 4864 3174 4919 τῶν
3211 4861 3384 4919 ἄλλων
3428 4867 3608 4938 ὀρθῶς

2023 4962 2353 5034 εἰρημένων,
2378 4955 2422 5013 ὧ
2457 4959 2721 5031 μακαρία,
2747 4958 2893 5010 δοκεῖ
2911 4956 3196 5027 ταράττειν
3223 4973 3283 5009 τε
3307 4959 3401 5011 καὶ
3421 4959 3603 5030 ἁνιᾷν,

2022 5054 2510 5126 ἀναλογιζομένην,
2542 5052 2618 5115 ὡς
2650 5051 2750 5103 ούκ
2789 5049 2853 5102 ἂν
2879 5049 2907 5101 ὁ
2948 5048 3467 5118 πνευματικώτατος
3506 5067 3602 5105 σο-

2025 5149 2124 5217 φὸς
2153 5149 2312 5220 ἀνὴρ,
2356 5147 2449 5199 τὸν
2490 5143 2699 5197 Παῦλον
2737 5140 2879 5209 λέγω
2899 5180 2913 5204 ,
2940 5139 3182 5211 ματαίως
3221 5141 3486 5212 ἀνέφερεν
3518 5145 3605 5208 είς

2021 5241 2254 5312 Χριστὸν
2287 5237 2381 5292 καὶ
2415 5237 2511 5309 τὴν
2543 5233 2888 5305 Ἐκκλησίαν,
2941 5232 3037 5303 τὴν
3079 5232 3333 5305 σύνερξιν
3355 5234 3465 5305 (58)
3501 5234 3601 5290 τοῦ

394 5382 437 5413 ³¹
478 5381 511 5436 Ι
550 5380 677 5439 Cor.
717 5399 814 5447 vn,
856 5385 945 5440 58.
987 5384 1034 5416 ³¹
1073 5383 1269 5440 Matth.
1311 5403 1444 5451 χχιι,
1480 5387 1571 5443 50.
1648 5388 1694 5419 ⁸³
1725 5384 1921 5442 Matth.

2041 5404 2082 5453 ι,
2140 5385 2229 5441 i2.
2306 5381 2353 5415 ’δ
2393 5381 2544 5436 Psat.
2586 5395 2734 5444 thv,
2775 5378 2860 5433 10.

401 5518 514 5591 (38)
550 5517 669 5587 Τὴν
705 5522 1012 5590 σύνερξιν.
1051 5522 1213 5578 Malui
1256 5527 1495 5581 retinere
1534 5526 1663 5582 Vat.
1690 5544 1902 5591 vocem,

328 5589 475 5659 quod
499 5589 664 5667 etiam
695 5592 749 5646 in
774 5589 998 5663 reliquis
1020 5596 1363 5667 postmodum
1397 5609 1692 5665 repetatur,
1727 5589 1906 5667 utap—l
1931 5606 1933 5609 ‘

370 5668 525 5734 areat
541 5662 812 5729 glossema
840 5662 963 5720 esse
986 5662 1130 5734 quod
1161 5664 1323 5719 Allat.
1356 5674 1410 5721 et
1440 5662 1573 5721 Maz.
1607 5668 1696 5722 hic
1723 5662 1907 5732 σύζεύ-

326 5729 409 5796 ξιν
438 5729 639 5786 habent
667 5749 680 5786 :
709 5735 868 5805 quasi
896 5729 1160 5791 rariorem
1202 5750 1411 5807 vocem,
1458 5745 1516 5793 ut
1550 5739 1708 5809 solet,
1751 5729 1871 5797 eo}:
1892 5768 1905 5777 -

2014 5528 2262 5582 muniore
2310 5531 2607 5595 exponant.
2651 5521 2725 5595 Ea
2771 5516 3134 5595 utitur_l_>lato
3174 5516 3387 5595 ineam
3418 5516 3597 5595 ipsam

2014 5612 2152 5661 rem,
2198 5611 2297 5666 pro
2337 5588 2439 5649 viri
2484 5603 2552 5666 et,
2574 5593 2762 5647 uxoris
2802 5588 3043 5666 quasijn
3083 5593 3317 5666 secreto,
3366 5588 3602 5666 copula-

2015 5654 2357 5735 tionequuae
2401 5664 2739 5735 nuptiarumA
2765 5654 3080 5735 m'ysterium
3124 5663 3232 5735 est,
3266 5655 3413 5735 quod
3437 5654 3598 5725 'Apn-

2015 5737 2192 5795 stolus
2221 5724 2275 5791 in
2304 5724 2580 5791 Christum
2615 5741 2669 5790 et
2701 5724 2994 5786 Ecclesiam
3024 5724 3307 5782 transfert.
3347 5724 3590 5785 Consum
