3866 6160
232 319 295 376 6|
1297 317 1684 397 CONVIVIUM
1724 322 1957 381 DECEM
2000 319 2338 378 VIRGINUM
2350 362 2367 375 .

3423 315 3505 372 62

233 439 659 511 πρωτοπλάστου
691 439 785 494 καὶ
814 439 918 511 τῆς
945 441 1222 510 γυναικὸς,
1263 444 1311 496 εί
1350 445 1517 514 μηδὲν
1553 445 1809 516 ὑψηλότε-

1920 446 2154 501 ctiouem
2180 442 2342 514 primi
2368 442 2605 497 hominis
2632 456 2698 497 ac
2718 438 2964 494 mulieris
2989 439 3057 503 ³⁸,
3082 438 3130 494 si
3160 437 3298 492 nihil
3323 437 3498 493 subli—

234 547 331 603 ρον
357 531 691 601 ἐφαντάζετο
723 531 833 585 τῶν
868 533 1046 603 ῥητῶν
1074 534 1170 587 καὶ
1199 533 1300 604 τῆς
1334 536 1574 607 ἱστορίας
1611 540 1644 609 ή
1678 538 1820 609 Γρα-

233 624 329 692 φή.
360 623 424 675 Ei
452 623 563 695 γὰρ
598 623 735 687 ὅλως
761 625 842 688 εἰς
873 624 965 677 τὸν
988 626 1116 696 περὶ
1149 624 1517 691 συνελεύσεως
1541 628 1732 700 ἀνδρός
1757 646 1816 683 τε

234 714 329 767 καί⁵
356 714 618 782 γυναικὸς
658 715 741 768 δεῖ
776 716 1302 788 παραλαμϐάνεσθαι
1330 716 1499 771 τύπον
1522 718 1693 787 ψιλῶς
1719 720 1817 791 τὴν

233 805 489 877 Γραφὴν,
526 807 673 870 τίνος
708 807 773 878 δὴ
816 808 975 879 χάριν
1001 812 1030 861 ὁ
1069 809 1411 874 Ἀπόστολος,
1454 810 1657 865 τούτων
1695 814 1819 864 ἐπι-

238 896 521 968 μνησθεὶς,
551 900 648 952 καὶ
691 902 771 963 εἰς
793 900 891 970 τὴν
925 899 1017 953 τοῦ
1058 900 1378 972 Πνεύματος
1418 904 1597 972 ἡμᾶς,
1639 899 1814 972 οἶμαι,

233 991 593 1063 χειραγωγῶν
637 991 784 1057 ὁδὸν,
831 993 911 1057 είς
956 991 1193 1063 Χριστὸν
1222 995 1316 1046 καὶ
1359 995 1442 1058 εἰς
1489 994 1816 1066 Ἐκκλησίαν

232 1082 558 1154 ἀναφέρων,
610 1083 901 1155 ἀλληγορεί
946 1087 1015 1136 τὰ
1055 1084 1198 1138 κατὰ
1258 1083 1357 1155 τὴν
1394 1084 1538 1139 Εὕαν
1585 1086 1681 1140 καὶ
1725 1087 1815 1140 τὸν

247 1176 421 1247 Ἀδάμ
441 1193 457 1241 ;

314 1271 381 1323 Ἠ
412 1272 512 1342 μὲν
544 1271 655 1344 γὰρ
686 1270 831 1338 λέξις
868 1270 970 1342 τῆς
1012 1272 1286 1335 Γενέσεως
1320 1269 1463 1325 οὕτω
1492 1272 1657 1343 φησί·
1702 1271 1814 1326 Καὶ

230 1358 400 1418 εἶπεν
434 1368 468 1419 o'
502 1365 672 1436 ‘wciy
692 1383 707 1397 θ
752 1366 929 1420 Τοῦτο
956 1366 1073 1420 νῦν
1097 1365 1323 1420 ὀστοῦν
1343 1366 1413 1419 ἐκ
1445 1364 1563 1419 τῶν
1591 1366 1816 1421 ὀστέων

224 1475 367 1525 μουν
401 1457 500 1510 καὶ
530 1458 688 1527 σὰρξ
721 1458 789 1510 ἐκ
828 1454 934 1526 τῆς
962 1458 1190 1525 σαρκός
1211 1475 1363 1528 μου·
1410 1457 1561 1526 αὕτη
1594 1457 1817 1526 κληθή..

230 1562 403 1601 σεται
436 1549 622 1618 γυνὴ,
664 1549 753 1603 ὅτι
798 1551 868 1604 ἐκ
905 1551 1013 1605 τοῦ
1063 1551 1282 1620 ἀνδρὸς
1325 1548 1515 1619 αὐτῆς
1556 1551 1814 1620 ἐλήφθη.

234 1639 489 1691 Ἕνεκεν
512 1640 725 1693 τούτου
753 1642 1099 1710 καταλείψει
1135 1641 1444 1710 ἄνθρωπος
1464 1641 1571 1695 τὸν
1590 1641 1816 1710 πατέρα

231 1729 420 1783 αὐτοῦ
469 1732 568 1784 καὶ
613 1729 728 1798 τὴν
765 1731 996 1800 μητέρα
1036 1731 1244 1797 αὐτοῦ,
1287 1734 1386 1787 καὶ
1427 1738 1815 1802 προσκολλη-

1917 538 2062 592 mins
2093 535 2375 605 Scriptura
2400 536 2675 598 innueret,
2699 547 2862 602 quam
2892 530 3039 601 quod
3066 546 3137 585 ex
3170 530 3332 585 nudis
3360 529 3496 599 ipsis

1916 629 2099 683 verbis
2128 642 2193 682 ac
2222 626 2476 689 historia,
2509 625 2698 695 pervio
2743 639 2906 679 sensu
2954 622 3142 676 haberi
3190 631 3387 691 potest.
3435 618 3497 676 Si

1916 720 2061 775 enim
2094 719 2318 772 omnino
2348 717 2417 772 de
2456 717 2559 770 viri
2600 731 2663 770 ac
2713 715 2957 770 mulieris
3003 728 3304 783 congressu
3349 711 3499 767 nude

1917 811 2072 864 locus
2125 807 2423 879 Scriptum
2472 807 2645 876 accipi
2690 806 2868 866 debet.
2901 804 3031 873 quid
3075 819 3251 859 causa
3285 811 3368 858 est
3395 817 3496 857 cur

1915 900 2215 972 Apostolus
2264 916 2387 956 eum
2438 899 2636 963 citans,
2683 906 2737 952 et
2780 896 2849 950 ad
2897 895 3157 965 Spiritus,
3204 903 3358 966 puto,
3392 910 3496 950 nos

1915 1010 2084 1049 manu
2117 994 2327 1049 ducens
2358 995 2521 1059 viam,
2560 1007 2682 1063 quae
2713 990 2781 1045 de
2812 990 3020 1045 Adamo
3055 997 3110 1046 et
3140 990 3250 1043 Eva
3282 1005 3495 1045 memo-

1915 1095 2131 1149 rantur,
2172 1100 2270 1154 per
2307 1083 2620 1155 allegoriam
2657 1083 2713 1135 in
2754 1079 3032 1135 Christum
3067 1081 3330 1136 transfert
3358 1088 3412 1135 et
3436 1079 3496 1134 in

1918 1177 2258 1233 Ecclesiam?

1980 1270 2162 1323 Locus
2185 1267 2460 1322 Geneseos
2495 1266 2575 1321 sic
2599 1265 2765 1319 habet
2803 1285 2816 1318 .
2862 1262 2931 1317 Et
2974 1263 3113 1316 dixit
3146 1261 3341 1326 Adam,
3378 1262 3496 1317 Hoc

1915 1378 2055 1415 nunc
2080 1378 2135 1415 os
2164 1375 2228 1415 ex
2259 1360 2466 1414 ossibus
2497 1359 2645 1420 meis,
2685 1366 2735 1411 et
2761 1373 2885 1411 caro
2915 1355 2978 1410 de
3009 1372 3166 1409 carne
3198 1370 3353 1409 mea:
3383 1354 3497 1411 haec

1915 1453 2186 1507 vocabitur
2214 1451 2425 1515 mulier,
2453 1451 2699 1521 quoniam
2731 1448 2795 1502 de
2825 1450 2936 1502 viro
2979 1456 3186 1515 sumpta
3217 1456 3313 1501 est.
3360 1445 3494 1501 Pro-

1914 1554 2029 1613 pter
2077 1544 2173 1597 hoc
2214 1542 2470 1613 relinquet
2517 1543 2671 1594 homo
2718 1549 2921 1609 patrem
2971 1555 3125 1593 suum
3176 1548 3225 1593 et
3268 1550 3493 1594 matrem

1914 1652 2089 1700 suam,
2119 1643 2169 1688 et
2199 1632 2484 1687 adhazrebit
2511 1633 2666 1685 uxori
2704 1648 2853 1687 sure:
2880 1642 2928 1685 et
2961 1641 3114 1685 erunt
3146 1630 3250 1683 duo
3285 1631 3342 1683 in
3370 1647 3494 1684 car-

1915 1741 2030 1778 nem
2049 1740 2209 1776 uuam
2225 1724 2289 1778 ³⁵.
2307 1724 2602 1792 Apostolus
2620 1730 2800 1777 autem
2824 1737 2943 1777 eam
2966 1722 3289 1777 sententiam
3306 1722 3492 1777 cousi-

231 1821 479 1887 θήσεται
506 1821 585 1890 τῇ
612 1824 848 1893 γυναικὶ
879 1823 1085 1889 αὐτοῦ,
1117 1825 1212 1878 καὶ
1237 1826 1481 1879 ἔσονται
1513 1830 1567 1879 ol
1592 1824 1700 1878 δύο
1728 1827 1809 1892 εὶς

1917 1815 2136 1880 derans,
2164 1828 2505 1884 nequaquam
2538 1814 2683 1866 illam
2714 1822 2876 1883 prout
2898 1813 3064 1882 jacet,
3086 1813 3243 1881 juxta
3269 1828 3492 1868 sensum

229 1911 431 1981 σάρκα
448 1914 616 1983 μίαν.
656 1915 714 1968 '0
747 1915 806 1967 δὲ
842 1916 1180 1980 Ἀπόστολος,
1210 1917 1477 1988 είςγαὺτὴν
1510 1916 1576 1988 δὴ
1606 1915 1814 1988 ταύτην

229 2004 697 2075 ἐπισκεπτόμενος
725 2004 824 2077 τὴν
856 2007 1180 2079 περικοπὴν,
1220 2008 1402 2061 οὐκέτι
1443 2009 1582 2061 κατά
1616 2008 1677 2061 τὸ
1703 2008 1819 2061 κεί-

232 2112 392 2165 μενον
420 2096 612 2168 αὐτὴν,
639 2097 715 2160 ὡς
736 2097 892 2169 ἔφην,
930 2097 1204 2169 αἰσθητῶς
1235 2099 1328 2150 ἐπὶ
1361 2097 1662 2170 συνέρξεως
1692 2098 1814 2167 βού-

227 2185 380 2239 λεται
431 2187 959 2258 παραλαμϐάνεσθαι
1025 2188 1285 2258 γυναικός
1334 2205 1395 2241 τε
1445 2190 1540 2241 καὶ
1585 2187 1810 2258 ἀνδρὸς,

228 2274 419 2349 ὥσπερ
445 2278 511 2348 δὴ
538 2262 632 2331 καί
672 2278 756 2331 σύ.
804 2279 877 2331 Σὺ
921 2279 1057 2350 γὰρ,
1094 2277 1465 2350 φυσικώτερον
1509 2278 1812 2349 ἐπεξεργα-

230 2365 430 2439 ζομένη
469 2370 560 2422 τὸν
586 2369 764 2438 λόγον,
802 2368 1114 2440 συλλήψεων
1137 2371 1265 2443 πέρι
1298 2371 1392 2424 καὶ
1424 2370 1660 2424 τοκετῶν
1684 2370 1812 2424 ἔδω-

228 2475 332 2524 κας
361 2462 522 2532 μόνον
570 2461 970 2531 ἀποφαίνεσθαι
1011 2461 1110 2532 τὴν
1155 2461 1398 2533 Γραφήν.
1445 2462 1560 2515 Ἵνα
1600 2461 1708 2532 γὰρ
1750 2461 1811 2514 τὸ

227 2548 337 2603 ἀπὸ
382 2549 492 2602 τῶν
535 2550 738 2604 ὀστέων
784 2549 974 2603 ὀστοῦν
1034 2550 1320 2622 ἅνθρωπος
1366 2551 1553 2623 ἕτερος
1608 2551 1810 2623 ληφθὲν

225 2639 485 2711 γεννηθῇ,
526 2640 702 2714 ταύτῃ
735 2644 974 2695 συνεῖναι
1016 2640 1086 2695 τὰ
1116 2639 1232 2704 ζῶα
1272 2640 1601 2713 σπαργῶντα
1633 2640 1810 2712 δρυῶν

225 2730 378 2802 δίκην
400 2732 514 2805 (59)
558 2734 617 2786 ὲν
642 2732 763 2804 ὥρᾳ
791 2733 885 2786 τοῦ
918 2732 1090 2787 κύειν.
1140 2734 1376 2796 Ἐκεῖνος
1403 2733 1480 2798 δὲ,
1513 2749 1810 2802 πνευματι-

228 2821 466 2891 κώτερον
512 2825 595 2887 εἰς
641 2825 878 2896 Χριστὸν
941 2824 1270 2894 ἀναπέμψας
1313 2824 1405 2877 τὸν
1447 2823 1627 2891 λόγον,
1665 2823 1810 2876 διδά-

229 2929 371 2968 σκων
400 2913 577 2979 οὕτως
605 2914 707 2987 ἔφη
730 2932 744 2945 ·
786 2916 849 2969 '0
879 2914 1127 2986 ἀγαπῶν
1163 2914 1278 2984 τὴν
1316 2915 1535 2968 ἑαυτοῦ
1557 2915 1810 2985 γυναῖκα

226 3004 443 3058 ἑαυτὸν
460 3005 683 3075 ἀγαπᾷ.
704 3006 916 3074 Οὐδεὶς
938 3007 1050 3077 γάρ
1075 3022 1219 3060 ποτε
1239 3005 1354 3074 τὴν
1374 3005 1594 3061 ἑαυτοῦ
1614 3006 1810 3074 σάρκα

226 3096 687 3165 ἐμίσησεγυάλλ’
721 3099 992 3168 ἐκτρέφει
1016 3099 1115 3153 καὶ
1154 3097 1390 3163 θάλπει,
1426 3096 1620 3165 καθὼς
1648 3096 1748 3152 καὶ
1775 3099 1809 3150 ό

1914 1912 1974 1958 ut
2006 1905 2117 1958 dixi
2152 1918 2215 1957 ac
2252 1918 2446 1959 sonum
2479 1903 2690 1963 litterae,
2728 1902 2795 1956 de
2823 1901 2924 1955 viri
2962 1916 3025 1954 ac
3064 1901 3276 1954 feminae
3297 1899 3494 1969 copula

1914 1997 2029 2049 vult
2060 1995 2263 2065 accipi,
2297 1993 2757 2064 quemadmodum
2787 1999 2847 2046 tu
2879 1991 3037 2055 facis,
3065 1991 3299 2045 naturali
3331 1988 3492 2045 modo

1913 2085 1980 2141 de
2010 2085 2362 2154 conceptibus
2397 2083 2740 2139 solummodo
2768 2098 2831 2137 ac
2852 2082 3119 2152 partubus
3147 2080 3490 2150 Scripturam

1913 2177 2072 2233 istam
2118 2175 2545 2245 interpretando.
2594 2173 2686 2228 Sic
2727 2174 2873 2229 enim
2922 2173 3183 2243 posuisti:
3231 2170 3390 2225 Utos
3423 2186 3491 2225 ex

1911 2270 2131 2325 ossibus
2166 2270 2328 2323 homo
2363 2269 2501 2322 alter
2533 2278 2809 2337 sumptum
2838 2267 3170 2336 gigneretur,
3201 2266 3347 2319 coire
3368 2265 3492 2318 viva

1912 2376 2168 2430 corpora,
2220 2361 2565 2429 distendique
2618 2374 2682 2413 ac
2723 2368 2954 2422 tumere,
2992 2357 3250 2411 arborum
3292 2356 3488 2420 instar,

1910 2466 2034 2505 cum
2065 2460 2366 2520 praegnant.
2399 2449 2601 2505 Paulus
2634 2458 2835 2512 autem,
2870 2449 3190 2519 spiritaliter
3221 2448 3288 2502 ad
3323 2446 3490 2501 Chrio

1911 2552 2053 2599 stum
2093 2544 2208 2598 haec
2248 2544 2513 2608 referens,
2565 2544 2618 2597 in
2650 2543 2797 2597 hunc
2823 2558 2923 2597 nos
2953 2542 3172 2596 modum
3208 2539 3399 2595 edocet
3419 2537 3489 2580 ’νε

1912 2636 2017 2702 Qui
2064 2652 2217 2690 suam
2267 2651 2485 2689 uxorem
2525 2635 2721 2704 diligit,
2774 2651 2828 2688 se
2864 2635 3035 2703 ipsum
3076 2632 3270 2702 diligit.
3319 2628 3491 2684 Nemo

1908 2729 2045 2782 enim
2070 2744 2301 2797 unquam
2328 2744 2539 2782 carnem
2561 2742 2714 2779 suam
2748 2724 2867 2779 odio
2896 2724 3101 2786 habuit,
3132 2722 3221 2777 sed
3246 2722 3410 2775 nutrit
3437 2730 3493 2777 et

1910 2822 2045 2889 fovet
2065 2837 2203 2883 eam,
2231 2820 2367 2873 sicut
2396 2829 2444 2873 et
2474 2817 2718 2874 Christus
2754 2815 3047 2869 Ecclesium
3072 2831 3088 2868 :
3110 2815 3235 2884 quia
3256 2811 3489 2866 membra

1908 2930 2091 2969 sumus
2116 2913 2350 2982 corporis
2383 2911 2517 2980 eius.
2557 2911 2779 2979 Propter
2801 2910 2897 2964 hoc
2924 2908 3178 2977 relinquet
3207 2908 3360 2960 homo
3388 2921 3488 2974 pth

1911 3014 2041 3059 trem
2088 3020 2241 3058 suum
2278 3013 2328 3057 et
2367 3013 2615 3066 matrem,
2654 3011 2705 3055 et
2736 2999 3023 3055 adlicerebit
3059 2998 3210 3051 uxori
3259 3013 3401 3061 sure;
3438 3005 3490 3050 et

1910 3105 2062 3150 erunt
2092 3096 2197 3149 duo
2227 3096 2282 3148 in
2315 3111 2525 3148 carnem
2569 3110 2749 3146 unam.
2794 3092 3195 3146 Sacramentum
3235 3089 3329 3143 hoc
3374 3106 3492 3142 ma-

227 3187 479 3256 Χριστὸς
528 3191 646 3258 τὴν
698 3193 1094 3260 Ἐκκλησίανο
1151 3191 1241 3245 ὅτι
1276 3190 1431 3261 μέλη
1466 3189 1657 3259 ἐσμὲν
1697 3189 1803 3243 τοῦ

1914 3204 2063 3258 gnum
2080 3196 2188 3250 est;
2206 3202 2296 3256 ego
2314 3196 2490 3238 autem
2506 3185 2646 3248 dico,
2676 3186 2731 3237 in
2747 3183 3015 3238 Christum
3033 3193 3080 3235 et
3097 3184 3150 3236 in
3169 3181 3485 3235 Ecclesium.

226 3280 497 3351 σώματος
527 3283 733 3337 αὑτοῦ.
797 3285 945 3339 Ἀντί
1003 3286 1218 3339 τούτου
1273 3285 1620 3353 καταλείψει
1677 3281 1984 3350 ἅνθρωπος
2008 3281 2117 3334 τὸν
2147 3279 2371 3347 πατέρα
2419 3277 2605 3330 αὐτοῦ
2637 3274 2735 3328 καὶ
2756 3274 2869 3342 τὴν
2891 3274 3136 3343 μητέρα,
3165 3274 3262 3327 καὶ
3302 3283 3493 3340 προσ-

227 3373 672 3442 κολληθήσεται
732 3375 807 3445 τῇ
847 3377 1081 3446 γυναικὶ
1120 3374 1329 3440 αὑτοῦ,
1370 3376 1469 3428 καὶ
1504 3375 1749 3430 ἔσονται
1817 3377 1869 3428 ot
1898 3373 2006 3427 δύο
2053 3375 2140 3438 εὶς
2179 3369 2377 3439 σάρκα
2408 3370 2577 3439 μίαν.
2624 3369 2691 3423 Τὸ
2736 3365 3077 3437 μυστήριον
3122 3365 3299 3419 τοῦτο
3335 3362 3494 3434 μέγα

227 3472 427 3525 ἐστίν·
481 3470 598 3540 ἐγὼ
647 3469 716 3524 δὲ
752 3472 909 3540 λέγω
943 3473 1031 3539 είς
1092 3471 1352 3540 Χριστὸν
1410 3470 1511 3525 καὶ
1557 3472 1645 3536 εὶς
1704 3469 1823 3539 τὴν
1872 3467 2253 3535 Ἐκκλησίαν.

229 3601 355 3658 CAP.
393 3601 459 3658 ll.
491 3603 735 3672 Apostoli
756 3603 921 3658 Pauli
945 3604 1315 3676 digressiones.
1346 3604 1478 3673 Ejus
1510 3605 1766 3659 doctrina:
1796 3603 2072 3676 character
2096 3640 2110 3665 ,
2142 3600 2289 3676 nihil
2321 3600 2380 3676 in
2402 3616 2462 3676 eo
2493 3599 2906 3654 dissentaneum.
2941 3594 3183 3667 Sufﬂatus
3213 3595 3488 3669 Origenes,

1249 3678 1339 3747 qui
1363 3670 1594 3745 improbe
1626 3677 1806 3728 omnia
1828 3673 1895 3727 ad
1929 3673 2242 3742 allegoriam
2273 3670 2459 3725 trahit.

290 3789 383 3861 Μὴ
424 3788 645 3843 κινείτω
688 3788 746 3842 δέ
791 3807 873 3854 σε,
917 3792 966 3844 εί
1017 3790 1145 3862 περὶ
1182 3789 1384 3861 ἑτέρων
1425 3788 1804 3858 διαλεγόμενος

227 3880 302 3944 εἰς
335 3881 503 3951 ἕτερα
545 3880 858 3951 μεταπηδᾷ·
883 3880 1021 3935 ὥστε
1052 3881 1294 3951 νομίζειν
1322 3879 1682 3950 ἁναμιγνύναι
1710 3879 1804 3931 καὶ

228 3970 634 4042 παρεμϐάλλειν
682 3971 845 4024 αὑτὸν
914 3972 1142 4042 ἀνόμοια
1201 3975 1313 4033 τοῖς
1387 3971 1803 4043 προκειμένοις,

229 4062 671 4135 παρεκϐαίνοντα
702 4062 795 4116 τοῦ
834 4062 1168 4134 σκέμματος,
1197 4062 1387 4134 ὥσπερ
1436 4063 1500 4134 δὴ
1544 4064 1638 4116 καὶ
1687 4063 1801 4117 νῦν.

229 4155 361 4227 Περὶ
398 4154 503 4224 τῆς
546 4154 764 4223 ἁγνείας
792 4154 902 4226 γὰρ
938 4155 1221 4228 ἐθελήσας,
1250 4155 1326 4220 ὡς
1358 4155 1531 4222 εἰκὸς,
1565 4156 1809 4228 μεμελη-

232 4247 404 4318 μένως
436 4246 588 4317 αὐτῷ
617 4246 983 4318 κρατυνθῆναι
1015 4247 1194 4317 λόγον,
1228 4248 1638 4321 πρώιορθοῦται
1671 4249 1807 4320 πρό-

228 4356 379 4413 τερον
422 4342 526 4412 τὴν
574 4342 952 4414 ἐπιχείρησιν,
991 4342 1068 4412 τῷ
1113 4343 1370 4415 λειοτέρῳ
1414 4344 1514 4414 τῆς
1556 4344 1809 4416 φράσεως

229 4428 527 4503 ἀρχόμενος
571 4430 746 4501 τύπῳ.
784 4432 842 4483 ’0
883 4432 992 4503 γάρ
1042 4448 1124 4485 τοι
1174 4433 1459 4505 χαρακτὴρ
1505 4433 1653 4504 αὐτῷ
1700 4433 1806 4487 τῶν

1979 3784 2090 3841 Nec
2117 3800 2248 3839 vero
2282 3793 2334 3839 te
2356 3789 2590 3844 moveat,
2616 3781 2761 3851 quod
2791 3780 2912 3835 aliis
2940 3779 3009 3835 de
3038 3779 3203 3837 rebus
3232 3782 3490 3839 instituto

1909 3890 2182 3939 sermone,
2216 3873 2284 3927 ad
2311 3874 2415 3927 alia
2445 3872 2703 3938 transilit,
2732 3881 2791 3926 ut
2821 3872 3152 3941 permiscere
3182 3872 3490 3928 doctrinam

1906 3966 2154 4021 videatur
2169 3982 2339 4036 eaque
2361 3965 2683 4019 intercalare
2699 3979 2818 4033 quae
2834 3973 3154 4033 argumento
3166 3963 3490 4032 dissideant,

1910 4059 1977 4113 ab
2009 4058 2255 4112 instituta
2281 4057 2594 4127 digrediens
2624 4055 3085 4118 consideratione,
3123 4056 3200 4108 uti
3223 4071 3282 4110 se
3314 4071 3403 4111 res
3435 4056 3493 4110 in

1913 4150 2095 4206 verbis
2128 4149 2370 4203 inductis
2402 4148 2580 4202 habet.
2614 4146 2749 4200 Nam
2775 4162 2897 4200 cum
2919 4147 2987 4201 de
3005 4147 3279 4211 castitate,
3306 4157 3366 4201 ut
3394 4163 3493 4218 ap.

1908 4250 2079 4309 paret,
2119 4240 2309 4296 sedulo
2339 4239 2643 4292 doctrinam
2684 4237 2901 4292 tradere
2930 4252 2994 4292 ac
3022 4239 3347 4293 confirmare
3378 4240 3493 4294 vel-

1908 4330 2004 4394 let,
2030 4331 2274 4385 insinuat
2302 4345 2361 4383 se
2391 4328 2566 4398 prius,
2598 4338 2652 4382 et
2678 4328 2869 4382 molles
2897 4328 3051 4397 quasi
3077 4329 3259 4383 aditus
3278 4329 3345 4383 ad
3366 4344 3492 4384 eum

1911 4437 2136 4492 scopum
2158 4427 2363 4491 captat,
2394 4418 2591 4475 leniori
2617 4433 2681 4473 ac
2706 4420 3068 4488 plausibiliori
3095 4428 3255 4476 utens
3284 4435 3493 4475 sermo-

227 4519 419 4590 λόγων,
442 4519 839 4583 ποικιλώτατος
866 4519 960 4586 ὢν,
978 4520 1074 4573 καὶ
1104 4521 1246 4574 κατὰ
1270 4520 1611 4593 παραύξησιν
1631 4520 1806 4591 ἐξειρ-

1914 4514 2000 4571 nis
2028 4517 2301 4585 ingressu.
2345 4512 2440 4568 Est
2473 4512 2618 4567 enim
2648 4513 2769 4581 ejus
2801 4512 3057 4567 dictionis
3087 4513 3369 4569 character
3398 4515 3494 4569 ad-

227 4612 518 4681 γασμένος,
557 4610 787 4681 ἄρχεται
821 4609 917 4680 μὲν
947 4608 1406 4680 ἐπιπολαιότερον,
1444 4612 1724 4681 προχεῖται
1749 4609 1807 4662 δὲ

226 4702 302 4766 εἰς
332 4702 400 4754 τὸ
437 4700 765 4771 ὑψηλότερον
791 4700 885 4753 καὶ
926 4699 1371 4771 μεγαλοπρεπές⁹
1410 4695 1508 4753 εἶτ’
1542 4696 1695 4763 αὖθις
1726 4702 1805 4765 εἰς

228 4790 506 4861 βαθύτητα
537 4788 910 4860 μεταϐάλλων,
942 4788 1033 4842 ὁτὲ
1081 4789 1179 4860 μὲν
1208 4791 1289 4851 είς
1327 4789 1389 4842 τὸ
1435 4787 1803 4861 ἁπλούστερον

225 4885 316 4937 καὶ
346 4882 569 4952 ἀφελὲς,
599 4880 689 4934 ὁτὲ
729 4880 786 4934 δὲ
813 4883 893 4945 εἰς
937 4881 998 4934 τὸ
1030 4880 1327 4953 δεινότερον
1374 4880 1670 4952 καταλήγει
1708 4882 1804 4935 καὶ

227 4972 441 5039 λεπτὸν,
467 4973 620 5027 οὐδὲν
663 4971 943 5042 ἀλλότριον
989 4973 1297 5042 ἐπεισάγων
1342 4973 1451 5027 τῶν
1497 4973 1804 5043 κεφαλαίων

224 5067 340 5128 ταῖς
373 5063 701 5132 ἐξαλλαγαῖς
719 5080 733 5093 ⁸
771 5063 906 5118 ἀλλὰ
940 5065 1118 5119 πάντα
1150 5064 1293 5119 κατά
1329 5083 1452 5119 τινα
1485 5065 1805 5138 θαυμαστὴν

227 5156 533 5227 οἰκειότητα
568 5156 1039 5229 συμπεριγράφων
1097 5159 1178 5222 εἰς
1221 5157 1281 5211 ἐν
1329 5158 1391 5213 τὸ
1444 5159 1804 5231 προκείμενον

1914 4608 2140 4663 modum
2176 4607 2385 4669 varius,
2433 4612 2487 4660 et
2520 4606 2586 4658 ad
2621 4619 2735 4658 rem
2770 4604 2974 4659 sensim
3014 4604 3314 4674 augendam
3343 4623 3495 4662 com-

1911 4708 2158 4772 paratus.
2198 4699 2278 4753 Ac
2319 4699 2437 4768 ipso
2469 4695 2688 4767 quidem
2721 4697 2945 4750 exordio
2980 4711 3093 4750 rem
3126 4698 3298 4752 levius
3330 4701 3495 4754 attin-

1910 4808 2066 4864 gens,
2093 4806 2328 4861 moxque
2350 4806 2409 4845 se
2434 4789 2489 4842 in
2517 4789 2713 4842 altiora
2739 4802 2804 4841 ac
2833 4787 3120 4857 magniﬁca
3145 4787 3487 4846 diffundens:

1909 4894 2025 4941 tum
2061 4901 2254 4940 rursus
2281 4884 2336 4938 in
2366 4881 2797 4952 profunditatem
2826 4894 2947 4935 sese
2973 4879 3287 4946 demittens,
3321 4882 3493 4937 inter-

1913 4978 2043 5033 dum
2079 4977 2136 5031 in
2165 4977 2393 5045 simplex
2424 4973 2627 5042 aliquid
2662 4978 2715 5025 et
2750 4968 2929 5030 facile,
2965 4968 3236 5023 interdum
3271 4970 3324 5024 in
3353 4969 3494 5025 dim-

1910 5069 2070 5125 cilius
2114 5067 2318 5138 aliquid
2360 5075 2414 5122 et
2465 5064 2719 5120 subtilius
2769 5060 3004 5126 desinit;
3051 5077 3154 5117 nec
3194 5064 3491 5135 quidquam

1910 5167 2095 5216 tamen
2134 5175 2232 5229 per
2266 5159 2402 5215 istas
2435 5155 2829 5213 alternationes
2861 5152 3101 5208 alienum
3141 5169 3175 5209 a
3205 5170 3376 5227 εοορο
3400 5157 3491 5213 in-

230 5306 271 5341 ”
307 5307 508 5379 Ephes.
553 5325 612 5375 ν,
648 5310 740 5365 52.
818 5312 864 5343 ³⁸
898 5310 1028 5366 Gen.
1071 5301 1132 5376 n,
1173 5312 1268 5378 23,
1307 5312 1399 5369 24.
1475 5313 1519 5346 ⁸⁷
1561 5313 1754 5383 Ephes.
1795 5332 1809 5362 π

1914 5314 2074 5373 ι8-52.

297 5472 412 5596 (5%)
444 5470 650 5540 Δρυῶν
679 5471 879 5540 δίκην.
908 5471 1093 5528 Lectio
1119 5489 1183 5528 ex
1204 5473 1518 5559 conjectura
1539 5476 1807 5544 interpre-

297 5577 320 5596 ι.
415 5558 502 5596 ain
552 5541 676 5595 Vat.
722 5544 896 5596 codex
946 5542 1180 5596 habebat
1225 5544 1366 5596 δοων
1414 5545 1589 5596 οίκην.
1640 5544 1803 5596 Maz..

232 5541 320 5614 tis;
364 5541 502 5596 Nam
552 5541 676 5595 Vat.
721 5544 896 5614 codex
946 5542 1180 5614 babebat
1225 5542 1589 5614 Gpc‘oudlx'qv.
1640 5541 1803 5608 Μαι..

232 5611 553 5684 glossemate
583 5613 734 5666 docti
778 5612 997 5668 lectoris
1026 5629 1072 5684 Ae,
1091 5611 1337 5684 margine
1380 5613 1436 5684 in
1464 5611 1802 5680 contextum,

234 5689 291 5761 ut
309 5683 611 5761 yerisinrile
638 5689 745 5746 est,
776 5691 997 5761 recepto
1018 5681 1248 5755 δένδρων
1273 5697 1371 5753 pro
1398 5682 1573 5761 δρυῶν
1600 5688 1802 5755 posuit.

234 5751 388 5823 Δρῦς,
421 5762 480 5808 ut
509 5751 700 5809 Graece
728 5751 1028 5810 scientibus
1058 5751 1412 5820 notum,'non
1430 5751 1618 5811 solani
1641 5770 1806 5815 ouer-

1910 5490 2057 5539 cum,
2089 5475 2182 5529 sed
2212 5472 2435 5529 omnino
2460 5488 2631 5539 genus
2659 5487 2821 5526 omne
2848 5472 3104 5525 arborum
3140 5485 3282 5540 saepe
3317 5469 3490 5539 signi-

1910 5546 2058 5606 ﬁcat,
2102 5544 2211 5598 imo
2253 5550 2308 5598 et
2356 5545 2686 5612 plantarum.
2741 5541 2876 5595 Nam
2925 5540 3198 5613 ἀκρόδρυα
3239 5542 3306 5595 de
3338 5540 3489 5613 oinni

1908 5614 2090 5669 fructu
2115 5614 2246 5677 dici,
2270 5610 2436 5669 Caius
2455 5616 2615 5668 etiam
2637 5610 3068 5683 jurisconsultus
3099 5610 3411 5683 adnotavit-.7
3428 5610 3487 5683 Si

1907 5686 1995 5739 cui
2029 5692 2225 5756 tamen
2241 5685 2415 5754 magis
2447 5681 2703 5756 probetur
2731 5681 2981 5756 δένδρων,
3019 5697 3127 5736 non
3158 5682 3485 5754 repugnabi-

1908 5770 2050 5811 mus.
2084 5753 2180 5808 Eo.
2208 5752 2406 5808 Lartis.
