3866 6160
348 314 423 373 63
1333 317 1391 374 S.
1436 316 1775 374 lilE'l‘llODll
1810 316 2128 376 EPISCOPI
2161 316 2251 374 ET
2291 315 2653 376 MARTYRIS
3553 322 3623 381 64

348 439 502 493 duclt
536 455 549 492 :
586 435 682 492 sed
720 443 920 494 cuncta
967 436 1205 492 mirabili
1248 437 1485 508 quadam
1529 436 1939 494 necessitudine

2050 439 2190 512 αὐτῷ
2229 439 2454 510 σκέμμα
2484 440 2584 511 τῆς
2617 438 2931 505 ἀποθέσεως
2964 441 3355 515 ἀπεργάζεται.
3380 441 3502 515 Χρὴ
3531 437 3627 497 οὖν

346 545 414 587 ae
440 546 583 587 nexu
613 532 933 602 complexus
954 572 969 596 ,
1025 531 1289 586 institutae
1322 546 1354 585 a
1386 548 1447 588 se
1472 530 1939 588 considerationis

345 640 519 681 unum
552 633 933 695 argumentum
964 626 1217 681 absolvit.
1265 625 1456 697 Operae
1495 627 1732 697 pretium
1769 626 1939 698 igitur

344 718 564 777 factura
590 720 803 787 videar,
849 721 896 776 si
927 722 1354 793 apostolicarum
1383 722 1778 777 sententiarum
1809 737 1937 777 sen-

2048 550 2115 605 με
2138 531 2529 603 ἀκριϐέστερον
2562 531 2905 598 ἀνακαλύψαι
2936 532 3027 587 τὸν
3056 533 3180 587 νοῦν
3218 533 3328 588 τῶν
3360 533 3503 588 κατὰ
3536 534 3627 588 τὸν

2057 623 2381 678 Ἀπόστολον
2425 624 2891 697 ἐπιχειρημάτων,
2950 625 3102 680 οὐδὲν
3158 625 3267 680 τῶν
3319 625 3629 701 ἔμπροσθεν

2044 719 2165 789 είρη
2175 716 2351 788 μένων
2382 716 2848 788 ἀνακρουομένην.

345 830 471 873 sum
518 817 682 886 paulo
727 816 1041 871 accuratius
1085 815 1468 886 explicavero;
1518 816 1594 870 ita
1641 821 1847 880 tamen,
1908 821 1969 869 ut
2023 825 2214 868 earum
2254 824 2377 881 quae
2408 808 2523 880 jam
2564 808 2619 863 in
2668 808 3048 880 superioribus
3095 810 3242 866 dicta
3283 817 3432 878 sunt,
3491 807 3670 864 nihil:

346 908 615 980 rejiciam.

418 1027 652 1083 Abunde
676 1027 823 1083 enim
856 1037 1019 1098 atque
1052 1028 1316 1098 praeclare
1345 1028 1438 1083 illa
1475 1044 1696 1100 quoque
1732 1026 1938 1083 videris

348 1120 728 1187 edisseruisse,
754 1122 993 1183 cautius,
1025 1138 1058 1175 υ
1080 1120 1403 1192 Theophila,
1428 1121 1545 1192 ipsa
1568 1134 1733 1193 prout
1752 1123 1941 1193 jacent

348 1211 647 1284 Scriptura:
675 1215 838 1269 verba
871 1229 1173 1284 exponens.
1206 1213 1343 1268 Nam
1369 1230 1545 1285 neque
1577 1216 1820 1286 periculo
1842 1231 1940 1271 va-

349 1316 460 1367 cat,
492 1305 725 1375 subjecti
759 1313 943 1360 textus
984 1307 1171 1369 verba,
1224 1307 1303 1361 uti
1334 1307 1544 1362 dictum
1577 1317 1683 1373 est,
1711 1310 1938 1366 omnino

348 1412 627 1470 Spernere,
653 1399 955 1467 praesertim
990 1396 1289 1465 Geneseos,
1322 1400 1417 1453 ubi
1447 1401 1733 1455 condenda
1754 1416 1940 1457 rerum

347 1487 516 1558 hujus
556 1489 935 1544 universitatis
985 1490 1128 1544 mole
1171 1504 1236 1543 ac
1279 1490 1589 1556 statuenda,
1638 1492 1941 1548 immobilia

344 1578 443 1638 Dei
477 1581 730 1636 feruntur
777 1581 999 1635 oracula
1031 1596 1096 1634 ac
1142 1581 1363 1636 decreta
1398 1601 1412 1637 ι
1442 1583 1644 1653 quibus
1690 1584 1745 1637 in
1793 1586 1941 1640 hunc

346 1690 524 1745 usque
552 1674 697 1729 diem
727 1681 947 1743 aptatus
992 1675 1253 1738 mundus,
1296 1674 1413 1729 suis
1446 1676 1654 1731 sensim
1687 1678 1938 1747 partibus

2127 1019 2353 1084 ’Ῑκανῶς
2379 1019 2489 1092 γὰρ
2531 1020 2757 1075 κάκεῖνά
2783 1038 2874 1091 μοι
2901 1019 3328 1094 διεξεληλυθέναι
3360 1026 3454 1077 καὶ
3485 1025 3629 1097 λαμ-

2044 1112 2202 1185 πρῶς
2230 1111 2426 1179 δοκεῖς,
2463 1112 2906 1187 ἀκινδυνότερον,
2943 1109 2988 1168 ὦ
3025 1115 3279 1186 Θεοφίλα,
3302 1116 3371 1171 τά
3408 1119 3631 1190 ῥήματα

2043 1204 2147 1275 τῆς
2190 1204 2435 1275 Γραφῆς,
2476 1204 2551 1269 ὡς
2594 1201 2762 1277 εἶχεν,
2801 1208 3305 1281 ὲπεξεργασαμένη.
3353 1210 3628 1284 Σφαλερὸν

2045 1296 2155 1369 γὰρ
2188 1299 2367 1370 πάντη
2399 1304 2760 1371 καταφρονεῖν
2803 1302 2911 1356 τῶν
2951 1303 3240 1373 κειμένων,
3273 1304 3349 1368 ὼς
3385 1306 3624 1377 εῐρηται,

2049 1390 2289 1462 μάλιστα
2306 1392 2404 1462 τῆς
2426 1393 2716 1458 Γενέσεως,
2738 1393 2868 1448 ἔνθα
2895 1396 3195 1468 ἀποφάσεις
3217 1397 3627 1469 ἀπαράλλακτοι

2042 1482 2298 1554 φέρονται
2328 1483 2423 1537 τοῦ
2452 1483 2588 1536 Θεοῦ
2615 1486 2698 1549 εἰς
2733 1486 2832 1557 τὴν
2873 1485 3129 1541 σύστασιν
3158 1486 3253 1540 τοῦ
3286 1487 3503 1550 παντὸς,
3536 1480 3627 1550 αἷς

2040 1575 2406 1647 ήρμοσμένως
2444 1576 2611 1631 εἰσέτι
2656 1579 2752 1632 καὶ
2797 1578 2891 1633 νῦν
2939 1579 3199 1635 κάλλιστα
3232 1580 3375 1634 κατὰ
3426 1580 3627 1652 μέτρον

2041 1666 2224 1720 τέλεον
2252 1667 2613 1723 ἀπευθύνεται
2650 1669 2871 1734 τελείως
2903 1671 2932 1723 ὁ
2964 1672 3187 1743 κόσμος,
3215 1671 3322 1724 ἐστ’
3356 1670 3422 1725 ἂν
3461 1672 3628 1726 αὐτὸν

348 1767 592 1838 perfecte
613 1767 871 1838 dirigitur
893 1808 907 1832 ,
946 1768 1121 1824 donec
1152 1784 1351 1825 rursus
1381 1770 1497 1838 ipse
1522 1772 1618 1841 qui
1647 1774 1939 1829 concinna-

2050 1757 2207 1812 πάλιν
2228 1756 2390 1824 αὐτὸς
2410 1761 2439 1812 ὁ
2455 1761 2827 1833 διακοσμήσας
2844 1762 3159 1835 νομοθέτης,
3173 1763 3628 1834 ἀναστοιχειῶσαι

348 1858 429 1912 vit
471 1857 769 1928 legislalor,
818 1874 958 1929 opus
982 1874 1142 1914 Suum
1164 1860 1464 1917 reformare
1489 1863 1697 1928 volens,
1730 1865 1938 1934 primas

346 1963 560 2005 naturae
603 1950 749 2021 leges
798 1952 905 2004 alia
953 1952 1347 2009 constitutione
1393 1956 1780 2026 antiquaverit.
1830 1954 1940 2012 Sed

343 2042 608 2112 quoniam
652 2056 763 2097 non
794 2042 951 2097 decet
987 2043 1385 2114 inexploratam
1415 2062 1479 2102 ac
1521 2048 1670 2103 velut
1711 2048 1941 2105 dimidia

344 2148 445 2189 sua
474 2140 628 2203 parte
656 2133 1058 2190 claudicantem
1097 2137 1521 2206 explicationem
1557 2140 1823 2196 doctrinae
1852 2158 1941 2199 re-

346 2225 628 2295 linquere;
662 2239 782 2296 age,
808 2227 1164 2296 anagogicum
1189 2242 1409 2299 quoque
1438 2230 1660 2286 litterali
1692 2248 1938 2299 sensum,

345 2317 496 2372 velut
520 2316 751 2372 alterum
788 2318 927 2388 biga:
979 2317 1181 2372 animal
1242 2319 1558 2387 reddamus,
1615 2323 1943 2393 profundius

346 2408 492 2465 hanc
543 2410 885 2481 Scripturam
934 2411 1291 2481 speculando.
1333 2412 1453 2467 Non
1482 2415 1626 2469 enim
1663 2415 1708 2471 is
1736 2424 1822 2473 est
1848 2416 1943 2488 qui

347 2500 624 2555 contemni
653 2500 1076 2572 possitPaulus,
1115 2519 1278 2574 quem
1304 2505 1467 2560 modo
1492 2506 1750 2573 vidimus,
1790 2513 1943 2561 tran-

346 2607 543 2649 scenso
575 2593 710 2648 dicti
749 2593 915 2663 hujus
963 2595 1176 2665 vulgari
1224 2611 1415 2660 sensu,
1471 2597 1539 2652 ad
1574 2598 1779 2654 Christi
1809 2599 1944 2655 illud

342 2685 672 2756 mysterium
700 2684 1072 2756 Ecclesiaeque
1107 2687 1441 2743 traduxisse.

2046 1849 2347 1921 βουληθεὶς,
2385 1852 2555 1924 ἑτέρῳ
2584 1852 2914 1924 διατάγματι
2940 1855 3068 1918 τοὺς
3102 1853 3351 1926 πρώτους
3383 1855 3484 1926 τῆς
3519 1853 3629 1924 φύε-

2046 1958 2185 2007 σεως
2237 1943 2479 2019 ἀναλύσῃ
2525 1945 2779 2018 θεσμοὺς,
2822 1946 2960 2001 Ἀλλ’
3012 1949 3135 2002 ἐπεὶ
3177 1949 3237 2001 ού
3285 1948 3392 2021 χρὴ
3440 1946 3630 2015 ἀνεξέ-

2045 2031 2294 2102 λεγκτον,
2326 2037 2419 2090 καὶ
2446 2036 2634 2109 ὥσπερ
2659 2038 2717 2105 ἐξ
2746 2041 3004 2111 ἡμισείας
3031 2039 3207 2112 χωλὴν
3230 2041 3329 2113 τὴν
3353 2038 3630 2105 ἀπόδειξιν

2043 2126 2140 2180 τοῦ
2192 2127 2351 2197 λόγου
2399 2130 2753 2202 καταλεῖψαιο
2806 2132 2938 2204 φέρε
2971 2132 3034 2205 δὴ
3067 2134 3161 2188 καὶ
3190 2132 3288 2205 τὴν
3331 2134 3451 2186 κατ’
3496 2133 3634 2186 ἀνα-

2045 2217 2234 2288 γωγὴν
2264 2219 2399 2290 αὐτῇ
2430 2217 2691 2289 συζυγίαν
2744 2221 3032 2293 ἀποδῶμεν
3076 2224 3272 2294 ἡμεῖς,
3330 2222 3634 2293 βαθύτερον

2044 2307 2484 2381 ὲπισκεψάμεναι
2535 2312 2635 2383 τὴν
2681 2312 2922 2385 Γραφήν.
2974 2314 3049 2367 υύ
3106 2314 3213 2388 γὰρ
3267 2313 3358 2368 τοῦ
3413 2313 3632 2367 Παύλου

2045 2403 2504 2473 καταφρονητέον,
2533 2402 2628 2457 τοῦ
2662 2404 3191 2476 ὑπεραναόαίνοντος
3218 2406 3281 2459 τὸ
3313 2407 3497 2478 ῥητὸν,
3532 2405 3636 2460 καὶ

2042 2494 2125 2556 εἰς
2149 2493 2240 2547 τὸν
2273 2495 2507 2566 Χριστὸν
2540 2496 2670 2551 αὐτὸ
2700 2497 2992 2552 συντείνειν
3032 2499 3127 2553 καὶ
3155 2499 3255 2570 τὴν
3296 2498 3633 2571 Ἐκκλησίαν

2052 2585 2498 2659 ἀποφηναμένου.

1134 2804 1267 2861 Car.
1304 2804 1392 2859 lll.
1435 2806 1606 2863 Primi
1634 2808 1805 2865 Adam
1830 2820 1881 2866 et
1900 2814 2121 2870 secundi
2151 2818 2482 2887 comparatio
2513 2818 2788 2875 instituta.

416 2920 593 2991 Atque
621 2922 710 2978 hic
743 2922 981 2993 primum
1015 2922 1431 2994 disquirendum
1465 2940 1535 2980 an
1580 2925 1751 2982 Adam
1778 2944 1937 2985 com-

2122 2937 2232 2994 Καὶ
2276 2937 2493 3010 πρῶτον
2539 2936 2888 3005 ἐξεταστέον,
2933 2941 2982 2994 εί
3032 2940 3205 3012 Ἀδὰμ
3244 2940 3355 3014 (40)
3397 2940 3638 2997 ἀπεικά-

346 3015 528 3084 parari
558 3015 735 3085 possit
767 3014 905 3070 Filio
938 3015 1067 3070 Dei:
1101 3016 1211 3080 ille,
1242 3016 1490 3087 inquam,
1518 3017 1693 3073 Adam
1750 3021 1807 3075 in
1854 3023 1938 3077 la-

2050 3026 2235 3091 ζεσθαι
2265 3027 2488 3082 δύναται
2532 3029 2610 3100 τῷ
2652 3030 2765 3102 Υἱῷ
2794 3030 2887 3084 τοῦ
2914 3030 3072 3097 Θεοῦ,
3104 3033 3163 3085 ὲν
3202 3031 3281 3103 τῷ
3323 3031 3634 3105 παραπτώ-

346 3120 451 3178 psu
499 3107 964 3178 praevaricationis
989 3107 1365 3177 deprehensus
1391 3149 1405 3173 ,
1439 3112 1642 3181 quique
1687 3113 1894 3168 audivit
1925 3133 1939 3169 :

351 3201 518 3255 Terra
546 3217 621 3266 es,
649 3208 698 3254 et
734 3201 789 3255 in
824 3210 1022 3255 terram
1064 3205 1338 3258 reverteris
1375 3203 1439 3259 ³⁸.
1494 3203 1781 3270 Quomodo
1815 3223 1943 3264 vero

347 3294 514 3350 etiam
572 3294 963 3364 Primogenitus
1000 3297 1172 3349 omnis
1218 3306 1479 3352 creatura:
1518 3298 1562 3330 ³⁸
1607 3300 1889 3370 putabitur
1919 3339 1936 3367 ,

346 3385 441 3456 qui
475 3392 600 3455 post
630 3395 832 3440 terram
875 3394 929 3441 et
963 3385 1364 3443 ﬁrmamentum
1417 3405 1448 3445 e
1500 3391 1616 3444 luto
1675 3390 1943 3459 formatus

346 3478 472 3534 est?
503 3476 714 3533 Rursus
741 3493 847 3548 qua
878 3480 1091 3536 ratione
1142 3481 1347 3551 lignum
1378 3482 1503 3537 vitae
1544 3483 1612 3549 ‘°_
1638 3498 1763 3538 eum
1820 3500 1945 3541 esse

347 3571 698 3638 concedetur,
716 3575 809 3642 qui
850 3573 1069 3643 ejicitur
1092 3583 1314 3646 propter
1342 3577 1843 3646 praevaricationem
1862 3580 1906 3611 δι
1922 3619 1939 3649 ,

346 3680 419 3720 ne
456 3675 651 3721 rursus
683 3667 943 3721 extendat
973 3682 1196 3721 manum
1239 3677 1295 3723 et
1337 3670 1592 3724 comedat
1618 3685 1685 3724 ex
1715 3671 1855 3741 ipso,
1889 3678 1944 3726 et

347 3754 494 3811 vivat
522 3757 576 3810 in
605 3757 910 3812 aiternum?
936 3755 1093 3823 Quod
1146 3757 1294 3812 enim
1340 3768 1695 3829 comparatur
1745 3760 1940 3827 alteri,

349 3848 428 3903 illi
458 3849 706 3918 pluribus
732 3849 912 3909 simile
953 3850 1184 3905 exsistat
1218 3867 1446 3907 necesse
1489 3853 1564 3908 sit
1621 3868 1687 3907 ac
1743 3852 1938 3920 aillne,

350 3952 461 3992 non
491 3938 769 3992 contrario
822 3938 982 4008 plane
1028 3938 1189 3993 modo
1246 3954 1311 3994 ac
1355 3940 1706 3997 dissentanee
1736 3958 1796 3997 se
1841 3942 1943 3996 ba-

348 4029 498 4090 beat.
533 4037 587 4085 et
608 4031 762 4101 quasi
793 4047 859 4085 ex
886 4032 1151 4102 oppositis
1173 4033 1459 4090 consistat.
1493 4034 1664 4090 Nemo
1683 4036 1828 4091 enim
1847 4037 1942 4107 qui

347 4123 524 4194 impar
553 4125 702 4193 pari,
749 4132 803 4179 et
831 4124 1209 4181 harmonicum
1236 4136 1567 4183 concentum
1590 4145 1698 4183 non
1725 4129 1942 4185 harmo-

347 4217 474 4275 'tico
531 4216 996 4288 dissentaneoque
1043 4234 1367 4290 comparare
1416 4221 1635 4289 audeat,
1673 4222 1940 4293 sapientis

349 4309 567 4365 laudem
598 4298 975 4381 consequitur:
1021 4313 1130 4369 Sed
1161 4328 1260 4384 par
1286 4322 1483 4368 natura
1513 4314 1631 4384 pari
1661 4314 1805 4369 haud
1834 4315 1936 4368 im-

2049 3137 2179 3191 ματι
2206 3121 2308 3192 τῆς
2340 3121 2704 3194 παραϐάσεως
2734 3124 2998 3196 εὑρεθεὶς,
3028 3124 3122 3177 καὶ
3155 3125 3395 3188 ἀκούσας
3423 3127 3505 3189 τὸ,
3534 3122 3635 3195 Γῆ

2042 3207 2117 3275 εἴ,
2149 3212 2248 3265 καὶ
2273 3215 2361 3279 εἰς
2384 3211 2503 3282 γῆν
2527 3212 2864 3284 ἀπελεύσῃ.
2890 3214 3016 3278 Πῶς
3041 3213 3096 3267 δὲ
3125 3214 3218 3267 καὶ
3245 3216 3637 3281 Πρωτότοκος

2043 3303 2248 3373 πάσης
2282 3304 2391 3374 τῆς
2423 3307 2678 3373 κτίσεως
2703 3307 3113 3379 νομισθήσεται,
3142 3307 3172 3358 ὁ
3203 3306 3342 3377 μετά
3384 3305 3484 3377 τὴν
3521 3306 3638 3377 γῆν

2044 3397 2139 3450 καὶ
2168 3397 2229 3450 τὸ
2267 3397 2553 3471 στερέωμα
2581 3398 3159 3469 πηλοπλαστούμενος;
3186 3397 3310 3461 Πῶς
3338 3398 3396 3451 δὲ
3439 3400 3536 3452 καὶ
3569 3398 3639 3454 τ’)

2046 3484 2202 3552 ξύλον
2231 3488 2333 3558 τῆς
2375 3488 2520 3558 ζωῆς
2550 3487 2714 3551 αὐτὸς
2750 3484 2889 3540 εἶναι
2930 3485 3435 3559 συγχωρηθήσεται,
3477 3487 3505 3538 ὁ
3539 3487 3638 3540 ὲκ·-

2046 3577 2372 3650 6αλλόμενος
2408 3579 2497 3633 διά
2530 3580 2629 3651 τὴν
2666 3578 3009 3650 παράϐασιν,
3054 3579 3140 3631 ἴνα
3183 3577 3288 3649 μὴ,
3329 3576 3491 3630 πάλιν
3532 3579 3635 3631 ὲκ-

2043 3670 2224 3735 τείνας
2252 3670 2353 3734 τὴν
2392 3673 2549 3742 χεῖρα
2582 3671 2677 3724 καὶ
2708 3669 2900 3741 φαγὼν
2933 3671 3026 3724 ἀπ’
3058 3669 3243 3733 αὐτοῦ,
3289 3670 3517 3741 ζήσεται
3552 3671 3637 3734 εἰς

2045 3760 2138 3814 τὸν
2179 3760 2385 3826 αἰῶνα;
2419 3767 2437 3785 ‘
2466 3761 2539 3814 Τὸ
2576 3761 2686 3833 γὰρ
2717 3760 3148 3834 ἀπεικαζὸμενον
3182 3760 3373 3832 ἐκείνῳ
3393 3754 3454 3814 οὗ
3482 3764 3637 3817 ἐστιν

2043 3852 2402 3924 ἀπείκασμα,
2465 3853 2782 3924 ὁμοιοῦσθαι
2840 3855 2935 3908 καὶ
2988 3852 3429 3926 παραϐάλλεσθαι
3484 3853 3637 3909 κατὰ

2043 3945 2213 3999 πολλὰ
2233 3945 2361 4017 χρὴ,
2392 3944 2527 3999 ἀλλὰ
2561 3947 2636 4017 μὴ
2680 3949 2745 4001 ὲκ
2776 3947 2885 4001 τῶν
2924 3948 3184 4002 ἐναντίων
3217 3948 3312 4000 καὶ
3344 3948 3636 4002 ἀνοικείων

2042 4038 2142 4111 τὴν
2172 4039 2431 4092 σύστασιν
2462 4036 2626 4109 ἔχειν.
2660 4038 2735 4091 Ού
2774 4036 2884 4108 γὰρ
2914 4037 2981 4091 ἂν
3009 4037 3068 4090 τὸ
3096 4037 3279 4091 ἄνισον
3310 4035 3389 4107 τῷ
3430 4036 3631 4108 ἀρτίῳ,

2041 4131 2075 4201 ἢ
2099 4131 2198 4202 τὴν
2227 4129 2494 4201 ἁρμονίαν
2519 4132 2584 4200 τῇ
2618 4129 2963 4201 ἀναρμοστία
2992 4146 3074 4193 τις
3109 4126 3353 4192 ἐξισάσαι
3388 4127 3631 4197 τολμῶν,

2042 4222 2118 4286 ὼς
2148 4222 2372 4294 ἔμφρων
2410 4220 2864 4292 ἀποδεχθήσεταιο
2914 4219 3049 4274 ἀλλά
3084 4219 3146 4273 τὸ
3187 4219 3299 4273 ἴσον
3343 4218 3421 4290 τῷ
3463 4219 3633 4287 φύσει

2045 4311 2165 4384 ἴσῳ,
2197 4313 2300 4367 κᾶν
2332 4311 2392 4378 ἐξ
2435 4312 2616 4381 ὀλίγου
2661 4313 2773 4365 ἴσον
2803 4310 2859 4383 ᾗ,
2882 4312 2976 4365 καὶ⁵
3018 4311 3079 4364 τὸ
3120 4310 3311 4364 λευκὸν
3344 4309 3423 4380 τῷ
3466 4311 3633 4380 φύσει

347 4401 546 4455 merito
578 4411 928 4472 comparetur
952 4443 967 4467 ,
1028 4404 1133 4459 etsi
1174 4404 1354 4460 solum
1388 4404 1605 4459 modico
1658 4419 1757 4475 par
1785 4405 1937 4459 exsi-

2050 4404 2237 4476 λευκῷ,
2270 4405 2372 4459 κᾶν
2404 4405 2535 4460 αὐτὸ
2576 4403 2911 4476 βραχύτατον
3021 4402 3114 4457 καὶ
3151 4404 3386 4474 μετρίως
3423 4403 3633 4474 φαντάο

347 4498 490 4559 stat;
528 4492 822 4563 albumque
850 4494 976 4549 albo
1005 4502 1224 4560 natura,
1246 4495 1349 4551 etsi
1375 4495 1807 4551 minutissimum
1840 4496 1935 4561 sit,

347 4581 606 4652 illiusque
631 4584 903 4640 albedinis
940 4602 1163 4642 sensum
1221 4588 1437 4642 modice
1470 4586 1706 4651 referat,
1740 4594 1935 4656 quate-

346 4688 455 4729 nus
481 4675 658 4743 ipsum
698 4690 917 4747 quoque
945 4677 1129 4732 album
1175 4676 1383 4731 audiat.
1440 4675 1560 4732 Jam
1595 4692 1693 4749 par
1721 4685 1775 4733 et
1803 4678 1935 4732 har-

347 4767 626 4822 monicum
655 4776 710 4824 et
743 4768 984 4826 candore
1019 4771 1368 4843 splendidum
1418 4772 1633 4827 cunctis
1661 4772 1821 4844 plane
1849 4772 1934 4828 ci-

2044 4497 2192 4561 ζοιτο
2224 4496 2323 4568 τὴν
2373 4496 2674 4566 λευκότητα
2729 4495 2975 4557 ἐκείνου,
3010 4494 3076 4547 δι’
3133 4494 3199 4565 ἣν
3240 4494 3305 4566 δὴ
3352 4494 3445 4547 καὶ
3494 4493 3636 4550 αὐτὸ

2043 4590 2262 4658 λέγεται
2294 4588 2505 4643 λευκόν.
2544 4590 2686 4641 Ἴσον
2711 4587 2766 4641 δὲ
2802 4588 2896 4640 καὶ
2932 4586 3190 4657 ἁρμόνιον
3227 4588 3319 4640 καὶ
3352 4587 3629 4661 λαμπρὸν,

2042 4680 2105 4734 τὸ
2131 4679 2519 4751 ἀναμάρτητον
2565 4673 2705 4732 εἶναι
2742 4677 2837 4731 καὶ
2878 4676 3201 4748 ἀδιάφθορον
3235 4677 3634 4746 ἀνενδοιάστως

2044 4771 2207 4826 παντί
2238 4787 2341 4824 που
2382 4771 2574 4840 σαφὲς,
2602 4769 2699 4841 τὴν
2740 4768 2928 4838 σοφίαν
2952 4766 3096 4840 (41)·
3140 4767 3397 4839 ἀνάρτιον
3436 4768 3495 4822 δὲ
3533 4770 3631 4824 καὶ

420 4920 464 4952 ³⁸
505 4918 632 4975 Gen.
666 4937 746 4987 ιιι,
772 4922 859 4979 1‘}.
934 4924 978 4957 ³⁸
1002 4924 1210 4981 Coloss.
1245 4941 1285 4991 ι,
1328 4924 1417 4983 15.
1483 4926 1529 4959 ⁵ο
1563 4924 1727 4996 Apoc.
1772 4941 1834 4993 ιι,
1877 4926 1928 4980 7.

2086 4924 2216 4982 Gen.
2260 4940 2343 4993 ιιι,
2384 4923 2474 4979 22.

422 5090 534 5168 (ᾁο)
566 5094 637 5168 El
690 5092 882 5168 ᾎδάμ.
932 5094 1167 5168 Allatius
1212 5096 1582 5168 parenthesim
1607 5096 1935 5168 interponit.

348 5161 647 5236 Einogjydp
688 5161 1135 5236 ἀντιπαραθεῖναί
1174 5161 1328 5231 τίνας
1364 5166 1551 5222 ἄλλοτε
1584 5161 1787 5230 ἄλλο›ς’⁶
1822 5168 1941 5233 πῶς

345 5232 376 5285 ὁ
417 5232 625 5302 Ἀδάμ,
654 5249 776 5304 qua:
808 5232 931 5290 aliis
966 5236 1429 5304 desiderantibus,
1483 5254 1592 5292 non
1639 5232 1940 5293 admodum

346 5304 659 5380 necessaria
677 5304 815 5380 _mihi
839 5307 958 5380 visa
980 5315 1065 5361 est
1081 5327 1102 5380 _:
1119 5315 1188 5380 iet
1214 5307 1353 5364 forte
1383 5308 1630 5363 seholion
1664 5311 1757 5380 sit,
1792 5309 1942 5380 quod

346 5371 415 5451 in
440 5380 645 5451 textum
659 5375 958 5451 _irrepserit
989 5395 1002 5431 :
1039 5378 1130 5451 ubi
1162 5378 1396 5451 Allatius
1425 5371 1834 5451 ἁντιπροθείναί
1864 5380 1941 5451 le-

344 5444 444 5513 git,
486 5443 849 5514 reddiditquc,
883 5443 1008 5500 Non
1035 5449 1176 5501 enim
1204 5448 1414 5504 dedecet
1447 5443 1606 5504 alias'
1633 5450 1740 5505 alio
1784 5449 1941 5505 modo

343 5523 396 5588 e_t
424 5523 652 5582 tempore
674 5515 1125 5573 considerationes
1153 5521 1500 5588 interponere.
1527 5520 1709 5575 Malim
1732 5529 1937 5584 tamen,

345 5582 461 5637 Par
492 5587 633 5640 enim
661 5599 738 5641 est
769 5588 1030 5658 quosdam
1074 5590 1212 5644 alia:
1257 5582 1415 5645 aliter
1462 5592 1601 5645 inter
1633 5609 1689 5647 se
1727 5582 1943 5660 compo-
1976 5632 1979 5634 -

345 5669 487 5727 nere,
537 5673 632 5711 seu
684 5672 1039 5727 comparare;
1079 5660 1133 5713 id
1175 5668 1278 5726 est,
1333 5662 1639 5716 secundum
1688 5663 1851 5716 aliam
1886 5669 1943 5717 et

348 5726 513 5778 aliam
545 5726 823 5800 rationem
844 5745 943 5797 pro
973 5731 1092 5783 loco
1122 5740 1177 5784 et.
1202 5740 1462 5799 tempore,
1494 5732 1769 5800 quomodo
1798 5732 1941 5786 idem

354 5807 499 5866 saepe
541 5798 837 5854 contrariis
879 5808 1248 5869 comparatur,
1299 5798 1360 5855 ut
1401 5798 1548 5872 quod
1589 5810 1644 5857 et
1683 5801 1941 5859 Christus

2046 5097 2132 5169 leo
2172 5095 2394 5169 dicitur,
2425 5100 2499 5169 _et
2537 5091 2786 5148 diabolus
2815 5106 2829 5143 :
2862 5089 3051 5161 sicque
3093 5088 3256 5169 fuerit
3301 5087 3446 5169 istud
3476 5104 3628 5169 ,προΤ

2045 5166 2333 5239 διόρθωσις
2373 5165 2443 5239 ad
2493 5159 3313 5239 sequentem-comparationem
3361 5159 3544 5239 primi
3572 5165 3630 5212 et

2048 5229 2273 5294 secundi
2309 5229 2500 5298 Adam,
2546 5229 2599 5287 in
2644 5248 2751 5302 qua
2793 5229 3096 5286 Methodius
3136 5245 3245 5284 non
3278 5230 3504 5283 omnino
3538 5242 3629 5281 re-

2048 5319 2195 5364 ctum
2225 5306 2480 5379 servavit.
2509 5303 2798 5379 conserta,
2831 5371 2845 5379 _
3047 5370 3081 5379 __
3105 5369 3117 5379 _
3180 5370 3212 5379 __
3248 5378 3255 5379 γ
3476 5369 3503 5379 ,.
3586 5369 3597 5379 .

2121 5378 2232 5449 (41)
2269 5376 2386 5444 Τὴν
2430 5376 2673 5449 σοφίαν.
2702 5371 2968 5449 _Hiulcam
3016 5369 3118 5425 sibi
3180 5370 3428 5449 litteram
3473 5369 3630 5438 tingit

2049 5441 2341 5521 Possinius
2362 5441 2675 5521 redditque,
2696 5445 2749 5521 in
2773 5442 3012 5511 confesso
3031 5450 3111 5521 est
3143 5444 3281 5521 apud
3309 5441 3572 5521 sapientes
3604 5452 3626 5492 :

2048 5535 2173 5573 cum
2200 5518 2328 5574 velit
2362 5508 2690 5590 Methodius,
2723 5508 2896 5590 ipsam
2928 5511 3344 5590 sapientiamrro
3372 5508 3626 5590 ἀναμάρ-

2045 5605 2209 5661 τητον
2233 5603 2376 5661 esse,
2401 5587 2545 5661 quod
2580 5585 2659 5661 alg‘
2676 5584 3069 5661 enmiimmune
3095 5589 3304 5661 peccato
3330 5584 3627 5661 esthcujus

2049 5648 2180 5716 sunt
2209 5667 2264 5731 et
2294 5648 2596 5731 alite-dotes
2628 5656 2699 5709 ibi
2713 5655 3030 5731 assignate,
3061 5651 3351 5731 contraria:
3376 5648 3624 5731 illiquod

2050 5729 2280 5784 mortale
2316 5736 2370 5782 et
2412 5730 2636 5802 peccato
2676 5724 2968 5802 obnoxium
3012 5728 3113 5782 est,
3155 5721 3464 5802 cujusqui
3494 5726 3627 5802 sunt

2050 5800 2261 5872 primus
2291 5806 2344 5855 et
2368 5791 2643 5854 secundus
2672 5793 2862 5862 Adam,
2894 5793 3035 5850 inter
3054 5805 3193 5862 quos
3220 5791 3450 5860 proinda
3475 5791 3625 5845 nullo
