3866 6160
240 288 312 349 C3
1310 287 1694 347 CONVIVIUM
1737 287 1973 345 DECEM
2012 290 2380 350 VIRGINUM.
3459 304 3535 361 66

238 406 570 480 ἀναρμόνιον
592 409 653 464 τὸ
682 408 879 481 θνητὸν
914 409 1010 465 καὶ
1038 410 1386 483 ἁμαρτωλὸν,
1417 411 1513 466 καὶ
1539 409 1626 465 διὰ
1665 408 1807 464 κατά

1936 418 2021 466 tra
2050 427 2268 467 onmem
2305 412 2718 484 ambiguitatem
2741 414 3029 483 habeatur,
3061 420 3208 491 quod
3240 436 3272 477 a
3304 429 3535 493 peccato

239 515 445 571 γνωσιν
475 502 737 574 ὲκόληθὲν
761 505 857 558 καὶ
878 503 990 558 ἀπὸ
1010 504 1308 576 καταδίκην
1337 503 1616 575 ὲληλυθός.

1940 518 2004 557 ae
2031 504 2259 557 interitu
2291 504 2533 560 immune
2565 505 2806 571 exsistit,
2842 523 3038 580 nempe
3073 509 3391 582 Sapientia;
3428 513 3534 567 im-

244 607 348 663 par
394 610 527 649 vero
578 605 634 651 et
688 596 1131 653 inharmonicum
1170 608 1334 669 atque
1384 599 1831 664 dissentaneum,
1865 597 2011 669 quod
2066 597 2298 654 mortale
2352 606 2408 654 et
2461 607 2691 670 peccato
2714 601 3013 659 obnoxium
3045 619 3110 660 ac
3132 605 3290 677 quasi
3335 613 3531 677 repro‘

240 687 378 745 hum
410 680 644 761 ejectum
678 708 964 765 pmnaeque
984 694 1261 750 addictum
1290 703 1395 753 est.

421 834 553 892 Car.
588 837 681 894 Π.
712 838 989 895 Nonnulla
1013 840 1095 896 hic
1122 841 1261 897 dura
1293 853 1344 898 et
1373 844 1669 915 simplicius
1710 841 1877 898 dicta.
1905 856 1998 897 nec
2035 838 2172 893 satis
2202 852 2267 891 ea:
2304 836 2576 908 theologia:
2600 854 2787 893 norma
2821 840 3035 909 prolata
3070 841 3343 902 videntur.

311 945 396 998 Τὰ
422 946 522 1017 μὲν
547 944 640 1003 οὖν
666 949 732 1020 δὴ
762 952 901 1023 πρὸς
928 952 1036 1006 τῶν
1067 953 1279 1008 πολλῶν
1305 955 1826 1028 ἁντισφαιριζόμενα

241 1036 430 1109 σχεδὸν
454 1035 593 1093 εἶναι
621 1041 846 1096 τοιαῦτα
882 1043 945 1116 δὴ
967 1045 1191 1116 νομίζω,
1227 1048 1343 1102 ὅσοι
1369 1046 1433 1119 δὴ
1471 1048 1544 1120 μὴ
1580 1047 1826 1102 θέλουσιν

240 1130 324 1194 εἰς
390 1132 627 1203 Χριστὸν
675 1135 1043 1207 ἀναφέρεσθαι
1085 1139 1180 1192 τὸν
1250 1139 1466 1213 πρῶτον
1516 1140 1823 1213 ἄνθρωπον,

240 1224 710 1295 καταφρονοῦντες
759 1228 861 1298 τῆς
900 1230 1196 1297 συνέσεως,
1244 1231 1321 1296 ὼς
1361 1232 1536 1297 εἰκὸς,
1587 1232 1822 1287 Παύλου.

241 1315 384 1385 Φέρε
412 1318 525 1390 γὰρ
555 1320 717 1390 ἡμεῖς
741 1320 1188 1393 ἐπισκεψώμεθα,
1222 1323 1340 1389 πῶς
1376 1324 1671 1397 ὀρθοδόξως
1694 1327 1829 1397 ἀνή-

240 1422 385 1476 γαγε
427 1407 522 1461 τὸν
576 1410 747 1482 assa
784 1413 867 1472 εις
911 1412 1002 1466 τὸν
1046 1414 1314 1486 Χριστὸν,
1344 1416 1406 1469 οὺ
1449 1416 1609 1486 μόνον
1653 1416 1828 1471 τύπον

235 1501 400 1556 αὐτὸν
444 1503 748 1574 ἡγούμενος
797 1500 938 1560 εἶναι
976 1506 1071 1561 καὶ
1109 1506 1291 1561 εἰκόνα
1310 1547 1324 1570 ,
1371 1508 1507 1562 ἀλλὰ
1552 1511 1645 1564 καὶ¹
1693 1510 1826 1564 αὐτὸ

235 1594 396 1649 τοῦτο
424 1597 658 1669 Χριστὸν
688 1599 783 1653 καὶ
821 1599 984 1653 αὐτὸν
1015 1601 1300 1669 γεγονέναι
1328 1601 1463 1673 (42),
1498 1602 1589 1657 διὰ
1628 1602 1691 1657 τὸ
1729 1603 1821 1657 τὸν

236 1687 346 1757 πρὸ
367 1686 582 1742 αἰώνων
609 1690 690 1753 εἰς
716 1691 881 1744 αὐτὸν
908 1692 1328 1763 ἐγκατασκῆψαι
1351 1694 1543 1763 Λόγον.
1572 1694 1821 1767 ’Ἥρμοζε

2001 950 2130 1006 11αό
2182 949 2295 1006 fere
2335 965 2462 1007 esse
2510 950 2766 1007 existimo
2798 969 2920 1024 qua:
2948 955 3018 1011 ab
3046 958 3127 1014 eis
3182 961 3346 1033 vulgo
3376 964 3531 1037 obje-

1932 1051 2176 1106 ctantur,
2211 1041 2307 1113 qui
2345 1048 2528 1111 spreta
2550 1082 2566 1108 ,
2609 1048 2670 1095 ut
2701 1054 2947 1114 apparet,
2983 1045 3140 1103 Pauli
3187 1052 3482 1121 prudentia
3504 1095 3522 1123 ,

1929 1137 2165 1207 primum
2189 1133 2474 1189 hominum
2509 1134 2575 1188 ad
2604 1132 2885 1190 Christum
2919 1148 3120 1208 negant
3175 1142 3386 1199 referri.
3409 1146 3526 1219 Age

1928 1243 2083 1293 vero,
2105 1242 2207 1282 nos
2239 1241 2458 1297 quoque
2493 1225 2930 1292 consideremus,
2965 1244 3128 1298 quam
3170 1232 3218 1289 is
3252 1249 3401 1292 recto
3432 1252 3525 1292 sa-

1928 1336 2111 1391 noque
2144 1335 2311 1375 sensu
2341 1318 2608 1373 Adamum
2641 1318 2708 1373 ad
2735 1318 3016 1375 Christum
3069 1326 3352 1397 retulerit;
3409 1346 3522 1386 non

1928 1410 2035 1465 hoc
2068 1411 2276 1475 solum,
2313 1408 2457 1480 quod
2509 1408 2776 1465 Adamum
2810 1409 3017 1466 Christi
3050 1414 3282 1484 ligurain
3325 1434 3390 1474 ac
3444 1423 3522 1478 si-

1928 1503 2234 1558 mulacrum
2262 1501 2433 1557 fuisse
2469 1504 2777 1568 censuerit,
2812 1503 2909 1559 sed
2934 1506 3081 1575 quod
3111 1508 3275 1563 etiam
3304 1511 3407 1568 hoc
3439 1514 3522 1586 ip-

1928 1609 2073 1658 sum,
2104 1593 2355 1649 eumdem
2390 1594 2569 1665 ipsum
2600 1593 2880 1649 Christum
2913 1598 3191 1655 exstitisse
3230 1603 3517 1663 existima-

1926 1688 2087 1750 verit,
2127 1686 2335 1740 idcirco
2364 1686 2622 1741 nimirum
2663 1686 2811 1757 quod
2841 1685 3078 1743 Verbum
3111 1694 3255 1762 quod
3286 1706 3369 1751 est
3389 1707 3520 1756 ante

235 1776 350 1848 γὰρ
373 1777 437 1830 τὸ
465 1778 811 1851 πρωτόγονον
835 1781 928 1835 τοῦ
966 1781 1103 1835 Θεοῦ
1140 1783 1249 1855 (45)
1296 1784 1393 1838 καὶ
1434 1764 1662 1856 πρῶτον*
1688 1764 1807 1856 βλά-

1923 1778 2148 1844 saacula,
2181 1778 2233 1832 in
2259 1778 2413 1832 illum
2453 1778 2602 1835 venit
2628 1794 2798 1850 seque
2828 1779 2904 1833 illi
2936 1782 3243 1840 coniunxit.
3277 1786 3519 1847 llecebat

232 1979 483 2043 videatur
504 1980 839 2039 admittenda
866 1984 1223 2055 comparatio.
1250 1984 1376 2043 Haec
1399 1988 1544 2043 enim
1576 1988 1715 2043 ratio
1735 1997 1820 2047 est

232 2067 458 2129 eorum,
480 2067 620 2121 quos
645 2054 762 2129 ipse
794 2054 1040 2129 confutat
1073 2075 1087 2111 :
1124 2064 1317 2129 estque
1354 2059 1532 2114 simile
1562 2061 1640 2114 illi
1671 2060 1820 2129 Apo-

230 2123 382 2198 stoli,
577 2125 815 2198 societas
844 2126 964 2198 luci
986 2128 1055 2180 ad
1094 2123 1378 2185 tenebras?
1403 2146 1521 2198 quos
1545 2123 1818 2185 conventio

232 2193 438 2266 Christi
470 2194 538 2266 ad
566 2193 779 2266 Belial?
808 2196 894 2263 (Il
924 2195 1049 2250 Cor.
1082 2213 1157 2259 vi,
1195 2200 1305 2266 15),
1344 2193 1489 2254 ineo
1516 2202 1729 2256 scilicet
1763 2203 1816 2256 in

228 2280 344 2338 quo
372 2264 447 2316 ita
481 2264 773 2333 dissident,
803 2274 859 2340 et
890 2268 1032 2340 quod
1074 2268 1184 2323 illis
1231 2264 1547 2325 nominibus
1590 2272 1818 2340 praecise

226 2340 581 2410 importatur,
618 2351 741 2410 cum
777 2338 979 2408 alioqui
1013 2354 1103 2395 res
1131 2341 1281 2410 ipsas
1314 2342 1369 2394 in
1401 2338 1818 2410 aliquo—conve-

224 2406 513 2477 nireAnihil
540 2406 820 2477 impediat.
855 2406 1143 2463 (tenueris.

296 2474 414 2554 (ιβ)
446 2476 603 2529 Αὐτὸ
622 2474 808 2554 ’τοῦτο
836 2479 1452 2554 Χριστόνξτεγονέιξαι.
1483 2479 1601 2554 Non
1624 2482 1816 2537 viden-

225 2545 469 2620 tuﬁhiee
499 2561 633 2620 sane
661 2548 830 2620 dicta.
878 2545 1417 2620 Possinii'ex'positio
1452 2553 1540 2620 pia
1578 2564 1683 2620 est,
1717 2555 1815 2610 sed

223 2615 491 2679 violenta.
531 2615 701 2672 Plane
736 2619 880 2693 enim
914 2615 1543 2690 distinguit-Methodius
1576 2615 1812 2693 primum

223 2696 593 2763 Adamumac
627 2690 949 2763 secundum,
979 2693 1201 2762 vultque
1230 2702 1522 2763 utrumque
1548 2690 1723 2763 ipsum
1754 2711 1816 2751 re

223 2765 347 2835 ipsa
384 2756 668 2835 Christum
704 2762 1003 2835 exstitisse,
1038 2756 1350 2835 incessente
1380 2756 1651 2819 verbo-ac
1688 2767 1813 2820 illa-

221 2828 418 2892 ]ienie;
448 2828 648 2904 primo,
676 2844 744 2884 ex
775 2839 923 2904 terra
943 2833 1180 2904 virgine;
1204 2842 1432 2903 tumque
1451 2835 1630 2898 alteri,
1656 2846 1814 2892 utero

220 2898 499 2977 virginali.
518 2898 753 2953 lormato
778 2920 791 2956 :
826 2898 1054 2977 ratione'
1069 2898 1233 2977 etiam
1265 2898 1509 2977 ﬁrmans,
1533 2905 1677 2975 quod
1701 2911 1817 2976 pri-

220 2966 375 3031 ιυυῖιι
408 2966 501 3045 Dei
526 2984 749 3045 germen
770 2979 824 3026 et
851 2972 1057 3045 primus
1082 2966 1566 3045 archangelorum;
1583 2966 1813 3045 primum

219 3047 326 3130 τῇς
363 3037 807 3130 ᾁνξρῴπότητρς,
849 3037 1075 3126 immani
1100 3037 1325 3115 generis,
1355 3053 1425 3130 ut.
1448 3037 1702 3130 Allatius,
1728 3051 1812 3104 vel

219 3107 333 3171 τῶὺ
359 3107 688 3191 ᾲγελρῴπων,
719 3111 1009 3191 hominum,
1042 3107 1613 3191 incessere'_dehuerit,
1647 3107 1812 3191 pura-

218 3204 332 3258 que
359 3184 649 3258 diyiiiitale
690 3190 922 3253 uterque
964 3184 1339 3258 ipsumquod
1384 3196 1469 3242 est
1503 3203 1627 3258 esse
1647 3184 1812 3244 Chri-

219 3250 366 3324 gms,
407 3250 578 3326 fuerit
605 3270 618 3305 :
650 3268 771 3326 qua:
820 3250 1001 3310 voces
1031 3250 1229 3326 partim
1288 3255 1529 3311 Arianici
1581 3258 1810 3317 furfuris

219 3320 618 3400 sunt',_partini
661 3320 993 3400 Nestor-iani.
1028 3320 1183 3400 Quod
1210 3328 1422 3397 primus
1455 3328 1812 3400 archangelo-

217 3391 613 3468 mm'd'Aéyo;
643 3403 697 3448 et
727 3392 1028 3468 Sapientia,
1053 3391 1160 3468 'qui
1189 3391 1243 3451 in
1271 3400 1507 3468 primum
1537 3391 1807 3456 Adai'num

216 3464 860 3539 immeaverit,‘tumque
908 3467 963 3521 in
1008 3464 1331 3532 secundum,
1389 3470 1571 3539 sitque
1626 3472 1679 3526 in
1727 3472 1809 3528 eis

254 3542 455 3606 rimus,
492 3534 570 3585 uti
599 3532 841 3592 Adaufus
874 3539 1082 3606 primus
1112 3547 1197 3595 est
1233 3539 1284 3592 in
1322 3532 1636 3596 hominibus
1665 3542 1807 3597 intra

241 3613 421 3665 ineam
459 3611 796 3677 citatorum.
840 3611 1131 3677 quantavis
1171 3610 1516 3674 excellentia,
1554 3613 1804 3667 eumdem

217 3681 390 3750 Λόγον
429 3675 607 3749 ponit,
650 3678 742 3800 qui
787 3675 903 3758 ipse
949 3695 1091 3762 unus
1123 3680 1442 3749 angelorum
1488 3681 1580 3747 sit,
1630 3690 1689 3736 ut
1721 3690 1808 3738 est

218 3752 467 3800 Adamus
494 3761 643 3800 unus
690 3763 975 3800 nominum-
1008 3751 1174 3800 idaue
1201 3765 1310 3800 nua
1343 3750 1535 3800 Λόγος.
1568 3767 1676 3800 non
1698 3768 1803 3800 mm

218 3749 467 3806 Adamus
494 3761 643 3823 unus
670 3749 981 3823 hominum,
1008 3751 1174 3821 idque
1201 3765 1310 3820 qua
1343 3750 1535 3819 Λόγος,
1567 3767 1676 3807 non
1698 3768 1805 3823 qua

216 3823 470 3896 angelus,
501 3816 588 3877 vel
614 3816 816 3896 homo;
842 3821 986 3896 quod
1019 3816 1289 3896 nusquam
1329 3816 1555 3896 angelus
1582 3816 1806 3896 exstite-

219 3890 320 3957 rit:
352 3907 414 3947 ut
447 3909 548 3947 nec
585 3890 830 3957 angelos,
875 3892 971 3945 sed
1005 3890 1189 3947 semen
1223 3890 1474 3957 Abrahae,
1506 3890 1675 3947 Paulo
1708 3909 1806 3947 au-

219 3978 391 4030 ctore,
422 3958 811 4033 apprehendit.
836 3961 891 4016 ld
913 3978 1041 4017 vero
1067 3979 1236 4033 purus
1262 3971 1433 4033 putus
1456 3964 1803 4019 Arianismus

219 4045 327 4101 est;
358 4031 472 4105 quo
504 4036 660 4093 dato,
699 4031 838 4086 nihil
871 4048 978 4087 non
998 4031 1383 4105 concedebant
1406 4032 1708 4105 Catholicis
1733 4035 1802 4090 ad

218 4104 504 4161 titulorum
534 4105 747 4160 fumum
776 4110 831 4157 et
857 4104 1228 4171 excellentias,
1261 4106 1461 4174 quibus
1495 4104 1687 4173 Λόγον,
1722 4107 1803 4161 sic

220 4190 249 4248 β
278 4175 370 4232 Dei
394 4179 515 4248 ipsa
547 4184 744 4231 natura
771 4181 836 4248 _et
862 4174 1052 4248 οὐσζας
1079 4182 1421 4248 extraneum,
1454 4174 1802 4246 primumque

219 4246 274 4301 in
320 4243 637 4302 creatorum
668 4243 821 4317 serie
864 4252 920 4317 et
965 4243 1485 4317 intelligentiarum',
1532 4261 1802 4317 exornare

216 4320 437 4381 vellent,
462 4320 628 4373 etiam
660 4316 830 4370 Deum
862 4315 1112 4382 dicendo,
1147 4314 1242 4373 sed
1270 4314 1594 4387 ὁμωνύμως,
1630 4315 1798 4371 Deum

219 4387 424 4445 factitie
454 4398 510 4444 et
538 4389 704 4454 Θέσει,
750 4400 859 4440 non
890 4398 1085 4442 natura
1120 4388 1239 4457 ipsa
1279 4387 1502 4443 deitatis
1545 4388 1799 4457 entisque

217 4472 249 4512 ε
275 4474 335 4515 se
372 4461 696 4526 necessarii,
731 4462 786 4509 et
829 4473 939 4526 qua
986 4473 1177 4521 unum,
1232 4472 1355 4512 una‘
1387 4457 1695 4513 substantia
1743 4463 1799 4511 et

218 4531 413 4592 virtus,
443 4543 571 4585 cum
603 4529 713 4585 Deo
734 4534 789 4581 et
809 4527 971 4582 Patre
995 4530 1087 4585 sit.
1112 4528 1314 4583 Eodem
1339 4544 1505 4583 sensu
1537 4527 1798 4582 Arianieo

217 4597 491 4672 Eusebius
524 4601 728 4669 passim
764 4598 1225 4672 ἀρχιστράτηγον,
1254 4599 1540 4672 principem
1573 4598 1800 4653 ccclestis

218 4669 428 4725 militia:
478 4679 639 4726 vocat
670 4690 684 4726 :
717 4669 879 4741 quam
914 4669 980 4723 in’
1010 4669 1298 4725 eo'vocem
1339 4670 1713 4740 perstringunt
1744 4671 1799 4724 in

217 4743 340 4796 cod.
381 4742 599 4798 cardiu.
646 4741 848 4796 Mazar.
895 4741 1128 4811 aliisque
1159 4741 1487 4802 scholiastre,
1519 4741 1801 4810 magisque

214 4811 269 4865 in
304 4812 645 4874 Mieliaelein,
694 4824 854 4883 quam
906 4811 962 4865 in
1013 4814 1192 4883 ipsum
1225 4813 1416 4881 Λόγον,
1456 4824 1563 4881 qua
1603 4811 1796 4883 Λόγος,

214 4884 491 4951 quadret:
525 4882 838 4954 quanquam
886 4883 977 4936 illa
1031 4882 1155 4954 ipsa
1192 4883 1464 4937 dillicilius
1511 4882 1800 4954 trahantur

217 4954 281 5006 ad
308 4970 507 5008 sanum
540 4952 785 5018 sensum,
820 4954 963 5023 quod
996 4952 1068 5007 ita
1109 4952 1413 5009 Methodius
1447 4952 1677 5020 primum
1710 4966 1800 5005 ar-

216 5023 606 5095 changelorum
633 5025 836 5093 posuit,
868 5023 1117 5094 analogia
1159 5025 1225 5078 ad
1254 5024 1521 5077 Adamum
1560 5024 1796 5095 primum

219 5093 501 5149 hominum
548 5112 559 5148 :
599 5096 902 5164 vellemque
940 5093 1324 5148 vel’Allatium
1377 5095 1466 5148 hic
1514 5093 1799 5148 medicina:

219 5165 423 5235 aliquid
454 5165 655 5220 fecisse
683 5164 977 5235 aperiendo
1014 5164 1277 5219 Methodii
1317 5179 1538 5219 sensum
1566 5164 1800 5217 catholi-

219 5234 364 5295 cum,
394 5236 481 5290 vel
510 5236 677 5290 etiam
717 5234 1049 5298 Possinium,
1085 5236 1181 5305 qui
1221 5242 1275 5290 et
1301 5235 1418 5303 ipse
1447 5234 1796 5301 dissimulat;

219 5306 506 5377 solumque
521 5314 767 5377 excusat
796 5312 958 5374 caput
986 5305 1086 5376 τῆς
1115 5306 1423 5377 οἰκονομίας
1452 5323 1470 5377 :_
1497 5311 1556 5377 ut
1583 5305 1799 5359 dicatur

219 5374 433 5446 primus
452 5375 630 5429 Adam
660 5375 779 5446 ipse
802 5391 862 5431 re
888 5377 1005 5445 ipsa
1028 5374 1311 5439 Christus,
1328 5375 1472 5446 quod
1496 5374 1612 5444 ipse
1634 5390 1796 5430 verus

220 5444 489 5517 Christus,
530 5463 597 5501 ex
640 5444 708 5517 ei}
750 5444 925 5501 carne
957 5457 1197 5517 sumpta,
1244 5444 1520 5502 secundus
1552 5445 1796 5499 Adamus

221 5514 377 5587 homo
416 5518 599 5572 factus
627 5516 729 5582 sit;
762 5525 818 5572 et
848 5518 1003 5587 quasi
1033 5514 1150 5587 ipse
1176 5518 1289 5586 jam
1321 5517 1501 5585 aliqua
1531 5517 1615 5570 sui
1642 5525 1795 5585 parte

219 5583 465 5643 Christus
487 5588 765 5642 exstiterit
792 5606 806 5641 :
838 5583 981 5657 quod
1009 5583 1474 5657 quam'remotum
1507 5588 1597 5649 sit,
1634 5583 1793 5641 nemo

219 5668 321 5712 non
344 5660 514 5723 videt,
552 5668 819 5727 extraque
847 5667 1084 5712 mentem
1116 5657 1407 5722 Methodii,
1443 5658 1534 5727 qui
1567 5658 1657 5710 τὸν
1687 5658 1791 5710 Λό-

216 5738 325 5799 γον,
368 5728 829 5799 archangelorum
867 5729 1177 5798 primatem,
1222 5728 1461 5799 primum
1512 5727 1791 5781 hominem

212 5795 479 5857 incessere
503 5795 767 5856 debuisse
796 5795 1153 5871 congruentia
1178 5795 1445 5865 assumat,
1475 5799 1618 5870 quod
1642 5808 1791 5853 uter-

1920 1998 2028 2056 que
2046 1981 2269 2056 primus
2284 1991 2339 2056 et
2366 1988 2529 2056 caput
2564 1980 2648 2035 sui
2680 1980 2908 2056 ordinis.
2939 1982 3205 2056 Quodque
3227 1990 3299 2044 ita
3332 1991 3515 2054 ῑηορε.

1922 2055 2014 2115 sit,
2045 2053 2161 2122 ipse
2187 2052 2249 2106 τὸ
2271 2054 2656 2124 ἀναμάρτητον
2687 2054 2826 2122 (ipsa
2856 2052 3176 2119 innocentia,
3216 2070 3273 2115 ut
3305 2063 3385 2118 sic
3415 2052 3514 2122 vo-

1920 2139 2038 2203 cem
2064 2120 2199 2178 voce
2223 2120 2473 2203 reddam)
2492 2120 2863 2203 asapientia,
2889 2133 2947 2203 ut
2967 2133 3149 2185 tamen
3173 2120 3508 2203 peceaverit,

1920 2192 2205 2273 factusque
2238 2193 2477 2273 tenebrae
2508 2201 2561 2249 et
2600 2194 2864 2273 insipiens
2894 2196 2983 2273 sit,
3013 2206 3144 2264 ctc.,
3173 2192 3515 2273 argumento

1918 2273 2024 2328 est,
2059 2265 2249 2318 horum
2275 2264 2531 2319 unionem
2561 2265 2840 2319 voluntate
2862 2267 3031 2324 tuisse
3058 2279 3111 2324 ct
3136 2264 3511 2334 accidentario

1918 2336 2062 2390 dono
2096 2334 2304 2404 gratiae,
2336 2336 2484 2389 velut
2514 2334 2568 2387 in
2599 2336 2900 2405 prophetis,
2934 2353 3041 2393 non
3071 2352 3263 2397 natura
3292 2354 3345 2397 et
3372 2349 3508 2402 sub-

1918 2406 2143 2470 stantia,
2194 2405 2318 2459 καο’
2353 2405 2671 2487 ὑπόστασιν,
2717 2414 2777 2460 ut
2808 2417 3001 2487 vocant
3037 2418 3208 2487 nostri
3245 2416 3503 2487 thL'QIOgi,

1918 2494 2042 2546 qua:
2072 2491 2296 2558 omnem
2323 2477 2620 2558 potentiam
2652 2477 2913 2558 peccandi
2941 2482 3201 2558 excludit,
3233 2486 3376 2555 quod
3410 2477 3510 2558 ιῖοὲ

1917 2562 2037 2602 eam
2071 2546 2261 2627 Λόγος.
2284 2546 2400 2616 ipse
2447 2546 3058 2627 auctor“operati_ouum
3113 2546 3196 2608 sit
3226 2546 3293 2627 ac
3337 2546 3509 2627 agens

1916 2616 2221 2687 proprium,
2248 2617 2301 2670 in
2326 2626 2517 2672 natura
2540 2632 2702 2685 quam
2720 2616 2789 2673 ea
2812 2619 3013 2675 unione
3034 2637 3188 2677 suam
3218 2616 3506 2686 fecitflloc

1916 2686 2214 2767 discrimen
2239 2694 2461 2767 tangere
2490 2687 2678 2767 debuit
2706 2688 3035 2767 Methedius,
3074 2701 3129 2748 et
3151 2711 3261 2765 quo
3288 2698 3506 2767 ὁμωνύ-

1919 2776 2038 2830 μως
2087 2758 2365 2814 Christum
2415 2758 2752 2829 significaret
2804 2762 3041 2830 primum
3090 2758 3502 2824 ac'secu'ndum

1914 2829 2185 2885 Adamum
2225 2848 2238 2883 :
2275 2843 2435 2884 secus
2482 2843 2630 2892 vero,
2682 2829 2817 2883 non’
2845 2831 2897 2884 in
2939 2832 3249 2891 inccssione
3290 2839 3505 2895 videtur

1915 2900 2211 2974 discrimen
2250 2914 2494 2974 ponere,
2522 2899 2616 2974 sed
2650 2899 2715 2974 in_
2742 2909 2938 2955 natura
2991 2920 3153 2974 quain
3190 2906 3502 2973 incesserit,

1916 2986 1985 3045 ne
2015 2971 2185 3041 priori
2216 2970 2455 3045 similem
2482 2970 2655 3025 labem
2702 2970 3022 3045 incurreret
3054 2978 3314 3045 peculiari
3358 2970 3501 3035 intra

1916 3039 2158 3118 claustra
2206 3039 2493 3118 virginalia
2550 3044 2906 3118 protectione
2945 3039 3175 3118 ejusque
3234 3051 3498 3118 paulatim

1913 3113 2073 3200 quasi
2097 3112 2418 3194 eiuratione;
2440 3112 2584 3179 quod
2607 3112 2736 3200 quid
2753 3114 2907 3200 aliud
2933 3112 3004 3171 sit
3027 3112 3502 3200 quamnprol'ectus

1912 3183 2297 3246 Nestorianus,
2332 3184 2493 3249 cujus
2525 3185 2720 3237 merito
2750 3182 3002 3241 Christus
3042 3182 3135 3242 Dei
3170 3187 3212 3241 F
3218 3182 3346 3247 ilius
3373 3207 3500 3248 eva-

1915 3252 2073 3316 serit,
2118 3268 2182 3306 ac
2218 3266 2557 3321 quaecunque
2593 3252 2661 3309 de
2705 3252 2807 3309 hoc
2839 3256 3057 3313 homine
3089 3259 3221 3314 lidcs
3254 3261 3416 3317 docet
3444 3272 3502 3318 et

1915 3323 2494 3396 Scripturaloquitur,
2523 3322 2758 3396 doceant
2786 3341 2875 3380 ine
2911 3329 3005 3396 qui
3045 3328 3099 3382 in
3130 3329 3497 3391 Methodiauis

1912 3410 2000 3469 me
2022 3393 2354 3469 versatiorcs
2376 3393 2789 3469 videri__vol_un_t,
2822 3393 3082 3469 omnique
3104 3407 3347 3456 veterum
3381 3413 3499 3458 tur-

1911 3465 1980 3520 ba
1999 3505 2013 3529 ,
2043 3464 2136 3535 qui
2165 3465 2250 3520 vel
2281 3464 2516 3519 maxime
2546 3464 2876 3519 Mctliodium
2907 3464 3197 3525 numerant
3231 3472 3373 3527 inter
3400 3488 3496 3531 eos

1910 3534 2103 3615 Patres
2130 3536 2332 3615 quibus
2362 3534 2886 3615 persimplicitatem
2917 3538 3496 3615 obrepscruutaliqua

1910 3622 1941 3660 a
1962 3605 2079 3686 _lide
2102 3605 2267 3686 devia
2294 3605 2482 3686 :_quod
2508 3607 2778 3677 przceipue
2799 3605 3101 3686 elucerein
3134 3611 3239 3686 hoc
3270 3605 3497 3686 Dialogo

1909 3677 2144 3752 advertit
2184 3676 2412 3731 Photius
2456 3674 2527 3752 in:
2555 3674 2955 3752 sua:_c_ensura,
2996 3681 3114 3737 sive
3153 3683 3270 3752 ipse
3303 3684 3379 3738 ita
3409 3674 3496 3739 iii-

1908 3756 2069 3823 caute
2092 3749 2308 3823 loeutus
2333 3754 2437 3812 est,
2484 3747 2601 3803 sive
2640 3748 2731 3823 alii
2758 3750 2808 3823 ei
2839 3764 3125 3823 aspersere
3157 3747 3344 3823 {quod
3380 3771 3492 3811 non

1906 3816 2067 3893 facile
2097 3820 2213 3893 ipse
2240 3826 2629 3893 cpntextusac
2662 3818 2868 3893 Dialogi
2900 3816 3012 3893 tota
3037 3816 3360 3893 compositio
3393 3827 3496 3881 ad-

1905 3890 2047 3965 mitti
2078 3887 2235 3965 sinit1
2257 3889 2330 3965 Τὸ
2348 3887 2864 3965 ,πρεσὸύ-τατονμτιῖίν
2889 3890 3118 3957 αἰώνων,
3146 3887 3352 3965 aliquid
3378 3912 3496 3965 pcr-

1907 3958 2043 4033 inde
2064 3962 2168 4033 olet
2213 3958 2520 4033 fabularum
2558 3959 2964 4033 haereticorum,
3001 3965 3203 4033 quibus
3237 3958 3318 4021 sic
3347 3958 3490 4023 cele-

1904 4029 2047 4103 brati
2079 4031 2306 4103 Aipnes,
2328 4039 2385 4085 ut
2412 4031 2595 4103 videre
2612 4033 2856 4103 estapud
2880 4029 3143 4103 Irenaeum
3164 4045 3217 4091 et
3234 4037 3391 4092 alios.
3413 4037 3491 4097 lu.

1978 4102 2090 4170 (4‘5)
2128 4101 2408 4180 Τὸ-κρωζ.
2440 4100 2546 4180 τοῦ
2572 4100 2931 4180 Θεοῦξριιρά
2962 4102 3195 4160 Verbum
3228 4108 3322 4180 hic
3341 4126 3490 4180 πρω-

1904 4170 2121 4247 τόγονον
2140 4173 2231 4225 τοῦ
2255 4170 2390 4247 Θεοῦ
2419 4172 2513 4247 κα).
2534 4174 2750 4247 πρῶτον
2779 4173 3087 4247 βλάστημα,
3116 4170 3491 4247 πρεσϐύτατος

1902 4240 2011 4316 τῷν
2031 4242 2241 4316 αἰώνων
2270 4243 2366 4316 καὶ
2394 4240 2610 4314 πρῶτος
2633 4244 2743 4299 τῶν
2771 4240 3129 4316 ἆρχαγγέ).ών
3157 4240 3383 4312 dicitur,
3405 4240 3491 4304 in;

1902 4313 2267 4383 telligenduni
2282 4313 2447 4383 salva
2471 4316 2776 4369 aitet-nitate
2811 4313 2878 4369 et
2914 4318 3490 4375 consubstantialitate

1902 4382 2037 4436 cum
2058 4383 2218 4439 Palre
2241 4382 2412 4454 _Verhi
2451 4385 2719 4453 ejusdem.
2756 4384 2929 4454 Simul
2963 4387 3017 4441 in
3051 4390 3369 4444 memoriam
3400 4406 3493 4445 re-

1899 4455 2208 4529 vocandum
2239 4452 2430 4529 Patres
2464 4452 2757 4529 plerosque
2774 4452 2994 4529 Nicaeus
3032 4459 3243 4529 synodo
3275 4460 3490 4529 priores

1829 4516 1873 4571 D
1903 4524 2087 4599 minus
2116 4533 2306 4599 exacte
2333 4516 2605 4599 interdum
2636 4516 2702 4582 d'e
2724 4528 2932 4599 divinis
2963 4516 3215 4597 personis
3247 4516 3485 4599 locutos,

1904 4605 1964 4648 ut
1997 4596 2312 4666 singillatim
2346 4598 2690 4652 demonstrat
2723 4596 2978 4652 Petavius
3007 4599 3099 4653 lib.
3139 4614 3153 4652 l
3188 4599 3264 4655 De
3288 4596 3483 4660 Trinit;

1904 4679 1934 4718 a
1964 4681 2083 4736 cap.
2120 4666 2155 4720 3
2184 4669 2249 4739 ad
2279 4667 2333 4730 6,
2372 4667 2515 4722 inter
2529 4684 2636 4739 ﬁcos
2668 4684 2887 4739 quoque
2921 4668 3254 4725 Mcthodium
3286 4687 3485 4729 nume-

1902 4750 2036 4809 rans
2064 4752 2182 4807 cap.
2219 4737 2272 4797 4,
2308 4753 2456 4791 ηυιιι.
2492 4738 2573 4792 12.
2608 4737 2934 4809 Atqueliinc
2966 4742 3310 4796 occasionem
3335 4740 3483 4798 Plio-

1901 4806 1979 4859 tio
2008 4806 2187 4861 datam
2218 4809 2470 4880 suspicor
2498 4806 2844 4873 admouendi,
2880 4811 2983 4864 hoc
3013 4827 3153 4880 opus
3184 4812 3355 4867 fuisse
3386 4814 3482 4868 de-

1901 4886 2187 4953 pravatum
2217 4877 2444 4953 Arianis
2470 4880 2820 4949 opinionibus
2851 4877 3108 4953 immistis
3143 4900 3157 4936 ε
3189 4883 3333 4953 quod
3369 4899 3479 4937 non

1900 4949 2081 5003 obstat
2138 4949 2268 5017 quin
2332 4950 2539 5003 utiliter
2582 4952 2776 5005 edatur
2812 4969 2825 5005 :
2863 4951 2907 5004 si
2943 4952 3083 5005 ratio
3128 4949 3326 5008 similis
3368 4968 3479 5008 non

1899 5020 2196 5089 prohibuit,
2239 5021 2370 5090 quin
2416 5021 2765 5091 laudabiliter
2791 5030 2845 5074 et
2874 5021 3017 5075 bono
3050 5024 3268 5091 publico
3303 5026 3357 5077 in
3398 5024 3484 5079 lu—

1900 5106 2019 5144 cem
2052 5089 2708 5165 prodgeerenturscrjpta
2738 5089 2943 5165 Justini
2984 5089 3261 5165 Martyris,
3311 5094 3481 5150 Athe-

1900 5176 2138 5230 nagorae,
2184 5160 2423 5225 'l'atiani,
2468 5162 2528 5216 Β.
2574 5161 2879 5230 Tneuphili,
2929 5160 3141 5227 lrenzei,
3181 5165 3482 5223 Clementis

1899 5236 2187 5305 utriusque
2215 5231 2444 5305 Romani
2468 5241 2525 5305 et
2555 5233 2931 5305 Alexandrini,
2972 5235 3245 5305 Urigcnis,
3279 5234 3480 5305 Diuny-g

1899 5304 1966 5357 sii
2010 5303 2395 5375 Alexandrini,
2430 5301 2699 5375 Cregorii
2763 5301 3191 5375 'l‘haumaturgi,
3247 5301 3480 5362 Luciaiii

1897 5374 2176 5446 martyris,
2214 5374 2559 5446 Tertulliani,
2596 5373 2863 5428 Lactantii
2890 5384 2942 5430 et
2976 5373 3236 5431 similium
3272 5393 3285 5429 :
3330 5375 3479 5446 apud

1896 5460 2036 5518 quos
2072 5445 2244 5518 multo
2274 5445 2496 5518 duriora
2536 5444 2590 5499 in
2634 5446 2737 5499 hoc
2781 5462 2978 5518 genere
3008 5450 3280 5518 leguntur.
3310 5444 3477 5518 quam

1896 5513 2037 5586 apud
2087 5513 2417 5570 Methodium
2456 5523 2728 5571 nostrum.
2759 5513 2855 5570 En.
2889 5513 3092 5571 Luran'.
3120 5547 3191 5556 ——
3219 5513 3356 5573 Dum
3398 5519 3478 5572 ait

1895 5599 2117 5641 sanctus
2151 5586 2451 5641 Melliodius
2483 5587 2747 5642 Adamum
2789 5588 2959 5642 fuisse
2993 5603 3022 5641 a
3058 5588 3234 5645 Verbo
3259 5603 3476 5643 assum-

1895 5669 2067 5727 ptum,
2104 5673 2213 5710 non
2246 5660 2319 5711 ita
2361 5658 2769 5725 inteiligcml-um
2812 5659 2915 5714 hoc
2951 5666 3054 5724 est,
3090 5660 3249 5729 quasi
3297 5667 3474 5713 totum

1892 5744 2094 5798 corpus
2124 5739 2175 5782 et
2209 5730 2411 5791 anima,
2437 5738 2490 5781 et
2520 5729 2798 5782 individua
2828 5742 3021 5784 natura
3051 5730 3211 5798 primi
3237 5729 3476 5784 hominis

1892 5797 2117 5855 Christo
2148 5813 2368 5856 carnem
2407 5802 2706 5855 assumenti
2759 5801 2911 5856 unita
2958 5797 3123 5855 fuerit
3157 5818 3171 5856 :
3200 5798 3296 5855 sed
3326 5798 3471 5869 quod
