3866 6160
381 250 455 310 67
1354 248 1413 305 S.
1454 245 1786 308 ΜΕΤΗΟΒΙΙ
1825 246 1948 301 EPll

2052 246 2135 302 )Pl
2174 247 2261 303 ET
2303 240 2666 302 MARTYRIS
3571 248 3642 305 68

379 365 529 423 enim
558 361 987 434 Primogenitum
1036 359 1155 427 Dei,
1187 374 1251 415 ac
1304 361 1644 431 unigenitum
1687 375 1907 431 germen
1935 401 1948 425 ,

2058 376 2240 432 στημα
2263 379 2358 416 και
2390 362 2695 433 μονογενὲς,
2730 361 2829 434 τὴν
2860 338 3074 432 σοφίαν,
3112 362 3190 435 τῷ
3234 365 3641 442 πρωτοπλάστφ

380 458 439 513 id
498 462 584 512 est
647 453 981 525 Sapientiam
1013 493 1028 517 ,
1092 454 1327 523 primum
1383 453 1618 507 formato
1676 452 1962 522 primoque

380 563 449 603 ac
504 546 870 618 primogenito
914 545 1191 599 hominum
1249 545 1468 614 generis
1520 543 1729 599 homini
1787 543 1964 597 admi-

380 647 567 705 stum,
624 638 898 693 hominem
957 636 1094 691 ﬁeri.
1162 635 1218 690 Id
1267 636 1412 690 enim
1463 635 1743 691 Christum
1796 651 1957 703 esse,

378 729 653 785 hominem
679 743 816 799 pura
845 727 1196 799 perfectaque
1226 726 1430 781 deitate
1452 728 1692 797 plenum,
1717 736 1770 783 et
1788 724 1958 782 Deum

378 824 472 893 qui
505 821 561 876 in
593 821 812 875 homine
841 820 1108 889 capiatur.
1145 819 1713 889 Congruentissimum
1759 820 1960 890 quippe

376 922 496 970 crat
527 912 970 983 antiquissimum
1023 926 1240 965 aeonum
1290 918 1345 965 et
1394 913 1630 982 primum
1665 912 1961 983 archange—

377 1003 556 1060 lorum
586 1019 709 1058 cum
742 1004 1053 1058 hominibus
1091 1011 1458 1068 versaturum,
1486 1004 1541 1058 in
1575 1004 1958 1073 antiquissimo

376 1095 661 1165 primoque
701 1094 981 1147 hominum
1011 1095 1347 1160 inhabitare,
1387 1094 1441 1148 id
1473 1102 1559 1150 est
1586 1095 1814 1151 Adamo.
1866 1094 1959 1150 Sic

376 1187 523 1242 enim
562 1202 685 1241 eum
711 1185 859 1256 quia
890 1186 1162 1257 principio
1211 1194 1366 1252 erat,
1418 1202 1727 1255 renovans,
1782 1203 1960 1257 exque

371 1275 597 1350 Virgine
624 1293 689 1332 ac
721 1277 927 1347 Spiritu
956 1277 1134 1348 ipsum
1187 1294 1382 1334 rursus
1414 1276 1723 1334 reformans
1743 1319 1759 1345 ,
1804 1294 1958 1333 eum-

373 1371 496 1426 dem
531 1370 831 1426 fabricatur
860 1389 872 1424 :
916 1370 1359 1441 quandoquidem
1396 1370 1649 1426 similiter
1681 1384 1711 1423 a
1751 1368 1960 1439 princi-

370 1463 463 1535 pio
483 1502 497 1527 ,
535 1471 677 1516 terra
707 1460 916 1531 virgine
940 1459 1173 1514 necdum
1211 1467 1455 1513 aratrum
1502 1474 1664 1528 passa
1684 1498 1699 1523 ,
1734 1467 1957 1527 accepto

371 1555 501 1610 inde
532 1554 666 1619 luto,
697 1568 763 1607 ex
806 1552 899 1605 illo
952 1550 1095 1606 Deus
1149 1551 1362 1606 ratione
1410 1551 1697 1623 pra'ditum
1754 1551 1957 1606 animal

372 1647 492 1703 sine
515 1655 756 1703 semente
790 1642 1143 1700 formaverat.

2058 452 2152 504 καὶ
2180 451 2382 524 πρώτῳ
2412 454 2508 507 καὶ
2537 452 2869 525 πρωτογόνῳ
2900 453 3009 508 τῶν
3038 454 3340 529 ἀνθρώπων
3368 457 3640 534 ἀνθρώπῳ

2058 543 2418 612 κερασθεῖσαν
2482 545 2979 615 ἐνηνθρωπηκέναι.
3020 547 3190 601 Τοῦτο
3229 546 3339 621 γὰρ
3368 545 3508 605 εἶναι
3549 551 3642 608 τὸν

2056 634 2315 705 Χριστὸν,
2337 634 2625 707 ἄνθρωπον
2672 636 2900 707 ἀκράτῳ
2936 636 3150 708 θεότητι
3185 640 3283 693 καὶ
3317 639 3500 712 τελείᾳ
3545 659 3643 694 πε-

2058 725 2164 799 πλη
2176 727 2438 799 ρωμένον,
2462 728 2557 781 καὶ
2583 727 2716 780 Θεὸν
2740 729 2797 780 ὲν
2826 726 3099 799 ἀνθρώπῳ
3124 732 3540 803 κεχωρημένον·
3568 730 3639 806 ἦν

2057 818 2168 890 γὰρ
2228 818 2708 891 πρεπωδέστατον,
2758 818 2849 871 τὸν
2896 819 3271 889 πρεσϐύτατον
3330 821 3439 876 τῶν
3505 822 3637 877 αἰώ-

2052 926 2159 965 νων
2182 910 2291 982 (44)
2306 911 2401 963 καὶ
2418 911 2634 982 πρῶτον
2648 909 2756 963 τῶν
2780 912 3157 982 ἀρχαγγέλων,
3180 912 3486 985 ἀνθρώποις
3512 915 3639 986 μέλ-

2054 1004 2212 1058 λοντα
2240 1002 2570 1074 συνομιλεῖν,
2612 1004 2692 1066 εἰς
2727 1004 2820 1056 τὸν
2862 1004 3233 1078 πρεσϐύτατον
3280 1008 3374 1061 καὶ
3422 1008 3639 1080 πρῶτον

2055 1096 2162 1150 τῶν
2196 1093 2499 1166 ἀνθρώπων
2528 1094 2918 1167 εἰσοικισθῆναι
2958 1096 3049 1149 τὸν
3081 1097 3273 1169 ’Δδάμ.
3312 1099 3497 1174 Ταύτῃ
3527 1101 3637 1174 γὰρ

2056 1186 2475 1258 ἀναζωγραφῶν,
2497 1187 2566 1241 τὰ
2592 1187 2649 1254 ἐξ
2678 1189 2954 1260 ὑπαρχῆς,
2978 1191 3071 1244 καὶ
3092 1191 3456 1247 ἀναπλάσσων
3479 1190 3635 1260 αὖθις

2056 1284 2123 1335 ὲκ
2159 1281 2439 1355 Παρθένου
2465 1283 2561 1335 καὶ
2588 1281 2729 1335 Πνεύ
2738 1300 2929 1353 ματος,
2956 1285 3297 1340 τεκταίνεται
3323 1286 3412 1340 τὸν
3441 1288 3632 1341 αὐτόν’

2055 1374 2245 1445 ἐπειδὴ
2281 1374 2376 1427 καὶ
2401 1375 2521 1427 κατ’
2548 1374 2745 1446 ἀρχὰς,
2779 1374 2946 1444 οὔσης
2974 1376 3245 1447 παρθένου
3280 1378 3384 1449 γῆς
3425 1378 3501 1432 ἔτι
3542 1380 3638 1434 καὶ

2053 1466 2316 1538 ἀνηρότου
2342 1505 2358 1530 ,
2407 1465 2588 1519 λαϐὼν
2634 1466 2762 1537 χοῦν
2788 1508 2803 1533 ,
2854 1467 2916 1520 τὸ
2957 1466 3320 1537 λογικώτατον
3363 1470 3638 1526 ἐπλάσατο

2056 1557 2194 1621 ζῶον
2230 1559 2324 1612 ἀπ’
2348 1558 2521 1629 αὐτῆς
2546 1560 2576 1612 6
2604 1558 2739 1624 Θεὸς
2766 1559 2896 1615 ἄνευ
2923 1562 3153 1634 σπορᾶς.

1509 1762 1640 1818 Car.
1672 1763 1737 1819 ν.
1773 1761 2022 1817 Ieremia:
2056 1761 2207 1816 locus
2233 1777 2512 1831 expensus.

442 1881 600 1937 Adsit
631 1882 763 1936 mihi
792 1880 958 1950 hujus
1008 1880 1087 1935 rei
1133 1880 1290 1935 testis
1325 1880 1555 1935 idoneus
1586 1888 1640 1935 et
1669 1879 1909 1934 disertus
1931 1918 1944 1943 ,

2121 1878 2230 1932 Kal
2263 1896 2352 1949 μοι
2382 1877 2643 1950 ἐχέγγυος
2679 1877 2892 1951 μάρτυς
2935 1881 3031 1934 καὶ
3074 1880 3252 1953 σαφὴς
3279 1883 3308 1936 6
3350 1886 3635 1958 προφήτης

370 1975 635 2047 prepheta
656 1971 920 2029 Jeremias
947 1993 960 2028 :
1002 1972 1065 2026 Et
1090 1973 1356 2038 descendi,
1384 1972 1708 2044 inquit",in
1734 1970 1947 2025 domum

370 2066 525 2137 ﬁguli
544 2082 562 2128 ;
615 2074 662 2118 el
696 2081 810 2119 ecce
838 2065 946 2134 ipse
984 2063 1214 2132 faciebat
1250 2080 1377 2132 opus
1410 2078 1566 2131 super
1598 2060 1818 2129 lapides.
1878 2060 1948 2114 Et

369 2155 556 2211 cecidit
587 2172 701 2217 vas,
728 2155 864 2225 quod
906 2154 1018 2221 ipse
1052 2153 1282 2221 faciebat
1327 2154 1382 2207 in
1414 2159 1523 2206 suis
1551 2152 1815 2206 manibus.
1880 2150 1950 2205 Et

370 2266 557 2305 rursus
585 2249 707 2318 fecit
750 2264 840 2301 vas
874 2245 1007 2300 illud
1056 2247 1328 2311 alterum,
1384 2246 1521 2299 sicut
1570 2243 1844 2314 placuerat
1895 2244 1947 2296 in

370 2350 647 2409 conspectu
676 2354 772 2391 suo
813 2336 1004 2404 facere.
1061 2336 1250 2389 Adhuc
1285 2334 1432 2389 enim
1463 2334 1591 2387 dum
1627 2349 1691 2388 ex
1723 2334 1859 2397 Iulo,
1893 2342 1951 2388 ut

370 2433 454 2489 sic
497 2433 782 2493 dicamus,
843 2430 1087 2484 Adamus
1145 2428 1473 2482 formaretur
1507 2444 1629 2483 cum
1662 2428 1842 2483 mollis
1894 2435 1949 2483 et

369 2522 513 2578 udus
542 2529 706 2584 esset,
731 2534 795 2574 ac
827 2520 1055 2574 necdum
1078 2518 1234 2589 quasi
1259 2534 1357 2587 pro
1381 2526 1533 2573 testa:
1560 2519 1692 2585 ritu,
1725 2518 1950 2573 immor-

366 2615 580 2670 talitate
628 2621 887 2668 excoctus
925 2620 980 2666 et
1010 2610 1242 2664 duratus
1270 2609 1483 2676 fuisset,
1515 2619 1740 2680 peccato
1785 2618 1950 2680 gutta:

367 2701 867 2758 instardistillantc
892 2715 954 2753 ac
979 2699 1249 2753 deﬂuente
1268 2738 1283 2762 ,
1311 2700 1614 2757 dissolutus
1637 2708 1743 2755 est.
1768 2700 1950 2767 Quare

368 2812 493 2851 eum
526 2811 717 2850 rursus
752 2795 819 2848 ab
847 2794 1057 2864 integro
1084 2792 1475 2858 madefaciens,
1507 2809 1683 2863 exque
1710 2794 1822 2847 luto
1851 2809 1948 2850 vas

366 2890 422 2945 in
455 2890 718 2944 honorem
748 2888 815 2952 “,
847 2886 1100 2943 eumdem
1133 2885 1275 2942 Deus
1312 2887 1575 2953 formans,
1615 2886 1671 2941 in
1695 2885 1949 2956 virginali

365 2982 603 3051 primum
656 2979 862 3034 durans
904 2988 959 3033 et
1008 2978 1362 3047 compingeus
1420 2987 1611 3042 utero,
1678 2978 1949 3048 simulque

366 3073 561 3129 unicus
591 3088 654 3128 ac
685 3072 921 3127 miscens
952 3067 1154 3136 Verbo,
1186 3069 1421 3124 solidum
1460 3069 1865 3140 inlractumque
1891 3070 1948 3125 in

362 3169 531 3222 vitam
564 3166 771 3230 eduxit,
803 3181 871 3220 ne
903 3179 1095 3219 rursus
1140 3162 1535 3217 inundantibus
1566 3162 1817 3232 corporis
1845 3161 1947 3214 ﬂu-

2063 1971 2331 2041 Ἱερεμίας
2357 1972 2613 2042 παρήτω,
2649 1971 2757 2024 Καὶ
2796 1970 3054 2040 κατέϐην
3087 1975 3175 2039 είς
3197 1972 3305 2027 τὸν
3329 1970 3494 2030 οἷκον
3526 1977 3633 2030 τοῦ

2051 2064 2386 2131 κεραμέως,
2434 2062 2638 2131 λέγων,
2674 2063 2773 2123 καὶ
2831 2062 2958 2117 ίδοὺ
3009 2065 3191 2130 αὐτὸς
3224 2065 3412 2120 ἐποίει
3456 2067 3635 2136 ἔργον

2050 2154 2151 2208 ἐπὶ
2187 2152 2307 2207 τῶν
2344 2152 2549 2207 λίθων.
2572 2152 2684 2208 Καὶ
2725 2152 2970 2207 διέπεσε
3008 2153 3074 2207 τὸ
3105 2155 3364 2224 ἀγγεῖον,
3392 2155 3423 2210 ὃ
3451 2158 3633 2225 αὐτὸς

2050 2245 2237 2298 ἐποίει
2269 2243 2339 2297 ἑν
2372 2242 2503 2309 ταῖς
2527 2243 2740 2311 χερσὶν
2761 2241 2969 2296 αὑτοῦ.
2999 2243 3106 2297 Καὶ
3131 2242 3318 2298 πάλιν
3344 2245 3635 2314 ἐποίησεν

2051 2332 2197 2390 αὐτὸ
2255 2333 2495 2402 ἀγγεῖον
2552 2332 2760 2401 ἕτερον
2784 2372 2804 2398 ,
2874 2333 3066 2399 καθὼς
3117 2334 3339 2404 ἤρεσεν
3377 2336 3635 2393 ἐνώπιον

2050 2427 2237 2482 αὐτοῦ
2272 2427 2380 2482 τοῦ
2417 2425 2688 2495 ποιῆσαι.
2716 2428 2840 2480 Ἔτι
2878 2427 2986 2501 γὰρ
3029 2428 3499 2501 πηλουργούμενον
3539 2429 3633 2484 τὸν

2063 2517 2255 2588 Ἀδὰμ,
2282 2518 2357 2581 ὼς
2404 2517 2551 2570 ἐστιν
2582 2518 2778 2582 εἰπεῖν,
2808 2520 2902 2571 xal.
2926 2519 3124 2590 τηκτὸν
3151 2520 3279 2574 ὄντα
3316 2521 3410 2575 καὶ
3436 2520 3628 2593 ὑδαρῆ.

2050 2611 2146 2665 καὶ
2179 2610 2404 2682 μηδέπω
2432 2609 2735 2679 φθάσαντα,
2764 2611 2918 2682 δίκην
2944 2611 3232 2684 ὀστράκου,
3258 2616 3323 2684 τῇ
3358 2614 3633 2686 ἀφθαρσίᾳ

2051 2702 2479 2775 κραταιωθῆναι,
2509 2700 2653 2774 ὕδωρ
2678 2701 2868 2774 ὥσπερ
2890 2703 3317 2777 καταλειϐομένη
3340 2707 3432 2759 καὶ
3458 2692 3629 2761 κατα-

2053 2793 2341 2860 στάζουσα,
2380 2795 2622 2848 διέλυσεν
2658 2795 2819 2848 αὐτὸν
2864 2796 2897 2865 ή
2932 2795 3195 2867 ἁμαρτία.
3236 2796 3327 2849 Διὸ
3369 2796 3432 2867 δὴ
3467 2795 3630 2851 πάλιν

2051 2886 2254 2942 ἄνωθεν
2288 2886 2563 2941 ἀναδεύων
2608 2887 2720 2959 (45)
2766 2886 2862 2941 καὶ
2905 2889 3297 2960 πηλοπλαστῶν
3338 2891 3429 2945 τὸν
3469 2890 3630 2945 αὐτὸν

2050 2981 2130 3044 εἰς
2151 2981 2318 3053 τιμὴν
2339 2982 2367 3033 ὁ
2392 2980 2547 3044 Θεὸς,
2579 2983 2638 3033 ὲν
2669 2982 2735 3051 τῇ
2772 2979 3073 3053 παρθενικῇ
3092 3024 3095 3025 ν
3112 2982 3458 3055 κραταιώσας
3479 2981 3632 3054 πρῶ-

2049 3090 2140 3125 τον
2165 3073 2259 3125 καὶ
2286 3071 2464 3143 πήξας
2491 3072 2694 3143 μήτρᾳ,
2724 3072 2820 3126 καὶ
2839 3072 3141 3136 συνενώσας
3167 3074 3261 3128 καὶ
3285 3075 3631 3146 συγκεράσας

2050 3164 2128 3235 τῷ
2152 3164 2330 3234 Λόγῳ,
2369 3163 2602 3235 ἀτηκτον
2643 3164 2738 3216 καὶ
2768 3162 3075 3235 ἄθραυστον
3110 3164 3379 3236 ἐξήγαγεν
3425 3167 3506 3229 εἰς
3536 3166 3630 3221 τὸν

361 3259 549 3323 libus,
581 3265 861 3311 contracta
908 3256 1035 3310 tabe
1060 3256 1356 3311 decideret.
1394 3252 1482 3309 Uti
1516 3254 1680 3309 etiam
1709 3254 1765 3307 in
1793 3269 1946 3324 para-

2052 3258 2193 3327 βίονο
2234 3258 2320 3311 ἵνα
2364 3256 2437 3329 μὴ
2469 3257 2629 3311 πάλιν
2663 3260 2774 3321 τοῖς
2805 3258 2904 3329 τῆς
2942 3258 3144 3329 φθορᾶς
3171 3258 3369 3325 ἔξωθεν
3409 3259 3632 3312 ἐπικλυ-

362 3350 487 3405 bola
517 3352 750 3404 inventae
775 3350 892 3404 uvis
925 3350 1168 3404 cernitur
1196 3347 1461 3404 Dominus
1484 3348 1703 3410 docere,
1735 3347 1827 3400 ubi
1876 3347 1944 3402 ad

361 3449 606 3499 astantes
634 3442 711 3495 ait
734 3441 996 3496 Dominus
1029 3457 1185 3496 meus
1231 3458 1246 3495 :
1284 3440 1415 3507 Quis
1463 3456 1528 3494 ea:
1576 3439 1717 3494 vobis
1766 3440 1942 3507 homo,
1974 3516 1975 3519 η

359 3534 451 3605 qui
466 3533 615 3588 habet
629 3542 836 3587 centum
876 3549 990 3586 oves
1012 3549 1031 3586 :
1058 3542 1107 3587 et
1140 3533 1187 3586 si
1205 3532 1493 3601 perdiderit
1520 3548 1681 3584 unam
1700 3546 1764 3585 ea:
1786 3530 1898 3584 illis
1925 3570 1940 3595 ,

360 3641 532 3680 nonne
557 3626 800 3695 relinquit
838 3626 1126 3694 nonaginta
1160 3642 1340 3678 novem
1368 3625 1423 3678 in
1452 3625 1680 3686 deserto,
1709 3633 1760 3677 et
1800 3621 1944 3677 vadit

361 3717 431 3772 ad
461 3717 612 3770 illam
638 3734 756 3788 qua:
802 3718 1052 3786 perierat,
1086 3716 1248 3771 donec
1283 3717 1510 3770 inveniat
1539 3719 1694 3772 eam?
1727 3714 1795 3768 Et
1825 3731 1945 3769 cum

358 3809 612 3864 invenerit
659 3826 799 3874 eam,
829 3809 1051 3879 imponit
1083 3809 1137 3862 in
1188 3808 1432 3862 humeros
1465 3825 1589 3863 suos
1610 3848 1625 3872 ,
1671 3806 1942 3878 gaudens;

357 3913 408 3958 et
443 3905 646 3958 veniens
668 3903 903 3965 domum,
939 3910 1188 3956 convocat
1216 3901 1413 3954 amicos
1444 3909 1495 3954 et
1521 3899 1743 3963 vicinos,
1764 3898 1942 3952 dicens

356 3996 509 4053 illis:
539 3995 997 4068 Congratulamini
1024 3993 1191 4061 mihi,
1231 3995 1357 4065 quia
1393 3994 1563 4047 inveni
1595 4007 1738 4046 ovem
1771 4007 1942 4045 meam

356 4106 475 4161 quae
511 4090 738 4158 perierat
770 4086 838 4144 ⁸⁸.

2048 3349 2196 3413 σθεὶς
2226 3349 2461 3421 ῥεύμασι
2507 3351 2771 3422 τηκεδόνα
2805 3351 3077 3421 γεννήσας
3126 3350 3390 3423 διαπέσῃ*
3430 3353 3505 3416 ὡς
3534 3353 3631 3407 καὶ

2047 3439 2104 3491 ὲν
2137 3443 2204 3511 τῇ
2241 3440 2370 3512 περὶ
2409 3441 2509 3511 τῆς
2537 3441 2878 3512 ἀνευρέσεως
2910 3439 3006 3493 τοῦ
3041 3439 3314 3513 προϐάτου
3354 3441 3628 3511 φαίνεται,

2042 3531 2312 3586 διδάσκων
2345 3533 2374 3585 ὁ
2421 3530 2624 3604 Κύριος
2656 3530 2939 3602 παραϐολῇ
2959 3547 2975 3561 ο
3010 3530 3141 3585 ἔνθα
3169 3533 3333 3603 φησὶν
3366 3534 3394 3585 6
3425 3530 3631 3603 Κύριός

2050 3641 2150 3695 μου
2203 3624 2340 3696 πρὸς
2382 3625 2509 3687 τοὺς
2544 3623 2993 3695 παρεστηκόταςο
3030 3624 3126 3689 Τίς
3154 3623 3325 3678 ἐστιν
3354 3624 3424 3689 ἐξ
3459 3623 3631 3694 ὑμῶν

2046 3714 2378 3783 ἄνθρωπος,
2408 3713 2476 3780 ὃς
2502 3714 2628 3783 ἕχει
2655 3714 2873 3768 ἑκατὸν
2900 3714 3181 3782 πρόϐατα,
3211 3713 3329 3768 κᾶν
3348 3714 3627 3785 ἀπολέσῃ

2045 3806 2115 3861 ἐν
2143 3807 2213 3871 ἐξ
2245 3806 2464 3871 αὐτῶν,
2494 3809 2606 3860 οὐκ
2652 3807 2868 3876 ἀφίησι
2900 3808 2973 3860 τὰ
3007 3805 3408 3873 ἐννενήκοντα
3446 3806 3627 3862 ἐννέα

2044 3898 2144 3952 ἐπὶ
2173 3898 2298 3965 τοῖς
2337 3898 2524 3967 ὄρεσι,
2563 3898 2666 3953 ᾰιαὶ
2717 3900 3028 3968 πορευθεὶς
3049 3900 3149 3954 ἐπὶ
3182 3902 3250 3955 τὸ
3282 3902 3622 3970 ἀπολωλὸς,

2045 3990 2207 4058 ζητεῖ
2242 3992 2387 4044 αὐτὸ
2408 3990 2519 4056 ἕως
2559 3991 2702 4059 εΰρη
2721 4006 2738 4054 ;
2777 3993 2887 4046 Καὶ
2919 3991 3113 4062 εὑρὼν
3150 3993 3491 4063 ἐπιτίθησιν
3520 3994 3623 4048 ἐπὶ

2045 4083 2188 4150 τοὺς
2216 4082 2414 4153 ὤμους
2447 4082 2633 4138 αὐτοῦ
2653 4100 2665 4113 ·
2695 4082 2794 4136 καὶ
2826 4083 3020 4138 ἐλθὼν
3047 4086 3135 4150 εὶς
3178 4081 3348 4139 οἷκον
3392 4100 3623 4156 συγκα-

355 4185 545 4240 λεῖται
570 4184 713 4251 τοὺς
741 4185 960 4254 φίλους
999 4182 1097 4238 καὶ
1124 4183 1419 4253 γείτονας,
1482 4180 1677 4252 λέγων
1714 4196 1730 4210 ·
1794 4177 2143 4249 Συγχάρητέ
2173 4198 2311 4250 μοι,
2383 4180 2475 4233 ὅτι
2522 4179 2735 4249 εὑρέθη
2774 4179 2841 4234 τὸ
2888 4181 3183 4249 πρόϐατόν
3205 4199 3325 4251 μου
3358 4181 3422 4236 τὸ
3470 4183 3623 4237 ἀπο·

357 4282 574 4345 λωλός.

355 4389 487 4449 CAP.
512 4389 602 4446 Vl.
639 4388 975 4459 Spiritalium
1002 4389 1176 4442 ovium
1210 4388 1412 4458 integer
1442 4401 1713 4440 numerus.
1753 4384 1947 4509 ﬂagrat,
1975 4386 2112 4439 alter
2141 4383 2207 4508 all)
2234 4385 2434 4456 angelis
2474 4385 2532 4440 in
2576 4386 2678 4441 Dei
2709 4386 2918 4441 laudem
2963 4387 3172 4443 chorus.
3224 4388 3348 4445 Ovis
3399 4390 3623 4460 perdita:

1707 4472 1840 4509 vara
1881 4475 1908 4509 ο
1936 4473 1968 4509 a
1998 4471 2177 4509 exuas:
2205 4472 2259 4509 a.

1707 4471 1968 4525 paraoota
1998 4471 2259 4524 exposita.

426 4576 699 4645 Quoniam
729 4577 875 4632 enim
915 4578 1032 4647 ipse
1060 4576 1344 4632 verissime
1366 4584 1484 4631 erat
1516 4585 1677 4645 atque
1707 4583 1812 4640 est,
1838 4575 1932 4645 qui

2120 4576 2341 4648 Ἐπειδὴ
2365 4576 2475 4647 γὰρ
2499 4577 2665 4641 αὐτὸς
2692 4576 2768 4642 ὡς
2792 4576 3008 4649 ἀληθῶς
3036 4572 3104 4649 ἦν
3136 4594 3196 4630 τε
3239 4582 3333 4632 καὶ
3361 4577 3530 4643 ἔστιν,
3557 4581 3622 4633 ὸν

279 4675 288 4683 “
354 4685 386 4725 a
418 4672 689 4740 principio
729 4680 846 4724 erat
884 4670 1025 4741 apud
1070 4669 1240 4724 Deum
1289 4680 1344 4725 et
1384 4668 1529 4726 Deus
1558 4677 1677 4726 erat
1700 4670 1746 4702 “
1770 4709 1786 4735 ,
1821 4670 1939 4740 ipse

2052 4669 2183 4742 Ξιρχῇ
2210 4667 2285 4722 ὢν
2326 4671 2463 4742 πρὸς
2504 4670 2595 4723 τὸν
2634 4670 2786 4735 Θεὸν,
2813 4670 2907 4722 καὶ
2946 4668 3078 4732 Θεὸς
3116 4669 3213 4735 ὢν,
3248 4671 3277 4723 6
3317 4672 3619 4744 ἀρχιστρά-

355 4761 654 4831 imperator
676 4772 971 4832 pastorque
1000 4761 1306 4817 cmlestium
1332 4802 1347 4825 ,
1407 4762 1496 4816 cui
1546 4776 1738 4818 omnes
1769 4762 1938 4815 animi

2052 4777 2205 4831 ιηγος
2233 4763 2328 4815 καὶ
2379 4762 2581 4833 ποιμήν
2623 4763 2732 4815 τῶν
2759 4763 2879 4815 κατ’
2909 4762 3137 4834 οὐρανὸν
3156 4802 3170 4827 ,
3201 4756 3246 4831 ᾧ
3279 4764 3457 4817 πάντα
3499 4764 3618 4818 πεί.

354 4853 732 4924 obtemperant
751 4869 816 4908 ac
845 4869 1006 4923 quem
1048 4863 1377 4924 sequuntur,
1402 4855 1710 4924 composito
1740 4870 1934 4925 regens

2052 4851 2222 4906 iovrat
2266 4856 2362 4907 καὶ
2413 4854 2712 4925 ὀμαρτοῦσι
2763 4855 2833 4909 τὰ
2890 4854 3121 4923 λογικὰ,
3167 4855 3264 4909 καὶ
3312 4857 3617 4927 ποιμαίνων

352 4943 547 5000 ordine
568 4952 731 5015 atque
764 4960 1058 5000 numerans
1073 4946 1354 5001 beatorum
1385 4958 1560 5003 canus
1592 4948 1929 5018 angelorum.

2052 4947 2312 5011 εὐτάκτως
2363 4949 2458 5001 καὶ
2515 4946 2766 5019 ἀριθμῶν
2815 4948 2884 5002 τὰ
2942 4947 3120 5020 πλήθη
3173 4947 3282 5002 τῶν
3328 4950 3616 5021 μακαρίων

354 5031 456 5089 Hic
490 5035 636 5089 enim
690 5036 781 5092 ille
819 5052 918 5106 par
968 5044 1051 5092 est
1101 5043 1156 5093 et
1206 5036 1483 5108 perfectus
1534 5037 1925 5092 immortalium

2052 5039 2302 5108 ἱγγέλων.
2328 5034 2495 5103 Οὗτος
2522 5039 2630 5111 γάρ
2660 5040 2773 5104 ἴσος
2798 5040 2893 5094 καὶ
2919 5039 3126 5104 τέλειος
3156 5039 3387 5112 ἀριθμὸς
3415 5042 3617 5098 ἀθανά-

462 5190 507 5221 ⁸¹
546 5189 679 5260 Cap.
721 5206 880 5255 xvm,
911 5206 1043 5245 vers.
1074 5191 1128 5255 5,
1169 5191 1222 5247 4.
1295 5190 1341 5223 ⁸⁸
1384 5189 1448 5244 II
1484 5190 1621 5247 Tim.
1664 5208 1726 5256 ιι,
1766 5191 1857 5260 20,
1898 5192 1948 5245 21

2064 5195 2112 5225 κδ
2150 5191 2277 5247 Luc.
2323 5210 2413 5259 xv,
2453 5194 2505 5258 4,
2548 5193 2601 5249 6.
2677 5195 2723 5228 ⁸³
2759 5193 2922 5251 Joan.
2968 5198 3099 5262 1,,1.

351 5358 482 5400 caro
512 5360 577 5400 ex
600 5343 808 5400 Adamo
839 5353 1155 5416 propagata,
1178 5353 1232 5400 et
1255 5362 1374 5416 quae
1396 5354 1549 5416 parte
1578 5347 1662 5401 sui
1696 5346 1928 5416 quadam

352 5416 410 5471 in
434 5417 551 5484 ipso
579 5417 872 5477 exstiterit,
905 5425 1185 5485 assumpta
1210 5415 1372 5471 fuerit
1399 5433 1429 5469 a
1461 5415 1638 5472 Verbo
1666 5415 1725 5473 se
1749 5419 1928 5472 incar-

352 5495 538 5557 nante.
564 5488 743 5556 Atque
770 5486 891 5557 ideo
918 5487 1159 5541 Adamus
1183 5488 1299 5557 ipse
1319 5486 1719 5557 quodammodo
1740 5504 1931 5544 secun-

351 5556 480 5610 dum
511 5558 713 5626 aliquid
747 5557 831 5610 sui
866 5556 1119 5612 Christus
1149 5556 1570 5613 fuerit.’Possm.
1899 5575 1902 5578 ’

2110 5349 2224 5424 (45)
2268 5350 2613 5424 Ἁναδεύων.
2648 5349 2972 5424 ΔΙηῙιιηιίεηις,
3023 5352 3365 5424 subigensque
3403 5369 3423 5408 :
3463 5354 3611 5424 quod

2044 5417 2161 5472 Vat.
2184 5420 2542 5494 λάναμορφῶν,
2578 5417 2874 5494 reformatis
2902 5432 3066 5494 atque
3107 5417 3434 5479 instaurans.
3471 5417 3609 5481 illud

2034 5491 2267 5564 propius
2306 5491 2531 5546 modum
2581 5492 2833 5564 attingit,
2875 5491 2991 5561 quo
3022 5510 3090 5548 ex
3125 5495 3237 5549 luto
3271 5496 3477 5564 aliquid
3520 5511 3610 5551 re-

1067 5573 1119 5636 is
1149 5560 1328 5636 fuerit.
1361 5560 1596 5636 Possm.
1854 5631 1865 5636 _
1899 5575 1902 5578 ’
2039 5560 2304 5636 ﬁngitur:
2329 5563 2437 5636 etsi
2490 5577 2602 5636 non
2649 5560 2905 5636 videtur,
2941 5564 3087 5636 quod
3127 5564 3240 5636 jam
3290 5560 3429 5620 testa
3481 5565 3606 5627 fuit,

423 5627 533 5699 (44)
566 5629 983 5707 Πρεσϐρτατον
1018 5626 1139 5707 τῶν
1176 5626 1422 5707 αἰώνων.
1462 5628 1651 5707 Aha}...
1701 5631 1929 5688 sazculo-

2052 5626 2230 5707 Iuavis
2261 5630 2538 5707 inlusione
2564 5634 2617 5686 in
2649 5633 2746 5707 lu_ti
2781 5626 3064 5689 materiam
3104 5626 3281 5707 subigi
3324 5650 3506 5707 posse,
3546 5626 3611 5694 ut

350 5696 471 5753 rum
497 5700 944 5770 antiquissimum,
972 5700 1119 5770 quod
1151 5699 1324 5771 magis
1354 5698 1550 5771 placet.
1574 5696 1742 5755 ϐΑιι..
2031 5696 2159 5758 inde
2179 5716 2276 5758 vas
2302 5704 2659 5759 iustauretur.
2684 5704 2972 5760 COIBEFIS.
