3866 6160
235 288 308 346 69
1298 290 1687 348 CONVIVIUM
1726 289 1957 346 DECEM
1997 286 2359 346 VlRGINUM.
3425 300 3496 357 70

231 422 343 461 των
366 404 539 472 ζώων,
568 407 710 462 κατὰ
740 409 934 478 γενεὰς
960 411 1055 465 καὶ
1085 412 1259 481 φυλάς
1287 412 1655 486 διῃρημένων,
1686 430 1803 483 συμ

1921 412 2237 467 animalium
2266 427 2552 477 numerus,
2583 428 2681 483 per
2704 415 3058 486 cognationes
3092 418 3377 490 tribusque
3407 418 3495 477 di-

237 496 686 567 παραληφθέντος
730 498 965 554 ἐνταῦθα
995 504 1062 572 τῇ
1109 503 1316 576 ποίμνῃ
1353 504 1447 555 καὶ
1478 503 1572 556 τοῦ
1606 502 1815 574 ἀνθρὼ-

234 610 359 647 που.
398 594 841 666 Δεδημιούργητο
866 595 975 667 γὰρ
1004 597 1099 649 καὶ
1130 597 1291 659 αὐτὸς
1336 597 1441 662 ἔξω
1464 598 1688 670 φθορᾶς,
1727 598 1814 650 ἵνα

232 684 326 738 τὸν
372 684 593 755 βασιλέα
640 689 875 759 γεραίρῃ
923 689 1138 742 πάντων
1194 690 1289 742 καὶ
1327 690 1555 761 ποιητὴν
1582 731 1595 755 ,
1665 690 1815 744 ἀντί-

235 773 449 844 φθογγα
484 775 735 845 μελῳδῶν
766 781 885 842 ταῖς
915 778 1022 831 τῶν
1066 780 1313 848 ἀγγέλων
1341 781 1399 847 ἐξ
1451 781 1680 851 οὐρανοῦ
1718 800 1815 851 φε-

237 867 496 936 ρομέναις
521 866 692 937 βοαῖς.
728 868 867 921 Ἀλλ’
894 869 1016 921 ἐπεὶ
1041 869 1239 940 συνέϐη
1272 870 1684 942 παρεληλυθότα
1715 872 1813 943 τὴν

239 959 459 1030 ἐντολὴν
482 1002 497 1025 ,
527 959 768 1031 ὀλέθριον
802 960 1001 1032 πτῶμα
1041 963 1137 1015 καὶ
1163 961 1334 1017 δεινὸν
1380 965 1563 1017 πεσεῖν
1607 966 1686 1026 είς
1719 963 1814 1016 θά-

176 1058 183 1067 ’
230 1069 389 1107 νατον
429 1055 947 1126 ἀναστοιχειωθέντα
968 1073 982 1086 ο
1011 1055 1100 1109 διὰ
1136 1056 1293 1109 τοῦτό
1326 1074 1487 1128 φησιν
1525 1059 1554 1111 6
1586 1055 1809 1129 Κύριος,

230 1148 422 1201 ἑαυτὸν
473 1151 551 1213 είς
596 1150 688 1203 τὸν
728 1150 843 1220 βίον
895 1153 958 1203 ἐκ
1017 1150 1126 1203 τῶν
1174 1151 1417 1222 οὐρανῶν
1463 1150 1810 1221 ἐληλυθέναι,

232 1240 661 1294 καταλελοιπότα
707 1240 807 1304 τὰς
855 1242 1038 1306 τάξεις
1081 1243 1176 1297 καὶ
1203 1242 1271 1295 τὰ
1322 1242 1657 1313 στρατόπεδα
1703 1240 1812 1293 τῶν

229 1332 503 1400 ἀγγέλων.
541 1333 969 1387 Ἀπεικονιστέον
996 1332 1105 1404 γὰρ
1131 1333 1198 1386 τὰ
1230 1334 1325 1403 μὲν
1370 1333 1470 1404 ὅρη
1508 1335 1619 1397 τοῖς
1653 1331 1814 1403 οὐρα-

229 1426 373 1485 νοίς·
402 1422 475 1475 τὰ
518 1423 576 1475 δὲ
608 1424 957 1491 ἐννενήκοντα
999 1424 1156 1477 ἐννέα
1188 1423 1437 1493 πρόϐατα
1481 1425 1602 1486 ταῖς
1656 1421 1813 1475 δυνά-

230 1531 358 1584 μεσι
390 1515 488 1568 καὶ
510 1518 630 1577 ταῖς
674 1515 869 1586 ἀρχαῖς
901 1516 995 1569 καὶ
1038 1518 1161 1579 ταῖς
1202 1515 1491 1581 ἐξουσίαις,
1533 1514 1600 1579 ἃς
1641 1532 1811 1569 κατα-

225 1608 509 1674 λέλοιπεν,
557 1608 895 1679 ἀναζητῆσαι
937 1606 1211 1662 κατελθὼν
1239 1608 1303 1661 τὸ
1356 1606 1632 1670 ἀπολωλὸς
1680 1605 1813 1678 πρό-

225 1700 411 1766 ϐατον,
440 1703 473 1754 6
506 1700 813 1771 στρατηγὸς
841 1701 937 1754 καὶ
962 1702 1189 1771 ποιμήν.
1217 1701 1439 1753 Ἔλειπε
1469 1698 1578 1771 γὰρ
1601 1698 1810 1770 ἄνθρω-

1920 506 2184 567 visorum,
2213 513 2504 575 aggregato
2548 506 2639 560 hic
2686 507 2780 563 tali
2830 509 2976 580 gregi
3028 510 3191 565 etiam
3252 512 3492 570 homine.

1917 594 2053 649 Nam
2082 607 2135 649 et
2167 598 2282 666 ipse
2310 597 2681 666 corruptionis
2712 614 2905 656 exsors
2934 611 3155 658 creatus
3184 611 3289 670 est,
3316 612 3375 658 ut
3403 621 3496 661 re-

1920 700 2037 756 gem
2064 684 2445 739 universorum
2472 692 2526 740 et
2562 694 2885 755 creatorem,
2917 691 3091 746 altero
3114 694 3260 748 velut
3288 695 3456 751 choro
3474 736 3492 762 ,

1920 781 2236 851 angelorum
2261 797 2291 836 e
2314 781 2454 835 creto
2485 782 2819 840 clamoribus
2852 789 3213 855 respondente
3236 829 3253 856 ,
3306 793 3497 847 lamia-

1918 880 2001 928 ret
2030 889 2092 927 ac
2114 874 2437 929 celebraret.
2468 873 2574 929 Sed
2612 876 2739 946 quia
2764 878 3101 949 contingeret
3122 898 3266 949 eum,
3290 885 3494 940 violato

1918 965 2015 1021 Dei
2048 966 2331 1028 mandato,
2362 966 2514 1035 gravi
2567 981 2632 1020 ac
2672 967 2904 1024 cxitioso
2936 971 3093 1041 lapsu
3147 988 3408 1031 corruere
3435 977 3495 1031 in

1919 1068 2148 1114 mortem
2177 1061 2499 1122 resolutum,
2542 1068 2829 1129 propterea
2856 1063 2987 1117 dicit
3028 1064 3312 1133 Dominus,
3347 1084 3406 1124 se
3433 1069 3494 1124 in

1918 1149 2204 1215 mundum,
2235 1152 2445 1207 relictis
2506 1154 2768 1222 angelicis
2810 1155 3094 1212 ordinibus
3133 1173 3197 1213 ac
3250 1160 3493 1215 cohorti-

1917 1242 2041 1304 bus,
2070 1257 2100 1296 e
2128 1243 2285 1296 caelis
2315 1245 2547 1299 venisse.
2587 1245 2796 1303 Montes
2827 1248 2971 1302 enim
3001 1251 3169 1305 cmlos
3205 1251 3493 1323 designare

1918 1333 2218 1403 putandum
2250 1342 2366 1398 est;
2410 1350 2506 1404 per
2555 1351 2683 1390 oves
2721 1352 2851 1391 vero
2909 1339 3204 1409 nonaginta
3252 1357 3444 1398 novem
3470 1385 3488 1409 ,

1916 1427 2151 1481 virtutes
2179 1432 2233 1479 et
2269 1426 2612 1497 principatus
2644 1439 2698 1483 et
2744 1437 3037 1500 potestates
3060 1447 3194 1502 quas
3225 1434 3486 1506 reliquit,

1917 1514 2254 1570 descendens
2287 1517 2402 1585 ipse
2430 1516 2729 1586 imperator
2750 1526 2803 1572 et
2841 1528 3026 1588 pastor
3050 1518 3116 1571 ad
3140 1520 3488 1589 querendum

1917 1622 2071 1661 ovem
2098 1624 2219 1678 quae
2268 1608 2523 1677 perierat.
2574 1608 2835 1664 Restabat
2884 1610 3027 1666 enim
3073 1619 3129 1664 ut
3157 1622 3211 1666 et
3243 1612 3406 1666 homo
3432 1613 3489 1670 in

1916 1698 2057 1752 hanc
2099 1700 2441 1753 matriculam
2472 1710 2524 1755 et
2565 1700 2871 1770 catalogum
2921 1701 3286 1770 adjiceretur,
3329 1718 3490 1773 quem

226 1809 328 1844 πον
366 1795 446 1855 εἰς
482 1793 581 1863 τὴν
632 1792 812 1862 βίϐλον
857 1791 1323 1862 ἐγκαταλεχθῆναι
1341 1791 1544 1861 ταύτην
1586 1790 1666 1844 ἔτι
1716 1791 1803 1844 καὶ

1912 1791 2029 1861 ipse
2052 1789 2313 1846 Dominus
2347 1800 2583 1862 gestaret
2621 1807 2685 1845 ac
2715 1792 2983 1847 induisset
3013 1811 3026 1848 :
3062 1810 3128 1849 ne
3159 1811 3384 1860 rursus,
3411 1798 3488 1852 uti

222 1884 315 1936 τὸν
374 1884 645 1956 ἀριθμὸν,
703 1884 1071 1955 βαπάσαντος
1106 1885 1268 1937 αὑτὸν
1320 1883 1414 1937 τοῦ
1465 1884 1669 1953 Κυρίου
1717 1883 1810 1937 καὶ

223 1977 679 2047 ἀμφιεσαμένου·
730 1976 819 2029 ἵνα
854 1975 927 2047 μὴ
984 1976 1079 2030 καὶ
1131 1976 1327 2040 πάλιν,
1368 1975 1443 2038 ὡς
1488 1974 1646 2046 ἔφην,
1691 1976 1811 2037 ταῖς

220 2069 538 2138 τρικυμίαις
590 2069 686 2120 καὶ
743 2071 865 2132 ταῖς
919 2068 1155 2131 ἀπάταις
1204 2066 1587 2139 περικλυσθεὶς
1644 2082 1811 2119 κατα-

221 2162 495 2232 ποντωθῇ.
553 2161 739 2232 Ταύτῃ
792 2161 900 2232 γὰρ
960 2162 1051 2215 τὸν
1106 2160 1391 2232 ἄνθρωπον
1445 2160 1733 2229 ἀνείληφεν
1781 2161 1810 2212 ό

218 2251 415 2319 Λόγος,
445 2253 599 2315 ὅπως
634 2252 698 2322 δὴ
728 2252 794 2304 δι’
839 2252 1004 2305 αὑτοῦ
1043 2251 1324 2324 καταλύσῃ
1351 2251 1449 2322 τὴν
1486 2252 1568 2303 ἐπ’
1604 2249 1810 2321 ὀλέθρῳ

219 2344 509 2410 γεγονυῖαν
563 2341 897 2413 καταδίκην,
950 2344 1187 2412 ἡττήσας
1224 2342 1314 2395 τὸν
1373 2342 1515 2409 ὅφιν.
1562 2338 1808 2410 ’Ήρμοζε

217 2433 329 2503 γὰρ
360 2433 435 2504 μὴ
472 2432 539 2485 δι’
587 2434 774 2505 ἐτέρου
818 2433 1104 2503 νικηθῆναι
1135 2434 1226 2487 τὸν
1266 2433 1521 2505 πονηρὸν,
1565 2431 1701 2485 ἀλλὰ
1741 2430 1809 2484 δι’

218 2526 454 2589 ἐκείνου,
487 2524 548 2577 ὃν
581 2525 645 2595 δὴ
677 2524 771 2577 καὶ
794 2525 1110 2594 ἐκόμπαζεν
1147 2526 1434 2595 ἀπατήσας
1467 2523 1629 2577 αὑτὸν
1655 2541 1810 2576 τετυ-

222 2615 557 2685 ριννηκέναι
579 2630 592 2644 ο
624 2613 705 2666 ὃτι
743 2613 816 2684 μὴ
838 2613 1013 2678 ἄλλως
1035 2616 1134 2687 τὴν
1162 2616 1436 2687 ἁμαρτίαν
1461 2614 1685 2685 λυθῆναι
1714 2614 1809 2667 καὶ

216 2707 319 2775 τὴν
370 2706 702 2777 κατάκρισιν
748 2705 973 2759 δυνατὸν
1024 2701 1113 2777 ἦν,
1167 2709 1215 2760 εί
1252 2707 1326 2778 μὴ
1367 2705 1526 2760 πάλιν
1570 2707 1597 2759 6
1646 2705 1809 2768 αὐτὸς

218 2799 428 2861 ἐκεῖνος
462 2798 766 2870 ἄνθρωπος,
798 2798 864 2850 δι’
913 2798 971 2851 ὃν
1014 2799 1200 2871 εἴρητο
1234 2800 1300 2852 τὸ
1336 2798 1426 2867 Γῆ
1474 2795 1547 2864 εἴ,
1581 2797 1681 2851 καὶ
1719 2800 1808 2863 εὶς

216 2888 339 2958 γῆν
369 2891 711 2958 ἀπελεύσῃ,
742 2890 1108 2954 ἀναπλασθεὶς
1134 2890 1242 2963 (46)
1279 2890 1502 2945 ἀνέλυσε
1545 2890 1641 2962 τὴν
1672 2889 1807 2943 ἀπό-

216 2995 408 3047 φασιν,
432 2980 531 3049 τὴν
554 2979 621 3032 δι’
643 2979 803 3033 αὑτὸν
824 2981 904 3045 εἰς
931 2982 1137 3044 πάντας
1159 2980 1582 3052 ἐξενηνεγμένην
1597 2998 1610 3011 ο
1633 2982 1801 3045 ὅπως,

217 3069 406 3134 καθὼς
432 3072 490 3124 ἐν
515 3070 596 3141 τῷ
633 3071 805 3141 Ἀδὰμ
831 3071 1095 3144 πρότερον
1120 3071 1323 3134 πάντες
1351 3070 1801 3140 ἀποθνήσκουσιν,

1916 1881 2162 1935 dicebam
2185 1921 2199 1947 ,
2250 1882 2572 1936 tricumanis
2602 1880 2856 1936 ﬂuctibus
2899 1882 3293 1954 fraudibusque
3321 1886 3490 1940 obru-

1917 1978 2025 2035 tus,
2059 1972 2167 2025 imo
2201 1972 2390 2043 pelago
2434 1980 2790 2041 mergeretur.
2844 1970 2921 2026 Eo
2971 1989 3208 2043 namque
3258 1977 3489 2034 consilio

1915 2071 2205 2133 susceptus
2237 2078 2265 2115 a
2291 2061 2470 2117 Verbo
2510 2063 2673 2117 homo
2711 2070 2815 2127 est,
2847 2072 2927 2127 ut,
2951 2065 3164 2120 devicto
3192 2077 3443 2137 serpente
3467 2108 3486 2135 ,

1917 2172 2018 2211 suo
2049 2172 2274 2211 munere
2300 2164 2462 2226 atque
2495 2172 2680 2226 opera,
2701 2156 2938 2213 hominis
2962 2160 3128 2213 exitio
3159 2161 3321 2213 latam
3355 2176 3489 2216 con-

1915 2248 2314 2305 demnationem
2349 2250 2601 2305 dilueret.
2661 2250 3102 2305 Consentaneum
3152 2253 3351 2323 quippe
3384 2253 3490 2309 fuit
3587 2311 3590 2314 ,

1915 2357 2023 2396 non
2056 2342 2124 2395 ab
2151 2341 2258 2394 alio
2285 2340 2427 2394 vinci
2459 2339 2736 2393 diabolum
2768 2355 2931 2410 quam
2956 2342 3024 2395 ab
3064 2342 3157 2395 illo
3186 2334 3304 2412 ipso
3326 2358 3489 2413 quem

1914 2449 1943 2485 a
1968 2447 2025 2486 se
2051 2430 2336 2486 seductum
2375 2444 2487 2484 suae
2521 2445 2581 2484 se
2624 2431 2896 2501 tyrannidi
2940 2431 3243 2500 subjecisse
3289 2434 3492 2505 gloria-

1914 2523 2093 2578 batur.
2121 2521 2256 2576 Nam
2287 2537 2460 2591 neque
2493 2521 2650 2575 aliter
2682 2522 2817 2575 solvi
2852 2531 3132 2591 peccatum
3186 2534 3237 2577 et
3260 2524 3492 2579 damna-

1917 2616 2119 2670 tionem
2155 2613 2359 2667 aboleri
2388 2613 2648 2684 possibile
2671 2621 2809 2678 erat,
2844 2613 2950 2668 nisi
2993 2629 3188 2669 rursus
3232 2615 3322 2669 ille
3372 2615 3491 2684 ipse

1914 2709 2077 2762 homo
2099 2706 2170 2760 ob
2198 2721 2360 2775 quem
2393 2705 2596 2758 dictum
2638 2712 2775 2771 erat,
2828 2705 2993 2759 Terra
3049 2722 3125 2770 es,
3179 2716 3228 2761 et
3277 2708 3332 2761 in
3381 2716 3489 2763 ter—

1913 2819 2029 2855 ram
2048 2800 2318 2855 reverteris
2337 2798 2402 2864 “,
2423 2799 2771 2864 reformatus,
2791 2815 2911 2868 qum
2926 2799 3044 2869 ejus
3060 2807 3211 2854 reatu
3229 2801 3281 2853 in
3298 2815 3488 2856 omnes

1913 2898 2250 2964 pervaserat,
2290 2890 2615 2945 sententiam
2649 2889 3028 2960 antiquasset:
3065 2898 3122 2944 ut
3153 2892 3294 2946 sicut
3333 2891 3488 2960 prius

1912 2986 1967 3038 in
1988 2984 2159 3037 Adam
2192 2998 2384 3038 omnes
2414 2982 2806 3044 moriebantur,
2831 2982 2911 3037 sic
2938 2992 2989 3038 et
3030 2983 3085 3036 in
3124 2981 3342 3037 Christo
3365 2997 3488 3037 rur-

1913 3092 2007 3132 sus
2052 3075 2147 3145 qui
2196 3075 2467 3131 Adamum
2511 3073 2941 3145 assumpsisset,
2996 3088 3185 3129 omnes
3244 3072 3488 3129 viviﬁca-

214 3162 364 3216 ὠτω
400 3163 467 3235 δὴ
514 3164 677 3216 πάλιν
709 3163 805 3217 καὶ
854 3164 913 3216 ἐν
963 3163 1042 3235 τῷ
1083 3163 1394 3236 ἀνειληφότι
1448 3161 1668 3234 Χριστῷ
1714 3160 1805 3214 τὸν
1832 3177 1874 3233 C
1910 3177 2097 3223 remur
2129 3168 2197 3223 ιτ,

229 3254 405 3326 ’Δδὰμ
436 3256 642 3319 πάντες
671 3255 1072 3328 ζωοποιηθῶσι.

720 3397 851 3453 CAP.
882 3396 996 3453 VII.
1028 3398 1228 3454 Christi
1260 3414 1440 3468 opera,
1473 3396 1573 3452 Dei
1604 3406 1655 3451 et
1684 3393 1910 3450 hominis
1934 3395 2173 3465 propria.
2201 3395 2317 3466 ejus
2360 3396 2549 3465 ipsius,
2580 3397 2669 3465 qui
2698 3412 2834 3449 unus
2859 3397 2949 3449 sit.

287 3538 404 3592 Kal.
429 3538 561 3610 περὶ
590 3538 689 3608 μὲν
714 3536 808 3590 τοῦ
844 3537 935 3591 τὸν
959 3536 1262 3609 ἄνθρωπον,
1286 3536 1515 3607 ὄργανον
1544 3534 1803 3605 γεγονότα

216 3631 314 3684 καὶ
340 3630 545 3701 ἔνδυμα
592 3632 685 3684 τοῦ
735 3629 1107 3699 Μονογενοῦς,
1142 3629 1301 3683 τοῦτο
1344 3628 1760 3701 ἀπεργάσασθαι
1785 3668 1800 3693 ,

220 3723 355 3794 ὅπερ
389 3724 487 3776 καὶ
512 3724 676 3786 αὐτὸς
714 3725 743 3776 6
778 3725 856 3787 είς
898 3722 1060 3776 αὑτὸν
1089 3721 1455 3786 είσοικισθεὶς,
1487 3721 1671 3792 σχεδὸν
1699 3721 1808 3792 ἤδη.

224 3829 311 3881 μοι
341 3813 497 3867 δοκεῖ
540 3812 695 3875 τέλος
738 3812 877 3883 ἔχειν
897 3829 909 3840 ·
941 3812 1003 3864 τὸ
1031 3811 1089 3864 δὲ
1117 3812 1196 3863 ὅτι
1244 3812 1379 3882 μήτε
1423 3811 1529 3882 μὴν
1561 3812 1803 3882 ἀναρμο-

221 3900 363 3961 στία,
401 3899 566 3953 πάλιν
599 3899 660 3964 ἐξ
698 3900 874 3972 ἀρχῆς
906 3899 993 3953 διὰ
1026 3899 1270 3970 βραχέων
1316 3900 1695 3954 ἐπισκεπτέον.
1729 3900 1800 3953 Τὸ

219 3990 328 4063 γάρ
388 3990 688 4059 αὐτοφύσει
740 3991 903 4044 καλὸν
954 3993 1050 4045 καὶ
1098 3990 1391 4060 αὑτοςρύσει
1446 3991 1652 4045 δίκαιον
1707 3991 1802 4045 καὶ

219 4082 384 4145 ὅσιον,
417 4074 481 4134 οὗ
513 4081 585 4133 τὰ
633 4080 767 4135 ἄλλα
797 4081 939 4148 κατά
986 4083 1219 4154 μετοχὴν
1256 4082 1464 4151 γίνεται
1505 4083 1671 4148 καλὰ,
1702 4083 1801 4153 τὴν

224 4174 414 4243 σοφίαν
444 4176 471 4226 ὁ
494 4173 671 4243 λέγων
714 4174 1006 4245 τυγχάνειν
1038 4174 1176 4245 μετὰ
1216 4175 1307 4228 τὸν
1353 4174 1484 4228 Θεὸν
1510 4172 1617 4245 (47)
1649 4174 1804 4245 ὀρθό-

221 4281 356 4318 τατα
389 4265 541 4332 λέγει
560 4282 573 4295 ·
596 4265 658 4319 τὸ
678 4265 734 4318 δὲ
767 4261 834 4319 αὖ
864 4266 1077 4320 ἀνόσιον
1107 4267 1201 4320 καὶ
1240 4266 1420 4321 ἄδικον
1446 4268 1538 4319 καὶ
1567 4266 1801 4337 πονηρὸν

222 4358 317 4428 τὴν
348 4359 651 4430 ἁμαρτίαν.
685 4358 791 4412 Δύο
821 4359 929 4431 γὰρ
962 4359 1030 4413 τὰ
1069 4361 1151 4422 εἰς
1184 4358 1351 4430 ἄκρον
1380 4358 1627 4429 ἀλλήλοις
1649 4362 1802 4412 ἐναν-

222 4449 329 4516 τία,
360 4449 477 4522 ζωὴ
516 4452 612 4505 καὶ
647 4451 896 4519 θάνατος,
929 4450 1206 4522 ἀφθαρσία
1235 4452 1331 4505 καὶ
1366 4450 1559 4524 φθορά.
1599 4451 1802 4522 Ἰσότης

287 4607 332 4643 ⁸⁵
365 4606 497 4666 Gen.
551 4623 635 4676 ιιι,
689 4609 778 4665 19.
849 4610 896 4642 ιτ
946 4608 980 4664 Ι
1014 4608 1142 4665 Cor.
1184 4624 1274 4674 xv,
1322 4605 1414 4661 22.

1978 3531 2254 3586 Hactenus
2281 3529 2417 3585 satis
2457 3530 2775 3599 exposuisse
2806 3528 2936 3581 mihi
2977 3528 3182 3592 videor,
3214 3526 3480 3599 quemad-

1906 3622 2127 3677 modum
2156 3622 2319 3675 homo
2346 3620 2765 3675 instrumentum
2796 3619 2973 3675 factus
3017 3626 3071 3674 et
3102 3619 3484 3676 indumentum

1904 3713 2184 3786 Unigeniti
2216 3715 2318 3769 hoc
2342 3714 2457 3783 ipse
2482 3713 2817 3784 praestiterit,
2850 3711 2995 3783 quod
3027 3723 3079 3767 et
3103 3712 3193 3767 ille
3214 3713 3307 3782 qui
3338 3714 3395 3768 in
3414 3728 3484 3770 eo

1906 3808 2192 3862 habitavit.
2224 3806 2379 3872 Quod
2407 3814 2587 3861 autem
2618 3820 2795 3875 neque
2821 3805 3112 3875 imparitas
3137 3806 3229 3859 illa
3262 3806 3353 3870 sit,
3378 3821 3485 3864 nec

1903 3901 2306 3957 inconcinnitas
2331 3898 2803 3967 dissonantiaque,
2832 3912 3031 3952 rursus
3066 3912 3096 3950 a
3128 3898 3308 3968 capite
3355 3899 3485 3955 bre-
3527 3882 3533 3890 ”

1900 3994 2039 4050 viter
2067 3992 2547 4049 considerandum.
2597 3989 2781 4061 Ipsum
2819 3989 2965 4045 enim
3004 3997 3199 4042 natura
3232 3990 3435 4045 bonum
3464 4030 3483 4055 ,

1898 4085 2077 4155 ipsum
2106 4093 2300 4140 natura
2339 4085 2549 4154 justum
2583 4091 2946 4153 sanctumque
2971 4125 2986 4148 ,
3053 4084 3212 4152 cujus
3267 4085 3481 4154 reliqua

1901 4178 2319 4248 participatione
2359 4179 2490 4232 ﬂant
2517 4176 2693 4243 bona;
2726 4177 2820 4245 qui
2846 4176 3147 4231 secundum
3186 4175 3355 4231 Deum
3380 4176 3483 4231 Sa-

1904 4270 2161 4340 pientiam
2197 4284 2321 4324 esse
2368 4269 2588 4332 dixerit,
2624 4268 2930 4324 rectissime
2976 4268 3251 4324 senserit:
3289 4276 3482 4323 contra

1901 4376 2033 4415 vero
2064 4360 2389 4416 sceleratum
2427 4367 2481 4415 et
2513 4359 2762 4430 impium,
2795 4359 3169 4429 injustumque
3237 4374 3302 4413 ac
3355 4373 3484 4428 pra-

1902 4467 2067 4515 vum,
2104 4466 2229 4507 esse
2280 4460 2586 4521 peccatum.
2641 4449 2761 4504 Duo
2808 4464 3045 4520 namque
3094 4455 3223 4505 sunt
3266 4462 3482 4503 summe

292 4768 405 4844 (46)
449 4767 900 4844 ᾎναπᾳαᾳθείς.
956 4765 1048 4844 Sic
1096 4765 1256 4844 Yat.;
1297 4765 1514 4844 _Mazar.
1571 4779 1704 4844 vero
1748 4769 1803 4820 et

1911 4777 2096 4844 στάσιν
2136 4758 2392 4844 propria;
2428 4774 2537 4813 non
2575 4757 2792 4813 videtur
2821 4765 2951 4844 post
2979 4755 3147 4840 Deum
3177 4766 3368 4844 auctor
3393 4758 3479 4844 di-

221 4836 410 4903 AllatJ,
449 4838 846 4903 ἁναπαλαίσας,
893 4839 1048 4907 quasi
1089 4836 1258 4892 denuo
1289 4837 1435 4892 lucta
1467 4836 1799 4907 perfunctus,

222 4909 637 4981 iustauratoque
678 4905 993 4981 certamine.
1040 4907 1371 4981 Probeth
1402 4905 1799 4981 ecclesiastica,

221 4981 420 5048 quibus
451 4997 515 5037 ea
546 4977 667 5050 quae
697 4985 825 5035 sunt
850 4977 1056 5050 Christi
1093 4979 1329 5050 hominis
1368 4988 1427 5032 ut
1457 4978 1678 5050 capitis,
1716 4983 1803 5029 to-

223 5051 329 5122 tius
352 5049 603 5122 corporis
634 5065 758 5106 esse
781 5049 1166 5122 perhibentur,
1179 5058 1245 5122 Aut
1272 5049 1392 5118 ejus
1418 5049 1800 5122 victoria,_cu-

215 5118 416 5190 jusque
454 5116 712 5178 nostrum
750 5120 980 5174 victoria
1022 5116 1374 5188 intelligatur,
1415 5118 1509 5188 qui
1540 5116 1799 5190 membris

221 5188 364 5247 illius
385 5194 754 5255 associamur,
784 5205 1083 5259 omnesque
1104 5204 1228 5242 cum
1255 5190 1350 5243 illo
1375 5204 1542 5243 unum
1572 5188 1799 5259 mystice

221 5275 421 5332 corpus
465 5277 717 5332 sumus;
756 5260 915 5328 cujus
955 5257 1179 5332 perinde
1219 5260 1521 5332 membrum
1557 5257 1796 5332 A_d_at_nus
1872 5316 1875 5317 ν

222 5327 340 5397 fuit,
388 5333 507 5403 ipse
553 5333 610 5386 in
658 5331 897 5403 Christo
922 5327 1365 5403 praedestinatus,
1403 5337 1459 5384 et
1491 5329 1544 5383 in
1575 5327 1797 5403 Christo

219 5397 428 5465 victor;
470 5406 777 5459 instaurata
825 5400 901 5455 illi
924 5397 1142 5456 Christi
1174 5401 1369 5470 gratia,
1391 5414 1488 5470 per
1522 5397 1793 5467 paeniten-

222 5472 345 5527 tiam
383 5476 552 5538 lucta,
587 5475 681 5543 qui
713 5474 768 5527 in
803 5487 862 5529 se
893 5472 1072 5543 victus
1101 5468 1409 5543 cecideratI
1431 5468 1723 5543 contuens.

290 5544 397 5615 (47)
430 5545 551 5612 Τὴν
590 5538 820 5612 Σοφίαν
864 5542 1015 5615 μετὰ
1060 5543 1243 5615 Θεόν.Δ
1276 5540 1413 5615 Cu_m
1444 5538 1793 5615 _S_apientiar_n

224 5607 394 5685 ipsum
423 5607 597 5685 Λόγον
635 5607 820 5669 dicere
854 5607 1119 5685 videatur,
1155 5609 1402 5685 cujusin
1434 5607 1658 5665 Christo
1679 5607 1794 5662 vult

224 5681 335 5750 ipsa
360 5680 599 5741 hominis
627 5700 814 5756 Opera,
850 5681 994 5753 quo'1
1031 5697 1196 5739 sensu
1229 5680 1494 5756 Optimum
1534 5694 1792 5756 essepe-

224 5746 341 5814 tést.
370 5758 437 5813 de
463 5756 648 5813 Verbo
663 5746 745 5810 ἰιι
773 5746 826 5810 in
860 5746 1056 5810 natura
1087 5768 1184 5825 per
1212 5746 1468 5807 unionem
1505 5749 1629 5804 καθ’
1660 5746 1792 5802 ὑπό-

1905 4829 2155 4887 vinorum
2184 4829 2426 4886 in’nobis
2448 4844 2757 4891 munerum,
2786 4837 2840 4882 et
2870 4829 3025 4897 quasi
3062 4829 3360 4884 secundum
3391 4831 3480 4883 αι’-

1903 4921 2039 4967 τιον,
2075 4902 2221 4971 quod
2258 4900 2448 4971 Ariani
2476 4900 2751 4970 ponebant
2784 4897 3042 4962 Verbum,
3073 4914 3197 4952 cum
3233 4900 3307 4953 sit
3334 4916 3479 4957 unus

1903 4990 2027 5028 cum
2061 4969 2170 5027 Deo
2196 4979 2250 5027 et
2279 4969 2441 5024 Patre
2471 4978 2664 5024 auctor
2691 4977 2745 5023 et
2770 4984 2955 5031 causa,
2992 4976 3051 5023 ut
3082 4977 3166 5024 εει
3203 4985 3311 5023 una
3340 4970 3480 5025 (ιὶνὶ-

1901 5045 2044 5099 nitas
2076 5050 2130 5098 et
2161 5043 2354 5097 virtus.
2394 5039 2490 5094 Sin
2526 5048 2706 5094 autem
2739 5038 2874 5110 haec,
2905 5039 3119 5110 divinas
3148 5040 3278 5094 velit
3310 5041 3482 5110 parti-

1903 5114 2225 5182 cipationes,
2253 5128 2317 5167 ac
2346 5111 2502 5182 quasi
2530 5110 2739 5182 primos
2780 5108 2871 5164 Dei
2901 5109 3145 5182 etTectus,
3178 5125 3244 5164 ex
3275 5108 3479 5182 quibus

1902 5180 2127 5253 reliquis
2159 5191 2243 5237 est
2272 5190 2331 5237 ut
2359 5180 2468 5236 sint
2495 5180 2753 5253 talia,_sic
2776 5194 2902 5235 vera
2922 5180 3171 5253 doctrina
3198 5187 3302 5244 est,
3338 5181 3480 5253 ipsa-

1904 5249 2197 5324 que’toties
2228 5253 2488 5324 Dionysio
2519 5250 2821 5324 inculcata,
2861 5256 2917 5304 et
2955 5265 3061 5324 qua
3081 5249 3265 5324 Deum
3298 5249 3479 5306 omni-

1902 5320 2006 5379 bus
2041 5323 2321 5393 anteponit
2354 5320 2473 5393 quae
2500 5320 2694 5393 deillo
2717 5320 2824 5373 dici
2847 5330 2939 5393 aut
2967 5321 3189 5391 intelligi
3221 5329 3476 5393 possunt,

1902 5394 2138 5464 huicque
2160 5390 2296 5447 adeo
2318 5390 2588 5464 ipsiquod
2616 5390 3126 5464 Deusnominatur;
3149 5390 3272 5464 cuin
3297 5398 3350 5446 et
3373 5392 3479 5448 hoc

1902 5460 2192 5534 cujusdam
2224 5464 2296 5517 sit
2330 5460 2562 5517 actionis
2604 5460 2925 5534 et__ell'ectus
2971 5462 3286 5534 connotatio
3320 5480 3332 5515 :
3361 5477 3477 5534 non

1901 5531 2298 5597 ut'Palamitae,
2337 5533 2514 5587 virtus
2556 5537 2611 5586 et
2657 5531 2914 5586 divinitas
2960 5548 3085 5587 vere
3123 5533 3192 5587 ab
3236 5533 3477 5588 essentia

1900 5606 2178 5664 distincta.
2206 5604 2395 5672 illique
2420 5604 2565 5658 velut
2592 5603 2840 5672 quaedam
2870 5602 3144 5658 emanatio
3173 5603 3243 5657 ab
3272 5610 3478 5658 aeterno

1897 5677 2213 5745 conjuncta,
2242 5685 2302 5728 ut
2326 5674 2528 5743 optime
2544 5680 2732 5728 noster
2753 5673 3000 5741 Calecas,
3044 5694 3110 5735 ac
3141 5672 3337 5744 reliqui
3355 5672 3478 5744 ejus

1895 5747 2120 5803 hzeresis
2152 5746 2579 5818 impugnatores.
2613 5745 2688 5798 In.
