3866 6160
402 229 467 287 Ἡ
1386 228 1445 285 S.
1486 226 1820 284 METHODll
1861 225 2169 284 EPISCOPI
2209 228 2299 284 ΕΤ
2340 228 2705 288 MARTYRIS
3606 232 3674 288 72

398 346 511 403 alia
542 346 665 402 aliis
688 347 964 419 opposita,
996 348 1108 403 vita
1133 352 1189 401 et
1229 360 1400 411 mors,
1434 345 1776 416 incorruptio
1796 353 1848 401 et
1870 359 1983 400 cor-

2104 361 2203 417 μεν
2255 365 2364 420 γαρ
2411 366 2559 406 εστιν
2603 350 2814 424 ήζωὴ,
2859 349 3115 423 ἀνισότης
3144 350 3202 405 δὲ
3248 350 3281 422 ή
3325 347 3534 422 φθοράο
3584 353 3676 405 καὶ

398 438 604 508 ruptio.
630 437 843 495 Paritas
871 440 1016 494 enim
1050 445 1135 494 est
1165 438 1275 491 vita
1300 477 1316 502 ,
1369 438 1651 506 imparitas
1706 452 1836 491 vero
1867 451 1992 492 cor-

400 529 586 597 ruptio
614 547 627 584 :
658 538 713 584 et
748 529 1035 584 harmonia
1066 528 1307 600 quidem,
1340 527 1553 599 jnstitia
1578 535 1632 584 et
1661 529 1989 598 prudentia;

401 619 525 690 ejus
548 636 679 675 vero
704 622 944 676 turbatio
967 629 1022 677 et
1046 621 1413 683 dissonantia,
1438 619 1807 691 imprudentia
1830 629 1883 676 et
1908 621 1992 675 in-

399 710 633 783 iustitia.
662 712 837 767 Homo
854 720 1035 768 autem
1066 713 1209 768 inter
1242 713 1358 767 haec
1400 712 1636 776 medius,
1662 728 1842 784 neque
1870 713 1990 784 ipsa

395 799 634 872 justitia,
658 811 713 856 at
741 818 920 873 neque
953 803 1223 872 injustitia
1254 809 1374 857 est:
1411 803 1506 857 sed
1542 803 1595 857 in
1621 804 1992 874 incorruptio—

399 891 490 948 nis
529 908 593 948 ac
622 895 992 965 corruptionis
1038 893 1220 949 medio
1267 895 1633 960 constitutus,
1674 896 1742 951 ad
1775 904 1991 951 utrum-

398 985 488 1042 vis
514 984 709 1040 horum
757 985 1106 1056 propendens
1139 984 1443 1051 deﬂexerit,
1472 987 1527 1041 in
1559 987 1681 1056 ejus
1709 986 1855 1057 quod
1885 987 1988 1041 ob-

400 1077 629 1133 tinuerit
657 1077 861 1131 dicitur
896 1085 1150 1132 naturam
1200 1079 1549 1149 indolemque
1575 1078 1880 1134 transferri.
1930 1077 1988 1133 Si

400 1168 619 1240 quidem
647 1170 792 1223 enim
816 1169 872 1223 in
895 1170 1306 1242 corruptionem
1345 1170 1741 1236 declinaverit,
1797 1187 1989 1226 corru-

396 1261 573 1333 ptioni
600 1261 872 1317 obnoxius
899 1276 966 1316 ac
994 1262 1243 1318 mortalis
1272 1263 1486 1329 evadit;
1523 1262 1608 1318 sin
1638 1263 1695 1316 in
1736 1263 1988 1319 incorru-

397 1351 1123 1424 ptionem,incorruptibilis
1154 1362 1208 1406 et
1236 1352 1582 1407 immortalis.
1635 1353 1697 1405 1n
1749 1352 1988 1407 conlinio

399 1444 601 1515 quippe
630 1443 846 1514 positus
875 1444 1091 1499 arboris
1113 1444 1237 1498 vitae
1256 1453 1310 1497 et
1337 1443 1581 1498 scientiae
1602 1442 1733 1497 boni
1762 1450 1815 1497 et
1832 1443 1984 1508 mali,

401 1537 666 1592 utriusvis
700 1552 859 1607 poma
890 1535 1191 1606 gustaverit
1232 1535 1299 1601 ⁸⁸,
1333 1536 1389 1590 in
1420 1536 1542 1606 ejus
1570 1535 1802 1590 formam
1834 1551 1987 1591 com-

399 1636 668 1693 mutatur,
698 1645 824 1683 cum
854 1644 1032 1698 neque
1054 1629 1170 1699 ipse
1216 1628 1423 1699 lignum
1449 1628 1574 1683 vitae
1594 1667 1609 1692 ,
1659 1643 1838 1698 neque
1863 1643 1987 1683 cor-

2100 437 2336 508 ἀρμονία
2373 440 2536 513 μὲνὴ
2579 441 2893 514 δικαιοσύνη
2935 443 3031 496 καὶ
3076 443 3109 513 η
3155 441 3418 513 φρόνησις
3443 481 3457 505 ,
3509 441 3677 514 ἀναρ-

2102 530 2296 601 μοστία
2334 532 2390 586 δὲ
2424 535 2456 604 ἠ
2496 534 2775 607 ἀφροσύνη
2806 534 2899 589 καὶ
2947 536 2981 605 ἡ
3012 533 3214 587 ἀδικία.
3260 534 3317 586 Ὀ
3364 533 3420 586 δὲ
3471 532 3679 605 ἄνθρω-

2099 641 2220 689 πος,
2258 625 2462 679 τούτων
2496 625 2570 680 ὢν
2599 627 2825 698 μεταξὺ,
2849 625 2972 679 οὔτε
2997 625 3126 679 αὐτὸ
3153 625 3311 680 τοῦτο
3342 624 3675 696 δικαιοσύνη,

2096 715 2220 770 ούτε
2254 719 2361 790 μήν
2390 720 2539 772 ἐστιν
2573 718 2785 773 ἀδικία·
2812 718 2949 772 ἀλλά
2978 719 3077 789 τῆς
3114 718 3422 791 ἀφθαρσίας
3444 719 3500 769 ὲν
3529 716 3677 788 μέσῳ

2099 809 2350 883 βεϐηκὼς
2379 812 2472 864 καὶ
2500 810 2599 882 τῆς
2633 810 2860 882 φθορᾶς,
2886 812 2972 875 εἰς
2988 810 3245 883 ὁπότερον
3274 811 3452 864 αὐτῶν
3483 808 3677 871 νεύσας

2096 904 2397 976 προσκλιθῇ
2443 904 2589 975 (48),
2639 908 2718 969 εἰς
2769 905 2869 976 τὴν
2920 905 3015 958 τοῦ
3085 906 3456 976 κρατήσαντος
3513 917 3678 973 μετα-

2096 993 2386 1049 ϐάλλεσθαι
2413 996 2631 1066 λέγεται
2661 996 2841 1067 φύσιν.
2888 995 3174 1059 Ἐκκλίνας
3205 995 3303 1065 μὲν
3331 992 3440 1066 γὰρ
3472 994 3552 1056 εἰς
3579 989 3678 1064 τὴν

2097 1087 2344 1160 φθορὰν,
2402 1086 2643 1160 φθαρτὸς
2698 1087 2908 1158 γίνεται
2951 1087 3044 1141 καὶ
3085 1084 3308 1158 θνητός·
3352 1087 3432 1148 εἰς
3475 1084 3532 1137 δὲ
3576 1082 3677 1155 τὴν

2094 1180 2425 1254 ἀφθαρσίαν,
2471 1180 2746 1252 ἄφθαρτος
2774 1181 2884 1255 (49)
2924 1181 3018 1234 καὶ
3082 1177 3365 1241 ἀθάνατος.
3409 1176 3676 1249 Μεθόριον

2094 1271 2204 1345 γὰρ
2228 1273 2320 1326 τοῦ
2356 1274 2454 1345 τῆς
2486 1273 2630 1344 ζωῆς
2669 1273 2849 1341 ξύλου,
2890 1271 2984 1327 καὶ
3004 1270 3096 1325 τοῦ
3140 1268 3383 1340 γνωστοῦ
3417 1267 3585 1323 καλοῦ
3613 1283 3677 1321 τε

2097 1365 2193 1418 καὶ
2218 1364 2455 1437 πονηροῦ
2493 1364 2687 1428 τιθεὶς,
2713 1358 2886 1435 οὗπερ
2914 1363 3256 1431 ἀπεγεύσατο
3287 1361 3396 1414 τῶν
3424 1357 3675 1431 καρπῶν,

2094 1456 2174 1519 εἰς
2198 1455 2297 1527 τὴν
2326 1454 2518 1509 τούτου
2563 1457 2657 1509 καὶ
2693 1453 2997 1526 μετεϐλήθη
3029 1454 3272 1525 μορφήν’
3323 1451 3448 1503 οὔτε
3486 1449 3546 1502 τὸ
3576 1447 3679 1515 τῆς

2094 1545 2238 1618 ζωῆς
2276 1546 2430 1614 ξύλον
2478 1548 2637 1612 αὐτὸς
2683 1546 2780 1611 ὢν,
2823 1546 2946 1600 οὔτε
2993 1547 3054 1600 τὸ
3106 1546 3206 1616 τῆς
3258 1544 3490 1616 φθορᾶς
3541 1540 3678 1595 ἀλλὰ

2097 1645 2298 1714 μετοχῇ
2360 1644 2458 1713 μὲν
2506 1644 2600 1697 καὶ
2646 1642 2919 1715 παρουσίᾳ
2961 1642 3165 1714 φθορᾶς
3207 1640 3400 1712 θνητὸς
3447 1636 3675 1708 φανείς⁶

397 1719 674 1790 ruptionis
706 1720 972 1775 exsistat:
1006 1718 1104 1775 sed
1136 1719 1231 1790 qui
1255 1720 1628 1790 corruptionis
1654 1721 1983 1775 commercio

2094 1733 2502 1807 προσοικειώσει
2535 1735 2591 1789 δὲ
2641 1737 2733 1789 καὶ
2770 1735 2965 1807 ἀλοιφῇ
3015 1732 3159 1805 ζωῆς
3198 1733 3475 1806 ἄφθαρτος
3513 1728 3679 1783 πάλιν

396 1818 453 1866 et
482 1813 812 1882 praesentia,
859 1812 1108 1868 mortalis
1163 1820 1533 1879 monstretur;
1578 1813 1986 1869 necessitudine

395 1920 530 1962 vero
552 1911 607 1959 et
639 1905 928 1975 complexu
958 1905 1117 1968 vitae,
1176 1905 1616 1975 incorruptibilis
1664 1920 1884 1961 rursum
1921 1919 1985 1961 ac

395 1994 726 2052 immortalis
747 1996 1137 2062 eniteat;sicut
1160 2003 1214 2050 et
1240 1994 1445 2050 Paulus
1484 1996 1694 2060 docuit,
1729 1994 1923 2052 dicens
1964 2015 1979 2051 :

400 2084 527 2142 Non
572 2088 714 2143 enim
744 2088 1011 2157 corruptio
1045 2087 1334 2156 possidebit
1387 2090 1857 2159 incorruptionem,
1891 2105 1984 2142 ne-

394 2184 495 2253 que
522 2197 661 2235 mors
680 2181 843 2235 vitam
871 2182 916 2212 ⁸⁸
938 2196 957 2235 :
987 2180 1394 2250 corruptionem
1425 2180 1643 2252 quidem
1671 2190 1724 2236 et
1750 2189 1983 2237 mortem

396 2273 593 2329 merito
613 2280 865 2328 statuens
915 2270 961 2328 id
992 2272 1137 2343 quod
1172 2274 1479 2344 corrumpit
1539 2281 1703 2344 atque
1757 2272 1981 2338 occidit,

397 2380 505 2419 non
539 2366 686 2436 quod
719 2367 1093 2436 corrumpitur
1115 2372 1277 2420 autve
1302 2366 1533 2420 moritur
1564 2385 1577 2420 :
1612 2367 1691 2421 uti
1711 2374 1767 2421 et
1795 2366 1983 2421 incor-

396 2460 705 2526 ruptionem
737 2464 792 2511 et
834 2457 1001 2511 vitam
1027 2496 1041 2518 ,
1066 2456 1244 2526 ipsum
1277 2455 1423 2527 quod
1451 2456 1761 2512 immortale
1802 2467 1856 2514 et
1896 2457 1982 2513 vi-

395 2562 524 2604 vum
550 2556 794 2618 praestat,
824 2563 936 2603 non
964 2548 1109 2618 quod
1143 2547 1555 2603 immortalitate
1588 2556 1643 2602 et
1676 2551 1784 2604 vita
1810 2551 1984 2605 dona-

395 2645 509 2697 tur.
573 2639 757 2707 Quare
832 2656 1010 2711 neque
1068 2640 1477 2695 inconcinnitas
1530 2654 1632 2695 nec
1693 2641 1982 2712 imparitas

397 2734 560 2789 homo
579 2743 686 2798 est,
718 2749 896 2805 neque
926 2734 1055 2788 item
1113 2735 1319 2804 paritas
1362 2742 1418 2787 et
1444 2734 1832 2791 concinnitas:
1883 2735 1981 2792 scd

399 2827 489 2882 ubi
520 2826 1008 2882 inconcinnitatem
1058 2825 1586 2896 (praevaricationem
1621 2828 1833 2883 scilicet
1854 2842 1985 2897 pec-

394 2919 709 2990 catumque)
726 2917 972 2983 admisit,
1004 2918 1371 2974 inconcinnus
1392 2918 1766 2990 deformisque
1784 2920 1978 2987 evasit;

395 3012 489 3067 ubi
522 3027 654 3067 vero
669 3010 1013 3066 harmoniam
1044 3026 1109 3066 ac
1127 3013 1553 3067 concinnitatem
1585 3011 1983 3083 (nempejusti-

2096 1830 2191 1882 xui.
2219 1828 2513 1894 ἀθάνατος·
2546 1828 2734 1904 ὥσπερ
2773 1830 2866 1883 καὶ
2899 1831 2927 1883 ό
2962 1828 3173 1892 Παῦλος
3212 1826 3438 1894 ἐδίδαξε,
3463 1825 3675 1894 λέγων’

2096 1924 2178 1976 Οὐ
2226 1925 2336 1991 γὰρ
2377 1923 2416 1991 ἡ
2460 1921 2651 1991 φθορὰ
2678 1921 3121 1990 κληρονομήσει
3153 1920 3267 1989 τὴν
3296 1919 3675 1989 ἀφθαρσίαν,

2091 2012 2235 2068 οὐδὲ
2263 2017 2296 2067 d
2329 2012 2585 2081 θάνατος
2613 2014 2728 2084 τὴν
2754 2014 2907 2083 ζωήν
2925 2033 2938 2046 ·
2973 2014 3177 2086 φθορὰν
3207 2014 3305 2083 μὲν
3331 2014 3425 2067 καὶ
3446 2012 3680 2066 θάνατον

2092 2104 2223 2158 αὐτὸ
2262 2104 2322 2158 τὸ
2357 2106 2578 2178 φθεῖρον
2600 2106 2923 2178 ὁρισάμενος
2954 2106 3124 2159 εἰκότι
3158 2104 3302 2176 λόγῳ
3338 2105 3433 2158 καὶ
3460 2105 3519 2158 τὸ
3542 2105 3683 2157 ἀπο-

2091 2200 2322 2265 κτεῖνον,
2347 2198 2460 2253 ἀλλ’
2480 2199 2541 2252 ού
2570 2199 2633 2252 τὸ
2661 2198 3014 2270 φθειρόμενον
3039 2199 3133 2253 καὶ
3165 2197 3399 2269 θνῆσκον
3418 2214 3433 2229 ’
3463 2197 3682 2269 ἀφθαρ-

2093 2291 2216 2345 σίαν
2246 2290 2302 2344 δὲ
2336 2292 2429 2345 καὶ
2459 2290 2602 2363 ζωὴν
2636 2292 2766 2346 αὐτὸ
2793 2292 2852 2344 τὸ
2877 2290 3200 2357 ἀθανατίζον
3232 2292 3326 2344 καί¹
3355 2289 3678 2356 ζωοποιοῦν,

2091 2380 2205 2434 ἀλλ’
2243 2382 2305 2434 ού
2344 2381 2402 2435 τὸ
2435 2382 2891 2455 ἀθανατιζόμενον
2919 2382 3012 2434 καὶ
3039 2380 3483 2452 ζωοποιούμενον.
3513 2381 3682 2435 Ὥστε

2090 2473 2215 2527 ούτε
2265 2474 2607 2546 ἀναρμοστία
2647 2475 2741 2528 καὶ
2793 2474 3047 2545 ἀνισότης
3095 2477 3124 2528 6
3164 2473 3451 2546 ἄνθρωπός
3488 2476 3679 2541 ἐστιν,

2090 2568 2216 2622 οὒτε
2250 2569 2355 2641 μὴν
2389 2570 2573 2641 ἰσότης
2603 2568 2698 2624 καὶ
2730 2568 3067 2640 εὐαρμοστία
3088 2586 3103 2599 υ
3152 2568 3267 2623 ἀλλ’
3295 2570 3383 2623 ὅτε
3423 2569 3522 2640 μὲν
3553 2567 3680 2621 ἑδέ-

2091 2662 2219 2729 ξατο
2250 2663 2347 2734 τὴν
2370 2662 2759 2733 ἀναρμοστίαν,
2789 2660 2953 2733 (ὅπερ
2973 2659 3091 2714 ἐστὶ
3115 2659 3213 2733 τὴν
3242 2642 3553 2733 παράϐασιν
3582 2658 3682 2713 καὶ

2088 2756 2188 2826 τὴν
2222 2752 2554 2825 ἀμαρτίαν,)
2584 2751 2805 2820 γέγονεν
2851 2751 3192 2823 ἀνάρμοστος
3234 2751 3330 2805 καὶ
3380 2751 3677 2823 ἀπρεπής·

2089 2847 2179 2901 ὅτε
2219 2847 2275 2901 δὲ
2297 2848 2396 2917 τὴν
2439 2844 2723 2917 ἁρμονίαν,
2760 2845 3005 2898 τουτέστι
3038 2844 3135 2915 τὴν
3173 2844 3540 2916 δικαιοσύνην,
3586 2842 3684 2912 γέ-

2089 2953 2245 3007 γονεν
2290 2936 2626 3008 εὐάρμοστον
2677 2933 2908 3006 ὄργανον
2960 2934 3055 2987 καὶ
3100 2933 3407 3005 εὐπρεπές·
3442 2933 3596 2997 ὅπως
3651 2934 3682 2986 6

2089 3027 2315 3099 Κύριος,
2348 3028 2381 3096 ἡ
2411 3025 2689 3099 ἀφθαρσία
2726 3025 2998 3097 νικήσασα
3032 3023 3124 3078 τὸν
3153 3023 3406 3088 θάνατον,
3438 3024 3683 3095 εύήχως,

393 3102 907 3171 tiam).concinnum
934 3116 1201 3171 organum
1248 3101 1560 3171 decensque
1587 3100 1813 3156 effectus
1845 3107 1930 3157 est
1963 3120 1977 3156 :

2094 3120 2181 3192 τὴν
2204 3121 2500 3175 ἀνάστασιν
2532 3117 2814 3190 μελῳδήσῃ
2863 3119 2929 3188 τῇ
2964 3118 3145 3190 σαρκὶ,
3184 3116 3258 3189 μὴ
3291 3116 3460 3181 ἐάσας
3503 3115 3684 3187 αὐτὴν

392 3209 506 3265 quo
553 3193 766 3249 scilicet
800 3192 1065 3248 Dominus
1111 3194 1329 3261 (mortis
1358 3194 1453 3248 illa
1482 3194 1684 3248 victrix
1729 3193 1983 3247 incorru-

394 3289 530 3362 ptio)
563 3304 763 3345 sonore
790 3289 1254 3344 resurrectionem
1286 3289 1439 3346 carni
1472 3287 1815 3351 moduletur,
1870 3302 1983 3342 non

393 3382 585 3439 sinens
614 3396 736 3437 eam
766 3397 962 3437 rursus
993 3380 1262 3451 possideri
1294 3396 1323 3435 a
1347 3381 1719 3451 corruptione.
1772 3380 1849 3437 De
1878 3380 1984 3436 hoc

390 3490 613 3547 queque
640 3475 818 3544 capite
847 3474 984 3530 satis
1014 3474 1280 3531 hactenus
1323 3475 1528 3531 dictum
1556 3484 1661 3530 est.

2088 3211 2561 3284 κληρονομηθῆναι
2600 3210 2762 3263 πάλιν
2791 3209 2895 3262 ὑπὸ
2922 3209 3025 3281 τῆς
3064 3209 3291 3282 φθορᾶς.
3316 3210 3427 3264 Καὶ
3464 3209 3565 3281 μὲν
3616 3208 3685 3281 δὴ

2089 3305 2185 3359 καὶ
2215 3304 2343 3377 περὶ
2377 3303 2580 3358 τούτων
2612 3301 2784 3356 ταῦτα
2811 3301 2911 3375 ἤδη
2945 3300 3206 3373 λελέχθω.

390 3592 522 3651 CAP.
550 3592 686 3649 Vlll.
717 3591 1005 3660 Sapientia:
1027 3607 1145 3650 ossa
1178 3601 1229 3648 et
1249 3609 1398 3649 caro.
1432 3592 1597 3648 Costa
1623 3607 1688 3644 ex
1714 3607 1816 3661 quo
1841 3587 2370 3661 [ormutarspiritalis
2400 3585 2530 3651 Eva,
2568 3583 2802 3656 Spiritus
2834 3594 3073 3642 sanctus.
3109 3583 3243 3640 Ade:
3272 3585 3517 3657 adjutria:
3558 3604 3689 3645 mu-

1501 3664 1618 3728 lier,
1659 3660 1932 3728 desponsa:
1969 3660 2180 3714 Christo
2212 3661 2461 3723 virqines.

466 3780 894 3837 Praestruximus
922 3780 1068 3836 enim
1100 3797 1210 3836 non
1245 3781 1460 3838 levibus
1489 3797 1554 3837 ex
1582 3780 1865 3851 Scriptura
1890 3794 1983 3849 pe-

390 3870 510 3928 titis
541 3872 877 3935 rationibus,
932 3874 1175 3944 primum
1232 3873 1510 3928 hominem
1548 3882 1695 3928 recte
1735 3872 1791 3926 in
1824 3870 1985 3926 Chri-

393 3973 540 4023 stum
571 3965 760 4020 rel'erri
786 3981 965 4036 posse,
992 3966 1086 4037 qui
1139 3979 1248 4020 non
1279 3967 1394 4036 jam
1433 3964 1602 4037 ﬁgura
1649 3972 1704 4019 et
1758 3964 1986 4019 simula—

392 4072 549 4112 crum
574 4063 738 4126 atque
768 4057 947 4127 imago
978 4055 1255 4128 Unigeniti
1282 4057 1374 4121 sit,
1401 4058 1494 4112 sed
1519 4063 1577 4111 et
1615 4057 1720 4110 hoc
1765 4057 1944 4127 ipsum
1965 4095 1981 4120 ,

394 4146 676 4217 Sapientia
712 4145 1060 4218 Verhumque
1091 4148 1352 4203 evaserit.
1395 4148 1578 4203 instar
1625 4147 1770 4203 enim
1828 4162 1983 4218 aquae

391 4239 717 4294 commistus
764 4238 927 4296 homo
960 4241 1242 4310 sapientiae
1297 4256 1363 4295 ac
1409 4242 1576 4306 vitae,
1639 4239 1744 4295 hoc
1800 4238 1981 4297 factus

389 4340 499 4400 est,
524 4332 667 4403 quod
697 4340 814 4388 erat
842 4335 933 4387 illa
964 4334 1081 4404 ipsa
1112 4334 1412 4406 purissima
1456 4334 1550 4387 lux
1597 4348 1719 4403 qua:
1758 4331 1816 4387 in
1851 4347 1978 4388 eum

2160 3776 2652 3850 Προγεγύμνασται
2703 3774 2812 3848 γὰρ
2850 3775 2987 3847 μετά
3022 3776 3331 3831 συστάσεων
3366 3777 3467 3829 οὐκ
3502 3776 3687 3831 εὐκα-

2084 3873 2438 3943 ταφρονήτων
2461 3871 2525 3922 ἐκ
2554 3869 2652 3940 τῆς
2687 3867 2935 3941 Γραφῆς,
2959 3867 3034 3930 ὡς
3057 3867 3165 3940 ἄρα
3185 3869 3215 3920 6
3249 3865 3689 3939 πρωτόπλαστος

2084 3964 2301 4027 οἰκείως
2473 3963 2553 4026 εἰς
2582 3960 2744 4015 αὐτὸν
2774 3959 3139 4031 ἀναφέρεσθαι
3169 3959 3389 4013 δύναται
3418 3959 3509 4014 τὸν
3541 3961 3692 4031 Χρι-

2088 4057 2232 4122 στὸν,
2259 4056 2442 4111 ούκέτι
2466 4055 2633 4118 τύπος
2654 4052 2730 4107 ὢν
2755 4051 2866 4125 (51)
2899 4052 2994 4105 καὶ
3024 4051 3343 4123 ἀπείκασμα
3388 4052 3554 4123 μόνον
3584 4051 3688 4105 καὶ

2091 4149 2255 4203 εἰκὼν
2284 4148 2380 4202 τοῦ
2410 4145 2782 4217 Μονογενοῦς,
2824 4143 2959 4197 ἀλλά
2996 4144 3091 4196 καὶ
3131 4143 3457 4202 αύτὸ,τοῦτο
3510 4145 3690 4213 σοφία

2088 4244 2328 4309 γεγονὼς
2356 4241 2450 4294 καὶ
2481 4239 2672 4306 Λόγος.
2696 4236 2864 4308 Δίκην
2902 4234 3010 4307 γὰρ
3050 4234 3239 4299 ὓδατος
3272 4236 3689 4308 συγκερασθεὶς

2085 4333 2115 4386 6
2146 4330 2431 4403 ἄνθρωπος
2451 4335 2518 4404 τῇ
2544 4331 2707 4402 σοφίᾳ
2738 4331 2834 4403 καὶ
2863 4331 2929 4400 τῇ
2954 4327 3088 4399 ζωῇ,
3107 4327 3266 4382 τοῦτο
3285 4329 3510 4397 γέγονεν
3533 4330 3690 4402 ὅπερ

393 4426 562 4482 venit.
605 4423 759 4481 Unde
786 4427 1084 4498 Apostolus
1141 4436 1290 4485 recte
1334 4426 1403 4483 ad
1433 4424 1711 4482 Christum
1772 4425 1974 4480 direxit

2094 4419 2148 4497 ῆν
2190 4423 2321 4479 αὐτὸ
2365 4423 2424 4477 τὸ
2464 4425 2544 4487 είς
2569 4423 2728 4477 αὐτὸν
2768 4420 3190 4492 ὲγκατασκῆψαν
3242 4419 3483 4491 ἄκρατον
3533 4420 3684 4491 φῶς.

463 4583 513 4618 ⁸⁸
551 4582 683 4641 Gen.
745 4602 803 4651 ιι,
844 4586 898 4641 9.
975 4587 1021 4619 ⁸³
1069 4583 1099 4639 Ι
1130 4583 1254 4640 Cor.
1299 4600 1390 4649 xv,
1447 4580 1538 4638 50.

464 4700 577 4773 (£8)
602 4699 974 4773 Προσκλιθῇ.
1012 4701 1091 4773 ita
1121 4715 1224 4773 ms.
1249 4699 1373 4754 cod.
1409 4698 1610 4754 Mazar.
1645 4707 1701 4755 et
1723 4697 1977 4753 Allatius.

389 4769 691 4844 AtHVAa'tic;
720 4771 1099 4844 περικαμφθῇ.
1131 4769 1420 4844 βοκιιεῖιε.

465 4842 579 4912 (49)
616 4838 960 4912 Ἀφθιίρτοςξ.
985 4838 1238 4902 ᾹιΪιιιίιιε,
1274 4838 1624 4912 ἄφθιτοςεῐο.

391 4981 415 5038 Ι
471 4909 586 4984 (50)
622 4909 884 4982 owing.
935 4912 1039 4970 Ms.
1090 4912 1290 4966 Mazar.
1326 4909 1466 4967 cum
1509 4911 1700 4977 Allat.,
1736 4909 1979 4974 δικαίως.

417 4999 471 5038 n.

417 4999 471 5040 ἰ).

468 5052 581 5122 (51)
610 5053 819 5107 Οὐκέτι
851 5054 1040 5119 τύπος
1066 5051 1172 5108 ὧν.
1210 5051 1285 5108 De
1307 5050 1533 5123 Christo
1561 5053 1697 5109 satis
1726 5051 1984 5123 intelligi-

393 5133 506 5185 tur,
539 5124 640 5178 etsi
676 5125 822 5177 nulla
853 5124 1282 5179 substantiarum
1305 5122 1647 5187 confusione,
1679 5124 1775 5179 sed
1805 5125 1981 5179 solum

397 5193 476 5262 τῷ
508 5193 632 5265 καθ’
658 5193 976 5265 ὑπόστασιν.
1022 5192 1098 5249 De
1130 5194 1337 5248 Adamo
1366 5209 1535 5265 vero,
1555 5195 1720 5265 idque
1747 5199 1981 5249 necdum

400 5264 630 5333 gratiam
656 5279 751 5332 per
780 5264 1058 5319 Christum
1096 5272 1413 5327 consecuto,
1446 5264 1543 5321 sed
1576 5264 1669 5321 Dei
1699 5266 1812 5321 sola
1845 5265 1984 5319 libco

398 5335 635 5397 ralitate,
664 5334 756 5401 qui
782 5351 924 5388 unus
945 5336 1061 5403 ipse
1091 5336 1211 5403 ejus
1232 5335 1442 5389 ordinis
1473 5346 1663 5390 auctor
1683 5336 1976 5391 exstiterit.

399 5404 674 5477 quomodo
708 5420 814 5457 non
848 5405 1051 5477 Christi
1090 5406 1258 5475 ﬁgura
1310 5421 1373 5460 ac
1419 5409 1851 5477 repraesentatio,
1882 5404 1979 5460 scd

397 5473 504 5529 hoc
533 5473 886 5545 ipsumquod
919 5475 1088 5542 Λόγος
1130 5473 1187 5530 in
1228 5478 1407 5545 ipsum
1443 5473 1741 5532 adveniens
1773 5492 1837 5531 ac
1866 5476 1982 5545 ipse

400 5559 587 5618 revera
611 5543 874 5618 Christus
898 5546 1192 5618 exstiterit,
1222 5543 1284 5600 ac
1307 5548 1453 5601 velut
1476 5551 1580 5602 hoc
1604 5550 1679 5601 illi
1703 5543 1980 5618 peculiare

397 5616 501 5679 sit;
538 5614 772 5687 hincque
812 5614 947 5687 adeo
992 5616 1058 5687 ad
1092 5616 1370 5670 Christum
1403 5619 1560 5684 quasi
1594 5614 1979 5687 per’identita-

399 5693 507 5740 tem
538 5685 829 5750 referatur,
870 5686 954 5740 vel
988 5685 1149 5740 aliter
1175 5700 1337 5752 quam
1377 5688 1552 5742 sancti
1580 5685 1797 5759 reliqui,
1831 5686 1977 5743 acci-

2084 4693 2335 4749 dentario
2372 4692 2518 4749 dono
2557 4693 2761 4764 gratiae,
2806 4707 2913 4762 qua
2944 4689 3029 4764 'dii
3059 4690 3469 4764 quodammodo
3501 4694 3692 4750 eliici-

2088 4781 2235 4831 mur,
2285 4764 2468 4819 divino
2522 4761 2580 4817 in
2627 4764 2789 4820 nobis
2826 4761 3049 4817 semine
3098 4763 3152 4815 in
3207 4761 3464 4818 deitatem
3519 4766 3689 4821 aucti

2090 4835 2390 4891 secundum
2437 4842 2653 4889 tenuem
2709 4832 2999 4904 quamdam
3053 4832 3447 4904 imitationem,
3502 4851 3689 4892 unam

2090 4907 2264 4976 ipsam
2295 4916 2487 4959 contra
2507 4902 3202 4976 unionemltypostaticam
3234 4902 3476 4976 hominis
3497 4909 3696 4976 possi-

2089 4972 2278 5041 liilem,
2312 4991 2422 5030 non
2465 4975 2624 5029 video
2669 4981 2729 5029 ut
2775 4972 3080 5027 Methodius
3128 4988 3196 5026 ex
3242 4972 3532 5043 Scriptura
3580 4977 3693 5030 ba-

2088 5047 2288 5113 huerit,
2323 5054 2416 5100 aut
2449 5046 2679 5101 suadere
2711 5043 2902 5112 possit.
2939 5042 3275 5114 A’AVépN'rjd't;
3295 5042 3488 5113 (idest
3527 5062 3691 5101 com-

2088 5112 2421 5185 memoratio)
2453 5116 2643 5170 mortis
2665 5113 2873 5185 Christi
2902 5112 3129 5183 ejusque
3156 5112 3433 5183 passiOnis
3467 5131 3596 5185 Ipsa
3627 5124 3691 5173 et

2086 5189 2143 5243 in
2172 5184 2462 5258 baptismo,
2494 5188 2549 5241 in
2583 5200 2691 5256 quo
2725 5185 2781 5258 in
2808 5184 2927 5258 ejus
2947 5194 3176 5258 mortem
3198 5184 3552 5255 intingimur,
3579 5204 3689 5243 seu

2087 5255 2657 5328 illam—adumbramus
2742 5257 2797 5309 in
2827 5255 3168 5310 Eucharistia
3194 5270 3325 5310 vero
3353 5258 3689 5328 augustius,

2088 5331 2145 5384 in
2182 5344 2288 5400 qua
2317 5328 2497 5383 nostri
2526 5327 2656 5381 Adze
2686 5324 2939 5389 ἔκστασις
2969 5334 3023 5400 et
3053 5334 3406 5400 sopor-totus
3434 5324 3693 5400 mystice

2085 5396 2386 5472 peragitur,
2418 5413 2481 5452 ac
2506 5412 2636 5472 num
2659 5412 2756 5472 per
2783 5396 3063 5472 κοινωνίαν
3094 5397 3426 5472 peculiarius
3457 5396 3690 5472 Metho-

2086 5467 2504 5526 dius'iudicare
2547 5467 2814 5523 voluerit?
2849 5472 2904 5521 in
2933 5482 3041 5536 qua
3072 5467 3259 5536 utique
3291 5480 3528 5523 mortem
3570 5468 3695 5526 Do—

2087 5542 2243 5607 mini,
2280 5540 2557 5612 ipsaejus
2605 5538 2915 5607 sumptione
2962 5538 3105 5612 (qua;
3140 5538 3692 5612 prid_em_bap_tism_o

2084 5627 2269 5666 comes
2299 5606 2436 5681 erat)
2468 5606 2986 5683 commemoramus,
3019 5607 3124 5675 vel,
3142 5606 3218 5662 fut
3244 5606 3695 5683 Paulus'loqui-

2083 5691 2194 5750 tur,
2222 5676 2631 5737 annuntiamus.
2662 5676 2739 5733 In.
