3866 6160
195 293 259 345 73
568 252 577 262 ’
1281 288 1657 344 ςοκγινιωι
1699 287 1924 342 occsa
1966 286 2320 343 vmcmuu.

3368 284 3444 342 τι

198 409 353 463 Ὅθεν
392 409 422 462 ό
465 409 786 474 ’Λπόστολος
819 410 1120 474 εὐθυϐόλως
1148 411 1228 473 είς
1264 410 1501 483 Χριστὸν
1533 411 1763 481 ἀνηκόν-

1887 427 1994 480 inte
2025 410 2093 465 de
2135 409 2346 465 Adamo
2387 407 2534 463 dicta
2568 415 2744 464 erant.
2791 406 2882 463 Sic
2931 407 3076 465 enim
3109 411 3346 465 maxime
3375 427 3443 470 ex

197 517 306 553 τισε
341 500 407 554 τά
440 500 582 554 κατὰ
607 500 698 554 τὸν
753 500 943 574 ’Δδάμ.
979 500 1165 564 Οὕτως
1193 501 1302 575 γὰρ
1336 500 1404 558 ἂν
1439 502 1673 573 μάλιστα
1709 504 1774 560 ὲκ

195 593 299 646 τῶν
333 592 507 646 ὀστῶν
552 591 716 646 αὐτοῦ
768 594 860 647 καὶ
899 592 998 664 τῆς
1049 593 1252 665 σαρκὸς
1299 593 1399 665 τὴν
1451 593 1775 664 Ἐκκλησίαν

197 684 548 755 συμφωνήσει
586 685 900 753 γεγονέναι·
931 679 1000 756 ἦς
1029 684 1094 756 δὴ
1125 684 1308 757 χάριν,
1330 683 1660 754 καταλείψας
1684 685 1775 739 τὸν

199 774 414 847 Πατέρα
471 775 563 829 τὸν
603 777 672 829 ἐν
731 779 845 841 τοῖς
883 777 1131 848 οὐρανοῖς
1154 817 1171 843 ,
1211 777 1481 848 κατῆλθεν
1529 778 1561 830 ὁ
1603 776 1776 846 Λόγος

200 864 805 936 προσκολληθησόμενος
846 869 912 937 τῇ
953 867 1214 936 γυναικίο
1268 869 1364 923 καὶ
1411 867 1628 922 ὕπνωσε
1677 867 1776 939 τὴν

199 955 452 1010 ἔκστασιν
485 956 582 1011 τοῦ
613 957 850 1022 πάθους,
895 958 1159 1024 ἑκουσίως
1201 959 1342 1031 ὑπὲρ
1368 959 1542 1030 αὐτῆς
1567 957 1777 1014 ἀποθα-

198 1048 303 1103 νών
324 1067 339 1080 ·
378 1051 578 1117 Ὅπως
609 1050 792 1117 αὐτὸς
822 1048 1016 1116 ἐαυτῷ
1067 1051 1431 1121 παραστήσῃ
1484 1050 1610 1120 τὴν
1650 1053 1777 1108 Ἐκ·-

200 1141 467 1208 aduolar-
487 1140 744 1205 ἔνδοξον
767 1142 866 1194 καὶ
889 1142 1150 1212 ἄμωμον,
1181 1141 1512 1211 καθαρίσας
1538 1141 1619 1208 τῷ
1637 1146 1779 1197 λου-

200 1231 335 1300 τρῷ,
361 1231 498 1302 πρὸς
528 1232 794 1303 ὑποδοχὴν
825 1232 918 1286 τοῦ
952 1232 1145 1304 νοητοῦ
1179 1235 1272 1287 καὶ
1300 1235 1571 1305 μακαρίου
1607 1235 1777 1308 σπέρ-

202 1341 390 1395 ματος,
415 1325 446 1378 ὃ
480 1325 690 1396 σπείρει
711 1326 808 1395 μὲν
828 1325 987 1390 αὐτὸς
1011 1326 1237 1398 ύπηχῶν
1269 1328 1362 1380 καὶ
1390 1327 1780 1398 καταφυτεύων

199 1415 257 1467 ὲν
277 1414 356 1484 τῷ
379 1413 533 1484 βάθει
563 1414 657 1468 τοῦ
677 1415 828 1480 νοός»
859 1416 1178 1486 ὑποδέχεται
1205 1417 1378 1473 δὲκαὶ
1402 1423 1599 1493 μορφοῖ
1623 1420 1780 1492 δίκην

198 1507 462 1573 γυναικὸς
488 1509 521 1578 ἡ
556 1506 849 1580 Ἐκκλησία
880 1510 959 1572 είς
995 1508 1056 1562 τὸ
1086 1511 1280 1580 γεννᾷν
1323 1511 1423 1583 τὴν
1453 1511 1654 1584 ἀρετὴν
1684 1512 1779 1566 καὶ

198 1599 507 1670 ἐκτρέφειν.
540 1599 725 1674 Ταύτῃ
768 1600 878 1671 γὰρ
905 1601 1099 1665 καὶτὸ,
1119 1601 1470 1667 Αῠξὰνεσθε
1503 1604 1601 1657 καὶ
1627 1607 1780 1672 πλη-

199 1692 478 1756 θύνεσθε,
515 1690 818 1766 πληροῦται
863 1693 1281 1764 προσηκόντως,
1325 1698 1404 1760 εἰς
1432 1696 1659 1768 μέγεθος
1685 1697 1779 1752 καὶ

1870 503 2095 558 ossibus
2119 509 2173 557 et
2199 517 2266 557 ex
2309 514 2474 555 carne
2512 500 2633 570 ejus
2677 499 2974 556 Ecclesiam
3004 501 3282 558 exstitisse
3312 518 3446 558 con-

1873 593 2065 649 venit:
2102 593 2262 664 cujus
2299 592 2509 647 scilicet
2555 593 2763 662 gratia,
2800 591 2993 646 relicto
3033 589 3196 649 Patre
3235 594 3328 664 qui
3360 605 3446 648 est

1873 687 1930 741 in
1959 687 2134 748 oculis,
2167 683 2451 740 descendit
2483 682 2720 738 Verbum
2757 691 2818 738 ut
2849 684 3148 740 adhaereret
3182 686 3361 749 uxori,
3391 695 3446 741 et

1873 779 2131 834 dormivit
2157 779 2419 835 exstasim
2460 777 2755 848 passionis,
2785 784 2979 844 sponte
3030 791 3131 848 pro
3185 777 3278 831 illa
3327 792 3446 832 mo-

1874 871 2063 928 riens:
2109 869 2178 926 Ut
2213 871 2322 940 ipse
2359 869 2460 925 sibi
2491 869 2754 925 exhiberet
2804 867 3100 924 Ecclesium
3157 870 3445 941 gloriosam

1869 973 1924 1018 et
1961 963 2383 1028 immaculatum,
2411 964 2672 1018 mundana
2688 979 2807 1018 eam
2835 962 3049 1017 lavacro
3078 962 3150 1028 ⁸ο,
3181 963 3251 1017 ad
3283 963 3444 1033 spiri-

1877 1056 1983 1112 tale
2014 1056 2341 1126 beatumque
2369 1071 2555 1112 semen
2578 1054 3009 1128 suscipiendum.
3041 1054 3186 1126 quod
3215 1055 3443 1110 seminat

1876 1149 1995 1218 ipse
2016 1149 2374 1206 insusurrans
2405 1149 2770 1220 plantansque
2815 1150 2872 1205 in
2899 1149 3100 1204 mentis
3151 1148 3445 1218 penetrali-

1875 1244 1982 1300 bus
2012 1263 2025 1298 :
2059 1243 2301 1314 concipit
2328 1258 2457 1298 vero
2503 1249 2558 1298 et
2595 1242 2794 1296 format
2821 1247 2996 1297 instar
3025 1241 3214 1295 uxoris
3253 1239 3446 1293 Eccle-

1877 1337 1978 1402 sia,
2018 1335 2084 1390 ad
2117 1334 2481 1407 generandam
2515 1335 2766 1390 virtutem
2802 1348 2868 1388 ac
2893 1331 3298 1388 enutriendam.
3341 1329 3450 1386 Per

1877 1446 2002 1487 eum
2033 1443 2267 1499 namque
2307 1427 2528 1485 modum
2565 1429 2954 1484 convenienter
2981 1427 3266 1496 impletur,
3300 1425 3448 1497 quod

1879 1517 1953 1572 ita
1975 1523 2299 1588 praeceptum
2339 1526 2424 1572 est
2468 1517 2516 1550 ⁵³
2552 1535 2567 1572 :
2623 1517 2855 1573 Crescite
2889 1525 2939 1570 et
2985 1517 3448 1586 multiplicamini;

1877 1607 2010 1663 dum
2045 1609 2162 1679 ipsa
2197 1608 2440 1664 Ecclesia
2483 1623 2580 1679 per
2623 1607 2786 1666 Verbi
2815 1609 3064 1679 copulam
3103 1619 3158 1666 et
3203 1625 3451 1669 commas

1880 1698 2120 1763 nionem,
2152 1699 2451 1754 etiamnum
2483 1699 2668 1755 adhuc
2715 1715 2776 1756 se
2822 1701 2983 1758 nobis
3029 1701 3366 1766 inclinantis,
3397 1712 3452 1758 et

201 1783 398 1848 κάλλος
432 1785 527 1838 καὶ
571 1784 774 1856 πλῆθος
805 1785 927 1840 καθ’
960 1785 1178 1857 ἡμέραν
1209 1786 1582 1861 αὐξανομένης
1608 1789 1782 1861 αὐτῆς

1887 1807 1980 1862 per
2029 1791 2301 1860 passionis
2339 1794 2916 1849 commemorationem
2947 1796 3212 1850 exstasim
3247 1795 3452 1856 facien-

200 1876 289 1930 διὰ
327 1876 425 1948 τὴν
461 1876 708 1949 σύνερξιν
748 1878 844 1930 καὶ
884 1878 1169 1932 κοινωνίαν
1201 1879 1296 1932 τοῦ
1326 1880 1497 1949 Λόγου
1518 1919 1533 1944 ,
1571 1898 1780 1950 συγκα-

201 1969 553 2034 Wo;
590 1973 715 2042 ημῖν
746 1968 826 2022 ἐτι
858 1970 951 2022 καὶ
993 1968 1110 2034 νῦν,
1138 1971 1234 2024 καὶ
1259 1969 1611 2043 ἐξισταμένου
1645 1973 1784 2028 κατὰ

202 2065 300 2136 τὴν
325 2064 634 2137 ἀνάμνησιν
671 2061 764 2116 τοῦ
798 2061 1022 2126 πάθους.
1059 2063 1134 2115 Οὐ
1161 2063 1270 2135 γὰρ
1305 2063 1371 2116 ἂν
1391 2063 1564 2128 ἄλλως
1591 2067 1626 2137 ὴ
1665 2066 1786 2121 Ἐκ-

204 2155 405 2226 κλησῐα
440 2154 727 2209 συλλαϐεῖν
758 2157 884 2219 τοὺς
910 2155 1263 2220 πιστεύοντας
1301 2157 1393 2210 καὶ
1425 2158 1784 2230 ἀναγεννῆσαι

199 2249 288 2304 διὰ
329 2249 560 2321 λουτροῦ
606 2249 705 2320 τῆς
732 2249 1152 2318 παλιγγενεσίας
1182 2249 1421 2314 δύναιτο,
1452 2250 1547 2304 ἐὰν
1578 2251 1654 2323 μὴ
1693 2252 1787 2306 καὶ

200 2342 292 2396 διὰ
322 2341 552 2406 τούτους
583 2343 613 2396 ό
658 2342 891 2412 Χριστὸς
926 2341 1169 2407 κενώσας
1199 2343 1413 2410 ἑαυτὸν,
1448 2345 1535 2398 ἵνα
1559 2343 1786 2418 χωρηθῇ

202 2435 346 2488 κατὰ
396 2434 496 2504 τὴν
549 2434 1050 2503 ἀνακεφαλαίωσιν,
1096 2434 1172 2499 ὡς
1204 2435 1372 2507 ἔφην,
1410 2435 1505 2491 τοῦ
1542 2438 1747 2500 πάθους
1769 2477 1787 2502 ,

205 2527 371 2582 πάλιν
400 2527 651 2599 ἀποθάνῃ
688 2527 932 2592 καταϐὰς
962 2528 1024 2594 ἐξ
1066 2529 1334 2601 οὐρανῶν,
1376 2531 1492 2594 καὶ,
1527 2531 1792 2602 προσκολ-

201 2619 393 2690 ληθεὶς
447 2621 517 2691 τῇ
552 2617 745 2672 ἑαυτοῦ
782 2620 1001 2688 γυναικὶ
1051 2623 1117 2692 τῇ
1152 2621 1479 2692 Ἐκκλησία,
1521 2623 1790 2696 παράσχοι

201 2711 308 2782 τῆς
341 2710 587 2784 πλευρᾶς
631 2711 983 2781 ἀφαιρεῖσθαι
1026 2711 1125 2782 τῆς
1156 2712 1350 2766 ἑαυτοῦ
1383 2713 1614 2784 δύναμίν
1645 2730 1789 2780 τινα,

201 2805 358 2869 ὅπως
385 2802 698 2876 αὐξηθῶσιν
728 2804 776 2857 οἱ
801 2806 861 2856 ὲν
890 2803 1038 2875 αὐτῷ
1066 2805 1506 2878 οίκοδομηθέντες
1529 2808 1790 2872 ἅπαντες,

202 2898 252 2952 οἱ
273 2895 673 2969 γεγεννημένοι
699 2896 787 2952 διὰ
822 2897 916 2950 τοῦ
962 2896 1208 2970 λουτροῦ,
1244 2899 1310 2952 ὲκ
1354 2898 1462 2952 τῶν
1491 2898 1664 2954 ὀστῶν
1697 2899 1792 2954 κα)⁵

205 2992 273 3044 ὲκ
297 2991 402 3061 τῆς
447 2990 685 3061 σαρκὸς,
716 2991 989 3044 τουτέστιν
1034 2993 1098 3046 ὲκ
1125 2991 1224 3062 τῆς
1261 2991 1568 3062 ἁγιωσύνης
1601 2991 1789 3058 αὐτοῦ,

1881 1883 1974 1945 tis,
2007 1881 2062 1936 in
2101 1882 2524 1951 magnitudinem
2549 1891 2604 1937 et
2630 1882 2882 1939 decorem
2926 1900 2993 1940 ac
3049 1886 3452 1941 multitudinem

1882 1982 2131 2042 augetur.
2160 1971 2281 2027 Non
2311 1973 2456 2028 enim
2491 1974 2652 2029 aliter
2690 1972 2936 2030 Ecclesia
2962 1977 3251 2047 concipere
3280 1978 3456 2047 possit

1881 2065 2192 2128 credentes,
2217 2073 2272 2121 et
2314 2081 2410 2136 per
2445 2066 2724 2121 lavacrum
2771 2068 3202 2138 regenerationis
3232 2083 3328 2125 eos
3367 2084 3456 2123 re-

1884 2171 2164 2229 generare,
2189 2158 2296 2213 nisi
2330 2165 2553 2229 propter
2577 2157 2678 2214 hos
2709 2173 2928 2230 quoque
2967 2157 3219 2217 Christus
3265 2175 3327 2215 se
3372 2161 3458 2230 ip-

1886 2262 2007 2302 sum
2038 2247 2359 2304 exinaniens
2407 2249 2540 2319 (quo
2585 2249 2844 2307 nimirum
2873 2266 2967 2320 per
2997 2250 3269 2319 passionis
3301 2264 3458 2305 reca-

1884 2340 2263 2410 pitulationem
2307 2339 2614 2410 capiatur),
2647 2341 3114 2410 quemadmodum
3155 2340 3405 2397 dicebam
3437 2381 3453 2404 ,

1887 2431 2268 2487 descendendo
2295 2432 2362 2487 de
2384 2432 2540 2487 cmlis
2571 2446 2790 2488 rursum
2825 2433 3111 2498 moriatur,
3133 2440 3190 2488 et
3215 2433 3458 2488 adhaere-

1887 2539 2050 2581 scens
2083 2527 2244 2580 uxori
2271 2540 2383 2580 sua:
2411 2524 2686 2588 Ecclesiae,
2715 2525 2823 2580 vim
2843 2525 3134 2596 quamdam
3163 2540 3230 2582 ex
3253 2541 3355 2581 suo
3379 2527 3458 2579 la-

1888 2625 2004 2674 tere
2035 2616 2386 2672 auferendum
2419 2615 2733 2686 praebuerit,
2765 2623 2826 2670 ut
2847 2627 3194 2687 augmentum
3237 2624 3458 2672 sumant

1885 2724 2079 2767 omnes
2114 2709 2208 2780 qui
2244 2709 2300 2764 in
2354 2709 2449 2763 illo
2499 2708 2873 2777 adiﬁcantur;
2927 2708 3024 2781 qui
3073 2709 3330 2764 nimirum
3361 2724 3458 2778 per

1889 2799 2166 2854 lavacrum
2200 2807 2522 2863 nascuntur,
2580 2813 2647 2854 ex
2674 2799 2892 2856 ossibus
2945 2806 3002 2854 et
3048 2813 3116 2856 ex
3145 2814 3312 2854 carne
3335 2801 3457 2869 ejus

1889 2889 2153 2961 (exillius
2192 2887 2451 2944 nimirum
2500 2888 2790 2943 sanctitate
2832 2902 3010 2958 exque
3066 2888 3261 2960 gloria)
3311 2888 3458 2942 acci-

1890 2983 2124 3054 pientes.
2151 2978 2292 3035 Ossa
2323 2981 2468 3036 enim
2493 2988 2550 3035 et
2576 2994 2796 3034 carnem
2833 2978 3147 3052 Sapientiae,
3177 2982 3270 3052 qui
3311 2980 3461 3041 dicat

204 3084 304 3137 καὶ
351 3085 419 3138 ὲκ
474 3083 578 3152 τῆς
607 3082 766 3152 δόξης
833 3083 1276 3155 προσειληφότες.
1341 3084 1504 3138 Ὀστᾶ
1546 3083 1655 3156 γὰρ
1695 3085 1786 3138 καὶ

1892 3071 2236 3144 prudentiam
2266 3086 2390 3127 esse
2415 3079 2580 3141 atque
2611 3070 2870 3125 virtutem
2891 3113 2908 3137 ,
2957 3071 3264 3126 rectissime
3297 3070 3460 3126 dixe-

1889 3165 1958 3186 _:.
1987 3181 1998 3186 -
2039 3172 2239 3186 ._-.-.-....
2265 3170 2442 3186 --.ιλ-..Α
2502 3159 2837 3186 n-_-..l.........
2897 3159 3157 3186 Q_:..:a.....
3191 3163 3434 3186 -.-..;.-.ε-

203 3174 392 3245 σάρκα
447 3175 642 3242 σοφίας
692 3176 722 3228 ὁ
773 3174 946 3244 λέγων
990 3171 1130 3230 εἶναι
1183 3176 1396 3230 σύνεσιν
1443 3177 1537 3230 καὶ
1564 3175 1787 3248 ἀρετὴν,

202 3264 482 3337 ὀρθότατα
515 3267 695 3335 λέγει·
729 3267 967 3341 πλευρὰν
989 3267 1045 3322 δὲ
1077 3267 1138 3321 τδ
1162 3267 1379 3338 πνεῦμα
1405 3268 1505 3337 τῆς
1531 3267 1790 3340 ἀληθείας

200 3359 270 3412 τὸ
305 3357 692 3428 Παράκλητον,
734 3358 827 3428 ἀφ’
860 3353 921 3414 οὗ
953 3358 1342 3430 λαμϐάνοντες,
1375 3361 1456 3424 εἰς
1485 3358 1792 3430 ἀφθαρσίαν

202 3447 618 3516 ἀναγεννῶνται
667 3448 1047 3520 προσηκόντως
1082 3449 1130 3503 οἱ
1167 3449 1587 3520 πεφωτισμένοι.
1642 3448 1792 3502 Ἀδύ-

203 3556 372 3593 νατον
403 3539 464 3592 δὲ
496 3539 591 3594 τοῦ
634 3539 950 3611 Πνεύματος
990 3540 1084 3596 τοῦ
1139 3541 1294 3610 ἁγίου
1335 3544 1621 3614 μετασχεῖν
1669 3559 1794 3597 τινα

204 3634 306 3686 καὶ
339 3633 506 3704 μέλος
543 3634 937 3706 καταλεχθῆναι
971 3635 1226 3708 Χριστοῦ,
1260 3637 1356 3691 ἐὰν
1400 3636 1474 3708 μὴ
1509 3636 1790 3709 πρότερον,

205 3724 311 3776 καὶ
339 3725 436 3778 ἐπὶ
468 3723 660 3777 τούτου
691 3724 1072 3792 συγκατελθὼν
1096 3727 1125 3779 ό
1157 3725 1346 3792 Λόγος,
1382 3725 1548 3796 ἐκστῇ
1592 3739 1792 3798 κοιμη-

203 3815 351 3881 θεὶς,
377 3815 471 3872 ῖνα
494 3817 597 3887 τὴν
630 3817 931 3871 ἀνανέωσιν
961 3817 1054 3872 καὶ¹
1087 3817 1179 3871 τὸν
1209 3816 1628 3887 ὰνακαινισμδν,
1669 3833 1793 3869 συν-

203 3907 525 3975 εξαναστὰς
556 3907 652 3964 τοῦ
691 3909 859 3964 ὐπνου
893 3909 972 3982 τῷ
1000 3911 1140 3984 ὑπὲρ
1184 3910 1350 3964 αὐτοῦ
1386 3909 1790 3982 κεκοιμημὲνῳ,

204 4002 310 4056 καὶ
357 4002 524 4066 αὐτὸς
565 4001 888 4073 μεταλαϐεῖν
931 4003 1130 4074 δυνηθῇ
1179 4001 1516 4074 Πνεύματος,
1551 4001 1796 4056 ἀναπλα-

205 4093 384 4159 σθείς.
421 4093 597 4148 Τοῦτο
642 4094 749 4166 γὰρ
800 4094 1002 4166 κυρίως
1036 4094 1102 4149 ἂν
1129 4096 1163 4166 ὴ
1210 4094 1423 4168 πλευρά
1461 4094 1668 4163 λέγοιτο
1697 4091 1792 4147 τοῦ

201 4186 432 4256 Λόγου,
482 4184 544 4239 τὺ
600 4185 817 4256 πνεῦμα
859 4185 959 4255 τῆς
1001 4185 1258 4256 ἀληθείας
1305 4185 1369 4239 τὸ
1421 4185 1792 4256 ἑπτάμορφον,

202 4279 360 4333 κατὰ
390 4278 487 4331 τὸν
514 4278 801 4348 προφήτην
820 4293 834 4307 ·
872 4276 963 4346 ἀφ’
1002 4270 1063 4330 οὐ
1091 4277 1384 4348 λαμϐάνων
1415 4279 1445 4331 ὁ
1487 4276 1620 4342 Θεὸς
1652 4276 1794 4331 κατὰ

199 4371 319 4440 τὴν
349 4369 610 4424 ἔκστασιν
641 4367 733 4423 τοῦ
764 4367 1021 4438 Χριστοῦ,
1048 4368 1078 4423 θ
1103 4367 1165 4438 δή
1199 4370 1315 4423 ὲστι
1351 4367 1489 4438 μετὰ
1511 4368 1610 4438 τὴν
1643 4369 1796 4421 ἐναν-

1889 3165 1999 3220 rit:
2035 3172 2240 3218 costam
2262 3170 2467 3226 autem,
2498 3159 2863 3226 Paracletum,
2897 3159 3160 3231 Spiritum
3191 3163 3457 3232 veritatis,

1890 3271 1958 3314 ex
1986 3272 2094 3328 quo
2143 3263 2439 3318 sumentes,
2473 3256 2526 3310 in
2559 3254 3019 3325 incorruptionem
3074 3257 3464 3313 convenienter

1890 3359 2279 3420 regenerantur
2305 3349 2399 3418 qui
2428 3347 2631 3402 fuerint
2679 3346 2988 3402 illuminati.
3035 3344 3178 3402 Fieri
3208 3364 3336 3403 vero
3365 3365 3462 3405 nev

1890 3439 2010 3511 quit
2040 3445 2100 3491 ut
2121 3437 2408 3507 quisquam
2444 3435 2678 3508 Spiritus
2711 3435 2887 3491 sancti
2931 3437 3202 3509 particeps
3228 3436 3322 3496 θαι
3344 3479 3362 3505 ,
3405 3445 3463 3498 ει

1891 3529 2193 3585 membrum
2223 3527 2427 3583 Christi
2474 3535 2836 3598 aggregetur,
2867 3528 2975 3586 nisi
3020 3529 3175 3599 prius
3232 3529 3290 3586 in
3343 3529 3464 3601 ipso

1891 3635 2109 3696 quoque
2161 3636 2281 3676 sese
2338 3619 2628 3675 dcmittens
2674 3617 2909 3675 Verbum
2959 3621 3166 3676 exstasi
3199 3620 3340 3676 facta
3369 3624 3466 3678 ob-

1891 3712 2195 3779 dormierit,
2225 3718 2282 3766 ut
2314 3711 2721 3766 renovationem
2748 3718 2802 3766 et
2832 3711 3284 3769 instaurationem
3308 3754 3324 3779 ,
3369 3729 3466 3784 pa-

1891 3806 2026 3861 riter
2055 3821 2085 3860 e
2108 3817 2300 3860 somno
2328 3817 2626 3872 exsurgens
2654 3817 2779 3856 cum
2806 3817 2894 3868 eo,
2924 3803 3018 3874 qui
3061 3819 3161 3874 pro
3206 3807 3326 3876 ipso
3369 3806 3470 3861 ob-

1892 3896 2171 3961 dormivit,
2201 3895 2605 3951 rel‘ormationis
2655 3893 2895 3964 Spiritus
2941 3897 3216 3967 percipere
3270 3901 3467 3968 possit.

1890 3987 1943 4046 Is
1964 3989 2108 4044 enim
2135 3986 2353 4061 proprie
2373 3983 2536 4041 Verbi
2569 3993 2721 4040 costa
2751 3985 2986 4052 dicatur,
3009 3988 3338 4058 septiformis
3363 3991 3472 4046 sci-

1893 4082 2020 4139 licet
2041 4082 2285 4138 veritatis
2311 4079 2572 4150 Spiritus,
2596 4078 2753 4148 juxta
2784 4079 3104 4150 prophetam
3145 4080 3226 4142 ⁸²;
3257 4080 3326 4136 de
3359 4098 3470 4152 quo

1893 4176 2170 4248 accipiens
2198 4173 2358 4239 Deus,
2392 4181 2512 4244 post
2539 4169 2746 4227 Christi
2777 4172 3073 4236 exstasim,
3117 4183 3469 4243 posteaquam

1892 4269 2099 4325 scilicet
2127 4267 2289 4322 homo
2319 4265 2497 4321 factus
2523 4279 2586 4318 ac
2610 4271 2858 4320 mortuus
2906 4276 3023 4328 est,
3073 4281 3196 4336 qua:
3239 4280 3362 4322 eum
3400 4269 3473 4322 sit

1894 4361 2150 4430 adjutura
2187 4358 2484 4414 fabricatur
2515 4376 2530 4412 :
2561 4371 2756 4426 nempe
2779 4355 2856 4410 illi
2885 4364 3100 4427 aptatas
3143 4371 3206 4411 ac
3236 4357 3473 4429 despon-

198 4459 504 4534 θρώπησιν
550 4458 647 4512 καὶ
689 4459 751 4512 τὸ
782 4457 986 4523 πάθος,
1015 4458 1116 4528 τὴν
1166 4457 1392 4528 βοηθὸν,
1434 4455 1580 4529 αὐτῷ
1627 4472 1786 4512 κατα-

1897 4466 1992 4508 sas
2026 4449 2257 4505 animas.
2305 4448 2489 4504 Multis
2543 4449 2690 4506 enim
2734 4446 2871 4503 locis
2921 4462 3093 4504 sacrae
3121 4448 3314 4504 litteras
3337 4461 3476 4504 con-

198 4553 483 4617 σκευὰζει
502 4569 515 4582 -
537 4551 683 4619 λέγω
703 4551 768 4623 δὴ
790 4551 891 4615 τὰς
924 4550 1274 4623 ήρμοσμένας
1303 4548 1452 4622 αὐτῷ
1476 4551 1569 4604 καὶ
1601 4566 1797 4620 νενυμε-

193 4647 498 4721 φευμένας
539 4645 740 4717 ψυχάς.
777 4645 933 4698 Ἔστι
978 4643 1088 4716 γὰρ
1135 4643 1224 4699 ὅτε
1250 4643 1530 4714 πολλαχῶς
1575 4642 1708 4696 αὐτὸ
1733 4641 1796 4696 τὸ

188 4741 495 4812 ἄθροισμα
519 4739 614 4793 καὶ
642 4738 704 4791 τὸ
743 4735 931 4807 στίφος
957 4735 1064 4790 τῶν
1099 4737 1542 4790 πεπιστευκότων
1571 4733 1795 4806 Ἐκκλη-

191 4834 343 4890 σίαν
372 4831 550 4895 οὕτως
571 4829 926 4901 ὀνομάζουσιν
958 4830 1013 4882 αἱ
1044 4828 1279 4900 Γραφαὶ,
1303 4828 1410 4882 τῶν
1446 4828 1794 4899 τελειοτέρων

189 4926 365 4984 κατὰ
419 4923 705 4996 προκοπὴν
737 4923 817 4987 είς
855 4922 913 4976 ἓν
955 4923 1245 4995 πρόσωπον
1280 4921 1374 4976 καὶ⁵
1413 4919 1573 4992 σῶμα
1605 4920 1665 4975 τὸ
1696 4920 1795 4990 τῆς

202 5019 560 5090 Ἐκκλησίας
590 5016 960 5086 ἀναγομένων.
995 5017 1056 5071 Ol
1085 5016 1184 5088 μὲν
1214 5014 1323 5088 γάρ
1352 5013 1658 5088 κρείττονες
1701 5013 1796 5068 καὶ

185 5115 542 5191 τρανότερον
583 5109 892 5175 σπάσαντες
929 5109 1030 5183 ἤδη
1062 5110 1163 5181 τὴν
1201 5108 1457 5180 ἀλήθειαν
1480 5145 1496 5171 ,
1525 5100 1668 5163 οὗτοι
1708 5104 1796 5164 διὰ

183 5211 310 5280 τὴν
363 5204 578 5259 τελείαν
633 5203 900 5274 κάθαρσιν
932 5203 1026 5255 καὶ
1078 5203 1259 5255 πίστιν
1305 5196 1796 5271 ἀποστειρωθέντες

181 5301 319 5356 τῶν
371 5297 470 5367 τῆς
520 5295 725 5368 σαρκὸς
759 5293 1125 5367 ἀτοπημάτων
1151 5333 1168 5358 ,
1210 5290 1506 5364 Ἐκκλησία
1553 5290 1794 5360 γίνονται

188 5390 304 5445 καὶ
340 5386 536 5458 βοηθὸς
565 5384 662 5439 τοῦ
690 5383 951 5456 Χριστοῦ,
982 5383 1247 5456 παρθένος
1270 5381 1458 5455 ὥσπερ
1476 5421 1491 5446 ,
1533 5381 1673 5448 κατὰ
1701 5380 1794 5436 τὸν

197 5479 573 5544 ’Δπὸστολον,
597 5476 746 5548 αὐτῷ
791 5476 1231 5548 καθηρμοσμένοι
1275 5493 1336 5532 τε
1374 5477 1467 5531 καὶ
1497 5490 1796 5545 νενυμφευρ

189 5576 410 5648 μένοι,
442 5570 569 5637 ἵνα,
601 5571 702 5643 τὴν
734 5569 983 5642 καθαρὰν
1020 5569 1120 5643 τῆς
1153 5567 1500 5632 διδασκαλίας
1532 5565 1794 5633 ὑποδεξά-

1899 4541 2267 4614 gregationem
2315 4540 2486 4610 ipsam
2537 4549 2848 4608 canumque
2877 4535 3114 4593 ﬁdelium
3167 4539 3248 4594 sic
3285 4537 3472 4594 Eccle-

1898 4635 2036 4692 siam
2067 4633 2385 4697 nominant,
2439 4631 2569 4688 dum
2597 4632 2857 4689 nimirum
2885 4631 3236 4704 perfectiores
3263 4631 3336 4688 ob
3359 4633 3474 4687 vir—

1902 4725 2036 4780 tutis
2066 4723 2369 4794 prolectum
2402 4721 2458 4777 in
2486 4738 2651 4778 unam
2681 4738 2970 4794 personam
3005 4737 3072 4778 ac
3119 4737 3320 4794 corpus
3371 4723 3477 4779 Ec-

1897 4817 2077 4874 clesiae
2102 4815 2430 4872 referuntur.
2450 4815 2586 4870 Nam
2612 4817 2890 4883 meliores,
2919 4823 2975 4872 et
3015 4816 3108 4888 qui
3151 4815 3263 4886 jam
3309 4815 3478 4889 liqui-

1899 4913 2026 4969 dius
2057 4912 2340 4968 veritatem
2367 4919 2750 4985 perceperunt,
2778 4911 2832 4967 bi
2874 4926 2987 4982 pra:
3018 4910 3259 4987 perfecta
3305 4926 3472 4983 quam

1902 5005 2083 5076 adepti
2101 5011 2250 5070 sunt,
2278 5005 2544 5061 munditie
2570 5015 2626 5060 et
2648 5003 2774 5068 ﬁde,
2792 5007 2974 5059 carnis
3001 5003 3287 5058 libidinum
3312 5005 3478 5059 steri-

1901 5097 1982 5154 les
2023 5112 2088 5152 ac
2137 5097 2425 5162 vitiorum,
2483 5097 2688 5153 Christi
2736 5095 2982 5152 Ecclesia
3031 5098 3190 5167 eique
3236 5096 3477 5166 adjutrix

1901 5189 2072 5254 fiunt;
2119 5189 2212 5258 qui
2240 5189 2469 5258 virginis
2501 5188 2557 5244 in
2592 5202 2798 5243 morem
2825 5227 2842 5252 ,
2891 5197 2951 5240 ut
2981 5187 3276 5257 Apostolus
3308 5189 3479 5259 loqui.

1901 5290 1991 5337 tur
2018 5281 2085 5346 ⁸⁸,
2109 5281 2187 5336 illi
2211 5281 2379 5351 aptati
2405 5281 2516 5336 sint
2537 5288 2699 5350 atque
2743 5280 3023 5351 desponsi,
3059 5292 3118 5336 ut.
3149 5297 3286 5352 puro
3313 5289 3478 5352 atque

1900 5376 2066 5432 feraci
2093 5377 2359 5432 doctrinae
2392 5384 2650 5446 suscepto
2677 5376 2904 5438 semine,
2936 5383 3319 5445 conperentur,
3351 5389 3478 5447 pro—

1899 5485 2069 5544 pensa
2097 5485 2201 5540 ope
2227 5468 2296 5524 ad
2331 5469 2665 5540 reliquorum
2710 5469 2941 5523 salutem
2987 5469 3358 5538 praedicationi
3400 5468 3484 5524 ia-

1900 5562 2098 5621 vendo.
2129 5561 2234 5630 Qui
2271 5568 2452 5617 autem
2483 5560 2786 5632 imperfecti
2821 5560 3000 5617 adhuc
3051 5568 3107 5617 et
3154 5561 3363 5618 tirones
3393 5559 3483 5618 di-

317 5755 379 5788 ³¹⁹
416 5752 605 5825 Ephes.
647 5771 714 5816 ν,
740 5751 831 5815 27,
859 5751 963 5808 '26.
995 5741 1007 5750 ’
1037 5752 1080 5786 ⁸⁸
1123 5751 1249 5809 Gen.
1307 5768 1346 5818 ι,
1392 5752 1479 5807 i8.
1554 5751 1600 5783 "
1640 5748 1756 5804 Isa.

1918 5745 1973 5803 ἓ.
2053 5745 2097 5778 ³³
2139 5744 2201 5800 II
2231 5745 2356 5802 Cor.
2413 5759 2493 5815 ιι,
2529 5744 2586 5802 Ξ.

392 5849 656 5910 Ριτιιοι..
691 5849 806 5910 Gn.
842 5849 1070 5910 XVI".

3156 5842 3195 5901 3
