  <div class='ocr_page' id='page_1' title='image "/cluster/home/n/w/nwhite01/storage/ocr_20150623/18/nnc1.0046978550/045.png"; bbox 0 0 3866 6160; ppageno 0'>
   <div class='ocr_carea' id='block_1_1' title="bbox 425 273 494 329">
    <p class='ocr_par' dir='ltr' id='par_1_1' title="bbox 425 273 494 329">
     <span class='ocr_line' id='line_1_1' title="bbox 425 273 494 329; baseline 0 -1"><span class='ocrx_word' id='word_1_1' title='bbox 425 273 494 329; x_wconf 79' lang='lat'><strong>75</strong></span> 
     </span>
    </p>
   </div>
   <div class='ocr_carea' id='block_1_2' title="bbox 1374 266 1985 329">
    <p class='ocr_par' dir='ltr' id='par_1_2' title="bbox 1374 266 1985 325">
     <span class='ocr_line' id='line_1_2' title="bbox 1374 266 1985 325; baseline 0.005 -3"><span class='ocrx_word' id='word_1_2' title='bbox 1374 266 1434 324; x_wconf 82' lang='grc' dir='ltr'><strong>ε.</strong></span> <span class='ocrx_word' id='word_1_3' title='bbox 1478 266 1807 325; x_wconf 73' lang='grc' dir='ltr'><strong>ΜΕΤΙΙΟΒΙΙ</strong></span> <span class='ocrx_word' id='word_1_4' title='bbox 1845 268 1985 325; x_wconf 81' lang='lat' dir='ltr'><strong>EPIS</strong></span> 
     </span>
    </p>
   </div>
   <div class='ocr_carea' id='block_1_3' title="bbox 2077 266 3679 329">
    <p class='ocr_par' dir='ltr' id='par_1_3' title="bbox 2077 269 3679 329">
     <span class='ocr_line' id='line_1_3' title="bbox 2077 269 3679 329; baseline 0.002 -6"><span class='ocrx_word' id='word_1_5' title='bbox 2077 269 2153 325; x_wconf 72' lang='lat' dir='ltr'><strong>iPl</strong></span> <span class='ocrx_word' id='word_1_6' title='bbox 2191 269 2279 326; x_wconf 82' lang='grc' dir='ltr'><strong>ΕΤ</strong></span> <span class='ocrx_word' id='word_1_7' title='bbox 2322 270 2684 328; x_wconf 62' lang='grc' dir='ltr'><strong>ΜᾹΒἸὙΒΙΞ</strong></span> <span class='ocrx_word' id='word_1_8' title='bbox 3617 270 3679 329; x_wconf 80' lang='grc' dir='ltr'><strong>Ἷϐ</strong></span> 
     </span>
    </p>
   </div>
   <div class='ocr_carea' id='block_1_4' title="bbox 424 391 1985 471">
    <p class='ocr_par' dir='ltr' id='par_1_4' title="bbox 424 391 1985 466">
     <span class='ocr_line' id='line_1_4' title="bbox 424 391 1985 466; baseline -0.001 -15"><span class='ocrx_word' id='word_1_9' title='bbox 424 394 672 466; x_wconf 80' lang='lat' dir='ltr'><strong>sciplinis</strong></span> <span class='ocrx_word' id='word_1_10' title='bbox 699 393 968 465; x_wconf 88' lang='lat' dir='ltr'><strong>incipiunt</strong></span> <span class='ocrx_word' id='word_1_11' title='bbox 1015 392 1207 456; x_wconf 88' lang='lat' dir='ltr'><strong>imbui,</strong></span> <span class='ocrx_word' id='word_1_12' title='bbox 1241 391 1293 446; x_wconf 87' lang='lat' dir='ltr'><strong>hi</strong></span> <span class='ocrx_word' id='word_1_13' title='bbox 1324 407 1353 446; x_wconf 92' lang='lat' dir='ltr'><strong>a</strong></span> <span class='ocrx_word' id='word_1_14' title='bbox 1385 393 1822 462; x_wconf 83' lang='lat' dir='ltr'><strong>perfectioribus,</strong></span> <span class='ocrx_word' id='word_1_15' title='bbox 1862 405 1922 450; x_wconf 92' lang='lat' dir='ltr'><strong>ut</strong></span> <span class='ocrx_word' id='word_1_16' title='bbox 1973 410 1985 449; x_wconf 86' lang='lat'><strong>:</strong></span> 
     </span>
    </p>
   </div>
   <div class='ocr_carea' id='block_1_5' title="bbox 2077 391 3680 471">
    <p class='ocr_par' dir='ltr' id='par_1_5' title="bbox 2077 397 3680 471">
     <span class='ocr_line' id='line_1_5' title="bbox 2077 397 3680 471; baseline 0.002 -21"><span class='ocrx_word' id='word_1_17' title='bbox 2077 455 2081 462; x_wconf 41' lang='grc'>,</span> <span class='ocrx_word' id='word_1_18' title='bbox 2112 413 2264 468; x_wconf 87' lang='grc' dir='ltr'>μενοι</span> <span class='ocrx_word' id='word_1_19' title='bbox 2291 397 2387 450; x_wconf 74' lang='grc' dir='ltr'>καὶ</span> <span class='ocrx_word' id='word_1_20' title='bbox 2415 397 2639 469; x_wconf 84' lang='grc' dir='ltr'>γόνιμον</span> <span class='ocrx_word' id='word_1_21' title='bbox 2681 398 2889 470; x_wconf 74' lang='grc' dir='ltr'>σπορὰν</span> <span class='ocrx_word' id='word_1_22' title='bbox 2909 439 2923 462; x_wconf 95' lang='grc'><em>,</em></span> <span class='ocrx_word' id='word_1_23' title='bbox 2959 400 3333 471; x_wconf 78' lang='grc' dir='ltr'>συνεργήσωσι</span> <span class='ocrx_word' id='word_1_24' title='bbox 3369 397 3680 471; x_wconf 70' lang='grc' dir='ltr'><strong>βοηθοῦντες</strong></span> 
     </span>
    </p>
   </div>
   <div class='ocr_carea' id='block_1_6' title="bbox 424 486 2000 557">
    <p class='ocr_par' dir='ltr' id='par_1_6' title="bbox 424 486 2000 557">
     <span class='ocr_line' id='line_1_6' title="bbox 424 486 2000 557; baseline 0.001 -16"><span class='ocrx_word' id='word_1_25' title='bbox 424 491 710 551; x_wconf 68' lang='lat' dir='ltr'><strong>matribus,</strong></span> <span class='ocrx_word' id='word_1_26' title='bbox 743 488 1123 557; x_wconf 88' lang='lat' dir='ltr'><strong>parturiuntur</strong></span> <span class='ocrx_word' id='word_1_27' title='bbox 1152 492 1315 554; x_wconf 89' lang='lat' dir='ltr'><strong>atque</strong></span> <span class='ocrx_word' id='word_1_28' title='bbox 1348 486 1660 540; x_wconf 72' lang='lat' dir='ltr'><strong>formantur</strong></span> <span class='ocrx_word' id='word_1_29' title='bbox 1683 526 1698 550; x_wconf 91' lang='lat'><strong>,</strong></span> <span class='ocrx_word' id='word_1_30' title='bbox 1746 487 1917 542; x_wconf 87' lang='lat' dir='ltr'><strong>donec</strong></span> <span class='ocrx_word' id='word_1_31' title='bbox 1945 498 2000 543; x_wconf 94' lang='lat' dir='ltr'><strong>et</strong></span> 
     </span>
    </p>
   </div>
   <div class='ocr_carea' id='block_1_7' title="bbox 425 579 1996 651">
    <p class='ocr_par' dir='ltr' id='par_1_7' title="bbox 425 579 1996 651">
     <span class='ocr_line' id='line_1_7' title="bbox 425 579 1996 651; baseline 0.001 -18"><span class='ocrx_word' id='word_1_32' title='bbox 425 580 498 634; x_wconf 83' lang='lat' dir='ltr'><strong>illi</strong></span> <span class='ocrx_word' id='word_1_33' title='bbox 541 589 757 635; x_wconf 86' lang='lat' dir='ltr'><strong>maturo</strong></span> <span class='ocrx_word' id='word_1_34' title='bbox 792 588 947 651; x_wconf 90' lang='lat' dir='ltr'><strong>partu</strong></span> <span class='ocrx_word' id='word_1_35' title='bbox 978 581 1144 645; x_wconf 89' lang='lat' dir='ltr'><strong>editi,</strong></span> <span class='ocrx_word' id='word_1_36' title='bbox 1203 580 1259 634; x_wconf 90' lang='lat' dir='ltr'><strong>in</strong></span> <span class='ocrx_word' id='word_1_37' title='bbox 1297 579 1516 635; x_wconf 89' lang='lat' dir='ltr'><strong>virtutis</strong></span> <span class='ocrx_word' id='word_1_38' title='bbox 1567 580 1996 651; x_wconf 79' lang='lat' dir='ltr'><strong>magnitudinem</strong></span> 
     </span>
    </p>
   </div>
   <div class='ocr_carea' id='block_1_8' title="bbox 422 672 2000 743">
    <p class='ocr_par' dir='ltr' id='par_1_8' title="bbox 422 672 2000 743">
     <span class='ocr_line' id='line_1_8' title="bbox 422 672 2000 743; baseline 0.001 -17"><span class='ocrx_word' id='word_1_39' title='bbox 422 688 487 726; x_wconf 84' lang='lat' dir='ltr'><strong>ac</strong></span> <span class='ocrx_word' id='word_1_40' title='bbox 516 674 684 728; x_wconf 83' lang='lat' dir='ltr'><strong>decus</strong></span> <span class='ocrx_word' id='word_1_41' title='bbox 720 684 1109 743; x_wconf 83' lang='lat' dir='ltr'><strong>regenerentur</strong></span> <span class='ocrx_word' id='word_1_42' title='bbox 1144 690 1157 727; x_wconf 91' lang='lat'><strong>:</strong></span> <span class='ocrx_word' id='word_1_43' title='bbox 1199 688 1263 726; x_wconf 89' lang='lat' dir='ltr'><strong>ac</strong></span> <span class='ocrx_word' id='word_1_44' title='bbox 1295 688 1491 727; x_wconf 86' lang='lat' dir='ltr'><strong>rursus</strong></span> <span class='ocrx_word' id='word_1_45' title='bbox 1521 672 1623 741; x_wconf 86' lang='lat' dir='ltr'><strong>ipsi</strong></span> <span class='ocrx_word' id='word_1_46' title='bbox 1653 688 1868 743; x_wconf 91' lang='lat' dir='ltr'><strong>quoque</strong></span> <span class='ocrx_word' id='word_1_47' title='bbox 1903 688 2000 743; x_wconf 86' lang='lat' dir='ltr'><strong>per</strong></span> 
     </span>
    </p>
   </div>
   <div class='ocr_carea' id='block_1_9' title="bbox 422 764 1997 835">
    <p class='ocr_par' dir='ltr' id='par_1_9' title="bbox 422 764 1997 835">
     <span class='ocr_line' id='line_1_9' title="bbox 422 764 1997 835; baseline 0.001 -18"><span class='ocrx_word' id='word_1_48' title='bbox 422 765 677 820; x_wconf 86' lang='lat' dir='ltr'><strong>idoneum</strong></span> <span class='ocrx_word' id='word_1_49' title='bbox 712 764 1014 835; x_wconf 85' lang='lat' dir='ltr'><strong>profectum</strong></span> <span class='ocrx_word' id='word_1_50' title='bbox 1051 765 1293 819; x_wconf 77' lang='lat' dir='ltr'><strong>Ecclesia</strong></span> <span class='ocrx_word' id='word_1_51' title='bbox 1324 764 1475 829; x_wconf 88' lang='lat' dir='ltr'><strong>facti,</strong></span> <span class='ocrx_word' id='word_1_52' title='bbox 1500 765 1569 820; x_wconf 87' lang='lat' dir='ltr'><strong>ad</strong></span> <span class='ocrx_word' id='word_1_53' title='bbox 1603 766 1836 820; x_wconf 88' lang='lat' dir='ltr'><strong>aliorum</strong></span> <span class='ocrx_word' id='word_1_54' title='bbox 1869 780 1997 835; x_wconf 85' lang='lat' dir='ltr'><strong>par-</strong></span> 
     </span>
    </p>
   </div>
   <div class='ocr_carea' id='block_1_10' title="bbox 422 855 1994 927">
    <p class='ocr_par' dir='ltr' id='par_1_10' title="bbox 422 855 1994 927">
     <span class='ocr_line' id='line_1_10' title="bbox 422 855 1994 927; baseline -0.001 -17"><span class='ocrx_word' id='word_1_55' title='bbox 422 867 536 910; x_wconf 91' lang='lat' dir='ltr'><strong>tum</strong></span> <span class='ocrx_word' id='word_1_56' title='bbox 564 857 1059 926; x_wconf 88' lang='lat' dir='ltr'><strong>educationemque</strong></span> <span class='ocrx_word' id='word_1_57' title='bbox 1090 858 1384 913; x_wconf 89' lang='lat' dir='ltr'><strong>liberorum</strong></span> <span class='ocrx_word' id='word_1_58' title='bbox 1414 872 1634 927; x_wconf 79' lang='lat' dir='ltr'><strong>operam</strong></span> <span class='ocrx_word' id='word_1_59' title='bbox 1665 855 1994 920; x_wconf 88' lang='lat' dir='ltr'><strong>conferant,</strong></span> 
     </span>
    </p>
   </div>
   <div class='ocr_carea' id='block_1_11' title="bbox 420 946 1998 1014">
    <p class='ocr_par' dir='ltr' id='par_1_11' title="bbox 420 946 1998 1014">
     <span class='ocr_line' id='line_1_11' title="bbox 420 946 1998 1014; baseline -0.001 -12"><span class='ocrx_word' id='word_1_60' title='bbox 420 949 556 1003; x_wconf 89' lang='lat' dir='ltr'><strong>uteri</strong></span> <span class='ocrx_word' id='word_1_61' title='bbox 590 950 731 1008; x_wconf 84' lang='lat' dir='ltr'><strong>vice.</strong></span> <span class='ocrx_word' id='word_1_62' title='bbox 754 950 808 1004; x_wconf 89' lang='lat' dir='ltr'><strong>in</strong></span> <span class='ocrx_word' id='word_1_63' title='bbox 831 964 959 1005; x_wconf 84' lang='lat' dir='ltr'><strong>vase</strong></span> <span class='ocrx_word' id='word_1_64' title='bbox 987 951 1219 1014; x_wconf 65' lang='lat' dir='ltr'><strong>animas,</strong></span> <span class='ocrx_word' id='word_1_65' title='bbox 1271 951 1605 1006; x_wconf 85' lang='lat' dir='ltr'><strong>voluntatem</strong></span> <span class='ocrx_word' id='word_1_66' title='bbox 1646 946 1811 1003; x_wconf 86' lang='lat' dir='ltr'><strong>Verbi</strong></span> <span class='ocrx_word' id='word_1_67' title='bbox 1847 947 1998 1002; x_wconf 88' lang='lat' dir='ltr'><strong>nulla</strong></span> 
     </span>
    </p>
   </div>
   <div class='ocr_carea' id='block_1_12' title="bbox 416 1044 1462 1116">
    <p class='ocr_par' dir='ltr' id='par_1_12' title="bbox 416 1044 1462 1116">
     <span class='ocr_line' id='line_1_12' title="bbox 416 1044 1462 1116; baseline 0 -19"><span class='ocrx_word' id='word_1_68' title='bbox 416 1058 559 1097; x_wconf 87' lang='lat' dir='ltr'><strong>noxa</strong></span> <span class='ocrx_word' id='word_1_69' title='bbox 588 1044 654 1099; x_wconf 84' lang='lat' dir='ltr'><strong>ad</strong></span> <span class='ocrx_word' id='word_1_70' title='bbox 685 1045 1053 1099; x_wconf 81' lang='lat' dir='ltr'><strong>maturitatem</strong></span> <span class='ocrx_word' id='word_1_71' title='bbox 1080 1044 1462 1116; x_wconf 84' lang='lat' dir='ltr'><strong>perducentes.</strong></span> 
     </span>
    </p>
   </div>
   <div class='ocr_carea' id='block_1_13' title="bbox 2102 487 3681 562">
    <p class='ocr_par' dir='ltr' id='par_1_13' title="bbox 2102 487 3681 562">
     <span class='ocr_line' id='line_1_13' title="bbox 2102 487 3681 562; baseline 0.002 -22"><span class='ocrx_word' id='word_1_72' title='bbox 2102 487 2183 559; x_wconf 83' lang='grc' dir='ltr'><strong>τῷ</strong></span> <span class='ocrx_word' id='word_1_73' title='bbox 2213 488 2527 560; x_wconf 77' lang='grc' dir='ltr'><strong>κηρύγματι</strong></span> <span class='ocrx_word' id='word_1_74' title='bbox 2562 489 2698 560; x_wconf 84' lang='grc' dir='ltr'>πρὸς</span> <span class='ocrx_word' id='word_1_75' title='bbox 2726 490 2825 562; x_wconf 81' lang='grc' dir='ltr'>τὴν</span> <span class='ocrx_word' id='word_1_76' title='bbox 2845 489 2954 543; x_wconf 84' lang='grc' dir='ltr'><strong>τῶν</strong></span> <span class='ocrx_word' id='word_1_77' title='bbox 2986 490 3186 544; x_wconf 83' lang='grc' dir='ltr'>λοιπῶν</span> <span class='ocrx_word' id='word_1_78' title='bbox 3219 490 3510 562; x_wconf 81' lang='grc' dir='ltr'>σωτηρίαν.</span> <span class='ocrx_word' id='word_1_79' title='bbox 3542 490 3602 543; x_wconf 80' lang='grc' dir='ltr'><strong>Οἱ</strong></span> <span class='ocrx_word' id='word_1_80' title='bbox 3627 490 3681 543; x_wconf 79' lang='grc' dir='ltr'>δὲ</span> 
     </span>
    </p>
   </div>
   <div class='ocr_carea' id='block_1_14' title="bbox 2105 578 3682 651">
    <p class='ocr_par' dir='ltr' id='par_1_14' title="bbox 2105 578 3682 651">
     <span class='ocr_line' id='line_1_14' title="bbox 2105 578 3682 651; baseline -0.001 -19"><span class='ocrx_word' id='word_1_81' title='bbox 2105 578 2317 642; x_wconf 82' lang='grc' dir='ltr'><strong>ἀτελεῖς</strong></span> <span class='ocrx_word' id='word_1_82' title='bbox 2344 578 2422 632; x_wconf 76' lang='grc' dir='ltr'><strong>ἔτι</strong></span> <span class='ocrx_word' id='word_1_83' title='bbox 2445 579 2540 633; x_wconf 77' lang='grc' dir='ltr'><strong>καὶ</strong></span> <span class='ocrx_word' id='word_1_84' title='bbox 2566 580 2940 651; x_wconf 83' lang='grc' dir='ltr'><strong>ἀπαρχόμενοι</strong></span> <span class='ocrx_word' id='word_1_85' title='bbox 2968 579 3076 634; x_wconf 82' lang='grc' dir='ltr'>τῶν</span> <span class='ocrx_word' id='word_1_86' title='bbox 3109 579 3447 651; x_wconf 79' lang='grc' dir='ltr'><strong>μαθημάτων</strong></span> <span class='ocrx_word' id='word_1_87' title='bbox 3473 581 3553 643; x_wconf 80' lang='grc' dir='ltr'><strong>είς</strong></span> <span class='ocrx_word' id='word_1_88' title='bbox 3581 596 3682 631; x_wconf 82' lang='grc' dir='ltr'>σω-</span> 
     </span>
    </p>
   </div>
   <div class='ocr_carea' id='block_1_15' title="bbox 2102 671 3680 745">
    <p class='ocr_par' dir='ltr' id='par_1_15' title="bbox 2102 671 3680 745">
     <span class='ocr_line' id='line_1_15' title="bbox 2102 671 3680 745; baseline -0.001 -20"><span class='ocrx_word' id='word_1_89' title='bbox 2102 688 2169 742; x_wconf 89' lang='grc' dir='ltr'><strong>τη</strong></span> <span class='ocrx_word' id='word_1_90' title='bbox 2178 672 2296 743; x_wconf 85' lang='grc' dir='ltr'>ρίαν</span> <span class='ocrx_word' id='word_1_91' title='bbox 2317 671 2595 727; x_wconf 87' lang='grc' dir='ltr'>ὠδίνονται</span> <span class='ocrx_word' id='word_1_92' title='bbox 2621 673 2715 726; x_wconf 72' lang='grc' dir='ltr'>καὶ</span> <span class='ocrx_word' id='word_1_93' title='bbox 2739 673 3087 745; x_wconf 80' lang='grc' dir='ltr'>μορφοῠνται,</span> <span class='ocrx_word' id='word_1_94' title='bbox 3109 671 3296 744; x_wconf 85' lang='grc' dir='ltr'>ὥσπερ</span> <span class='ocrx_word' id='word_1_95' title='bbox 3319 673 3423 724; x_wconf 83' lang='grc' dir='ltr'><strong>ὑπο</strong></span> <span class='ocrx_word' id='word_1_96' title='bbox 3448 672 3680 743; x_wconf 78' lang='grc' dir='ltr'><strong>μητράσι</strong></span> 
     </span>
    </p>
   </div>
   <div class='ocr_carea' id='block_1_16' title="bbox 2104 761 3678 836">
    <p class='ocr_par' dir='ltr' id='par_1_16' title="bbox 2104 761 3678 836">
     <span class='ocr_line' id='line_1_16' title="bbox 2104 761 3678 836; baseline -0.001 -21"><span class='ocrx_word' id='word_1_97' title='bbox 2104 763 2240 834; x_wconf 85' lang='grc' dir='ltr'>πρὸς</span> <span class='ocrx_word' id='word_1_98' title='bbox 2268 762 2377 817; x_wconf 85' lang='grc' dir='ltr'>τῶν</span> <span class='ocrx_word' id='word_1_99' title='bbox 2414 764 2799 836; x_wconf 88' lang='grc' dir='ltr'>τελειοτέρων,</span> <span class='ocrx_word' id='word_1_100' title='bbox 2835 763 2947 817; x_wconf 75' lang='grc' dir='ltr'>ἐστ’</span> <span class='ocrx_word' id='word_1_101' title='bbox 2987 762 3053 817; x_wconf 84' lang='grc' dir='ltr'><strong>ἂν</strong></span> <span class='ocrx_word' id='word_1_102' title='bbox 3102 761 3502 834; x_wconf 86' lang='grc' dir='ltr'>ἁποκυηθέντες</span> <span class='ocrx_word' id='word_1_103' title='bbox 3550 763 3678 814; x_wconf 89' lang='grc' dir='ltr'>ἀνα-</span> 
     </span>
    </p>
   </div>
   <div class='ocr_carea' id='block_1_17' title="bbox 2102 855 3679 928">
    <p class='ocr_par' dir='ltr' id='par_1_17' title="bbox 2102 855 3679 928">
     <span class='ocr_line' id='line_1_17' title="bbox 2102 855 3679 928; baseline -0.001 -18"><span class='ocrx_word' id='word_1_104' title='bbox 2102 856 2435 928; x_wconf 81' lang='grc' dir='ltr'>γεννηθῶσιν</span> <span class='ocrx_word' id='word_1_105' title='bbox 2468 858 2547 921; x_wconf 83' lang='grc' dir='ltr'><strong>εἰς</strong></span> <span class='ocrx_word' id='word_1_106' title='bbox 2578 855 2808 927; x_wconf 86' lang='grc' dir='ltr'>μέγεθος</span> <span class='ocrx_word' id='word_1_107' title='bbox 2830 856 2925 909; x_wconf 70' lang='grc' dir='ltr'>καὶ</span> <span class='ocrx_word' id='word_1_108' title='bbox 2954 855 3151 920; x_wconf 82' lang='grc' dir='ltr'>κάλλος</span> <span class='ocrx_word' id='word_1_109' title='bbox 3179 856 3385 927; x_wconf 83' lang='grc' dir='ltr'>ἀρετῆς</span> <span class='ocrx_word' id='word_1_110' title='bbox 3408 872 3421 886; x_wconf 89' lang='grc'><strong>·</strong></span> <span class='ocrx_word' id='word_1_111' title='bbox 3453 855 3547 909; x_wconf 55' lang='grc' dir='ltr'><strong>καὶ¹</strong></span> <span class='ocrx_word' id='word_1_112' title='bbox 3579 856 3679 909; x_wconf 84' lang='grc' dir='ltr'><strong>πά-</strong></span> 
     </span>
    </p>
   </div>
   <div class='ocr_carea' id='block_1_18' title="bbox 2104 944 3680 1020">
    <p class='ocr_par' dir='ltr' id='par_1_18' title="bbox 2104 944 3680 1020">
     <span class='ocr_line' id='line_1_18' title="bbox 2104 944 3680 1020; baseline 0 -19"><span class='ocrx_word' id='word_1_113' title='bbox 2104 947 2187 1001; x_wconf 87' lang='grc' dir='ltr'>λιν</span> <span class='ocrx_word' id='word_1_114' title='bbox 2223 944 2289 1003; x_wconf 81' lang='grc' dir='ltr'>αὖ</span> <span class='ocrx_word' id='word_1_115' title='bbox 2337 947 2479 1003; x_wconf 86' lang='grc' dir='ltr'><strong>κατά</strong></span> <span class='ocrx_word' id='word_1_116' title='bbox 2531 949 2813 1020; x_wconf 78' lang='grc' dir='ltr'>προκοπὴν</span> <span class='ocrx_word' id='word_1_117' title='bbox 2853 948 3149 1019; x_wconf 83' lang='grc' dir='ltr'><strong>Ἐκκλησία</strong></span> <span class='ocrx_word' id='word_1_118' title='bbox 3188 950 3284 1002; x_wconf 76' lang='grc' dir='ltr'>καὶ</span> <span class='ocrx_word' id='word_1_119' title='bbox 3329 944 3472 1003; x_wconf 74' lang='grc' dir='ltr'>οὗτοι</span> <span class='ocrx_word' id='word_1_120' title='bbox 3524 964 3680 1016; x_wconf 88' lang='grc' dir='ltr'>γεγο-</span> 
     </span>
    </p>
   </div>
   <div class='ocr_carea' id='block_1_19' title="bbox 2103 1037 3677 1110">
    <p class='ocr_par' dir='ltr' id='par_1_19' title="bbox 2103 1037 3677 1110">
     <span class='ocr_line' id='line_1_19' title="bbox 2103 1037 3677 1110; baseline -0.001 -19"><span class='ocrx_word' id='word_1_121' title='bbox 2103 1038 2289 1102; x_wconf 87' lang='grc' dir='ltr'>νότες,</span> <span class='ocrx_word' id='word_1_122' title='bbox 2339 1040 2417 1101; x_wconf 84' lang='grc' dir='ltr'><strong>είς</strong></span> <span class='ocrx_word' id='word_1_123' title='bbox 2447 1038 2648 1109; x_wconf 83' lang='grc' dir='ltr'>ἐτέρων</span> <span class='ocrx_word' id='word_1_124' title='bbox 2694 1038 2850 1091; x_wconf 91' lang='grc' dir='ltr'>τόκον</span> <span class='ocrx_word' id='word_1_125' title='bbox 2901 1038 3288 1110; x_wconf 78' lang='grc' dir='ltr'>ὑπουργησωσι</span> <span class='ocrx_word' id='word_1_126' title='bbox 3329 1037 3536 1091; x_wconf 88' lang='grc' dir='ltr'>τέκνων</span> <span class='ocrx_word' id='word_1_127' title='bbox 3585 1037 3677 1092; x_wconf 70' lang='grc' dir='ltr'><strong>καὶ</strong></span> 
     </span>
    </p>
   </div>
   <div class='ocr_carea' id='block_1_20' title="bbox 414 1128 3513 1212">
    <p class='ocr_par' dir='ltr' id='par_1_20' title="bbox 414 1128 3513 1212">
     <span class='ocr_line' id='line_1_20' title="bbox 414 1128 3513 1212; baseline -0.003 -18"><span class='ocrx_word' id='word_1_128' title='bbox 414 1138 752 1212; x_wconf 77' lang='grc' dir='ltr'>ἀνατροφὴν,</span> <span class='ocrx_word' id='word_1_129' title='bbox 787 1139 1001 1209; x_wconf 83' lang='grc' dir='ltr'>μήτρας</span> <span class='ocrx_word' id='word_1_130' title='bbox 1030 1137 1208 1208; x_wconf 87' lang='grc' dir='ltr'>δίκην,</span> <span class='ocrx_word' id='word_1_131' title='bbox 1242 1138 1300 1189; x_wconf 80' lang='grc' dir='ltr'>ὲν</span> <span class='ocrx_word' id='word_1_132' title='bbox 1328 1135 1406 1207; x_wconf 84' lang='grc' dir='ltr'>τῷ</span> <span class='ocrx_word' id='word_1_133' title='bbox 1436 1135 1627 1206; x_wconf 86' lang='grc' dir='ltr'>δοχείῳ</span> <span class='ocrx_word' id='word_1_134' title='bbox 1655 1134 1756 1205; x_wconf 83' lang='grc' dir='ltr'>τῆς</span> <span class='ocrx_word' id='word_1_135' title='bbox 1788 1132 1986 1206; x_wconf 76' lang='grc' dir='ltr'>ψυχῆς,</span> <span class='ocrx_word' id='word_1_136' title='bbox 2025 1130 2087 1184; x_wconf 81' lang='grc' dir='ltr'><strong>τὸ</strong></span> <span class='ocrx_word' id='word_1_137' title='bbox 2109 1129 2325 1202; x_wconf 88' lang='grc' dir='ltr'>θέλημα</span> <span class='ocrx_word' id='word_1_138' title='bbox 2355 1130 2853 1202; x_wconf 84' lang='grc' dir='ltr'>τελεσφορήσαντες</span> <span class='ocrx_word' id='word_1_139' title='bbox 2884 1128 3162 1201; x_wconf 78' lang='grc' dir='ltr'>ἀλὼϐητον</span> <span class='ocrx_word' id='word_1_140' title='bbox 3193 1128 3285 1183; x_wconf 80' lang='grc' dir='ltr'>τοῦ</span> <span class='ocrx_word' id='word_1_141' title='bbox 3318 1129 3513 1200; x_wconf 85' lang='grc' dir='ltr'><strong>Λόγου.</strong></span> 
     </span>
    </p>
   </div>
   <div class='ocr_carea' id='block_1_21' title="bbox 1358 1269 2740 1340">
    <p class='ocr_par' dir='ltr' id='par_1_21' title="bbox 1358 1269 2740 1340">
     <span class='ocr_line' id='line_1_21' title="bbox 1358 1269 2740 1340; baseline -0.004 -11"><span class='ocrx_word' id='word_1_142' title='bbox 1358 1274 1489 1330; x_wconf 77' lang='lat' dir='ltr'><strong>CAP.</strong></span> <span class='ocrx_word' id='word_1_143' title='bbox 1516 1273 1610 1328; x_wconf 79' lang='lat' dir='ltr'><strong>1X.</strong></span> <span class='ocrx_word' id='word_1_144' title='bbox 1648 1272 1851 1329; x_wconf 74' lang='lat' dir='ltr'><strong>Gratia:</strong></span> <span class='ocrx_word' id='word_1_145' title='bbox 1883 1272 2174 1328; x_wconf 70' lang='lat' dir='ltr'><strong>oeconomia</strong></span> <span class='ocrx_word' id='word_1_146' title='bbox 2198 1272 2253 1325; x_wconf 83' lang='lat' dir='ltr'><strong>in</strong></span> <span class='ocrx_word' id='word_1_147' title='bbox 2274 1269 2449 1325; x_wconf 87' lang='lat' dir='ltr'><strong>Paulo</strong></span> <span class='ocrx_word' id='word_1_148' title='bbox 2478 1269 2740 1340; x_wconf 77' lang='lat' dir='ltr'><strong>apostolo.</strong></span> 
     </span>
    </p>
   </div>
   <div class='ocr_carea' id='block_1_22' title="bbox 480 1406 1990 1481">
    <p class='ocr_par' dir='ltr' id='par_1_22' title="bbox 480 1406 1990 1481">
     <span class='ocr_line' id='line_1_22' title="bbox 480 1406 1990 1481; baseline -0.005 -11"><span class='ocrx_word' id='word_1_149' title='bbox 480 1411 951 1470; x_wconf 86' lang='lat' dir='ltr'><strong>Considerandum</strong></span> <span class='ocrx_word' id='word_1_150' title='bbox 967 1410 1111 1467; x_wconf 89' lang='lat' dir='ltr'><strong>enim</strong></span> <span class='ocrx_word' id='word_1_151' title='bbox 1129 1416 1190 1464; x_wconf 89' lang='lat' dir='ltr'><strong>ut</strong></span> <span class='ocrx_word' id='word_1_152' title='bbox 1205 1416 1259 1464; x_wconf 91' lang='lat' dir='ltr'><strong>et</strong></span> <span class='ocrx_word' id='word_1_153' title='bbox 1277 1409 1330 1464; x_wconf 92' lang='lat' dir='ltr'><strong>in</strong></span> <span class='ocrx_word' id='word_1_154' title='bbox 1349 1408 1550 1481; x_wconf 84' lang='lat' dir='ltr'><strong>inclyto</strong></span> <span class='ocrx_word' id='word_1_155' title='bbox 1564 1406 1736 1462; x_wconf 91' lang='lat' dir='ltr'><strong>Paulo</strong></span> <span class='ocrx_word' id='word_1_156' title='bbox 1754 1422 1875 1463; x_wconf 84' lang='lat' dir='ltr'><strong>sese</strong></span> <span class='ocrx_word' id='word_1_157' title='bbox 1901 1421 1990 1463; x_wconf 87' lang='lat' dir='ltr'><strong>res</strong></span> 
     </span>
    </p>
   </div>
   <div class='ocr_carea' id='block_1_23' title="bbox 413 1497 1992 1575">
    <p class='ocr_par' dir='ltr' id='par_1_23' title="bbox 413 1497 1992 1575">
     <span class='ocr_line' id='line_1_23' title="bbox 413 1497 1992 1575; baseline -0.004 -15"><span class='ocrx_word' id='word_1_158' title='bbox 413 1506 682 1561; x_wconf 87' lang='lat' dir='ltr'><strong>habuerit.</strong></span> <span class='ocrx_word' id='word_1_159' title='bbox 711 1504 847 1559; x_wconf 87' lang='lat' dir='ltr'><strong>Cum</strong></span> <span class='ocrx_word' id='word_1_160' title='bbox 879 1504 1021 1559; x_wconf 88' lang='lat' dir='ltr'><strong>enim</strong></span> <span class='ocrx_word' id='word_1_161' title='bbox 1056 1502 1103 1556; x_wconf 87' lang='lat' dir='ltr'><strong>is</strong></span> <span class='ocrx_word' id='word_1_162' title='bbox 1147 1501 1389 1555; x_wconf 88' lang='lat' dir='ltr'><strong>nondum</strong></span> <span class='ocrx_word' id='word_1_163' title='bbox 1436 1501 1492 1554; x_wconf 92' lang='lat' dir='ltr'><strong>in</strong></span> <span class='ocrx_word' id='word_1_164' title='bbox 1540 1500 1763 1555; x_wconf 77' lang='lat' dir='ltr'><strong>Christo</strong></span> <span class='ocrx_word' id='word_1_165' title='bbox 1810 1497 1992 1575; x_wconf 81' lang='lat' dir='ltr'><strong>perfe-</strong></span> 
     </span>
    </p>
   </div>
   <div class='ocr_carea' id='block_1_24' title="bbox 409 1594 1990 1668">
    <p class='ocr_par' dir='ltr' id='par_1_24' title="bbox 409 1594 1990 1668">
     <span class='ocr_line' id='line_1_24' title="bbox 409 1594 1990 1668; baseline -0.006 -13"><span class='ocrx_word' id='word_1_166' title='bbox 409 1609 534 1655; x_wconf 92' lang='lat' dir='ltr'><strong>ctus</strong></span> <span class='ocrx_word' id='word_1_167' title='bbox 561 1606 726 1660; x_wconf 82' lang='lat' dir='ltr'><strong>esset,</strong></span> <span class='ocrx_word' id='word_1_168' title='bbox 761 1604 1052 1668; x_wconf 75' lang='lat' dir='ltr'><strong>generatur</strong></span> <span class='ocrx_word' id='word_1_169' title='bbox 1077 1595 1316 1665; x_wconf 80' lang='lat' dir='ltr'><strong>primum</strong></span> <span class='ocrx_word' id='word_1_170' title='bbox 1349 1601 1515 1663; x_wconf 87' lang='lat' dir='ltr'><strong>atque</strong></span> <span class='ocrx_word' id='word_1_171' title='bbox 1542 1594 1797 1656; x_wconf 83' lang='lat' dir='ltr'><strong>Iactatur,</strong></span> <span class='ocrx_word' id='word_1_172' title='bbox 1822 1606 1990 1646; x_wconf 85' lang='lat' dir='ltr'><strong>evan-</strong></span> 
     </span>
    </p>
   </div>
   <div class='ocr_carea' id='block_1_25' title="bbox 2182 1402 3672 1479">
    <p class='ocr_par' dir='ltr' id='par_1_25' title="bbox 2182 1402 3672 1479">
     <span class='ocr_line' id='line_1_25' title="bbox 2182 1402 3672 1479; baseline 0.002 -19"><span class='ocrx_word' id='word_1_173' title='bbox 2182 1405 2610 1475; x_wconf 84' lang='grc' dir='ltr'>Ἐπισκέψασθαι</span> <span class='ocrx_word' id='word_1_174' title='bbox 2643 1404 2752 1476; x_wconf 84' lang='grc' dir='ltr'><strong>γὰρ</strong></span> <span class='ocrx_word' id='word_1_175' title='bbox 2785 1402 2889 1477; x_wconf 82' lang='grc' dir='ltr'><strong>χρὴ</strong></span> <span class='ocrx_word' id='word_1_176' title='bbox 2916 1406 3011 1458; x_wconf 72' lang='grc' dir='ltr'>καὶ</span> <span class='ocrx_word' id='word_1_177' title='bbox 3042 1403 3110 1458; x_wconf 87' lang='grc' dir='ltr'>τὰ</span> <span class='ocrx_word' id='word_1_178' title='bbox 3145 1403 3284 1458; x_wconf 88' lang='grc' dir='ltr'><strong>κατά</strong></span> <span class='ocrx_word' id='word_1_179' title='bbox 3316 1406 3406 1459; x_wconf 86' lang='grc' dir='ltr'>τὸν</span> <span class='ocrx_word' id='word_1_180' title='bbox 3435 1406 3672 1479; x_wconf 84' lang='grc' dir='ltr'>ἀοίδιμον</span> 
     </span>
    </p>
   </div>
   <div class='ocr_carea' id='block_1_26' title="bbox 2097 1493 3670 1574">
    <p class='ocr_par' dir='ltr' id='par_1_26' title="bbox 2097 1493 3670 1574">
     <span class='ocr_line' id='line_1_26' title="bbox 2097 1493 3670 1574; baseline 0.001 -21"><span class='ocrx_word' id='word_1_181' title='bbox 2097 1498 2329 1553; x_wconf 80' lang='grc' dir='ltr'><strong>Παῦλον.</strong></span> <span class='ocrx_word' id='word_1_182' title='bbox 2359 1500 2480 1552; x_wconf 89' lang='grc' dir='ltr'>Ὅτι</span> <span class='ocrx_word' id='word_1_183' title='bbox 2504 1498 2669 1551; x_wconf 83' lang='grc' dir='ltr'>ὁπότε</span> <span class='ocrx_word' id='word_1_184' title='bbox 2706 1497 2917 1551; x_wconf 80' lang='grc' dir='ltr'>οὐδέπω</span> <span class='ocrx_word' id='word_1_185' title='bbox 2950 1497 3152 1561; x_wconf 82' lang='grc' dir='ltr'>τέλειος</span> <span class='ocrx_word' id='word_1_186' title='bbox 3180 1493 3334 1563; x_wconf 78' lang='grc' dir='ltr'>οὗτος</span> <span class='ocrx_word' id='word_1_187' title='bbox 3354 1495 3422 1571; x_wconf 82' lang='grc' dir='ltr'>ἦν</span> <span class='ocrx_word' id='word_1_188' title='bbox 3446 1502 3504 1553; x_wconf 84' lang='grc' dir='ltr'>ἐν</span> <span class='ocrx_word' id='word_1_189' title='bbox 3534 1502 3670 1574; x_wconf 84' lang='grc' dir='ltr'>Χρι-</span> 
     </span>
    </p>
   </div>
   <div class='ocr_carea' id='block_1_27' title="bbox 2096 1587 3670 1661">
    <p class='ocr_par' dir='ltr' id='par_1_27' title="bbox 2096 1587 3670 1661">
     <span class='ocr_line' id='line_1_27' title="bbox 2096 1587 3670 1661; baseline 0.003 -20"><span class='ocrx_word' id='word_1_190' title='bbox 2096 1588 2226 1661; x_wconf 82' lang='grc' dir='ltr'>στῷ,</span> <span class='ocrx_word' id='word_1_191' title='bbox 2263 1589 2517 1657; x_wconf 82' lang='grc' dir='ltr'><strong>γεννᾶται</strong></span> <span class='ocrx_word' id='word_1_192' title='bbox 2555 1588 2822 1660; x_wconf 88' lang='grc' dir='ltr'>πρότερον</span> <span class='ocrx_word' id='word_1_193' title='bbox 2863 1587 2959 1642; x_wconf 71' lang='grc' dir='ltr'><strong>καὶ</strong></span> <span class='ocrx_word' id='word_1_194' title='bbox 2989 1588 3354 1659; x_wconf 86' lang='grc' dir='ltr'>γαλουχεῖται,</span> <span class='ocrx_word' id='word_1_195' title='bbox 3391 1591 3670 1660; x_wconf 84' lang='grc' dir='ltr'>εὐαγγελι-</span> 
     </span>
    </p>
   </div>
   <div class='ocr_carea' id='block_1_28' title="bbox 409 1682 1985 1763">
    <p class='ocr_par' dir='ltr' id='par_1_28' title="bbox 409 1687 1985 1763">
     <span class='ocr_line' id='line_1_28' title="bbox 409 1687 1985 1763; baseline -0.006 -16"><span class='ocrx_word' id='word_1_196' title='bbox 409 1693 599 1763; x_wconf 80' lang='lat' dir='ltr'><strong>gelicis</strong></span> <span class='ocrx_word' id='word_1_197' title='bbox 629 1690 972 1747; x_wconf 79' lang='lat' dir='ltr'><strong>documentis</strong></span> <span class='ocrx_word' id='word_1_198' title='bbox 1004 1689 1281 1743; x_wconf 82' lang='lat' dir='ltr'><strong>imbuente</strong></span> <span class='ocrx_word' id='word_1_199' title='bbox 1306 1702 1370 1741; x_wconf 91' lang='lat' dir='ltr'><strong>ac</strong></span> <span class='ocrx_word' id='word_1_200' title='bbox 1397 1702 1493 1755; x_wconf 88' lang='lat' dir='ltr'><strong>per</strong></span> <span class='ocrx_word' id='word_1_201' title='bbox 1516 1687 1786 1756; x_wconf 81' lang='lat' dir='ltr'><strong>baptisma</strong></span> <span class='ocrx_word' id='word_1_202' title='bbox 1809 1687 1985 1755; x_wconf 90' lang='lat' dir='ltr'><strong>ipsum</strong></span> 
     </span>
    </p>
   </div>
   <div class='ocr_carea' id='block_1_29' title="bbox 2077 1682 3669 1763">
    <p class='ocr_par' dir='ltr' id='par_1_29' title="bbox 2092 1682 3669 1755">
     <span class='ocr_line' id='line_1_29' title="bbox 2092 1682 3669 1755; baseline 0.002 -19"><span class='ocrx_word' id='word_1_203' title='bbox 2092 1683 2319 1754; x_wconf 83' lang='grc' dir='ltr'>ζομένου</span> <span class='ocrx_word' id='word_1_204' title='bbox 2346 1685 2438 1736; x_wconf 77' lang='grc' dir='ltr'><strong>καὶ</strong></span> <span class='ocrx_word' id='word_1_205' title='bbox 2457 1682 2901 1747; x_wconf 76' lang='grc' dir='ltr'>ἀνακαινίζοντος</span> <span class='ocrx_word' id='word_1_206' title='bbox 2920 1683 3081 1737; x_wconf 81' lang='grc' dir='ltr'>αὐτὸν</span> <span class='ocrx_word' id='word_1_207' title='bbox 3110 1684 3352 1737; x_wconf 80' lang='grc' dir='ltr'>Ἀνανίου</span> <span class='ocrx_word' id='word_1_208' title='bbox 3374 1683 3451 1752; x_wconf 82' lang='grc' dir='ltr'>τῷ</span> <span class='ocrx_word' id='word_1_209' title='bbox 3479 1684 3669 1755; x_wconf 82' lang='grc' dir='ltr'>βαπτί-</span> 
     </span>
    </p>
   </div>
   <div class='ocr_carea' id='block_1_30' title="bbox 410 1777 1990 1846">
    <p class='ocr_par' dir='ltr' id='par_1_30' title="bbox 410 1777 1990 1846">
     <span class='ocr_line' id='line_1_30' title="bbox 410 1777 1990 1846; baseline -0.006 -7"><span class='ocrx_word' id='word_1_210' title='bbox 410 1794 706 1839; x_wconf 85' lang='lat' dir='ltr'><strong>renovante</strong></span> <span class='ocrx_word' id='word_1_211' title='bbox 735 1783 965 1846; x_wconf 83' lang='lat' dir='ltr'><strong>Anania,</strong></span> <span class='ocrx_word' id='word_1_212' title='bbox 1001 1783 1144 1836; x_wconf 86' lang='lat' dir='ltr'><strong>sicut</strong></span> <span class='ocrx_word' id='word_1_213' title='bbox 1175 1781 1229 1834; x_wconf 90' lang='lat' dir='ltr'><strong>in</strong></span> <span class='ocrx_word' id='word_1_214' title='bbox 1258 1780 1487 1834; x_wconf 81' lang='lat' dir='ltr'><strong>Actibus</strong></span> <span class='ocrx_word' id='word_1_215' title='bbox 1533 1778 1762 1833; x_wconf 88' lang='lat' dir='ltr'><strong>historia</strong></span> <span class='ocrx_word' id='word_1_216' title='bbox 1813 1777 1990 1831; x_wconf 90' lang='lat' dir='ltr'><strong>conti-</strong></span> 
     </span>
    </p>
   </div>
   <div class='ocr_carea' id='block_1_31' title="bbox 408 1868 1985 1941">
    <p class='ocr_par' dir='ltr' id='par_1_31' title="bbox 408 1868 1985 1941">
     <span class='ocr_line' id='line_1_31' title="bbox 408 1868 1985 1941; baseline -0.006 -8"><span class='ocrx_word' id='word_1_217' title='bbox 408 1878 590 1933; x_wconf 76' lang='lat' dir='ltr'><strong>net“.</strong></span> <span class='ocrx_word' id='word_1_218' title='bbox 620 1877 689 1930; x_wconf 85' lang='lat' dir='ltr'><strong>At</strong></span> <span class='ocrx_word' id='word_1_219' title='bbox 733 1875 824 1930; x_wconf 91' lang='lat' dir='ltr'><strong>ubi</strong></span> <span class='ocrx_word' id='word_1_220' title='bbox 858 1874 1034 1929; x_wconf 87' lang='lat' dir='ltr'><strong>factus</strong></span> <span class='ocrx_word' id='word_1_221' title='bbox 1076 1884 1221 1927; x_wconf 80' lang='lat' dir='ltr'><strong>esset</strong></span> <span class='ocrx_word' id='word_1_222' title='bbox 1250 1873 1355 1935; x_wconf 83' lang='lat' dir='ltr'><strong>vir,</strong></span> <span class='ocrx_word' id='word_1_223' title='bbox 1398 1873 1621 1941; x_wconf 84' lang='lat' dir='ltr'><strong>jamque</strong></span> <span class='ocrx_word' id='word_1_224' title='bbox 1665 1868 1985 1933; x_wconf 56' lang='lat' dir='ltr'><strong>aediﬁcatus,</strong></span> 
     </span>
    </p>
   </div>
   <div class='ocr_carea' id='block_1_32' title="bbox 406 1960 1985 2038">
    <p class='ocr_par' dir='ltr' id='par_1_32' title="bbox 406 1960 1985 2038">
     <span class='ocr_line' id='line_1_32' title="bbox 406 1960 1985 2038; baseline -0.007 -15"><span class='ocrx_word' id='word_1_225' title='bbox 406 1969 638 2038; x_wconf 80' lang='lat' dir='ltr'><strong>spiritali</strong></span> <span class='ocrx_word' id='word_1_226' title='bbox 672 1968 883 2023; x_wconf 88' lang='lat' dir='ltr'><strong>scilicet</strong></span> <span class='ocrx_word' id='word_1_227' title='bbox 912 1964 1249 2035; x_wconf 81' lang='lat' dir='ltr'><strong>perfectione</strong></span> <span class='ocrx_word' id='word_1_228' title='bbox 1280 1980 1478 2018; x_wconf 82' lang='lat' dir='ltr'><strong>novum</strong></span> <span class='ocrx_word' id='word_1_229' title='bbox 1504 1962 1791 2024; x_wconf 90' lang='lat' dir='ltr'><strong>formatus,</strong></span> <span class='ocrx_word' id='word_1_230' title='bbox 1822 1960 1985 2014; x_wconf 88' lang='lat' dir='ltr'><strong>etiam</strong></span> 
     </span>
    </p>
   </div>
   <div class='ocr_carea' id='block_1_33' title="bbox 405 2051 1985 2129">
    <p class='ocr_par' dir='ltr' id='par_1_33' title="bbox 405 2051 1985 2129">
     <span class='ocr_line' id='line_1_33' title="bbox 405 2051 1985 2129; baseline -0.005 -16"><span class='ocrx_word' id='word_1_231' title='bbox 405 2059 625 2129; x_wconf 77' lang='lat' dir='ltr'><strong>adjutor</strong></span> <span class='ocrx_word' id='word_1_232' title='bbox 657 2070 711 2114; x_wconf 87' lang='lat' dir='ltr'><strong>et</strong></span> <span class='ocrx_word' id='word_1_233' title='bbox 744 2073 947 2128; x_wconf 85' lang='lat' dir='ltr'><strong>sponsa</strong></span> <span class='ocrx_word' id='word_1_234' title='bbox 981 2055 1143 2110; x_wconf 85' lang='lat' dir='ltr'><strong>Verbi</strong></span> <span class='ocrx_word' id='word_1_235' title='bbox 1172 2056 1461 2115; x_wconf 83' lang='lat' dir='ltr'><strong>evasisset,</strong></span> <span class='ocrx_word' id='word_1_236' title='bbox 1494 2056 1585 2124; x_wconf 86' lang='lat' dir='ltr'><strong>qui</strong></span> <span class='ocrx_word' id='word_1_237' title='bbox 1620 2054 1743 2107; x_wconf 67' lang='lat' dir='ltr'><strong>vitae</strong></span> <span class='ocrx_word' id='word_1_238' title='bbox 1775 2051 1985 2107; x_wconf 87' lang='lat' dir='ltr'><strong>semina</strong></span> 
     </span>
    </p>
   </div>
   <div class='ocr_carea' id='block_1_34' title="bbox 401 2143 1983 2221">
    <p class='ocr_par' dir='ltr' id='par_1_34' title="bbox 401 2143 1983 2221">
     <span class='ocr_line' id='line_1_34' title="bbox 401 2143 1983 2221; baseline -0.004 -16"><span class='ocrx_word' id='word_1_239' title='bbox 401 2160 460 2205; x_wconf 88' lang='lat' dir='ltr'><strong>et</strong></span> <span class='ocrx_word' id='word_1_240' title='bbox 485 2151 821 2221; x_wconf 80' lang='lat' dir='ltr'><strong>suscepisset</strong></span> <span class='ocrx_word' id='word_1_241' title='bbox 855 2156 908 2205; x_wconf 90' lang='lat' dir='ltr'><strong>et</strong></span> <span class='ocrx_word' id='word_1_242' title='bbox 941 2147 1290 2216; x_wconf 80' lang='lat' dir='ltr'><strong>concepisset</strong></span> <span class='ocrx_word' id='word_1_243' title='bbox 1326 2167 1338 2201; x_wconf 93' lang='lat'><strong>:</strong></span> <span class='ocrx_word' id='word_1_244' title='bbox 1373 2153 1528 2210; x_wconf 84' lang='lat' dir='ltr'><strong>tunc,</strong></span> <span class='ocrx_word' id='word_1_245' title='bbox 1557 2146 1651 2216; x_wconf 88' lang='lat' dir='ltr'><strong>qui</strong></span> <span class='ocrx_word' id='word_1_246' title='bbox 1682 2145 1800 2214; x_wconf 90' lang='lat' dir='ltr'><strong>ipse</strong></span> <span class='ocrx_word' id='word_1_247' title='bbox 1830 2143 1983 2213; x_wconf 85' lang='lat' dir='ltr'><strong>prius</strong></span> 
     </span>
    </p>
   </div>
   <div class='ocr_carea' id='block_1_35' title="bbox 401 2236 1984 2308">
    <p class='ocr_par' dir='ltr' id='par_1_35' title="bbox 401 2236 1984 2308">
     <span class='ocr_line' id='line_1_35' title="bbox 401 2236 1984 2308; baseline -0.008 -10"><span class='ocrx_word' id='word_1_248' title='bbox 401 2243 587 2298; x_wconf 76' lang='lat' dir='ltr'><strong>infans</strong></span> <span class='ocrx_word' id='word_1_249' title='bbox 610 2246 918 2303; x_wconf 86' lang='lat' dir='ltr'><strong>exstiterat,</strong></span> <span class='ocrx_word' id='word_1_250' title='bbox 954 2240 1198 2295; x_wconf 86' lang='lat' dir='ltr'><strong>Ecclesia</strong></span> <span class='ocrx_word' id='word_1_251' title='bbox 1227 2253 1537 2308; x_wconf 88' lang='lat' dir='ltr'><strong>parensque</strong></span> <span class='ocrx_word' id='word_1_252' title='bbox 1563 2236 1815 2300; x_wconf 62' lang='lat' dir='ltr'><strong>edicitur,</strong></span> <span class='ocrx_word' id='word_1_253' title='bbox 1859 2249 1984 2305; x_wconf 85' lang='lat' dir='ltr'><strong>par-</strong></span> 
     </span>
    </p>
   </div>
   <div class='ocr_carea' id='block_1_36' title="bbox 400 2323 1983 2403">
    <p class='ocr_par' dir='ltr' id='par_1_36' title="bbox 400 2323 1983 2403">
     <span class='ocr_line' id='line_1_36' title="bbox 400 2323 1983 2403; baseline -0.006 -15"><span class='ocrx_word' id='word_1_254' title='bbox 400 2335 614 2388; x_wconf 84' lang='lat' dir='ltr'><strong>turiens</strong></span> <span class='ocrx_word' id='word_1_255' title='bbox 638 2341 692 2387; x_wconf 91' lang='lat' dir='ltr'><strong>et</strong></span> <span class='ocrx_word' id='word_1_256' title='bbox 719 2333 835 2403; x_wconf 89' lang='lat' dir='ltr'><strong>ipse</strong></span> <span class='ocrx_word' id='word_1_257' title='bbox 863 2346 959 2387; x_wconf 88' lang='lat' dir='ltr'><strong>eos</strong></span> <span class='ocrx_word' id='word_1_258' title='bbox 989 2331 1081 2401; x_wconf 83' lang='lat' dir='ltr'><strong>qui</strong></span> <span class='ocrx_word' id='word_1_259' title='bbox 1108 2330 1228 2400; x_wconf 89' lang='lat' dir='ltr'><strong>ejus</strong></span> <span class='ocrx_word' id='word_1_260' title='bbox 1252 2344 1417 2399; x_wconf 83' lang='lat' dir='ltr'><strong>opera</strong></span> <span class='ocrx_word' id='word_1_261' title='bbox 1451 2326 1681 2381; x_wconf 83' lang='lat' dir='ltr'><strong>Domino</strong></span> <span class='ocrx_word' id='word_1_262' title='bbox 1718 2323 1983 2381; x_wconf 86' lang='lat' dir='ltr'><strong>credidis-</strong></span> 
     </span>
    </p>
   </div>
   <div class='ocr_carea' id='block_1_37' title="bbox 399 2420 1982 2495">
    <p class='ocr_par' dir='ltr' id='par_1_37' title="bbox 399 2420 1982 2495">
     <span class='ocr_line' id='line_1_37' title="bbox 399 2420 1982 2495; baseline -0.009 -6"><span class='ocrx_word' id='word_1_263' title='bbox 399 2441 544 2495; x_wconf 85' lang='lat' dir='ltr'><strong>sent,</strong></span> <span class='ocrx_word' id='word_1_264' title='bbox 577 2432 754 2486; x_wconf 88' lang='lat' dir='ltr'><strong>donec</strong></span> <span class='ocrx_word' id='word_1_265' title='bbox 787 2429 843 2481; x_wconf 88' lang='lat' dir='ltr'><strong>in</strong></span> <span class='ocrx_word' id='word_1_266' title='bbox 876 2427 984 2480; x_wconf 86' lang='lat' dir='ltr'><strong>illis</strong></span> <span class='ocrx_word' id='word_1_267' title='bbox 1008 2438 1226 2494; x_wconf 84' lang='lat' dir='ltr'><strong>quoque</strong></span> <span class='ocrx_word' id='word_1_268' title='bbox 1251 2422 1517 2477; x_wconf 90' lang='lat' dir='ltr'><strong>formatus</strong></span> <span class='ocrx_word' id='word_1_269' title='bbox 1547 2420 1801 2476; x_wconf 83' lang='lat' dir='ltr'><strong>Christus</strong></span> <span class='ocrx_word' id='word_1_270' title='bbox 1826 2436 1982 2490; x_wconf 83' lang='lat' dir='ltr'><strong>pare-</strong></span> 
     </span>
    </p>
   </div>
   <div class='ocr_carea' id='block_1_38' title="bbox 398 2513 1981 2585">
    <p class='ocr_par' dir='ltr' id='par_1_38' title="bbox 398 2513 1981 2585">
     <span class='ocr_line' id='line_1_38' title="bbox 398 2513 1981 2585; baseline -0.01 -5"><span class='ocrx_word' id='word_1_271' title='bbox 398 2533 571 2580; x_wconf 80' lang='lat' dir='ltr'><strong>retur.</strong></span> <span class='ocrx_word' id='word_1_272' title='bbox 608 2520 799 2575; x_wconf 79' lang='lat' dir='ltr'><strong>Filioli</strong></span> <span class='ocrx_word' id='word_1_273' title='bbox 847 2518 1017 2582; x_wconf 88' lang='lat' dir='ltr'><strong>enim,</strong></span> <span class='ocrx_word' id='word_1_274' title='bbox 1050 2516 1227 2585; x_wconf 88' lang='lat' dir='ltr'><strong>inquit</strong></span> <span class='ocrx_word' id='word_1_275' title='bbox 1246 2515 1316 2577; x_wconf 83' lang='lat'><strong>&quot;,</strong></span> <span class='ocrx_word' id='word_1_276' title='bbox 1349 2514 1469 2576; x_wconf 86' lang='lat' dir='ltr'><strong>mei,</strong></span> <span class='ocrx_word' id='word_1_277' title='bbox 1493 2529 1624 2583; x_wconf 84' lang='lat' dir='ltr'><strong>quos</strong></span> <span class='ocrx_word' id='word_1_278' title='bbox 1650 2513 1840 2566; x_wconf 77' lang='lat' dir='ltr'><strong>iterum</strong></span> <span class='ocrx_word' id='word_1_279' title='bbox 1861 2528 1981 2581; x_wconf 83' lang='lat' dir='ltr'><strong>par-</strong></span> 
     </span>
    </p>
   </div>
   <div class='ocr_carea' id='block_1_39' title="bbox 398 2604 1973 2683">
    <p class='ocr_par' dir='ltr' id='par_1_39' title="bbox 398 2604 1973 2683">
     <span class='ocr_line' id='line_1_39' title="bbox 398 2604 1973 2683; baseline -0.009 -10"><span class='ocrx_word' id='word_1_280' title='bbox 398 2620 564 2681; x_wconf 69' lang='lat' dir='ltr'><strong>turia,</strong></span> <span class='ocrx_word' id='word_1_281' title='bbox 584 2614 754 2670; x_wconf 72' lang='lat' dir='ltr'><strong>donec</strong></span> <span class='ocrx_word' id='word_1_282' title='bbox 773 2614 1032 2683; x_wconf 83' lang='lat' dir='ltr'><strong>formetur</strong></span> <span class='ocrx_word' id='word_1_283' title='bbox 1054 2606 1300 2664; x_wconf 75' lang='lat' dir='ltr'><strong>Christus</strong></span> <span class='ocrx_word' id='word_1_284' title='bbox 1316 2607 1373 2659; x_wconf 87' lang='lat' dir='ltr'><strong>in</strong></span> <span class='ocrx_word' id='word_1_285' title='bbox 1390 2604 1554 2659; x_wconf 80' lang='lat' dir='ltr'><strong>vobis.</strong></span> <span class='ocrx_word' id='word_1_286' title='bbox 1584 2604 1647 2657; x_wconf 88' lang='lat' dir='ltr'><strong>Et</strong></span> <span class='ocrx_word' id='word_1_287' title='bbox 1664 2620 1863 2660; x_wconf 88' lang='lat' dir='ltr'><strong>rursus</strong></span> <span class='ocrx_word' id='word_1_288' title='bbox 1883 2605 1931 2637; x_wconf 81' lang='lat'>“</span> <span class='ocrx_word' id='word_1_289' title='bbox 1960 2622 1973 2659; x_wconf 89' lang='lat'><strong>:</strong></span> 
     </span>
    </p>
   </div>
   <div class='ocr_carea' id='block_1_40' title="bbox 398 2696 1975 2770">
    <p class='ocr_par' dir='ltr' id='par_1_40' title="bbox 398 2696 1975 2770">
     <span class='ocr_line' id='line_1_40' title="bbox 398 2696 1975 2770; baseline -0.008 -5"><span class='ocrx_word' id='word_1_290' title='bbox 398 2710 467 2765; x_wconf 77' lang='lat' dir='ltr'><strong>In</strong></span> <span class='ocrx_word' id='word_1_291' title='bbox 496 2708 712 2766; x_wconf 76' lang='lat' dir='ltr'><strong>Christo</strong></span> <span class='ocrx_word' id='word_1_292' title='bbox 736 2706 878 2762; x_wconf 82' lang='lat' dir='ltr'><strong>enim</strong></span> <span class='ocrx_word' id='word_1_293' title='bbox 908 2703 1038 2759; x_wconf 80' lang='lat' dir='ltr'><strong>Jesu</strong></span> <span class='ocrx_word' id='word_1_294' title='bbox 1066 2715 1159 2770; x_wconf 87' lang='lat' dir='ltr'><strong>per</strong></span> <span class='ocrx_word' id='word_1_295' title='bbox 1189 2696 1535 2770; x_wconf 84' lang='lat' dir='ltr'><strong>Evangelium</strong></span> <span class='ocrx_word' id='word_1_296' title='bbox 1564 2713 1658 2768; x_wconf 88' lang='lat' dir='ltr'><strong>ego</strong></span> <span class='ocrx_word' id='word_1_297' title='bbox 1689 2712 1777 2751; x_wconf 77' lang='lat' dir='ltr'><strong>vos</strong></span> <span class='ocrx_word' id='word_1_298' title='bbox 1797 2698 1975 2767; x_wconf 75' lang='lat' dir='ltr'><strong>genui.</strong></span> 
     </span>
    </p>
   </div>
   <div class='ocr_carea' id='block_1_41' title="bbox 464 2873 1974 2955">
    <p class='ocr_par' dir='ltr' id='par_1_41' title="bbox 464 2873 1974 2955">
     <span class='ocr_line' id='line_1_41' title="bbox 464 2873 1974 2955; baseline -0.007 -14"><span class='ocrx_word' id='word_1_299' title='bbox 464 2886 603 2940; x_wconf 81' lang='lat' dir='ltr'><strong>Hinc</strong></span> <span class='ocrx_word' id='word_1_300' title='bbox 640 2885 818 2955; x_wconf 11' lang='lat' dir='ltr'><strong>rigatur</strong></span> <span class='ocrx_word' id='word_1_301' title='bbox 849 2889 1113 2954; x_wconf 83' lang='lat' dir='ltr'><strong>apparet,</strong></span> <span class='ocrx_word' id='word_1_302' title='bbox 1149 2876 1217 2933; x_wconf 92' lang='lat' dir='ltr'><strong>ad</strong></span> <span class='ocrx_word' id='word_1_303' title='bbox 1249 2875 1530 2932; x_wconf 84' lang='lat' dir='ltr'><strong>Christum</strong></span> <span class='ocrx_word' id='word_1_304' title='bbox 1573 2881 1629 2931; x_wconf 90' lang='lat' dir='ltr'><strong>et</strong></span> <span class='ocrx_word' id='word_1_305' title='bbox 1673 2873 1974 2930; x_wconf 87' lang='lat' dir='ltr'><strong>Ecclesiam</strong></span> 
     </span>
    </p>
   </div>
   <div class='ocr_carea' id='block_1_42' title="bbox 392 2968 1974 3049">
    <p class='ocr_par' dir='ltr' id='par_1_42' title="bbox 392 2968 1974 3049">
     <span class='ocr_line' id='line_1_42' title="bbox 392 2968 1974 3049; baseline -0.006 -13"><span class='ocrx_word' id='word_1_306' title='bbox 392 2979 584 3036; x_wconf 80' lang='lat' dir='ltr'><strong>referri</strong></span> <span class='ocrx_word' id='word_1_307' title='bbox 606 2993 732 3049; x_wconf 72' lang='lat' dir='ltr'><strong>qum</strong></span> <span class='ocrx_word' id='word_1_308' title='bbox 773 2979 838 3030; x_wconf 80' lang='lat' dir='ltr'><strong>de</strong></span> <span class='ocrx_word' id='word_1_309' title='bbox 868 2976 977 3029; x_wconf 83' lang='lat' dir='ltr'><strong>Eva</strong></span> <span class='ocrx_word' id='word_1_310' title='bbox 1008 2984 1172 3047; x_wconf 82' lang='lat' dir='ltr'><strong>atque</strong></span> <span class='ocrx_word' id='word_1_311' title='bbox 1217 2970 1428 3025; x_wconf 81' lang='lat' dir='ltr'><strong>Adamo</strong></span> <span class='ocrx_word' id='word_1_312' title='bbox 1463 2968 1761 3038; x_wconf 73' lang='lat' dir='ltr'><strong>Scriptura:</strong></span> <span class='ocrx_word' id='word_1_313' title='bbox 1792 2970 1974 3026; x_wconf 87' lang='lat' dir='ltr'><strong>verbis</strong></span> 
     </span>
    </p>
   </div>
   <div class='ocr_carea' id='block_1_43' title="bbox 2093 1776 3662 1851">
    <p class='ocr_par' dir='ltr' id='par_1_43' title="bbox 2093 1776 3662 1851">
     <span class='ocr_line' id='line_1_43' title="bbox 2093 1776 3662 1851; baseline 0.002 -21"><span class='ocrx_word' id='word_1_314' title='bbox 2093 1794 2278 1848; x_wconf 87' lang='grc' dir='ltr'>σματι,</span> <span class='ocrx_word' id='word_1_315' title='bbox 2313 1776 2495 1840; x_wconf 85' lang='grc' dir='ltr'>καθὼς</span> <span class='ocrx_word' id='word_1_316' title='bbox 2530 1778 2587 1830; x_wconf 86' lang='grc' dir='ltr'><strong>ὲν</strong></span> <span class='ocrx_word' id='word_1_317' title='bbox 2618 1778 2738 1839; x_wconf 80' lang='grc' dir='ltr'>ταῖς</span> <span class='ocrx_word' id='word_1_318' title='bbox 2776 1776 3047 1848; x_wconf 82' lang='grc' dir='ltr'>Πράξεσιν</span> <span class='ocrx_word' id='word_1_319' title='bbox 3081 1777 3115 1848; x_wconf 82' lang='grc' dir='ltr'>ἡ</span> <span class='ocrx_word' id='word_1_320' title='bbox 3148 1776 3357 1849; x_wconf 78' lang='grc' dir='ltr'><strong>ἱστορία</strong></span> <span class='ocrx_word' id='word_1_321' title='bbox 3400 1779 3662 1851; x_wconf 79' lang='grc' dir='ltr'>περιέγει.</span> 
     </span>
    </p>
   </div>
   <div class='ocr_carea' id='block_1_44' title="bbox 2092 1865 3665 1942">
    <p class='ocr_par' dir='ltr' id='par_1_44' title="bbox 2092 1865 3665 1942">
     <span class='ocr_line' id='line_1_44' title="bbox 2092 1865 3665 1942; baseline 0.003 -22"><span class='ocrx_word' id='word_1_322' title='bbox 2092 1868 2221 1921; x_wconf 86' lang='grc' dir='ltr'>Ὅτε</span> <span class='ocrx_word' id='word_1_323' title='bbox 2251 1866 2309 1920; x_wconf 85' lang='grc' dir='ltr'>δὲ</span> <span class='ocrx_word' id='word_1_324' title='bbox 2342 1865 2590 1938; x_wconf 56' lang='grc' dir='ltr'>ἐρδρώθη</span> <span class='ocrx_word' id='word_1_325' title='bbox 2619 1867 2714 1920; x_wconf 75' lang='grc' dir='ltr'>καὶ</span> <span class='ocrx_word' id='word_1_326' title='bbox 2739 1866 3081 1939; x_wconf 79' lang='grc' dir='ltr'><strong>ᾠκοδομήθη,</strong></span> <span class='ocrx_word' id='word_1_327' title='bbox 3109 1868 3209 1939; x_wconf 75' lang='grc' dir='ltr'>ἤδη</span> <span class='ocrx_word' id='word_1_328' title='bbox 3245 1871 3324 1932; x_wconf 87' lang='grc' dir='ltr'><strong>είς</strong></span> <span class='ocrx_word' id='word_1_329' title='bbox 3354 1870 3665 1942; x_wconf 76' lang='grc' dir='ltr'>τελειότητα</span> 
     </span>
    </p>
   </div>
   <div class='ocr_carea' id='block_1_45' title="bbox 2088 1957 3661 2034">
    <p class='ocr_par' dir='ltr' id='par_1_45' title="bbox 2088 1957 3661 2034">
     <span class='ocr_line' id='line_1_45' title="bbox 2088 1957 3661 2034; baseline 0.004 -24"><span class='ocrx_word' id='word_1_330' title='bbox 2088 1958 2462 2029; x_wconf 79' lang='grc' dir='ltr'>πνευματικὴν</span> <span class='ocrx_word' id='word_1_331' title='bbox 2505 1957 2893 2022; x_wconf 80' lang='grc' dir='ltr'>ἀναπλασθεὶς,</span> <span class='ocrx_word' id='word_1_332' title='bbox 2936 1960 3031 2012; x_wconf 68' lang='grc' dir='ltr'>καὶ</span> <span class='ocrx_word' id='word_1_333' title='bbox 3082 1958 3273 2031; x_wconf 88' lang='grc' dir='ltr'>βοηθὸς</span> <span class='ocrx_word' id='word_1_334' title='bbox 3319 1962 3661 2034; x_wconf 80' lang='grc' dir='ltr'>ἀπειργάσθη</span> 
     </span>
    </p>
   </div>
   <div class='ocr_carea' id='block_1_46' title="bbox 2086 2048 3660 2126">
    <p class='ocr_par' dir='ltr' id='par_1_46' title="bbox 2086 2048 3660 2126">
     <span class='ocr_line' id='line_1_46' title="bbox 2086 2048 3660 2126; baseline 0.003 -23"><span class='ocrx_word' id='word_1_335' title='bbox 2086 2051 2181 2104; x_wconf 81' lang='grc' dir='ltr'><strong>καὶ</strong></span> <span class='ocrx_word' id='word_1_336' title='bbox 2205 2048 2389 2121; x_wconf 83' lang='grc' dir='ltr'>νύμφη</span> <span class='ocrx_word' id='word_1_337' title='bbox 2422 2049 2515 2103; x_wconf 78' lang='grc' dir='ltr'><strong>τοῦ</strong></span> <span class='ocrx_word' id='word_1_338' title='bbox 2545 2052 2740 2120; x_wconf 85' lang='grc' dir='ltr'>Λόγου,</span> <span class='ocrx_word' id='word_1_339' title='bbox 2762 2051 2829 2105; x_wconf 73' lang='grc' dir='ltr'>τὰ</span> <span class='ocrx_word' id='word_1_340' title='bbox 2858 2052 3146 2124; x_wconf 88' lang='grc' dir='ltr'>σπέρματα</span> <span class='ocrx_word' id='word_1_341' title='bbox 3176 2054 3275 2125; x_wconf 81' lang='grc' dir='ltr'>τῆς</span> <span class='ocrx_word' id='word_1_342' title='bbox 3299 2053 3444 2126; x_wconf 81' lang='grc' dir='ltr'>ζωῆς</span> <span class='ocrx_word' id='word_1_343' title='bbox 3467 2056 3660 2109; x_wconf 85' lang='grc' dir='ltr'>ἀποδε-</span> 
     </span>
    </p>
   </div>
   <div class='ocr_carea' id='block_1_47' title="bbox 2088 2140 3657 2221">
    <p class='ocr_par' dir='ltr' id='par_1_47' title="bbox 2088 2140 3657 2221">
     <span class='ocr_line' id='line_1_47' title="bbox 2088 2140 3657 2221; baseline 0.005 -27"><span class='ocrx_word' id='word_1_344' title='bbox 2088 2140 2318 2213; x_wconf 80' lang='grc' dir='ltr'>ξάμενος</span> <span class='ocrx_word' id='word_1_345' title='bbox 2355 2142 2450 2196; x_wconf 73' lang='grc' dir='ltr'>καὶ</span> <span class='ocrx_word' id='word_1_346' title='bbox 2483 2143 2762 2197; x_wconf 74' lang='grc' dir='ltr'>συλλαϐών</span> <span class='ocrx_word' id='word_1_347' title='bbox 2782 2162 2797 2175; x_wconf 87' lang='grc'><strong>·</strong></span> <span class='ocrx_word' id='word_1_348' title='bbox 2832 2146 3134 2216; x_wconf 77' lang='grc' dir='ltr'>τηνικαῦτα</span> <span class='ocrx_word' id='word_1_349' title='bbox 3165 2147 3194 2200; x_wconf 86' lang='grc' dir='ltr'><strong>ό</strong></span> <span class='ocrx_word' id='word_1_350' title='bbox 3228 2148 3491 2219; x_wconf 87' lang='grc' dir='ltr'>πρότερον</span> <span class='ocrx_word' id='word_1_351' title='bbox 3521 2166 3657 2221; x_wconf 88' lang='grc' dir='ltr'>χρη-</span> 
     </span>
    </p>
   </div>
   <div class='ocr_carea' id='block_1_48' title="bbox 2087 2236 3631 2311">
    <p class='ocr_par' dir='ltr' id='par_1_48' title="bbox 2087 2236 3631 2311">
     <span class='ocr_line' id='line_1_48' title="bbox 2087 2236 3631 2311; baseline 0.003 -22"><span class='ocrx_word' id='word_1_352' title='bbox 2087 2236 2319 2306; x_wconf 84' lang='grc' dir='ltr'>ματίσας</span> <span class='ocrx_word' id='word_1_353' title='bbox 2348 2237 2557 2291; x_wconf 86' lang='grc' dir='ltr'>παιδίον</span> <span class='ocrx_word' id='word_1_354' title='bbox 2602 2237 2896 2309; x_wconf 78' lang='grc' dir='ltr'>Ἐκκλησία</span> <span class='ocrx_word' id='word_1_355' title='bbox 2928 2238 3137 2306; x_wconf 88' lang='grc' dir='ltr'>γίνεται</span> <span class='ocrx_word' id='word_1_356' title='bbox 3171 2239 3267 2292; x_wconf 77' lang='grc' dir='ltr'><strong>καὶ</strong></span> <span class='ocrx_word' id='word_1_357' title='bbox 3300 2241 3505 2311; x_wconf 85' lang='grc' dir='ltr'>μήτηρ,</span> <span class='ocrx_word' id='word_1_358' title='bbox 3538 2241 3631 2293; x_wconf 77' lang='grc' dir='ltr'>ὡδί</span> 
     </span>
    </p>
   </div>
   <div class='ocr_carea' id='block_1_49' title="bbox 2082 2326 3659 2400">
    <p class='ocr_par' dir='ltr' id='par_1_49' title="bbox 2082 2326 3659 2400">
     <span class='ocr_line' id='line_1_49' title="bbox 2082 2326 3659 2400; baseline 0.003 -21"><span class='ocrx_word' id='word_1_359' title='bbox 2082 2344 2187 2379; x_wconf 87' lang='grc' dir='ltr'><strong>νων</strong></span> <span class='ocrx_word' id='word_1_360' title='bbox 2220 2326 2315 2380; x_wconf 71' lang='grc' dir='ltr'><strong>καὶ</strong></span> <span class='ocrx_word' id='word_1_361' title='bbox 2360 2328 2521 2392; x_wconf 77' lang='grc' dir='ltr'>αὐτὸς</span> <span class='ocrx_word' id='word_1_362' title='bbox 2553 2332 2678 2392; x_wconf 75' lang='grc' dir='ltr'>τοὺς</span> <span class='ocrx_word' id='word_1_363' title='bbox 2703 2329 2771 2382; x_wconf 84' lang='grc' dir='ltr'>δι’</span> <span class='ocrx_word' id='word_1_364' title='bbox 2805 2329 2970 2383; x_wconf 82' lang='grc' dir='ltr'>αὑτοῦ</span> <span class='ocrx_word' id='word_1_365' title='bbox 3013 2329 3093 2399; x_wconf 85' lang='grc' dir='ltr'>τῷ</span> <span class='ocrx_word' id='word_1_366' title='bbox 3131 2329 3322 2400; x_wconf 83' lang='grc' dir='ltr'>Κυρίῳ</span> <span class='ocrx_word' id='word_1_367' title='bbox 3369 2346 3659 2384; x_wconf 84' lang='grc' dir='ltr'>πεπιστευ-</span> 
     </span>
    </p>
   </div>
   <div class='ocr_carea' id='block_1_50' title="bbox 2081 2420 3654 2496">
    <p class='ocr_par' dir='ltr' id='par_1_50' title="bbox 2081 2420 3654 2496">
     <span class='ocr_line' id='line_1_50' title="bbox 2081 2420 3654 2496; baseline 0.003 -24"><span class='ocrx_word' id='word_1_368' title='bbox 2081 2420 2266 2484; x_wconf 87' lang='grc' dir='ltr'>κότας,</span> <span class='ocrx_word' id='word_1_369' title='bbox 2299 2420 2410 2473; x_wconf 78' lang='grc' dir='ltr'>ἔστ’</span> <span class='ocrx_word' id='word_1_370' title='bbox 2450 2420 2516 2474; x_wconf 84' lang='grc' dir='ltr'>ἂν</span> <span class='ocrx_word' id='word_1_371' title='bbox 2548 2422 2642 2474; x_wconf 74' lang='grc' dir='ltr'>καὶ</span> <span class='ocrx_word' id='word_1_372' title='bbox 2684 2424 2742 2475; x_wconf 82' lang='grc' dir='ltr'>ὲν</span> <span class='ocrx_word' id='word_1_373' title='bbox 2773 2423 2981 2487; x_wconf 84' lang='grc' dir='ltr'>τούτοις</span> <span class='ocrx_word' id='word_1_374' title='bbox 3021 2425 3050 2476; x_wconf 91' lang='grc' dir='ltr'>ὁ</span> <span class='ocrx_word' id='word_1_375' title='bbox 3086 2423 3319 2493; x_wconf 86' lang='grc' dir='ltr'>Χριστὸς</span> <span class='ocrx_word' id='word_1_376' title='bbox 3353 2424 3654 2496; x_wconf 76' lang='grc' dir='ltr'>μορφωθεὶς</span> 
     </span>
    </p>
   </div>
   <div class='ocr_carea' id='block_1_51' title="bbox 2077 2511 3657 2585">
    <p class='ocr_par' dir='ltr' id='par_1_51' title="bbox 2077 2511 3657 2585">
     <span class='ocr_line' id='line_1_51' title="bbox 2077 2511 3657 2585; baseline 0.003 -21"><span class='ocrx_word' id='word_1_377' title='bbox 2077 2511 2374 2583; x_wconf 81' lang='grc' dir='ltr'>ἀποτεχθῇ.</span> <span class='ocrx_word' id='word_1_378' title='bbox 2417 2512 2623 2567; x_wconf 79' lang='grc' dir='ltr'>Τεκνία</span> <span class='ocrx_word' id='word_1_379' title='bbox 2653 2514 2773 2585; x_wconf 66' lang='grc' dir='ltr'>γάρ,</span> <span class='ocrx_word' id='word_1_380' title='bbox 2785 2531 2927 2582; x_wconf 84' lang='grc' dir='ltr'>μου,</span> <span class='ocrx_word' id='word_1_381' title='bbox 2948 2513 3138 2585; x_wconf 68' lang='grc' dir='ltr'>φησιν,</span> <span class='ocrx_word' id='word_1_382' title='bbox 3170 2515 3278 2581; x_wconf 77' lang='grc' dir='ltr'>οὓς</span> <span class='ocrx_word' id='word_1_383' title='bbox 3315 2515 3501 2571; x_wconf 75' lang='grc' dir='ltr'>πάλιν</span> <span class='ocrx_word' id='word_1_384' title='bbox 3523 2514 3657 2568; x_wconf 83' lang='grc' dir='ltr'>ὡδί-</span> 
     </span>
    </p>
   </div>
   <div class='ocr_carea' id='block_1_52' title="bbox 2076 2599 3654 2675">
    <p class='ocr_par' dir='ltr' id='par_1_52' title="bbox 2076 2599 3654 2675">
     <span class='ocr_line' id='line_1_52' title="bbox 2076 2599 3654 2675; baseline 0.002 -17"><span class='ocrx_word' id='word_1_385' title='bbox 2076 2620 2182 2667; x_wconf 72' lang='lat' dir='ltr'><strong>rw,</strong></span> <span class='ocrx_word' id='word_1_386' title='bbox 2209 2603 2381 2672; x_wconf 82' lang='grc' dir='ltr'>ἄχρις</span> <span class='ocrx_word' id='word_1_387' title='bbox 2407 2599 2480 2659; x_wconf 90' lang='grc' dir='ltr'>οὗ</span> <span class='ocrx_word' id='word_1_388' title='bbox 2511 2603 2795 2674; x_wconf 69' lang='grc' dir='ltr'>μορφωθῇ</span> <span class='ocrx_word' id='word_1_389' title='bbox 2820 2605 3074 2673; x_wconf 81' lang='grc' dir='ltr'>Χριστὸς</span> <span class='ocrx_word' id='word_1_390' title='bbox 3107 2606 3178 2658; x_wconf 77' lang='grc' dir='ltr'>ἐν</span> <span class='ocrx_word' id='word_1_391' title='bbox 3216 2606 3390 2675; x_wconf 78' lang='grc' dir='ltr'><strong>ὑμῖν·</strong></span> <span class='ocrx_word' id='word_1_392' title='bbox 3428 2606 3520 2659; x_wconf 78' lang='grc' dir='ltr'>καὶ</span> <span class='ocrx_word' id='word_1_393' title='bbox 3552 2606 3654 2661; x_wconf 80' lang='grc' dir='ltr'><strong>πά-</strong></span> 
     </span>
    </p>
   </div>
   <div class='ocr_carea' id='block_1_53' title="bbox 2077 2686 3652 2762">
    <p class='ocr_par' dir='ltr' id='par_1_53' title="bbox 2077 2686 3652 2762">
     <span class='ocr_line' id='line_1_53' title="bbox 2077 2686 3652 2762; baseline 0.001 -17"><span class='ocrx_word' id='word_1_394' title='bbox 2077 2690 2160 2746; x_wconf 86' lang='grc' dir='ltr'><strong>λιν</strong></span> <span class='ocrx_word' id='word_1_395' title='bbox 2180 2709 2192 2722; x_wconf 88' lang='grc'><strong>·</strong></span> <span class='ocrx_word' id='word_1_396' title='bbox 2232 2693 2329 2746; x_wconf 82' lang='grc' dir='ltr'><strong>Ἑν</strong></span> <span class='ocrx_word' id='word_1_397' title='bbox 2364 2686 2475 2762; x_wconf 78' lang='grc' dir='ltr'>γὰρ</span> <span class='ocrx_word' id='word_1_398' title='bbox 2496 2691 2728 2761; x_wconf 82' lang='grc' dir='ltr'>Χριστῷ</span> <span class='ocrx_word' id='word_1_399' title='bbox 2766 2692 2972 2762; x_wconf 83' lang='grc' dir='ltr'>Ἰησοῦ</span> <span class='ocrx_word' id='word_1_400' title='bbox 3010 2691 3109 2746; x_wconf 83' lang='grc' dir='ltr'>διὰ</span> <span class='ocrx_word' id='word_1_401' title='bbox 3135 2692 3240 2746; x_wconf 87' lang='grc' dir='ltr'>τοῦ</span> <span class='ocrx_word' id='word_1_402' title='bbox 3283 2693 3652 2762; x_wconf 63' lang='lat' dir='ltr'><strong>Eiram-c.2100</strong></span> 
     </span>
    </p>
   </div>
   <div class='ocr_carea' id='block_1_54' title="bbox 2075 2783 2721 2855">
    <p class='ocr_par' dir='ltr' id='par_1_54' title="bbox 2075 2783 2721 2855">
     <span class='ocr_line' id='line_1_54' title="bbox 2075 2783 2721 2855; baseline -0.002 -16"><span class='ocrx_word' id='word_1_403' title='bbox 2075 2785 2192 2855; x_wconf 75' lang='grc' dir='ltr'><strong>ἐγὼ</strong></span> <span class='ocrx_word' id='word_1_404' title='bbox 2221 2783 2377 2855; x_wconf 83' lang='grc' dir='ltr'>ὑμᾶς</span> <span class='ocrx_word' id='word_1_405' title='bbox 2401 2784 2721 2855; x_wconf 74' lang='grc' dir='ltr'><strong>ἐγέννησα.</strong></span> 
     </span>
    </p>
   </div>
   <div class='ocr_carea' id='block_1_55' title="bbox 2146 2875 3647 2949">
    <p class='ocr_par' dir='ltr' id='par_1_55' title="bbox 2146 2875 3647 2949">
     <span class='ocr_line' id='line_1_55' title="bbox 2146 2875 3647 2949; baseline 0.001 -19"><span class='ocrx_word' id='word_1_406' title='bbox 2146 2876 2354 2930; x_wconf 81' lang='grc' dir='ltr'>Οὐκοῦν</span> <span class='ocrx_word' id='word_1_407' title='bbox 2376 2875 2546 2948; x_wconf 85' lang='grc' dir='ltr'>ταύτῃ</span> <span class='ocrx_word' id='word_1_408' title='bbox 2573 2876 2898 2948; x_wconf 78' lang='grc' dir='ltr'>συνέστηκεν</span> <span class='ocrx_word' id='word_1_409' title='bbox 2931 2877 3009 2941; x_wconf 77' lang='grc' dir='ltr'><strong>εἰς</strong></span> <span class='ocrx_word' id='word_1_410' title='bbox 3042 2876 3141 2949; x_wconf 83' lang='grc' dir='ltr'>τὴν</span> <span class='ocrx_word' id='word_1_411' title='bbox 3174 2877 3496 2946; x_wconf 86' lang='grc' dir='ltr'>Ἐκκλησίαν</span> <span class='ocrx_word' id='word_1_412' title='bbox 3517 2878 3647 2932; x_wconf 85' lang='grc' dir='ltr'>ἀνα-</span> 
     </span>
    </p>
   </div>
   <div class='ocr_carea' id='block_1_56' title="bbox 2076 2952 3648 3042">
    <p class='ocr_par' dir='ltr' id='par_1_56' title="bbox 2076 2952 3648 3042">
     <span class='ocr_line' id='line_1_56' title="bbox 2076 2952 3648 3042; baseline 0.003 -22"><span class='ocrx_word' id='word_1_413' title='bbox 2076 2952 2338 3039; x_wconf 80' lang='grc' dir='ltr'>φέρεσθαι</span> <span class='ocrx_word' id='word_1_414' title='bbox 2364 2969 2458 3022; x_wconf 76' lang='grc' dir='ltr'>καὶ</span> <span class='ocrx_word' id='word_1_415' title='bbox 2480 2968 2570 3024; x_wconf 87' lang='grc' dir='ltr'>τὸν</span> <span class='ocrx_word' id='word_1_416' title='bbox 2595 2970 2830 3040; x_wconf 83' lang='grc' dir='ltr'>Χριστὸν</span> <span class='ocrx_word' id='word_1_417' title='bbox 2853 2968 2914 3022; x_wconf 84' lang='grc' dir='ltr'><strong>τὸ</strong></span> <span class='ocrx_word' id='word_1_418' title='bbox 2934 2968 3076 3022; x_wconf 87' lang='grc' dir='ltr'><strong>κατά</strong></span> <span class='ocrx_word' id='word_1_419' title='bbox 3095 2970 3193 3040; x_wconf 80' lang='grc' dir='ltr'><strong>τὴν</strong></span> <span class='ocrx_word' id='word_1_420' title='bbox 3215 2968 3358 3023; x_wconf 75' lang='grc' dir='ltr'>Εὔαν</span> <span class='ocrx_word' id='word_1_421' title='bbox 3387 2969 3648 3042; x_wconf 85' lang='grc' dir='ltr'>θεώρημα</span> 
     </span>
    </p>
   </div>
   <div class='ocr_carea' id='block_1_57' title="bbox 392 3059 1985 3134">
    <p class='ocr_par' dir='ltr' id='par_1_57' title="bbox 392 3061 1969 3131">
     <span class='ocr_line' id='line_1_57' title="bbox 392 3061 1969 3131; baseline -0.008 -5"><span class='ocrx_word' id='word_1_422' title='bbox 392 3072 636 3128; x_wconf 77' lang='lat' dir='ltr'><strong>narratio</strong></span> <span class='ocrx_word' id='word_1_423' title='bbox 661 3070 916 3124; x_wconf 72' lang='lat' dir='ltr'><strong>habetur.</strong></span> <span class='ocrx_word' id='word_1_424' title='bbox 954 3066 1068 3121; x_wconf 89' lang='lat' dir='ltr'><strong>Hoc</strong></span> <span class='ocrx_word' id='word_1_425' title='bbox 1099 3067 1248 3122; x_wconf 89' lang='lat' dir='ltr'><strong>enim</strong></span> <span class='ocrx_word' id='word_1_426' title='bbox 1277 3078 1403 3119; x_wconf 81' lang='lat' dir='ltr'><strong>vere</strong></span> <span class='ocrx_word' id='word_1_427' title='bbox 1428 3076 1685 3131; x_wconf 82' lang='lat' dir='ltr'><strong>maguum</strong></span> <span class='ocrx_word' id='word_1_428' title='bbox 1713 3061 1843 3116; x_wconf 90' lang='lat' dir='ltr'><strong>illud</strong></span> <span class='ocrx_word' id='word_1_429' title='bbox 1879 3076 1969 3116; x_wconf 88' lang='lat' dir='ltr'><strong>sa-</strong></span> 
     </span>
    </p>
   </div>
   <div class='ocr_carea' id='block_1_58' title="bbox 2077 3059 3648 3134">
    <p class='ocr_par' dir='ltr' id='par_1_58' title="bbox 2077 3059 3648 3134">
     <span class='ocr_line' id='line_1_58' title="bbox 2077 3059 3648 3134; baseline 0.002 -21"><span class='ocrx_word' id='word_1_430' title='bbox 2077 3061 2165 3113; x_wconf 74' lang='grc' dir='ltr'>καὶ</span> <span class='ocrx_word' id='word_1_431' title='bbox 2220 3059 2314 3115; x_wconf 81' lang='grc' dir='ltr'><strong>τὸν</strong></span> <span class='ocrx_word' id='word_1_432' title='bbox 2353 3061 2541 3133; x_wconf 79' lang='grc' dir='ltr'>’Δδάμ.</span> <span class='ocrx_word' id='word_1_433' title='bbox 2584 3061 2754 3114; x_wconf 81' lang='grc' dir='ltr'>Τοῦτο</span> <span class='ocrx_word' id='word_1_434' title='bbox 2801 3061 2909 3132; x_wconf 86' lang='grc' dir='ltr'><strong>γὰρ</strong></span> <span class='ocrx_word' id='word_1_435' title='bbox 2939 3060 3001 3114; x_wconf 82' lang='grc' dir='ltr'>τὸ</span> <span class='ocrx_word' id='word_1_436' title='bbox 3057 3062 3198 3132; x_wconf 76' lang='grc' dir='ltr'>μέγα</span> <span class='ocrx_word' id='word_1_437' title='bbox 3237 3063 3530 3134; x_wconf 87' lang='grc' dir='ltr'>μυστήριον</span> <span class='ocrx_word' id='word_1_438' title='bbox 3571 3063 3648 3126; x_wconf 83' lang='grc' dir='ltr'>ὡς</span> 
     </span>
    </p>
   </div>
   <div class='ocr_carea' id='block_1_59' title="bbox 389 3153 1974 3224">
    <p class='ocr_par' dir='ltr' id='par_1_59' title="bbox 389 3153 1974 3224">
     <span class='ocr_line' id='line_1_59' title="bbox 389 3153 1974 3224; baseline -0.007 -4"><span class='ocrx_word' id='word_1_439' title='bbox 389 3173 731 3220; x_wconf 82' lang='lat' dir='ltr'><strong>cramentum</strong></span> <span class='ocrx_word' id='word_1_440' title='bbox 763 3171 867 3224; x_wconf 82' lang='lat' dir='ltr'><strong>est,</strong></span> <span class='ocrx_word' id='word_1_441' title='bbox 904 3169 965 3216; x_wconf 84' lang='lat' dir='ltr'><strong>et</strong></span> <span class='ocrx_word' id='word_1_442' title='bbox 1002 3158 1190 3213; x_wconf 88' lang='lat' dir='ltr'><strong>mundi</strong></span> <span class='ocrx_word' id='word_1_443' title='bbox 1231 3172 1335 3212; x_wconf 91' lang='lat' dir='ltr'><strong>usu</strong></span> <span class='ocrx_word' id='word_1_444' title='bbox 1367 3156 1622 3223; x_wconf 85' lang='lat' dir='ltr'><strong>superius</strong></span> <span class='ocrx_word' id='word_1_445' title='bbox 1654 3168 1667 3204; x_wconf 76' lang='grc' dir='ltr'>ε</span> <span class='ocrx_word' id='word_1_446' title='bbox 1701 3153 1846 3222; x_wconf 94' lang='lat' dir='ltr'><strong>quod</strong></span> <span class='ocrx_word' id='word_1_447' title='bbox 1873 3169 1974 3224; x_wconf 76' lang='lat' dir='ltr'><strong>ego</strong></span> 
     </span>
    </p>
   </div>
   <div class='ocr_carea' id='block_1_60' title="bbox 385 3245 1972 3314">
    <p class='ocr_par' dir='ltr' id='par_1_60' title="bbox 385 3245 1972 3314">
     <span class='ocr_line' id='line_1_60' title="bbox 385 3245 1972 3314; baseline -0.006 -3"><span class='ocrx_word' id='word_1_448' title='bbox 385 3256 461 3311; x_wconf 91' lang='lat' dir='ltr'><strong>ob</strong></span> <span class='ocrx_word' id='word_1_449' title='bbox 490 3253 916 3310; x_wconf 83' lang='lat' dir='ltr'><strong>imbecillitatem</strong></span> <span class='ocrx_word' id='word_1_450' title='bbox 937 3257 1006 3307; x_wconf 76' lang='lat' dir='ltr'><strong>et</strong></span> <span class='ocrx_word' id='word_1_451' title='bbox 1034 3248 1236 3305; x_wconf 84' lang='lat' dir='ltr'><strong>mentis</strong></span> <span class='ocrx_word' id='word_1_452' title='bbox 1276 3245 1683 3307; x_wconf 88' lang='lat' dir='ltr'><strong>hebetudinem,</strong></span> <span class='ocrx_word' id='word_1_453' title='bbox 1721 3259 1821 3314; x_wconf 91' lang='lat' dir='ltr'><strong>pro</strong></span> <span class='ocrx_word' id='word_1_454' title='bbox 1852 3245 1972 3314; x_wconf 87' lang='lat' dir='ltr'><strong>ejus</strong></span> 
     </span>
    </p>
   </div>
   <div class='ocr_carea' id='block_1_61' title="bbox 383 3337 1974 3418">
    <p class='ocr_par' dir='ltr' id='par_1_61' title="bbox 383 3337 1974 3418">
     <span class='ocr_line' id='line_1_61' title="bbox 383 3337 1974 3418; baseline -0.007 -17"><span class='ocrx_word' id='word_1_455' title='bbox 383 3345 650 3418; x_wconf 72' lang='lat' dir='ltr'><strong>dignitate</strong></span> <span class='ocrx_word' id='word_1_456' title='bbox 681 3353 735 3401; x_wconf 90' lang='lat' dir='ltr'><strong>et</strong></span> <span class='ocrx_word' id='word_1_457' title='bbox 764 3342 1140 3415; x_wconf 77' lang='lat' dir='ltr'><strong>magnitudine</strong></span> <span class='ocrx_word' id='word_1_458' title='bbox 1161 3353 1425 3396; x_wconf 88' lang='lat' dir='ltr'><strong>enarrare</strong></span> <span class='ocrx_word' id='word_1_459' title='bbox 1453 3351 1564 3392; x_wconf 91' lang='lat' dir='ltr'><strong>non</strong></span> <span class='ocrx_word' id='word_1_460' title='bbox 1595 3339 1746 3393; x_wconf 89' lang='lat' dir='ltr'><strong>valeo</strong></span> <span class='ocrx_word' id='word_1_461' title='bbox 1773 3357 1786 3393; x_wconf 93' lang='lat'><strong>:</strong></span> <span class='ocrx_word' id='word_1_462' title='bbox 1819 3337 1872 3392; x_wconf 91' lang='lat' dir='ltr'><strong>id</strong></span> <span class='ocrx_word' id='word_1_463' title='bbox 1895 3345 1974 3391; x_wconf 87' lang='lat' dir='ltr'><strong>ta-</strong></span> 
     </span>
    </p>
   </div>
   <div class='ocr_carea' id='block_1_62' title="bbox 386 3428 1968 3500">
    <p class='ocr_par' dir='ltr' id='par_1_62' title="bbox 386 3428 1968 3500">
     <span class='ocr_line' id='line_1_62' title="bbox 386 3428 1968 3500; baseline -0.006 -6"><span class='ocrx_word' id='word_1_464' title='bbox 386 3454 513 3494; x_wconf 83' lang='lat' dir='ltr'><strong>men</strong></span> <span class='ocrx_word' id='word_1_465' title='bbox 555 3436 969 3493; x_wconf 85' lang='lat' dir='ltr'><strong>connitendum.</strong></span> <span class='ocrx_word' id='word_1_466' title='bbox 994 3434 1196 3491; x_wconf 67' lang='lat' dir='ltr'><strong>Restat</strong></span> <span class='ocrx_word' id='word_1_467' title='bbox 1223 3432 1371 3488; x_wconf 90' lang='lat' dir='ltr'><strong>enim</strong></span> <span class='ocrx_word' id='word_1_468' title='bbox 1400 3437 1462 3485; x_wconf 91' lang='lat' dir='ltr'><strong>ut</strong></span> <span class='ocrx_word' id='word_1_469' title='bbox 1503 3444 1626 3500; x_wconf 64' lang='lat' dir='ltr'><strong>qua</strong></span> <span class='ocrx_word' id='word_1_470' title='bbox 1670 3428 1835 3500; x_wconf 89' lang='lat' dir='ltr'><strong>hujus</strong></span> <span class='ocrx_word' id='word_1_471' title='bbox 1862 3428 1968 3484; x_wconf 91' lang='lat' dir='ltr'><strong>loci</strong></span> 
     </span>
    </p>
   </div>
   <div class='ocr_carea' id='block_1_63' title="bbox 376 3528 1401 3602">
    <p class='ocr_par' dir='ltr' id='par_1_63' title="bbox 376 3528 1401 3602">
     <span class='ocr_line' id='line_1_63' title="bbox 376 3528 1401 3602; baseline -0.007 -17"><span class='ocrx_word' id='word_1_472' title='bbox 376 3529 597 3602; x_wconf 80' lang='lat' dir='ltr'><strong>reliqua</strong></span> <span class='ocrx_word' id='word_1_473' title='bbox 625 3539 775 3596; x_wconf 82' lang='lat' dir='ltr'><strong>sunt,</strong></span> <span class='ocrx_word' id='word_1_474' title='bbox 806 3528 947 3599; x_wconf 84' lang='lat' dir='ltr'><strong>apud</strong></span> <span class='ocrx_word' id='word_1_475' title='bbox 966 3541 1077 3583; x_wconf 71' lang='lat' dir='ltr'><strong>~vos</strong></span> <span class='ocrx_word' id='word_1_476' title='bbox 1108 3539 1401 3596; x_wconf 63' lang='lat' dir='ltr'><strong>exsequar.</strong></span> 
     </span>
    </p>
   </div>
   <div class='ocr_carea' id='block_1_64' title="bbox 2075 3153 3647 3226">
    <p class='ocr_par' dir='ltr' id='par_1_64' title="bbox 2075 3153 3647 3226">
     <span class='ocr_line' id='line_1_64' title="bbox 2075 3153 3647 3226; baseline 0.002 -19"><span class='ocrx_word' id='word_1_477' title='bbox 2075 3153 2313 3223; x_wconf 85' lang='grc' dir='ltr'>ἀληθῶς,</span> <span class='ocrx_word' id='word_1_478' title='bbox 2362 3155 2458 3209; x_wconf 80' lang='grc' dir='ltr'>καὶ</span> <span class='ocrx_word' id='word_1_479' title='bbox 2496 3154 2888 3226; x_wconf 84' lang='grc' dir='ltr'>ὑπερκόσμιον,</span> <span class='ocrx_word' id='word_1_480' title='bbox 2922 3154 2951 3208; x_wconf 85' lang='grc' dir='ltr'><strong>δ</strong></span> <span class='ocrx_word' id='word_1_481' title='bbox 2985 3153 3095 3223; x_wconf 82' lang='grc' dir='ltr'><strong>ἐγὼ</strong></span> <span class='ocrx_word' id='word_1_482' title='bbox 3136 3155 3203 3208; x_wconf 85' lang='grc' dir='ltr'>δι’</span> <span class='ocrx_word' id='word_1_483' title='bbox 3237 3155 3521 3210; x_wconf 84' lang='grc' dir='ltr'>ἀσθένειαν</span> <span class='ocrx_word' id='word_1_484' title='bbox 3552 3157 3647 3210; x_wconf 74' lang='grc' dir='ltr'>καὶ</span> 
     </span>
    </p>
   </div>
   <div class='ocr_carea' id='block_1_65' title="bbox 2073 3245 3645 3321">
    <p class='ocr_par' dir='ltr' id='par_1_65' title="bbox 2073 3245 3645 3321">
     <span class='ocr_line' id='line_1_65' title="bbox 2073 3245 3645 3321; baseline 0.001 -22"><span class='ocrx_word' id='word_1_485' title='bbox 2073 3245 2392 3318; x_wconf 75' lang='grc' dir='ltr'>ἀμϐλύτητα</span> <span class='ocrx_word' id='word_1_486' title='bbox 2446 3246 2562 3310; x_wconf 79' lang='grc' dir='ltr'>νοὸς</span> <span class='ocrx_word' id='word_1_487' title='bbox 2598 3246 2717 3299; x_wconf 88' lang='grc' dir='ltr'>κατ’</span> <span class='ocrx_word' id='word_1_488' title='bbox 2751 3245 2907 3311; x_wconf 81' lang='grc' dir='ltr'>ἀξίαν</span> <span class='ocrx_word' id='word_1_489' title='bbox 2951 3263 3012 3299; x_wconf 90' lang='grc' dir='ltr'><strong>τε</strong></span> <span class='ocrx_word' id='word_1_490' title='bbox 3047 3247 3142 3300; x_wconf 73' lang='grc' dir='ltr'>καὶ</span> <span class='ocrx_word' id='word_1_491' title='bbox 3194 3247 3422 3321; x_wconf 70' lang='grc' dir='ltr'>μέγεθος</span> <span class='ocrx_word' id='word_1_492' title='bbox 3471 3251 3645 3303; x_wconf 73' lang='grc' dir='ltr'>εἰπεῖν</span> 
     </span>
    </p>
   </div>
   <div class='ocr_carea' id='block_1_66' title="bbox 2071 3335 3641 3413">
    <p class='ocr_par' dir='ltr' id='par_1_66' title="bbox 2071 3335 3641 3413">
     <span class='ocr_line' id='line_1_66' title="bbox 2071 3335 3641 3413; baseline 0.003 -23"><span class='ocrx_word' id='word_1_493' title='bbox 2071 3337 2345 3393; x_wconf 76' lang='grc' dir='ltr'>ἀδυνατῶο</span> <span class='ocrx_word' id='word_1_494' title='bbox 2394 3341 2543 3411; x_wconf 79' lang='grc' dir='ltr'>ὅμως</span> <span class='ocrx_word' id='word_1_495' title='bbox 2591 3340 2636 3394; x_wconf 76' lang='grc' dir='ltr'>δ’</span> <span class='ocrx_word' id='word_1_496' title='bbox 2699 3335 2793 3394; x_wconf 82' lang='grc' dir='ltr'><strong>οὖν</strong></span> <span class='ocrx_word' id='word_1_497' title='bbox 2849 3341 3246 3412; x_wconf 74' lang='grc' dir='ltr'>ἐπιχειρητέον.</span> <span class='ocrx_word' id='word_1_498' title='bbox 3300 3343 3495 3410; x_wconf 83' lang='grc' dir='ltr'>Λέγειν</span> <span class='ocrx_word' id='word_1_499' title='bbox 3535 3342 3641 3413; x_wconf 83' lang='grc' dir='ltr'>γὰρ</span> 
     </span>
    </p>
   </div>
   <div class='ocr_carea' id='block_1_67' title="bbox 2070 3426 3641 3505">
    <p class='ocr_par' dir='ltr' id='par_1_67' title="bbox 2070 3426 3641 3505">
     <span class='ocr_line' id='line_1_67' title="bbox 2070 3426 3641 3505; baseline 0.006 -27"><span class='ocrx_word' id='word_1_500' title='bbox 2070 3426 2335 3499; x_wconf 70' lang='grc' dir='ltr'>ἑπόμενον</span> <span class='ocrx_word' id='word_1_501' title='bbox 2392 3429 2458 3484; x_wconf 81' lang='grc' dir='ltr'>ἂν</span> <span class='ocrx_word' id='word_1_502' title='bbox 2518 3429 2605 3500; x_wconf 82' lang='grc' dir='ltr'><strong>εἴη</strong></span> <span class='ocrx_word' id='word_1_503' title='bbox 2668 3428 2852 3483; x_wconf 76' lang='grc' dir='ltr'>λοιπὸν</span> <span class='ocrx_word' id='word_1_504' title='bbox 2914 3428 2977 3499; x_wconf 80' lang='grc' dir='ltr'>δὴ</span> <span class='ocrx_word' id='word_1_505' title='bbox 3030 3429 3125 3483; x_wconf 77' lang='grc' dir='ltr'><strong>καὶ</strong></span> <span class='ocrx_word' id='word_1_506' title='bbox 3184 3431 3253 3484; x_wconf 85' lang='grc' dir='ltr'><strong>τὰ</strong></span> <span class='ocrx_word' id='word_1_507' title='bbox 3307 3431 3443 3502; x_wconf 70' lang='grc' dir='ltr'><strong>ἑξῆς</strong></span> <span class='ocrx_word' id='word_1_508' title='bbox 3506 3432 3641 3505; x_wconf 83' lang='grc' dir='ltr'>πρὸς</span> 
     </span>
    </p>
   </div>
   <div class='ocr_carea' id='block_1_68' title="bbox 2070 3522 2234 3594">
    <p class='ocr_par' dir='ltr' id='par_1_68' title="bbox 2070 3522 2234 3594">
     <span class='ocr_line' id='line_1_68' title="bbox 2070 3522 2234 3594; baseline 0.006 -18"><span class='ocrx_word' id='word_1_509' title='bbox 2070 3522 2234 3594; x_wconf 76' lang='grc' dir='ltr'>ὑμᾶς.</span> 
     </span>
    </p>
   </div>
   <div class='ocr_carea' id='block_1_69' title="bbox 1245 3655 2749 3729">
    <p class='ocr_par' dir='ltr' id='par_1_69' title="bbox 1245 3655 2749 3729">
     <span class='ocr_line' id='line_1_69' title="bbox 1245 3655 2749 3729; baseline 0.003 -14"><span class='ocrx_word' id='word_1_510' title='bbox 1245 3659 1376 3715; x_wconf 71' lang='lat' dir='ltr'><strong>Cn.</strong></span> <span class='ocrx_word' id='word_1_511' title='bbox 1408 3655 1478 3713; x_wconf 79' lang='grc' dir='ltr'>Χ.</span> <span class='ocrx_word' id='word_1_512' title='bbox 1510 3655 1770 3729; x_wconf 82' lang='lat' dir='ltr'><strong>Ejusdem</strong></span> <span class='ocrx_word' id='word_1_513' title='bbox 1793 3659 2023 3729; x_wconf 83' lang='lat' dir='ltr'><strong>apostoli</strong></span> <span class='ocrx_word' id='word_1_514' title='bbox 2048 3658 2292 3716; x_wconf 85' lang='lat' dir='ltr'><strong>doctrina</strong></span> <span class='ocrx_word' id='word_1_515' title='bbox 2325 3660 2388 3717; x_wconf 86' lang='lat' dir='ltr'><strong>de</strong></span> <span class='ocrx_word' id='word_1_516' title='bbox 2416 3663 2749 3720; x_wconf 87' lang='lat' dir='ltr'><strong>castintonia.</strong></span> 
     </span>
    </p>
   </div>
   <div class='ocr_carea' id='block_1_70' title="bbox 448 3802 1960 3877">
    <p class='ocr_par' dir='ltr' id='par_1_70' title="bbox 448 3802 1960 3877">
     <span class='ocr_line' id='line_1_70' title="bbox 448 3802 1960 3877; baseline -0.001 -15"><span class='ocrx_word' id='word_1_517' title='bbox 448 3806 652 3863; x_wconf 73' lang='lat' dir='ltr'><strong>Patrius</strong></span> <span class='ocrx_word' id='word_1_518' title='bbox 699 3805 899 3877; x_wconf 67' lang='lat' dir='ltr'><strong>igitur,</strong></span> <span class='ocrx_word' id='word_1_519' title='bbox 952 3802 1021 3859; x_wconf 87' lang='lat' dir='ltr'><strong>ad</strong></span> <span class='ocrx_word' id='word_1_520' title='bbox 1067 3803 1491 3859; x_wconf 80' lang='lat' dir='ltr'><strong>sanctimoniam</strong></span> <span class='ocrx_word' id='word_1_521' title='bbox 1542 3811 1598 3859; x_wconf 91' lang='lat' dir='ltr'><strong>et</strong></span> <span class='ocrx_word' id='word_1_522' title='bbox 1651 3804 1960 3860; x_wconf 87' lang='lat' dir='ltr'><strong>castitatem</strong></span> 
     </span>
    </p>
   </div>
   <div class='ocr_carea' id='block_1_71' title="bbox 376 3895 1958 3968">
    <p class='ocr_par' dir='ltr' id='par_1_71' title="bbox 376 3895 1958 3968">
     <span class='ocr_line' id='line_1_71' title="bbox 376 3895 1958 3968; baseline -0.004 -11"><span class='ocrx_word' id='word_1_523' title='bbox 376 3910 958 3968; x_wconf 85' lang='lat' dir='ltr'><strong>cunctos.provocans,</strong></span> <span class='ocrx_word' id='word_1_524' title='bbox 978 3896 1034 3950; x_wconf 89' lang='lat' dir='ltr'><strong>in</strong></span> <span class='ocrx_word' id='word_1_525' title='bbox 1056 3895 1465 3962; x_wconf 85' lang='lat' dir='ltr'><strong>hunc-modum,</strong></span> <span class='ocrx_word' id='word_1_526' title='bbox 1490 3913 1613 3968; x_wconf 77' lang='lat' dir='ltr'><strong>qua:</strong></span> <span class='ocrx_word' id='word_1_527' title='bbox 1637 3896 1704 3950; x_wconf 88' lang='lat' dir='ltr'><strong>ad</strong></span> <span class='ocrx_word' id='word_1_528' title='bbox 1722 3897 1958 3966; x_wconf 87' lang='lat' dir='ltr'><strong>primum</strong></span> 
     </span>
    </p>
   </div>
   <div class='ocr_carea' id='block_1_72' title="bbox 381 3988 1958 4060">
    <p class='ocr_par' dir='ltr' id='par_1_72' title="bbox 381 3988 1958 4060">
     <span class='ocr_line' id='line_1_72' title="bbox 381 3988 1958 4060; baseline -0.002 -12"><span class='ocrx_word' id='word_1_529' title='bbox 381 3992 653 4049; x_wconf 80' lang='lat' dir='ltr'><strong>hominem</strong></span> <span class='ocrx_word' id='word_1_530' title='bbox 669 3988 930 4045; x_wconf 76' lang='lat' dir='ltr'><strong>.etEvam</strong></span> <span class='ocrx_word' id='word_1_531' title='bbox 955 3995 1224 4060; x_wconf 84' lang='lat' dir='ltr'><strong>spectant,</strong></span> <span class='ocrx_word' id='word_1_532' title='bbox 1255 3991 1494 4045; x_wconf 83' lang='lat' dir='ltr'><strong>secunda</strong></span> <span class='ocrx_word' id='word_1_533' title='bbox 1514 3989 1958 4045; x_wconf 85' lang='lat' dir='ltr'><strong>consideratione</strong></span> 
     </span>
    </p>
   </div>
   <div class='ocr_carea' id='block_1_73' title="bbox 176 4072 1957 4154">
    <p class='ocr_par' dir='ltr' id='par_1_73' title="bbox 176 4072 1957 4154">
     <span class='ocr_line' id='line_1_73' title="bbox 176 4072 1957 4154; baseline -0.002 -14"><span class='ocrx_word' id='word_1_534' title='bbox 176 4072 184 4082; x_wconf 79' lang='grc'><strong>’</strong></span> <span class='ocrx_word' id='word_1_535' title='bbox 285 4099 293 4104; x_wconf 94' lang='grc'>·</span> <span class='ocrx_word' id='word_1_536' title='bbox 378 4083 737 4154; x_wconf 77' lang='lat' dir='ltr'><strong>sensuquein</strong></span> <span class='ocrx_word' id='word_1_537' title='bbox 761 4083 1043 4137; x_wconf 84' lang='lat' dir='ltr'><strong>Christum</strong></span> <span class='ocrx_word' id='word_1_538' title='bbox 1073 4082 1272 4138; x_wconf 84' lang='lat' dir='ltr'><strong>direxit</strong></span> <span class='ocrx_word' id='word_1_539' title='bbox 1290 4092 1345 4138; x_wconf 91' lang='lat' dir='ltr'><strong>et</strong></span> <span class='ocrx_word' id='word_1_540' title='bbox 1376 4082 1701 4148; x_wconf 81' lang='lat' dir='ltr'><strong>Ecciesiam,</strong></span> <span class='ocrx_word' id='word_1_541' title='bbox 1727 4098 1840 4154; x_wconf 90' lang='lat' dir='ltr'><strong>quo</strong></span> <span class='ocrx_word' id='word_1_542' title='bbox 1872 4083 1957 4137; x_wconf 90' lang='lat' dir='ltr'><strong>in-</strong></span> 
     </span>
    </p>
   </div>
   <div class='ocr_carea' id='block_1_74' title="bbox 375 4173 1956 4246">
    <p class='ocr_par' dir='ltr' id='par_1_74' title="bbox 375 4173 1956 4246">
     <span class='ocr_line' id='line_1_74' title="bbox 375 4173 1956 4246; baseline -0.002 -15"><span class='ocrx_word' id='word_1_543' title='bbox 375 4177 556 4234; x_wconf 87' lang='lat' dir='ltr'><strong>doctis</strong></span> <span class='ocrx_word' id='word_1_544' title='bbox 604 4192 670 4232; x_wconf 89' lang='lat' dir='ltr'><strong>os</strong></span> <span class='ocrx_word' id='word_1_545' title='bbox 704 4173 1035 4238; x_wconf 75' lang='lat' dir='ltr'><strong>obstrueret,</strong></span> <span class='ocrx_word' id='word_1_546' title='bbox 1073 4188 1287 4229; x_wconf 92' lang='lat' dir='ltr'><strong>omnem</strong></span> <span class='ocrx_word' id='word_1_547' title='bbox 1316 4174 1440 4231; x_wconf 40' lang='lat' dir='ltr'><strong>villis</strong></span> <span class='ocrx_word' id='word_1_548' title='bbox 1463 4183 1788 4246; x_wconf 70' lang='lat' dir='ltr'><strong>pmtextum</strong></span> <span class='ocrx_word' id='word_1_549' title='bbox 1838 4174 1956 4229; x_wconf 84' lang='lat' dir='ltr'><strong>adi-</strong></span> 
     </span>
    </p>
   </div>
   <div class='ocr_carea' id='block_1_75' title="bbox 377 4265 1952 4336">
    <p class='ocr_par' dir='ltr' id='par_1_75' title="bbox 377 4265 1952 4336">
     <span class='ocr_line' id='line_1_75' title="bbox 377 4265 1952 4336; baseline -0.003 -12"><span class='ocrx_word' id='word_1_550' title='bbox 377 4285 531 4326; x_wconf 90' lang='lat' dir='ltr'><strong>mens</strong></span> <span class='ocrx_word' id='word_1_551' title='bbox 561 4275 616 4324; x_wconf 89' lang='lat' dir='ltr'><strong>et</strong></span> <span class='ocrx_word' id='word_1_552' title='bbox 639 4266 1072 4323; x_wconf 74' lang='lat' dir='ltr'><strong>excusationem.</strong></span> <span class='ocrx_word' id='word_1_553' title='bbox 1100 4265 1364 4336; x_wconf 88' lang='lat' dir='ltr'><strong>Impudici</strong></span> <span class='ocrx_word' id='word_1_554' title='bbox 1394 4266 1538 4321; x_wconf 87' lang='lat' dir='ltr'><strong>enim</strong></span> <span class='ocrx_word' id='word_1_555' title='bbox 1566 4282 1629 4322; x_wconf 91' lang='lat' dir='ltr'><strong>ac</strong></span> <span class='ocrx_word' id='word_1_556' title='bbox 1672 4266 1952 4322; x_wconf 84' lang='lat' dir='ltr'><strong>libidinosi</strong></span> 
     </span>
    </p>
   </div>
   <div class='ocr_carea' id='block_1_76' title="bbox 370 4358 1950 4428">
    <p class='ocr_par' dir='ltr' id='par_1_76' title="bbox 370 4358 1950 4428">
     <span class='ocr_line' id='line_1_76' title="bbox 370 4358 1950 4428; baseline -0.002 -12"><span class='ocrx_word' id='word_1_557' title='bbox 370 4362 642 4424; x_wconf 71' lang='lat' dir='ltr'><strong>nonrines,</strong></span> <span class='ocrx_word' id='word_1_558' title='bbox 678 4360 749 4415; x_wconf 88' lang='lat' dir='ltr'><strong>ob</strong></span> <span class='ocrx_word' id='word_1_559' title='bbox 779 4358 977 4413; x_wconf 79' lang='lat' dir='ltr'><strong>nimios</strong></span> <span class='ocrx_word' id='word_1_560' title='bbox 1016 4358 1071 4411; x_wconf 92' lang='lat' dir='ltr'><strong>in</strong></span> <span class='ocrx_word' id='word_1_561' title='bbox 1098 4358 1178 4413; x_wconf 88' lang='lat' dir='ltr'><strong>eis</strong></span> <span class='ocrx_word' id='word_1_562' title='bbox 1207 4358 1546 4428; x_wconf 90' lang='lat' dir='ltr'><strong>voluptatum</strong></span> <span class='ocrx_word' id='word_1_563' title='bbox 1566 4358 1759 4415; x_wconf 70' lang='lat' dir='ltr'><strong>ﬂuxus</strong></span> <span class='ocrx_word' id='word_1_564' title='bbox 1787 4374 1852 4414; x_wconf 88' lang='lat' dir='ltr'><strong>ac</strong></span> <span class='ocrx_word' id='word_1_565' title='bbox 1882 4359 1950 4413; x_wconf 87' lang='lat' dir='ltr'><strong>il-</strong></span> 
     </span>
    </p>
   </div>
   <div class='ocr_carea' id='block_1_77' title="bbox 2149 3805 3640 3883">
    <p class='ocr_par' dir='ltr' id='par_1_77' title="bbox 2149 3805 3640 3883">
     <span class='ocr_line' id='line_1_77' title="bbox 2149 3805 3640 3883; baseline 0.004 -23"><span class='ocrx_word' id='word_1_566' title='bbox 2149 3805 2206 3861; x_wconf 81' lang='grc' dir='ltr'><strong>Ὀ</strong></span> <span class='ocrx_word' id='word_1_567' title='bbox 2237 3806 2346 3878; x_wconf 79' lang='grc' dir='ltr'>γάρ</span> <span class='ocrx_word' id='word_1_568' title='bbox 2389 3823 2470 3860; x_wconf 87' lang='grc' dir='ltr'><strong>τοι</strong></span> <span class='ocrx_word' id='word_1_569' title='bbox 2502 3806 2713 3872; x_wconf 79' lang='grc' dir='ltr'>Παῦλος</span> <span class='ocrx_word' id='word_1_570' title='bbox 2734 3847 2749 3873; x_wconf 89' lang='grc'>,</span> <span class='ocrx_word' id='word_1_571' title='bbox 2796 3812 2876 3874; x_wconf 83' lang='grc' dir='ltr'><strong>είς</strong></span> <span class='ocrx_word' id='word_1_572' title='bbox 2925 3810 3196 3883; x_wconf 78' lang='grc' dir='ltr'>ἀγιασμδν</span> <span class='ocrx_word' id='word_1_573' title='bbox 3239 3810 3640 3883; x_wconf 74' lang='grc' dir='ltr'>ἐκκαλούμενος</span> 
     </span>
    </p>
   </div>
   <div class='ocr_carea' id='block_1_78' title="bbox 2065 3896 3639 3975">
    <p class='ocr_par' dir='ltr' id='par_1_78' title="bbox 2065 3896 3639 3975">
     <span class='ocr_line' id='line_1_78' title="bbox 2065 3896 3639 3975; baseline 0.006 -27"><span class='ocrx_word' id='word_1_574' title='bbox 2065 3897 2271 3959; x_wconf 88' lang='grc' dir='ltr'>πάντας</span> <span class='ocrx_word' id='word_1_575' title='bbox 2304 3896 2397 3949; x_wconf 80' lang='grc' dir='ltr'><strong>καὶ</strong></span> <span class='ocrx_word' id='word_1_576' title='bbox 2446 3898 2822 3971; x_wconf 80' lang='grc' dir='ltr'>σωφροσύνην,</span> <span class='ocrx_word' id='word_1_577' title='bbox 2850 3900 3023 3975; x_wconf 83' lang='grc' dir='ltr'>ταύτῃ</span> <span class='ocrx_word' id='word_1_578' title='bbox 3045 3902 3105 3955; x_wconf 83' lang='grc' dir='ltr'>τὸ</span> <span class='ocrx_word' id='word_1_579' title='bbox 3135 3901 3275 3956; x_wconf 82' lang='grc' dir='ltr'>κατὰ</span> <span class='ocrx_word' id='word_1_580' title='bbox 3303 3903 3397 3956; x_wconf 79' lang='grc' dir='ltr'><strong>τὸν</strong></span> <span class='ocrx_word' id='word_1_581' title='bbox 3426 3904 3639 3975; x_wconf 86' lang='grc' dir='ltr'>πρωτό-</span> 
     </span>
    </p>
   </div>
   <div class='ocr_carea' id='block_1_79' title="bbox 2064 3983 3633 4064">
    <p class='ocr_par' dir='ltr' id='par_1_79' title="bbox 2064 3983 3633 4064">
     <span class='ocr_line' id='line_1_79' title="bbox 2064 3983 3633 4064; baseline 0.006 -27"><span class='ocrx_word' id='word_1_582' title='bbox 2064 3983 2300 4038; x_wconf 88' lang='grc' dir='ltr'>πλαστον</span> <span class='ocrx_word' id='word_1_583' title='bbox 2327 3987 2421 4040; x_wconf 73' lang='grc' dir='ltr'><strong>καὶ</strong></span> <span class='ocrx_word' id='word_1_584' title='bbox 2457 3986 2555 4058; x_wconf 82' lang='grc' dir='ltr'>τὴν</span> <span class='ocrx_word' id='word_1_585' title='bbox 2586 3986 2764 4053; x_wconf 72' lang='grc' dir='ltr'>Εὕαν,</span> <span class='ocrx_word' id='word_1_586' title='bbox 2812 3990 2907 4044; x_wconf 78' lang='grc' dir='ltr'><strong>καὶ</strong></span> <span class='ocrx_word' id='word_1_587' title='bbox 2955 3990 3211 4064; x_wconf 81' lang='grc' dir='ltr'>δευτέραν</span> <span class='ocrx_word' id='word_1_588' title='bbox 3256 3994 3633 4064; x_wconf 78' lang='grc' dir='ltr'>ὲπαπόρησιν,</span> 
     </span>
    </p>
   </div>
   <div class='ocr_carea' id='block_1_80' title="bbox 2060 4078 3633 4158">
    <p class='ocr_par' dir='ltr' id='par_1_80' title="bbox 2060 4078 3633 4158">
     <span class='ocr_line' id='line_1_80' title="bbox 2060 4078 3633 4158; baseline 0.008 -29"><span class='ocrx_word' id='word_1_589' title='bbox 2060 4078 2142 4141; x_wconf 82' lang='grc' dir='ltr'><strong>είς</strong></span> <span class='ocrx_word' id='word_1_590' title='bbox 2175 4079 2407 4149; x_wconf 84' lang='grc' dir='ltr'>Χριστὸν</span> <span class='ocrx_word' id='word_1_591' title='bbox 2435 4080 2753 4151; x_wconf 86' lang='grc' dir='ltr'>ἀνηκόντισε</span> <span class='ocrx_word' id='word_1_592' title='bbox 2780 4083 2872 4137; x_wconf 75' lang='grc' dir='ltr'><strong>καὶ</strong></span> <span class='ocrx_word' id='word_1_593' title='bbox 2900 4084 2998 4156; x_wconf 85' lang='grc' dir='ltr'><strong>τὴν</strong></span> <span class='ocrx_word' id='word_1_594' title='bbox 3030 4085 3374 4157; x_wconf 85' lang='grc' dir='ltr'>Ἐκκλησίαν,</span> <span class='ocrx_word' id='word_1_595' title='bbox 3406 4087 3543 4158; x_wconf 84' lang='grc' dir='ltr'>πρὸς</span> <span class='ocrx_word' id='word_1_596' title='bbox 3571 4087 3633 4141; x_wconf 74' lang='grc' dir='ltr'>τὲ</span> 
     </span>
    </p>
   </div>
   <div class='ocr_carea' id='block_1_81' title="bbox 2059 4171 3633 4249">
    <p class='ocr_par' dir='ltr' id='par_1_81' title="bbox 2059 4171 3633 4249">
     <span class='ocr_line' id='line_1_81' title="bbox 2059 4171 3633 4249; baseline 0.007 -27"><span class='ocrx_word' id='word_1_597' title='bbox 2059 4171 2185 4234; x_wconf 79' lang='grc' dir='ltr'>τοὺς</span> <span class='ocrx_word' id='word_1_598' title='bbox 2235 4172 2670 4244; x_wconf 83' lang='grc' dir='ltr'>ἀνεπιστήμονας</span> <span class='ocrx_word' id='word_1_599' title='bbox 2730 4177 3168 4246; x_wconf 77' lang='grc' dir='ltr'>κατασιγᾶσθαι,</span> <span class='ocrx_word' id='word_1_600' title='bbox 3223 4180 3633 4249; x_wconf 81' lang='grc' dir='ltr'>γυμνουμένους</span> 
     </span>
    </p>
   </div>
   <div class='ocr_carea' id='block_1_82' title="bbox 2061 4263 3635 4344">
    <p class='ocr_par' dir='ltr' id='par_1_82' title="bbox 2061 4263 3635 4344">
     <span class='ocr_line' id='line_1_82' title="bbox 2061 4263 3635 4344; baseline 0.007 -29"><span class='ocrx_word' id='word_1_601' title='bbox 2061 4263 2401 4334; x_wconf 76' lang='grc' dir='ltr'>προφάσεων.</span> <span class='ocrx_word' id='word_1_602' title='bbox 2437 4265 2939 4332; x_wconf 84' lang='grc' dir='ltr'>Ἀκολασταίνοντες</span> <span class='ocrx_word' id='word_1_603' title='bbox 2970 4270 3078 4341; x_wconf 82' lang='grc' dir='ltr'><strong>γὰρ</strong></span> <span class='ocrx_word' id='word_1_604' title='bbox 3112 4270 3197 4323; x_wconf 87' lang='grc' dir='ltr'>διὰ</span> <span class='ocrx_word' id='word_1_605' title='bbox 3227 4270 3325 4335; x_wconf 75' lang='grc' dir='ltr'><strong>τὰς</strong></span> <span class='ocrx_word' id='word_1_606' title='bbox 3358 4273 3635 4344; x_wconf 79' lang='grc' dir='ltr'>ὑπερϐαλ-</span> 
     </span>
    </p>
   </div>
   <div class='ocr_carea' id='block_1_83' title="bbox 2058 4353 3632 4435">
    <p class='ocr_par' dir='ltr' id='par_1_83' title="bbox 2058 4353 3632 4435">
     <span class='ocr_line' id='line_1_83' title="bbox 2058 4353 3632 4435; baseline 0.007 -29"><span class='ocrx_word' id='word_1_607' title='bbox 2058 4353 2254 4419; x_wconf 88' lang='grc' dir='ltr'>λούσας</span> <span class='ocrx_word' id='word_1_608' title='bbox 2290 4354 2473 4427; x_wconf 81' lang='grc' dir='ltr'>ῥύσεις</span> <span class='ocrx_word' id='word_1_609' title='bbox 2504 4357 2561 4409; x_wconf 82' lang='grc' dir='ltr'><strong>ἐν</strong></span> <span class='ocrx_word' id='word_1_610' title='bbox 2592 4358 2773 4422; x_wconf 82' lang='grc' dir='ltr'>αὐτοῖς</span> <span class='ocrx_word' id='word_1_611' title='bbox 2804 4358 2912 4411; x_wconf 84' lang='grc' dir='ltr'>τῶν</span> <span class='ocrx_word' id='word_1_612' title='bbox 2956 4360 3318 4430; x_wconf 81' lang='grc' dir='ltr'>ἡδυπαθειῶν,</span> <span class='ocrx_word' id='word_1_613' title='bbox 3354 4364 3503 4435; x_wconf 65' lang='grc' dir='ltr'>παρὰ</span> <span class='ocrx_word' id='word_1_614' title='bbox 3536 4365 3632 4417; x_wconf 80' lang='grc' dir='ltr'><strong>τὸν</strong></span> 
     </span>
    </p>
   </div>
   <div class='ocr_carea' id='block_1_84' title="bbox 374 4446 1985 4530">
    <p class='ocr_par' dir='ltr' id='par_1_84' title="bbox 374 4446 1985 4529">
     <span class='ocr_line' id='line_1_84' title="bbox 374 4446 1985 4529; baseline 0.001 -25"><span class='ocrx_word' id='word_1_615' title='bbox 374 4452 634 4512; x_wconf 89' lang='lat' dir='ltr'><strong>lecehras,</strong></span> <span class='ocrx_word' id='word_1_616' title='bbox 662 4449 824 4504; x_wconf 89' lang='lat' dir='ltr'><strong>etiam</strong></span> <span class='ocrx_word' id='word_1_617' title='bbox 853 4446 1156 4519; x_wconf 80' lang='lat' dir='ltr'><strong>Seripturis</strong></span> <span class='ocrx_word' id='word_1_618' title='bbox 1186 4448 1293 4502; x_wconf 90' lang='lat' dir='ltr'><strong>vim</strong></span> <span class='ocrx_word' id='word_1_619' title='bbox 1324 4448 1527 4505; x_wconf 83' lang='lat' dir='ltr'><strong>inferre</strong></span> <span class='ocrx_word' id='word_1_620' title='bbox 1563 4461 1854 4515; x_wconf 89' lang='lat' dir='ltr'><strong>conantur,</strong></span> <span class='ocrx_word' id='word_1_621' title='bbox 1889 4456 1950 4506; x_wconf 90' lang='lat' dir='ltr'><strong>ut</strong></span> <span class='ocrx_word' id='word_1_622' title='bbox 1982 4521 1985 4529; x_wconf 24' lang='grc' dir='ltr'><em>Α</em></span> 
     </span>
    </p>
   </div>
   <div class='ocr_carea' id='block_1_85' title="bbox 2077 4446 3627 4530">
    <p class='ocr_par' dir='ltr' id='par_1_85' title="bbox 2077 4446 3627 4526">
     <span class='ocr_line' id='line_1_85' title="bbox 2077 4446 3627 4526; baseline 0.009 -30"><span class='ocrx_word' id='word_1_623' title='bbox 2077 4446 2331 4517; x_wconf 69' lang='grc' dir='ltr'>ιρθόδοξον</span> <span class='ocrx_word' id='word_1_624' title='bbox 2364 4447 2643 4517; x_wconf 79' lang='grc' dir='ltr'>βιάζεσθαι</span> <span class='ocrx_word' id='word_1_625' title='bbox 2684 4449 2921 4521; x_wconf 85' lang='grc' dir='ltr'>τολμῶσι</span> <span class='ocrx_word' id='word_1_626' title='bbox 2962 4450 3216 4523; x_wconf 83' lang='grc' dir='ltr'>λογισμὸν</span> <span class='ocrx_word' id='word_1_627' title='bbox 3259 4452 3356 4517; x_wconf 72' lang='grc' dir='ltr'><strong>τὰς</strong></span> <span class='ocrx_word' id='word_1_628' title='bbox 3382 4454 3627 4526; x_wconf 76' lang='grc' dir='ltr'>Γραφάς,</span> 
     </span>
    </p>
   </div>
   <div class='ocr_carea' id='block_1_86' title="bbox 368 4543 1942 4612">
    <p class='ocr_par' dir='ltr' id='par_1_86' title="bbox 368 4543 1942 4612">
     <span class='ocr_line' id='line_1_86' title="bbox 368 4543 1942 4612; baseline 0.001 -17"><span class='ocrx_word' id='word_1_629' title='bbox 368 4556 628 4611; x_wconf 76' lang='lat' dir='ltr'><strong>perverso</strong></span> <span class='ocrx_word' id='word_1_630' title='bbox 666 4555 763 4595; x_wconf 88' lang='lat' dir='ltr'><strong>eas</strong></span> <span class='ocrx_word' id='word_1_631' title='bbox 804 4545 1300 4609; x_wconf 45' lang='lat' dir='ltr'><strong>sensu&#39;exponant,</strong></span> <span class='ocrx_word' id='word_1_632' title='bbox 1342 4555 1406 4594; x_wconf 91' lang='lat' dir='ltr'><strong>ac</strong></span> <span class='ocrx_word' id='word_1_633' title='bbox 1442 4550 1697 4612; x_wconf 88' lang='lat' dir='ltr'><strong>tanquam</strong></span> <span class='ocrx_word' id='word_1_634' title='bbox 1741 4543 1942 4597; x_wconf 87' lang='lat' dir='ltr'><strong>vallum</strong></span> 
     </span>
    </p>
   </div>
   <div class='ocr_carea' id='block_1_87' title="bbox 366 4630 1941 4698">
    <p class='ocr_par' dir='ltr' id='par_1_87' title="bbox 366 4630 1941 4698">
     <span class='ocr_line' id='line_1_87' title="bbox 366 4630 1941 4698; baseline 0.001 -12"><span class='ocrx_word' id='word_1_635' title='bbox 366 4630 724 4686; x_wconf 63' lang='lat' dir='ltr'><strong>defendenda:</strong></span> <span class='ocrx_word' id='word_1_636' title='bbox 784 4630 1191 4684; x_wconf 57' lang='lat' dir='ltr'><strong>incontinentiae</strong></span> <span class='ocrx_word' id='word_1_637' title='bbox 1242 4631 1363 4685; x_wconf 89' lang='lat' dir='ltr'><strong>illas</strong></span> <span class='ocrx_word' id='word_1_638' title='bbox 1418 4631 1761 4698; x_wconf 84' lang='lat' dir='ltr'><strong>obtendant;</strong></span> <span class='ocrx_word' id='word_1_639' title='bbox 1826 4640 1941 4687; x_wconf 90' lang='lat' dir='ltr'><strong>tum</strong></span> 
     </span>
    </p>
   </div>
   <div class='ocr_carea' id='block_1_88' title="bbox 366 4717 1951 4788">
    <p class='ocr_par' dir='ltr' id='par_1_88' title="bbox 366 4717 1951 4788">
     <span class='ocr_line' id='line_1_88' title="bbox 366 4717 1951 4788; baseline 0.002 -15"><span class='ocrx_word' id='word_1_640' title='bbox 366 4721 513 4788; x_wconf 86' lang='lat' dir='ltr'><strong>quod</strong></span> <span class='ocrx_word' id='word_1_641' title='bbox 536 4720 612 4773; x_wconf 90' lang='lat' dir='ltr'><strong>ita</strong></span> <span class='ocrx_word' id='word_1_642' title='bbox 632 4719 859 4774; x_wconf 86' lang='lat' dir='ltr'><strong>habetur</strong></span> <span class='ocrx_word' id='word_1_643' title='bbox 874 4719 920 4751; x_wconf 84' lang='grc'><strong>⁸⁷</strong></span> <span class='ocrx_word' id='word_1_644' title='bbox 955 4717 1071 4772; x_wconf 77' lang='lat' dir='ltr'><strong>:Et</strong></span> <span class='ocrx_word' id='word_1_645' title='bbox 1103 4717 1239 4773; x_wconf 73' lang='lat' dir='ltr'><strong>dixit</strong></span> <span class='ocrx_word' id='word_1_646' title='bbox 1272 4719 1413 4774; x_wconf 83' lang='lat' dir='ltr'><strong>Deus</strong></span> <span class='ocrx_word' id='word_1_647' title='bbox 1435 4737 1453 4774; x_wconf 91' lang='lat'><strong><em>:</em></strong></span> <span class='ocrx_word' id='word_1_648' title='bbox 1479 4719 1709 4776; x_wconf 82' lang='lat' dir='ltr'><strong>Crescite</strong></span> <span class='ocrx_word' id='word_1_649' title='bbox 1732 4731 1783 4776; x_wconf 84' lang='lat' dir='ltr'><strong>et</strong></span> <span class='ocrx_word' id='word_1_650' title='bbox 1811 4723 1951 4776; x_wconf 84' lang='lat' dir='ltr'><strong>mul-</strong></span> 
     </span>
    </p>
   </div>
   <div class='ocr_carea' id='block_1_89' title="bbox 368 4809 1942 4882">
    <p class='ocr_par' dir='ltr' id='par_1_89' title="bbox 368 4809 1942 4882">
     <span class='ocr_line' id='line_1_89' title="bbox 368 4809 1942 4882; baseline 0.005 -21"><span class='ocrx_word' id='word_1_651' title='bbox 368 4811 710 4879; x_wconf 75' lang='lat' dir='ltr'><strong>tiplicamini;</strong></span> <span class='ocrx_word' id='word_1_652' title='bbox 754 4818 867 4865; x_wconf 82' lang='lat' dir='ltr'><strong>tum</strong></span> <span class='ocrx_word' id='word_1_653' title='bbox 905 4809 1037 4864; x_wconf 89' lang='lat' dir='ltr'><strong>illud</strong></span> <span class='ocrx_word' id='word_1_654' title='bbox 1082 4810 1227 4865; x_wconf 86' lang='lat' dir='ltr'><strong>aliud</strong></span> <span class='ocrx_word' id='word_1_655' title='bbox 1266 4812 1316 4843; x_wconf 82' lang='grc'><strong>⁸⁸</strong></span> <span class='ocrx_word' id='word_1_656' title='bbox 1350 4811 1614 4882; x_wconf 84' lang='lat' dir='ltr'><strong>:Propter</strong></span> <span class='ocrx_word' id='word_1_657' title='bbox 1652 4814 1749 4869; x_wconf 80' lang='lat' dir='ltr'><strong>hoc</strong></span> <span class='ocrx_word' id='word_1_658' title='bbox 1781 4815 1942 4870; x_wconf 86' lang='lat' dir='ltr'><strong>relin-</strong></span> 
     </span>
    </p>
   </div>
   <div class='ocr_carea' id='block_1_90' title="bbox 364 4903 1942 4978">
    <p class='ocr_par' dir='ltr' id='par_1_90' title="bbox 364 4903 1942 4978">
     <span class='ocr_line' id='line_1_90' title="bbox 364 4903 1942 4978; baseline 0.003 -23"><span class='ocrx_word' id='word_1_659' title='bbox 364 4912 484 4973; x_wconf 76' lang='lat' dir='ltr'><strong>quet</strong></span> <span class='ocrx_word' id='word_1_660' title='bbox 526 4903 683 4958; x_wconf 84' lang='lat' dir='ltr'><strong>homo</strong></span> <span class='ocrx_word' id='word_1_661' title='bbox 727 4910 1014 4972; x_wconf 75' lang='lat' dir='ltr'><strong>patremet</strong></span> <span class='ocrx_word' id='word_1_662' title='bbox 1053 4913 1295 4959; x_wconf 72' lang='lat' dir='ltr'><strong>matrem.</strong></span> <span class='ocrx_word' id='word_1_663' title='bbox 1342 4903 1531 4976; x_wconf 85' lang='lat' dir='ltr'><strong>Neque</strong></span> <span class='ocrx_word' id='word_1_664' title='bbox 1580 4906 1729 4976; x_wconf 85' lang='lat' dir='ltr'><strong>ipsos</strong></span> <span class='ocrx_word' id='word_1_665' title='bbox 1760 4907 1942 4978; x_wconf 64' lang='lat' dir='ltr'><strong>pudet</strong></span> 
     </span>
    </p>
   </div>
   <div class='ocr_carea' id='block_1_91' title="bbox 365 4993 1936 5070">
    <p class='ocr_par' dir='ltr' id='par_1_91' title="bbox 365 4993 1936 5070">
     <span class='ocr_line' id='line_1_91' title="bbox 365 4993 1936 5070; baseline 0.004 -23"><span class='ocrx_word' id='word_1_666' title='bbox 365 4993 629 5064; x_wconf 87' lang='lat' dir='ltr'><strong>Spiritum</strong></span> <span class='ocrx_word' id='word_1_667' title='bbox 660 4995 1369 5066; x_wconf 67' lang='lat' dir='ltr'><strong>incursareadversumque</strong></span> <span class='ocrx_word' id='word_1_668' title='bbox 1398 4998 1509 5067; x_wconf 87' lang='lat' dir='ltr'><strong>ire;</strong></span> <span class='ocrx_word' id='word_1_669' title='bbox 1551 5000 1646 5055; x_wconf 88' lang='lat' dir='ltr'><strong>sed</strong></span> <span class='ocrx_word' id='word_1_670' title='bbox 1676 5005 1936 5070; x_wconf 81' lang='lat' dir='ltr'><strong>tanquam</strong></span> 
     </span>
    </p>
   </div>
   <div class='ocr_carea' id='block_1_92' title="bbox 364 5087 1936 5160">
    <p class='ocr_par' dir='ltr' id='par_1_92' title="bbox 364 5087 1936 5160">
     <span class='ocr_line' id='line_1_92' title="bbox 364 5087 1936 5160; baseline 0.003 -19"><span class='ocrx_word' id='word_1_671' title='bbox 364 5089 418 5142; x_wconf 86' lang='lat' dir='ltr'><strong>in</strong></span> <span class='ocrx_word' id='word_1_672' title='bbox 456 5088 560 5143; x_wconf 91' lang='lat' dir='ltr'><strong>hoc</strong></span> <span class='ocrx_word' id='word_1_673' title='bbox 595 5088 733 5153; x_wconf 84' lang='lat' dir='ltr'><strong>nati,</strong></span> <span class='ocrx_word' id='word_1_674' title='bbox 777 5088 869 5159; x_wconf 87' lang='lat' dir='ltr'><strong>qui</strong></span> <span class='ocrx_word' id='word_1_675' title='bbox 901 5087 1081 5155; x_wconf 82' lang='lat' dir='ltr'><strong>adhuc</strong></span> <span class='ocrx_word' id='word_1_676' title='bbox 1106 5087 1393 5144; x_wconf 83' lang='lat' dir='ltr'><strong>foveantur</strong></span> <span class='ocrx_word' id='word_1_677' title='bbox 1418 5106 1485 5147; x_wconf 90' lang='lat' dir='ltr'><strong>ac</strong></span> <span class='ocrx_word' id='word_1_678' title='bbox 1511 5090 1936 5160; x_wconf 82' lang='lat' dir='ltr'><strong>iusideant,eon-</strong></span> 
     </span>
    </p>
   </div>
   <div class='ocr_carea' id='block_1_93' title="bbox 362 5180 1938 5254">
    <p class='ocr_par' dir='ltr' id='par_1_93' title="bbox 362 5180 1938 5254">
     <span class='ocr_line' id='line_1_93' title="bbox 362 5180 1938 5254; baseline 0.001 -18"><span class='ocrx_word' id='word_1_679' title='bbox 362 5181 710 5252; x_wconf 67' lang='lat' dir='ltr'><strong>eupiscentiae</strong></span> <span class='ocrx_word' id='word_1_680' title='bbox 755 5180 996 5237; x_wconf 84' lang='lat' dir='ltr'><strong>fomitem</strong></span> <span class='ocrx_word' id='word_1_681' title='bbox 1028 5181 1154 5236; x_wconf 83' lang='lat' dir='ltr'><strong>flatu</strong></span> <span class='ocrx_word' id='word_1_682' title='bbox 1185 5198 1353 5254; x_wconf 86' lang='lat' dir='ltr'><strong>prope</strong></span> <span class='ocrx_word' id='word_1_683' title='bbox 1379 5186 1681 5240; x_wconf 88' lang='lat' dir='ltr'><strong>eventilant</strong></span> <span class='ocrx_word' id='word_1_684' title='bbox 1714 5199 1779 5241; x_wconf 91' lang='lat' dir='ltr'><strong>ac</strong></span> <span class='ocrx_word' id='word_1_685' title='bbox 1807 5185 1938 5239; x_wconf 71' lang='lat' dir='ltr'><strong>titil-</strong></span> 
     </span>
    </p>
   </div>
   <div class='ocr_carea' id='block_1_94' title="bbox 364 5272 1937 5338">
    <p class='ocr_par' dir='ltr' id='par_1_94' title="bbox 364 5272 1937 5338">
     <span class='ocr_line' id='line_1_94' title="bbox 364 5272 1937 5338; baseline 0.003 -13"><span class='ocrx_word' id='word_1_686' title='bbox 364 5272 663 5327; x_wconf 87' lang='lat' dir='ltr'><strong>lationibus</strong></span> <span class='ocrx_word' id='word_1_687' title='bbox 710 5272 1102 5327; x_wconf 86' lang='lat' dir='ltr'><strong>reaccendunt.</strong></span> <span class='ocrx_word' id='word_1_688' title='bbox 1125 5272 1316 5338; x_wconf 74' lang='lat' dir='ltr'><strong>Quare</strong></span> <span class='ocrx_word' id='word_1_689' title='bbox 1359 5275 1496 5331; x_wconf 87' lang='lat' dir='ltr'><strong>satis</strong></span> <span class='ocrx_word' id='word_1_690' title='bbox 1519 5275 1721 5331; x_wconf 89' lang='lat' dir='ltr'><strong>acriter</strong></span> <span class='ocrx_word' id='word_1_691' title='bbox 1746 5276 1937 5331; x_wconf 80' lang='lat' dir='ltr'><strong>dolosa</strong></span> 
     </span>
    </p>
   </div>
   <div class='ocr_carea' id='block_1_95' title="bbox 362 5362 1936 5438">
    <p class='ocr_par' dir='ltr' id='par_1_95' title="bbox 362 5362 1936 5438">
     <span class='ocr_line' id='line_1_95' title="bbox 362 5362 1936 5438; baseline 0.004 -23"><span class='ocrx_word' id='word_1_692' title='bbox 362 5363 477 5418; x_wconf 59' lang='lat' dir='ltr'><strong>haec</strong></span> <span class='ocrx_word' id='word_1_693' title='bbox 498 5370 554 5419; x_wconf 88' lang='lat' dir='ltr'><strong>et</strong></span> <span class='ocrx_word' id='word_1_694' title='bbox 588 5363 821 5433; x_wconf 74' lang='lat' dir='ltr'><strong>maligna</strong></span> <span class='ocrx_word' id='word_1_695' title='bbox 852 5362 1096 5433; x_wconf 89' lang='lat' dir='ltr'><strong>ipsorum</strong></span> <span class='ocrx_word' id='word_1_696' title='bbox 1127 5366 1356 5420; x_wconf 88' lang='lat' dir='ltr'><strong>consilia</strong></span> <span class='ocrx_word' id='word_1_697' title='bbox 1386 5369 1756 5438; x_wconf 72' lang='lat' dir='ltr'><strong>quaesitosque</strong></span> <span class='ocrx_word' id='word_1_698' title='bbox 1796 5381 1936 5438; x_wconf 70' lang='lat' dir='ltr'><strong>prae-</strong></span> 
     </span>
    </p>
   </div>
   <div class='ocr_carea' id='block_1_96' title="bbox 360 5455 1935 5529">
    <p class='ocr_par' dir='ltr' id='par_1_96' title="bbox 360 5455 1935 5529">
     <span class='ocr_line' id='line_1_96' title="bbox 360 5455 1935 5529; baseline 0.004 -21"><span class='ocrx_word' id='word_1_699' title='bbox 360 5463 539 5510; x_wconf 75' lang='lat' dir='ltr'><strong>textus</strong></span> <span class='ocrx_word' id='word_1_700' title='bbox 569 5455 876 5518; x_wconf 74' lang='lat' dir='ltr'><strong>excutiens,</strong></span> <span class='ocrx_word' id='word_1_701' title='bbox 900 5468 1023 5508; x_wconf 92' lang='lat' dir='ltr'><strong>cum</strong></span> <span class='ocrx_word' id='word_1_702' title='bbox 1047 5470 1112 5509; x_wconf 94' lang='lat' dir='ltr'><strong>eo</strong></span> <span class='ocrx_word' id='word_1_703' title='bbox 1132 5457 1505 5525; x_wconf 71' lang='grc' dir='ltr'>φτοοοεείεεει</span> <span class='ocrx_word' id='word_1_704' title='bbox 1529 5466 1587 5512; x_wconf 81' lang='grc' dir='ltr'>ιιι</span> <span class='ocrx_word' id='word_1_705' title='bbox 1614 5461 1935 5529; x_wconf 55' lang='lat' dir='ltr'><strong>praescribe-</strong></span> 
     </span>
    </p>
   </div>
   <div class='ocr_carea' id='block_1_97' title="bbox 358 5546 1933 5618">
    <p class='ocr_par' dir='ltr' id='par_1_97' title="bbox 358 5546 1933 5618">
     <span class='ocr_line' id='line_1_97' title="bbox 358 5546 1933 5618; baseline 0.004 -19"><span class='ocrx_word' id='word_1_706' title='bbox 358 5554 441 5599; x_wconf 78' lang='lat' dir='ltr'><strong>ret</strong></span> <span class='ocrx_word' id='word_1_707' title='bbox 479 5560 586 5616; x_wconf 87' lang='lat' dir='ltr'><strong>qua</strong></span> <span class='ocrx_word' id='word_1_708' title='bbox 634 5546 846 5600; x_wconf 81' lang='lat' dir='ltr'><strong>ratione</strong></span> <span class='ocrx_word' id='word_1_709' title='bbox 893 5546 1041 5600; x_wconf 89' lang='lat' dir='ltr'><strong>viros</strong></span> <span class='ocrx_word' id='word_1_710' title='bbox 1078 5548 1355 5603; x_wconf 72' lang='lat' dir='ltr'><strong>uxoribus</strong></span> <span class='ocrx_word' id='word_1_711' title='bbox 1395 5551 1472 5604; x_wconf 89' lang='lat' dir='ltr'><strong>uti</strong></span> <span class='ocrx_word' id='word_1_712' title='bbox 1511 5551 1830 5618; x_wconf 86' lang='lat' dir='ltr'><strong>condeceat,</strong></span> <span class='ocrx_word' id='word_1_713' title='bbox 1868 5566 1933 5606; x_wconf 79' lang='lat' dir='ltr'><strong>ac</strong></span> 
     </span>
    </p>
   </div>
   <div class='ocr_carea' id='block_1_98' title="bbox 416 5726 824 5793">
    <p class='ocr_par' dir='ltr' id='par_1_98' title="bbox 416 5726 824 5793">
     <span class='ocr_line' id='line_1_98' title="bbox 416 5726 824 5793; baseline 0.012 -14"><span class='ocrx_word' id='word_1_714' title='bbox 416 5727 457 5759; x_wconf 73' lang='grc' dir='ltr'><strong>ν’</strong></span> <span class='ocrx_word' id='word_1_715' title='bbox 497 5726 612 5782; x_wconf 75' lang='lat' dir='ltr'><strong>Aet.</strong></span> <span class='ocrx_word' id='word_1_716' title='bbox 655 5743 733 5793; x_wconf 79' lang='grc' dir='ltr'><strong>ιι,</strong></span> <span class='ocrx_word' id='word_1_717' title='bbox 775 5729 824 5785; x_wconf 84' lang='grc'>7.</span> 
     </span>
    </p>
   </div>
   <div class='ocr_carea' id='block_1_99' title="bbox 880 5734 1985 5800">
    <p class='ocr_par' dir='ltr' id='par_1_99' title="bbox 880 5734 1985 5800">
     <span class='ocr_line' id='line_1_99' title="bbox 880 5734 1985 5800; baseline 0.009 -14"><span class='ocrx_word' id='word_1_718' title='bbox 880 5764 887 5770; x_wconf 93' lang='grc'><strong><em>-</em></strong></span> <span class='ocrx_word' id='word_1_719' title='bbox 936 5734 982 5766; x_wconf 82' lang='grc'><strong>’⁸</strong></span> <span class='ocrx_word' id='word_1_720' title='bbox 1012 5734 1133 5789; x_wconf 71' lang='grc' dir='ltr'>(ἰαί.</span> <span class='ocrx_word' id='word_1_721' title='bbox 1168 5751 1238 5799; x_wconf 72' lang='grc' dir='ltr'><strong>ιτ,</strong></span> <span class='ocrx_word' id='word_1_722' title='bbox 1288 5735 1368 5791; x_wconf 78' lang='grc'>19.</span> <span class='ocrx_word' id='word_1_723' title='bbox 1445 5737 1492 5768; x_wconf 84' lang='grc'><strong>⁸⁸</strong></span> <span class='ocrx_word' id='word_1_724' title='bbox 1534 5734 1563 5791; x_wconf 92' lang='lat' dir='ltr'><strong><em>I</em></strong></span> <span class='ocrx_word' id='word_1_725' title='bbox 1603 5736 1727 5794; x_wconf 89' lang='lat' dir='ltr'><strong>Cor.</strong></span> <span class='ocrx_word' id='word_1_726' title='bbox 1791 5756 1860 5800; x_wconf 83' lang='lat' dir='ltr'><strong>Iv,</strong></span> <span class='ocrx_word' id='word_1_727' title='bbox 1901 5741 1985 5796; x_wconf 74' lang='grc'><strong>15.</strong></span> 
     </span>
    </p>
   </div>
   <div class='ocr_carea' id='block_1_100' title="bbox 2050 4536 3631 4615">
    <p class='ocr_par' dir='ltr' id='par_1_100' title="bbox 2050 4536 3631 4615">
     <span class='ocr_line' id='line_1_100' title="bbox 2050 4536 3631 4615; baseline 0.008 -24"><span class='ocrx_word' id='word_1_728' title='bbox 2050 4536 2241 4610; x_wconf 78' lang='grc' dir='ltr'>ὥσπερ</span> <span class='ocrx_word' id='word_1_729' title='bbox 2259 4538 2434 4610; x_wconf 75' lang='grc' dir='ltr'>ἔρυμα</span> <span class='ocrx_word' id='word_1_730' title='bbox 2451 4542 2926 4611; x_wconf 87' lang='grc' dir='ltr'>προανατείνοντες</span> <span class='ocrx_word' id='word_1_731' title='bbox 2941 4545 3228 4615; x_wconf 82' lang='grc' dir='ltr'>ἀκρασίας,</span> <span class='ocrx_word' id='word_1_732' title='bbox 3252 4547 3312 4599; x_wconf 88' lang='grc' dir='ltr'><strong>τό</strong></span> <span class='ocrx_word' id='word_1_733' title='bbox 3333 4565 3411 4601; x_wconf 83' lang='grc' dir='ltr'>τε·</span> <span class='ocrx_word' id='word_1_734' title='bbox 3443 4546 3631 4603; x_wconf 77' lang='grc' dir='ltr'>Εἶπεν</span> 
     </span>
    </p>
   </div>
   <div class='ocr_carea' id='block_1_101' title="bbox 2049 4631 3625 4709">
    <p class='ocr_par' dir='ltr' id='par_1_101' title="bbox 2049 4631 3625 4709">
     <span class='ocr_line' id='line_1_101' title="bbox 2049 4631 3625 4709; baseline 0.008 -25"><span class='ocrx_word' id='word_1_735' title='bbox 2049 4634 2082 4684; x_wconf 76' lang='grc' dir='ltr'><strong>ό</strong></span> <span class='ocrx_word' id='word_1_736' title='bbox 2128 4633 2305 4697; x_wconf 81' lang='grc' dir='ltr'>Θεός·</span> <span class='ocrx_word' id='word_1_737' title='bbox 2356 4631 2704 4696; x_wconf 77' lang='grc' dir='ltr'>Αὺξάγεσθε</span> <span class='ocrx_word' id='word_1_738' title='bbox 2755 4635 2853 4688; x_wconf 79' lang='grc' dir='ltr'>καὶ</span> <span class='ocrx_word' id='word_1_739' title='bbox 2911 4635 3325 4703; x_wconf 76' lang='grc' dir='ltr'>πληθύνεσθεσ</span> <span class='ocrx_word' id='word_1_740' title='bbox 3383 4643 3477 4695; x_wconf 76' lang='grc' dir='ltr'><strong>καὶ</strong></span> <span class='ocrx_word' id='word_1_741' title='bbox 3528 4645 3625 4709; x_wconf 83' lang='grc' dir='ltr'><strong>τὸ,</strong></span> 
     </span>
    </p>
   </div>
   <div class='ocr_carea' id='block_1_102' title="bbox 2052 4723 3629 4803">
    <p class='ocr_par' dir='ltr' id='par_1_102' title="bbox 2052 4723 3629 4803">
     <span class='ocr_line' id='line_1_102' title="bbox 2052 4723 3629 4803; baseline 0.009 -28"><span class='ocrx_word' id='word_1_742' title='bbox 2052 4723 2298 4777; x_wconf 71' lang='grc' dir='ltr'>Ἕνεκεν</span> <span class='ocrx_word' id='word_1_743' title='bbox 2325 4725 2538 4777; x_wconf 79' lang='grc' dir='ltr'>τούτου</span> <span class='ocrx_word' id='word_1_744' title='bbox 2564 4726 2909 4795; x_wconf 65' lang='grc' dir='ltr'>καταλείψει</span> <span class='ocrx_word' id='word_1_745' title='bbox 2934 4728 3241 4798; x_wconf 73' lang='grc' dir='ltr'>ἅνθρωπος</span> <span class='ocrx_word' id='word_1_746' title='bbox 3270 4733 3376 4785; x_wconf 81' lang='grc' dir='ltr'>τόν</span> <span class='ocrx_word' id='word_1_747' title='bbox 3399 4735 3629 4803; x_wconf 82' lang='grc' dir='ltr'>πατέρα</span> 
     </span>
    </p>
   </div>
   <div class='ocr_carea' id='block_1_103' title="bbox 2048 4815 3627 4896">
    <p class='ocr_par' dir='ltr' id='par_1_103' title="bbox 2048 4815 3627 4896">
     <span class='ocr_line' id='line_1_103' title="bbox 2048 4815 3627 4896; baseline 0.007 -28"><span class='ocrx_word' id='word_1_748' title='bbox 2048 4817 2146 4868; x_wconf 81' lang='grc' dir='ltr'>καὶ</span> <span class='ocrx_word' id='word_1_749' title='bbox 2184 4815 2299 4884; x_wconf 82' lang='grc' dir='ltr'>τὴν</span> <span class='ocrx_word' id='word_1_750' title='bbox 2330 4815 2590 4885; x_wconf 82' lang='grc' dir='ltr'>μητέρα·</span> <span class='ocrx_word' id='word_1_751' title='bbox 2639 4818 2758 4870; x_wconf 78' lang='grc' dir='ltr'>οὐδὲ</span> <span class='ocrx_word' id='word_1_752' title='bbox 2810 4819 3151 4890; x_wconf 76' lang='grc' dir='ltr'>αἰσχύνονται</span> <span class='ocrx_word' id='word_1_753' title='bbox 3198 4825 3627 4896; x_wconf 82' lang='grc' dir='ltr'>κατατρέχοντες</span> 
     </span>
    </p>
   </div>
   <div class='ocr_carea' id='block_1_104' title="bbox 2044 4906 3620 4991">
    <p class='ocr_par' dir='ltr' id='par_1_104' title="bbox 2044 4906 3620 4991">
     <span class='ocr_line' id='line_1_104' title="bbox 2044 4906 3620 4991; baseline 0.007 -31"><span class='ocrx_word' id='word_1_754' title='bbox 2044 4906 2139 4961; x_wconf 76' lang='grc' dir='ltr'>τοῦ</span> <span class='ocrx_word' id='word_1_755' title='bbox 2188 4909 2503 4980; x_wconf 85' lang='grc' dir='ltr'>Πνεύματος</span> <span class='ocrx_word' id='word_1_756' title='bbox 2523 4928 2536 4941; x_wconf 90' lang='grc'><strong>·</strong></span> <span class='ocrx_word' id='word_1_757' title='bbox 2567 4910 2682 4965; x_wconf 85' lang='grc' dir='ltr'>ἀλλ’</span> <span class='ocrx_word' id='word_1_758' title='bbox 2729 4910 2916 4984; x_wconf 79' lang='grc' dir='ltr'>ὥσπερ</span> <span class='ocrx_word' id='word_1_759' title='bbox 2949 4913 3042 4966; x_wconf 77' lang='grc' dir='ltr'><strong>ἐπὶ</strong></span> <span class='ocrx_word' id='word_1_760' title='bbox 3093 4913 3266 4985; x_wconf 85' lang='grc' dir='ltr'>τούτῳ</span> <span class='ocrx_word' id='word_1_761' title='bbox 3296 4919 3581 4985; x_wconf 87' lang='grc' dir='ltr'>γεγονότες</span> <span class='ocrx_word' id='word_1_762' title='bbox 3608 4969 3620 4991; x_wconf 65' lang='grc'><strong>,</strong></span> 
     </span>
    </p>
   </div>
   <div class='ocr_carea' id='block_1_105' title="bbox 2040 5000 3625 5081">
    <p class='ocr_par' dir='ltr' id='par_1_105' title="bbox 2040 5000 3625 5081">
     <span class='ocr_line' id='line_1_105' title="bbox 2040 5000 3625 5081; baseline 0.008 -29"><span class='ocrx_word' id='word_1_763' title='bbox 2040 5000 2404 5072; x_wconf 67' lang='grc' dir='ltr'>ἐνωφὸμενον</span> <span class='ocrx_word' id='word_1_764' title='bbox 2441 5002 2521 5055; x_wconf 76' lang='grc' dir='ltr'>ἔτι</span> <span class='ocrx_word' id='word_1_765' title='bbox 2557 5002 2651 5055; x_wconf 74' lang='grc' dir='ltr'>καὶ</span> <span class='ocrx_word' id='word_1_766' title='bbox 2676 5001 3042 5058; x_wconf 81' lang='grc' dir='ltr'>ἐνθωκεύοντα</span> <span class='ocrx_word' id='word_1_767' title='bbox 3072 5004 3164 5058; x_wconf 82' lang='grc' dir='ltr'>τὸν</span> <span class='ocrx_word' id='word_1_768' title='bbox 3196 5002 3409 5078; x_wconf 80' lang='grc' dir='ltr'>οἶστρον</span> <span class='ocrx_word' id='word_1_769' title='bbox 3453 5010 3625 5081; x_wconf 76' lang='grc' dir='ltr'>ἀναῤ-</span> 
     </span>
    </p>
   </div>
   <div class='ocr_carea' id='block_1_106' title="bbox 2042 5091 3623 5170">
    <p class='ocr_par' dir='ltr' id='par_1_106' title="bbox 2042 5091 3623 5170">
     <span class='ocr_line' id='line_1_106' title="bbox 2042 5091 3623 5170; baseline 0.007 -26"><span class='ocrx_word' id='word_1_770' title='bbox 2042 5091 2371 5161; x_wconf 77' lang='grc' dir='ltr'>ριπίζουσιν,</span> <span class='ocrx_word' id='word_1_771' title='bbox 2417 5092 2740 5159; x_wconf 77' lang='grc' dir='ltr'>ἐξάπτοντες</span> <span class='ocrx_word' id='word_1_772' title='bbox 2766 5094 3091 5165; x_wconf 87' lang='grc' dir='ltr'>ἐρεθισμοῖς.</span> <span class='ocrx_word' id='word_1_773' title='bbox 3133 5098 3222 5150; x_wconf 78' lang='grc' dir='ltr'>Διὸ</span> <span class='ocrx_word' id='word_1_774' title='bbox 3252 5098 3315 5170; x_wconf 85' lang='grc' dir='ltr'><strong>δὴ</strong></span> <span class='ocrx_word' id='word_1_775' title='bbox 3345 5100 3438 5152; x_wconf 68' lang='grc' dir='ltr'><strong>καὶ</strong></span> <span class='ocrx_word' id='word_1_776' title='bbox 3473 5101 3623 5170; x_wconf 85' lang='grc' dir='ltr'>μάλα</span> 
     </span>
    </p>
   </div>
   <div class='ocr_carea' id='block_1_107' title="bbox 2038 5182 3621 5263">
    <p class='ocr_par' dir='ltr' id='par_1_107' title="bbox 2038 5182 3621 5263">
     <span class='ocr_line' id='line_1_107' title="bbox 2038 5182 3621 5263; baseline 0.008 -29"><span class='ocrx_word' id='word_1_777' title='bbox 2038 5182 2278 5254; x_wconf 83' lang='grc' dir='ltr'>δριμέως</span> <span class='ocrx_word' id='word_1_778' title='bbox 2307 5185 2404 5248; x_wconf 82' lang='grc' dir='ltr'>τὰς</span> <span class='ocrx_word' id='word_1_779' title='bbox 2427 5184 2753 5249; x_wconf 82' lang='grc' dir='ltr'>ἐπικλόπους</span> <span class='ocrx_word' id='word_1_780' title='bbox 2771 5186 2973 5249; x_wconf 88' lang='grc' dir='ltr'>ταύτας</span> <span class='ocrx_word' id='word_1_781' title='bbox 2994 5187 3173 5241; x_wconf 81' lang='grc' dir='ltr'>αὐτῶν</span> <span class='ocrx_word' id='word_1_782' title='bbox 3201 5191 3621 5263; x_wconf 85' lang='grc' dir='ltr'>καταφροσύνας</span> 
     </span>
    </p>
   </div>
   <div class='ocr_carea' id='block_1_108' title="bbox 2041 5275 3616 5348">
    <p class='ocr_par' dir='ltr' id='par_1_108' title="bbox 2041 5275 3616 5348">
     <span class='ocr_line' id='line_1_108' title="bbox 2041 5275 3616 5348; baseline 0.004 -19"><span class='ocrx_word' id='word_1_783' title='bbox 2041 5289 2103 5329; x_wconf 72' lang='grc' dir='ltr'><strong>τε</strong></span> <span class='ocrx_word' id='word_1_784' title='bbox 2134 5275 2227 5327; x_wconf 77' lang='grc' dir='ltr'><strong>καὶ</strong></span> <span class='ocrx_word' id='word_1_785' title='bbox 2259 5275 2637 5345; x_wconf 86' lang='grc' dir='ltr'>πεποιημένας</span> <span class='ocrx_word' id='word_1_786' title='bbox 2662 5278 2961 5348; x_wconf 78' lang='grc' dir='ltr'>προφάσεις</span> <span class='ocrx_word' id='word_1_787' title='bbox 2993 5280 3294 5346; x_wconf 77' lang='grc' dir='ltr'>ἐκκόπτων,</span> <span class='ocrx_word' id='word_1_788' title='bbox 3330 5281 3498 5335; x_wconf 85' lang='grc' dir='ltr'>ἐλθὼν</span> <span class='ocrx_word' id='word_1_789' title='bbox 3537 5286 3616 5347; x_wconf 74' lang='grc' dir='ltr'>εἰς</span> 
     </span>
    </p>
   </div>
   <div class='ocr_carea' id='block_1_109' title="bbox 2042 5364 3618 5445">
    <p class='ocr_par' dir='ltr' id='par_1_109' title="bbox 2042 5364 3618 5445">
     <span class='ocr_line' id='line_1_109' title="bbox 2042 5364 3618 5445; baseline 0.006 -29"><span class='ocrx_word' id='word_1_790' title='bbox 2042 5364 2501 5433; x_wconf 61' lang='grc' dir='ltr'>τὸνδιατάξασθαι,</span> <span class='ocrx_word' id='word_1_791' title='bbox 2539 5366 2658 5431; x_wconf 84' lang='grc' dir='ltr'><strong>πῶς</strong></span> <span class='ocrx_word' id='word_1_792' title='bbox 2688 5367 2795 5422; x_wconf 89' lang='grc' dir='ltr'>δέοι</span> <span class='ocrx_word' id='word_1_793' title='bbox 2830 5371 3233 5443; x_wconf 82' lang='grc' dir='ltr'>προσφέρεσθαι</span> <span class='ocrx_word' id='word_1_794' title='bbox 3260 5373 3386 5436; x_wconf 76' lang='grc' dir='ltr'>τοὺς</span> <span class='ocrx_word' id='word_1_795' title='bbox 3419 5374 3618 5445; x_wconf 62' lang='grc' dir='ltr'>ἄνδρας</span> 
     </span>
    </p>
   </div>
   <div class='ocr_carea' id='block_1_110' title="bbox 2033 5457 3619 5536">
    <p class='ocr_par' dir='ltr' id='par_1_110' title="bbox 2033 5457 3619 5536">
     <span class='ocr_line' id='line_1_110' title="bbox 2033 5457 3619 5536; baseline 0.008 -28"><span class='ocrx_word' id='word_1_796' title='bbox 2033 5460 2160 5521; x_wconf 81' lang='grc' dir='ltr'>ταῖς</span> <span class='ocrx_word' id='word_1_797' title='bbox 2192 5457 2424 5525; x_wconf 79' lang='grc' dir='ltr'>γυναιξὶ,</span> <span class='ocrx_word' id='word_1_798' title='bbox 2447 5459 2898 5532; x_wconf 77' lang='grc' dir='ltr'>ἀποφηνάμενος,</span> <span class='ocrx_word' id='word_1_799' title='bbox 2931 5463 3012 5516; x_wconf 85' lang='grc' dir='ltr'>ὃτι</span> <span class='ocrx_word' id='word_1_800' title='bbox 3037 5461 3212 5527; x_wconf 82' lang='grc' dir='ltr'>οὕτως</span> <span class='ocrx_word' id='word_1_801' title='bbox 3238 5461 3425 5536; x_wconf 87' lang='grc' dir='ltr'>ῶσπερ</span> <span class='ocrx_word' id='word_1_802' title='bbox 3458 5466 3555 5519; x_wconf 68' lang='grc' dir='ltr'>καὶ</span> <span class='ocrx_word' id='word_1_803' title='bbox 3593 5471 3619 5520; x_wconf 72' lang='grc' dir='ltr'>ὁ</span> 
     </span>
    </p>
   </div>
   <div class='ocr_carea' id='block_1_111' title="bbox 2039 5549 3618 5632">
    <p class='ocr_par' dir='ltr' id='par_1_111' title="bbox 2039 5549 3618 5632">
     <span class='ocr_line' id='line_1_111' title="bbox 2039 5549 3618 5632; baseline 0.006 -30"><span class='ocrx_word' id='word_1_804' title='bbox 2039 5549 2275 5621; x_wconf 72' lang='grc' dir='ltr'>Χριστὸς</span> <span class='ocrx_word' id='word_1_805' title='bbox 2297 5552 2361 5621; x_wconf 84' lang='grc' dir='ltr'>τῇ</span> <span class='ocrx_word' id='word_1_806' title='bbox 2429 5550 2760 5623; x_wconf 76' lang='grc' dir='ltr'>Ἐκκλησίᾳ,</span> <span class='ocrx_word' id='word_1_807' title='bbox 2800 5553 3016 5608; x_wconf 78' lang='grc' dir='ltr'>ἑαυτὸν</span> <span class='ocrx_word' id='word_1_808' title='bbox 3067 5554 3429 5623; x_wconf 78' lang='grc' dir='ltr'>παραδιδοὺς</span> <span class='ocrx_word' id='word_1_809' title='bbox 3472 5558 3618 5632; x_wconf 71' lang='grc' dir='ltr'>ὑπὲρ</span> 
     </span>
    </p>
   </div>
   <div class='ocr_carea' id='block_1_112' title="bbox 2055 5739 2932 5808">
    <p class='ocr_par' dir='ltr' id='par_1_112' title="bbox 2055 5739 2932 5808">
     <span class='ocr_line' id='line_1_112' title="bbox 2055 5739 2932 5808; baseline 0.002 -11"><span class='ocrx_word' id='word_1_810' title='bbox 2055 5743 2105 5774; x_wconf 75' lang='grc'><strong>’⁸⁷</strong></span> <span class='ocrx_word' id='word_1_811' title='bbox 2146 5739 2269 5799; x_wconf 68' lang='lat' dir='ltr'><strong>Cen.</strong></span> <span class='ocrx_word' id='word_1_812' title='bbox 2327 5758 2388 5808; x_wconf 84' lang='lat' dir='ltr'><strong>tt,</strong></span> <span class='ocrx_word' id='word_1_813' title='bbox 2431 5742 2519 5799; x_wconf 65' lang='grc'><strong>18.</strong></span> <span class='ocrx_word' id='word_1_814' title='bbox 2593 5744 2640 5775; x_wconf 72' lang='grc'><strong><em>³⁸</em></strong></span> <span class='ocrx_word' id='word_1_815' title='bbox 2682 5744 2807 5797; x_wconf 65' lang='lat' dir='ltr'><strong>ibid.</strong></span> <span class='ocrx_word' id='word_1_816' title='bbox 2848 5744 2932 5799; x_wconf 70' lang='lat'><strong>9.4.</strong></span> 
     </span>
    </p>
   </div>
  </div>
