3866 6160
255 330 322 384 ’Π
1352 330 1485 388 CON
1495 330 1734 387 VlVlUH
1778 332 2001 389 DECEM
2039 330 2395 391 ViRGlNUM.
3439 340 3507 395 78

254 448 451 520 αὐτῆς,
496 451 599 505 ἵνα
633 451 827 519 αὐτὴν
857 450 1080 521 ἁγιάσῃ
1116 454 1448 523 καθαρίσας
1485 455 1566 522 τῷ
1597 455 1822 523 λουτρῷ

1934 459 2364 526 pronuntiasset,
2397 460 2475 514 sic
2515 458 2771 513 nimirum
2804 468 2860 513 ut
2889 467 2942 513 et
2982 457 3235 517 Christus
3280 478 3398 532 ipse
3447 480 3507 519 se

252 542 363 595 τοῦ
390 542 609 609 ὕδατος
632 544 702 597 ἐν
723 543 942 613 ῥήματι
962 562 974 576 ·
1005 545 1307 618 ἀνέδραμεν
1344 548 1424 610 εἰς
1459 547 1558 619 τὴν
1590 548 1826 611 Γένεσιν,

253 636 613 706 ἐπιμνησθεὶς
640 637 749 689 τῶν
778 639 905 709 περὶ
930 639 1023 691 τὸν
1047 638 1469 708 πρωτόπλαστον
1493 640 1692 712 ῥητῶν,
1717 641 1833 707 ἐξο-

256 724 504 793 μαλίξων
542 727 622 790 εις
653 727 743 780 τὸν
793 727 1151 798 προκείμενον
1192 727 1339 798 αὐτῷ
1383 730 1477 783 καὶ
1520 729 1658 783 αὐτὰ
1707 730 1832 784 νοῦν

252 817 354 887 τῆς
398 817 741 883 ὑποθέσεως·
785 821 929 883 ὅπως
969 820 1042 891 μὴ
1076 820 1332 892 παράσχῃ
1362 821 1533 894 λαϐὴν
1570 824 1684 885 τοῖς
1738 840 1832 876 κε-

254 909 509 978 φαλαίοις
572 912 1017 984 καταχρήσασθαι
1071 910 1280 974 τούτοις
1329 912 1456 976 τοὺς
1506 913 1834 984 πρεσϐεύον-

251 1020 356 1067 τας
385 1043 401 1065 ,
459 1006 729 1077 προφάσει
788 1007 1134 1074 τεκνογονίας
1156 1048 1170 1072 ,
1239 1008 1507 1079 σωμάτων
1568 1024 1835 1078 παρατρι-

254 1095 377 1159 ϐάς.

1929 550 2119 619 gessit,
2153 553 2246 621 qui
2281 567 2337 606 se
2372 554 2542 623 ipsum
2574 568 2672 621 pro
2706 550 2948 606 Ecclesia
2992 554 3235 616 tradidit,
3284 565 3341 607 ut
3391 572 3509 610 eam

1930 642 2289 709 sanctiﬁcaret
2331 652 2379 697 et
2418 642 2694 697 mandaret
2727 643 2936 697 lavacro
2981 661 3131 714 aqua:
3167 647 3221 699 in
3254 646 3405 699 rerbo
3434 646 3506 711 δ’,

1931 736 2164 789 recurrit
2192 735 2261 790 ad
2292 734 2567 799 Genesim,
2594 753 2781 792 eorum
2809 753 2928 806 qua:
2951 737 3061 792 illic
3091 736 3158 792 de
3204 739 3381 808 primo
3411 739 3510 793 bo-

1932 825 2082 880 miue
2114 824 2373 881 dicuntur
2395 829 2725 883 mentionem
2759 829 3046 891 inducens,
3073 842 3249 898 exque
3278 828 3509 898 subjecti

1939 917 2246 984 argumenti
2274 918 2543 972 sententia
2571 919 2684 974 haec
2708 919 2893 975 eadem
2921 934 3225 988 exponens,
3252 936 3322 975 ne
3348 937 3509 990 quam

1942 1007 2116 1061 sacris
2155 1007 2261 1062 illis
2291 1008 2473 1063 verbis
2504 1008 2760 1063 abutendi
2794 1002 3146 1064 occasionem
3179 1009 3248 1064 iis
3276 1011 3513 1079 prmbeat

1940 1098 2056 1167 qui,
2099 1098 2395 1154 liberorum
2428 1100 2890 1169 procreandorum
2923 1104 3206 1169 prmtextu,
3238 1099 3391 1155 hisce
3416 1114 3513 1159 vo-

1940 1190 2120 1246 ncreis
2147 1190 2429 1246 immorari
2459 1192 2677 1247 docent.

1377 1308 1507 1365 Car.
1541 1308 1635 1364 XI.
1666 1309 1743 1365 De
1766 1311 1948 1366 eodem
1978 1323 2311 1384 argumento.

338 1428 737 1499 Ἐπισκέψασθε
789 1429 932 1502 γὰρ,
960 1428 1400 1505 ὅτι’σωφρονεῖν,
1447 1428 1494 1488 ὦ
1538 1434 1831 1507 παρθένοι,

252 1519 400 1573 κατὰ
431 1520 632 1592 κράτος
665 1521 833 1575 θέλων
866 1524 991 1586 τοὺς
1019 1526 1471 1593 πεπιστευκότας,
1512 1526 1598 1580 διὰ
1624 1528 1832 1582 πολλῶν

248 1614 439 1676 αὐτοῖς
467 1598 783 1687 τεκμηρίων
814 1616 1178 1687 ὑπεμφαίνειν
1228 1620 1484 1690 πειρᾶται
1516 1618 1578 1671 τὸ
1617 1619 1833 1691 ἀξίωμα

248 1707 352 1777 τῆς
375 1709 623 1775 ἁγνείας,
652 1710 744 1762 ὁτὲ
779 1709 899 1781 μὲν,
938 1711 1078 1778 Περὶ
1107 1710 1176 1765 δὲ
1223 1704 1313 1764 ὧν
1352 1711 1651 1783 ἐγράψατέ
1685 1730 1787 1782 μοι
1812 1752 1827 1777 ,

250 1799 447 1897 λέγωὶι,
484 1802 688 1897 [frater
732 1802 1020 1897 άγρρὼπῳ
1051 1806 1339 1897 γυναικὸς
1373 1805 1460 1875 μὴ
1497 1805 1785 1862 ἅπτεσθαι
1809 1824 1823 1837 ·
1864 1842 1903 1897 Β

248 1889 476 1943 αὐτόθεν
505 1891 721 1956 δεικνὺς
762 1894 862 1966 ήδη
910 1894 1221 1967 περιφανῶς
1242 1935 1255 1960 ,
1290 1897 1352 1949 τὸ
1387 1898 1462 1969 μὴ
1496 1897 1828 1971 προσψαύειν

246 1982 507 2048 γυναικὸς
553 1979 694 2037 εἶναι
727 1986 909 2051 καλὸν,
957 1988 1230 2058 προτάξας
1261 1989 1393 2043 αὐτὸ
1441 1992 1534 2045 καὶ
1568 1991 1831 2064 προεκθέ-

250 2090 413 2142 μενος
445 2074 861 2148 ἀπολελυμένως
880 2096 894 2107 ·
922 2075 1040 2133 εἶτα
1079 2079 1177 2151 τὴν
1206 2081 1488 2137 ἀσθένειαν
1521 2080 1676 2149 αὖθις
1708 2101 1832 2139 συν-

248 2168 379 2222 ιδὼν
408 2170 505 2223 καὶ
532 2170 630 2241 τήν
665 2172 1001 2227 ὑπέκκαυσιν
1029 2173 1141 2226 τῶν
1186 2175 1584 2249 άκρατωτέρων
1619 2178 1718 2250 τὴν
1751 2181 1831 2242 εἰς

248 2262 570 2325 συνουσίαν,
604 2263 948 2334 συνεχώρησε
992 2268 1104 2329 τοῖς
1155 2267 1229 2339 μὴ
1279 2267 1599 2339 δυναμένοις
1642 2270 1830 2342 ἄρχειν

249 2354 458 2424 σαρκὸς
511 2354 744 2427 χρῆσθαι
795 2360 916 2420 ταῖς
961 2358 1169 2412 ἑαυτῶν
1210 2360 1460 2430 ὁμεύνοις
1503 2362 1703 2431 μᾶλλον
1727 2402 1741 2425 ,
1794 2363 1826 2434 ἢ

246 2447 706 2517 παραπίπτοντας
734 2449 1056 2520 ἀσχημόνως
1086 2451 1362 2521 ἐκχεῖσθαι
1386 2454 1514 2525 περὶ
1547 2455 1822 2524 πορνείας.

256 2539 477 2608 Ἀμέλει
514 2539 656 2610 μετὰ
692 2541 754 2594 τὸ
786 2542 1073 2613 ἐπιτρέψαι
1106 2543 1278 2598 ταῦτα
1308 2545 1510 2610 εὐθέως
1536 2548 1824 2618 παρήγαγε

240 2632 369 2684 τόδε
392 2649 406 2662 ·
448 2632 574 2686 Ἵνα
605 2633 692 2702 μὴ
746 2634 985 2703 πειράζῃ
1012 2634 1170 2704 ὑμᾶς
1209 2640 1243 2691 ὁ
1275 2636 1544 2704 σατανᾶς
1572 2638 1668 2692 διὰ
1713 2640 1828 2707 τὴν

243 2724 577 2793 ἀκρασίαν.
615 2726 790 2799 Ὅπερ
828 2728 1006 2781 ἐστίν·
1044 2729 1107 2781 Εἰ
1157 2728 1231 2800 μὴ
1270 2728 1532 2793 δύνασθε,
1578 2723 1624 2782 ὦ
1656 2722 1823 2793 οὗτοι,

247 2817 573 2871 παντάπασι
610 2822 905 2889 σωφρονεῖν
933 2819 1023 2873 διὰ
1057 2820 1156 2892 τὴν
1183 2820 1459 2891 ὑγρότητα
1498 2818 1608 2873 τῶν
1642 2820 1829 2892 σωμά-

242 2924 374 2968 των.
423 2908 706 2981 ἐπιτρέψω
748 2909 946 2981 μᾶλλον
994 2913 1114 2975 ταῖς
1148 2911 1295 2982 σφῶν
1327 2912 1506 2965 αὐτῶν
1552 2916 1827 2968 κοινωνεῖν

242 3002 549 3069 γαμεταῖς·
610 3000 696 3055 ἵνα
757 3001 852 3073 μὴ.
900 3004 995 3057 καὶ
1031 3004 1355 3074 ἐγκράτειαν
1397 3003 1826 3072 ἐπαγγέλλεσθαι

243 3092 616 3162 νομιζόμενοι,
666 3094 1001 3166 πειράζησθε
1036 3094 1271 3167 συνεχῶς
1318 3095 1424 3150 ὑπὸ
1459 3095 1552 3150 τοῦ
1587 3095 1824 3169 πονηροῦ

243 3182 326 3244 εἰς
360 3181 649 3254 ἀλλοτρίας
676 3183 1092 3256 ὲκφλεγόμενοιι

2005 1436 2363 1493 Considerate
2390 1437 2556 1498 enim.
2588 1452 2623 1492 ο
2667 1438 2920 1509 virgines,
2954 1446 3013 1492 ut
3062 1438 3286 1494 omnino
3314 1439 3510 1494 etiam-

1939 1544 2047 1599 que
2074 1538 2237 1599 atque
2261 1530 2425 1583 etiam
2459 1530 2645 1585 ﬁdeles
2679 1530 2748 1583 ad
2778 1530 3081 1584 castitatem
3107 1529 3367 1585 inducere
3396 1538 3513 1584 sat-7

1936 1635 2125 1690 agens,
2163 1635 2260 1690 per
2288 1621 2454 1673 multa
2480 1627 2797 1691 argumenta
2820 1620 2928 1675 illis
2973 1620 3253 1675 insinuare
3278 1630 3508 1674 conetur

1936 1711 2056 1781 ejus
2095 1712 2500 1781 praestantiam;
2528 1720 2589 1765 ut
2616 1727 2741 1766 cum
2771 1716 2932 1767 modo
2973 1713 3049 1765 ait
3088 1713 3168 1767 ‘°:
3205 1711 3284 1766 De
3318 1711 3506 1783 quibus

1938 1814 2111 1857 autem
2138 1805 2426 1873 scripsistis
2448 1803 2614 1858 mihi:
2650 1804 2855 1858 Bonum
2877 1821 2987 1859 esse
3012 1805 3210 1858 homini
3236 1806 3506 1858 mulierem

1933 1908 2036 1945 non
2084 1901 2334 1963 tangere;
2372 1893 2498 1947 inde
2526 1893 2638 1962 jam
2690 1894 2836 1949 clare
2865 1894 3182 1957 ostendens,
3216 1894 3510 1950 honestum

1931 1997 2056 2038 esse
2085 1996 2192 2035 non
2238 1982 2498 2037 accedere
2543 1983 2611 2037 ad
2656 1999 2904 2050 uxorem,
2949 1999 3074 2038 cum
3120 1986 3222 2039 hoc
3256 1985 3506 2041 absolute

1932 2074 2339 2143 praestrinxisset
2375 2089 2440 2129 ac
2467 2075 2860 2145 proposuisset.
2906 2074 3127 2139 Deinde,
3171 2076 3505 2132 inﬁrmitatis

1933 2165 2185 2221 human-ee
2211 2168 2489 2232 conscius,
2514 2177 2813 2238 aestumque
2843 2168 3216 2223 vehementem
3246 2177 3505 2238 reputans

1930 2275 2040 2331 quo
2078 2259 2551 2329 intemperatiores
2594 2260 2648 2314 in
2682 2260 2887 2315 coitum
2924 2262 3234 2330 rapiuntur,
3266 2276 3376 2315 non
3410 2277 3508 2313 va-

1932 2354 2169 2408 lentibus
2192 2367 2410 2407 carnem
2443 2368 2508 2407 ex
2539 2352 2766 2421 imperio
2788 2367 3060 2415 coercere,
3087 2352 3201 2406 suis
3223 2353 3403 2422 potius
3425 2354 3504 2406 uti

1931 2443 2193 2498 uxoribus
2225 2442 2492 2511 permisit,
2524 2458 2688 2513 quam
2720 2450 2780 2496 ut
2809 2442 3064 2497 indecore
3094 2443 3147 2496 in
3182 2441 3505 2499 fornicarios

1929 2550 2261 2605 congressus
2309 2533 2678 2591 eﬁundantur.
2725 2534 2967 2604 Denique
2994 2534 3075 2589 sic
3109 2533 3249 2587 facta
3285 2535 3373 2589 illa
3418 2541 3505 2588 in-

1930 2623 2232 2694 dulgentia,
2269 2640 2395 2679 mox
2423 2624 2567 2679 istud
2600 2624 2800 2693 adjecit
2828 2624 2868 2655 ⁶¹
2898 2642 2912 2678 :
2946 2623 3028 2678 Ne
3056 2631 3211 2678 tentet
3243 2641 3329 2678 vos
3349 2624 3504 2678 Sata-

1930 2733 2049 2781 nas,
2077 2727 2290 2787 propter
2336 2717 2772 2772 incontinentiam
2811 2725 3057 2772 vestram.
3091 2715 3248 2783 Quod
3275 2726 3359 2773 est
3391 2734 3406 2771 :
3442 2714 3502 2772 Si

1930 2826 2036 2864 non
2072 2812 2323 2881 potestis,
2360 2811 2497 2866 heus
2530 2826 2649 2874 vos,
2683 2811 2908 2865 omnino
2936 2811 2990 2866 in
3020 2813 3270 2867 castitate
3300 2812 3500 2874 vivere,

1930 2909 2151 2972 propter
2200 2904 2448 2957 inolitam
2485 2903 2812 2973 corporibus
2845 2904 2954 2956 vim
2986 2904 3251 2968 libidinis,
3296 2903 3503 2960 suadeo

1928 3009 1993 3047 ac
2017 2994 2207 3048 hortor
2225 3002 2281 3047 ut
2298 2994 2496 3050 vestris
2515 2996 2695 3065 potius
2718 2995 2981 3049 uxoribus
3004 2997 3403 3060 consuescatis,
3433 3012 3503 3051 no

1928 3085 2056 3139 dum
2089 3085 2329 3156 proﬁteri
2362 3085 2620 3140 videmini
2647 3085 3060 3149 continentiam,
3091 3087 3373 3141 tentemini
3419 3103 3504 3142 as-

1854 3189 1896 3245 c
1929 3177 2087 3237 sidue
2112 3194 2141 3231 a
2172 3179 2315 3232 malo
2350 3180 2615 3241 decurione,
2649 3178 2718 3233 ad
2751 3179 3047 3233 alienarum
3082 3179 3370 3235 mulierum
3398 3197 3499 3235 cu-

1930 3270 2211 3342 piditatem
2236 3269 2574 3328 inﬂammati.

865 3386 992 3442 Cn.
1016 3386 1133 3442 XII.
1163 3386 1366 3443 Paulus
1391 3352 1563 3443 viduis
1583 3388 1901 3458 exemplum,
1931 3398 1980 3443 et
2000 3390 2068 3442 iis
2094 3390 2185 3461 qui
2205 3388 2459 3443 uxoribus
2488 3406 2589 3444 non
2613 3398 2898 3444 uterentur.

311 3502 450 3575 Φέρε
478 3501 588 3575 γὰρ
616 3503 754 3557 αὐτὰ
787 3504 1015 3575 κείμενα
1048 3504 1426 3576 διαθρήσωμεν
1472 3505 1822 3576 ἐπιμελέστε-

249 3612 339 3667 ρον
360 3612 379 3628 ⁸
427 3597 510 3651 ὅτι
564 3597 637 3669 μὴ
684 3598 1096 3668 ἀπολελυμένως
1133 3602 1163 3653 ὁ
1211 3598 1528 3662 Ἀπόστολος
1562 3597 1820 3652 ἐπένευσε

244 3687 418 3741 ταῦτα
464 3693 578 3752 τοῖς
608 3689 841 3755 πολλοῖς,
876 3690 1012 3744 ἀλλὰ
1049 3691 1305 3761 προσθεὶς
1332 3692 1430 3764 τὴν
1474 3693 1653 3747 αἰτίαν
1688 3693 1822 3764 πρό-

245 3796 441 3851 τερον,
491 3780 559 3833 δι’
590 3781 658 3851 ην
713 3782 793 3844 εῑς
850 3782 1007 3835 τοῦτο
1049 3782 1327 3854 παρήχθη.
1382 3785 1821 3855 Ἀποςρηνάμενος

243 3870 396 3938 γοῦν,
432 3872 638 3926 Καλὸν
675 3867 826 3927 εἶναι
868 3872 1156 3941 ἀνθρώπῳ
1194 3874 1477 3943 γυναικὸς
1519 3875 1605 3944 μὴ
1643 3876 1821 3929 ἄπτε-

245 3967 420 4026 σθαι,
474 3963 677 4030 εὐθέως
740 3947 1060 4038 παρήγαγε·
1117 3966 1221 4020 Διὰ
1274 3966 1342 4020 δὲ
1383 3969 1489 4033 τὰς
1540 3971 1822 4036 πορνείας

244 4053 502 4121 ἕκαστος
530 4055 643 4124 τὴν
666 4056 881 4111 ἑαυτοῦ
912 4057 1165 4127 γυναῖκα
1189 4056 1390 4126 ἐχέτω.
1419 4059 1695 4124 Τουτέστι,
1732 4061 1818 4114 διὰ

245 4146 340 4218 τὴν
361 4145 609 4217 ἀνάγκην
630 4148 727 4218 τῆς
750 4150 1025 4219 πορνείας,
1058 4152 1105 4202 εἰ
1138 4151 1212 4220 μὴ
1238 4150 1432 4221 φέρετε
1458 4150 1701 4217 κολάζειν
1723 4151 1819 4223 τὴν

246 4240 459 4312 ἡδονήν.
490 4239 600 4293 Καὶ
629 4239 856 4310 ἑκάστη
887 4241 1041 4311 γυνὴ
1079 4241 1186 4295 τὸν
1215 4242 1368 4296 ἴδιον
1396 4242 1585 4311 ἄνδρα
1613 4243 1814 4313 ἐχέτω.

253 4331 331 4401 Τῇ
388 4334 631 4403 γυναικὶ
686 4338 719 4388 ό
769 4335 923 4402 ἀνὴρ
974 4334 1091 4403 τὴν
1142 4334 1398 4404 ὀφειλὴν
1451 4335 1813 4390 ἀποδιδότω·

249 4427 461 4494 ὁμοίως
487 4425 557 4478 δὲ
604 4427 701 4480 καὶ
741 4429 779 4496 ἠ
831 4427 980 4497 γυνὴ
1020 4427 1100 4493 τῷ
1155 4428 1347 4497 ἀνδρί.
1409 4429 1476 4484 Ἠ
1515 4428 1670 4499 γυνὴ
1712 4430 1818 4483 τοῦ

1997 3505 2108 3576 Age
2131 3506 2297 3569 enim,
2330 3512 2643 3560 contextum
2673 3506 2853 3576 ipsum
2897 3506 3209 3577 diligentius
3242 3507 3500 3576 inspicia-

1929 3612 2071 3660 mus,
2107 3611 2171 3651 ac
2211 3596 2564 3651 observemus
2596 3611 2705 3650 non
2748 3596 2829 3651 sic
2860 3596 3108 3652 absolute
3140 3597 3255 3653 haec
3293 3600 3500 3667 passim

1927 3688 2181 3743 omnibus
2214 3686 2534 3756 Apostolum
2567 3688 2933 3750 concessisse,
2968 3688 3063 3743 sed
3097 3689 3305 3755 adjecta
3343 3690 3499 3759 prius

1925 3794 2091 3834 causa
2122 3795 2188 3834 ex
2218 3794 2324 3849 qua
2354 3779 2418 3832 ad
2450 3778 2501 3833 id
2537 3778 2764 3834 adactus
2789 3787 2891 3835 est.
2921 3778 3056 3833 Cum
3083 3781 3264 3851 itaque
3294 3781 3347 3835 in
3382 3783 3497 3837 haec

1931 3873 2094 3927 verba
2130 3872 2454 3926 sententiam
2493 3870 2722 3926 dixisset
2751 3872 2835 3926 “z
2888 3871 3094 3926 Bonum
3140 3890 3252 3928 esse
3296 3872 3495 3927 homini

1930 3964 2200 4016 mulierem
2231 3979 2335 4016 non
2359 3971 2602 4034 tangere,
2636 3963 2817 4016 statim
2850 3964 3131 4033 subjunxit
3154 3966 3198 3997 ⁸³
3227 3982 3240 4019 :
3273 3963 3497 4038 Propter

1928 4056 2327 4123 fornicationem
2369 4066 2543 4110 autem
2575 4058 2926 4128 unusquisque
2963 4074 3114 4111 suam
3153 4074 3369 4113 uxorem
3398 4060 3496 4113 ha-

1929 4150 2063 4200 beat.
2103 4145 2215 4202 Hoc
2258 4155 2363 4212 est,
2403 4157 2624 4218 propter
2664 4148 3042 4205 fornicationis
3085 4153 3490 4216 necessitatem,

1927 4236 1973 4290 si
2013 4235 2343 4305 voluptatem
2385 4237 2639 4292 cohibere
2662 4252 2769 4291 non
2795 4239 3097 4296 sustinetis.
3132 4226 3197 4292 Et
3238 4257 3494 4311 imaque-

1925 4343 2022 4396 que
2056 4328 2246 4381 mulier
2273 4333 2542 4397 proprium
2573 4331 2739 4382 virum
2774 4330 2982 4385 habeat.
3020 4329 3186 4386 Uxori
3229 4334 3307 4387 vir
3343 4332 3491 4386 debi-

1925 4430 2035 4472 tum
2065 4419 2272 4481 reddat,
2313 4418 2560 4473 similiter
2592 4428 2643 4473 et
2678 4436 2813 4473 uxor
2850 4422 2981 4475 viro.
3032 4421 3225 4476 Mulier
3253 4425 3337 4475 sui
3373 4440 3491 4475 cor-

251 4519 399 4574 ιδίου
457 4520 731 4588 σώματος
777 4522 888 4574 οὐκ
926 4520 1253 4586 ἐξουσιάζει
1278 4560 1293 4585 ,
1358 4523 1496 4576 ἀλλ’
1545 4525 1579 4576 ὁ
1631 4521 1814 4591 ἀνήρ·

1931 4512 2066 4573 poris
2094 4519 2399 4579 potestatem
2436 4528 2539 4565 non
2579 4511 2750 4575 habet,
2787 4513 2876 4566 sed
2910 4514 3018 4575 vir;
3057 4515 3302 4569 similiter
3329 4524 3377 4568 et
3413 4515 3491 4567 vir

248 4613 461 4680 ὁμοίως
486 4611 557 4664 δὲ
600 4613 699 4665 καὶ
752 4615 785 4665 ὀ
839 4611 995 4681 ἀνὴρ
1046 4613 1151 4667 τοῦ
1188 4613 1340 4667 ἰδίου
1395 4613 1668 4683 σώματος
1707 4618 1818 4669 οὐκ

245 4701 595 4767 ἐξουσιάζει,
626 4702 763 4757 ἀλλ’
798 4704 837 4770 ἡ
867 4702 1039 4771 γυνή.
1080 4702 1177 4772 Μὴ
1211 4705 1591 4774 ἀποστερεῖτε
1631 4707 1818 4773 ἀλλή-

246 4796 413 4859 λους,
452 4797 504 4847 ει
526 4792 613 4862 μή
635 4810 691 4847 τι
719 4791 796 4848 ἂν
821 4794 890 4847 ἐκ
929 4794 1252 4864 συμφώνου
1285 4796 1435 4863 πρὸς
1462 4798 1689 4865 καιρὸν,
1717 4798 1818 4850 ἵνα

247 4884 577 4953 σχολάζητε
602 4884 678 4953 τῇ
702 4886 1015 4955 προσευχῇ
1036 4904 1050 4917 ·
1084 4888 1181 4942 καὶ
1216 4888 1402 4942 πάλιν
1432 4889 1531 4943 ἐπὶ
1574 4889 1640 4943 τὸ
1666 4890 1813 4943 αὐτὸ

248 4977 640 5046 συνέρχεσθε,
670 4979 771 5032 ἵνα
801 4978 888 5047 μὴ
919 4977 1156 5048 πειράζῃ
1182 4977 1338 5049 ὑμᾶς
1362 4981 1396 5033 ὁ
1422 4978 1692 5047 σατανᾶς
1714 4980 1812 5034 διὰ

247 5072 357 5140 τὴν
382 5072 703 5140 ἀκρασίαν.
740 5071 920 5126 Τοῦτο
943 5071 1011 5125 δὲ
1045 5070 1199 5142 λέγω
1241 5072 1391 5126 κατὰ
1427 5071 1812 5142 συγγνώμην,

248 5163 313 5215 οὐ
358 5161 489 5215 κατ’
525 5160 839 5229 ἐπιταγήν.
883 5158 1319 5230 Τεθεωρημένως
1371 5159 1429 5212 δὲ
1479 5159 1682 5230 σφόδρα
1722 5158 1818 5212 καὶ

249 5251 420 5306 τοῦτο.
454 5253 621 5307 Κατὰ
652 5251 1015 5321 συγγνώμην
1050 5250 1160 5323 γάρ
1190 5252 1575 5322 ἐπεσημήνατο
1612 5250 1815 5321 συμϐε-

250 5343 591 5399 ϐουλευκέναι
625 5342 742 5406 νῦν,
776 5344 836 5396 οὐ
878 5342 994 5396 κατ’
1021 5344 1284 5415 ἐπιταγήν
1306 5359 1320 5372 ·
1364 5342 1550 5413 ἐπειδὴ
1581 5341 1677 5413 τὴν
1713 5343 1812 5412 μὲν

251 5438 510 5513 ἐπιταγήν
532 5440 626 5493 ἐπὶ
656 5439 756 5509 τῆς
786 5435 1157 5507 σωφροσύνης,
1187 5434 1283 5489 καὶ
1314 5434 1408 5488 τοῦ
1444 5433 1517 5506 μὴ
1544 5435 1811 5489 ἅπτεσθαι

248 5532 495 5597 γυναικὸς
525 5531 821 5600 λαμϐάνει·
866 5527 963 5599 τὴν
1000 5527 1056 5581 δὲ
1089 5526 1414 5598 συγγνώμην
1455 5526 1549 5579 ἐπὶ
1586 5526 1695 5580 τῶν
1738 5528 1811 5598 μὴ

251 5620 573 5695 δυναμένων,
613 5624 689 5687 ὡς
718 5621 873 5693 ἔφην,
917 5617 1162 5684 κολάζειν
1191 5619 1287 5688 τὴν
1333 5617 1642 5688 ἐπιθυμίαν.
1677 5619 1813 5699 Περὶ

316 5782 357 5813 ’θ
396 5781 566 5835 thes
632 5794 683 5833 ι’.
739 5778 828 5832 '26.
909 5776 951 5808 θ’
995 5777 1021 5831 1
1065 5792 1185 5834 cor.
1223 5793 1317 5832 vn.
1357 5778 1454 5833 1.“
1496 5777 1623 5831 ibid.
1663 5774 1714 5829 5.

1794 5773 1836 5804 ⁸³
1878 5771 1987 5827 ibid
2051 5773 2077 5827 1
2179 5772 2223 5805 ⁸³
2261 5772 2389 5827 ibid.
2432 5773 2485 5827 9..

1920 4603 2005 4655 sui
2035 4603 2267 4669 corporis
2305 4611 2612 4670 potestatem
2657 4621 2759 4656 non
2788 4603 2960 4663 habet,
3005 4604 3095 4657 sed
3129 4605 3336 4658 mulier.
3374 4603 3490 4658 No-

1922 4697 2013 4750 lite
2045 4695 2298 4765 fraudare
2322 4697 2561 4760 invicem,
2587 4697 2690 4751 nisi
2715 4698 2849 4766 forte
2879 4713 2944 4752 ea:
2974 4714 3229 4752 consensu
3255 4698 3325 4751 ad
3360 4709 3492 4753 tem-

1919 4803 2039 4856 pus,
2070 4798 2126 4841 ut
2155 4789 2348 4844 vacetis
2375 4790 2611 4845 orationi
2635 4805 2654 4843 :
2681 4801 2729 4842 et
2752 4791 2941 4844 iterum
2970 4790 3289 4844 revertimini
3324 4793 3377 4844 in
3405 4793 3489 4843 id-

1920 4882 2092 4950 ipsum
2121 4897 2183 4934 ne
2215 4891 2373 4937 tentet
2412 4900 2499 4937 vos
2529 4882 2762 4938 Satanas
2790 4893 3001 4952 propter
3028 4884 3485 4939 incontinentiam.

1922 4972 2038 5026 Hoc
2072 4983 2245 5027 autem
2273 4973 2390 5027 dico
2424 4974 2708 5027 secundum
2739 4973 3142 5043 indulgentiam,
3169 4992 3271 5029 non
3303 4993 3489 5031 secun-

1919 5064 2045 5118 dum
2104 5066 2379 5135 imperium
2409 5065 2475 5121 “.
2532 5064 2940 5135 Circumsperte
2992 5065 3283 5121 admodum
3342 5068 3488 5124 istud

1918 5158 2078 5213 etiam
2112 5158 2419 5228 appositum
2463 5165 2566 5213 est.
2604 5156 2903 5212 Secundum
2934 5157 3313 5228 indulgentiam
3338 5160 3485 5215 enim

1918 5251 2242 5321 signiﬁcavit
2286 5266 2346 5305 se
2383 5267 2529 5305 nunc
2554 5250 2841 5305 consilium
2875 5250 3113 5317 dedisse,
3149 5268 3256 5307 non
3288 5268 3488 5309 secun-

1917 5344 2045 5397 dum
2090 5344 2395 5415 imperium.
2428 5342 2562 5396 Nam
2605 5344 2887 5413 imperium
2932 5344 3149 5413 quidem
3196 5345 3269 5399 ibi
3304 5345 3491 5415 potius

1919 5442 2168 5505 usurpat,
2213 5434 2305 5488 ubi
2350 5435 2657 5489 castitatem
2691 5434 2903 5499 suadet,
2931 5443 2985 5490 et
3025 5435 3171 5506 tangi
3204 5435 3484 5490 mulierem

1919 5534 2091 5590 vetat;
2128 5526 2517 5596 indulgentiam
2545 5542 2693 5590 vero,
2724 5527 2803 5580 uti
2828 5527 3097 5590 dicebam,
3133 5527 3240 5582 illis
3266 5526 3486 5582 adhibet

1919 5616 2011 5686 qui
2049 5617 2550 5687 concupiscentiam
2595 5617 2850 5672 cohibere
2878 5632 2985 5670 non
3020 5625 3266 5686 possunt.
3299 5617 3375 5671 Ae
3421 5617 3485 5672 de

2564 5774 2608 5804 “
2652 5773 2777 5829 ibid.
2822 5772 2939 5826 2-6.
