3866 6160
239 289 299 343 ll
1335 284 1469 342 CON
1480 283 1719 340 VIVIUM
1761 281 1994 338 DECEM
2038 274 2402 341 VlRGlNUM.
3433 281 3505 340 8!

239 409 527 465 ἀσθένειαν
567 407 932 478 ἀπογεύεσθαι
959 407 1162 462 τούτων
1189 407 1298 463 τῶν
1333 409 1822 482 προσφερομένων,
1854 459 1858 469 ,

1942 408 2210 479 egrotanti
2235 409 2470 478 cuipiam
2498 406 2682 462 cibum
2710 406 2923 473 oﬂerat,
2942 407 3258 478 jubeatque,
3288 421 3395 478 qua
3426 408 3505 461 ia—

246 502 449 571 téyuw'
511 502 600 564 Ὠς
650 501 759 572 ἄρα
808 501 871 554 τὸ
910 500 1009 572 μὲν
1060 501 1296 572 άληθῶς,
1331 495 1376 554 ὦ
1425 497 1604 566 οὗτος,
1639 500 1826 566 καλὸν,

241 595 430 665 ἐχρῆν,
470 593 660 665 ὥσπερ
691 593 756 664 δὴ
808 591 903 646 καὶ
953 593 1124 663 ἡμᾶς,
1155 592 1248 645 καί
1297 609 1356 645 σε
1394 592 1684 664 καρτερῶς
1709 593 1829 646 δια-

245 687 527 758 μείναντα,
556 685 666 738 τῶν
695 685 876 738 αὐτῶν
925 685 1245 759 μεταλαϐεῖν
1276 684 1387 755 (53)
1413 702 1427 715 ο
1456 685 1829 758 ἀπηγόρευται

243 778 352 850 γὰρ
383 779 627 850 σήμερον
651 778 864 850 διαίτης
877 778 1278 850 ἐπιμνησθῆναι
1303 777 1364 830 τὸ
1401 775 1639 830 σύνολον.
1689 776 1830 831 Ἀλλ’

244 871 430 944 ἐπειδὴ
480 872 624 942 νόσῳ
668 871 1132 944 προκατασχεθεὶς
1180 869 1580 942 ὲξησθένησας,
1627 873 1723 926 καὶ
1767 871 1829 925 οὐ

242 964 373 1034 δῦνῃ
399 964 616 1036 φέρειν·
651 963 824 1036 ταύτῃ
859 964 923 1035 δὴ
953 963 1284 1035 συγγνώμην
1319 963 1575 1034 νέμοντες
1596 963 1834 1034 συμϐουο

243 1055 515 1126 λευόμεθα
545 1055 732 1109 σιτίων
770 1056 1135 1127 ἐπορέξασθαί
1160 1073 1241 1120 σε,
1283 1055 1372 1109 ἵνα
1413 1054 1508 1126 μὴ,
1545 1056 1831 1109 παντάπα-

244 1163 298 1200 σι
331 1147 421 1199 διὰ
448 1147 548 1218 τὴν
570 1147 724 1200 νόσον
752 1147 814 1200 ob
846 1147 1094 1219 δυνηθεὶς
1119 1147 1393 1217 ἀντισχεῖν
1422 1146 1560 1219 πρὸς
1587 1147 1687 1219 τὴν
1709 1147 1832 1199 ὲπι-

243 1239 444 1309 θυμίαν
471 1239 573 1308 τῆς
604 1238 1172 1312 τροφῆς,διαφθαρῇς.
1203 1239 1361 1294 Οὕτω
1387 1240 1482 1293 καὶ
1516 1241 1546 1293 ὁ
1578 1239 1836 1293 Ἀπόστο-

241 1329 332 1393 λος
376 1328 588 1395 ἐνθάδε,
639 1329 907 1400 πρότερον
961 1330 1161 1394 εἰπὼν,
1209 1331 1293 1383 ὅτι
1339 1328 1580 1399 βούλοιτο
1624 1329 1833 1393 πάντας

240 1419 386 1474 οὕτω
417 1420 694 1491 διαμεῖναι
750 1420 1057 1492 σώφρονας,
1098 1420 1290 1493 ὥσπερ
1327 1419 1392 1492 δὴ
1422 1421 1515 1474 καὶ
1556 1420 1752 1485 αὐτός’
1773 1420 1835 1474 τδ

245 1512 388 1582 μετὰ
417 1512 590 1565 ταῦτα
615 1514 730 1576 τοῖς
765 1511 1165 1584 βεδαρημένοις
1195 1513 1337 1584 νόσῳ
1369 1512 1479 1566 τῶν
1506 1511 1718 1577 παθῶν,
1747 1513 1837 1567 ἵνα

246 1603 324 1672 μὴ
350 1601 631 1674 πορνείαις
668 1601 964 1673 μιανθῶσιν
995 1602 1130 1674 (54),
1165 1603 1682 1675 οίστρηλατούμενοι
1721 1604 1833 1658 τῶν

244 1694 580 1762 παιδογόνων
610 1693 786 1764 μελῶν
823 1697 936 1759 τοῖς
990 1693 1390 1766 γαργαλισμοῖς
1434 1697 1514 1760 είς
1553 1696 1833 1768 ἐπιμιξίας

1931 502 2088 558 borat
2117 503 2459 572 aegritudine,
2486 509 2709 572 gustare
2731 517 2852 573 qua:
2883 509 3248 572 apponantur,
3274 500 3463 556 dicens
3486 521 3505 556 ι

1929 593 2139 649 Bonum
2172 594 2392 667 quidem
2424 601 2564 661 erat,
2594 609 2628 650 ο
2657 595 2853 660 amice,
2886 608 2951 648 ac
2991 609 3118 648 vere
3149 592 3396 654 decebat,
3455 600 3526 645 te-

1929 702 2170 758 quoque,
2206 687 2285 741 uti
2326 692 2382 742 et
2413 702 2537 751 nos,
2585 685 2797 741 fortiter
2827 693 3288 757 perseverantem.
3317 684 3505 738 eadem

1929 781 2212 852 percipere
2245 798 2259 834 :
2303 779 2652 834 interdictum
2683 779 2828 835 enim
2862 778 3024 834 hodie
3053 785 3157 838 est,
3191 776 3300 831 cibi
3344 775 3509 830 uilius

1928 873 2013 929 vel
2047 888 2273 944 prorsus
2309 874 2623 930 meminisse
2665 891 2678 928 :
2711 872 2856 942 quod
2888 881 3068 926 tamen
3104 871 3296 924 morbo
3323 883 3510 924 corre-

1931 974 2059 1038 ptus
2095 983 2155 1023 es
2185 982 2248 1022 ac
2282 967 2603 1030 inlirmaris,
2634 982 2736 1022 nec
2762 966 2902 1021 ferre
2935 964 3169 1019 inediam
3201 973 3388 1034 potes;
3419 964 3504 1018 id-
3531 1013 3535 1020 .

1929 1061 2080 1115 circo
2117 1060 2416 1115 secundum
2456 1060 2846 1130 indulgentiam
2883 1059 3218 1113 consulimus
3267 1065 3324 1112 ut
3369 1057 3509 1113 cibis

1929 1152 2194 1214 vescaris,
2227 1167 2297 1207 ne
2331 1151 2469 1206 forte
2512 1167 2620 1206 non
2657 1152 2844 1207 valens
2881 1152 2952 1206 ob
2984 1150 3361 1220 aegritudinem
3405 1149 3506 1203 ad-

1930 1257 2125 1298 versus
2153 1243 2258 1298 cibi
2294 1242 2643 1312 cupiditatem
2671 1241 2948 1304 resistere,
2983 1240 3257 1294 moriaris.
3297 1236 3389 1292 Sic
3415 1252 3509 1293 ve-

1931 1352 1996 1391 ro
2026 1337 2116 1392 hic
2155 1353 2372 1408 quoque
2402 1336 2700 1406 Apostolus
2741 1336 2896 1405 prius
2942 1335 3156 1390 dixerat
3215 1341 3407 1403 optare
3446 1346 3508 1387 se

1931 1441 2122 1484 omnes
2150 1439 2332 1484 castos
2370 1442 2740 1499 perseverare,
2781 1427 2859 1483 uti
2900 1435 2954 1484 et
2983 1429 3101 1498 ipse
3141 1435 3288 1493 erat;
3321 1431 3510 1494 postea

1933 1526 2116 1572 tamen
2140 1518 2426 1573 libidinum
2459 1520 2652 1573 morbo
2677 1519 2938 1590 gravatis,
2972 1533 3039 1573 ne
3070 1533 3129 1572 se
3150 1516 3355 1586 stupris
3379 1530 3511 1570 con-

1931 1609 2294 1672 taminarent,
2342 1609 2659 1680 genitalium
2691 1611 3055 1665 membrorum
3087 1606 3508 1671 titillationibus,

1936 1698 2084 1753 velut
2130 1707 2302 1755 oestro
2350 1699 2624 1768 quodam,
2673 1699 2729 1754 in
2781 1699 3022 1754 incestos
3072 1697 3513 1766 adulterinosque

243 1786 467 1841 ὀθνείων
495 1787 847 1859 σπερμάτων,
880 1786 1146 1856 ἐπέτρεψε
1189 1786 1288 1858 τὴν
1317 1787 1602 1858 διγαμίαν·
1635 1789 1836 1860 μᾶλλον

1942 1805 2265 1860 congressus
2317 1793 2423 1847 acti
2478 1791 2823 1863 prmcipites,
2872 1791 3144 1847 secundas
3192 1790 3374 1860 potius
3409 1805 3513 1843 nu-

245 1884 502 1950 κρεῖσσον
557 1880 729 1951 αὐτὴν
783 1876 919 1932 εἶναι
989 1879 1181 1950 κρίνας
1229 1879 1322 1935 τοῦ
1371 1880 1676 1951 πυροῦσθαι
1741 1883 1838 1937 καὶ

241 1973 386 2041 ἁσχη
395 1972 597 2040 μονεῖν.

1941 1882 2084 1954 ptias
2111 1883 2377 1953 permisit,
2410 1891 2668 1954 praestare
2691 1899 2785 1940 eas
2805 1882 3082 1953 judicans,
3117 1895 3280 1952 quam
3303 1889 3360 1936 ut
3389 1880 3514 1950 quis

1939 1975 2192 2030 incendio
2240 1975 2334 2031 illo
2379 1976 2568 2032 ardeat
2605 1990 2670 2030 ac
2717 1989 2779 2032 se
2825 1974 3112 2030 inhoneste
3159 1972 3515 2044 impudicitiil

1937 2074 2111 2138 gerat.

1078 2178 1209 2236 CAP.
1243 2179 1381 2236 Xlll.
1416 2181 1577 2236 Pauli
1609 2181 1675 2239 de
1702 2186 2004 2256 virginitate
2023 2186 2273 2244 doctrina
2303 2188 2639 2260 expenditur.

323 2301 430 2353 Καὶ
461 2301 588 2371 περὶ
618 2300 719 2370 μὲν
740 2299 1069 2370 ἐγκρατείας
1117 2302 1211 2354 καὶ
1243 2299 1460 2370 γάμων,
1497 2299 1591 2353 καί¹
1620 2317 1840 2370 σωφρο-

1955 2277 1970 2308 δ
2010 2303 2087 2360 De
2131 2305 2471 2360 continentia
2517 2311 2573 2359 et
2605 2301 2832 2372 nuptiis.
2874 2299 3051 2370 deque
3090 2299 3342 2353 castitate
3372 2304 3425 2354 et
3456 2314 3516 2354 re

248 2389 419 2461 σύνης
464 2391 559 2444 καὶ
603 2391 887 2454 κοινωνίας
928 2391 1160 2460 ἀνδρῶν,
1205 2393 1299 2445 καὶ
1328 2393 1386 2444 ὲν
1411 2391 1518 2443 τίνι
1548 2391 1753 2444 τούτων
1778 2392 1839 2445 τὸ

1942 2399 2194 2462 maritali,
2227 2399 2492 2452 hactenus
2518 2411 2549 2450 a
2579 2411 2666 2451 me
2693 2395 2898 2450 dictum
2932 2393 3031 2455 sit,
3065 2407 3128 2445 ac
3157 2391 3210 2445 in
3246 2390 3384 2444 utris
3418 2390 3518 2444 ho-

248 2481 532 2551 ὠφέλιμόν
563 2483 714 2534 ἐστιν
759 2482 840 2546 είς
879 2481 1225 2551 δικαιοσύνης
1252 2481 1616 2550 κατασκευὴν,
1654 2481 1842 2551 σχεδὸν

1942 2506 2058 2546 rum
2104 2490 2415 2546 inveniatur
2444 2488 2648 2542 utilitas
2677 2485 2744 2539 ad
2766 2484 2995 2555 justitire
3027 2481 3328 2553 profectum
3356 2497 3370 2544 ;
3401 2481 3514 2550 jam

243 2574 355 2644 nar,
388 2591 478 2644 μοι
508 2573 660 2637 τέλος
685 2573 797 2644 ἔχει
821 2589 836 2604 ⁸
875 2575 1002 2645 περὶ
1039 2573 1094 2626 δὲ
1129 2573 1424 2645 παρθενίας
1450 2573 1702 2643 εἰρῆσθαι
1732 2573 1846 2626 λεί-

1942 2587 2190 2649 superest
2221 2585 2282 2632 ut
2314 2577 2382 2633 de
2414 2575 2726 2648 virginitate
2767 2573 3076 2644 loquamur,
3107 2586 3236 2625 num
3263 2569 3404 2626 etde
3427 2571 3516 2623 illa

247 2682 416 2717 πεται
448 2664 655 2726 λοιπὸν,
696 2665 750 2716 εἴ
777 2681 832 2717 τι
877 2666 972 2717 καὶ
1005 2665 1134 2736 περὶ
1159 2664 1366 2734 ταύτης
1406 2663 1518 2734 ἄρα
1548 2662 1838 2734 διαθεσμο-

1942 2674 2142 2745 aliquid
2190 2674 2461 2729 sancitum
2515 2673 2604 2728 sit.
2643 2673 2824 2740 Quare
2857 2669 2925 2725 de
2975 2667 3062 2722 his
3104 2681 3323 2737 quoque
3357 2665 3517 2719 nobis

247 2757 450 2808 θεῖται.
488 2755 696 2808 Οὐκοῦν
743 2757 840 2808 καὶ
889 2755 1095 2810 τούτων
1139 2756 1266 2828 πέρι
1305 2755 1646 2827 διαληπτέονι
1686 2756 1838 2826 Ἔχει

1942 2774 2023 2820 est
2051 2763 2452 2819 disserendum.
2484 2761 2574 2815 Ait
2607 2762 2792 2830 itaque
2825 2758 3029 2813 Paulus
3067 2758 3111 2789 “
3147 2774 3159 2811 :
3196 2756 3273 2810 De
3305 2755 3521 2824 virgini-

247 2846 364 2919 γάρ
383 2839 490 2899 ὧδε
507 2863 523 2878 ο
557 2847 698 2914 Περὶ
726 2846 794 2899 δὲ
822 2844 937 2899 τῶν
954 2845 1264 2914 παρθένων
1291 2845 1586 2914 ἐπιταγὴν
1617 2846 1840 2912 Κυρίου

1942 2857 2034 2911 bus
2059 2866 2232 2910 autent
2271 2862 2588 2924 prteceptum
2617 2851 2830 2904 Domini
2858 2865 2962 2902 non
2997 2847 3159 2900 habeo
3190 2863 3207 2899 :
3237 2845 3519 2898 consilium

249 2941 366 2992 οὐκ
392 2939 541 3008 ἔχω·
588 2939 832 3008 γνώμην
875 2936 942 2992 δὲ
971 2937 1199 3008 δίδωμι,
1239 2938 1320 3003 ὡς
1357 2937 1692 3007 ἠλεημένος
1722 2936 1842 2991 ὑπὸ

1942 2958 2115 3004 autem
2149 2948 2239 3011 do,
2272 2957 2524 3016 tanquam
2555 2941 2972 2997 misericordiam
2995 2949 3301 2992 consecutus
3333 2955 3365 2990 a
3413 2935 3520 2990 Do.

245 3031 480 3098 Κυρίου
512 3031 728 3098 πιστὸς
773 3027 948 3085 εἶναι.
979 3030 1204 3101 Νομίζω
1249 3026 1365 3085 οὖν
1422 3029 1598 3084 τοῦτο
1648 3027 1844 3083 καλὸν

1943 3041 2106 3106 mino,
2149 3051 2206 3094 ut
2237 3040 2339 3094 sint
2385 3036 2580 3107 ﬁdelis.
2615 3034 2875 3089 Existimo
2902 3049 3022 3102 ergo
3067 3033 3162 3086 hoc
3190 3033 3380 3087 bonum
3411 3048 3522 3085 esse

243 3125 555 3193 ὑπάρχειν
582 3123 680 3179 διὰ
706 3123 824 3193 τὴν
836 3125 1186 3195 ἐνεστῶσαν
1199 3124 1474 3196 ἀνάγκην
1491 3141 1504 3155 ο
1537 3125 1626 3178 ὅτι
1647 3123 1842 3178 καλὸν

1942 3142 2152 3203 propter
2189 3132 2474 3186 instantem
2510 3129 2894 3188 necessitatem,
2929 3126 3179 3195 quoniam
3226 3130 3417 3177 bonum
3443 3131 3520 3177 est

247 3216 546 3285 ἀνθρώπῳ
571 3217 759 3284 οὕτως
785 3214 957 3273 εἶναι.
994 3218 1240 3272 Δέδεσιιι
1271 3218 1512 3288 γυναικί
1532 3233 1548 3280 ;
1574 3216 1660 3288 μὴ
1686 3215 1842 3284 ζήτει

242 3310 462 3362 λύσιν.
490 3307 758 3364 Λέλυσαι
785 3309 902 3363 ἀπὸ
929 3311 1247 3379 γυναικόω
1275 3309 1360 3378 μὴ
1383 3306 1533 3375 ζήτει
1566 3307 1840 3378 γυναῖκα.

261 3400 406 3454 Ἐὰν
454 3399 522 3454 δὲ
560 3401 658 3458 καί
693 3400 905 3471 λάϐῃς,
949 3402 1062 3469 οὐχ
1093 3401 1368 3470 ἥμαρτες.
1405 3402 1516 3456 Καὶ
1544 3401 1653 3455 ἐὰν
1683 3400 1842 3471 γήμῃ

249 3492 294 3559 ἠ
345 3490 665 3560 παρθένος,
723 3493 835 3562 οὐχ
877 3491 1129 3560 ἥμαρτεο
1161 3493 1374 3561 θλίψιν
1409 3491 1478 3546 δὲ
1512 3491 1723 3557 ἕξουσι
1766 3489 1842 3561 τῇ

249 3585 438 3652 σαρκί
480 3586 536 3639 oi
578 3584 853 3639 τοιοῦτοι.
909 3584 1051 3654 Ἐγὼ
1079 3584 1148 3638 δὲ
1185 3584 1352 3654 ὑμῶν
1377 3585 1670 3655 φείδομαι.
1706 3584 1842 3639 Δίαν

252 3677 504 3741 εὐλαϐῶς
553 3679 646 3730 τὸν
681 3680 811 3749 περὶ
855 3677 1152 3748 παρθενίας
1192 3678 1625 3748 εἰσηγησάμενος
1659 3677 1839 3746 λόγον,

254 3769 353 3822 καὶ
377 3768 589 3839 μέλλων
645 3767 1029 3839 συμϐουλεύειν
1052 3767 1306 3840 γαμίζειν
1346 3769 1445 3841 τὴν
1473 3767 1668 3822 ἑαυτοῦ
1702 3787 1845 3840 παρ-

255 3861 435 3924 θένον,
491 3861 602 3931 ὅτῳ
660 3860 834 3930 φίλον,
890 3861 1038 3924 ὅπως
1096 3859 1262 3932 μηδὲν
1311 3859 1420 3914 τῶν
1451 3861 1531 3924 εἰς
1573 3860 1844 3930 άγιασμὸν

259 3951 579 4024 φερομένων
599 3953 719 4005 κατ’
751 3952 996 4020 ἀνάγκην
1019 3938 1228 4020 γένοιτο
1256 3953 1349 4006 καὶ
1373 3952 1512 4022 βίαν,
1543 3951 1678 4006 ἀλλὰ
1705 3952 1846 4007 κατὰ

258 4043 526 4115 πρόθεσιν
568 4042 915 4109 αὐτεξούσιον
953 4041 1132 4112 ψυχῆς
1155 4058 1168 4071 ·
1230 4042 1410 4112 (τοῦτο
1435 4041 1545 4115 γὰρ
1605 4043 1846 4114 πρόσφο-

261 4154 354 4208 ρον
383 4135 561 4206 Θεῷο)
589 4135 650 4188 οὐ
683 4134 931 4206 βούλεται
957 4134 1017 4200 ἐξ
1049 4134 1334 4198 αὐθεντίας
1355 4134 1504 4206 αὑτῷ
1534 4134 1728 4201 ταῦτα,
1751 4135 1850 4188 καὶ

271 4230 488 4302 τνὼμης
514 4228 760 4299 λελέχθαι
799 4227 896 4282 τοῦ
931 4229 1171 4301 Κυρίου·
1219 4227 1464 4282 τουτέστι
1520 4227 1582 4282 τὸ
1618 4227 1848 4298 γαμίζε-

262 4326 390 4380 σθαι
441 4324 546 4396 τὴν
605 4321 894 4393 παρθένον.
965 4322 1181 4393 Ἀμέλει
1220 4323 1436 4392 φήσας·
1473 4320 1608 4374 Ἐὰν
1644 4319 1713 4374 δὲ
1746 4320 1845 4375 καί

265 4416 424 4486 γήμῃ
456 4417 495 4485 ὴ
525 4413 842 4484 παρθένος,
867 4414 979 4482 οὐχ
1007 4413 1231 4484 ἥμαρτε
1252 4429 1265 4443 ·
1296 4412 1480 4483 σχεδὸν
1500 4411 1660 4466 πάλιν
1682 4412 1848 4466 ὑπευ-

1943 3226 2145 3280 homini
2182 3225 2260 3280 sic
2301 3239 2434 3279 esse.
2474 3222 2742 3292 Alligatus
2781 3236 2836 3274 es
2879 3219 3076 3273 uxori?
3131 3215 3258 3270 Noli
3289 3231 3523 3285 φωνειό

1943 3318 2273 3374 solutionem.
2313 3315 2532 3372 Solutus
2563 3330 2616 3369 es
2647 3312 2711 3367 ab
2743 3314 2944 3368 uxore?
2973 3311 3100 3364 Noli
3138 3323 3369 3379 quwrere
3394 3323 3523 3361 uxo-

1943 3428 2073 3466 rem.
2107 3408 2168 3465 Si
2201 3419 2378 3463 autent
2415 3409 2675 3474 acceperis
2703 3419 2943 3470 uxorem,
2973 3419 3075 3457 non
3100 3402 3348 3470 peccasti.
3383 3397 3523 3454 Etsi

1945 3504 2180 3574 nupserit
2227 3503 2392 3572 virgo,
2439 3517 2544 3554 non
2585 3497 2814 3568 peccavit
2847 3511 2866 3550 :
2900 3495 3294 3549 tribulationem
3347 3499 3523 3545 tamen

1944 3598 2121 3650 carnis
2153 3593 2413 3648 habebunt
2450 3589 2774 3660 hujusmodi.
2809 3585 2922 3658 Ego
2950 3596 3125 3640 autem
3153 3583 3298 3640 vobis
3337 3598 3520 3652 parco.

1946 3687 2113 3742 Valde
2155 3693 2314 3740 caute
2351 3682 2667 3738 introducto
2691 3680 2760 3736 de
2784 3679 3094 3748 virginitate
3121 3690 3393 3739 sermone,
3421 3673 3520 3728 da-

1945 3789 2210 3848 tur-usque
2237 3773 2550 3838 consilium,
2582 3781 2642 3827 ut
2681 3773 2770 3826 cui
2801 3771 3035 3841 quisque
3069 3767 3326 3821 maluerit
3352 3766 3522 3835 virgi-

1946 3887 2071 3926 nem
2121 3883 2277 3924 suam
2331 3865 2528 3936 nuptui
2585 3863 2816 3930 tradat;
2869 3876 2979 3934 quo
3038 3859 3268 3925 scilicet,
3327 3873 3517 3913 eorum

1945 3978 2068 4034 quae
2095 3961 2162 4016 ad
2204 3956 2623 4016 sanctimoniam
2655 3955 2884 4020 ducunt,
2922 3953 3056 4008 nihil
3095 3966 3191 4022 per
3224 3951 3524 4006 necessita-

1947 4065 2056 4112 tem
2105 4056 2324 4124 vimque
2364 4052 2491 4116 liat,
2534 4049 2636 4106 sed
2685 4050 2868 4104 liberte
2898 4045 3199 4102 voluntatis
3246 4043 3525 4112 animique

1947 4147 2227 4219 proposito
2258 4146 2387 4217 (hoc
2422 4146 2569 4200 enim
2612 4141 2722 4198 Deo
2756 4138 3063 4210 acceptum)
3105 4151 3216 4190 non
3250 4135 3367 4190 vult
3411 4134 3526 4188 haec

1942 4240 2189 4314 jubentis
2236 4239 2564 4294 auctoritate
2608 4236 2706 4290 abs
2755 4249 2814 4289 se
2866 4233 3036 4295 dicta,
3087 4244 3262 4300 exque
3309 4227 3526 4281 Domini

1949 4333 2216 4393 sententia
2247 4333 2331 4404 (ut
2373 4330 2633 4386 nimirum
2661 4327 2815 4395 virgo
2861 4321 3057 4393 nuptui
3100 4317 3393 4388 tradatur).
3425 4316 3524 4372 Ni-

1948 4426 2148 4481 mirum
2181 4438 2308 4478 cum
2360 4421 2592 4478 dixisset
2629 4418 2672 4449 "
2700 4437 2714 4473 :
2744 4415 2812 4470 Et
2861 4415 2908 4468 si
2951 4412 3183 4481 nupserit
3225 4414 3390 4481 virgo,
3421 4425 3526 4462 non

265 4509 524 4580 λαϐηθεὶς
573 4506 872 4579 άνετάραξε
926 4506 1025 4579 τὴν
1079 4504 1494 4576 συγκατάθεσιν,
1536 4504 1680 4560 κατὰ
1725 4521 1849 4574 συγ-

1949 4517 2199 4588 peccavit,
2226 4512 2620 4586 propemodum
2650 4523 2846 4563 rursus
2873 4504 3018 4575 quod
3052 4504 3264 4558 dixerat
3291 4500 3525 4562 veritus,

272 4601 493 4672 γνώμην
550 4600 894 4672 ἀνθρωπίνην
943 4596 1297 4666 ὑπεμφαίνων
1350 4594 1521 4649 ταῦτα
1548 4593 1849 4666 συμϐεϐου-

266 4694 539 4756 ιευκέναι,
566 4692 680 4746 ἀλλ’
717 4691 778 4745 οὐ
810 4690 951 4744 κατὰ
985 4689 1153 4743 θείαν.

337 4895 385 4928 ⁸⁸
421 4892 456 4950 Ι
489 4892 617 4949 Cor.
657 4908 756 4958 vn,
792 4891 888 4956 25,
920 4889 1011 4947 28.
1125 4889 1173 4922 "’
1205 4888 1335 4944 ibid.
1377 4887 1432 4943 8.

336 5012 452 5081 (55)
495 5008 619 5064 Τῶν
663 5004 1548 5081 abtér_yeta.1a6§ir._Eadem
1590 5009 1849 5081 mysteria

271 5071 494 5140 sumere,
543 5079 687 5149 quod
741 5071 1032 5151 pracipue
1067 5081 1121 5151 in
1161 5077 1432 5151 Paschate
1468 5074 1629 5128 [iebat
1652 5071 1720 5151 et
1757 5071 1846 5151 die

271 5141 986 5219 [iesurrectionisfexpleta
1014 5149 1352 5218 jejuniorum
1384 5143 1753 5219 observantia.
1777 5141 1846 5194 tie

271 5240 373 5294 qua
398 5222 497 5294 hic
552 5214 885 5294 bietliodius,
915 5229 968 5274 et
997 5214 1158 5294 quam
1199 5219 1386 5294 ipsam
1421 5214 1628 5268 Pascha
1657 5219 1840 5294 vocat,

271 5281 413 5363 quod
445 5292 566 5347 dies
601 5291 689 5346 isti
723 5281 1252 5363 Paschatproximi,
1285 5286 1389 5363 ipsi
1409 5297 1626 5363 quoque
1657 5281 1730 5333 ita
1760 5281 1844 5333 di-

268 5357 549 5426 cerentur,
597 5362 932 5429 arctiorique
965 5357 1177 5429 jejunio
1204 5367 1258 5412 et
1306 5357 1484 5412 inedia
1515 5366 1844 5430 peragerem

269 5443 359 5487 tur
400 5453 414 5488 :
451 5419 647 5502 magno
688 5419 988 5504 praesertim
1019 5419 1302 5504 'Sabbato,
1349 5419 1684 5504 quandoad
1734 5419 1848 5500 diei

275 5497 568 5558 Doniinica':
598 5497 856 5556 auroram
885 5501 970 5554 vel
999 5500 1330 5571 gallicinium
1355 5497 1552 5571 ilideles
1575 5497 1844 5571 jejunium

274 5576 551 5633 tenebant,
581 5582 820 5644 tuncque
853 5561 1144 5644 celebratis
1190 5567 1401 5644 divinis
1430 5561 1710 5644 mysteriis
1733 5561 1844 5644 illis

275 5631 750 5715 impertiebantur:
784 5640 955 5707 Quem
991 5640 1163 5715 ritum_
1190 5639 1278 5715 hic
1305 5631 1666 5715 orlinis'locus
1689 5631 1842 5714 indi-

275 5703 383 5776 αι’,
446 5724 716 5782 sonatque
767 5703 1205 5779 postcommunio
1243 5703 1617 5782 (utuvocant)_
1655 5703 1842 5782 inissa;

281 5773 494 5840 Sabbati
521 5773 720 5845 sancti,
747 5773 907 5852 quam
927 5783 1006 5837 sic
1037 5773 1299 5851 occupato
1324 5777 1409 5836 die
1429 5776 1523 5833 illa
1541 5773 1852 5839 celebrant,-

1955 4619 2242 4662 assensum
2289 4618 2427 4675 pene
2471 4601 2639 4655 dubio
2667 4599 2928 4658 turbavit,
2964 4595 3152 4649 datum
3194 4607 3222 4644 a
3255 4607 3314 4648 se
3345 4590 3526 4645 consi-

1951 4699 2085 4754 lium
2127 4697 2400 4757 indicans,
2436 4693 2735 4750 secundum
2769 4693 3064 4746 humanam
3109 4683 3525 4755 indulgentiam,

1949 4806 2058 4848 non
2090 4791 2390 4848 secundum
2417 4787 2677 4844 divinam.

1947 5012 2072 5050 cum
2105 4994 2374 5065 pertineat
2404 4992 2471 5065 ad
2498 4989 2912 5065 nortemipsam
2951 4986 3397 5065 resurrectionis.
3433 4983 3527 5042 llla

1946 5083 2077 5134 ergo
2108 5061 2200 5120 die
2237 5067 2320 5118 vel
2353 5063 2459 5116 cibi
2511 5061 3134 5134 nmnmisse__piaeu|um
3180 5068 3319 5134 erat,
3357 5071 3387 5109 a
3420 5073 3528 5126 quo

1946 5129 2126 5191 tamen
2178 5150 2273 5206 per
2324 5132 2715 5206 indulgentiam
2769 5129 3020 5184 inlirmus
3070 5129 3525 5206 im_munis_er_at.

1943 5197 2559 5276 Cespitaiuntgraviter
2582 5201 2933 5276 interpretes,
2951 5214 3075 5253 cum
3101 5199 3241 5276 alter
3269 5197 3525 5276 reddidit,

1943 5277 2008 5332 de
2040 5267 2230 5330 oblatis
2258 5267 2552 5332 abitinere;
2604 5267 2760 5334 alter,
2787 5270 2962 5339 facere
2990 5269 3127 5340 quod
3165 5285 3343 5340 omnes
3375 5267 3534 5323 hodie

1945 5349 2170 5413 faciunt,
2207 5345 2262 5399 id
2291 5355 2377 5400 est
2430 5343 2487 5396 in
2525 5342 2706 5396 inedia
2758 5338 3307 5413 perseveraretniliil
3343 5346 3524 5413 atten-

1947 5405 2406 5482 dentcs'scopum
2444 5413 2590 5466 illius
2635 5416 2815 5465 omnis
2861 5413 3073 5475 inedire,
3114 5409 3197 5464 sic
3249 5405 3524 5482 Metliodio

1948 5480 2322 5543 insinuatum;
2366 5498 2558 5552 nempe
2603 5482 2703 5552 τὴν
2754 5482 3096 5552 μετάληψιν,
3151 5480 3526 5552 mysteriorum

1955 5563 2446 5628 perceptimzem,_ca
2482 5549 2569 5606 die
2615 5549 2822 5608 sanctis
2859 5549 3117 5607 omnibus
3163 5565 3229 5604 ac
3274 5549 3526 5605 ﬁdelibus

1949 5623 2316 5683 communem.
2341 5623 2628 5678 Cousens.

2017 5675 2678 5768 (Ξῐῇὢιᾴνθξῖέὶνέξξὶο
2732 5682 2983 5768 ᾼΗειιὶιιξ.
3020 5679 3124 5768 Sed
3168 5679 3338 5734 codex
3373 5675 3526 5744 ναι..

1944 5749 2382 5841 ςυέιιίθειιιιιιιιι·
2406 5755 2708 5818 Possinius,
2733 5752 3081 5824 λιμανθῶσιν.
3109 5749 3181 5804 In.
