3866 6160
241 254 311 310 8⁵
1337 261 1716 320 CONVIVIUM
1757 264 1986 320 DECEM
2024 263 2386 322 VIBGINUM.
3431 262 3498 312 δίε

240 381 358 444 ιὼς.
399 381 779 451 ἀσχημονῶσιν
812 380 1325 454 οἰστρηλατούμενοι
1368 385 1468 455 τὴν
1513 383 1709 456 ψυχήν.
1759 384 1825 438 Τί
1856 392 1899 448 Α

237 473 349 545 γὰρ
367 472 754 545 παραδίδωσιν,
776 475 1153 528 ἐπισκεπτέον.
1176 478 1245 529 Εἰ
1259 474 1327 529 δέ
1352 493 1440 541 τις
1454 476 1824 547 ἀσχημονεῖν

237 566 340 619 ἐπὶ
386 564 499 633 τῆς
551 565 854 634 παρθένου
899 566 1085 621 αὐτοῦ
1121 566 1366 636 νομίζει,
1410 569 1594 639 φησὶν,
1637 569 1746 623 ἐὰν
1783 564 1824 640 ᾗ

242 655 608 725 ὑπέρακμος,
635 656 735 710 καὶ
772 657 960 723 οὕτως
989 659 1215 727 ὀφείλει
1238 658 1517 728 γενέσθαι
1543 677 1555 689 ·
1587 659 1619 713 ὃ
1663 659 1825 715 θέλει

243 750 515 802 ποιείτω·
566 751 679 818 οὐχ
747 748 1068 818 ἁμαρτάνει
1090 767 1104 781 ο
1146 752 1540 819 γαμείτωσαν.
1595 753 1824 817 Οἰκείως

242 838 482 893 ἐνταῦθα
517 839 830 912 προκρίνων
857 840 947 893 τὸν
984 841 1161 911 γάμον
1185 841 1283 912 τῆς
1318 843 1703 913 ἀσχημοσύνης
1733 844 1826 897 ἐπὶ

242 931 354 984 τῶν
405 930 675 1001 ἑλομένων
726 932 826 1005 μὲν
873 931 1243 1003 παρθενεύειν,
1287 934 1825 1005 δυσανασχετούντων

242 1023 301 1075 δὲ
335 1023 396 1075 τὸ
428 1022 567 1092 μετὰ
592 1022 764 1077 ταῦτα
793 1025 886 1077 καὶ
916 1025 1311 1096 ἀποκαμόντων
1333 1043 1347 1056 ·
1391 1028 1486 1081 καὶ
1518 1027 1659 1098 λόγῳ
1704 1029 1823 1099 μὲν,

243 1115 312 1168 δι’
338 1114 473 1169 αἰδὼ
492 1114 591 1186 τὴν
616 1115 751 1186 πρὸς
786 1115 1127 1188 ἀνθρώπους,
1158 1119 1467 1189 αὐχούντων
1514 1122 1822 1191 ἐπιμένεινο

245 1207 394 1280 ἔργῳ
421 1209 500 1270 δὲ,
525 1209 644 1263 οὐδὲ
679 1210 1014 1282 μακρότερον
1051 1211 1387 1283 ἐνδιατρίψαι
1414 1213 1723 1284 δυναμένων
1750 1213 1828 1285 τῷ

246 1300 614 1372 εύνουχισμῷ.
655 1302 760 1356 Τὸν
791 1301 974 1374 μέντοι
1006 1302 1116 1374 (57)
1145 1304 1587 1375 αύτοκρατορικῷ
1616 1307 1707 1359 καὶ
1732 1308 1831 1361 αύ-

248 1394 489 1464 θαιρέτῳ
520 1394 773 1465 κρίνοντα
803 1395 1064 1467 προθέσει
1082 1400 1266 1469 τηρεῖν
1286 1399 1386 1470 τὴν
1423 1399 1616 1452 ἑαυτοῦ
1651 1398 1829 1470 σάρκα

248 1482 540 1553 παρθένον,
568 1485 664 1537 καὶ
684 1482 770 1553 μὴ
805 1485 1027 1553 ἔχοντα
1051 1486 1344 1556 ἀνάγκην,
1378 1489 1535 1560 (ὅπερ
1580 1490 1697 1542 ἐστὶ
1721 1489 1829 1543 πόι·

1929 385 2147 455 perciti,
2180 380 2538 454 turpitudinis
2583 376 2787 452 aliquid
2839 381 3151 439 admittant.
3186 376 3327 445 Quid
3368 394 3498 433 vero

1929 478 2130 544 tradat,
2160 476 2604 543 examinandum.
2640 472 2794 540 Quod
2825 474 2871 528 si
2903 472 3020 543 quis
3051 482 3198 540 turpe
3223 470 3325 525 sibi
3353 470 3497 524 ducit

1928 573 1984 626 in
2026 572 2223 642 virgine
2264 587 2384 636 sua,
2417 570 2464 624 si
2498 577 2779 639 praztereat
2808 564 3035 621 nubendi
3078 574 3297 633 tempus,
3333 572 3387 617 et
3423 563 3499 617 sic

1928 673 2131 734 oportet
2154 665 2306 733 ﬁeri;
2337 662 2475 735 quod
2501 662 2609 716 vult
2641 661 2842 730 faciat;
2874 676 2979 715 non
3020 667 3201 728 peccat
3227 673 3246 712 :
3260 658 3497 728 jungun—

1930 768 2016 810 tur
2048 756 2390 810 matrimonio
2414 756 2480 805 ⁷³.
2509 753 2772 824 Apposite
2819 752 2908 806 hic
2949 750 3170 821 nuptias
3202 746 3498 819 praeferens

1928 849 2279 921 turpitudini,
2322 848 2377 903 in
2423 848 2530 901 illis
2555 846 2649 916 qui
2682 852 2901 914 arrepto
2933 843 3268 914 virginitatis
3299 857 3495 913 propo«

1929 946 2059 1007 sito,
2107 958 2249 1014 agre
2281 939 2475 996 deinde
2523 939 2705 994 ferunt
2745 938 3050 1008 animisque
3099 922 3402 1005 fatiscunt;
3450 949 3505 992 et

1928 1050 2177 1092 sermone
2209 1033 2452 1105 quidem,
2495 1049 2606 1104 pra:
2640 1034 2881 1087 humano
2918 1030 3126 1103 pudore
3159 1032 3502 1102 propositum

1930 1141 1991 1181 se
2036 1133 2225 1179 tenere
2256 1123 2577 1194 gloriantur,
2630 1138 2688 1176 re
2736 1130 2914 1175 autem
2965 1122 3104 1190 ipsa,
3158 1134 3260 1174 nec
3306 1121 3506 1190 longzs-

1930 1218 2070 1273 sime
2106 1218 2346 1272 salutare
2396 1214 2813 1270 eunuchismum
2863 1221 3114 1282 possunt.
3164 1210 3268 1278 Qui
3318 1219 3501 1264 tamen

1930 1313 2104 1366 libero
2138 1311 2336 1379 suique
2379 1307 2521 1376 juris
2564 1305 2848 1377 Dreposito
2887 1320 3007 1359 eam
3048 1304 3147 1360 sibi
3191 1305 3363 1374 legem
3414 1304 3502 1357 iu-

1930 1403 2149 1465 dixerit,
2183 1408 2242 1457 ut
2270 1415 2495 1455 carnem
2538 1413 2693 1454 suam
2745 1404 2922 1452 servet
2975 1396 3275 1467 virginem;
3315 1398 3505 1468 quique

1932 1512 2035 1550 non
2064 1493 2214 1551 habet
2233 1491 2660 1549 necessitatem".
2678 1490 2979 1562 (libidinem
3012 1490 3222 1546 scilicet
3250 1491 3305 1545 in
3335 1506 3498 1559 copu-

247 1574 340 1639 θος
372 1575 768 1646 ἐπικαλούμενον
787 1578 887 1650 τὴν
916 1579 1086 1648 ὀσφὺν
1109 1582 1188 1643 εἰς
1211 1581 1525 1635 συνουσίαν·
1560 1580 1695 1636 εἶναι
1722 1582 1832 1654 γὰρ

1947 1602 2039 1641 iam
2071 1586 2290 1641 lumbos
2338 1583 2689 1650 incitantem;
2720 1597 2843 1637 esse
2889 1582 3033 1637 enim
3079 1595 3178 1652 par
3201 1589 3285 1636 est
3323 1583 3504 1636 varias

248 1666 343 1720 καὶ
385 1667 671 1739 διαφορὰς,
723 1669 799 1732 ὡς
832 1669 998 1735 εἰκὸς,
1031 1670 1301 1742 σωμάτων
1323 1673 1364 1743 ·)
1415 1672 1589 1745 τούτῳ
1618 1674 1833 1745 διαμιλ-

1947 1693 2227 1749 :orporum
2257 1675 2510 1749 indoles),
2552 1675 2681 1729 huic
2716 1672 2922 1730 Paulus
2951 1675 3184 1729 certanti
3212 1682 3374 1745 atque
3408 1693 3502 1745 pu-

246 1758 476 1828 λωμένῳ
499 1761 594 1812 καὶ
622 1759 924 1815 διαθλοῦντι
962 1762 1056 1815 καὶ
1086 1763 1391 1828 σπουδαίως
1413 1766 1722 1836 ὲπιμένοντι
1763 1770 1829 1838 τῇ

1947 1772 2147 1843 guanti,
2180 1771 2349 1841 inque
2378 1768 2722 1841 professione
2750 1775 2974 1823 strenue
3006 1768 3402 1837 perseveranti,
3441 1783 3506 1822 ac

247 1850 575 1921 ἐπαγγελίᾳ,
607 1852 701 1904 καὶ
747 1851 950 1922 ταύτην
974 1852 1172 1925 ἄριστα
1211 1854 1699 1929 διαπεραινομένῳ,
1732 1875 1831 1912 πα-

249 1941 604 2012 ρακελεύεται
637 1944 935 2013 μένειν’κα“ι
968 1949 1177 2017 τηρεῖν,
1197 1950 1265 2019 τῇ
1292 1948 1556 2021 παρθενίᾳ
1582 1950 1650 2003 τὰ
1684 1968 1833 2023 πρω-

247 2038 365 2089 τεῖα
392 2035 591 2107 νέμων.
636 2038 695 2090 '0
725 2037 835 2109 γὰρ
863 2037 1180 2109 δυνάμενος,
1209 2041 1362 2112 φησι,
1392 2044 1486 2096 καὶ
1520 2042 1831 2113 φιλοτιμού-

246 2144 412 2197 μενος
443 2130 629 2200 τηρεῖν
652 2130 750 2201 τὴν
781 2129 977 2184 ἑαυτοῦ
1029 2130 1210 2203 σάρκα
1250 2133 1538 2204 παρθένον,
1585 2135 1832 2205 κρεῖττον

248 2222 425 2272 ποιεῖν
449 2222 477 2273 ό
506 2220 565 2274 δὲ
607 2221 680 2292 μὴ
713 2221 1033 2293 δυνάμενος,
1068 2222 1321 2295 γαμίζων
1345 2223 1403 2276 δὲ
1432 2225 1703 2296 νομίμως,
1740 2226 1834 2279 καὶ

248 2309 328 2383 μὴ
353 2311 760 2387 λαθροφθορῶν,
808 2314 1007 2379 καλῶς.
1057 2316 1169 2370 Καὶ
1211 2317 1341 2389 περὶ
1378 2318 1475 2390 μὲν
1514 2317 1716 2373 τούτων
1745 2320 1836 2373 αύ-

248 2403 492 2475 τάρκως.

319 2593 555 2655 Δασέτω
604 2602 663 2656 δὲ
720 2605 858 2675 μετά
918 2606 1103 2679 χειρὸς
1139 2609 1169 2661 ὁ
1214 2606 1535 2678 βουλόμενος
1569 2607 1666 2679 τὴν
1700 2608 1836 2680 πρὸς

248 2692 571 2765 Κορινθίους
617 2697 952 2771 Ἐπιστολὴν,
988 2701 1085 2754 καὶ
1129 2700 1250 2754 καθ’
1302 2700 1529 2754 ἕκαστον
1569 2700 1836 2771 ὁμιλήσας

246 2788 362 2849 τοῖς
379 2789 883 2859 ἐγγεγραμμένοις,
914 2791 1036 2845 τότε
1056 2793 1150 2846 καὶ
1175 2792 1243 2846 τὰ
1265 2793 1356 2861 ὑφ’
1384 2791 1540 2862 ἡμῶν
1568 2791 1837 2865 λεγόμενα

250 2877 566 2947 σκεψάσθω,
614 2880 1118 2954 ἀντιπαραϐάλλων,
1170 2885 1219 2936 ει
1274 2883 1348 2955 μὴ
1385 2884 1703 2955 συμφωνίας
1734 2885 1838 2939 πά·-

251 2982 355 3036 σης
387 2966 607 3036 ἔχονται
633 2970 728 3022 καὶ
759 2971 1136 3043 ὁμοφροσύνης
1170 2974 1269 3044 τῆς
1305 2973 1442 3045 πρὸς
1470 2974 1629 3027 αὑτά.
1654 2972 1839 3027 Ταῦτά

252 3075 340 3111 σοι
396 3060 543 3114 κατὰ
599 3061 827 3133 δύναμιν
875 3064 1016 3135 ὑπὲρ
1065 3060 1377 3135 ἁγνείας,ὧ
1429 3066 1645 3138 Ἀρετὴ,
1683 3065 1838 3135 κάγὼ

254 3154 509 3222 συνεισφέ
518 3171 615 3225 ρω.

327 3245 625 3299 ΕΥΒΟΥΛ.
649 3246 858 3320 Σφόδρα
884 3249 971 3303 διὰ
1010 3250 1238 3317 πολλῶν,
1261 3246 1306 3305 ὧ
1334 3252 1654 3325 Γρηγόριον,
1689 3255 1842 3326 μόλις

255 3339 336 3399 εἰς
368 3338 430 3391 τὺ
460 3340 822 3410 προκείμενον
855 3343 1105 3411 ἀφίκετο,
1156 3344 1494 3415 μακρότατον
1539 3345 1846 3418 ἀναμετρη-

254 3429 493 3499 οσμένη,
509 3428 604 3483 καῖ
628 3433 994 3502 περαιωθεῖσα
1021 3434 1258 3504 πέλαγος
1286 3435 1482 3505 λόγων.

328 3520 528 3573 ΓΡΗΓ.
567 3522 781 3576 Ἔοικεν
798 3522 972 3589 οὕτως
996 3524 1167 3597 ἔχειν·
1205 3525 1320 3580 ἀλλ’
1353 3526 1447 3591 ἴθι,
1479 3527 1575 3581 καὶ
1591 3527 1659 3582 τὰ
1680 3527 1843 3582 λοιπὰ

252 3622 460 3693 ιξεξῆς
524 3625 1017 3694 μνημονεύσαντες,
1053 3626 1474 3697 μιμητικώτατα
1521 3628 1840 3699 διέλθωμεν,

254 3704 333 3763 ὧν
361 3710 446 3764 ἔτι
498 3711 719 3766 ἔναυλον
752 3714 1015 3786 ἀκρόασιν
1046 3714 1190 3786 ἔχειν
1225 3734 1314 3787 μοι
1359 3716 1522 3783 δοκῶ,
1552 3719 1682 3789 πρὶν
1717 3721 1845 3773 ἀποο

257 3803 461 3872 πτῆναι
512 3807 608 3858 καὶ
638 3805 916 3875 διαφυγεῖν
937 3826 951 3839 υ
981 3807 1350 3875 εύεξάλειπτοι
1393 3810 1503 3882 γὰρ
1523 3810 1657 3865 νέων
1681 3812 1844 3865 ἀκου-

258 3897 487 3964 σμάτων
524 3898 736 3969 μνῆμαι
772 3899 1061 3969 γερόντων.

330 3985 626 4040 ΕΥΒΟΥΛ.
689 3987 849 4042 Ἀλλὰ
880 3989 1004 4057 λέγε
1036 4007 1051 4020 ·
1079 3989 1283 4045 τούτων
1331 3991 1440 4065 γὰρ
1474 3995 1567 4047 καὶ
1593 3994 1847 4067 ἐληλύθα-

260 4090 361 4145 μεν
388 4074 642 4147 ἀσμένως
665 4079 1021 4151 ἀκουσόμενοι
1048 4079 1155 4134 τῶν
1189 4080 1383 4150 λόγων.

331 4258 536 4311 ΓΡΗΓ.
565 4258 674 4311 Ναι
710 4258 807 4327 μὲν
850 4257 935 4329 δὴ,
965 4257 1217 4330 καθάπερ
1242 4256 1422 4323 εἴπας,
1454 4260 1590 4330 μετὰ
1618 4262 1680 4315 τὸ
1712 4280 1847 4317 κατ·
1869 4252 1885 4269 ’

261 4349 497 4420 αχθῆναι
552 4349 648 4420 τὴν
702 4348 929 4402 Θάλειαν
967 4348 1188 4420 δρόμοις
1225 4352 1562 4421 ἀκυμάντοις
1609 4354 1688 4416 εἰς
1740 4355 1840 4425 τὴν

262 4444 389 4511 γῆν,
436 4446 471 4513 ὴ
525 4441 813 4513 Θεοπάτρα
852 4441 1048 4514 ἑφεξῆς
1090 4442 1455 4509 ἀπολαϐοῦσα,
1513 4446 1715 4521 ἑαυτὴν
1741 4446 1844 4520 ἔφη

262 4538 436 4589 εἰπεῖν
465 4535 611 4589 τάδε.

335 4696 380 4728 ⁷¹
405 4693 438 4749 1
467 4694 591 4750 Cor.
632 4712 728 4763 γυ,
766 4696 860 4755 36.
934 4697 983 4733 "
1009 4696 1141 4752 ibid.
1187 4696 1278 4752 '57.

332 4849 450 4919 (57)
488 4849 603 4924 Τόν
621 4850 850 4921 μέντοι.
890 4852 1075 4907 Allatii
1121 4852 1313 4916 codex,
1343 4855 1459 4924 ipse
1522 4853 1841 4912 istisdimi-

262 4932 454 4994 nutus,
509 4923 615 4976 alia
654 4925 807 4992 ponit
846 4925 1046 4994 quibus
1074 4925 1266 4977 innuat
1293 4922 1411 4978 eain
1446 4925 1841 4993 indulgentiam

260 4991 443 5055 Pauli,
474 5002 537 5045 ut
562 4991 667 5063 qui
694 4991 1262 5049 habethecessitatem
1280 5005 1333 5049 et
1366 4998 1570 5065 patitur
1591 4991 1844 5052 stimulos

263 5078 327 5117 ac
356 5079 503 5135 aegre
539 5064 806 5129 continet,
839 5066 1153 5134 conjugiqu
1191 5064 1485 5129 ineat,fnec
1508 5065 1600 5120 illo
1634 5078 1840 5135 peccet,

262 5135 372 5189 illis
399 5133 671 5188 duntaxat
703 5135 969 5204 prodesse
1010 5133 1102 5207 qui
1151 5152 1209 5196 se
1243 5145 1369 5189 voto
1401 5151 1509 5190 non
1533 5133 1845 5190 obstrinxe-

262 5216 392 5259 runt
428 5206 623 5266 :aliis,
668 5221 769 5259 nec
824 5208 999 5275 ipsam
1058 5209 1439 5261 necessitatem
1499 5207 1843 5262 excusationi

268 5277 408 5339 fore,
447 5292 516 5331 ne
541 5292 643 5346 suo
682 5277 783 5346 ipsi
810 5276 1028 5346 judicio
1047 5277 1394 5332 condemnati
1436 5277 1566 5332 sint.
1610 5277 1850 5331 Αύτοκαι⁶

264 5349 540 5419 τάκριτοι,
570 5344 680 5402 Tit.
701 5344 920 5410 imi“,
944 5348 1054 5419 ipsi
1096 5348 1198 5403 sibi
1223 5356 1689 5419 reatusauctorcs
1712 5364 1725 5411 ;
1750 5348 1847 5418 qui

268 5416 389 5471 non'
439 5420 691 5472 consulta
732 5433 836 5473 sua
866 5416 1047 5473 indole
1080 5428 1133 5472 et
1180 5424 1377 5472 mentis
1411 5418 1527 5487 ipsa
1567 5416 1844 5483 ﬁrmitate,

271 5489 445 5543 levius
484 5497 670 5542 votum
704 5490 957 5560 emisere.
992 5490 1103 5542 Kal.
1144 5487 1248 5560 μὴν
1274 5488 1607 5560 αὐθαιρέτως
1643 5488 1848 5559 κρίνον-

266 5577 356 5613 ται
404 5562 453 5613 οἱ
498 5561 735 5613 τοιοῦτοι
777 5558 927 5629 παρὰ
970 5560 1068 5631 τὴν
1092 5558 1422 5629 ἐπαγγελίαν
1439 5558 1641 5613 αὐτῶν.
1682 5558 1847 5628 Atqui

270 5647 367 5683 sua
401 5631 504 5696 ipsi
527 5633 799 5685 voluntate
845 5631 899 5683 lii
957 5633 1089 5684 tates
1148 5631 1582 5690 condemnamur,
1634 5644 1845 5695 propter

269 5718 425 5754 suum
446 5715 645 5757 totum.
669 5700 823 5756 Velit
874 5702 1039 5770 igitur
1086 5700 1393 5756 Methodius
1427 5705 1563 5765 (sive
1591 5703 1843 5771 quisquis

242 5834 247 5838 δ
271 5789 461 5828 auctor
486 5783 570 5830 est
592 5772 757 5841 hujus
775 5774 933 5841 quasi
958 5772 1171 5837 scholii)
1201 5771 1355 5828 Pauli
1383 5771 1841 5835 dispensationem

1866 3151 1912 3211 C

1932 1864 2177 1920 stadium
2217 1863 2320 1919 hoc
2367 1862 2627 1934 praeclare
2666 1860 3000 1923 decurrenti,
3052 1861 3256 1930 primas
3290 1860 3504 1925 tribuit,

1931 1957 2061 2012 dum
2102 1956 2323 2025 emptis.
2343 1968 2565 2008 manere
2602 1967 2670 2006 ac
2698 1967 2919 2008 servare
2947 1951 3202 2005 hortatur
3236 1951 3381 2020 quod
3414 1968 3505 2018 ge-

1932 2063 2144 2103 nerosae
2180 2045 2380 2100 indolis
2433 2044 2712 2115 proposito
2751 2044 2830 2098 illi
2864 2044 3221 2098 constitutum
3268 2045 3357 2098 sit.
3400 2042 3507 2109 Qui

1933 2142 2076 2197 enim
2115 2146 2313 2210 potest,
2365 2138 2563 2208 inquit,
2608 2137 2889 2207 ambitque
2929 2151 3149 2191 carnem
3191 2150 3348 2190 suam
3392 2150 3509 2188 ser-

1933 2250 2062 2289 vare
2102 2232 2385 2302 virginem,
2436 2230 2631 2285 melius
2686 2228 2843 2295 facit;
2879 2227 2975 2295 qui
3019 2236 3201 2281 autem
3253 2243 3361 2280 non
3406 2245 3506 2297 po-

1933 2331 2064 2387 test,
2110 2323 2352 2392 legitime
2402 2327 2583 2375 autem
2630 2321 2852 2388 nuptias
2898 2317 3022 2381 init,
3055 2331 3157 2370 nec
3196 2332 3255 2369 se
3290 2316 3507 2371 furtivi:

1935 2413 2211 2468 cubilibus
2262 2411 2534 2483 inquinat,
2577 2409 2718 2465 bene
2741 2416 2797 2463 et
2835 2409 2954 2479 ipse
2999 2406 3151 2462 facit.
3197 2405 3396 2462 Verum
3441 2408 3511 2462 de

1935 2506 2023 2561 bis
2046 2506 2314 2559 hactenus
2347 2504 2503 2559 satis.
2645 2561 2650 2565 ,

2011 2598 2204 2653 Sumat
2236 2597 2328 2668 qui
2360 2597 2505 2651 volet
2548 2595 2693 2650 hanc
2724 2594 2791 2649 ad
2824 2592 3141 2649 Corinthios
3178 2592 3330 2648 Pauli
3378 2591 3508 2661 Epi-

1937 2692 2153 2754 stolam,
2187 2696 2241 2744 et
2274 2688 2505 2760 singulis
2542 2684 2661 2755 ejus
2696 2685 2801 2740 loci
2849 2686 3099 2756 partibus
3141 2693 3397 2740 accurate
3427 2688 3513 2740 in-

1939 2787 2165 2857 spectis,
2199 2786 2315 2839 hare
2349 2799 2471 2855 quae
2507 2783 2748 2839 diximus
2785 2782 2950 2838 etiam
2996 2783 3327 2845 consideret,
3380 2781 3515 2833 alia-

1939 2895 2047 2951 que
2067 2880 2190 2934 aliis
2217 2885 2530 2948 componat,
2563 2891 2691 2931 num
2718 2891 2815 2946 per
2849 2877 3033 2931 omnia
3060 2874 3400 2931 consentiant
3431 2880 3512 2924 at-

1896 3008 1899 3013 ς
1937 2988 2045 3045 que
2067 2978 2393 3042 congruant.
2431 2968 2555 3023 Haec
2577 2969 2676 3023 tibi
2704 2982 2802 3037 pro
2827 2968 3037 3024 viribus
3065 2969 3133 3023 de
3163 2964 3510 3030 castimonia,

1940 3080 1973 3120 ο
1997 3065 2179 3129 Arete,
2208 3078 2276 3118 ex
2307 3062 2444 3118 meis
2464 3073 2517 3117 et
2547 3061 2666 3132 ipsa
2696 3060 3007 3116 rationibus
3033 3059 3285 3117 confero.

2013 3246 2265 3303 EUBUL.
2308 3246 2481 3314 Quam
2516 3246 2703 3302 multis
2727 3286 2743 3310 ,
2776 3244 3097 3318 Gregorium
3125 3285 3140 3306 ,
3172 3243 3261 3297 vix
3298 3243 3517 3300 tandem

1944 3343 2124 3405 attigit
2183 3340 2568 3411 prepositum,
2632 3338 3012 3410 longissimum
3076 3352 3300 3393 emensa
3356 3344 3519 3407 atque

1942 3441 2288 3501 transgressa
2320 3431 2542 3500 pelagus
2578 3430 2927 3485 sermonum!

2016 3522 2221 3579 GREG.
2261 3522 2340 3576 ιω
2386 3522 2625 3588 videtur,
2679 3530 2739 3577 ut
2783 3523 2924 3578 dicis
2958 3542 2970 3577 :
3001 3522 3095 3577 sed
3142 3537 3261 3593 age,
3311 3521 3518 3591 reliqua

1944 3621 2108 3675 etiam
2156 3624 2377 3674 servato
2410 3616 2625 3683 ordine,
2669 3623 2724 3670 et
2772 3623 2831 3669 ut
2883 3617 3224 3677 acciderunt,
3275 3616 3521 3683 vestigiis

1945 3707 2321 3780 perorantium
2370 3709 2689 3763 insistentes
2719 3720 3130 3775 percurramus,
3167 3706 3341 3761 donec
3388 3707 3520 3759 mihi

1945 3800 2157 3855 auditio
2186 3799 2279 3855 illa
2312 3801 2367 3854 in
2417 3800 2645 3855 auribus
2675 3799 2993 3869 perstrepit,
3028 3806 3321 3868 antequam
3351 3797 3522 3869 fugiat

1945 3894 2236 3965 avoletque
2262 3913 2275 3949 :
2301 3891 2461 3948 facile
2487 3893 2632 3947 enim
2660 3895 2970 3949 recordatio
3002 3908 3184 3948 rerum
3211 3890 3522 3945 auditarum

1944 4002 2013 4044 ex
2047 3989 2311 4044 memoria
2340 3986 2553 4043 deletur
2580 4003 2793 4043 senum.

2018 4081 2272 4138 EUBUL.
2315 4082 2412 4137 llic
2452 4099 2627 4139 sane:
2656 4081 2849 4135 talium
2882 4080 3029 4136 enim
3070 4093 3386 4135 sermonum
3435 4092 3526 4131 au-

1949 4177 2158 4233 ditores
2196 4178 2381 4249 cupidi
2409 4177 2785 4233 convenimus.

2022 4269 2230 4325 GREG.
2276 4269 2378 4326 Ubi
2433 4286 2597 4341 ergo,
2655 4279 2715 4324 ut
2768 4277 2917 4324 recte
2980 4266 3237 4328 dicebas,
3289 4278 3526 4319 excurso

1950 4364 2249 4433 tranquillo
2298 4362 2533 4433 quodam
2584 4362 2780 4432 prolixi
2821 4361 3092 4416 sermonis
3137 4372 3377 4428 aequore.
3418 4365 3530 4407 ter-

1951 4469 2067 4508 ram
2098 4454 2391 4524 aliquando
2425 4450 2616 4507 Thalia
2644 4453 2819 4507 tenuit
2847 4471 2861 4507 :
2893 4467 3013 4507 eam
3044 4449 3353 4518 Theopatra
3379 4461 3531 4500 CXCV

1874 4524 1918 4580 θ
1947 4542 2135 4618 piens,
2163 4559 2222 4598 se
2271 4545 2325 4599 in
2370 4542 2515 4597 hunc
2546 4542 2766 4597 modum
2800 4542 3039 4597 locutam
3082 4541 3200 4610 ipsa
3234 4535 3526 4592 referebat.

1945 4871 2056 4913 non
2104 4855 2338 4923 tollere;
2386 4858 2521 4924 quin
2576 4854 2843 4922 sacrilega
2889 4852 3144 4924 coniugia
3176 4850 3287 4906 sint
3309 4863 3524 4924 eorum,

1946 4928 2041 4997 qui
2066 4929 2175 4981 voti
2200 4922 2472 4981 castitatis
2496 4925 2596 4987 rei,
2623 4932 2884 4997 praztexta
2911 4922 3152 4997 libidinis
3178 4923 3529 4997 necessitate,

1947 4992 2055 5053 illis
2108 4997 2319 5051 inhiant
2351 5017 2364 5051 :
2397 5003 2457 5050 ut
2506 4992 2818 5051 nec'modo
2848 4994 3005 5046 facile
3028 4992 3404 5062 praesumenda
3438 5000 3529 5045 aut

1946 5068 2218 5124 credenda
2237 5068 2433 5137 iuvare
2461 5082 2523 5122 ea
2553 5065 2887 5137 indulgentia
2910 5065 3005 5137 sit,
3033 5061 3095 5117 ac
3123 5062 3231 5116 nisi
3259 5061 3410 5137 gravi
3433 5063 3529 5116 ad-

1951 5141 2175 5193 modum
2223 5133 2389 5193 causa
2418 5155 2433 5205 ;
2486 5133 2731 5204 cumque
2751 5137 2806 5189 in
2840 5133 3036 5187 litten's
3069 5135 3390 5201 apostolicis
3423 5149 3531 5187 una

1949 5211 2064 5264 haec
2096 5209 2208 5264 fere
2259 5209 2616 5278 exprimatur,
2660 5206 2960 5278 periculum
3007 5205 3203 5278 salutis
3236 5205 3433 5258 animae
3461 5206 3532 5258 ob

1957 5296 2150 5351 graves
2180 5276 2432 5334 stimulos
2460 5276 2675 5339 carnis,
2715 5278 2923 5351 nescio,
2960 5276 3058 5351 qui
3083 5276 3207 5351 illos
3237 5278 3534 5351 sic__gra_ves

1955 5346 2065 5405 non
2123 5355 2348 5419 patitur,
2402 5357 2456 5404 et
2520 5359 2577 5404 ut
2626 5348 3006 5419 necessitatem
3047 5347 3267 5410 habere,
3306 5346 3533 5400 Paulina

1954 5417 2164 5495 phrasi,
2189 5421 2541 5495 intelligatur,
2572 5419 2669 5475 sed
2697 5419 2833 5495 alias
2872 5417 2940 5471 ob
2964 5432 3178 5495 causas,
3221 5427 3351 5495 puta
3380 5433 3534 5495 com-

1954 5488 2099 5546 iiiodi
2166 5488 2510 5561 temporalis,
2570 5499 2665 5544 aut
2728 5492 2893 5544 etiam
2958 5488 3104 5542 tzedii
3166 5488 3536 5561 mollescentis

1954 5562 2144 5625 animi,
2168 5558 2354 5618 secum
2384 5561 2690 5633 dispensari
2730 5563 2886 5632 petit,
2919 5561 3082 5633 etiam
3106 5573 3369 5633 expressa
3398 5558 3535 5613 veri-

1952 5641 2084 5696 tate,
2113 5649 2210 5705 per
2238 5649 2360 5689 eum
2389 5630 2587 5705 stqum
2621 5630 2810 5695 eniriaa,
2858 5646 2886 5685 a
2919 5630 3164 5703 periculo
3206 5632 3404 5687 animae
3453 5639 3533 5683 tu-

1952 5712 2041 5762 tus
2071 5703 2258 5760 haberi
2291 5703 2482 5779 possit.
2513 5703 2801 5761 COIBEFIS.
