3866 6160
338 265 418 325 8"
1262 267 1345 327 ι..
1366 267 1698 326 METHODII
1738 266 1920 324 L’PISC

2031 272 2047 324 Ι
2090 268 2177 323 ΕΤ
2220 264 2580 322 ΜΔΒΤΥΒΞΒ
3525 269 3595 329 £8

759 417 1216 516 ORATIO
1311 425 1475 516 IV.

899 572 1340 632 THEOPATRA.

2548 414 2910 503 ΛΟΓΟΣ
2985 413 3101 505 Δ’.

2618 560 2999 619 ΘΕΟΠΑΤΡΑ.

1065 719 1176 774 Car
1228 719 1269 774 1.
1303 717 1614 775 ιαιιιίαηάω
1649 720 1860 781 virtutis
1889 739 1920 776 η

2031 721 2194 782 :sitas,
2227 718 2314 772 cui
2347 718 2571 786 suppetit
2609 713 2862 786 facultas.

412 833 468 888 Si
495 847 711 904 semper
739 833 956 898 iisdem,
995 852 1032 891 o
1077 837 1340 908 virgines,
1384 839 1632 909 vestigiis
1660 839 1799 894 artis
1831 837 1917 893 di-

339 926 498 980 cendi
534 929 804 998 sapientia
829 929 1083 984 insistere
1105 928 1349 994 deberet,
1383 940 1439 986 et
1471 947 1579 986 una
1611 932 1916 1002 eademque

340 1030 606 1088 perpetuo
628 1020 953 1089 graderetur
984 1021 1095 1085 via,
1133 1023 1247 1076 tieri
1283 1039 1391 1078 non
1425 1031 1610 1092 posset
1637 1024 1769 1094 quin
1796 1038 1915 1078 mo-

341 1110 477 1164 lesta
511 1118 658 1164 esset
689 1111 867 1164 oratio
898 1125 1041 1174 mea,
1091 1112 1222 1166 dum
1257 1113 1366 1168 illis
1409 1113 1478 1169 de
1505 1115 1670 1170 rebus
1704 1130 1917 1171 εει-τηου

338 1202 798 1271 nem-aggredior
827 1217 966 1268 quas
1021 1204 1140 1258 alia:
1164 1204 1276 1274 jam
1325 1205 1559 1261 dicendo
1598 1207 1917 1263 melioribus

339 1303 772 1363 occupaverunt.
819 1296 1089 1362 Quoniam
1137 1311 1269 1372 vero
1321 1313 1554 1352 numero
1601 1299 1918 1369 superiores

341 1392 466 1439 sunt
493 1386 804 1440 orationum
835 1388 934 1443 vize
959 1385 1270 1457 tluxusque,
1302 1390 1660 1446 multifariam
1704 1392 1918 1447 multis-

338 1493 446 1546 que
479 1477 658 1532 modis
687 1477 797 1532 Deo
825 1495 927 1534 nos
963 1479 1180 1534 amante
1200 1481 1270 1544 “,
1295 1495 1417 1551 qua:
1442 1481 1574 1536 mihi
1599 1496 1724 1537 sors
1754 1489 1918 1553 atque

340 1570 503 1633 ratio,
541 1578 600 1624 ut
634 1571 900 1625 occultari
931 1585 995 1625 ac
1021 1570 1277 1640 degeneri
1309 1579 1457 1627 metu
1493 1571 1684 1628 deceat
1713 1575 1918 1630 mussi-

339 1663 491 1716 tare?
521 1661 640 1717 Non
671 1664 817 1718 enim
848 1671 1004 1719 extra
1043 1667 1260 1736 culpam
1287 1673 1373 1721 cst
1411 1665 1664 1737 quisquis
1691 1667 1913 1722 tandem

338 1753 513 1822 gratia
552 1753 833 1822 praeditus,
863 1770 927 1810 ea
963 1772 1085 1826 quin
1115 1757 1375 1826 przeelara
1418 1766 1546 1813 sunt
1584 1759 1916 1814 eucharisti-

339 1846 422 1898 cis
451 1845 801 1902 sermonibus
832 1862 939 1902 non
965 1851 1335 1912 exornaverit,
1367 1857 1421 1905 et
1443 1866 1565 1922 quae
1590 1851 1733 1905 mala
1763 1851 1920 1906 vitio-

340 1952 446 2006 que
473 1937 735 1993 haerentia
768 1955 879 1995 non
910 1941 1216 1998 dimaverit.
1243 1942 1426 2009 Quare
1451 1959 1552 1999 nos
1578 1959 1798 2014 quoque
1817 1960 1920 2015 pro

341 2027 565 2084 modulo
599 2027 900 2096 facultatis,
931 2035 1228 2102 purissime
1261 2037 1534 2091 lucentem
1580 2051 1646 2090 ac
1689 2037 1920 2092 nobilis-

341 2119 538 2172 simam
590 2118 796 2177 Christi
847 2125 1097 2191 stellam,
1157 2126 1544 2181 eastimoniam
1605 2128 1916 2185 laudemus.

340 2209 638 2268 Latissima
671 2215 818 2270 enim
861 2216 977 2272 haec
1011 2225 1097 2274 est
1144 2234 1209 2274 ac
1242 2220 1540 2275 liberaliter
1571 2219 1694 2276 fusa
1745 2219 1922 2290 Spiri-

341 2315 433 2362 tus
462 2306 569 2362 via.
604 2307 761 2364 Unde
791 2309 957 2379 igitur
983 2310 1153 2366 ducto
1177 2311 1358 2376 initio,
1393 2322 1521 2383 apta
1561 2314 1841 2384 possimus
1867 2320 1924 2368 et

340 2411 708 2456 consentanea
724 2401 889 2459 dictis
907 2403 1022 2474 jam
1051 2405 1322 2472 intexere,
1347 2405 1477 2460 hinc
1498 2406 1920 2476 providendum.

2093 837 2156 890 Et
2181 835 2281 906 μὲν
2313 834 2405 887 ἐπὶ
2458 831 2568 884 τῶν
2616 829 2817 894 αὐτῶν,
2870 822 2918 882 ὧ
2960 827 3239 899 παρθένοι,
3289 825 3536 892 διεξόδων
3579 831 3598 874 ~i

2022 927 2186 998 σοφία
2234 925 2334 995 τῆς
2385 923 2608 993 λογικῆς
2670 922 2855 975 ἵστατο
2909 920 3124 991 τέχνης,
3171 918 3264 971 καὶ
3292 917 3390 988 τὴν
3429 920 3601 991 αὐτὴν

2020 1023 2109 1076 ἀεὶ
2153 1016 2500 1089 διεπορεύετο
2539 1014 2746 1086 τρίϐον,
2782 1012 3007 1084 οὐδεμία
3034 1012 3100 1066 ἂν
3127 1013 3338 1083 ὑπῆρχε
3382 1014 3601 1084 μηχανὴ

2018 1115 2115 1169 τοῦ
2153 1115 2254 1167 οὐκ
2295 1109 2632 1174 ἀποκναίειν,
2666 1105 3048 1178 ὲπιχειροῦσαν
3083 1109 3194 1170 τοῖς
3219 1106 3320 1176 ἤδη
3350 1122 3602 1178 προηγω-

2022 1206 2331 1276 νισμένοις·
2383 1203 2432 1256 εί
2477 1202 2534 1255 δὲ
2595 1200 2785 1273 μυρίαι
2835 1199 2931 1271 μὲν
2971 1195 3144 1267 λόγων
3179 1199 3342 1268 ὁρμαὶ
3371 1196 3603 1266 (58)’καὶ
3648 1209 3653 1215 ·

2022 1299 2265 1365 διέξοδοι,
2296 1294 2618 1368 πολυμερῶς
2672 1294 2767 1348 καὶ
2798 1291 3155 1363 πολυτρόπως
3184 1290 3600 1352 ὲπεισπνέοντος
3651 1333 3659 1372 τ

2023 1391 2170 1461 ἡμᾶς
2199 1386 2292 1442 τοῦ
2322 1386 2482 1440 Θεοῦ⁸
2521 1386 2603 1451 τίς
2644 1387 2677 1456 ἡ
2721 1383 3104 1456 ἀποκλήρωσις
3163 1379 3594 1451 ὲγκαλύπτεσθαι
3653 1377 3656 1382 ’

2020 1479 2367 1551 καὶδειλιᾷν;
2407 1479 2523 1531 Οὐκ
2581 1476 2897 1539 ἀνυπαίτιος
2941 1475 3051 1546 γὰρ
3080 1475 3187 1545 ὅτῳ
3211 1474 3430 1545 μέτεστι
3451 1472 3604 1543 χάρι-

2018 1591 2131 1637 τος,
2163 1573 2258 1626 ἐὰν
2283 1571 2353 1626 τὰ
2373 1570 2515 1625 καλά
2562 1569 2637 1642 μὴ
2666 1569 2897 1640 κοσμοίη
2928 1567 3106 1637 λύγοις
3137 1566 3598 1638 εὐχαριστηρίοις,

2021 1668 2115 1720 καὶ
2154 1665 2225 1718 τά
2257 1664 2435 1736 φαῦλα
2489 1663 2564 1735 μὴ
2609 1660 2969 1715 διασκεδάσοι.
2999 1659 3089 1712 Διὸ
3121 1659 3254 1731 φέρε
3291 1658 3384 1712 καὶ
3439 1659 3600 1728 ἡμεῖς

2020 1759 2352 1830 ύμνήσωμεν
2392 1756 2500 1810 τῶν
2530 1756 2888 1827 χαρισμάτων
2915 1751 2975 1806 τὸ
3008 1751 3370 1821 καλλιφεγγὲς
3403 1752 3602 1823 ἄστρον

2021 1854 2116 1907 καὶ
2144 1850 2578 1923 τιμαλφέστατον
2611 1848 2708 1902 τοῦ
2744 1846 3003 1919 Χριστοῦ,
3031 1847 3128 1917 τὴν
3154 1845 3395 1914 ἁγνείαν.
3425 1846 3603 1916 Εὐρυο

2018 1946 2154 2014 τάτη
2179 1944 2289 2017 γὰρ
2316 1945 2350 2015 ἡ
2407 1942 2500 1996 τοῦ
2559 1941 2868 2012 πνεύματος
2922 1940 3062 2008 αὕτη
3086 1941 3179 1993 καὶ
3213 1937 3444 2007 ἄφθονος
3463 1938 3602 2003 ὁδός.

2022 2037 2191 2090 Πόθεν
2239 2032 2332 2089 οὖν
2384 2033 2769 2107 ἀπαρξάμεναι
2812 2033 2898 2103 δὴ,
2948 2030 3225 2104 πρέποντα
3263 2029 3485 2102 δόξομεν
3508 2031 3604 2085 καὶ

2021 2128 2210 2183 εἰκότα
2249 2127 2431 2198 λέγειν
2476 2130 2593 2190 τοῖς
2635 2124 3047 2198 προκειμένοις,
3093 2123 3344 2178 ἐντεῦθεν
3383 2124 3606 2178 ἔπισχε.

2027 2222 2209 2274 πτέον.

484 2547 614 2604 Car.
674 2550 739 2606 Ii.
773 2552 1122 2610 Castimouite
1161 2555 1580 2627 virginitatisque
1628 2556 1938 2627 praesidium
1981 2557 2232 2614 divinitus
2275 2553 2462 2614 datum
2513 2552 2834 2619 hominibus,
2877 2559 2936 2610 ut
2975 2567 3004 2608 e
3041 2553 3289 2609 vitiorum
3321 2565 3466 2607 certe

1836 2641 2124 2701 emergant.

412 2734 526 2808 Ego
552 2751 686 2794 sane
723 2738 883 2810 plane
910 2743 1246 2813 comperisse
1277 2743 1409 2798 mihi
1442 2745 1634 2802 videor
1677 2747 1816 2803 nihil
1845 2749 1919 2805 ita

341 2828 528 2884 eﬂieax
568 2832 849 2888 exstitisse
880 2835 1236 2892 restituendis
1271 2838 1326 2892 in
1369 2839 1685 2910 paradisum
1735 2843 1918 2898 homi-

342 2921 528 2985 nibus,
574 2933 628 2978 et
665 2927 982 2981 mortalitati
1035 2929 1093 2984 in
1143 2930 1612 3003 incorruptionem
1657 2950 1918 3006 reparan-

2108 2729 2250 2820 Ἐγὼ
2298 2748 2409 2820 γάρ
2466 2746 2709 2820 ἀκριϐῶς
2763 2743 3046 2800 αἰσθέσθαι
3081 2759 3171 2816 μοι
3204 2741 3368 2806 δοκῶ,
3397 2739 3607 2813 δτιτξς

2025 2845 2105 2909 είς
2142 2844 2236 2896 τὸν
2297 2841 2626 2915 παράδεισον
2678 2837 3196 2899 ἀποκαταστάσεως,
3243 2835 3339 2887 καὶ
3386 2833 3482 2904 τῆς
3525 2832 3606 2896 ei;

2025 2938 2123 3008 τὴν
2180 2935 2491 3007 ἀφθαρσίαν
2553 2931 2895 3004 μεταϐολῆς,
2955 2929 3049 2983 καὶ
3115 2931 3213 3000 τῆς
3281 2927 3418 2999 πρὸς
3473 2925 3607 2979 Θεδν

342 3014 446 3078 dte,
489 3016 1016 3088 reconciliandisque
1055 3037 1182 3077 cum
1232 3023 1344 3079 Deo
1387 3028 1712 3083 mortalibus
1755 3037 1920 3100 atque

2031 3028 2372 3099 καταλλαγῆς
2398 3027 2546 3080 οὐδὲν
2587 3021 2759 3088 οὕτως
2793 3024 2964 3077 αἴτιον
2997 3021 3124 3074 ἀλλο
3150 3021 3340 3089 γέγονε
3372 3018 3467 3072 καὶ
3496 3034 3606 3071 σω-

344 3109 412 3163 iis
443 3108 685 3163 salutare
719 3108 809 3180 (ad
841 3111 1008 3166 vitam
1039 3114 1252 3170 scilicet
1283 3116 1428 3170 viam
1461 3117 1739 3176 instruens
1767 3136 1917 3176 com-

2031 3125 2207 3195 τήριον
2252 3117 2578 3192 ἀνθρώποις,
2617 3116 2678 3170 τὸ
2719 3114 3100 3204 στρατηγῆσαν
3135 3112 3280 3204 ἡμᾶς
3314 3111 3393 3172 εις
3437 3107 3604 3204 ζωην,

343 3202 730 3273 municnsque)
783 3219 846 3259 ac
889 3207 1224 3263 castitatem.
1272 3207 1387 3264 Cur
1437 3210 1514 3266 ita
1551 3214 1808 3276 sentiam,
1862 3213 1918 3269 in

2031 3209 2101 3276 ὥς
2131 3212 2336 3280 ἁγνεία.
2364 3209 2703 3280 Πειράσομαι
2734 3206 2862 3277 γάρ,
2978 3203 3308 3273 διανοοῦμαι,
3341 3204 3470 3272 περὶ
3490 3199 3610 3253 τού-

343 3297 756 3365 ρταιεοηιίστυηι
802 3313 1075 3369 exponere
1128 3303 1413 3358 conabor:
1458 3312 1517 3358 ut
1565 3307 1826 3362 nimirum
1865 3310 1920 3362 vi

342 3386 474 3442 doni
521 3387 590 3444 de
623 3405 734 3459 quo
776 3391 989 3462 agimus
1045 3394 1192 3449 clare
1221 3395 1426 3462 audita,
1467 3399 1713 3454 omnium
1760 3401 1922 3458 nobis

343 3474 612 3534 bonorum
642 3497 866 3538 causam
911 3487 1192 3543 exstitisse
1241 3487 1373 3542 illud
1421 3489 1758 3562 intelligatis.
1803 3489 1923 3545 Pri-

341 3573 466 3627 dem
495 3574 678 3645 itaque
707 3585 997 3647 postquam
1026 3594 1055 3635 e
1085 3578 1342 3649 paradiso
1367 3581 1578 3651 ejectus
1613 3592 1921 3656 transgres-

343 3665 518 3721 sionis
561 3680 674 3722 sua:
707 3676 859 3723 reatu
892 3670 1074 3732 homo.
1139 3680 1298 3727 terra:
1345 3671 1588 3728 incolatu
1630 3673 1922 3732 damnatus

342 3766 446 3821 est,
480 3760 850 3830 corruptionis
893 3761 1000 3817 late
1037 3760 1217 3818 ﬂuxus
1246 3761 1452 3819 eli‘usus
1493 3772 1598 3830 est,
1631 3766 1924 3822 vehemeno

344 3848 498 3919 tique
530 3853 735 3921 impetu
764 3851 1048 3908 immensis
1083 3855 1388 3910 vorticibus
1422 3856 1641 3912 irruens
1687 3871 1751 3912 ac
1782 3873 1922 3929 pra:-

345 3941 607 4011 cipitans,
637 3957 747 3997 non
774 3945 952 4000 solum
985 3944 1120 4000 foris
1151 3946 1416 4017 quidquid
1454 3947 1720 4004 incideret
1747 3959 1924 4006 trans-

341 4046 563 4088 versum
604 4034 823 4104 agebat,
868 4036 966 4091 sed
1009 4043 1066 4092 et
1093 4037 1206 4108 jam
1250 4039 1402 4096 intus
1433 4041 1766 4111 irrumpens,
1800 4042 1923 4097 ani-

344 4138 465 4180 mas
493 4125 781 4182 obruebat.
830 4126 924 4184 Ha:
966 4144 1094 4185 vero
1126 4130 1331 4200 quibus
1359 4133 1622 4188 continue
1651 4133 1796 4189 istud
1824 4134 1926 4189 ob-

344 4215 635 4284 tunderet,
691 4217 873 4275 surdae
932 4235 998 4276 ac
1048 4229 1214 4277 mutae
1264 4238 1513 4294 pene-que
1563 4225 1806 4280 attonitae
1859 4241 1924 4281 ac

346 4309 498 4364 nullo
541 4326 708 4366 sensu
756 4311 1092 4380 ferebantur,
1129 4316 1379 4386 neglecta
1430 4331 1654 4372 suarum
1701 4317 1922 4373 navium

345 4402 704 4473 regendarum
756 4420 930 4476 cura;
994 4407 1143 4478 quod
1187 4408 1324 4463 nihil
1380 4407 1597 4464 ﬁrmum
1649 4411 1926 4482 lixumque

2022 3320 2130 3358 των
2187 3299 2522 3368 ἐνδείξασθαι
2555 3295 2684 3351 νῦνο
2733 3297 2820 3350 ἵνα
2873 3294 3060 3364 σαφῶς
3109 3291 3207 3364 τὴν
3248 3291 3476 3362 δύναμιν
3508 3287 3604 3344 τοῦ

2023 3393 2422 3468 προειρημένου
2469 3389 2810 3463 χαρίσματος
2858 3386 3190 3450 ἀκούσασαι,
3249 3383 3435 3438 πόσων
3472 3382 3606 3453 ἡμῖν

2024 3485 2355 3561 παρεκτικὸν
2392 3482 2614 3553 ἀγαθῶν
2664 3479 2934 3552 ἐγενήθη,
2980 3477 3178 3548 γνῶτε.
3220 3477 3291 3529 Τὸ
3328 3476 3461 3545 γοῦν
3505 3476 3608 3546 ἀρ-

2029 3584 2205 3652 χαῖον,
2239 3577 2377 3651 μετά
2402 3575 2464 3630 τὸ
2508 3572 2912 3646 μετοικισθῆναι
2946 3571 3035 3625 τὸν
3078 3568 3362 3642 ἄνθρωπον
3411 3567 3607 3637 ἐκϐλη-

2029 3673 2190 3728 θέντα
2218 3670 2304 3725 διά
2348 3667 2446 3740 τὴν
2478 3665 2807 3736 παράϐασιν,
2831 3662 2892 3716 τὸ
2932 3661 3111 3733 ῥεῦμα
3139 3661 3236 3730 τῆς
3279 3657 3484 3728 φθορᾶς
3511 3657 3607 3710 ἐπὶ

2024 3765 2160 3820 πολὺ
2209 3759 2544 3834 προσεχύοη,
2592 3756 2688 3812 καὶ⁵
2747 3755 3046 3829 φερόμενον
3089 3751 3332 3822 σφοδρῶς
3379 3751 3605 3822 συρμοίς

2023 3859 2302 3923 ἐξαισίοις,
2355 3855 2417 3909 ού
2466 3854 2627 3925 μόνον
2680 3849 2879 3919 ἔξωθεν
2924 3849 3174 3910 ἀτάκτως
3221 3843 3503 3917 παρέφερε
3542 3840 3607 3896 τὸ

2024 3947 2455 4021 προστυγχάνον,
2495 3943 2609 3998 ἀλλ’
2659 3942 2760 4014 ἤδη
2794 3939 2890 3994 καὶ
2934 3938 3284 4009 ἐπιχεόμενον
3311 3935 3445 3988 εἵσω
3478 3950 3606 3987 κατ-

2025 4041 2218 4107 ἐκλυζε
2258 4040 2356 4104 τὰς
2410 4037 2607 4110 ψυχάς.
2651 4035 2763 4089 Καὶ
2811 4035 2868 4086 αἱ
2913 4031 2992 4094 δὲ,
3034 4027 3270 4099 συνεχῶς
3309 4027 3468 4080 τοῦτο
3497 4025 3605 4079 πά-

2027 4152 2273 4206 σχουσαι,
2299 4133 2482 4202 κωφαὶ
2513 4132 2608 4184 καὶ
2627 4126 2919 4189 δυσπαθεῖς
2955 4124 3066 4195 (59)
3093 4123 3368 4193 ἐφέροντο,
3409 4119 3606 4192 κυϐερ-

2024 4231 2123 4300 νᾷν
2189 4225 2584 4294 ἀπαλλαγεῖσαι
2654 4219 2725 4274 τὰ
2789 4217 3027 4289 σφέτερα
3084 4213 3300 4283 σκάφη,
3343 4210 3494 4282 παρά
3538 4209 3602 4262 τὸ

2028 4319 2103 4391 μὴ
2128 4318 2270 4389 ἔχειν
2292 4314 2600 4386 ἐφάψασθαι
2649 4309 2862 4382 βεϐαίου
2898 4303 3062 4370 τινὸς.
3087 4306 3151 4358 At
3179 4304 3289 4376 γὰρ
3321 4302 3605 4372 αἰσθήσεις

2024 4412 2120 4482 τῆς
2142 4409 2338 4480 ψυχῆς,
2365 4407 2441 4471 ὡς
2464 4407 2514 4459 oi
2556 4401 2760 4459 τούτων
2803 4402 3010 4472 ἔφασαν
3045 4398 3424 4468 ἐπιστήμονες,
3453 4397 3605 4447 ἐπει-

342 4503 684 4562 occurreret,
723 4498 812 4552 cui
854 4499 1198 4556 adhaererent
1221 4516 1285 4556 ac
1314 4501 1742 4572 applicarentur.
1783 4503 1920 4559 Sen-

2031 4505 2139 4566 55w,
2169 4501 2276 4555 τῶν
2310 4499 2508 4566 ἔξωθεν
2559 4495 3010 4569 προσπιπτόντων
3045 4489 3233 4544 παθῶν
3264 4487 3603 4560 ὴττηθεῐσαι,

345 4604 443 4644 sus
471 4590 618 4644 enim
662 4591 880 4660 animae,
912 4603 973 4648 ut
1005 4594 1198 4648 talium
1235 4611 1418 4652 rerum
1452 4597 1754 4667 peritorum
1798 4612 1927 4652 sen-

344 4684 516 4738 tentia
566 4691 670 4753 est,
709 4696 1001 4759 postquam
1049 4690 1389 4746 irruentibus
1429 4689 1565 4746 foris
1603 4689 1924 4744 libidinibus

343 4779 496 4844 victi,
543 4777 862 4836 inundantis
900 4781 1050 4836 intus
1094 4781 1382 4838 dementiae
1419 4781 1618 4838 ﬂuetus
1661 4781 1922 4852 impetum

343 4869 561 4942 vimque
588 4875 922 4945 exceperint,
956 4873 1140 4930 statim
1174 4889 1205 4929 a
1229 4883 1382 4930 recto
1403 4873 1700 4930 deﬂectunt
1730 4889 1919 4936 cursu,

412 4987 461 5022 ⁷⁸
497 4989 630 5046 Heb.
661 5006 702 5056 ι,
744 4991 799 5047 1.

415 5101 530 5176 (58)
554 5105 760 5174 Λόγων
798 5106 990 5176 ὁρμαί.
1035 5105 1166 5171 Α11.,
1195 5104 1392 5176 τρίὸοι,
1442 5103 1660 5175 aliaque
1695 5101 1929 5176 diverse:

415 5121 530 5176 too)
554 5121 760 5174 Λογων
798 5121 990 5176 ορμαι.
1035 5121 1166 5171 AII.,
1195 5121 1226 5158 τ
1267 5121 1392 5170 ιυοι,
1442 5121 1660 5175 altaque
1695 5121 1924 5158 diversa:

342 5173 621 5247 lectionis,
671 5183 766 5247 ut__
787 5177 1134 5240 ἐπιπνέοντος
1190 5121 1530 5247 Πξθεύματος,
1595 5176 1722 5247 loco
1764 5173 1924 5247 Θεοῦ.

286 5298 288 5301 .
342 5244 479 5299 Illud
519 5247 638 5300 loco
673 5245 767 5298 τοῦ
809 5247 910 5300 οὐκ
950 5247 1301 5309 ἀνυπαίτιοςο
1334 5244 1434 5300 οὐκ
1476 5245 1543 5301 ἂν
1582 5245 1673 5299 ὑπ’
1700 5245 1925 5314 ἀγνοίας

343 5317 681 5387 ὀκνήσαιμεν
726 5316 825 5388 τῆς
880 5317 1122 5389 χάριτος,
1149 5316 1749 5389 ΔνιηὶΙιὶἓᾱιινίιιεξριεί
1798 5315 1925 5389 inde

343 5383 628 5460 mutuatus
659 5383 804 5454 sum,
839 5383 933 5441 καὶ
957 5383 1028 5442 τὰ
1066 5387 1246 5460 φαύλα
1284 5387 1358 5460 μὴ
1385 5386 1749 5460 διασκεδάσαι,
1776 5383 1924 5460 quod

279 5513 287 5525 ,
344 5457 522 5526 ipsum
581 5459 774 5514 deesse
832 5455 1089 5529 poterat.’
1124 5455 1356 5512 Virtuiis
1409 5459 1555 5513 enim
1611 5458 1755 5522 laus,
1795 5455 1923 5509 vitii

343 5529 673 5595 vituperium
693 5542 722 5581 a
757 5545 814 5583 se
841 5545 1026 5583 comes
1052 5536 1156 5584 est.
1185 5531 1475 5584 CouBerts.

417 5594 532 5671 (59)
577 5599 936 5667 Δυσπαθεῖς.
989 5598 1126 5671 Max.
1159 5607 1214 5654 et
1256 5602 1386 5662 All.,
1427 5596 1739 5671 δυσμαθεῖς.
1783 5594 1922 5671 Illud

344 5667 579 5740 primum
637 5671 853 5725 videtur
908 5670 1110 5740 aptius,
1172 5678 1230 5724 ut
1288 5667 1919 5740 stuporemrquemdam

345 5737 545 5798 intentis
567 5743 812 5798 attonitae
851 5737 1030 5806 sonet,
1055 5747 1106 5795 et
1134 5755 1253 5812 qnte
1275 5737 1423 5795 omni
1450 5739 1604 5812 quasi
1633 5737 1798 5794 sensu
1821 5737 1919 5793 de-

2030 4593 2430 4668 προσδὲξωνται
2453 4593 2553 4654 τὰς
2586 4587 2850 4660 ἐπιφοράς
2890 4584 2986 4638 τοῦ
3011 4584 3110 4655 τῆς
3155 4579 3342 4644 ἀνοίας
3374 4577 3598 4632 ἐπικλύο

2032 4707 2223 4752 σαντος
2279 4687 2411 4740 εἴσω
2471 4685 2743 4755 κύματος,
2789 4676 2989 4740 εὐθέως
3032 4675 3128 4746 τῆς
3165 4673 3376 4736 εὐθείας
3428 4671 3600 4744 ὁρμῆς

2031 4780 2402 4852 ἐμποδίζουσι,
2451 4774 2803 4831 ποτωθεῖσαι
2839 4771 2900 4824 τὸ
2940 4771 3047 4823 πᾶν
3081 4767 3249 4838 αὐτῆς
3286 4767 3461 4820 εὖδιον
3511 4781 3602 4818 πο-

2031 4872 2283 4946 ρεύεσθαι
2298 4869 2408 4942 (60)
2424 4869 2562 4922 κατὰ
2578 4865 2736 4935 φύσιν
2754 4863 2930 4926 κύτος.
2942 4860 3102 4914 Ὅθεν
3116 4861 3144 4913 ὁ
3158 4859 3311 4922 Θεὸς,
3333 4858 3606 4929 οιῖκτειρή⁴

2030 5105 2308 5165 stituatur,
2334 5113 2432 5171 per
2464 5096 2699 5171 quianam
2719 5094 2871 5148 vocis
2899 5092 3108 5171 chpai,
3127 5091 3304 5146 surdte
3332 5096 3382 5142 et
3413 5100 3595 5170 muta.

2029 5164 2354 5235 Possinius,
2398 5187 2431 5223 a
2463 5164 2604 5224 ritiis
2648 5166 2918 5234 abreptis,
2964 5164 3112 5234 quod
3155 5176 3279 5218 cum
3327 5164 3598 5230 superiori

2030 5255 2358 5316 voces-ensi!
2393 5255 2500 5294 non
2533 5238 2795 5316 cohaeret;
2821 5237 2900 5290 In.
2926 5301 2969 5316 ῃ
3008 5307 3022 5316 Δ
3159 5298 3172 5316 ν
3411 5295 3452 5316 με

2121 5314 2210 5382 60)
2243 5313 2461 5382 Εὔδιον
2499 5307 2878 5374 πορεύεσθαι.
2910 5301 3090 5382 Ναί..-
3122 5298 3361 5382 εὐήνιον,
3386 5298 3605 5382 sicque

2025 5367 2207 5439 reddit
2233 5381 2517 5436 Possinius
2559 5367 2590 5429 ε’
2609 5385 2665 5428 at
2719 5391 2826 5429 non
2864 5367 3097 5445 quadrat
3126 5367 3444 5445 "anaphora
3473 5381 3601 5420 cum

2025 5435 2360 5517 νὸῐτὲέιύτοξ,
2378 5466 2500 5521 quae
2530 5455 2613 5503 est
2637 5447 2805 5521 siuas,
2829 5435 3120 5521 cdpacitas,
3139 5435 3471 5521 amplitudo;
3494 5449 3604 5521 qua

2029 5514 2415 5594 tranquilla—ae
2440 5523 2561 5594 luce
2613 5515 2942 5594 sutl'usa,_sit
2989 5514 3329 5594 incessuset
3373 5514 3605 5594 itermekx

2033 5584 2226 5650 natura
2253 5613 2266 5649 :
2296 5591 2521 5649 suﬂ‘usis
2560 5603 2690 5660 vero
2728 5584 3001 5660 tenebris,
3046 5589 3281 5660 atraque
3301 5584 3357 5631 in
3381 5593 3448 5634 ea
3479 5589 3606 5648 pro-

2030 5648 2186 5733 cella,
2223 5648 2544 5735 impediatur
2560 5656 2822 5731 quidquid
2841 5651 3108 5725 ejusmodi
3127 5657 3229 5706 est.
3265 5648 3343 5702 In.
