3866 6160
205 285 274 341 89
564 342 573 358 .
1297 280 1683 340 convmuu
1728 281 1783 334 Di

1884 279 1959 334 ΞΜ
2005 275 2370 334 νιιιϐιΝυΜ.
3401 270 3470 326 90

207 420 306 467 σας
351 402 500 474 ἡμᾶς
551 400 770 472 ἔχοντας
814 400 1008 466 οὕτως,
1055 401 1150 456 καὶ
1197 399 1320 455 οὔτε
1379 401 1636 471 ἀνασχεῖν
1661 398 1783 452 οὔτε

1892 396 2245 466 tenebrisque
2276 392 2465 458 obsiti,
2496 406 2715 446 omnem
2746 391 2868 460 ejus
2894 389 3246 458 tranquillum
3276 402 3341 441 ex
3371 401 3472 441 na-

205 494 513 567 ὼδιασφῆλαι
570 493 911 564 δυναμένοις,
954 493 1306 564 κατέπεμψεν
1346 492 1404 560 ἐξ
1453 490 1699 564 οὐρανῶν
1726 492 1785 545 τὸ

203 587 426 659 ἄριστον
462 588 559 640 καὶ
607 585 994 640 εὐκλεέστατον
1043 584 1325 656 βοήθημα,
1375 585 1473 656 τὴν
1526 583 1746 653 ἁγνείαν
1767 600 1780 615 ο

204 681 373 742 ὅπως,
398 678 462 743 ἐξ
475 679 647 749 αὐτῆς
662 679 1028 750 ἀποδήσαντες
1045 677 1199 749 ἡμῶν
1215 680 1284 731 τὰ
1307 677 1555 749 σώματα,
1590 675 1788 730 πλοίων

161 799 164 806 .
202 769 360 840 δίκην
414 771 655 841 γαλήνην
697 769 930 840 ἔχωμεν,
978 770 1330 840 ὁρμισθέντες
1373 769 1500 823 ἄνευ
1542 769 1748 841 φθορᾶς
1771 808 1786 832 ν

171 849 173 852 ί
203 859 388 924 καθὼς
417 861 513 914 καὶ⁸
540 860 600 914 τὸ
629 861 854 931 Πνεῦμα
885 861 944 912 τὸ
974 861 1128 929 ἆγιον
1154 865 1440 933 μαρτυρεῖ.
1481 861 1651 915 Τοῦτο
1679 860 1789 933 γὰρ

203 952 261 1003 ἐν
292 951 574 1022 ἑκατοστῷ
622 950 928 1024 τριακοστῷ
974 952 1118 1024 ἕκτῳ
1153 952 1377 1022 φέρεται
1408 952 1628 1024 ψαλμῷ,
1660 953 1788 1006 ἔνθα

202 1042 373 1112 ὕμνον
421 1045 718 1115 εὐχαριστή
729 1060 841 1116 ριον
866 1043 1282 1114 ἀναπέμπουσιν
1318 1045 1517 1116 ἱλαρῶς
1539 1046 1594 1098 αἱ
1619 1044 1790 1115 ψυχαὶ

201 1134 278 1204 τῷ
328 1135 470 1204 Θεῷ,
502 1137 696 1190 ὁπόσαι
741 1135 805 1207 δὴ
850 1135 1403 1206 παραληφθεῖσαικαὶ
1434 1136 1788 1209 κρατηθεῖσαι

204 1225 600 1296 περιπολοῦσιν
624 1227 725 1299 ήδη
759 1227 898 1298 μετὰ
930 1227 1168 1299 Χριστοῦ
1203 1229 1295 1282 τὸν
1325 1229 1574 1302 οὐρανὸν,
1597 1229 1678 1282 ὅτι
1712 1228 1787 1300 μὴ

202 1317 668 1388 κατεσπάσθησαν
702 1321 808 1374 ὑπὸ
833 1322 941 1374 τῶν
971 1320 1172 1375 ὑλικῶν
1194 1321 1289 1374 καὶ
1315 1319 1645 1391 σωματικῶν
1671 1322 1790 1392 ρευ-

203 1408 413 1478 μάτων.
469 1407 751 1464 Ἐντεῦθεν
803 1411 912 1484 γὰρ
963 1413 1057 1466 καὶ
1103 1413 1197 1466 τὸν
1219 1411 1418 1485 Φαραὼ
1447 1429 1578 1481 φασι
1618 1411 1789 1464 τύπον

200 1500 612 1570 ἀπενέγκασθαι
644 1503 786 1556 κατὰ
806 1502 903 1575 τὴν
943 1504 1218 1574 Αἴγυπτον
1251 1501 1531 1558 διαϐόλουο
1571 1501 1788 1556 ἐπειδὰν

199 1595 269 1648 τὰ
323 1596 423 1666 μὲν
477 1595 682 1667 ἄρρενα
743 1596 976 1666 ἀφειδῶς
1029 1600 1110 1660 είς
1150 1598 1244 1651 τὸν
1286 1597 1530 1667 ποταμὸν
1573 1595 1790 1650 ἐκέλευε

201 1686 524 1755 ῥίπτεσθαι·
562 1687 632 1740 τά
672 1686 729 1741 δὲ
770 1687 938 1759 θήλεα
970 1687 1373 1758 ζωογονεῖσθαι.
1414 1688 1526 1741 Καὶ
1555 1687 1662 1759 γὰρ
1692 1686 1787 1741 καί¹

1891 500 2026 545 turae
2059 488 2392 551 rationibus,
2443 485 2696 541 incessus
2735 482 3033 538 obturbant
3071 495 3137 536 ac
3168 480 3471 549 impediunt

1891 583 2095 638 sinum.
2127 581 2312 649 Quare
2340 579 2508 642 Deus,
2542 578 2720 634 nostri
2752 578 3014 632 misertus
3038 574 3183 645 quod
3213 577 3294 630 sic
3331 573 3470 628 male

1889 675 2238 741 haberemus,
2287 673 2558 743 optimum
2614 687 2646 726 e
2687 669 2846 727 coelis
2905 669 3217 736 eximieque
3259 667 3470 721 clarum

1889 768 2130 832 demisit,
2172 767 2509 830 castitatem,
2547 763 2835 828 auxilium,
2881 771 2943 816 ut
2973 777 3039 816 ex
3080 760 3174 814 illa
3227 759 3471 828 religatis

1889 862 2068 916 instar
2103 860 2328 914 navium
2363 858 2570 914 nostris
2602 855 2949 927 corporibus,
2989 851 3286 922 tranquillo
3317 850 3471 904 frue-

1890 969 2096 1017 remur,
2142 967 2171 1006 a
2213 950 2569 1020 corruptione
2601 949 2874 1003 immunes
2918 947 2974 1001 in
3015 953 3231 1015 portum
3265 941 3474 997 subduo

1890 1045 1988 1107 eti.
2033 1045 2115 1099 uti
2145 1043 2311 1098 etiam
2348 1041 2590 1113 Spiritus
2625 1048 2852 1096 sanctus
2886 1046 3140 1094 testatur.
3180 1035 3294 1090 Hoc
3325 1034 3470 1089 enim

1889 1133 2124 1189 habetur
2154 1133 2208 1188 in
2240 1134 2454 1202 psalmo
2503 1131 2806 1186 centesimo
2838 1129 3122 1183 tricesimo
3152 1133 3328 1188 sexto,
3376 1123 3470 1179 ubi

1889 1224 2086 1278 animae
2115 1223 2362 1277 lmtantes
2393 1221 2810 1292 gratulatorium
2848 1219 3111 1291 hymnum
3144 1215 3469 1277 concinunt,

1888 1327 2231 1384 quaecunque
2278 1311 2408 1366 hinc
2454 1318 2753 1380 assumpta:
2803 1323 2867 1364 ac
2921 1306 3293 1379 apprehensus,
3341 1317 3467 1358 cum

1889 1404 2249 1474 Christojam
2277 1403 2333 1457 in
2370 1402 2512 1456 cmlo
2553 1399 2928 1466 deambulant,
2961 1397 3108 1470 quod
3152 1413 3182 1451 a
3231 1395 3468 1452 terrenis

1889 1499 2281 1570 corporeisque
2306 1495 2608 1550 vorticibus
2635 1495 2862 1550 minime
2887 1493 3128 1562 abreptm
3153 1497 3300 1546 sunt.
3328 1487 3471 1543 Hinc

1888 1593 2034 1648 enim
2065 1592 2228 1646 etiam
2259 1587 2600 1643 Pharaonem
2634 1586 2856 1659 Αἴθῃ)ῑὶ
2889 1598 3206 1658 tyrannum,
3239 1584 3467 1653 liguram

1890 1685 2091 1739 diaboli
2126 1683 2298 1739 fuisse
2327 1683 2500 1746 aiunt,
2542 1682 2762 1752 quando
2791 1693 2974 1735 mares
3011 1678 3228 1749 quidem
3274 1673 3470 1729 immiti

199 1778 230 1832 ὁ
275 1779 540 1844 διάϐολος,
601 1779 902 1851 βασιλεύων
945 1781 1053 1834 ἀπὸ
1105 1780 1272 1853 Ἀδὰμ
1317 1780 1478 1853 μέχρι
1504 1779 1783 1843 Μωΰσέως

1887 1777 2094 1832 saevitia
2123 1776 2353 1845 jubebat
2380 1774 2438 1828 in
2465 1771 2827 1844 proﬂuentem
2857 1771 3043 1841 abjici,
3082 1769 3314 1825 feminas
3336 1782 3469 1822 vero

199 1870 305 1939 τῆς
332 1871 593 1943 μεγάλης·
625 1873 923 1942 Αἰγύπτου,
965 1871 1062 1927 τοῦ
1091 1873 1320 1944 κόσμου,
1352 1872 1423 1926 τὰ
1457 1871 1556 1942 μὲν
1578 1871 1783 1942 ἄρρενα

1888 1869 2097 1927 servari
2123 1869 2192 1924 ⁷⁵.
2228 1867 2321 1923 Sic
2352 1869 2499 1923 enim
2542 1866 2819 1931 diabolus,
2866 1865 2935 1920 ab
2972 1863 3183 1918 Adamo
3219 1861 3287 1915 ad
3316 1859 3469 1930 Moy-

198 1962 297 2014 sui.
351 1963 518 2033 νοητὰ
567 1964 668 2035 τῆς
725 1963 907 2035 ψυχῆς
958 1964 1191 2033 ἔκγονα,
1240 1964 1346 2017 ὑπὸ
1386 1964 1494 2018 τῶν
1537 1963 1782 2035 ρευστῶν

1886 1979 1984 2018 sen
2014 1976 2191 2033 usque
2208 1961 2280 2026 ",
2307 1976 2518 2032 magna:
2545 1960 2711 2030 hujus
2740 1958 2960 2030 Egypti
2995 1956 3205 2030 (mundi
3233 1953 3468 2017 scilicet)

199 2053 618 2126 παραφέρεσθαι
651 2057 743 2110 καὶ
768 2055 1107 2128 ἀναιρεῖσθαι
1136 2043 1333 2111 ἦταθῶν
1359 2055 1596 2128 σπουδὴν
1624 2055 1746 2127 έσχε
1763 2070 1780 2087 ⁸

1885 2053 2174 2123 imperium
2202 2053 2436 2122 regens,
2456 2067 2638 2106 mares
2666 2050 2890 2121 quidem
2938 2064 3003 2103 ac
3039 2046 3316 2118 spiritales
3348 2042 3469 2098 ani-

197 2143 266 2195 τὰ
296 2144 352 2196 δὲ
379 2145 616 2214 σαρκικὰ
647 2146 740 2200 καὶ
756 2147 1057 2218 ἀναίσθητα
1086 2145 1412 2214 αὐξάνεσθαί
1441 2163 1499 2199 τε
1529 2148 1624 2199 καὶ
1651 2146 1783 2216 πλη-

1884 2163 1988 2201 ma:
2023 2145 2185 2209 fetus,
2238 2160 2270 2198 a
2320 2144 2484 2200 ﬂuxis
2527 2144 2814 2199 affectibus
2857 2142 3034 2212 abripi
3073 2147 3238 2211 atque
3283 2136 3469 2194 necari

196 2233 452 2289 θῦνεσθαι
482 2238 748 2308 γλίχεται.

1884 2238 2020 2294 serio
2056 2237 2420 2307 procurabat;
2450 2235 2694 2290 carnalia
2723 2249 2853 2288 vero
2878 2247 3191 2301 sensusque
3220 2227 3469 2300 expertia

1878 2326 2146 2397 germina,
2179 2327 2296 2382 haec
2326 2341 2458 2380 vero
2484 2325 2674 2396 augeri
2710 2338 2775 2378 ac
2802 2321 3164 2394 multiplicari
3186 2321 3392 2393 gliscit.

193 2518 325 2576 δυ’·
363 2517 455 2574 m-
487 2516 820 2590 Επρεηάίιατ
845 2519 1157 2603 Παρὶάὶσιιιιι
1187 2515 1326 2603 ζέίῑεᾷ
1359 2539 1377 2571 ε
1418 2524 1610 2603 Supef_
1635 2520 1871 2603 ﬂumina
1892 2526 2208 2603 Babylonis,
2251 2547 2269 2581 ι
2304 2527 2654 2603 exesor-guno
2678 2545 2705 2582 e
2747 2526 3004 2581 salicibus
3035 2540 3312 2594 suspensa,
3338 2519 3468 2595 quid

915 2593 1162 2646 innuant.
1191 2589 1369 2656 Salix,
1403 2586 1701 2664 symbolum
1733 2586 2034 2671 castitatis:
2059 2586 2266 2654 Salices
2302 2599 2452 2671 aquis
2484 2586 2722 2670 ii'rigua’.

278 2702 442 2758 Ἀλλὰ
475 2702 584 2776 γὰρ
614 2702 701 2756 ἵνα
739 2703 814 2775 μὴ
854 2703 1310 2775 παρεκϐαίνωμεν
1339 2704 1434 2758 τοῦ
1477 2707 1778 2777 προκειμέ-

1963 2711 2160 2767 Verum
2193 2727 2262 2767 ne
2291 2709 2440 2782 quod
2471 2711 2859 2781 proposuimus
2889 2708 3050 2764 nobis
3075 2705 3321 2771 excidat;
3349 2720 3467 2774 age.

191 2813 307 2860 νου,
343 2794 478 2868 φέρε
511 2795 575 2867 δὴ
614 2794 705 2848 τὸν
726 2793 936 2866 ψαλμὸν
972 2793 1367 2866 ἐξηγησώμεθα
1400 2797 1456 2848 ἐν
1485 2798 1642 2867 χερσὶ
1681 2797 1778 2850 λαο

1886 2803 1940 2857 in
1983 2818 2179 2857 manus
2207 2811 2487 2858 sumentes
2519 2801 2814 2871 psalmum,
2869 2801 3048 2871 ipsum
3105 2810 3470 2868 exponamus,

193 2889 388 2943 δοῦσαι
422 2886 634 2953 τοῦτον,
664 2887 724 2940 ὃν
775 2889 832 2939 αἱ
872 2887 1110 2958 καθαραὶ
1148 2889 1244 2940 καὶ
1290 2886 1560 2952 ἀλὼὄητοι
1608 2888 1779 2961 ψυχαὶ

1884 2911 2042 2966 quem
2084 2911 2235 2965 purse
2278 2903 2543 2965 extraque
2593 2909 2810 2949 onmem
2872 2907 3071 2948 noxam
3105 2892 3300 2945 animae
3357 2887 3472 2943 Deo

191 2981 524 3053 προσᾴδουσι
552 2978 628 3051 τῷ
656 2978 774 3048 Θεῷ
796 2995 810 3007 ⁸
859 2977 985 3030 Ἐπί
1017 2975 1136 3031 τῶν
1161 2978 1432 3048 ποταμῶν
1449 3019 1464 3042 ,
1497 2979 1773 3048 λέγουσαι,

1885 2987 2206 3050 concinunt,
2263 2985 2511 3042 dicentes
2543 3003 2556 3040 :
2589 2985 2760 3056 Super
2791 2984 3017 3054 ﬂumina
3047 2981 3336 3053 Babylonis
3358 2981 3473 3035 illic

192 3069 574 3138 Βαϐυλῶνος,
599 3070 730 3124 ἐκεῖ
743 3070 1108 3138 ἐκαθίσαμεν
1139 3070 1237 3122 καὶ
1270 3070 1678 3141 ἐκλαύσαμεν,
1709 3070 1779 3125 ἐν

1884 3082 2116 3138 sedimus
2140 3091 2187 3135 et
2209 3081 2471 3151 ﬂeuimus,
2499 3097 2619 3134 cum
2647 3079 3048 3135 recordaremur
3079 3075 3230 3131 Sion.
3277 3073 3343 3129 In
3381 3091 3472 3130 sa-

191 3165 275 3231 τῷ
325 3162 677 3235 μνησθῆναι
713 3161 872 3232 ἡμᾶς
921 3161 1091 3217 Σιών.
1135 3163 1266 3218 Ἐπὶ
1316 3165 1446 3232 ταῖς
1489 3165 1669 3231 ἱτέαις
1709 3164 1779 3218 ἐν

189 3258 362 3328 μέσῳ
437 3256 629 3324 αὐτῆς
697 3253 1112 3325 ἐκρεμάσαμεν
1173 3257 1245 3311 τὰ
1303 3255 1525 3326 ὄργανα
1577 3252 1775 3327 ἡμῶν-ο

191 3350 403 3422 ὄργανα
460 3349 722 3403 καλοῦσαι
768 3348 954 3417 σαφῶς
992 3349 1060 3402 τὰ
1106 3347 1440 3419 σκηνώματα
1482 3350 1709 3414 ἑαυτῶν,
1743 3349 1779 3404 ἃ

192 3440 582 3514 ἀνεκρέμασαν
617 3440 726 3495 ἀπὸ
769 3440 878 3494 τῶν
916 3442 1236 3513 πεισμάτων
1258 3443 1356 3514 τῆς
1389 3444 1632 3514 ἁγνείας,
1659 3443 1780 3511 ἐξά-

192 3533 396 3604 ψαντες
425 3533 519 3587 τοῦ
549 3532 728 3600 ξύλου,
764 3534 852 3587 ἵνα
889 3534 964 3606 μὴ
1011 3533 1310 3606 δυνηθῶσιν
1354 3535 1778 3608 ὲξαρπασθεῖσαι

192 3626 355 3681 πάλιν
390 3625 778 3698 παραωρῆναι
804 3625 881 3696 τῷ
906 3624 1135 3697 ῥεύματι
1159 3626 1261 3697 τῆς
1289 3627 1576 3699 ἀκρασίας.
1600 3627 1777 3682 Βαϐυ-

191 3717 299 3772 λὼν
334 3718 469 3791 γὰρ,
494 3717 755 3787 τάραχος
790 3718 824 3790 ἢ
866 3721 1170 3790 σύγχυσις
1211 3721 1623 3794 ὲρμηνευομένη
1645 3762 1660 3787 ,
1687 3721 1781 3776 τὸν

193 3812 527 3885 περίρρυτον
563 3811 675 3882 βίον
713 3811 953 3864 δείκνυσι
998 3810 1208 3877 τοῦτον,
1241 3808 1302 3866 οῦ
1344 3817 1402 3866 ὲν
1439 3813 1591 3883 μέσῳ
1619 3811 1782 3866 καθε-

196 3907 418 3969 σθέντες
449 3901 906 3978 περικλυζόμεθα,
933 3901 1052 3956 καθ’
1093 3904 1153 3957 ὂν
1190 3905 1357 3974 ἐσμεν
1388 3904 1446 3957 ὲν
1485 3902 1563 3974 τῷ
1591 3901 1780 3974 κόσμῳ

193 3999 407 4071 χρόνον,
440 3997 553 4051 τῶν
597 3997 858 4068 ποταμῶν
898 3995 998 4067 τῆς
1036 3995 1237 4060 κακίας
1265 3994 1632 4068 ὲφορμὼντων
1669 3995 1777 4049 ἀεί.

193 4093 282 4146 Διὺ
333 4091 432 4144 καὶ
474 4087 743 4161 περιδεεῖς
787 4089 954 4159 ἐσμεν
1001 4087 1096 4140 καὶ
1127 4085 1635 4159 κατολοφυρόμεθα,
1687 4085 1782 4141 καὶ

196 4184 411 4255 βοῶμεν
457 4182 596 4253 μετὰ
620 4178 894 4250 κλαυθμοῦ
923 4179 1060 4250 πρὸς
1090 4179 1182 4232 τὸν
1215 4177 1348 4232 Θεὸν
1369 4218 1383 4242 ,
1409 4179 1497 4232 ἵνα
1535 4179 1611 4251 μὴ
1650 4197 1782 4234 κατ-

193 4273 556 4346 ολισθήσωσιν
596 4271 753 4342 ἡμῶν
800 4268 1214 4341 ἀπορρηχθέντα
1269 4271 1383 4333 τοῖς
1432 4269 1637 4341 κύμασι
1683 4271 1782 4342 τῆς

196 4367 384 4438 eam;
422 4363 534 4417 ἀπὸ
577 4360 673 4416 τοῦ
710 4360 880 4430 φυτοῦ
919 4361 1019 4430 τῆς
1049 4361 1271 4428 ἁγνείας
1311 4360 1380 4414 τὰ
1413 4360 1621 4433 ὄργανα
1646 4361 1778 4433 (6|).

1880 3175 2068 3229 licibus
2105 3175 2159 3228 in
2192 3173 2363 3229 medio
2399 3172 2921 3243 ejus,suspendimus
2952 3187 3156 3241 organa
3194 3178 3378 3223 nostra
3399 3166 3468 3220 ⁷⁷.

1879 3265 2066 3321 Palam
2104 3281 2310 3337 organa
2341 3274 2604 3320 vocantes
2635 3279 2735 3319 sua
2767 3264 3010 3333 ipsarum
3039 3273 3298 3331 corpora,
3347 3273 3471 3328 qua;

1878 3355 2260 3413 erudentibus
2311 3354 2738 3426 suspenderunt,
2789 3354 3076 3423 alligantes
3130 3350 3472 3406 castimoniae

1879 3447 2049 3518 ligno,
2083 3463 2151 3502 ne
2184 3462 2380 3502 rursus
2414 3446 2682 3514 abreptae,
2720 3443 3130 3498 incontinentiae
3153 3440 3302 3495 ﬂuxu
3327 3437 3472 3496 trahi

1881 3541 1935 3594 in
1961 3548 2336 3594 transversum
2365 3544 2609 3609 possent.
2634 3535 2876 3606 Babylon
2924 3535 3106 3596 enim,
3143 3548 3305 3603 quam
3343 3545 3473 3586 tur-

1881 3631 2144 3686 bationem
2211 3646 2308 3686 seu
2390 3629 2753 3699 confusionem
2820 3628 3237 3697 interpreteris,
3301 3627 3470 3683 vitam

1880 3724 2023 3779 hanc
2049 3725 2272 3779 denotat
2308 3723 2468 3794 aquis
2490 3720 2905 3783 circumﬂuam;
2961 3719 3017 3776 in
3066 3719 3226 3788 cujus
3285 3720 3470 3775 medio

1881 3819 2137 3875 sedentes
2161 3816 2599 3878 circumluimur,
2629 3813 2874 3886 quandiu
2907 3812 2960 3868 in
2997 3811 3200 3868 mundo
3223 3811 3327 3868 hoc
3348 3828 3472 3868 ver—

1882 3927 2090 3976 samur,
2123 3909 2347 3965 malitia:
2387 3907 2705 3964 ﬂuminibus
2752 3907 3014 3962 continue
3061 3905 3467 3975 ingruentibus.

1881 4003 2177 4073 Propterea
2227 4003 2391 4058 etiam
2429 4001 2612 4072 pavidi
2667 4015 2859 4058 sumus
2911 4005 2967 4055 et
3029 3997 3466 4068 ingemiscimus,

1883 4104 2048 4165 atque
2076 4094 2144 4150 ad
2170 4094 2337 4150 Deum
2365 4110 2490 4148 cum
2519 4093 2777 4165 lacrymis
2806 4092 3131 4154 clamamus,
3165 4105 3234 4146 ne
3263 4104 3468 4160 organa

1882 4196 2103 4250 nostra,
2161 4184 2458 4256 voluptatis
2515 4183 2775 4239 ﬂuctibus
2820 4182 2890 4237 ab
2945 4183 3142 4236 arbore
3195 4181 3469 4236 castitatis

1883 4278 2094 4341 avulsa,
2121 4278 2275 4346 lapsu
2300 4283 2582 4331 corruant.
2629 4273 2843 4346 Ubique
2873 4275 3018 4328 enim
3051 4287 3224 4329 sacrae
3273 4273 3475 4328 littem

1884 4369 2215 4439 virginitatis
2239 4377 2368 4440 typo
2390 4369 2611 4424 salicem
2641 4375 2966 4433 assumunt;
3011 4365 3158 4438 quod
3206 4365 3469 4419 nimirum

206 4459 293 4513 Ἐν
315 4458 478 4527 τύπῳ
496 4455 606 4528 γὰρ
635 4454 734 4525 τῆς
775 4452 1073 4524 παρθενίας
1101 4452 1376 4524 πανταχοῦ
1412 4453 1780 4526 παραλαμϐά-

1886 4464 1985 4519 ﬂos
2004 4464 2122 4531 ejus
2153 4465 2209 4517 in
2236 4477 2432 4533 aquam
2461 4461 2705 4526 intritus,
2731 4461 2778 4515 si
2811 4460 3053 4523 bibatur,
3084 4457 3349 4530 quidquid
3381 4457 3471 4512 ti-

193 4567 341 4604 νουσι
363 4549 464 4620 τὴν
493 4545 640 4601 ίτέαν
679 4549 733 4600 αἱ
757 4545 898 4600 θεῖαι
923 4543 1162 4617 Γραφαίο
1197 4543 1498 4617 ἐπειδήπερ
1527 4545 1588 4598 τὸ
1621 4545 1781 4609 ἄνθος

192 4644 360 4715 αὐτῆς
387 4645 469 4706 είς
503 4640 649 4712 ὕδωρ
694 4640 1007 4712 ἀποτριϐὲν,
1043 4639 1138 4694 ἐὰν
1181 4637 1357 4709 ποθῇ,
1390 4640 1498 4692 πᾶν
1537 4639 1662 4691 ὅσον
1703 4641 1784 4703 εὶς

191 4741 377 4812 ὀχείας
408 4735 583 4809 ἀναζῇ
610 4721 704 4790 καὶ
730 4735 1070 4808 ὲρεθισμοὺς,
1097 4732 1541 4796 κατασϐέννυσιν,
1574 4731 1686 4784 ἔστ’
1718 4731 1785 4784 ἂν

194 4838 272 4899 είς
298 4833 473 4904 ἄρδην
511 4829 894 4903 ἀποστειρὼσῃ
922 4829 1014 4882 καὶ
1048 4827 1239 4898 ἄγονον
1263 4826 1645 4898 ἀπεργάσηται
1676 4825 1784 4878 πᾶ-

197 4942 295 4981 σαν
319 4926 421 4997 τὴν
446 4923 541 4978 ἐπὶ
567 4920 905 4976 παιδοποιίαν
925 4920 1116 4993 φοράν·
1134 4919 1321 4991 ὥσπερ
1341 4917 1405 4990 δὴ
1428 4917 1521 4972 καὶ
1541 4917 1785 4989 Ὄμηρος

196 5020 433 5088 ἐμήνυσε
457 5014 592 5084 (62),
619 5015 707 5069 δια
730 5012 888 5067 τοῦτο
926 5013 1159 5077 καλέσας
1194 5009 1646 5079 ὠλεσικὰρπους
1685 5009 1785 5072 τὰς

200 5109 364 5172 ίτέας.
405 5107 521 5161 Καὶ
541 5108 602 5160 ὲν
634 5106 831 5177 Ἡσαΐᾳ
859 5105 914 5158 δὲ
941 5109 994 5159 οἱ
1023 5103 1239 5158 δίκαιοι
1261 5103 1346 5169 ὡς
1375 5102 1498 5156 ίτέα
1530 5101 1780 5170 λέγονται

197 5200 368 5268 φύειν
384 5199 487 5252 ἐπὶ
519 5194 858 5265 παραῤῥέον
896 5192 1071 5263 ὕδωρ.
1108 5195 1201 5258 Εἰς
1241 5191 1372 5262 ὕψος
1411 5193 1520 5264 γὰρ
1561 5193 1683 5246 τότε
1719 5190 1783 5244 τὸ

199 5291 292 5363 τῆς
340 5290 645 5362 παρθενίας
681 5287 836 5360 ἔρνος
888 5287 1242 5358 μεγεθύνεται
1285 5283 1527 5357 σφοδρῶς
1571 5301 1630 5338 τε
1687 5283 1784 5338 καὶ

201 5381 487 5454 λαμπρῶς,
515 5382 646 5435 ὅταν
673 5382 703 5434 ὁ
733 5379 939 5443 δίκαιος
966 5380 1059 5433 κα)⁵
1097 5378 1570 5449 ἐγκεχειρισμένος
1597 5381 1783 5450 τηρεῖν

204 5474 370 5548 αὐτὴν
395 5475 490 5528 καὶ
522 5471 874 5547 ἐργάζεσθαι,
909 5475 1023 5537 τοῖς
1053 5472 1382 5542 ἠπιωτάτοις
1418 5470 1511 5524 τοῦ
1546 5471 1784 5542 Χριστοῦ

1885 4557 2185 4611 tillationes
2241 4557 2391 4612 intus
2429 4556 2537 4611 ciet
2601 4570 2666 4610 ac
2705 4555 3037 4626 prurigines,
3089 4553 3404 4624 exstinguat
3447 4569 3464 4610 :

1881 4665 2054 4720 eoque
2090 4664 2266 4718 usque
2315 4649 2480 4714 valet,
2529 4657 2588 4702 ut
2636 4649 2854 4704 steriles
2900 4655 2956 4703 et
2990 4647 3057 4702 ad
3091 4644 3466 4717 generandum

1885 4741 2131 4806 inutiles,
2163 4756 2354 4796 omnes
2387 4741 2442 4796 in
2472 4755 2726 4796 venerem
2767 4749 2952 4795 motus
3003 4746 3254 4810 praestet;
3303 4737 3468 4792 uti'et

1886 4833 2152 4888 Homerus
2195 4833 2478 4896 iudicavit,
2533 4831 2729 4887 salices
2782 4839 3070 4901 pr0pterea
3127 4827 3465 4898 [rugiperdas

1885 4940 2107 4980 vocans.
2149 4925 2204 4977 In
2229 4923 2366 4979 Isaia
2397 4939 2640 4995 quoque,
2681 4921 2829 4976 Justi
2852 4921 3005 4993 quasi
3029 4920 3221 4974 salices
3258 4919 3466 4990 germi—

1885 5031 2013 5069 nare
2043 5015 2320 5077 dicuntur,
2359 5016 2521 5083 juxta
2570 5011 2980 5082 praeter/luentes
3013 5027 3178 5080 aquas
3209 5010 3277 5064 ⁷⁸.
3312 5008 3354 5062 Τ
3363 5026 3467 5063 unc

1882 5109 2026 5162 enim
2063 5109 2169 5163 alte
2191 5108 2367 5178 surgit
2393 5114 2447 5163 et
2489 5106 2664 5177 ample
2697 5105 3056 5174 specioseque
3099 5101 3468 5172 ampliﬁcatur

1882 5198 2210 5269 virginitatis
2261 5199 2464 5262 frutex,
2494 5196 2714 5269 quando
2733 5196 2918 5267 justus
2949 5202 3004 5250 et
3032 5195 3124 5250 cui
3175 5194 3299 5264 ejus
3348 5209 3468 5248 ser-

1883 5291 2074 5346 vandae
2105 5299 2268 5362 atque
2299 5291 2540 5347 colendae
2568 5303 2894 5346 concessum
2924 5302 3133 5343 munus
3149 5297 3252 5349 est,
3285 5286 3461 5340 mitis-

1885 5381 2042 5436 simis
2090 5383 2289 5438 Christi
2325 5383 2574 5438 fontibus
2599 5380 2935 5452 irrigabitur,
2983 5378 3264 5449 sapientia:
3297 5377 3474 5448 guttis

1884 5474 2090 5531 ebrius.
2125 5475 2196 5531 Ut
2225 5476 2369 5532 enim
2402 5475 2540 5531 saiix
2575 5491 2686 5531 non
2736 5473 2845 5531 nisi
2899 5472 3062 5544 aquis
3118 5471 3476 5530 aﬂluentibul

271 5593 318 5625 "
357 5592 534 5649 Exod.
576 5607 637 5657 ι,
680 5591 767 5649 16.
843 5591 892 5626 ’⁸
950 5591 1102 5648 Rom.
1145 5609 1207 5657 ν,
1245 5591 1330 5647 14.
1408 5593 1453 5624 ⁷⁷
1488 5591 1642 5647 Psal.
1683 5608 1783 5649 cxx

1884 5612 1916 5662 ί,
1961 5597 2011 5663 ί,
2050 5599 2104 5652 2.
2182 5600 2227 5631 ⁷⁸
2268 5599 2382 5655 Isa.
2425 5615 2587 5663 xuv,
2630 5599 2683 5654 4.

273 5711 383 5778 (ﬁt)
415 5715 691 5782 Ὄργανα.
735 5708 828 5766 Sic
865 5708 1148 5768 Possinius
1187 5727 1254 5768 ex
1283 5711 1404 5768 cod.
1437 5709 1554 5765 Vat.
1589 5711 1653 5766 At
1684 5713 1777 5767 Αις

211 5777 386 5848 latius,
420 5777 670 5857 σῶματα.
714 5783 1002 5839 Εοιοετιε.

1951 5719 2062 5784 (62)
2099 5721 2348 5789 Ὄμηρος
2377 5717 2663 5788 ἐμήνυσε.
2702 5715 2876 5769 'osua.
2912 5677 2994 5780 ιζ’,
3030 5714 3151 5769 510.
3186 5709 3270 5770 in.
