3866 6160
418 308 479 363 9|
1342 301 1397 356 ὃ.
1444 298 1774 356 METHODH
1819 298 2126 355 EPiSCOPl
2168 298 2256 353 ET
2293 295 2655 353 MARTYRIS

3611 290 3685 346 92

416 429 557 484 viret
597 440 661 481 ac
711 425 934 489 crescit,
987 424 1070 479 sic
1118 423 1292 478 beata:
1334 420 1664 491 virginitatis
1695 435 1760 475 ea
1793 420 1998 475 indoles

2109 420 2308 490 νάμασι
2360 418 2680 490 ἀρδεύεται,
2724 415 2887 487 σοφία
2948 413 3360 484 καταψεκάςων.
3428 411 3526 468 ’ον
3576 390 3691 484 γάρ’

416 527 534 585 est,
566 525 626 572 ut
682 518 857 572 sacris
915 531 1034 570 eam
1098 513 1423 584 impinguari
1458 512 1806 566 sermonibus
1835 520 2000 580 atque

419 609 686 665 doctrinis
733 609 800 663 ad
844 608 1147 662 ﬂorendum
1209 615 1374 674 atque
1427 605 1719 671 vigendum
1774 619 2002 659 necesse

422 702 516 763 sit,
550 715 650 754 nec
692 698 852 752 aliter
901 699 954 751 in
1000 712 1120 751 eam
1168 697 1364 751 molem
1421 696 1841 764 ﬁrmitatemque
1875 711 2001 765 pro-

422 794 596 856 ﬁciat,
631 808 698 846 ex
735 807 843 861 qua
880 805 1040 845 suum
1080 789 1312 859 quisiue
1349 803 1616 858 organum
1668 786 2005 857 suspendere

418 888 612 959 possit.

2100 511 2303 581 τρόπον
2339 508 2400 561 τὸ
2432 508 2645 577 δένδρον
2679 506 2839 558 τοῦτο
2884 505 3201 576 χλοηφορείν
3241 505 3480 573 πέφυκεν
3532 502 3685 556 ῦδατι

2102 603 2198 656 καὶ
2226 600 2542 672 βλαστάνειν
2566 620 2579 631 ·
2613 600 2786 663 οὕτως
2819 598 3069 652 ἐπανθεῖν
3098 598 3186 651 ἀεὶ
3219 598 3313 651 καὶ
3344 595 3686 667 ὲπακμάζεεν

2107 693 2432 765 πιαινομένη
2464 693 2642 762 λόγοις
2685 693 2986 762 πέφυκενὴ
3023 690 3317 762 παρθενία·
3362 690 3448 743 ἵνα
3480 690 3546 759 δὴ
3588 691 3686 745 καὶ

2104 786 2487 859 άνακρεμάσαι
2520 786 2583 839 τὸ
2623 785 2852 856 ὄργανον
2890 787 2985 841 ἀπ’
3024 786 3196 856 αὐτῆς
3237 782 3432 838 ἑαυτοῦ
3463 782 3523 835 δύ
3540 802 3559 838 τ’
3579 783 3687 853 εταί

2106 897 2213 943 τις.

1124 995 1251 1049 CAP.
1287 992 1377 1048 IV.
1423 991 1919 1063 Interpretationem
1946 991 2184 1063 ejusdem
2217 994 2319 1046 loci
2351 994 2683 1063 prosequitur
2723 1003 2927 1048 auctor.

490 1121 547 1176 Si
570 1137 697 1190 ergo
729 1118 950 1172 ﬂumina
981 1116 1276 1188 Babylonis
1303 1114 1482 1170 ﬂuxus
1522 1115 1816 1184 voluptatis
1846 1124 1995 1180 sunt,

418 1226 476 1271 ut
508 1218 783 1284 sapientes
811 1214 1019 1272 volunt,
1049 1210 1450 1264 confundentes
1486 1218 1539 1262 et
1570 1209 1856 1263 turbantes
1879 1209 1999 1263 ani-

416 1327 582 1369 mam,
620 1324 841 1362 necesse
865 1314 949 1359 est
986 1314 1043 1358 ut
1084 1304 1313 1358 castitas
1349 1303 1608 1358 salicibus
1658 1302 1996 1371 designetur,

414 1420 478 1459 ex
539 1417 643 1471 qua
708 1400 1104 1468 suspendentes
1162 1412 1381 1467 sursum
1443 1395 1713 1448 trahimus
1753 1394 1998 1450 libidinis

414 1511 637 1563 organa,
676 1493 953 1562 vergentia
1000 1492 1254 1544 deorsum
1304 1497 1651 1557 mentemque
1696 1487 1986 1561 degravan~

413 1590 523 1652 tia;
554 1603 620 1639 ne
638 1588 777 1639 velut
802 1584 1060 1638 torrentis
1090 1588 1289 1651 impetu
1322 1582 1373 1634 in
1398 1581 1613 1634 cloacas
1644 1579 1998 1649 impudicitia:

413 1690 701 1750 protrusaa,
738 1676 1000 1729 vermium
1031 1676 1202 1729 instar
1233 1673 1299 1727 ad
1332 1672 1514 1727 sanies
1536 1681 1587 1727 et
1612 1681 1800 1742 putres
1840 1672 1996 1728 tabos

2177 1116 2238 1169 Εί
2272 1111 2365 1169 οὖν
2390 1116 2438 1168 oi
2481 1114 2714 1185 ποταμοὶ
2740 1114 2840 1184 τῆς
2874 1111 3189 1176 Βαϐυλῶνος
3210 1110 3275 1166 τὰ
3305 1111 3553 1183 ῥεύματι
3586 1112 3689 1185 τῆς

2106 1207 2440 1279 ἡδυπαθείας
2461 1207 2618 1271 εἰσὶν,
2641 1207 2714 1270 ὡς
2734 1208 2783 1259 οἱ
2808 1207 2958 1276 σοφοί
2982 1222 3131 1274 φασι,
3156 1203 3223 1257 τὰ
3243 1203 3573 1274 συγχύνοντα
3593 1207 3691 1259 καὶ

2104 1301 2444 1371 ταράσσοντα
2460 1299 2555 1371 τὴν
2570 1300 2765 1371 ψυχήν·
2787 1300 3001 1369 ἀνάγκη
3022 1300 3119 1362 τὰς
3144 1297 3289 1361 ἰτέας
3307 1294 3559 1369 εἶναιτὴν
3584 1313 3692 1351 σω-

2106 1394 2400 1465 φροσύνην,
2430 1395 2520 1463 ἀφ’
2541 1389 2608 1465 ἧς
2631 1392 3047 1465 άνακρεμῶντες
3065 1389 3359 1459 άνέλκομεν
3383 1387 3453 1442 τὰ
3480 1389 3693 1461 ὄργανα

2103 1490 2171 1544 τά
2206 1488 2517 1557 παιδογόνα,
2549 1484 2959 1555 ταλαντούμενα
2993 1483 3142 1537 κάτω
3174 1482 3268 1535 καὶ
3308 1480 3559 1552 βρίθοντα
3594 1478 3692 1533 τὸν

2103 1584 2246 1637 νοῦψ
2272 1584 2358 1637 ἵνα
2380 1583 2475 1654 μὴ,
2489 1580 2879 1652 κατενεχθέντα
2896 1580 3021 1649 περὶ
3039 1579 3162 1640 τοὺς
3177 1577 3396 1647 ὀχετοὺς
3411 1576 3509 1646 τῆς
3525 1576 3691 1645 ἀκρα-

2107 1675 2247 1741 σίας,
2270 1675 2563 1746 σκωλήκων
2579 1673 2733 1744 δίκην
2760 1674 2838 1736 είς
2857 1673 2983 1733 τοὺς
3016 1668 3217 1741 ἰχῶρας
3240 1667 3689 1739 ὲγχρίμπτωνται

414 1775 806 1828 adltaarescant.
845 1766 1204 1826 Utilissimum
1237 1782 1380 1820 enim
1412 1776 1464 1819 et
1499 1764 1551 1817 in
1595 1765 1786 1834 primis
1818 1763 1998 1819 ellica-

2109 1769 2197 1821 mi.
2226 1768 2325 1831 τὰς
2364 1768 2685 1839 σηπεδόνας.
2716 1763 3156 1837 Χρησιμωτάτην
3189 1761 3298 1832 γὰρ
3341 1760 3436 1813 καὶ
3465 1758 3690 1814 ἐπίκου-

413 1880 532 1919 cem
593 1864 659 1917 ad
729 1859 1171 1930 consequendam
1237 1859 1702 1927 incorruptfonem
1774 1857 2000 1912 donavit

414 1954 559 2010 Deus
584 1954 979 2024 virginitatem,
1026 1952 1188 2005 iidam
1233 1966 1351 2005 eam
1387 1952 1590 2005 sociam
1642 1951 1885 2012 mittens,
1914 1950 1999 2005 his

413 2049 737 2121 qni'cupide
771 2051 833 2101 ad
867 2047 920 2102 id
957 2047 1127 2101 decus
1153 2047 1399 2115 aspiraut
1437 2065 1449 2098 :
1489 2045 1679 2114 quales
1706 2044 1998 2099 Psalmista

415 2142 729 2200 subindicat
781 2140 1001 2196 nomine
1049 2138 1254 2202 Sionis,
1306 2153 1427 2208 quae
1476 2154 1583 2193 vos
1634 2138 1998 2207 perillustrem

415 2233 761 2295 cbaritatem,
796 2237 853 2286 et
889 2230 1035 2301 quod
1061 2230 1128 2284 de
1160 2231 1249 2283 illa
1285 2230 1599 2283 mandatum
1623 2238 1726 2295 est,
1756 2229 1997 2282 denotat.

417 2326 625 2379 Etenim
646 2324 972 2379 vocabulum
1002 2323 1131 2378 Sion
1165 2323 1211 2378 si
1247 2324 1622 2392 interpreteris
1643 2363 1658 2384 ,
1692 2321 2001 2375 mandatum

411 2414 639 2484 specula:
673 2421 858 2469 sonat.
893 2413 984 2467 Sic
1010 2415 1153 2469 enim
1195 2418 1515 2482 reputamus
1547 2410 1713 2465 etiam
1755 2424 1876 2480 quae
1907 2409 2003 2465 de-

412 2506 542 2564 inde
572 2513 897 2574 sequuntur.

400 2636 407 2642 .
482 2594 627 2663 Quid
677 2596 897 2649 tandem
949 2603 1034 2649 est
1065 2609 1164 2647 cur
1192 2593 1291 2650 abs
1343 2608 1402 2649 se
1432 2594 1767 2664 postulatum
1788 2633 1801 2653 ,
1836 2592 1903 2646 ab
1935 2591 2002 2647 iis

412 2688 505 2761 qui
531 2686 774 2755 captivas
808 2685 1106 2747 duxerunt,
1144 2686 1343 2739 anima:
1377 2684 1675 2749 fateantur,
1727 2692 1787 2738 ut
1827 2685 2003 2738 canti-

414 2794 538 2833 cmn
574 2776 788 2831 Domini
829 2786 1092 2832 canerent
1127 2778 1179 2831 in
1232 2783 1377 2831 terra
1406 2777 1621 2831 aliena?
1661 2775 1866 2847 Nempe
1897 2778 2001 2832 hoc

413 2871 648 2927 dicendo
678 2873 834 2941 plane
857 2871 1076 2936 docent,
1120 2870 1474 2941 Evangelium
1510 2885 1728 2925 sacrum
1772 2886 1895 2925 esse
1938 2887 2002 2926 ac

414 2978 676 3021 arcanum
703 2964 1001 3025 canticum,
1032 2962 1178 3033 quod
1217 2963 1310 3034 qui
1361 2971 1593 3034 peccant
1642 2971 1696 3018 et
1725 2963 2003 3018 fornican-

413 3065 504 3109 tur
531 3056 748 3110 diabolo
782 3061 1010 3108 canunt.
1036 3054 1306 3109 lnsultant
1332 3057 1474 3109 enim
1507 3062 1561 3109 et
1591 3055 1821 3109 tacenda
1849 3070 2002 3109 man-

2107 1879 2200 1933 ρον
2226 1864 2305 1925 είς
2333 1860 2640 1933 ἀφθαρσίας
2671 1860 2863 1930 κτῆσιν
2892 1856 2991 1928 τὴν
3018 1854 3317 1928 παρθενίαν
3346 1855 3375 1907 ό
3397 1853 3527 1916 Θεὸς
3552 1853 3687 1908 toto-

2109 1956 2332 2026 ρήσατο,
2368 1953 2652 2023 σύμμαχον
2688 1949 3012 2012 ἀποστείλας
3044 1951 3155 2011 τοῖς
3185 1945 3568 2019 όρεγνυμένοις
3596 1944 3692 1999 καὶ

2107 2045 2367 2098 ποθοῦσι·
2421 2043 2604 2107 καθὼς
2654 2044 2683 2096 ὁ
2731 2042 2945 2113 ψαλμὸς
2978 2042 3268 2111 ὑφηγεῖται
3311 2028 3410 2110 τὴν
3455 2036 3623 2101 Σιὼν,
3660 2036 3693 2089 δ

2106 2138 2169 2209 δή
2228 2138 2344 2190 ἐστι
2370 2177 2384 2201 ,
2432 2136 2530 2208 τὴν
2585 2134 2902 2206 ἔκλαμπρον
2968 2133 3188 2203 ἀγάπην
3213 2171 3227 2193 ,
3280 2131 3374 2184 καὶ
3418 2130 3517 2200 τὴν
3562 2128 3692 2199 περὶ

2106 2233 2275 2302 αύτῆς
2308 2231 2549 2303 ἐντολήν.
2592 2228 2919 2299 Ἐπειδήπερ
2950 2227 2983 2297 ή
3016 2222 3154 2278 Σιὼν
3186 2221 3405 2290 ἐντολὴ
3431 2219 3694 2288 σκοπιᾶς

2108 2324 2487 2398 ἑρμηνεύεται.
2513 2318 2642 2375 Ὧδε
2676 2319 2784 2393 γὰρ
2825 2315 3274 2387 ἁναλογισώμεθα
3297 2314 3458 2369 πάλιν
3497 2315 3589 2367 καὶ
3622 2313 3695 2368 τὰ

2110 2419 2260 2490 ἑξῆς.

2180 2599 2244 2653 Τί
2273 2600 2471 2670 δήποτε
2494 2596 2881 2669 ὲπηρωτῆσθαι
2911 2594 3021 2666 (65)
3054 2594 3189 2665 πρὸς
3218 2592 3326 2645 τῶν
3355 2590 3696 2663 αἰχμαλωτι-

2110 2692 2250 2747 στῶν
2282 2690 2634 2763 ὁμολογοῦσιν
2665 2691 2720 2744 αί
2751 2689 2938 2759 ψυχαὶ,
2964 2687 3061 2758 τὴν
3094 2686 3237 2757 ᾠδὴν
3267 2686 3360 2739 ἐπὶ
3388 2685 3490 2754 γῆς
3528 2684 3694 2738 ἀλλο-

2106 2783 2263 2857 τρίας
2313 2778 2443 2855 ᾆσαι
2483 2779 2725 2853 Κυρίου;
2757 2780 2829 2832 Ἦ
2867 2778 3083 2841 πάντως
3127 2778 3208 2830 ὅτι
3259 2776 3319 2828 τὸ
3364 2774 3696 2844 Εὑαγγέλιον

2109 2876 2260 2949 ἱεράν
2290 2876 2433 2947 ᾠδὴν
2467 2870 2606 2928 εἶναι
2654 2873 2748 2927 καὶ
2792 2872 3103 2943 ἀπόρρητον
3135 2869 3506 2933 διδάσκουσιν,
3541 2868 3607 2938 ἢν
3640 2869 3695 2921 οἱ

2109 2966 2514 3039 ἁμαρτάνοντες
2547 2965 2642 3019 καὶ
2674 2962 3001 3035 μοιχὼμενοι
3034 2962 3112 3034 τῷ
3145 2960 3365 3033 πονηρῷ
3390 2961 3694 3032 προσᾴδου-

2110 3075 2211 3112 σιν.
2240 3055 2616 3128 Ἐξορχοῦνται
2634 3056 2741 3126 (64)
2762 3055 2870 3125 γάρ
2900 3054 3000 3116 τὰς
3016 3052 3253 3118 ἐντολάς,
3276 3052 3334 3105 τὸ
3358 3052 3567 3123 θέλημα
3583 3052 3696 3104 τῶν

412 3146 539 3200 data
581 3147 837 3214 produnt,
884 3146 1217 3200 voluntatem
1251 3146 1541 3216 implentes
1578 3147 1869 3216 spirituum
1905 3163 1998 3202 ne-

2109 3151 2433 3222 πνευμάτων
2464 3149 2745 3211 τελοῦντες
2772 3150 2869 3219 τῆς
2902 3146 3188 3218 πονηρίας,
3214 3145 3309 3199 καὶ
3343 3144 3592 3215 ῥίπτουσι
3623 3142 3699 3196 τὰ

413 3237 638 3311 quitite;
670 3245 968 3308 sanctaque
991 3238 1288 3308 projiciunt
1322 3239 1573 3300 canibus,
1597 3247 1650 3291 et
1681 3240 2002 3309 margaritas

414 3337 543 3384 ante
571 3345 769 3399 porcos
794 3331 1013 3384 mittunt
1034 3332 1100 3396 τ’,
1135 3331 1278 3384 haud
1309 3346 1334 3385 s
1356 3346 1469 3385 'cus
1494 3346 1559 3384 ac
1591 3331 1671 3385 illi
1704 3330 1771 3386 de
1803 3332 2003 3401 quibus

412 3423 678 3493 propheta
712 3421 1024 3492 indignatus
1049 3423 1126 3476 ait
1162 3441 1173 3476 :
1214 3421 1283 3475 Et
1310 3423 1541 3493 legerunt
1578 3422 1709 3492 foris
1746 3423 1903 3494 legem
1934 3425 1999 3477 ⁸ο.

410 3514 530 3567 l\'on
570 3515 715 3568 enim
755 3515 964 3584 utique,
989 3513 1135 3584 quod
1173 3521 1326 3569 extra
1354 3525 1542 3584 portas
1581 3516 1883 3571 Jerusalem
1911 3524 2003 3571 aut

413 3604 607 3658 domos
641 3620 771 3659 suas
807 3607 1032 3675 egressi,
1058 3605 1232 3675 legem
1260 3603 1433 3659 Judaei
1458 3606 1721 3675 legerent,
1755 3615 2005 3676 propter-

412 3712 476 3751 ea
510 3706 617 3749 tam
651 3696 852 3750 acriter
902 3697 1257 3767 increpantur
1296 3712 1329 3753 a
1368 3698 1631 3767 propheta
1655 3737 1670 3762 ,
1714 3700 2004 3768 gravisque

415 3789 642 3843 sceleris
673 3805 797 3843 reos
830 3791 1152 3859 proclamat,
1214 3790 1309 3845 sed
1343 3790 1489 3859 quod
1536 3790 1790 3844 mandata
1820 3797 2003 3844 trans-

414 3880 729 3951 gredientes
752 3886 806 3933 et
832 3879 889 3933 in
911 3877 1082 3932 Deum
1119 3879 1296 3950 impii,
1339 3879 1546 3932 larvata
1600 3879 1803 3949 pietate
1844 3879 2003 3950 quasi

410 3971 655 4041 religiosi
696 3970 901 4040 Deique
933 3972 1174 4026 cultores
1213 3978 1487 4041 praecepta
1536 3972 1788 4042 legebant
1820 3991 1832 4025 :
1883 3973 2005 4027 ani-

412 4061 518 4114 mis
553 4076 680 4114 vero
703 4076 1047 4130 nequaquam
1075 4061 1456 4125 admittebant,
1482 4077 1578 4132 per
1611 4062 1770 4117 ﬁdem
1821 4078 1883 4118 ea
1918 4079 2003 4118 re-

412 4152 673 4223 tinentes,
708 4152 803 4206 sed
835 4152 1093 4220 operibus
1122 4154 1464 4223 abnegando,
1505 4154 1622 4225 ipsa
1644 4156 2003 4224 respuebant.

414 4240 551 4296 Hinc
572 4245 716 4298 enim
739 4243 1014 4304 canticum
1047 4244 1263 4300 Domini
1291 4254 1517 4301 cantant
1543 4248 1598 4301 in
1624 4255 1775 4304 terra
1803 4249 2003 4314 aliena,

482 4402 527 4434 ⁷⁸
566 4399 762 4455 Matth.
803 4415 912 4466 vti,
953 4400 1007 4457 6.
1115 4402 1163 4433 ⁸⁸
1197 4401 1359 4457 Amos
1398 4419 1469 4469 tv,
1512 4402 1566 4468 5,
1594 4403 1758 4472 juxta
1794 4402 1968 4457 LXX.

2107 3240 2241 3309 ἅγια
2277 3243 2389 3304 τοῖς
2416 3238 2564 3305 κυσὶ,
2593 3238 2838 3301 καὶτοὺς
2865 3238 3210 3309 μαργαρίτας
3243 3235 3554 3308 ἔμπροσθεν
3582 3233 3699 3288 τῶν

2106 3332 2338 3406 χοίρων,
2382 3330 2441 3386 ὃν
2481 3332 2680 3404 τρόπον
2726 3332 2967 3384 κάκεῖνοι
3021 3329 3142 3399 περὶ
3199 3321 3275 3381 ὧν
3327 3330 3356 3380 ὁ
3406 3326 3701 3399 προφήτης

2108 3424 2477 3496 δυσχεραίνων
2536 3423 2700 3496 φησί·
2753 3421 2867 3477 Καὶ
2911 3421 3266 3490 ἀνέγνωσαν
3311 3418 3428 3484 ἔξω
3481 3419 3697 3488 νόμον.

2106 3514 2182 3567 υύ
2214 3513 2323 3586 γὰρ
2350 3514 2432 3568 ὅτι
2470 3512 2579 3567 τῶν
2614 3513 2796 3567 πυλῶν
2831 3511 2936 3576 ἔξω
2966 3512 3066 3582 τῆς
3117 3509 3489 3582 Ἰερουσαλὴμ,
3521 3509 3553 3580 ἢ
3585 3508 3701 3563 τῶν

2103 3605 2290 3658 οἰκιῶν
2333 3605 2696 3674 ἀνεγίνωσκον
2730 3603 2965 3668 ἐξιόντες
3003 3606 3050 3657 οἱ
3094 3604 3336 3658 Ἰουδαῖοι
3384 3603 3474 3655 τὸν
3507 3602 3699 3672 νόμον,

2103 3694 2193 3748 διὰ
2232 3694 2390 3749 τοῦτο
2430 3695 2493 3766 δὴ
2531 3696 2623 3748 καὶ
2649 3698 2677 3748 ό
2712 3697 2995 3768 προφήτης
3038 3695 3273 3766 ἰσχυρῶς
3309 3693 3490 3748 αὐτῶν
3525 3710 3703 3765 κατη-

2104 3790 2258 3861 γορεῖ
2317 3788 2411 3842 καὶ
2463 3788 2797 3852 ὑπευθύνους
2859 3789 3162 3860 ἐγκλήματι
3223 3788 3320 3859 βοᾷ
3375 3787 3696 3857 γεγονέναιδ

2102 3879 2216 3933 ἀλλ’
2246 3880 2327 3933 ὅτι
2367 3880 2767 3952 παρερχόμενοι
2816 3879 2914 3942 τὰς
2949 3879 3169 3943 ἐντολάς
3210 3879 3305 3933 καὶ
3363 3877 3700 3942 ἀσεϐοῦντες

2106 3974 2186 4036 εἰς
2233 3973 2323 4026 τὸν
2355 3972 2522 4036 Θεὸν,
2576 3974 3148 4044 ὲπιμεμορφασμένως
3186 3972 3283 4043 μὲν
3328 3973 3701 4040 ἀνεγίνωσκον

2107 4064 2265 4135 δῆθεν
2302 4064 2377 4129 ὡς
2410 4062 2652 4128 εὐσεϐεῖς
2683 4064 2752 4119 τά
2778 4067 3208 4137 προστάγματα·
3248 4063 3390 4117 κατὰ
3422 4063 3598 4135 ψυχήν
3633 4063 3699 4117 δὲ

2109 4159 2208 4211 οὐκ
2242 4158 2482 4228 ἐδέχοντο
2524 4156 2664 4229 μετὰ
2692 4157 2931 4221 πίστεως
2956 4160 3219 4229 ἴσχοντες,
3256 4156 3372 4210 ἀλλ’
3413 4156 3700 4211 ἀπέπτυον

2111 4249 2293 4324 ἔργοις
2326 4249 2665 4321 ἀρνούμενοι.
2710 4249 2987 4335 Ἐντεῦθεν
3028 4249 3136 4319 γὰρ
3164 4250 3262 4322 τὴν
3295 4249 3434 4321 ᾠδήν
3460 4250 3550 4302 ἐπὶ
3591 4250 3702 4320 τῆς

482 4557 597 4627 (63)
641 4554 1108 4624 Ἐπτιρωτῆσθαι.
1147 4556 1507 4628 Evangelisla:
1536 4558 1739 4628 passim
1771 4572 1832 4612 ea
1858 4573 1992 4613 voce

2109 4557 2311 4626 psalmi,
2337 4556 2463 4619 τοὺς
2488 4556 2549 4628 »0⁸
2585 4555 2692 4628 illis
2727 4557 3026 4628 praeirisse,
3047 4570 3297 4628 quorum
3325 4554 3485 4628 facile
3512 4571 3691 4613 voces

412 4637 663 4686 utuntur,
697 4636 751 4681 et
777 4628 1012 4696 simplici
1039 4630 1267 4698 ἐρωτᾷν,
1318 4629 1509 4683 eodem
1557 4628 1784 4697 rogandi
1824 4644 1992 4683 sensu
2024 4648 2030 4657 ί

411 4708 576 4769 atque
618 4698 867 4766 jubeudi,
910 4714 1017 4752 non
1062 4701 1464 4768 interrogandi;
1505 4699 1598 4767 qui
1638 4710 1783 4753 certe
1810 4700 1996 4755 minus

411 4768 733 4823 commodus
777 4769 880 4822 hoc
930 4768 1049 4821 loco
1088 4777 1172 4823 est
1208 4786 1221 4822 :
1259 4771 1405 4835 unde
1437 4778 1490 4821 et
1520 4786 1584 4823 ex
1620 4769 1847 4823 Hebraeo
1872 4769 1994 4824 red-

411 4841 548 4893 dunt
582 4838 849 4901 moderni,
894 4841 1152 4906 petierunt
1198 4856 1291 4892 nos
1323 4854 1340 4892 :
1370 4841 1556 4902 Allat.,
1606 4858 1661 4894 se
1694 4840 1991 4907 postulatus

413 4910 606 4964 animm
634 4910 887 4978 fatentur.
939 4908 1050 4963 Nec
1094 4910 1250 4963 aliter
1281 4911 1544 4979 Age-llius,
1590 4910 1834 4971 Dnmvis,
1868 4910 1995 4964 Cla-

415 4981 549 5037 rius.
588 4989 643 5033 et
680 4982 766 5032 alii
802 4982 946 5033 docti
977 4998 989 5031 :
1034 4982 1303 5049 velimquc
1335 4978 1409 5032 uti
1444 4978 1602 5033 Joan.
1649 4998 1759 5039 xvr,
1791 4982 1847 5042 2,
1879 4996 1998 5033 tuu-

415 5059 584 5102 tatum
616 5058 720 5113 est,
758 5050 901 5119 quod
948 5061 1156 5105 veteres
1188 5051 1554 5115 reddiderant,
1594 5050 1654 5104 οὗ
1685 5068 1751 5120 με
1783 5052 1994 5121 ἐρωτή-

418 5136 558 5191 σετε,
596 5137 696 5173 non
730 5138 809 5174 me
838 5121 1229 5191 interrugabitis
1256 5120 1573 5191 quidquam;
1604 5138 1706 5174 nun
1738 5120 1823 5175 me
1843 5120 2003 5191 roga-

418 5189 573 5252 bilis;
621 5193 705 5243 hic
746 5208 963 5261 quoque
999 5189 1053 5245 in
1085 5189 1295 5261 psalmo
1328 5202 1650 5255 mutaretur,
1680 5193 1805 5262 quia
1838 5189 1995 5261 roga-

417 5270 599 5315 uerunt
627 5277 719 5314 nos
745 5281 762 5314 .·
795 5262 936 5329 quod
970 5278 1184 5332 rogare,
1219 5264 1274 5315 in
1296 5277 1360 5315 eo
1386 5264 1477 5330 qui
1510 5271 1775 5332 potestate
1811 5264 1993 5332 pollet,

415 5333 705 5400 imperium
760 5341 843 5385 est
902 5348 997 5386 seu
1047 5331 1242 5401 iussio.
1304 5333 1395 5385 Sic
1439 5334 1574 5387 bene
1618 5331 1997 5387 Theodoretus

414 5416 582 5471 verno
618 5401 863 5455 κελεύειν
895 5404 1165 5471 expressit
1200 5422 1211 5455 :
1250 5404 1696 5471 Chrysostmnus,
1746 5404 2000 5457 instanti-

417 5470 512 5527 bus
544 5472 785 5525 bai’baris
805 5480 873 5544 ret,
904 5470 1149 5542 gravibus
1178 5475 1332 5526 minis
1366 5470 1765 5536 inducentibus;
1798 5474 1999 5544 βαρϐά-

419 5559 529 5617 ρων
559 5543 923 5617 ξπικειμὲνων
961 5544 1098 5612 μετὰ
1130 5544 1396 5613 τοσαύτης
1427 5544 1675 5614 ἀπειλῆς,
1710 5544 1850 5597 Bene
1872 5543 2001 5597 ωυ.

420 5612 511 5670 net
562 5612 823 5666 Thesauri
872 5625 1081 5674 aut-tor,
1119 5616 1223 5667 etsi
1269 5612 1524 5682 frequens
1570 5612 1655 5669 eSt
1690 5616 1793 5669 iste
1834 5615 1997 5682 liujus

417 5684 569 5755 γενεῆς
596 5700 724 5737 usus
749 5683 888 5753 apud
916 5686 1299 5755 evangelistas,
1328 5684 1466 5737 haud
1493 5685 1822 5740 credendum
1851 5688 1998 5755 ipsus

421 5750 567 5809 illius
613 5750 863 5810 auctarcs
909 5750 1209 5826 csscfl‘lgo
1262 5767 1463 5824 putem,
1505 5756 1585 5811 vel
1636 5773 1703 5811 cx
1753 5750 1997 5811 locovhuc

2100 4625 2273 4684 ἐμϐρυιὶ
2297 4634 2425 4683 sunt
2453 4626 2543 4679 alii
2572 4625 2830 4697 deinceps
2862 4625 3220 4682 ecclesiastici
3249 4627 3385 4680 viri:
3412 4629 3466 4680 in
3489 4630 3698 4696 quibus

2100 4713 2296 4769 magna
2323 4712 2461 4766 opus
2489 4697 2792 4767 diligentia,
2842 4714 2911 4753 ne
2962 4714 3003 4769 a7
3025 4713 3187 4752 sensu
3220 4699 3432 4769 magnis
3461 4699 3571 4752 illis
3606 4715 3667 4753 se

2100 4768 2346 4822 nioribus
2373 4770 2602 4829 intento,
2631 4783 2727 4837 per
2744 4783 2931 4822 eorum
2958 4768 3218 4837 pbraseos
3239 4768 3529 4831 inscitiam,
3550 4770 3672 4823 exci

2101 4839 2294 4894 damus
2318 4855 2333 4905 ;
2361 4838 2504 4907 quod
2527 4838 2688 4892 etiam
2708 4836 3022 4892 Grecorum
3048 4836 3423 4907 disertissimis
3438 4841 3695 4894 evenisse

2100 4906 2430 4978 quandoque
2457 4907 2809 4977 deprehendi.
2850 4907 3143 4978 Multisque
3175 4909 3207 4977 ἡ
3232 4906 3340 4959 τῶν
3366 4908 3420 4961 0'
3453 4909 3689 4973 ἔκδυσις.

2102 4979 2382 5034 Hebraicze
2415 4979 2630 5032 veritati
2662 4979 2796 5031 nihil
2825 4980 3047 5033 dissona
3081 4990 3384 5048 appareret,
3418 4983 3464 5035 si
3496 4989 3547 5034 ct
3578 4978 3687 5034 lle-

2102 5052 2283 5105 braica
2302 5051 2417 5119 ipsa
2436 5064 2572 5118 pura
2590 5049 2746 5102 nobis
2761 5051 3247 5119 exstarent,qualia
3263 5048 3337 5101 illi
3357 5050 3687 5115 habuerunt,

2101 5129 2156 5177 et
2186 5136 2374 5175 eorum
2414 5135 2512 5173 nos
2543 5121 2646 5189 ipsi
2677 5134 2851 5189 voces,
2878 5122 3033 5189 plene
3076 5134 3412 5187 caperemus.
3443 5120 3688 5175 CDIBEF.

2177 5191 2289 5263 (64)
2337 5188 2769 5259 Ἐξορχόῦνται.
2809 5188 2943 5245 Mal.
2982 5192 3184 5263 elAll.,
3214 5189 3559 5263 Ἐξὲρχονται
3582 5192 3694 5246 τῶν

2104 5261 2354 5324 ἐντολῶν,
2383 5263 2720 5327 egrediuntur
2745 5276 2810 5315 ex
2843 5261 3133 5322 mandatis,
3167 5261 3313 5328 quod
3343 5262 3478 5314 nihil
3508 5264 3691 5316 colla:-

2103 5340 2187 5387 ret
2224 5351 2236 5386 :
2264 5348 2364 5385 nec
2390 5331 2673 5386 Possinius
2706 5340 2951 5385 nostrum
2976 5332 3106 5385 illud
3131 5330 3374 5385 Vaticani
3400 5343 3695 5389 assecutus

2103 5414 2207 5469 est,
2253 5404 2381 5456 dum
2434 5402 2628 5466 reddit,
2685 5402 2995 5455 transiliunt
3023 5401 3179 5456 r'euim
3224 5401 3522 5456 mandata:
3555 5402 3694 5468 imo,

2104 5473 2262 5543 quasi
2293 5472 2368 5526 eis
2398 5472 2677 5537 insultant,
2710 5473 3022 5529 temereilla
3049 5472 3364 5541 divulgant;
3396 5489 3518 5542 qua:
3541 5474 3695 5531 illius

2105 5545 2257 5597 vocis
2283 5550 2412 5597 nota
2443 5543 2770 5613 signilicatio
2804 5552 2887 5597 est
2920 5565 2933 5598 :
2964 5546 3357 5612 conﬁrmatque
3381 5545 3560 5598 verbis
3587 5543 3699 5597 Do~

2106 5615 2325 5669 minicis
2358 5613 2685 5675 Methodius,
2717 5615 2927 5683 quibus
2949 5619 3214 5682 proiicere
3241 5623 3431 5667 sancta
3459 5615 3697 5672 canibus

2108 5686 2480 5810 probilﬁmur,
2528 5695 2618 5739 aut
2662 5696 2713 5738 ut
2751 5687 3073 5756 margaritas
3112 5692 3235 5738 ante
3270 5700 3463 5755 porcos
3505 5687 3696 5741 mitta-

2108 5771 2248 5810 mus.
2340 5792 2363 5810 ι

2107 5771 2248 5811 tuus.
2285 5771 2363 5810 ID».
