3866 6160
189 267 260 325 93
749 268 752 272 ’
1294 268 1428 326 CON
1438 269 1677 327 VlVlL‘M
1719 271 1775 324 1)]

1878 269 1950 324 ΞΜ
2005 268 2365 325 VlRGINUM.
3308 304 3326 321 ο
3397 273 3467 329 98

191 388 482 459 ἀλλοτρίας
508 390 693 461 ᾄδουσι
727 392 935 463 Κυρίου
956 409 968 421 ·
999 393 1373 465 ταπεινότεροι
1401 395 1775 466 περιέλκοντες

1883 386 2140 449 humilius
2167 395 2337 464 legem
2369 393 2739 449 distrahentes
2774 410 2838 449 ac
2873 402 3246 464 exponentes;
3295 403 3469 448 terre-

190 480 284 533 καὶ
353 480 711 553 ἐξηγούμενοι
781 484 873 537 τὸν
929 485 1127 556 νόμον·
1194 485 1467 555 βασιλείαν
1514 487 1776 558 αἰσθητὴν

190 573 627 643 προσδοκῶντες,
661 576 755 629 καὶ
804 578 896 630 ἐπὶ
931 577 1036 648 γῆς
1079 577 1281 648 ταύτης
1326 578 1427 649 τῆς
1472 579 1773 650 ἀλλοτρίας,

190 666 254 735 ἦν
303 667 741 738 παρελεύσεσθαι
789 670 984 738 λόγος,
1037 669 1309 742 τιθέμενοι
1366 672 1466 736 τὰς
1520 672 1770 734 ἐλπίδας·

192 755 317 809 ἔνθα
344 759 395 810 οἱ
431 760 863 829 αἰχμαλωτισταὶ
891 763 1231 828 δελεάζουσιν
1252 764 1489 836 ἡδοναῖς,
1514 764 1777 835 λοχῶντες

194 848 331 918 πρὸς
352 849 594 921 ἀπάτην.

1882 503 2012 541 ιιιιιιι
2040 486 2251 540 scilicet
2285 501 2510 555 regnum
2532 494 2948 554 exspectantes,
2984 499 3219 556 spesque
3249 498 3378 538 suas
3410 483 3460 537 ix

1884 580 2059 632 aliena
2089 578 2192 631 hac
2237 585 2404 641 terra,
2437 592 2598 647 quam
2634 583 2989 631 transituram
3043 577 3205 630 habet
3250 574 3467 631 divinus

1884 686 2064 726 sermo
2101 669 2169 734 ⁸ι,
2227 670 2582 735 collocantes,
2634 669 2727 724 ubi
2777 677 2832 723 et
2881 667 2975 741 qui
3023 668 3365 737 diripuerunt
3402 681 3464 720 at

1882 763 2129 832 captivos
2159 762 2526 825 abduxerunt,
2586 760 2961 832 voluptatibus
3015 759 3277 824 illectant,
3330 757 3459 812 insl-

1885 857 2101 911 diantes
2128 864 2184 909 ut
2205 871 2300 911 eos
2323 857 2616 927 decipiant.

812 970 940 1027 Cu.
971 971 1039 1028 γ.
1079 972 1353 1045 Virginum
1373 974 1541 1042 dotes,
1564 974 1753 1047 quibus
1784 982 1988 1028 ornata:
2016 975 2108 1028 uni
2133 975 2244 1029 viro
2267 972 2582 1029 exhibentur
2611 973 2847 1029 Christo.

272 1091 517 1145 Ἐοίκασι
568 1093 627 1147 δὲ
678 1095 774 1147 καὶ
821 1098 869 1149 οἱ
923 1096 1283 1168 προσᾴδοντες
1339 1098 1399 1151 τὺ
1449 1097 1779 1166 Εὑαγγέλιον

189 1183 447 1255 ἄφροσιν,
480 1186 578 1239 ἐπὶ
602 1187 706 1257 γῆς
742 1187 1025 1261 ἀλλοτρίας
1060 1189 1317 1261 μελῳδεῖν
1349 1191 1448 1259 τὴν
1480 1190 1620 1262 ᾠδὴν
1669 1192 1782 1244 Κυ-

193 1276 338 1348 ρίου,
375 1274 448 1351 ἧς
475 1280 551 1350 μή
597 1282 742 1334 ἐστιν
790 1282 821 1333 ὁ
870 1282 1103 1353 Χριστὸς
1136 1282 1413 1353 γεωργόςο
1452 1282 1567 1335 ἀλλ’
1618 1283 1674 1335 αἱ
1720 1283 1782 1335 τὸ

192 1369 586 1440 καθαρώτατον
632 1373 724 1425 καὶ
770 1373 990 1444 φαιδρὸν
1036 1375 1131 1427 καὶ
1172 1375 1368 1446 ἀμιγὲς
1409 1376 1503 1429 καὶ
1555 1376 1781 1439 εὐλαόὲς

194 1461 293 1513 καὶ
331 1462 608 1533 εὐπρεπὲς
637 1463 736 1534 τῆς
767 1464 1067 1534 παρθενίας
1107 1465 1372 1519 ὑποδῦσαι
1412 1468 1505 1519 καὶ
1539 1467 1780 1536 ἀναλάμ-

191 1552 368 1622 ψασαν.
401 1553 616 1618 καλλος,
650 1556 746 1608 καὶ
780 1560 986 1628 στεῖραι
1028 1560 1124 1611 καὶ
1165 1558 1348 1627 ἄγονοι
1388 1559 1499 1615 τῶν
1539 1560 1776 1629 ρευστῶν

188 1649 291 1701 καὶ
319 1647 583 1716 ἀλγεινῶν
611 1649 919 1721 εὑρεθεῖσαι
963 1651 1171 1719 παθῶν,
1220 1652 1313 1705 ἐπὶ
1344 1654 1448 1722 γῆς
1490 1653 1777 1725 ἀλλοτρίας

193 1741 257 1793 οὐ
296 1739 591 1810 μελῳδοῦσι
621 1741 718 1813 τὴν
747 1742 920 1814 ᾠδήνο
951 1744 1029 1796 ὅτι
1059 1744 1133 1815 μὴ
1159 1745 1412 1817 φέρονται
1437 1744 1534 1808 τὰς
1559 1745 1778 1809 ἐλπίδας

190 1832 347 1903 τῇδε,
384 1834 521 1905 μηδὲ
561 1835 963 1905 προστετήκασι
991 1834 1201 1905 θνητῶν
1224 1837 1492 1906 σωμάτιον
1526 1840 1778 1908 τρυφαῇ,

199 1924 336 1994 μηδὲ
352 1925 624 1988 ταπεινῶς
646 1926 1112 1979 κατασκέπτονται
1133 1926 1224 1979 τὸν
1249 1927 1370 1980 νοῦν
1390 1927 1498 1980 τῶν
1519 1929 1746 1981 ἐντολῶν
1762 1946 1773 1958 ’

196 2016 314 2069 ἀλλ’
338 2012 397 2071 εὖ
447 2017 543 2071 καὶ
567 2018 832 2086 γενναίως
864 2018 1000 2089 μετὰ
1046 2020 1392 2091 φρονήματος
1430 2020 1634 2091 ὑψηλοῦ
1682 2020 1779 2085 τὰς

197 2108 532 2177 ἐπαγγελίας
564 2109 676 2164 ἄνω
704 2109 1058 2182 περιαθροῦσι
1079 2153 1093 2175 ,
1135 2111 1226 2164 τὸν
1265 2112 1515 2183 οὐράνιον
1546 2112 1779 2182 διψῶσαι

197 2200 294 2253 καὶ
328 2199 607 2271 σύμφυτον
635 2201 818 2254 τόπον.
855 2201 1016 2255 Ὅθεν
1048 2202 1322 2272 ἀγάμενος
1366 2201 1548 2256 αὐτῶν
1573 2204 1601 2256 ὁ
1646 2203 1780 2267 Θεὸς

195 2292 267 2345 τὰ
315 2294 675 2363 φρονήματα,
713 2292 832 2364 μεθ’
877 2295 1224 2366 ὁρκωμοσίας
1269 2294 1577 2367 ἐξαιρέτους
1611 2297 1780 2364 ἐπαγ-

195 2380 444 2449 γέλλεται
491 2380 691 2435 διδόναι
731 2381 938 2452 τιμὰς,
985 2384 1043 2435 ὲν
1102 2384 1243 2454 ἀρχῇ
1289 2382 1388 2452 τῆς
1439 2380 1778 2453 εὐφροσύνης

194 2471 624 2542 προανατάσσων
655 2472 752 2526 καὶ
778 2471 1102 2544 καθιδρύων.
1140 2473 1303 2542 Λέγει
1333 2472 1442 2545 γὰρ
1467 2466 1567 2525 ὧδε
1586 2489 1602 2504 ο
1645 2473 1778 2526 Ἐὰν

192 2561 568 2632 ἐπιλάθωμαι
617 2580 734 2617 σου
761 2603 779 2628 ,
837 2562 1235 2634 Ἰερουσαλὴμ
1257 2603 1272 2627 ,
1324 2566 1681 2633 ἐπιλησθείη
1736 2568 1774 2634 ἡ

192 2653 363 2719 δεξιά
380 2672 525 2725 μου.
543 2656 879 2724 Κολληθείη
910 2657 948 2723 ἡ
979 2655 1235 2725 γλῶσσά
1259 2674 1380 2724 μου
1407 2657 1488 2723 τῷ
1521 2655 1777 2727 λάρυγτί

190 2764 328 2816 μου,
358 2747 469 2800 ἐὰν
491 2745 577 2816 μή
612 2762 729 2800 σου
766 2746 1047 2816 μησθῶο
1080 2748 1189 2802 ἐὰν
1222 2749 1307 2818 μὴ
1358 2748 1774 2816 προανατάξω-

191 2858 293 2910 μαι
315 2840 434 2907 τὴν
464 2839 853 2909 Ἰερουσαλὴμ
873 2841 954 2907 ὡς
976 2840 1047 2893 ἐν
1069 2840 1228 2909 ἀρχῇ
1251 2840 1360 2909 τῆς
1387 2843 1774 2911 εὐφροσύνης

192 2950 329 3002 μου.
374 2933 759 3004 Ἰερουσαλὴμ,
788 2933 888 2997 τὰς
920 2935 1214 3005 ἀμιάντους
1243 2935 1413 2999 αὑτὰς
1443 2936 1507 3008 δὴ
1550 2937 1769 3002 ταύτας,

1954 1094 2220 1150 Videntur
2246 1105 2427 1150 autem
2457 1096 2619 1149 etiam
2643 1095 2735 1164 qui
2766 1094 2976 1149 insanis
3004 1092 3353 1161 Evangelium
3377 1105 3471 1145 ao-

1884 1186 2095 1247 cinunt,
2133 1188 2401 1242 modulari
2429 1187 2702 1241 canticum
2729 1186 2942 1242 Doniini
2980 1187 3036 1239 in
3083 1192 3230 1239 terra
3266 1184 3466 1247 aliena,

1884 1281 2044 1350 cujus
2075 1280 2328 1335 Christus
2354 1297 2460 1334 non
2485 1288 2571 1335 est
2594 1280 2788 1333 cultor.
2817 1280 2948 1345 Quae
2970 1293 3100 1334 vero
3122 1280 3336 1340 animae,
3368 1291 3470 1346 pu-

1885 1373 2187 1436 rissimum,
2224 1374 2426 1435 laetum,
2480 1373 2902 1441 impermistum,
2950 1372 3120 1440 pium,
3159 1371 3467 1439 speciosum

1884 1464 2220 1533 virginitatis
2251 1466 2420 1520 decus
2480 1466 2778 1518 induerunt
2830 1465 3058 1533 ejusque
3108 1465 3229 1516 luce
3279 1463 3466 1532 splen-

1884 1556 2135 1625 descunt,
2166 1559 2489 1628 sterilesque
2521 1568 2577 1612 et
2608 1556 2918 1611 infecunda:
2964 1556 3231 1609 iliixarum
3262 1569 3325 1607 ac
3351 1568 3471 1608 mo-

1884 1649 2143 1703 lestarnm
2202 1649 2489 1704 libidinum
2547 1649 2977 1719 passionumque
3028 1648 3259 1701 inventa
3316 1652 3465 1708 sunt,

1884 1743 2157 1796 canticum
2188 1743 2331 1797 haud
2366 1745 2717 1798 modulantur
2760 1741 2815 1795 in
2873 1750 3019 1795 terra
3078 1742 3276 1805 aliena,
3321 1741 3467 1810 quod

1881 1833 2139 1889 nimirum
2171 1852 2278 1891 non
2312 1851 2377 1890 eo
2399 1850 2524 1904 spes
2549 1836 2749 1897 ferunt,
2800 1847 2901 1887 nec
2932 1833 3240 1886 mortalium
3271 1847 3470 1901 corpo-

1880 1947 2003 1985 rum
2035 1929 2354 1984 libidinibus
2387 1928 2756 1988 intabescant,
2794 1941 2896 1981 nec
2948 1925 3211 1980 humilius
3245 1926 3469 1979 manda-

1881 2034 2059 2080 torum
2093 2037 2317 2078 sensum
2341 2022 2615 2076 aestimant
2649 2039 2662 2073 :
2692 2018 2787 2074 sed
2832 2018 2970 2072 bene
3017 2032 3081 2071 ac
3113 2017 3345 2079 fortiter,
3378 2033 3471 2087 ge-

1880 2131 2080 2172 neroso
2103 2115 2435 2183 sublimique
2464 2112 2770 2183 proposito,
2806 2124 3025 2165 sursum
3079 2108 3470 2179 promissiones

1878 2215 2232 2267 contuentur.
2256 2208 2455 2259 emtum
2476 2205 2777 2266 intuentes,
2808 2210 2867 2255 ut
2898 2202 3002 2256 sibi
3031 2210 3215 2271 aptum
3245 2217 3308 2255 ac
3331 2216 3468 2255 con-

1878 2300 2182 2354 naturalem
2228 2298 2432 2352 locum.
2466 2293 2623 2349 Unde
2650 2295 2824 2365 pluris
2853 2293 2996 2348 Deus
3022 2308 3210 2348 carum
3258 2292 3471 2348 nobiles

1878 2407 2075 2447 sensus
2116 2405 2179 2443 ac
2210 2389 2448 2459 cogitata
2481 2386 2710 2450 faciens,
2756 2384 3121 2456 jurejurando
3156 2384 3467 2455 pollicetur,

1878 2484 2115 2539 eximios
2140 2498 2198 2537 se
2246 2481 2356 2535 illis
2402 2480 2640 2534 honores
2699 2494 3118 2543 concessurum,
3166 2479 3220 2531 in
3272 2478 3473 2532 ltetitia':

1876 2577 2055 2647 capite
2084 2576 2266 2646 priore
2299 2574 2407 2628 illis
2437 2573 2738 2627 constituta
2776 2571 2906 2626 sede
2934 2574 3183 2641 locoque.
3217 2570 3469 2625 Sicenim

1878 2670 1953 2722 ait
1983 2666 2029 2699 θ’
2060 2686 2073 2721 :
2105 2665 2166 2720 Si
2200 2665 2394 2720 oblitus
2425 2663 2573 2733 fuero
2607 2663 2703 2727 tui,
2740 2660 3064 2725 Jerusalem,
3097 2659 3346 2713 oblivioni
3374 2660 3470 2713 de-

1878 2768 1964 2813 tur
2008 2759 2227 2813 dextera
2277 2772 2413 2809 mea.
2472 2754 2758 2808 Adliwreat
2818 2753 3003 2822 lingua
3060 2767 3176 2805 mea
3223 2750 3467 2820 faucibus

1875 2851 2025 2914 meis,
2058 2850 2103 2901 si
2126 2864 2229 2901 non
2269 2846 2551 2901 meminero
2578 2845 2654 2897 tui
2682 2857 2701 2895 :
2741 2844 2789 2896 si
2819 2859 2923 2895 non
2958 2858 3279 2912 proposuero
3311 2839 3471 2893 Jeru-

1876 2943 2043 2996 salem
2090 2942 2145 2993 in
2191 2938 2452 3009 principio
2476 2935 2676 2990 (milia:
2702 2951 2851 2988 mete.
2878 2933 3107 2987 Nomine
3134 2930 3465 2991 Jerusalem.

193 3024 268 3087 ὡς
296 3024 456 3095 ἔφην,
486 3025 579 3077 καὶ
612 3026 903 3095 ἀπήμονας
929 3025 1108 3097 ψυχὰς
1131 3024 1270 3080 εἶναι
1307 3026 1502 3095 λέγων,
1549 3030 1772 3094 αἵτινες,

1881 3032 2343 3086 incontaminatas
2399 3031 2532 3086 istas
2573 3044 2713 3099 quas
2743 3027 2857 3081 dixi
2911 3034 2965 3081 et
3017 3042 3175 3081 noxa:
3214 3021 3470 3095 expertes

196 3117 431 3187 ἄτρυγον
476 3116 541 3169 τὸ
584 3116 686 3187 τῆς
751 3117 1051 3189 παρθενίας
1116 3120 1404 3192 αὐστηρῶς
1453 3122 1776 3191 ἀμολύντοις

198 3207 398 3278 χείλεσι
451 3208 800 3279 σπασάμεναι
857 3210 1044 3282 πόμα,
1089 3212 1207 3266 Ἑνὶ
1255 3213 1429 3282 ἀνδρὶ
1478 3215 1777 3283 παρθένον

194 3300 391 3370 ἁγνὴν
430 3299 895 3371 καθαρμόζονται
944 3304 1331 3373 παραστῆσαι
1372 3308 1504 3379 (65)
1546 3310 1778 3377 Χριστῷ

198 3393 314 3445 κατ’
358 3393 588 3463 οὐρανὸν
606 3434 622 3457 ,
676 3394 785 3447 τὸν
828 3394 949 3448 τῶν
1000 3396 1302 3465 ἁμιάντωφ·
1334 3398 1535 3454 ἄθλων
1577 3400 1780 3471 ἀγῶνα

197 3486 506 3556 νικήσασαι.
537 3485 722 3558 Ταύτῃ
755 3488 864 3559 γὰρ
889 3489 983 3542 καὶ
1015 3489 1244 3554 Ἡσαΐας
1275 3493 1304 3546 ὁ
1334 3495 1617 3565 προφήτης
1639 3511 1779 3565 παρ-

199 3579 402 3649 εγγυᾷ⁸
444 3576 723 3642 Φωτίζου,
766 3579 1039 3648 φωτίζου,
1105 3581 1298 3651 λέγων,
1347 3585 1770 3656 Ἰερουσαλήμ·

195 3666 325 3733 ἥκει
352 3668 467 3738 γάρ
500 3683 618 3724 σου
651 3670 716 3723 τὸ
752 3669 900 3739 φῶς.
925 3673 1023 3726 καὶ
1052 3674 1091 3742 ἡ
1129 3674 1279 3739 δόξα
1307 3677 1526 3744 Κυρίου
1562 3677 1662 3730 ἐπὶ
1702 3678 1777 3732 σὲ

193 3760 583 3816 ἀνατέταλκε.
656 3760 840 3818 Ταῦτα
895 3765 954 3819 δὲ
980 3766 1049 3821 τὰ
1092 3768 1484 3840 ἐπαγγέλματα
1506 3772 1657 3842 ’μετά
1680 3773 1778 3844 τὴν

194 3851 552 3919 ἐξανάστασιν
622 3853 733 3926 (66)
794 3856 1373 3933 τελεσιουργηθήσεται
1397 3903 1412 3928 ,
1472 3864 1628 3937 δῆλον
1687 3869 1781 3922 καὶ

250 4012 296 4044 ⁸⁸
336 4011 363 4065 1
408 4012 557 4067 Patr.
595 4028 658 4079 ιι,
699 4014 788 4070 lO.

867 4017 913 4048 ⁸³
952 4014 1105 4070 Psal.
1148 4032 1369 4086 cxxxw,
1408 4020 1460 4085 ὅ,
1504 4021 1557 4076 6.

193 4096 276 4145 ιιι,
318 4084 405 4139 ιι.

261 4201 375 4272 (65)
406 4200 711 4277 Παρᾷένον
737 4203 932 4273 ἁγνὴν
964 4205 1371 4274 παραστῆσαι.
1409 4202 1475 4257 Ut
1507 4206 1767 4277 virginem

195 4282 399 4345 castam
428 4273 755 4339 exbibeatis,
792 4291 885 4329 seu
917 4278 1276 4345 prmsentetis,
1318 4277 1410 4330 uni
1442 4273 1770 4339 viroberi-

195 4352 298 4396 sto.
341 4341 473 4416 Hagc
507 4345 653 4397 enim
706 4354 891 4416 nostra
917 4341 1200 4416 virginum
1243 4348 1642 4415 desponsatio:
1684 4349 1772 4398 hic

194 4421 383 4488 noster
414 4412 683 4488 Sponsus.
701 4415 856 4488 _Male
904 4412 1156 4488 Allatius.
1185 4418 1264 4470 ὲνὶ
1310 4412 1470 4488 ἀνδρ“ι
1496 4416 1769 4486 παρθένῳ,

193 4485 285 4557 ιιιιί
314 4484 426 4537 viro
447 4485 657 4553 virgini.
690 4485 856 4551 Quasi
889 4487 1040 4557 virgo
1070 4488 1161 4541 illa
1186 4504 1350 4557 quam
1388 4484 1649 4541 debemus
1680 4484 1774 4540 cx-

194 4553 407 4626 hibere,
443 4558 515 4608 sit
554 4557 667 4623 ipse
695 4557 948 4611 Christus
968 4553 997 4622 ;’
1026 4574 1134 4612 non
1179 4553 1418 4626 virgines
1463 4558 1543 4610 sic
1578 4557 1653 4609 illi
1687 4573 1775 4610 ex-

191 4623 473 4697 hibendae,
525 4633 584 4677 ut
629 4641 734 4697 una
784 4642 987 4696 sponsa
1029 4630 1120 4681 uni
1164 4623 1299 4681 viro.
1335 4629 1406 4680 Τὸ
1435 4628 1774 4697 παραστῆναι

191 4645 473 4686 niuenuae,
525 4645 584 4677 ιιι
629 4645 734 4678 una
784 4645 987 4696 sponsa
1029 4645 1120 4681 ιιιιι
1164 4645 1299 4681 VII‘O.
1345 4645 1406 4680 10
1435 4645 1649 4697 παραστ
1689 4646 1773 4678 ναι

190 4695 336 4764 quod
373 4695 541 4748 habet
576 4696 829 4758 Allatius,
864 4698 1082 4766 retineri
1116 4699 1279 4751 etiam
1314 4709 1521 4766 posset,
1549 4706 1605 4750 ut
1632 4645 1773 4751 iRcut

191 4766 541 4839 signiﬁcetur
571 4766 729 4839 quasi
759 4768 996 4839 passive.
1033 4765 1205 4821 Paulo
1236 4765 1361 4823 ante
1410 4784 1506 4839 pro
1538 4767 1655 4836 μεθ’
1680 4770 1775 4839 ὁρ-

189 4835 498 4908 κωμοσίας,
528 4848 644 4891 erat
674 4837 730 4889 in
761 4835 841 4892 'eo
873 4837 990 4907 μεθ’
1032 4838 1195 4908 ὅρκου
1233 4835 1426 4908 μόναςῖ
1471 4835 1561 4891 Sic
1584 4835 1777 4892 ludunt

190 4905 434 4975 imperiti
488 4907 728 4961 scribae:
770 4905 1362 4977 uiiscrque'interpres
1399 4916 1505 4971 est,
1533 4909 1627 4977 qui
1671 4909 1776 4964 sibi

192 4984 302 5046 tam
331 4978 543 5046 putidis
576 4988 630 5031 et
688 4986 874 5046 aperte
909 4979 1186 5033 mendosis
1235 4980 1416 5033 fucum
1455 4981 1570 5033 lieri
1608 4980 1772 5036 sinat.

192 5043 311 5125 Ipsa
332 5043 467 5125 'htec
496 5043 755 5125 Methodii
798 5049 1032 5125 violenta
1069 5051 1358 5125 expositio,
1393 5051 1643 5125 nec_eju_s
1684 5067 1777 5105 su-

192 5118 507 5185 perioribus
531 5118 843 5180 cohzrrens;
869 5118 991 5172 cum
1024 5129 1271 5188 spectent
1301 5122 1415 5175 haec
1449 5118 1514 5173 ad
1540 5121 1774 5186 animas,

192 5190 280 5261 sic
323 5189 486 5261 quasi
517 5190 886 5261 captivitatem
924 5189 1192 5258 lugentes.
1221 5208 1329 5245 non
1361 5191 1430 5245 ad
1481 5190 1774 5261 Sponsum,

192 5258 291 5331 qui
315 5260 562 5329 virgines
587 5260 814 5329 reliquis
845 5261 899 5312 in
930 5262 1143 5315 caelesti
1172 5263 1295 5315 aula
1326 5258 1649 5331 przelaturus
1680 5262 1774 5323 sit,

195 5329 334 5382 etin
383 5332 565 5401 capite
595 5331 783 5402 gaudii
826 5339 882 5385 et
923 5332 1161 5385 convivii
1211 5329 1602 5388 collucaturus.
1631 5332 1779 5387 Cou-

195 5412 362 5458 mis.

264 5472 383 5541 (66)
425 5473 592 5525 Μετὰ
628 5471 750 5539 τὴν
778 5471 1210 5536 ἐξανάστασιν.
1244 5470 1407 5526 Juxta
1439 5472 1573 5526 illud
1621 5470 1777 5526 Pauli

200 5536 440 5614 Pbil._in,
464 5543 522 5614 ll
555 5560 571 5597 :
606 5542 675 5595 Εἰ
691 5536 819 5606 οπως
837 5544 1160 5614 καταντήσω
1189 5544 1268 5606 είς
1297 5543 1650 5609 ἐξανάστασιν
1672 5541 1778 5594 τῶν

201 5612 429 5676 νεκρῶν.
461 5611 598 5678 Quae
625 5628 739 5667 non
770 5623 855 5669 est
903 5611 1136 5683 simplex
1168 5616 1502 5668 resurrectio
1538 5630 1602 5666 ac
1633 5629 1778 5666 mor-

201 5686 306 5736 tuis
347 5686 610 5739 omnibus
659 5685 996 5749 communis,
1036 5685 1133 5741 sed
1190 5685 1465 5754 virginum
1528 5685 1772 5754 prapria,

198 5764 289 5813 κῖλ
324 5755 736 5825 praecipitarunt
782 5764 1121 5825 sanctorum,
1154 5757 1245 5826 qui
1281 5756 1361 5811 sic
1399 5764 1691 5826 exsurgunt.
1721 5767 1777 5809 ut

1634 4022 1683 4055 ⁸³
1715 4020 1777 4075 II
1818 4021 1941 4077 Cor.
1984 4037 2041 4090 ιι,
2081 4021 2134 4075 2.
2212 4022 2258 4055 ⁵⁴
2280 4018 2405 4088 Sap.
2439 4034 2513 4085 tv,
2542 4019 2601 4076 2.
2674 4018 2719 4050 ⁸⁸
2755 4014 2872 4072 Isa.
2912 4030 3001 4081 ιι,
3045 4016 3095 4071 1.

1883 3125 2179 3195 designans
2221 3124 2454 3187 animas,
2502 3136 2624 3191 quae
2663 3128 2885 3174 austero
2930 3118 3260 3187 virginitatis
3315 3131 3466 3169 mero

1883 3218 2184 3288 impollutis
2213 3217 2408 3271 hausto
2442 3216 2602 3269 labiis
2625 3253 2638 3277 ,
2666 3214 2758 3266 uni
2788 3213 2897 3267 viro
2929 3218 3185 3282 aptantur
3216 3209 3468 3279 rirginem

1883 3319 2088 3363 castam
2119 3310 2172 3363 in
2194 3310 2333 3365 caalo
2355 3307 2594 3362 exhibere
2616 3306 2832 3361 Christo
2854 3305 2922 3369 ⁸³,
2951 3304 3468 3373 incoinquinatorum

1885 3402 2234 3456 certaminum
2254 3401 2473 3467 prwmio
2530 3407 2807 3453 coronatae
2839 3397 2902 3451 “.
2942 3394 3079 3448 llinc
3125 3394 3267 3448 enim
3296 3392 3467 3448 Isaias

1883 3492 2149 3566 propheta
2194 3492 2479 3547 denuntiat
2514 3510 2527 3545 :
2565 3490 2902 3552 Illuminare,
2935 3488 3263 3551 illuminare,
3301 3484 3463 3539 Jeru-

1885 3586 2071 3648 salem,
2095 3585 2219 3654 quia
2243 3586 2381 3637 venit
2406 3584 2580 3636 lumen
2611 3592 2779 3647 tuum,
2805 3588 2853 3634 et
2883 3580 3056 3650 gloria
3075 3578 3285 3632 Domini
3312 3594 3467 3646 suprr

1886 3687 1934 3731 te
1965 3687 2082 3731 orta
2113 3686 2191 3731 est
2214 3676 2279 3728 ⁸⁵.
2313 3675 2437 3729 Haec
2460 3689 2625 3745 porro
2655 3674 2926 3744 promissa
2956 3680 3078 3743 post
3107 3673 3467 3727 resurrectio-

1885 3785 2010 3825 nem
2036 3770 2308 3840 implenda
2338 3770 2406 3834 ⁸⁸,
2429 3769 2606 3825 cuivis
2632 3776 2797 3840 patet.
2826 3767 3013 3838 Neque
3028 3767 3171 3823 enim
3190 3765 3465 3821 deludat-zu

1890 3865 1982 3921 illo
2021 3864 2302 3936 oppidulo,
2334 3864 2497 3918 toties
2524 3863 2828 3927 nominato,
2859 3860 3096 3932 Spiritus
3133 3868 3357 3914 sanctus
3386 3859 3465 3912 lo-

3174 4015 3223 4046 εισ
3262 4012 3458 4083 Philip.

1876 4204 2096 4274 Christo
2126 4203 2341 4274 obviam
2358 4211 2486 4258 eant
2517 4202 2572 4257 in
2596 4218 2742 4268 aera,
2776 4203 2935 4274 eique
2965 4210 3277 4273 assurgant,
3303 4203 3460 4272 juxta

1877 4278 2041 4329 verba
2076 4273 2229 4327 Pauli
2259 4273 2276 4326 ι
2305 4273 2499 4328 Thess.
2530 4290 2603 4336 Iv,
2638 4276 2724 4328 H.
2759 4273 2942 4344 Longa
2977 4276 3063 4328 hic
3094 4274 3461 4344 disputatione

1880 4345 1987 4399 Leo
2012 4345 2248 4398 Allatins
2278 4344 2536 4399 Methodii
2563 4355 2795 4399 mentem
2831 4346 3077 4401 discutit.
3103 4347 3187 4398 An
3223 4348 3460 4400 senserit

1880 4432 1987 4469 non
2020 4416 2287 4486 potituras
2310 4416 2519 4468 animas
2547 4415 2703 4469 beata
2735 4416 2922 4485 requie
2955 4424 3080 4469 ante
3113 4432 3457 4469 communem

1880 4487 2361 4547 resurrectionem,
2397 4501 2459 4539 ac
2482 4502 2606 4539 cum
2638 4487 2713 4540 ita
2744 4487 2809 4540 ad
2846 4487 3127 4541 Christum
3171 4502 3460 4541 assumen-

1880 4565 1969 4610 tur
2017 4557 2239 4626 praemia
2288 4556 2627 4610 redditurum
2665 4575 2676 4609 :
2715 4558 3046 4626 exponitque
3108 4557 3348 4611 locutum
3389 4557 3458 4611 de

1879 4628 1997 4694 ipso
2028 4627 2267 4691 homine,
2304 4642 2412 4679 non
2464 4627 2531 4681 de
2561 4627 2871 4690 animabus,
2918 4643 3042 4680 cum
3083 4643 3177 4680 eas
3214 4632 3326 4694 jam
3361 4644 3455 4681 suc

1879 4698 2063 4767 purius
2102 4697 2156 4750 in
2188 4696 2344 4751 coclis
2375 4713 2497 4767 cum
2532 4694 2753 4751 Christo
2783 4699 2991 4752 versari
3040 4696 3308 4752 docuerit.
3347 4698 3455 4752 Sed

1878 4766 2006 4821 num
2031 4769 2234 4822 versari
2264 4782 2387 4820 cum
2411 4766 2653 4830 Christo,
2686 4771 2801 4836 ipsa
2847 4768 2984 4822 visio
3013 4768 3167 4822 beata
3198 4770 3454 4836 antiquu-

1878 4854 1998 4891 rum
2028 4840 2212 4907 phrasi
2256 4837 2445 4908 luerit,
2483 4839 2750 4908 plenaque
2792 4854 2857 4892 ac
2903 4839 3094 4891 ultima
3134 4847 3454 4907 exspectata

1879 4909 2135 4969 felicitas,
2178 4907 2266 4961 cui
2299 4923 2465 4962 unum
2498 4909 2640 4978 desit
2664 4907 3142 4978 "complementum
3171 4910 3451 4978 corporis.

1880 4988 1939 5032 ut
1976 4989 2124 5034 totus
2155 4978 2269 5048 ipse
2319 4979 2481 5032 homo
2538 4977 2729 5032 beatus
2764 4977 3000 5042 dicatur,
3048 4995 3111 5032 ac
3165 4977 3290 5033 Deo
3311 4981 3450 5043 frui,

1880 5066 1987 5103 non
2018 5052 2241 5119 perinde
2271 5058 2516 5117 apertum
2536 5057 2619 5102 est
2653 5068 2664 5103 :
2700 5050 2934 5117 primum
2957 5049 3101 5103 enim
3137 5050 3222 5103 vix
3248 5058 3332 5104 est
3359 5052 3451 5119 qui

1881 5131 2072 5189 neget;
2098 5136 2219 5174 cum
2251 5120 2479 5172 alterum
2518 5134 2623 5171 non
2674 5120 2829 5188 pauci
2866 5120 3200 5182 inlicientur,
3228 5136 3328 5175 nec
3357 5120 3455 5175 de-

1881 5194 1988 5246 sint
2035 5192 2151 5244 loca
2180 5205 2300 5258 quae
2330 5190 2533 5261 l'avcrcr
2557 5189 2860 5261 videantur,
2893 5206 2959 5244 ex
2988 5191 3187 5260 quibus
3211 5190 3304 5244 illa
3335 5194 3454 5261 opi-

1879 5263 2103 5331 nionum
2144 5272 2268 5313 nata
2301 5260 2652 5329 perplexitas,
2689 5260 2863 5314 donec
2892 5276 2986 5329 per
3019 5262 3202 5316 sedem
3231 5260 3453 5331 aposto-

1882 5331 2040 5385 licam
2068 5330 2250 5401 decisa
2297 5331 2526 5398 quaestio
2556 5341 2658 5394 cst,
2707 5341 2929 5401 rataque
2961 5333 3139 5387 habita
3170 5330 3375 5388 decisio
3400 5335 3454 5388 in

1881 5402 2115 5459 concilio
2136 5400 2584 5461 Florentino,etsi
2618 5417 2717 5455 nec
2739 5407 2897 5456 modo
2933 5405 3115 5472 plures
3139 5402 3454 5459 Graecorum

1881 5472 1947 5527 de
1967 5472 2269 5525 animorum
2291 5479 2434 5524 statu
2461 5479 2585 5525 ante
2609 5472 2875 5541 judicium
2900 5484 3046 5527 recte
3076 5475 3332 5529 sentiant.
3357 5476 3453 5539 Τὸ,

1881 5546 1945 5595 ἐκ
1977 5542 2194 5613 μέφυς,
2229 5556 2294 5595 ex
2337 5550 2507 5609 parte,
2564 5544 2707 5610 quod
2757 5547 2981 5613 exponit
3026 5545 3133 5599 Lco
3176 5546 3339 5599 Allat.
3386 5545 3456 5599 ab

1881 5614 2087 5668 homine
2120 5629 2223 5666 non
2264 5614 2487 5682 integro,
2524 5629 2643 5665 cum
2688 5614 2784 5666 illa
2829 5616 3042 5676 fruatur
3073 5617 3281 5668 animus
3309 5616 3463 5670 solus

1883 5702 1914 5738 ιι
1959 5700 2172 5751 corpore
2213 5684 2512 5750 seju..ctus,
2553 5685 2734 5738 nullus
2777 5684 2973 5737 adduci
3018 5701 3241 5754 possunt
3285 5700 3341 5740 ut
3389 5704 3460 5740 ex

1883 5765 2061 5811 mente
2096 5753 2351 5810 Metltodit
2379 5755 2708 5822 existimem,
2732 5770 2855 5809 cum
2879 5754 2944 5807 δι’
2964 5753 3298 5825 αἰνιγμάτων
3332 5757 3460 5810 ἱιιιν-
