3866 6160
433 340 503 394 95
1377 335 1434 389 S.
1479 334 1808 392 METHODH
1849 335 2160 391 EP.SCOP1
2197 335 2285 390 ΕΤ
2327 336 2690 395 MARTYRIS
3639 342 3707 394 9⁸1

432 460 644 531 quitur,
683 462 777 519 sed
809 461 879 520 de
919 463 1132 520 caelesti
1174 461 1364 535 utique
1393 463 1484 517 illa
1513 472 1566 518 et
1594 464 1754 519 beata
1794 463 2001 518 Jerusa-

2121 465 2298 518 παντί.
2317 465 2391 518 Οὐ
2417 465 2525 538 γὰρ
2556 465 2804 537 περὶτῆς
2822 463 3260 538 πολυθρυλλήτου
3282 464 3422 519 κατά
3450 463 3706 518 Ἰουδαίαν
3765 543 3768 546 φ

433 554 574 618 lem,
602 568 766 626 quam
813 556 930 612 vult
976 555 1206 628 inteiligi
1251 571 1374 612 esse
1425 555 1733 610 animarum
1789 565 2001 624 emtum,

2122 555 2380 628 πολίχνης
2413 556 2524 626 (67)
2549 557 2609 610 τὸ
2665 555 2893 628 Πνεῦμα
2921 556 2982 610 τὸ
3013 557 3168 626 ἅγιον
3194 556 3528 629 χρησμῳδεῖ,
3557 557 3693 610 ἀλλα

433 661 598 716 quem
628 647 728 704 abs
759 664 820 705 se
854 649 1031 720 primo
1052 650 1243 706 ordine
1270 647 1632 702 constitutum
1675 647 1742 703 iri
1778 648 1834 703 in
1863 647 2015 719 prin-

431 739 577 809 cipio
609 740 808 796 laetitia:
833 757 1100 798 novorum
1153 741 1501 805 saeculorum,
1536 741 1824 798 manifeste
1870 740 2016 798 Deus

433 832 724 902 pollicetur
755 853 770 889 :
805 835 899 904 qui
924 849 1119 904 nempe
1147 832 1542 889 candidissimo
1584 842 1878 890 exornatas
1902 835 2016 890 vir-

431 926 676 996 ginitatis
732 929 960 993 mundo,
1005 928 1060 983 in
1092 943 1228 999 pura
1257 927 1518 998 nulloque
1548 942 1786 998 unquam
1815 944 2019 985 occasu

428 1018 894 1075 obdormientium
929 1020 1195 1075 luminum
1221 1021 1386 1076 domo
1419 1019 1686 1088 collocet;
1731 1020 1877 1090 quod
1905 1020 2018 1076 uti-

431 1125 538 1180 que
569 1112 678 1167 illis
703 1111 757 1166 in
781 1119 1018 1169 mentem
1048 1128 1162 1169 non
1185 1113 1414 1178 venerit,
1449 1121 1510 1168 ut
1539 1112 1833 1183 nuptialem
1858 1126 2018 1165 mun-

429 1203 558 1258 dum
581 1212 883 1274 exuerent;
914 1213 972 1260 ut
1006 1205 1208 1262 mentis
1231 1206 1442 1262 scilicet
1472 1216 1738 1270 tenorem,
1771 1203 2016 1276 turpium

428 1295 824 1365 cogitationum
858 1296 1056 1368 illapsu
1079 1298 1347 1354 laxarent.

2121 667 2188 702 πε
2198 620 2369 720 ρι’τῆς
2386 620 2828 722 ούρανουπόλεως
2843 620 3299 722 ἀληθῶς-ὲκείνῆς
3319 620 3412 704 καί
3432 650 3690 722 μακαρίαε
3720 620 3729 662 ³

2131 741 2520 813 Ἰερουσαλήμ·
2553 744 2619 814 ἥν
2656 742 2719 814 δή
2752 759 2918 813 φησιν
2959 741 3130 814 αὐτὴν
3171 737 3309 795 εἶναι
3334 741 3395 794 τὸ
3433 741 3704 813 ἄθροισμα

2117 832 2227 887 τῶν
2253 832 2461 904 ψυχῶν,
2497 833 2562 897 ἃς
2591 833 3072 906 προανατάξασθαι
3102 833 3322 905 πρώτας
3355 836 3413 887 ἐν
3438 835 3578 906 ἀρχῇ
3607 836 3706 905 τῆς

2123 924 2461 994 εὐφροσύνης
2503 925 2613 980 τῶν
2654 927 2858 980 καινῶν
2906 926 3116 981 αἰώνων
3167 925 3459 999 προφανῶς
3495 928 3524 980 ὁ
3572 926 3706 990 Θε>›ς

2119 1017 2549 1086 ἐπαγγέλλεται,
2595 1021 2678 1084 εἰς
2727 1019 2974 1092 καθαρὰν
3018 1020 3232 1092 οἴκησιν
3273 1019 3480 1073 ἀδύτων
3510 1017 3704 1088 φώτων

2117 1107 2198 1180 τῷ
2252 1109 2563 1182 λευκοτάτῳ
2601 1111 2698 1182 τῆς
2757 1112 3060 1184 παρθενίας
3086 1111 3469 1182 ἐστολισμένας
3512 1111 3703 1181 κόσμῳ

2121 1202 2481 1268 κατοικίζωνο
2516 1204 2598 1257 ὅτι
2637 1203 2711 1276 μὴ
2746 1205 3159 1276 ἐμνημόνευσαν
3199 1205 3292 1257 τὸν
3325 1205 3528 1275 κόσμον
3566 1205 3705 1257 ἀπο-

2119 1293 2384 1348 δύσασθαι
2409 1295 2518 1365 (68)
2545 1295 2636 1350 τὸν
2677 1297 2967 1368 νυμφικὸν,
3014 1296 3263 1352 τουτέστι
3296 1294 3572 1368 χαυνῶσαι
3609 1294 3703 1348 τὸν

2120 1383 2381 1458 λογισμὸν
2412 1387 2738 1456 φαντασίαις
2768 1388 3042 1452 ὲκτόποις.

1103 1523 1233 1581 CAP.
1265 1524 1357 1582 VI.
1401 1525 1695 1598 Virgmitas
1731 1527 1874 1581 omni
1907 1525 2022 1582 loco
2051 1542 2115 1581 ac
2147 1537 2377 1597 tempore
2408 1527 2631 1582 colenaa
2654 1540 2704 1582 et
2739 1531 3035 1583 laudanaa.

499 1656 786 1728 Denique:
823 1655 948 1712 Non
972 1657 1209 1714 oblivisci
1251 1675 1502 1729 sponsam
1553 1670 1775 1715 ornatus
1813 1661 1919 1725 sui,
1960 1669 2011 1714 et

2202 1662 2415 1734 Ἀμέλει
2451 1663 2544 1726 τὸ,
2592 1663 2678 1733 μὴ
2727 1661 3118 1718 ἐπιλαθέσθαι
3161 1664 3405 1733 νύμφην
3445 1663 3552 1717 τὸν
3603 1664 3704 1718 κό-

428 1750 680 1820 ινὶτῃὶηεηι
719 1749 902 1819 fascia:
947 1751 1232 1820 pectoralis
1268 1769 1380 1808 sua
1415 1753 1484 1815 ⁸⁷,
1509 1752 1656 1823 quod
1692 1752 1837 1824 apud
1858 1751 2001 1808 lere-

2115 1768 2292 1824 σμον,
2329 1753 2484 1823 μηδὲ
2517 1753 2815 1823 παρθένον
2849 1753 2964 1823 τὴν
3009 1752 3456 1822 στηθοδεσμίδα
3488 1750 3697 1819 αὐτῆς,

427 1842 590 1896 iniam
617 1843 841 1908 dicitur,
874 1843 1150 1914 signiﬁcat
1174 1859 1285 1900 non
1325 1845 1604 1900 remittere
1635 1860 1739 1900 nec
1769 1846 2013 1900 relaxare

426 1934 706 1990 vinculum
749 1936 1046 2000 castitatis,
1088 1936 1219 1992 ullis
1269 1938 1560 1993 seductum
1594 1937 1872 1996 illecebris
1915 1946 2013 1992 aut

426 2028 862 2084 avocationibus.
893 2028 1141 2085 Pectoris
1187 2030 1334 2085 enim
1385 2030 1664 2087 mentione
1713 2045 1870 2086 mens
1909 2045 2012 2086 no-

425 2129 538 2173 stra
569 2127 623 2174 et
651 2119 910 2190 cogitatio
943 2122 1143 2175 merito
1183 2120 1461 2192 designari
1507 2121 1792 2189 creditur;
1835 2119 2010 2176 fascia

426 2226 554 2265 vero
580 2213 893 2282 pectoralis,
913 2227 1051 2267 zona
1075 2212 1285 2269 scilicet
1307 2214 1572 2284 colligens
1590 2214 2013 2284 astringensque

425 2301 594 2357 animi
638 2303 695 2358 in
736 2305 1119 2360 castimoniam
1152 2307 1523 2378 propositum,
1559 2315 1645 2363 est
1675 2308 1920 2362 charitas
1951 2306 2010 2363 in

423 2394 624 2462 Deum;
657 2410 822 2468 quam
857 2396 992 2450 mihi
1023 2405 1079 2452 et
1105 2399 1263 2456 vobis
1295 2401 1594 2470 imperator
1621 2409 1811 2457 noster
1837 2407 1891 2456 et
1913 2413 2010 2471 pa-

421 2501 538 2543 stor
557 2486 739 2555 Jesus,
771 2490 1026 2561 idemque
1055 2505 1260 2562 praeses
1289 2501 1343 2550 et
1385 2509 1644 2567 sponsus.
1677 2510 1710 2550 ο
1738 2494 2014 2566 ρταεοιεηε

426 2579 686 2650 virgines,
719 2587 1026 2650 praestet,ul
1062 2583 1375 2647 infractam,
1423 2587 1681 2656 velutque
1707 2586 2008 2643 inviolabili

425 2669 606 2738 sigillo
637 2669 907 2724 munitum
937 2672 1269 2742 depositum,
1309 2676 1365 2731 in
1413 2676 1574 2733 finem
1609 2694 1784 2749 usque
1815 2694 2008 2736 serve-

424 2775 570 2813 inus.
615 2757 732 2814 Hoc
774 2761 918 2816 enim
954 2763 1182 2833 pignore
1231 2768 1441 2822 nullum
1485 2768 1644 2824 facile
1690 2769 2010 2826 hominibus

421 2851 621 2906 melius
665 2853 929 2908 auxilium
978 2857 1272 2928 quisquam
1321 2861 1689 2931 usurpaverit,
1740 2859 1852 2916 Deo
1891 2863 2010 2934 pla-

419 2959 550 3000 cens
580 2959 644 2998 ac
672 2945 922 3002 charum.
963 2948 1332 3015 Quamobrem
1367 2954 1456 3008 aio
1497 2969 1598 3026 ego
1642 2954 1835 3010 honori
1889 2972 2008 3011 om-

419 3038 583 3092 nibus
601 3037 906 3095 habendam
936 3043 1303 3112 virginitatem
1331 3061 1478 3110 esse,
1496 3047 1761 3120 omnique
1790 3050 1913 3108 loco
1940 3064 2006 3106 ac

419 3138 663 3198 tempore
699 3139 811 3186 tum
844 3133 1154 3195 colendam,
1187 3141 1302 3190 tum
1327 3135 1678 3192 laudandam.

490 3220 615 3276 llaec
643 3223 742 3278 tibi
775 3231 828 3279 et
849 3240 879 3279 a
909 3225 1068 3282 nobis
1099 3227 1353 3298 primitias
1387 3245 1726 3296 sermonum,
1756 3246 1790 3287 ο
1820 3233 2004 3297 Arete,

415 3314 711 3375 sullieiant.
750 3319 834 3372 vel
861 3319 1190 3376 eruditionis
1219 3322 1306 3375 vel
1335 3321 1502 3376 studii
1553 3324 1750 3393 gratia.
1787 3356 1856 3366 —
1891 3324 2007 3395 Ego

414 3419 567 3472 vero,
599 3406 786 3461 aiebat
817 3407 1026 3465 dixisse
1048 3408 1271 3475 Areten,
1304 3411 1480 3468 libens
1511 3413 1721 3484 accipio
1752 3413 1900 3484 quod
1922 3414 2006 3470 of-

416 3489 550 3559 fers,
591 3502 644 3549 et
665 3495 832 3564 jubeo
860 3504 980 3566 post
1015 3505 1066 3554 te
1088 3497 1405 3556 ’l‘hallusam
1434 3501 1638 3558 dicere.
1672 3501 1843 3558 Debet
1858 3504 2004 3560 enim

415 3599 761 3656 unaquaeque
789 3597 1032 3643 vestrum
1069 3605 1378 3648 sermonem
1419 3608 1731 3666 corrogare.
1770 3594 1999 3650 Thallu-

414 3689 530 3728 sam
551 3675 732 3747 itaque
751 3679 1031 3746 paululum
1064 3692 1327 3736 moratam
1352 3685 1508 3755 quasi
1539 3687 1604 3740 ad
1636 3685 2000 3758 colligendam

416 3782 477 3821 se
505 3771 1093 3844 commentandumque
1119 3775 1356 3833 breviter
1388 3779 1617 3852 aliquid,
1649 3781 1732 3838 sic
1761 3781 2000 3838 locutam

414 3859 704 3918 referebat.

480 4018 525 4051 ⁸⁷
559 4018 674 4078 Jer.
714 4038 772 4086 tt,
815 4023 904 4081 32.

412 4188 505 4244 gat
529 4178 635 4258 τῷ,
665 4181 730 4258 εκ
766 4181 984 4254 μέρους,
1016 4191 1079 4258 et_
1123 4183 1424 4258 distinguat
1463 4194 1656 4241 contra
1702 4185 1993 4258 πρόσωπον

410 4249 554 4326 κατὰ
580 4249 902 4326 πρόσωπον·
935 4255 1081 4320 quod
1111 4271 1272 4326 nemo
1299 4249 1456 4310 'dicat
1503 4258 1675 4326 ipsam
1716 4249 1770 4311 in
1805 4273 1863 4312 se
1898 4256 1991 4310 Dei

411 4321 680 4375 visionem
709 4338 774 4376 ac
821 4323 1032 4378 beatam
1057 4343 1074 4391 ;
1102 4325 1196 4381 sed
1231 4327 1360 4395 quia
1398 4339 1496 4394 per
1523 4321 1692 4382 'fidem
1740 4329 1989 4382 ambula-

413 4407 558 4452 mus,
592 4408 716 4460 quae
749 4409 852 4448 nec
899 4395 1113 4451 animos
1146 4397 1371 4458 deserit,
1418 4397 1593 4454 donec
1629 4395 1797 4451 Deum
1847 4397 1902 4450 in
1932 4412 1992 4453 se

411 4461 560 4516 clare
593 4463 830 4518 videant.
851 4463 1056 4521 Deinde
1075 4468 1260 4522 visura
1295 4465 1460 4521 Deum
1489 4478 1610 4537 post
1634 4469 1994 4523 resurrectio-

411 4547 536 4614 nem
565 4549 768 4614 corpus
798 4544 852 4589 et
880 4538 1146 4600 animum,
1177 4553 1353 4607 coque
1389 4539 1550 4614 simul
1585 4538 1988 4614 perfectissima

411 4605 1064 4680 visione__l'ruitura,_nec
1107 4605 1318 4672 nostra,
1365 4623 1466 4663 nec
1500 4605 1791 4680 An'gustini
1831 4617 1992 4662 autve

415 4671 697 4749 _l-lethodi_i_
721 4675 884 4731 habet
917 4678 1206 4749 theologia,
1255 4671 1378 4749 quae
1408 4671 1613 4735 mentis
1651 4681 1827 4734 solum
1859 4694 1991 4734 ocu-

417 4745 523 4817 lum
556 4746 698 4798 trahi
753 4762 913 4817 posse
961 4745 1240 4804 contendit
1273 4745 1331 4804 et
1373 4751 1596 4812 elevari,
1643 4760 1703 4804 ut
1748 4751 1990 4805 divinam

417 4814 587 4890 ipsam
623 4814 796 4869 lucem
830 4822 1232 4890 contempletur
1264 4837 1275 4871 :
1306 4835 1427 4888 quae
1448 4822 1577 4890 ipsa
1605 4820 1726 4889 ejus
1757 4821 1989 4875 elevatio

415 4888 618 4960 grande
651 4889 1110 4960 mysteriuinest,
1138 4906 1240 4944 nec
1282 4892 1388 4945 nisi
1427 4888 1528 4945 fide
1554 4888 1868 4960 cognitum;
1910 4892 1990 4946 sic

413 4957 619 5032 elevata
675 4956 767 5032 Dei
815 4974 947 5027 pura
986 4959 1126 5024 luce,
1167 4977 1232 5014 ac
1258 4961 1403 5029 quod
1453 4962 1577 5030 ejus
1618 4956 1856 5032 ᾖρύφιον
1906 4968 1992 5015 est

416 5027 621 5086 (divina
651 5029 863 5082 scilicet
896 5033 1157 5092 essentia,
1186 5041 1240 5085 et
1278 5027 1425 5100 quod
1459 5027 1497 5084 δ’
1519 5048 1578 5087 se
1617 5027 1857 5094 Eius-est)
1898 5047 1994 5086 su-

416 5110 508 5173 pra
537 5111 755 5173 omnem
783 5102 1160 5167 capacitatem,
1187 5102 1350 5156 etiam
1380 5102 1686 5156 intellectus
1717 5102 1904 5166 creati,
1933 5109 1992 5173 ut

425 5168 500 5217 \ix
536 5168 790 5241 radiculis
818 5185 882 5223 ac
918 5181 1122 5224 remota
1155 5173 1206 5225 in
1241 5187 1307 5226 eo
1340 5174 1584 5241 potentia
1627 5173 1729 5241 sit;
1755 5189 1820 5227 eo
1846 5172 1990 5241 quod

416 5237 654 5311 potentia
689 5246 773 5311 ost
801 5241 944 5311 cutis
971 5237 1361 5309 cognoscitira',
1390 5243 1492 5296 sub
1523 5244 1641 5311 ejus
1665 5237 1774 5296 tota
1805 5237 1989 5296 lat'ituo

417 5308 543 5383 dine
595 5309 901 5383 analogica,
952 5308 1094 5365 intra
1139 5313 1298 5382 cujus
1352 5308 1565 5368 lineatn'
1602 5329 1719 5382 Ipse
1770 5327 1988 5383 qucque

416 5376 560 5455 Dens
614 5376 968 5456 intelligatur,
1011 5383 1107 5456 sed
1141 5376 1536 5456 ut'excedens,
1571 5376 1639 5436 ad
1670 5376 1829 5453 quem
1875 5376 1986 5438 tota

416 5449 502 5521 vis
529 5449 775 5521 proxima
813 5450 884 5504 sit
914 5449 1097 5505 divina
1141 5454 1259 5521 ipsa
1300 5455 1392 5508 lux
1425 5449 1851 5517 communicata,
1889 5469 1984 5509 seu

419 5517 598 5573 lumen
633 5518 837 5590 gloriae,
864 5528 922 5576 ut
955 5517 1179 5590 vocant,
1203 5525 1468 5596 quidquid
1499 5525 1631 5582 illud
1656 5527 1749 5595 sit,
1777 5525 1834 5582 in
1867 5525 1986 5581 ani-

2021 4361 2070 4422 D

2115 1843 2405 1914 λεγόμενον
2444 1845 2502 1896 ὲν
2537 1843 2797 1915 Ἱερεμίᾳ,
2837 1843 2897 1896 τὸ
2933 1841 3008 1914 μὴ
3050 1840 3290 1895 ἐνδοῦναι
3331 1843 3424 1894 καὶ
3469 1840 3699 1912 χαλάσαι

2113 1934 2204 1989 τὸν
2235 1933 2430 2005 δεσμὸν
2455 1934 2553 2006 τῆς
2586 1932 2941 2006 σωφροσύνης
2972 1933 3210 1995 ἀπάταις
3244 1931 3395 2002 δηλοῖ
3421 1932 3514 1984 καὶ
3544 1947 3699 2002 περι-

2113 2031 2406 2098 σπασμοῖς.
2433 2027 2612 2098 Στήθη
2637 2026 2745 2098 γάρ
2781 2027 2838 2080 αἱ
2887 2025 3082 2098 φρένες
3118 2024 3286 2078 εἰκότι
3327 2023 3498 2094 λόγῳ,
3543 2027 3636 2077 καὶ
3669 2028 3699 2078 ὁ

2111 2119 2238 2186 ναῦς
2271 2119 2428 2192 ἡμῶν
2467 2115 2608 2174 εἶναι
2667 2118 2968 2191 νομίζεται.
3004 2119 3061 2174 '0
3099 2117 3158 2171 δὲ
3209 2117 3568 2189 στηθόδεσμος
3591 2156 3604 2179 ,
3661 2118 3697 2186 ἡ

2113 2212 2376 2267 συνδοῢσα
2405 2210 2549 2283 ζώνη
2594 2213 2688 2266 καὶ
2737 2211 3111 2281 συσφίγγουσα
3141 2209 3238 2282 τὴν
3292 2209 3547 2281 πρόθεσιν
3594 2210 3696 2279 τῆς

2109 2305 2289 2377 ψυχῆς
2325 2306 2406 2369 εἰς
2441 2305 2684 2375 ἁγνείαν,
2736 2305 2888 2359 ἐστὶν
2928 2305 2964 2376 ή
3008 2301 3142 2375 πρὸς
3191 2303 3324 2356 Θεὸν
3357 2303 3579 2374 ἀγάπη·
3627 2303 3695 2371 ῆν

2111 2397 2238 2468 ἐμοί
2281 2415 2340 2451 τε
2379 2399 2474 2452 καὶ
2518 2399 2646 2469 ὑμῖν
2685 2399 2714 2452 ὀ
2772 2396 3075 2468 στρατηγὸς
3133 2395 3288 2466 ἡμῶν
3341 2396 3433 2448 καὶ
3492 2395 3697 2465 ποιμὴν

2124 2489 2333 2560 Ἰησοῦς
2371 2490 2468 2545 καὶ
2507 2489 2688 2562 ἄρχων
2728 2487 2822 2542 καὶ
2859 2487 3112 2558 νυμφίος,
3152 2481 3198 2540 ὦ
3233 2486 3650 2557 καλλιπάρθενοι
3678 2525 3695 2547 .

2109 2581 2388 2655 ἄρρηκτον
2427 2583 2523 2638 καὶ
2558 2579 2995 2654 ὲσφραγισμένον
3037 2580 3197 2652 μέχρι
3234 2579 3423 2644 τέλους
3456 2579 3696 2650 τηρῆσαι

2111 2677 2380 2748 παράσχοι
2401 2693 2416 2707 ·
2449 2675 2639 2729 τούτου
2668 2673 2777 2746 γὰρ
2805 2673 2898 2727 τοῦ
2925 2674 3204 2742 κτήματος
3236 2674 3350 2736 τοῖς
3383 2670 3696 2743 ἀνθρώποις

2109 2767 2333 2838 ἄμεινον
2382 2767 2632 2840 βοήθημα
2683 2767 2784 2819 οὐκ
2831 2765 2897 2820 ἄν
2941 2781 3027 2829 τις
3068 2765 3265 2837 ῥᾳδίως
3297 2764 3482 2836 ἕτερον
3514 2763 3694 2829 λάϐοι,

2109 2859 2342 2930 ἀρέσκον
2383 2859 2500 2931 Θεῷ
2544 2860 2640 2914 καὶ
2672 2856 2988 2931 προσφιλές.
3030 2856 3122 2910 Διδ
3159 2854 3270 2924 ἐγὼ
3311 2857 3508 2928 χρῆναι
3549 2857 3698 2926 φημὶ

2108 2951 2206 3023 τὴν
2237 2953 2460 3022 ἁγνείαν
2490 2953 2738 3014 ἅπαντας
2767 2951 2954 3022 τιμᾷν,
3002 2953 3097 3004 καὶ
3142 2949 3230 3003 διὰ
3269 2950 3470 3016 παντὸς
3501 2951 3694 3004 ἀσκεῖν

2109 3061 2170 3098 τε
2197 3045 2290 3099 καὶ
2320 3046 2690 3116 ἐγκωμιάζειν

2176 3218 2346 3279 Abeat
2390 3242 2473 3278 σοι
2517 3225 2613 3278 xal.
2639 3225 2770 3296 παρ’
2797 3223 2954 3296 ήμῶν
3003 3223 3058 3276 αἱ
3095 3221 3341 3292 ἀπαρχαὶ
3379 3218 3484 3274 τῶν
3514 3217 3694 3286 λόγων

2104 3317 2480 3390 ἀρκείσθωσαν
2512 3317 2644 3388 (69),
2674 3311 2720 3370 ὦ
2763 3318 2987 3388 Ἀρετήο
3038 3315 3105 3369 τά
3149 3315 3249 3386 μὲν
3294 3314 3576 3376 παιδείας,
3622 3314 3697 3368 τὰ

2103 3413 2162 3468 δὲ
2190 3413 2284 3467 καὶ
2315 3411 2550 3481 σπουδῆς
2578 3412 2756 3483 χάριν.
2803 3410 2963 3464 Ἀλλὰ
2987 3410 3212 3481 δέχομαι
3239 3410 3300 3462 τὸ
3330 3409 3501 3480 δῶρον
3520 3449 3534 3474 ,
3582 3408 3695 3481 ἔφη

2104 3506 2272 3577 φάναι
2303 3505 2401 3577 τὴν
2451 3505 2675 3576 Ἀρετὴν
2699 3543 2714 3567 ,
2749 3503 2843 3557 καὶ
2895 3502 3100 3557 κελεύω
3134 3500 3272 3573 μετά
3315 3501 3374 3554 σὲ
3420 3501 3517 3572 τὴν
3549 3500 3698 3554 Θάλ-

2107 3599 2305 3654 λουσαν
2333 3597 2531 3668 λέγειν.
2558 3599 2650 3651 Δεῖ
2678 3597 2786 3668 γάρ
2821 3613 2887 3668 με
2927 3596 3079 3668 παρὰ
3110 3596 3236 3666 μιᾶς
3261 3595 3496 3663 ἑκάστης
3533 3593 3698 3663 ὑμῶν

2107 3689 2469 3756 ἀποδέξασθαι
2503 3688 2595 3743 τὸν
2636 3688 2813 3756 λόγον,
2851 3685 2961 3757 Τὴν
3011 3683 3104 3739 οὖν
3150 3685 3461 3738 Θάλλουσαν
3513 3681 3698 3753 βραχὺ

2106 3780 2458 3853 ἐπισχοῦσαν,
2489 3781 2584 3838 καὶ
2621 3780 2758 3853 πρὸς
2792 3781 2992 3852 ἑαυτήν
3023 3795 3075 3833 τι
3110 3775 3477 3849 σκεψαμένην,
3513 3773 3698 3830 siorer

2107 3874 2234 3948 ἔφη.

2100 4201 2187 4240 ma
2220 4199 2320 4242 seu
2363 4185 2642 4242 intellectu
2678 4183 2896 4241 vidente
2935 4182 3125 4241 Deum.
3159 4182 3366 4242 Oculus
3395 4198 3526 4240 vero
3557 4198 3695 4240 cor-

2099 4271 2322 4327 poreus,
2379 4264 2490 4311 tam
2537 4257 2780 4327 potentia
2826 4256 3056 4310 limitata
3096 4264 3202 4321 est,
3238 4271 3428 4327 quam,
3460 4254 3693 4327 auditus

2097 4329 2178 4382 vel
2204 4327 2460 4390 oll'actus,
2496 4341 2590 4381 seu
2622 4326 2802 4396 quivis
2829 4327 2967 4380 alius
2995 4341 3211 4387 sensus,
3241 4326 3508 4379 iuateriali
3545 4341 3696 4395 qua-

2094 4396 2218 4450 dam
2250 4397 2392 4452 inter
2421 4412 2517 4454 eos
2545 4395 2828 4451 Iatiiudine
2858 4396 3258 4464 spiritalitatis;
3296 4401 3358 4448 ut
3391 4397 3437 4448 si
3468 4395 3560 4450 illo
3593 4396 3690 4450 vi-

2089 4466 2204 4522 deri
2250 4467 2339 4521 Dei
2387 4467 2627 4523 essentia
2665 4468 2854 4536 possit,
2888 4467 3064 4536 possit
3094 4475 3147 4520 et
3192 4464 3370 4536 audiri
3413 4475 3467 4520 et
3500 4465 3684 4521 ollieri

2088 4539 2172 4608 vel
2206 4539 2414 4608 gustari
2449 4535 2688 4607 :,sicque
2723 4536 2864 4608 Dens
2894 4535 3011 4604 ipse
3037 4552 3238 4606 corpus
3266 4535 3450 4598 fuerit,
3475 4551 3694 4608 ensilne

2088 4607 2303 4662 ﬁnitum
2328 4624 2394 4663 ac
2424 4615 2578 4662 certo
2627 4608 2735 4662 situ
2785 4607 2995 4661 visibile
3031 4617 3124 4660 aut
3169 4608 3456 4676 qualitate.
3490 4623 3518 4658 a
3558 4607 3696 4676 qui-

2089 4678 2191 4731 bus
2244 4694 2345 4733 nec
2413 4692 2610 4734 sensus
2652 4679 2801 4733 visus
2860 4678 2947 4732 sui
3013 4676 3338 4732 liinitatione
3385 4677 3688 4733 abstrahit.

2087 4747 2377 4805 ϐοκηειτιει.

2163 4820 2276 4885 (67)
2307 4819 2631 4889 Πολίχνης.
2663 4817 2970 4881 Possinius,
3000 4816 3264 4886 primaria
3307 4815 3548 4880 civitate;
3584 4815 3692 4872 sed

2092 4891 2382 4957 scripserit
2414 4888 2658 4957 parvula.
2686 4888 2761 4941 lo.

2163 4955 2278 5029 (68)
2323 4955 2790 5014 Ἀποδύσασθαι.
2824 4955 2934 5013 Leo
2964 4957 3216 5016 Allatius.
3255 4971 3321 5011 ac
3373 4958 3417 5012 si
3458 4956 3692 5019 legisset

2093 5030 2507 5092 ἐπενδύσασθαι,
2536 5029 2689 5095 Quod
2717 5044 2818 5082 non
2847 5029 3137 5082 recordata:
3159 5038 3280 5080 sunt
3310 5037 3687 5083 ornamentum

2095 5101 2337 5163 nuptiale
2358 5099 2608 5162 induere;
2633 5101 2763 5158 imo,
2795 5113 3004 5159 essitare,
3036 5099 3143 5154 nisi
3178 5100 3278 5151 hoc
3312 5099 3389 5151 illi
3425 5108 3687 5168 typornm

2096 5173 2376 5226 tuendum.
2406 5170 2568 5225 Certe
2613 5169 3040 5240 pr.emiumﬂhoc
3075 5168 3276 5240 servati
3314 5170 3501 5240 rnundi
3537 5183 3688 5238 nup-

2095 5241 2264 5304 tialis,
2295 5249 2399 5306 est,
2436 5237 2643 5296 tenoris
2677 5239 2871 5293 tuentis
2896 5239 3118 5303 illibati;
3149 5253 3260 5292 non
3289 5237 3408 5306 ejus
3431 5237 3683 5302 exulissi,

2095 5327 2204 5380 quo
2233 5315 2428 5366 merito
2450 5311 2750 5378 ejiciendus
2787 5310 3024 5364 thalamo
3054 5324 3117 5362 ac
3151 5309 3421 5372 convivio,
3449 5309 3541 5378 qui
3572 5325 3684 5364 non

2094 5379 2318 5437 indutus
2348 5389 2496 5436 veste
2526 5381 2752 5449 nuptiali
2780 5379 3060 5445 ingressus
3089 5381 3176 5432 sit.

2166 5447 2774 5523 (69)7‘Apxsi00d)0'ar.
2805 5451 2993 5516 Allat.,
3026 5447 3460 5516 άνακείτθωςαν,
3496 5448 3686 5504 oblata

2096 5533 2240 5577 sum.
2261 5522 2350 5581 'ID.

2031 5703 2102 5720 ο.
