3866 6160
153 327 212 386 ΙἹ
1209 319 1588 379 CONYIVIUM
1631 318 1863 374 DECEM
1904 316 2266 376 VlRGlNUM.
3367 306 3441 372 98

701 475 1066 564 ΛΟΓΟΣ
1140 478 1260 561 E’.
1785 468 1831 522 Α

1785 468 1831 522 Α
2319 471 2774 568 ORATIO
2848 479 2959 567 V.

764 625 1143 682 ΘΑΛΛΟΥΣΑ.

2453 622 2730 680 THALLU
2739 625 2845 681 SA.

1121 778 1253 833 CAP.
1281 775 1324 829 l.
1350 773 1603 846 Magnum
1630 781 1804 828 votum
1829 781 1907 826 est
1939 768 2136 824 oblatio
2160 767 2445 823 castitatis.

247 921 411 985 ‘Al‘s',
439 915 486 976 ὦ
520 920 738 993 Ἀρετὴ,
765 921 1134 994 συλλήπτριαν
1159 918 1297 986 ἀξιῶ
1323 916 1670 991 παραστῆναι
1696 931 1757 970 σε

1924 907 2035 980 Ego
2065 923 2194 963 vero
2221 916 2296 971 te,
2329 906 2510 973 Arete,
2554 920 2690 978 rogo
2721 912 2780 962 ut
2835 920 2982 962 nunc
3019 920 3238 978 quoque
3296 923 3437 979 pra:-

169 1015 261 1068 xal.
285 1014 355 1068 τὰ
380 1015 498 1079 νῦν,
523 1015 674 1079 ὅπως
702 1014 919 1087 πρῶτον
943 1014 1041 1086 μέν
1071 1031 1188 1080 σου,
1211 1013 1307 1067 καὶ
1331 1011 1442 1066 τῶν
1472 1011 1696 1084 παρόντι

1915 1020 1942 1058 ο
1991 1002 2198 1056 auxilio
2227 1001 2346 1056 sis:
2383 1015 2495 1070 quo
2529 1015 2837 1058 sermonem
2881 1000 3190 1062 instituere.
3235 1007 3288 1056 te
3328 1002 3442 1072 pri-

169 1108 224 1161 δὲ
257 1107 518 1179 φανῶμεν
554 1108 683 1174 ἄξια
717 1107 918 1179 λέγειν.
952 1108 1026 1161 Τὸ
1065 1107 1175 1180 γὰρ
1213 1106 1468 1179 μέγιστον
1507 1103 1602 1157 καὶ
1637 1105 1696 1156 ὲν

1913 1111 2028 1159 um,
2061 1093 2262 1150 deinde
2295 1095 2460 1148 etiam
2489 1102 2544 1150 et
2564 1096 2776 1166 reliquo
2811 1101 2958 1149 coetu
3005 1109 3114 1148 non
3150 1093 3438 1164 indignum

171 1200 503 1270 φανέστατον
531 1200 789 1272 ἀνάθημα
825 1200 923 1256 καὶ
961 1199 1154 1274 δῶρον,
1185 1193 1278 1268 (οὗ
1305 1197 1474 1270 μηδὲν
1505 1195 1695 1262 ἀντάξι

1912 1188 2159 1244 deamur.
2199 1185 2383 1244 Sacris
2412 1187 2669 1243 videlicet
2703 1188 2954 1242 instituta
2993 1187 3147 1242 libris
3189 1202 3253 1242 ac
3295 1189 3439 1242 litte-

171 1293 296 1347 ἄλλο
333 1295 810 1367 προσενέγκασθαι
842 1295 1110 1367 πάρεστιν
1136 1293 1446 1366 ἀνθρώποις
1475 1291 1641 1363 Θεῷ,)
1665 1309 1696 1344 τ

1910 1297 1936 1337 s
1958 1281 2118 1352 plane
2148 1281 2280 1335 mihi
2310 1280 2583 1352 persuasi,
2616 1280 2914 1334 maximum
2947 1291 2999 1335 et
3033 1278 3437 1350 spectabilissi-

173 1383 330 1440 ἆθλον
354 1387 457 1457 τῆς
488 1387 788 1458 παρθενίας
817 1387 930 1458 (70)
959 1383 1100 1442 εἶναι
1148 1386 1486 1458 πέπεισμαι,
1519 1383 1700 1456 διαρκὲ

1909 1388 2008 1427 ηυηι
2037 1371 2183 1443 quod
2215 1372 2420 1427 divinis
2459 1372 2692 1443 appendi
2731 1372 2896 1428 tholis
2939 1373 3113 1445 possit
3155 1373 3436 1442 (pulcher-

175 1479 279 1533 ἀπὸ
301 1478 412 1532 τῶν
451 1479 615 1550 ἱερῶν
656 1479 944 1552 ῂσθημένη
977 1479 1344 1552 γραμμάτων.
1383 1477 1494 1532 Καὶ
1537 1476 1646 1549 γὰρ
1692 1478 1702 1530 ε

1913 1479 2081 1528 mum,
2116 1464 2362 1534 inquam,
2387 1463 2534 1534 quod
2569 1464 2639 1519 ab
2674 1463 2896 1520 homine
2933 1480 3171 1534 unquam
3216 1463 3327 1520 Deo
3354 1462 3440 1520 oi-

177 1571 383 1626 πολλῶν
419 1572 588 1626 πολλά
624 1575 743 1628 κατ’
777 1573 941 1645 εὐχὰς
975 1573 1034 1626 ὲν
1062 1571 1141 1644 τῷ
1184 1571 1355 1644 Νόμῳ
1386 1570 1525 1625 καλά
1563 1587 1704 1624 κατει

1914 1556 1987 1611 rri
2016 1556 2214 1626 possit)
2236 1571 2435 1611 munus
2466 1571 2590 1611 esse
2616 1555 2967 1626 virginitatis.
2992 1554 3283 1610 Enimvero
3311 1570 3437 1610 cum

177 1665 524 1735 γασαμένων,
573 1666 725 1737 μόνοι
761 1667 1004 1738 μεγάλην
1031 1666 1196 1738 εὐχὴν
1240 1664 1488 1734 ἐλέγοντο
1515 1662 1622 1734 πλη
1633 1660 1704 1736 poi

1918 1648 2030 1702 ulta
2052 1647 2105 1702 in
2141 1648 2258 1718 lege
2285 1656 2658 1702 memorentur
2687 1649 2978 1702 multorum
3005 1663 3128 1703 cum
3162 1647 3322 1703 laude
3345 1663 3441 1703 vo-

176 1762 222 1815 ol
273 1760 417 1828 σφᾶς
468 1759 667 1822 αὐτοὺς
708 1759 1018 1830 αὐθαιρέτῳ
1074 1757 1238 1830 βουλῇ
1283 1754 1703 1829 προσενέγκασθι

1919 1781 1934 1803 ,
1966 1741 2069 1796 soli
2094 1754 2292 1811 magno
2323 1755 2382 1796 se
2414 1748 2542 1795 voto
2579 1740 2947 1796 obstrinxisse
2972 1739 3318 1804 dicebantur,
3348 1743 3441 1812 qui

179 1825 512 1926 βουλύμενοι.
542 1854 696 1923 Ἔχει
713 1852 824 1924 γὰρ
839 1825 900 1907 sb
924 1825 1087 1924 ρητδν
1113 1825 1288 1916 οὕτως
1306 1825 1461 1906 ’-Καὶ
1487 1849 1706 1916 tum

1910 1850 1922 1889 ι
1958 1835 2108 1904 ipsos
2153 1835 2324 1889 libera
2358 1835 2638 1890 voluntate
2690 1831 2802 1890 Deo
2844 1834 3042 1889 olTerre
3091 1833 3146 1888 in
3195 1836 3437 1890 animum

175 1924 388 2012 Κύριος
412 1944 562 2012 πρὸς
585 1943 874 2012 Μωῦσῆν,
895 1943 1118 2012 λέγων·
1147 1940 1436 2010 Λάλησον
1455 1939 1582 2007 τοῖς
1607 1943 1701 1994 vlo

1912 1925 2230 1982 lduxissent.
2264 1924 2356 1982 Sic
2378 1927 2525 1981 enim
2553 1941 2612 1981 se
2641 1925 2796 1982 locus
2830 1925 2991 1980 habet
3013 1925 3060 1958 ”
3093 1947 3105 1980 :
3141 1925 3206 1981 Et
3233 1928 3439 1983 locutus

190 2035 456 2104 Ἰσραὴλ,
484 2037 582 2090 καὶ
629 2035 783 2102 ἐρεῖς
810 2035 962 2104 πρὸς
999 2035 1254 2101 αὐτούς·
1294 2031 1464 2102 Ἀνὴρ
1509 2031 1547 2100 ἢ
1581 2029 1717 2103 ruri

1917 2029 1935 2073 t
1969 2019 2230 2074 Dominus
2271 2019 2340 2072 ad
2372 2017 2614 2090 Moysen,
2647 2017 2863 2073 dicens:
2909 2017 3144 2090 Loquere
3186 2020 3315 2082 ﬁliis
3355 2017 3443 2074 Is-

176 2131 242 2196 ὃς
261 2128 537 2200 μεγάλως
557 2128 802 2196 εὔξηται
829 2127 1022 2197 εὐχὴν
1041 2126 1491 2197 ἁφατνίσασθαι
1515 2124 1703 2196 ἁγνείι

1916 2111 1994 2173 εει.
2039 2120 2090 2166 et
2126 2109 2269 2166 dices
2313 2111 2384 2164 ad
2419 2127 2508 2165 eos
2541 2124 2561 2163 :
2603 2108 2696 2164 Vir
2741 2111 2848 2164 sive
2889 2111 3099 2172 mulier,
3150 2113 3443 2184 quicunque

173 2222 387 2288 Κυρίῳ.
452 2218 686 2290 Εὕχεται
731 2221 912 2290 χρυσᾶ
971 2220 1068 2274 καὶ
1107 2219 1324 2291 ἀργυρᾶ
1371 2219 1454 2282 εἰς
1502 2217 1596 2271 τὸν
1627 2218 1700 2270 νει

1915 2219 2045 2275 agna
2084 2204 2279 2258 voveri!
2308 2212 2485 2256 votum
2533 2202 2873 2273 castiﬁcandi
2913 2205 3288 2257 castimoniam
3332 2203 3441 2258 Do-

176 2310 344 2382 σκεύη
387 2310 766 2382 προσκομίσας
798 2307 1074 2364 ἀναθεῖναί
1103 2325 1188 2371 τις
1207 2325 1221 2339 ο
1260 2308 1450 2379 ἕτερος
1482 2306 1702 2362 ἀναθεῖν

1918 2297 2025 2351 ino.
2068 2294 2236 2352 Vovct
2264 2296 2464 2365 aliquis
2486 2310 2651 2350 aurea
2682 2304 3046 2366 argenteaque
3067 2311 3199 2351 vasa
3226 2297 3281 2350 in
3303 2303 3445 2349 tem-

176 2406 273 2473 τὴν
305 2403 542 2471 δεκάτην
576 2402 686 2454 τῶν
715 2400 966 2473 καρπῶν,
1005 2400 1165 2464 ἄλλος
1196 2400 1295 2472 τῆς
1333 2400 1541 2465 οὐσίας,
1575 2399 1703 2471 ἓτερ

1920 2387 1936 2441 i
1969 2402 2127 2440 usum
2161 2400 2221 2440 se
2245 2393 2697 2440 consecraturum
2725 2404 2737 2440 :
2771 2385 2861 2439 hic
2883 2383 3184 2451 fructuum,
3222 2387 3313 2441 ille
3345 2384 3443 2439 bo-

176 2496 245 2550 τὰ
265 2495 540 2566 κράτιστα
566 2493 675 2547 τῶν
723 2493 1012 2565 ποιμνίων,
1053 2492 1212 2556 ἄλλος
1251 2492 1349 2564 τὴν
1384 2491 1620 2565 ὓπαρξιν
1666 2510 1700 2546 κ

1915 2495 2060 2535 arum
2088 2478 2332 2535 decimas
2372 2493 2402 2532 a
2431 2493 2490 2533 se
2519 2477 2857 2544 oﬂ‘erendas;
2891 2478 3030 2534 alius
3081 2479 3442 2550 pinguissima

177 2587 349 2660 θιεροῖ
368 2605 383 2619 ο
427 2587 522 2640 καὶ
545 2585 756 2639 οὐδέπω
791 2584 1033 2656 μεγάλην
1065 2585 1233 2657 εὐχὴν
1254 2584 1512 2648 εὐξασθαι
1543 2583 1704 2638 δύνατ

1916 2586 2094 2639 imque
2123 2571 2304 2642 capita
2345 2585 2570 2641 gregum
2599 2576 2655 2624 et
2692 2572 3106 2638 armentorum;
3144 2588 3253 2626 non
3284 2588 3443 2628 nemo

177 2681 255 2752 τῷ
292 2681 521 2752 Κυρίῳ·
568 2678 682 2733 ἀλλ’
714 2680 919 2742 ἐκεῖνος
964 2679 993 2731 ὁ
1031 2678 1223 2733 ἑαυτὸν
1280 2678 1500 2744 ἀναθεὶς
1535 2677 1616 2751 τῷ
1647 2677 1704 2730 Θε

1914 2679 1995 2719 tas
2038 2678 2230 2718 omnes
2267 2663 2558 2718 facultates
2601 2660 2714 2717 Deo
2741 2670 3029 2718 consecrat
3062 2681 3079 2720 :
3115 2680 3215 2720 nec
3258 2673 3441 2721 tamen

176 2773 460 2838 ἀλοτελῶς,
1865 2756 2046 2811 adhuc
2092 2755 2238 2810 ullus
2290 2753 2485 2810 horum
2535 2755 2800 2824 consequi
2847 2763 3048 2825 potest,
3096 2764 3156 2810 ut
3185 2773 3444 2828 magnmn

1861 2853 2048 2902 votum
2085 2847 2304 2902 vovisse
2337 2847 2577 2910 dicatur,
2609 2845 2703 2901 sed
2735 2845 2826 2901 ille
2854 2845 3120 2902 duntaxat
3146 2848 3241 2919 qui
3281 2864 3342 2904 se
3388 2853 3445 2903 in

1860 2940 2096 2998 solidum
2132 2939 2242 2996 Deo
2269 2940 2490 2995 obtulit.

182 3088 312 3144 Cn.
352 3085 422 3142 11.
453 3086 680 3140 Αὺταίιω
714 3086 1043 3156 sacri/ictum
1077 3101 1249 3141 vacca:
1280 3086 1502 3141 triennis
1534 3094 1582 3141 et
1605 3101 1782 3154 eaprw
1811 3083 2268 3156 trimwietgarietis
2290 3098 2552 3137 annorum
2578 3082 2762 3149 trium,
2799 3083 2925 3155 quid
2946 3083 3245 3155 signiﬁcet?
3263 3082 3448 3142 Omnis

990 3155 1101 3211 Deo
1128 3156 1490 3212 consecranda
1523 3169 1674 3212 (etas.
1710 3154 1924 3224 Triplex
1953 3154 2134 3225 vigilia
2159 3163 2210 3208 et
2232 3163 2365 3207 wtas
2391 3168 2598 3209 nostra.

267 3277 677 3350 Ἐπιχειρητέον
730 3279 840 3350 γὰρ
901 3277 1093 3350 ἀληθεῖ
1119 3263 1286 3350 ’λόγῳ
1338 3277 1476 3350 πρὸς
1513 3279 1692 3349 ὑμᾶς,
1730 3271 1776 3332 ὦ

1949 3275 2091 3333 Vera
2127 3277 2273 3332 enim
2314 3277 2448 3332 mihi
2489 3275 2634 3347 apud
2671 3291 2771 3333 vos
2803 3275 3250 3347 aggrediendum.
3279 3277 3449 3331 o-vir-

187 3372 470 3442 παρθένοι,
499 3374 597 3444 τὴν
631 3371 771 3426 κατά
800 3371 862 3424 τὸ
888 3373 1247 3443 προκείμενον
1270 3373 1382 3445 (71)
1411 3374 1650 3429 διάνοιαν
1676 3371 1714 3424 δτ

1920 3373 2047 3434 [ηρεη
2074 3369 2304 3432 ratione,
2326 3377 2384 3424 ut
2403 3370 2551 3424 allati
2572 3371 2684 3439 jam
2709 3379 2888 3425 textus
2907 3369 3204 3440 Scriptum
3227 3384 3447 3425 sensum

185 3461 357 3514 λῶσαι
389 3461 492 3532 τῆς
523 3461 770 3531 Γραφῆς.
811 3463 868 3514 '0
895 3463 1004 3533 γὰρ
1027 3461 1168 3516 κατὰ
1195 3477 1248 3514 τι
1283 3463 1469 3534 μόριον
1500 3461 1712 3531 φυλασσ

1926 3464 2137 3518 )eriam.
2188 3461 2457 3516 Nimirum
2505 3465 2600 3532 qui
2639 3477 2706 3517 ex
2750 3469 2905 3533 parte
2945 3477 3005 3517 se
3061 3462 3176 3533 ipse
3211 3465 3453 3518 custodit

190 3570 348 3624 μενος
392 3553 490 3606 καὶ
521 3553 826 3624 προσέχων,
865 3554 1005 3609 κατά
1031 3572 1082 3607 τι
1124 3553 1182 3608 δὲ
1226 3553 1643 3625 περισπώμενος
1679 3571 1717 3606 κ.

1928 3555 2090 3626 bique
2135 3555 2388 3620 attendit,
2433 3571 2501 3610 ex
2551 3562 2707 3626 parte
2761 3569 2890 3609 vero
2935 3555 3083 3612 curis
3127 3555 3453 3611 distrahitur

186 3645 560 3716 πλημμελῶν,
603 3646 722 3710 ὅλος
763 3647 862 3700 οὐκ
905 3647 1187 3702 ἀνάκειται
1230 3647 1368 3718 Θεῷ.
1406 3647 1620 3719 Χρῆναι
1665 3664 1713 3716 γ‹

1925 3663 2036 3717 ,que
2058 3647 2130 3701 ab
2159 3647 2338 3702 oliicio
2380 3649 2680 3712 relaxatur,
2725 3648 2773 3703 is
2808 3663 2919 3703 non
2960 3655 3106 3703 totus
3143 3647 3254 3703 Deo
3293 3648 3452 3703 addi-

185 3741 276 3790 τὸν
308 3740 520 3794 τέλειον
560 3739 736 3792 πάντα
769 3739 1064 3806 ἀναθεῖναι,
1101 3741 1196 3794 καὶ
1227 3741 1297 3795 τὰ
1329 3743 1428 3813 τῆς
1471 3743 1649 3814 ψυχῆς
1681 3761 1712 3796 κ

1932 3751 1998 3789 us
2027 3745 2131 3790 est.
2179 3734 2362 3801 Quare
2403 3751 2630 3792 necesse
2662 3744 2744 3792 est
2775 3745 2834 3792 ut
2869 3739 2962 3808 qui
3012 3737 3286 3808 perfectus
3331 3753 3455 3793 esse

187 3830 254 3883 τὰ
286 3831 392 3900 τῆς
431 3829 665 3901 σαρκὸς,
714 3832 860 3895 ὅπως
903 3832 1090 3906 ᾇρτιος
1129 3835 1235 3904 εἴη,
1284 3835 1378 3888 καὶ¹
1411 3835 1486 3906 μὴ
1531 3835 1714 3906 ὲλλιπή

1924 3829 2026 3891 alit,
2062 3838 2259 3884 cuncta
2291 3828 2400 3884 Deo
2449 3838 2753 3894 consecret,
2789 3840 2901 3886 tum
2929 3846 3052 3902 quae
3079 3831 3249 3886 animi
3302 3841 3451 3898 sunt,

184 3921 372 3995 ταύτῃ
397 3923 464 3993 δὴ
493 3922 589 3974 καὶ
629 3921 707 3993 τῷ
757 3923 1007 3995 Ἀϐραὰμ
1029 3925 1056 3977 ὁ
1090 3924 1221 3989 Θεὸς
1248 3926 1537 3996 ὑφηγεῖται
1563 3945 1577 3958 ⁸
1620 3926 1708 3981 Ad

1929 3937 1992 3974 un
2038 3937 2158 3991 quae
2189 3922 2396 3986 carnis,
2432 3930 2491 3976 ut
2536 3922 2748 3993 integer
2775 3923 2846 3978 sit
2889 3930 2944 3978 et
2991 3939 3154 3994 quem
3189 3925 3324 3978 nihil
3358 3924 3456 3980 dc-

180 4031 280 4081 μοι
311 4013 582 4082 δάμαλιν
622 4012 1044 4081 τριετίζουσαν,
1071 4014 1280 4084 λέγων,
1315 4017 1414 4070 καὶ
1465 4013 1603 4085 αἶγα
1628 4033 1707 4084 τρι

1930 4013 2046 4068 :iat.
2098 4013 2311 4068 Idcirco
2357 4014 2502 4068 enim
2543 4012 2688 4070 Deus
2733 4015 3010 4070 Abraham
3054 4015 3320 4085 praecipit,
3370 4014 3457 4070 di-

185 4101 479 4162 ινίζουσαν
508 4103 605 4156 καὶ
637 4103 806 4170 κριόν
833 4103 1188 4172 τριετίζοντα
1207 4146 1222 4170 ,
1260 4106 1360 4160 καί
1387 4108 1648 4176 τρυγόνα
1678 4124 1712 4159 κ

1930 4121 2010 4160 ens
2033 4106 2078 4139 ⁸³
2105 4123 2118 4159 :
2155 4107 2316 4162 Sume
2340 4109 2470 4164 mihi
2501 4125 2711 4163 vaccam
2744 4110 2995 4164 triemtem
3023 4117 3073 4163 et
3110 4124 3327 4178 capram
3358 4110 3457 4162 tri-

185 4193 583 4262 περιστεράν
620 4196 649 4247 ὃ
680 4198 828 4248 ἐστιν
862 4195 1142 4267 εὐφήμως.
1185 4197 1510 4268 Ἐπίστησον
1539 4198 1666 4270 γὰρ,
1695 4199 1712 4252 Ε

1937 4214 2045 4263 am,
2084 4208 2133 4253 et
2176 4201 2393 4255 arietem
2440 4217 2702 4257 annorum
2737 4201 2920 4265 trium,
2955 4209 3214 4255 turturem
3255 4216 3456 4272 quoque

183 4287 320 4358 περὶ
345 4287 561 4340 τούτων
588 4287 811 4341 κάκεῖνο
846 4291 1135 4360 παρεγγυᾷ
1153 4305 1165 4318 °
1203 4289 1541 4362 Προσένεγκέ
1568 4309 1657 4363 μοι
1685 4309 1710 4344 κ

1945 4293 2264 4350 columbam.
2296 4292 2513 4365 Optime
2544 4307 2697 4348 sane.
2728 4292 2964 4346 Adverte
2993 4289 3142 4347 enim
3178 4291 3280 4346 hoc
3310 4307 3451 4362 quo-

185 4377 434 4444 φύλαξον
463 4377 645 4447 ἄζυγα
667 4378 760 4432 καὶ
789 4379 1076 4434 ἀκάκωτόν
1099 4397 1191 4434 σου
1224 4381 1325 4452 τὴν
1360 4381 1560 4452 ψυχὴν,
1601 4381 1712 4451 δαμ

1926 4396 1987 4435 ue
2005 4382 2072 4437 de
2096 4382 2204 4438 illis
2232 4381 2516 4447 mandare,
2540 4381 2792 4451 hancque
2821 4378 2925 4435 loci
2951 4379 3275 4434 sententiam
3293 4394 3414 4433 esse
3439 4393 3453 4431 :

183 4470 324 4533 λεως
352 4470 536 4540 δίκην,
572 4471 666 4524 καὶ
685 4471 784 4542 τὴν
811 4472 988 4543 σάρκα
1010 4473 1217 4526 καὶτὸν
1239 4473 1496 4544 λογισμόν
1515 4490 1528 4502 ·
1553 4472 1650 4545 τὴν
1679 4490 1710 4544 μ

1930 4473 2029 4528 ﬂ'er
2061 4474 2192 4527 mihi
2227 4481 2281 4528 et
2315 4489 2498 4538 serva,
2532 4488 2652 4544 quae
2686 4472 2791 4528 sub
2816 4471 3009 4542 jugum
3037 4471 3204 4525 missa
3228 4485 3334 4524 non
3363 4470 3455 4533 sit,

184 4564 264 4627 ὡς
289 4560 452 4633 αἶγα,
479 4564 669 4634 ἐπειδὴ
693 4563 762 4618 τὰ
802 4565 1050 4636 μετέωρα
1090 4564 1185 4618 καὶ
1217 4565 1508 4637 κρημνώδη
1553 4583 1711 4639 περιτ

1933 4580 1984 4621 ac
2029 4567 2198 4621 aratri
2227 4566 2507 4622 laboribus
2538 4567 2787 4630 subacta,
2820 4567 3056 4636 primum
3086 4579 3265 4621 vacca:
3311 4578 3460 4634 sym-

182 4657 301 4711 λεῖ·
344 4659 444 4712 τὸν
488 4658 547 4711 δὲ
578 4655 656 4720 ὡς
697 4657 888 4728 κριὸν,
925 4657 1011 4710 ῖνα
1059 4656 1323 4728 μηδαμῶς
1367 4637 1709 4730 ἀποσκιρτήσ

1933 4659 2030 4724 >Ιο,
2065 4659 2303 4715 animam
2349 4668 2523 4726 tuam,
2551 4667 2668 4714 tum
2702 4673 2947 4724 carnem,
2980 4663 3258 4729 postremo
3303 4671 3460 4710 men-

298 4815 346 4848 ⁸⁸
393 4811 567 4868 Num.
606 4814 758 4878 v1.1.
840 4813 884 4845 ”
925 4811 1054 4868 Gen.
1097 4828 1188 4878 xv,
1233 4811 1286 4867 9.

260 4960 384 5030 (70)
421 4958 536 5012 τὸν
562 4951 757 5030 ἆθλον
780 4956 891 5025 τῆς
918 4956 1266 5030 παρθενίας.
1310 4954 1642 5030 i'irginitatis
1664 4971 1784 5007 mu-

1932 4957 2035 5017 tlis,
2088 4956 2328 5013 litteruli.
2361 4955 2611 5030 Spiritali
2650 4969 2780 5025 ergo
2831 4971 3017 5018 sensu,
3047 4961 3237 5030 votum
3277 4951 3459 5030 ﬂan-

185 5023 290 5085 nus
328 5023 512 5084 libens
556 5028 785 5089 reddidi,
815 5023 975 5098 prout
1004 5023 1121 5081 ludi
1153 5035 1206 5081 et
1245 5023 1782 5098 certaniina,_iisque
1887 5035 2094 5090 reatus,
2149 5037 2331 5082 votum
2363 5023 2473 5097 quo
2523 5027 2647 5098 quis
2706 5023 2902 5098 magne
2940 5034 3121 5089 vovet,
3160 5023 3458 5098 intiriftcum

187 5100 474 5153 obeundis
519 5098 771 5162 labores,
815 5093 1034 5152 Latinis
1085 5113 1303 5151 munera
1353 5107 1514 5158 sunt;
1575 5094 1782 5150 Graecis
1890 5098 2021 5152 illud
2049 5114 2187 5167 opus
2213 5103 2293 5166 (ut
2318 5093 2515 5154 sonant
2543 5093 3106 5155 Hebnea.’voluerunt
3124 5097 3174 5150 οἱ
3203 5093 3342 5148 LXX
3374 5111 3463 5150 ex-

189 5167 382 5233 ἇθλβς.
446 5167 1132 5239 Ροςεὶηἱυε,γιεὶγρὶηὶιαιιε
1170 5168 1584 5237 ρνοιεεπὶοηριης
1637 5185 1716 5239 qtn

1934 5169 2123 5223 rimere
2145 5185 2276 5239 voce
2315 5171 2428 5231 illa,
2457 5168 2706 5239 μεγάλως
2743 5167 3023 5239 εὔξασθαι)
3055 5170 3120 5222 de
3157 5167 3461 5236 virginibus

191 5257 363 5293 sensu
402 5255 514 5293 non
556 5240 729 5293 abest.
777 5238 1093 5308 Sequentia,
1138 5240 1279 5292 ultro
1325 5249 1624 5306 susceptum
1665 5238 1780 5306 ejus
1887 5240 2111 5308 exponit
2144 5237 2467 5302 Methodius,
2496 5253 2616 5308 quae
2645 5237 2756 5291 Deo
2791 5251 2844 5292 et
2881 5238 3117 5292 animam
3149 5244 3204 5292 et
3237 5252 3458 5306 corpus,

192 5328 388 5370 causa,
429 5309 626 5362 inutile
669 5312 938 5376 glossema
968 5326 981 5360 :
1017 5325 1125 5363 non
1159 5311 1304 5364 enim
1351 5310 1417 5362 de
1451 5312 1555 5361 alia
1601 5321 1784 5362 sermo
1891 5323 1954 5378 ac
1987 5311 2248 5378 quidquid
2284 5311 2500 5364 demum
2549 5316 2696 5368 sunt,
2731 5308 2980 5364 obtulere
3020 5317 3374 5378 servantque,
3405 5317 3460 5360 ut

193 5381 519 5449 virginitate
545 5380 664 5433 viro
693 5379 1086 5444 ecclesiastico,
1117 5387 1177 5434 ut
1205 5393 1344 5448 opus
1379 5381 1449 5434 sit
1480 5381 1584 5433 hoc
1610 5379 1788 5433 aduo-
1891 5377 2216 5435 Deosancta
2249 5388 2301 5433 et
2327 5386 2574 5449 separata
2603 5394 2617 5430 :
2648 5379 2793 5448 quod
2827 5394 2958 5449 sane
2985 5393 3083 5448 pro
3103 5377 3340 5449 humana
3363 5377 3465 5449 i_m-

196 5446 340 5504 tare.
373 5451 675 5521 COIBEFIS.
1147 5516 1192 5521 __
1243 5446 1258 5448 “
1311 5517 1324 5521 _
1387 5518 1396 5521 _
1657 5517 1667 5521 Α
1762 5517 1773 5521 _
1893 5451 2187 5505 beeilldate
2239 5446 2486 5504 maximae
2530 5446 2750 5521 virtutis
2777 5458 2884 5521 est:
2927 5446 3060 5504 Post
3096 5446 3458 5521 πλημμελῶν,

271 5520 389 5592 (71)
422 5523 586 5574 Κατὰ
602 5520 678 5592 γτὸ
699 5520 1112 5590 προκεᾷιενσν.
1147 5516 1270 5574 Vat.
1311 5517 1494 5582 habet,
1538 5517 1683 5572 κατά
1728 5517 1790 5572 τὸ

1943 5523 2143 5585 llatius,
2185 5522 2287 5574 οὐκ
2332 5521 2614 5592 εὐαρεστεῖ
2649 5517 2727 5589 τῷ
2762 5517 2905 5592 ᾲθεῷ,
2959 5535 3065 5573 non
3108 5516 3280 5592 placet
3330 5516 3461 5592 ηερ,

203 5586 446 5660 maga,
467 5591 612 5659 quod
645 5586 793 5644 esset
823 5586 1156 5658 spiritualem
1181 5605 1423 5652 sensum;
1459 5605 1559 5644 nee
1587 5598 1670 5644 est
1694 5605 1792 5642 ne—
1893 5593 2037 5660 quod
2089 5595 2357 5660 glossema
2391 5586 2623 5653 videtur,
2667 5586 3111 5660 n‘isirutrumque
3159 5586 3464 5660 Methodius

203 5657 360 5715 eesse
398 5673 456 5713 ut
486 5657 704 5729 πνεῦμα
742 5657 856 5733 hic
879 5663 979 5733 loci
1009 5663 1226 5716 divinus
1246 5662 1392 5733 __i_pse
1425 5660 1786 5733 Spiritusjn-
1896 5657 2138 5733 srripsi't.
2173 5662 2222 5733 id
2254 5670 2359 5727 est,
2388 5679 2490 5717 non
2523 5663 2726 5733 integra
2747 5659 2944 5716 oblatio
2965 5657 3065 5726 est,
3097 5667 3190 5714 aut
3217 5674 3334 5730 qua
3353 5657 3464 5725 pia-

207 5733 508 5800 trlligatur,
529 5733 606 5784 uti
631 5728 879 5785 reddidit
903 5731 1208 5785 Possinius.
1243 5729 1305 5784 ΊΙ
1327 5732 1467 5783 κατὰ
1487 5731 1547 5782 τδ
1575 5728 1734 5798 πνεῦι

755 5732 879 5784 1ὶι1ἱι
903 5731 1208 5785 Possinius.
1243 5729 1305 5784 ἸΙ
1327 5732 1467 5783 κατὰ
1487 5731 1547 5782 τὸ
1575 5728 1790 5798 πνεῦμα
1895 5728 2025 5786 reat
2044 5732 2167 5786 Deo.
2211 5731 2282 5787 lo.

207 5799 443 5864 διάνοια,
477 5805 773 5872 opponitur
798 5804 862 5874 τῇ
891 5802 1030 5856 κατὰ
1068 5802 1127 5854 τὸ
1165 5801 1350 5872 ῥητόν,
1397 5818 1580 5854 sensus
1634 5805 1734 5870 spz't

671 5806 773 5855 itur
798 5804 862 5874 τῇ
891 5802 1030 5856 κατὰ
1068 5802 1127 5854 τὸ
1165 5801 1350 5872 ῥητόν,
1397 5818 1580 5854 sensus
1634 5804 1793 5870 spirt-
2191 5825 2198 5833 -
