3866 6160
446 320 513 377 99
1362 323 1423 375 S.
1475 320 1803 375 METBUDII
1845 317 2154 376 EPISCCPI
2192 320 2278 376 ET
2320 322 2680 381 MARTYRIS

3596 340 3694 396 100

443 460 548 503 um
588 461 600 497 :
638 457 870 512 quarum
928 443 1043 497 hinc
1091 441 1312 512 quidem
1365 457 1589 513 capram
1646 442 1868 504 referat,
1913 458 2021 512 qua

2126 446 2333 518 ἐκπέσῃ
2367 449 2458 499 καὶ
2483 446 2802 520 ἑξολισθήσῃ
2829 448 2927 520 τῆς
2952 448 3224 521 ἀληθείας.
3245 450 3399 506 Οὕτω
3428 451 3536 526 γὰρ
3554 455 3697 509 ἐντε-

440 537 584 591 celsa
607 533 944 604 abruptaque
961 534 1320 602 perambulat,
1340 534 1428 586 illa
1452 535 1696 596 arietem,
1717 550 1783 589 ne
1803 535 2021 603 quando

447 625 654 680 resiliat
678 634 845 695 atque
875 640 903 678 a
932 624 1046 679 veri
1082 624 1304 678 tramite
1329 623 1567 678 excidat.
1596 622 1687 678 Sic
1726 626 1871 679 enim
1900 640 2023 694 per-

447 717 624 771 fectus
652 717 765 772 eris
805 722 858 770 et
888 732 917 769 a
960 717 1122 786 culpa
1175 716 1457 778 immunis,
1501 730 1535 769 0
1578 714 1873 780 Abraham,
1913 717 2022 771 tuis

445 825 568 865 cum
600 809 804 871 anima,
846 816 960 861 tum
988 823 1152 862 sensu
1186 814 1240 861 et
1271 814 1470 874 mente,
1510 807 1640 859 mihi
1672 807 1872 877 pariter
1900 823 2024 861 con-

446 901 712 968 secratis;
743 915 862 968 quae
891 898 1187 970 symbolice
1218 913 1438 952 vaccam
1467 905 1520 952 et
1549 912 1769 967 capram
1794 905 1847 952 et
1880 899 2023 952 arie-

446 1003 551 1047 tem
579 996 845 1047 tricnnem
876 991 1111 1053 vocavit,
1144 999 1404 1058 tanquam
1445 1005 1566 1059 qua:
1595 996 1800 1043 sanctae
1842 988 2024 1044 Trini-

446 1083 573 1136 tatis
599 1084 962 1151 cognitionem
983 1090 1186 1134 rectam
1220 1096 1332 1149 prae
1350 1095 1409 1134 se
1442 1079 1669 1134 ferrent.

511 1172 626 1229 Nisi
665 1172 800 1227 forte
832 1173 920 1226 hic
949 1174 1152 1241 potius,
1194 1172 1369 1241 prima
1404 1183 1458 1226 et
1490 1172 1666 1227 media
1713 1187 1777 1227 ac
1805 1180 2022 1242 postre-

445 1280 553 1330 ma,
603 1265 728 1318 vita:
773 1271 973 1318 nostra:
1018 1264 1303 1333 aetatisque
1352 1262 1436 1316 via
1489 1264 1703 1318 occulte
1751 1262 2020 1325 innuitur,

447 1358 556 1412 Deo
596 1358 700 1411 hoc
744 1365 959 1426 agente,
1004 1363 1064 1410 ut
1107 1372 1272 1426 quam
1319 1356 1557 1411 maxime
1606 1355 1855 1419 licuerit,
1896 1372 2026 1426 pne-

444 1451 602 1506 rilem
636 1449 959 1519 virilemque
994 1464 1059 1502 ac
1099 1449 1326 1504 senilem
1355 1455 1571 1503 aetatem
1610 1456 1764 1503 caste
1806 1457 2024 1503 transa-

442 1548 585 1602 ctas,
636 1538 715 1592 illi
764 1536 1078 1592 oﬂeramus.
1130 1536 1602 1603 Quemadmodum
1653 1544 1707 1591 et
1759 1534 2023 1591 Dominus

443 1641 632 1686 noster
658 1629 818 1685 Jesus
862 1629 1117 1685 Christus
1165 1631 1221 1683 in
1252 1628 1542 1698 Evangelio
1566 1630 1612 1660 9°
1648 1629 1912 1698 praecipit,
1948 1630 2024 1683 ita

444 1724 700 1778 sanciens
744 1741 757 1777 :
804 1721 1098 1791 Lampades
1156 1732 1340 1776 vestra:
1383 1738 1446 1775 ne
1486 1722 1923 1791 exstinguantur,
1973 1732 2024 1776 et

2123 535 2219 606 λὴς
2243 536 2338 610 ἔσῃ
2358 538 2450 589 καὶ
2470 538 2855 609 ἀνεπίληπτος,
2875 533 2920 591 ὦ
2944 539 3145 612 ’Λϐραὰ
3154 559 3211 613 μ,
3231 543 3448 608 ἀναθεὶς
3468 546 3589 616 ἐμοὶ
3607 550 3698 602 καὶ

2123 627 2221 697 τὴν
2236 627 2410 698 ψυχὴν
2427 629 2519 682 καὶ
2531 628 2628 699 τὴν
2644 628 2895 699 αἴσθησιν
2921 631 3120 684 καὶτὸν
3141 632 3286 696 νοῦν,
3305 633 3341 686 δι
3363 636 3697 706 συμϐολικῶς

2123 717 2357 788 δάμαλιν
2406 719 2508 791 ἔφη
2543 720 2637 773 καὶ
2664 716 2796 789 αἶγα
2825 723 2918 775 καὶ
2947 723 3100 795 κριὸν
3131 724 3502 795 τριετίζοντα,
3541 729 3698 782 οἱονεὶ⁵

2123 810 2222 880 τὴν
2286 810 2485 878 γνῶσιν
2546 812 2932 883 ἀκακέμφατον
2984 815 3085 885 τῆς
3147 817 3376 887 Τριάδος
3427 820 3698 893 ἐπανῃρη-

2128 903 2285 974 μένα.

2195 1165 2349 1236 Τάχα
2378 1165 2437 1219 δὲ
2476 1166 2572 1220 καὶ
2606 1167 2705 1239 τὴν
2738 1166 2961 1240 πρώτην
3003 1169 3099 1222 καὶ
3130 1168 3227 1240 τὴν
3259 1170 3431 1243 μέσην
3463 1174 3557 1225 καὶ
3602 1177 3697 1242 τὴν

2122 1256 2437 1311 τελευταίαν
2466 1258 2560 1312 τοῦ
2593 1259 2707 1330 βίου
2738 1262 2832 1314 καὶ
2857 1263 2955 1333 τῆς
2976 1262 3188 1333 ἡλικίας
3208 1265 3366 1335 ἡμῶν
3401 1265 3697 1319 αἰνίσσεται

2123 1349 2342 1419 τρίϐον,
2379 1350 2733 1422 βουλόμενος,
2776 1352 2852 1416 ὡς
2888 1353 2967 1407 ἔνι
3011 1354 3274 1425 μάλιστα,
3325 1356 3420 1408 καὶ
3461 1357 3551 1410 τὸν
3593 1357 3698 1411 τῶν

2127 1440 2332 1494 παίδων
2378 1443 2474 1495 καὶ
2519 1444 2609 1496 τὸν
2654 1441 2763 1495 τῶν
2810 1443 3018 1515 ἀνδρῶν
3066 1446 3161 1499 καὶ
3220 1444 3330 1499 τῶν
3369 1447 3699 1520 γεραιτέρων

2124 1530 2314 1601 χρόνον
2344 1532 2637 1603 σωφρόνως
2672 1532 2993 1603 βιώσαντας,
3019 1533 3169 1605 αὐτῷ
3200 1536 3698 1607 προσενέγκασθαιο

2126 1622 2248 1676 καθ’
2286 1623 2349 1676 ὃν
2381 1625 2581 1696 τρόπον
2610 1626 2705 1679 καὶ
2744 1627 2774 1679 ὁ
2818 1626 3021 1699 Κύριος
3059 1628 3216 1699 ἡμῶν
3258 1631 3317 1682 ἐν
3357 1629 3704 1698 Εὑαγγελίοις

2127 1716 2560 1787 παρακελεύεται
2607 1718 2816 1790 Ἰησοῦς
2851 1721 3107 1791 Χριστὸς,
3129 1714 3231 1774 ὧδε
3271 1721 3607 1792 νομοθετῶνο
3639 1724 3703 1776 Οἱ

444 1814 607 1868 lumbi
657 1814 815 1867 vestri
860 1830 922 1867 ne
952 1813 1243 1867 solvantur.
1273 1812 1402 1867 Ideo
1429 1823 1477 1867 et
1508 1830 1594 1868 vos
1625 1812 1821 1867 similes
1851 1823 2015 1869 estote

2123 1809 2333 1876 λύχνοι
2368 1809 2535 1879 ὑμῶν
2559 1810 2644 1880 μὴ
2694 1813 3166 1868 σϐεννύσθωσαν
3191 1853 3206 1877 ,
3253 1815 3351 1869 καὶ
3382 1817 3435 1867 οἱ
3478 1815 3703 1883 ὀσφύες

442 1904 739 1958 hominibus
772 1903 1188 1971 exspectantibus
1218 1902 1491 1957 dominum
1514 1920 1689 1969 suum,
1713 1903 1922 1974 quando
1940 1921 2014 1958 re-

442 2006 678 2051 vertatur
706 2013 737 2050 a
760 1996 976 2064 nuptiis,
1009 2005 1066 2048 ut
1096 2012 1214 2048 cum
1243 1997 1436 2049 venerit
1470 2006 1519 2050 et
1551 1997 1860 2066 pulsaverit,
1892 2014 2021 2052 con-

444 2090 618 2152 festim
648 2088 893 2156 aperiant
922 2088 993 2140 ei.
1028 2085 1183 2140 Beati
1208 2087 1386 2151 eritis,
1420 2089 1545 2158 quia
1593 2088 1752 2155 faciet
1789 2088 2023 2142 discum-

441 2186 557 2230 bere
607 2194 717 2243 vos,
757 2192 800 2231 et
838 2181 1095 2234 transiens
1130 2182 1469 2237 ministrabit.
1507 2183 1650 2243 Etsi
1692 2185 1745 2238 in
1782 2186 2015 2240 secunda

438 2269 642 2337 vigilia,
666 2280 713 2322 et
744 2272 788 2323 si
820 2272 871 2324 in
895 2275 1072 2337 tertia,
1098 2277 1236 2327 beati
1261 2276 1435 2331 eritis.
1461 2275 1818 2333 Considerate
1845 2278 2013 2345 enim,

440 2362 898 2428 quemadmodum
964 2373 1073 2419 tres
1136 2368 1315 2421 noctis
1385 2368 1723 2436 designando
1801 2369 2017 2440 vigilias

444 2453 834 2523 (vespertinam
861 2465 915 2508 et
949 2458 1243 2510 secundam
1269 2467 1322 2511 et
1346 2460 1583 2526 tertiam)
1628 2470 1848 2529 tresque
1885 2474 2017 2514 suos

442 2542 730 2606 adventus,
771 2531 804 2596 ο
832 2543 1095 2612 virgines,
1131 2544 1400 2613 triplicem
1436 2552 1660 2598 aetatum
1705 2554 2021 2602 nostrarum

438 2634 613 2687 vicem
648 2636 911 2698 innuerit,
943 2635 1203 2704 puerilem
1247 2636 1483 2700 scilicet,
1510 2637 1751 2692 adultam
1782 2654 1847 2694 ac
1873 2641 2021 2696 seni-

439 2724 567 2779 lem.
610 2725 814 2795 Nempe
844 2727 945 2780 hoc
976 2734 1248 2796 satagens,
1288 2737 1345 2781 ut
1384 2730 1497 2783 sive
1532 2730 1764 2799 primam
1798 2740 2020 2802 agentes

439 2825 652 2870 aetatem
680 2818 806 2886 (hoc
839 2826 924 2873 est
961 2818 1247 2889 puerilem)
1280 2835 1343 2873 ex
1380 2820 1582 2874 mundo
1637 2834 2020 2892 assumplurns

439 2908 671 2971 venerit,
707 2918 925 2975 paratos
965 2923 1065 2962 nos
1108 2924 1172 2963 ac
1202 2908 1438 2965 mundos
1464 2911 1710 2980 nullique
1740 2929 1910 2982 pravo
1936 2915 2019 2969 in-

439 3000 633 3053 stituto
661 3001 908 3054 addictos
942 3003 1220 3069 inveniat;
1254 3018 1317 3056 ac
1344 3002 1599 3058 similiter
1638 3004 1753 3059 sive
1791 3007 2016 3060 alteram

439 3091 823 3154 decurrentes,
859 3092 990 3145 sive-
1020 3093 1261 3147 tertiam.
1292 3091 1790 3164 Vespertinacnim
1839 3105 2018 3151 custo-

438 3182 526 3236 dia
556 3188 733 3236 aetatis
763 3182 861 3236 llos
892 3192 975 3237 est
1013 3193 1065 3237 et
1102 3184 1385 3253 juventus,
1425 3203 1551 3241 Clllll
1604 3202 1760 3242 mens
1804 3190 2013 3243 turbari
2042 3170 2086 3227 (δ

437 3275 629 3344 incipit
657 3278 781 3351 vitae
810 3277 1288 3342 alternationibus,
1331 3282 1663 3349 pubescente
1704 3281 1817 3351 jam
1849 3299 2016 3339 carne

434 3375 602 3438 atque
647 3367 702 3421 in
736 3368 1013 3422 libidinem
1049 3371 1336 3439 gestiente.
1373 3370 1628 3428 Secunda
1671 3390 1802 3429 vero
1840 3376 1896 3429 in
1934 3378 2017 3429 vi-

436 3471 557 3512 rum
583 3458 693 3528 jam
719 3459 1016 3528 perlectum
1042 3471 1315 3529 provecta,
1347 3463 1566 3533 quando
1595 3480 1749 3521 mens
1777 3467 2015 3536 quietem

436 3564 502 3603 ac
534 3549 840 3604 ﬁrmitatem
869 3552 1133 3607 adversus
1152 3554 1535 3622 perturbantes
1562 3565 1742 3612 motus
1772 3558 2019 3612 inanem-

434 3654 542 3709 que
580 3640 896 3708 jactantiam
946 3642 1138 3711 incipit
1182 3658 1481 3700 assumere.
1537 3643 1722 3699 Tertia
1776 3645 2014 3717 denique

434 3744 557 3782 cum
621 3746 817 3800 magna
874 3747 1002 3800 pars
1056 3732 1452 3787 desideriorum
1503 3749 1567 3789 ac
1616 3736 2009 3805 cogitationum

433 3818 734 3883 evanescit,
770 3832 1142 3876 marcescente
1161 3822 1276 3891 jam
1304 3838 1471 3878 carne
1503 3831 1669 3895 atque
1699 3826 1754 3880 in
1793 3826 2007 3881 senium

431 3917 710 3980 vergente.

2127 1900 2295 1973 ὑμῶν
2319 1901 2406 1970 μὴ
2440 1901 2821 1959 λυέσθωσαν.
2853 1902 2959 1957 Διὰ
2985 1903 3159 1957 τοῦτο
3186 1904 3283 1957 καὶ
3320 1904 3492 1972 ὑμεῖς
3518 1903 3703 1973 ὅμοιοι

2127 1970 2365 2063 γίνεσθε
2419 1992 2748 2062 ἀνθρώετοις
2785 1994 3291 2065 προσδεχομένοις
3337 1970 3445 2049 τὸν
3500 1970 3706 2063 κύριον

2127 2086 2347 2150 αὐτῶν,
2383 2087 2529 2140 πότε
2549 2088 2828 2156 ἀναλύσῃ
2855 2088 2924 2140 ἐκ
2951 2087 3070 2141 τῶν
3096 2086 3316 2157 γάμων,
3344 2088 3446 2141 ἵνα
3469 2089 3703 2143 ἐλθόντι

2126 2180 2224 2233 καὶ
2262 2180 2589 2247 κρούσαντι
2624 2177 2784 2244 αὐτῷ
2817 2179 3035 2246 εὐθέως
3063 2178 3369 2243 ἀνοίξωσι.
3414 2178 3704 2249 Μακάριοι

2125 2269 2287 2334 ἐστε,
2333 2272 2419 2324 ὅτι
2451 2270 2763 2325 ἀνακλινεῖ
2796 2268 2950 2339 ὑμᾶς
2969 2309 2985 2334 ,
3016 2270 3115 2323 καὶ
3158 2269 3471 2338 παρελθὼν
3506 2270 3703 2324 διακο-

2126 2360 2334 2427 νήσει·
2368 2360 2483 2415 κᾶν
2526 2360 2601 2431 τῇ
2642 2360 2920 2429 δευτέρᾳ,
2961 2360 3077 2415 κᾶν
3114 2359 3189 2429 τῇ
3225 2361 3392 2430 τρίτῃ
3435 2359 3702 2431 φυλακῇ,

2121 2452 2402 2521 μακάριοί
2431 2452 2588 2506 ἐστε.
2633 2452 3031 2522 Ἐπισκέψασθε
3056 2452 3299 2525 γὰρ,-ὃτι
3325 2456 3475 2525 τρεῖς
3506 2453 3704 2506 ὑποθέ-

2131 2560 2290 2613 μενος
2318 2543 2564 2612 φυλακὰς
2595 2545 2819 2610 νυκτὸς,
2854 2544 3145 2616 ἐσπερινὴν
3173 2546 3267 2598 καὶ
3304 2545 3570 2617 δευτέραν
3614 2547 3708 2599 καὶ

2125 2634 2335 2705 τρίτην,
2363 2636 2458 2689 καὶ
2486 2638 2634 2708 τρεῖς
2657 2635 2850 2689 ἐαυτοῦ
2881 2637 3200 2708 παρουσίας,
3229 2632 3273 2689 ὦ
3296 2637 3579 2710 παρθένοι,
3606 2637 3707 2701 τὰς

2125 2730 2273 2797 τρεῖς
2304 2727 2461 2798 ἡμῶν
2488 2728 2588 2799 τῆς
2617 2727 2835 2799 ἡλικίας
2855 2728 3072 2799 ᾐνίξατο
3099 2729 3558 2803 μεταϐολὰςητὴν
3592 2747 3705 2801 μει-

2130 2819 2366 2890 ρακιὼδη
2422 2820 2515 2873 καὶ
2556 2820 2654 2890 τὴν
2702 2821 2976 2892 πρόσηϐον
3024 2821 3120 2875 καὶ
3170 2822 3267 2894 τὴν
3302 2823 3701 2893 πρεσϐυτικήν·

2127 2910 2214 2965 ἵνα
2242 2911 2343 2964 κᾶν
2383 2910 2478 2983 τὴν
2512 2911 2734 2982 πρώτην
2771 2911 3001 2980 ἄγοντας
3029 2913 3264 2982 ἡλικίαν,
3300 2914 3550 2967 τουτέστι
3586 2917 3707 2968 παῖ-

2122 3003 2219 3066 δας
2265 3002 2458 3067 ὄντας,
2499 3003 2593 3056 ἐὰν
2629 3002 2757 3074 ἔλθῃ
2805 3004 3260 3076 παραληψόμενος
3314 3004 3410 3058 τοῦ
3463 3007 3704 3077 κόσμου,

2125 3095 2374 3166 ἑτοίμους
2397 3095 2677 3168 καταλάϐῃ
2701 3095 2793 3148 καὶ
2830 3096 3126 3167 καθαροὺς,
3159 3098 3324 3169 μηδὲν
3362 3099 3709 3171 ἐπιτετηδευ-

2121 3184 2284 3247 κότας
2331 3184 2551 3237 σκαιόν·
2594 3185 2697 3238 κᾶν
2742 3186 2841 3257 τὴν
2882 3186 3140 3257 δευτέραν
3185 3188 3424 3257 ὁμοίως,
3469 3190 3573 3243 κᾶν
3609 3191 3707 3261 τὴν

2121 3278 2332 3349 τρίτην.
2397 3277 2688 3349 Ἐσπερινὴ
2740 3279 2850 3351 γὰρ
2896 3279 3106 3351 φυλακὴ
3138 3281 3170 3332 ὁ
3220 3282 3409 3353 καιρός
3442 3283 3562 3335 ἐστι
3609 3284 3707 3355 τῆς

2122 3367 2308 3438 ἀκμῆς
2344 3366 2438 3420 τοῦ
2473 3368 2762 3440 ἀνθρώπου
2796 3370 2889 3423 καὶ
2920 3373 2952 3441 ἡ
2981 3372 3189 3442 νεότης,
3226 3372 3349 3426 καθ’
3379 3373 3446 3445 ἣν
3478 3374 3707 3447 ἄρχεται

2122 3460 2489 3531 ταράσσεσθαι
2508 3461 2567 3514 τὸ
2589 3462 2933 3532 ἡγεμονικὸν,
2964 3464 3380 3535 ἐπιθολούμενον
3400 3471 3523 3530 ταῖς
3553 3465 3707 3532 ἐξαλ-

2123 3550 2314 3622 λαγαῖς
2341 3553 2435 3606 τοῦ
2469 3554 2604 3624 βίου,
2647 3554 2871 3626 ἡϐώσης
2903 3556 3068 3609 αὑτοῦ
3101 3557 3201 3627 τῆς
3230 3558 3433 3629 σαρκὸς
3472 3559 3574 3630 ἤδη
3614 3557 3708 3611 καὶ

2118 3645 2463 3717 τρεπομένης
2494 3647 2572 3709 εἰς
2615 3646 2802 3710 πάθος.
2837 3647 3078 3719 Δευτέρα
3122 3648 3210 3712 δὲ,
3248 3650 3489 3719 ὁπηνίκα
3521 3649 3706 3703 λοιπὸν

2119 3742 2200 3802 εἰς
2248 3739 2417 3810 ἄνδρα
2448 3738 2651 3792 τέλειον
2689 3739 2907 3801 ἐλάσας,
2941 3738 3166 3810 ἄρχεται
3217 3741 3405 3795 στάσιν
3448 3742 3564 3812 (72)
3611 3740 3707 3795 καὶ

2119 3831 2446 3902 βεϐαιότητα
2470 3831 2576 3884 τῶν
2616 3830 2858 3903 θορύϐων
2895 3832 2923 3883 ὁ
2967 3831 3090 3891 νοῦς
3127 3834 3571 3905 προσλαμϐάνειν
3614 3841 3707 3887 καὶ

2116 3923 2213 3991 τῆς
2247 3924 2495 3993 οἰήσεως.
2538 3922 2708 3994 Τρίτη
2749 3923 2832 3988 δὲ,
2878 3924 2965 3975 ὅτε
2999 3925 3052 3976 αἱ
3102 3924 3349 3978 πλεῖσται
3408 3926 3706 3994 φαντασίαι

2116 4014 2362 4085 φθίνουσι
2398 4015 2504 4067 τῶν
2537 4014 2859 4085 ἐπιθυμιῶν,
2904 4015 3425 4087 ἀπομαραινομένης
3470 4016 3574 4088 ιἤδη
3604 4014 3706 4085 τῆς

2078 4116 2095 4129 ⁹
2116 4112 2318 4181 σαρκὸς
2349 4110 2442 4161 καὶ
2471 4109 2550 4171 είς
2581 4108 2755 4178 γῆρας
2786 4107 3225 4178 προκυπτούσης.

1260 4228 1390 4282 (ΖΜ).
1424 4227 1512 4283 ill.
1551 4228 1589 4281 Α
1616 4244 1777 4298 puero
1807 4230 2050 4283 virtutem
2078 4227 2266 4292 colere,
2292 4226 2442 4296 longe
2471 4225 2743 4294 optimum.

501 4336 871 4406 Quamobrem
905 4342 1180 4402 convenit,
1210 4354 1439 4397 accensa
1461 4342 1515 4396 in
1544 4344 1708 4398 corde
1737 4359 1856 4413 quae
1871 4358 2017 4399 sem-

2184 4343 2274 4396 Διὸ
2311 4341 2576 4413 προσήκει
2604 4338 2865 4393 ἄσϐεστον
2897 4339 2953 4391 ἐν
2987 4339 3051 4409 τῇ
3084 4336 3283 4409 καρδίᾳ
3308 4339 3551 4403 πίστεως
3581 4339 3705 4404 ἐξά-

431 4448 530 4503 per
561 4433 751 4487 ardeat
785 4433 906 4487 lidei
941 4432 1209 4503 lampade,
1234 4441 1288 4488 et
1317 4435 1517 4490 lumbis
1539 4436 1716 4490 balteo
1742 4437 2010 4492 castitatis

2123 4435 2322 4504 ᾧαντας
2355 4433 2565 4504 λύχνον,
2599 4433 2691 4486 καὶ
2736 4431 2904 4499 ὀσφὺν
2938 4429 3393 4499 ἀναζωσαμένους
3436 4430 3541 4501 τῆς
3595 4449 3704 4484 σω-

430 4523 752 4589 succinctis,
788 4539 889 4579 nos
922 4518 1150 4594 vigilare
1190 4540 1253 4579 ac
1302 4525 1591 4580 Dominum
1654 4542 1871 4597 semper
1906 4544 2002 4582 ex-

429 4623 698 4686 spectare,
726 4625 785 4670 ut
809 4617 921 4671 sive
950 4620 1005 4671 in
1031 4617 1207 4689 prima
1230 4627 1383 4673 aetate
1413 4627 1661 4673 nostrum
1685 4620 1902 4689 aliquos
1922 4636 2012 4676 ve-

466 4771 515 4802 ”
544 4770 677 4825 Luc.
712 4787 810 4838 xu,
844 4772 932 4840 '55,
960 4772 1050 4827 '58.

500 4888 613 4955 (7'2)
648 4889 915 4956 ’Λρχεται
954 4886 1193 4942 στάσιν.
1242 4884 1340 4937 Hic
1371 4891 1546 4956 status
1582 4884 1747 4956 priori
1772 4892 2005 4939 contra-

427 4957 546 5012 rius
593 4955 945 5023 describitur,
992 4974 1101 5026 quo
1145 4958 1371 5027 ἄρχεται
1416 4955 1804 5027 ταράσσεσθαι,
1858 4971 2003 5027 mens

430 5026 636 5080 turbari
664 5030 848 5096 incipit
888 5026 1236 5097 passionilnis
1269 5041 1332 5079 ac
1376 5026 1661 5097 libidinum
1691 5034 1828 5080 aestu
1868 5044 1882 5079 :
1924 5026 2005 5076 al-

428 5105 547 5166 tero
578 5099 779 5166 itaque,
802 5096 992 5151 adulta
1025 5098 1135 5166 jam
1159 5104 1318 5150 aetate
1347 5105 1400 5149 et
1429 5096 1483 5148 in
1517 5097 1692 5149 virum
1726 5106 2000 5165 provecta,

427 5165 606 5219 sedari
626 5169 804 5237 incipit
830 5165 1085 5237 roburque
1112 5167 1344 5220 nancisci
1373 5169 1634 5221 adversus
1658 5168 2002 5219 tui-nationes

429 5238 698 5302 ejusmodi
740 5250 791 5291 et
823 5241 1126 5306 passiones,
1163 5253 1284 5307 quae
1312 5253 1454 5307 pene
1475 5245 1810 5296 evanescunt
1842 5238 2001 5290 senili

428 5315 608 5366 aetate,
636 5305 1022 5374 Inembrisjam
1051 5305 1391 5377 frigentibus.
1415 5305 1531 5360 Non
1558 5308 1693 5361 bene
1716 5307 2000 5377 Possinius

426 5392 615 5447 vocem
649 5379 855 5447 στάσιν,
904 5387 1047 5430 statu
1082 5376 1180 5430 niti
1214 5377 1443 5447 quodam
1479 5379 1659 5446 incipit
1695 5391 1712 5428 :
1742 5384 1829 5432 est
1856 5376 1999 5430 enim

430 5446 540 5506 hic,
565 5460 725 5514 quam
757 5446 1078 5500 Aristoteles
1104 5446 1318 5518 κινήσει
1355 5451 1600 5516 opponit,
1630 5449 1679 5500 id
1708 5460 1792 5502 cst
1817 5448 1960 5518 quies
1984 5460 2001 5496 :

428 5531 591 5587 quam
614 5518 707 5583 qui
732 5526 929 5587 statum
958 5518 1132 5570 reddit
1153 5516 1225 5587 ea
1246 5521 1582 5585 acceptione.
1618 5522 1773 5586 plane
1800 5516 2006 5587 βαρϐα-

430 5584 591 5655 ρίζει,
616 5603 716 5639 nec
742 5585 933 5640 Latina
957 5602 1140 5641 vocem
1173 5584 1415 5640 Cra-eain
1445 5584 1686 5657 exponit.
1717 5584 2006 5642 Ninil'l'eli—

2115 4527 2410 4601 φροσύνης,
2444 4523 2803 4596 ἐγρηγορέναι
2850 4522 2943 4575 καὶ
2984 4521 3291 4592 προσδοκᾷν
3331 4522 3417 4575 ἀεὶ
3450 4522 3546 4575 τὸν
3591 4516 3706 4575 K6-

2122 4636 2234 4690 pzov
2253 4634 2266 4647 ·
2305 4618 2411 4678 ἵνα,
2437 4615 2538 4670 κᾶν
2563 4618 2618 4668 ἐν
2651 4616 2716 4685 τῇ
2742 4611 2932 4685 πρώτῃ
2958 4612 3144 4682 ἡλικίᾳ
3167 4611 3510 4682 παραλαϐεῖν
3545 4612 3709 4682 ήμῶν

2108 4885 2228 4937 eius
2256 4884 2522 4952 explicata
2544 4899 2645 4938 vox
2666 4886 2908 4954 οἰήσεως.
2942 4882 3248 4940 Possinius.
3277 4883 3549 4937 erroribus
3574 4884 3695 4936 vitae

2108 4955 2407 5017 dominari;
2444 4955 2691 5014 Allatius.
2736 4956 2948 5008 resectis
2986 4955 3400 5023 opinationibus.
3441 4954 3539 5007 list
3578 4957 3692 5006 haec

2109 5026 2337 5078 alterum
2369 5026 2580 5085 vitium,
2632 5039 2739 5093 quo
2774 5027 3007 5079 liiaxime
3047 5026 3257 5077 laborat
3295 5026 3693 5082 adolescentia,

2108 5096 2284 5147 inanis
2324 5094 2566 5163 quoidam
2595 5094 2862 5162 jacmntia
2900 5105 2947 5147 et
2981 5096 3313 5162 arrogantia,
3348 5094 3521 5162 τῦφος
3557 5113 3571 5148 :
3604 5094 3696 5162 qui

2110 5166 2227 5233 ipse
2259 5165 2485 5217 allectus
2520 5164 2572 5216 in
2612 5166 2733 5217 viro
2762 5164 2871 5232 jam
2914 5169 3213 5216 maturiore
3238 5172 3398 5218 aetate
3429 5180 3493 5215 ac
3526 5177 3695 5217 sensu

2108 5236 2346 5297 saniore,
2367 5234 2602 5288 mitescit
2621 5249 2682 5287 ac
2704 5233 2881 5304 sedari
2905 5234 3125 5302 incipit:
3149 5235 3287 5304 idem
3312 5235 3455 5302 quod
3482 5233 3656 5304 οἴημα
3677 5248 3691 5285 :

2108 5306 2253 5359 unde
2268 5303 2577 5375 οίηματίας,
2596 5303 2866 5371 superbus,
2898 5304 3128 5357 insolens
3151 5302 3251 5373 (α).
3275 5305 3375 5375 qui
3402 5305 3469 5357 de
3495 5302 3699 5357 senta-

2108 5390 2211 5443 gna
2240 5374 2478 5444 concipit
2503 5393 2517 5428 :
2546 5378 2616 5427 ita
2643 5376 2870 5443 juvenes
2905 5391 2997 5442 per
3025 5374 3474 5444 iuexperientiam
3501 5389 3573 5444 ac
3601 5386 3697 5444 ea.

2109 5442 2224 5499 lore
2253 5442 2536 5514 sanguinis
2571 5462 2587 5498 :
2623 5442 2742 5513 Quae
2779 5449 2859 5497 sic
2900 5445 3062 5498 docte
3091 5458 3351 5511 expressa
3390 5442 3693 5514 Methodio,

2110 5511 2397 5571 verborum
2428 5511 2803 5586 phalerisialio
2834 5516 3049 5569 trahere
3080 5529 3189 5567 non
3211 5513 3492 5567 convenit.
3517 5511 3692 5566 Con.

493 5702 564 5759 ta)
603 5701 672 5751 Ita
712 5715 910 5763 quoque
956 5702 1167 5770 Budaeus
1209 5707 1467 5770 Comment.
1502 5705 1548 5754 L.
1578 5707 1653 5757 ϐ..
1691 5708 1741 5753 v"
1760 5720 1979 5770 unum,
2010 5706 2140 5755 unde
2174 5715 2265 5752 sua
2292 5700 2516 5750 nausi~se
2550 5697 2741 5747 videtur
2772 5694 3107 5747 Combetisius.
3152 5694 3319 5744 Adisis
3367 5704 3695 5766 Hesychium,

430 5768 482 5810 v"
505 5778 681 5822 Wtug,
708 5769 887 5812 novies.
913 5765 1032 5812 edit.
1063 5771 1177 5813 tom.
1207 5766 1265 5825 ll,
1298 5779 1407 5827 pag.
1439 5768 1546 5815 7'25.
1576 5770 1719 5816 lianc.
