3866 6160
204 323 301 380 ΝΗ

1291 322 1423 377 (ἶοΝ
1436 322 1678 378 ιἰνιυιι
1723 322 1953 377 DECEM
1996 321 2363 380 VIRGINUM.

3376 330 3475 394 Ιτὶὲ

197 459 355 505 τινας
396 440 653 513 βουληθῇ,
687 442 791 497 κᾶν
836 444 894 496 ἐν
930 444 997 513 τῇ
1034 441 1281 514 δευτέρα,
1312 443 1416 496 κᾶν
1444 444 1502 495 ὲν
1535 446 1600 514 τῇ
1633 443 1767 515 τρίτῃ

1897 443 1956 495 lit
1987 459 2288 509 assumere,
2322 443 2437 499 sive
2468 443 2522 498 in
2562 444 2826 510 secunda,
2885 446 3001 501 sive
3047 447 3101 502 in
3160 448 3325 503 tertia
3383 467 3479 506 ve-

196 533 394 597 ὲλθὼν,
424 535 518 587 καὶ
563 534 740 605 εὑρὼν
785 534 1188 604 ὲτοιμοτάτους,
1235 536 1330 588 καὶ
1369 535 1405 589 ἃ
1457 534 1791 609 προσέταξεν

195 630 625 699 ἐργαζομένους,
666 630 948 684 ἀνακλινεῖ
995 633 1077 695 εἰς
1116 628 1366 701 Ἀϐραὰμ
1412 631 1647 694 κόλπους
1699 633 1792 685 καί

208 721 397 775 Ἰσαὰκ
423 723 518 775 καὶ
557 723 772 776 Ἰακώϐ.
790 723 1059 794 Ἱερεμίας
1081 723 1157 785 δὲ,
1176 724 1436 792 Ἀγαθὸν,
1475 726 1661 795 φησὶν,
1681 726 1793 779 dr-

193 811 316 881 δρι,
343 813 493 867 ὅταν
532 814 646 882 ἄρῃ
682 812 858 883 ζυγὸν
902 814 972 867 ἐν
999 816 1234 882 νεότητι
1278 817 1486 879 αὑτοῦ,
1528 818 1625 870 καὶ
1670 818 1790 873 ἀπὸ

192 905 305 958 τοῦ
336 905 559 972 Κιιρίου
601 904 689 974 μὴ
739 906 978 974 ἀποστῇ
1026 909 1066 976 ἡ
1114 908 1285 977 ⁸Ψυχὴ
1333 908 1540 963 αὑτοῦ.
1563 910 1789 978 Ἀγαθὸν

193 996 308 1067 γὰρ
332 999 399 1049 ὲκ
429 996 658 1059 παίδων,
684 996 760 1060 ὡς
804 996 1040 1067 ἀληθῶς,
1070 999 1336 1053 ὑποθέντα
1368 1000 1458 1054 τὸν
1485 1000 1689 1071 αὐχένα
1719 1006 1787 1075 τῇ

193 1088 322 1143 θεία
364 1090 606 1159 προσοχῇ
643 1088 777 1159 (7'5),
828 1089 901 1161 μὴ
947 1089 1339 1144 ἀποσείσασθαι
1389 1092 1553 1162 μέχρι
1602 1091 1789 1163 γήρως

190 1180 288 1233 τὸν
322 1178 589 1248 ἐπιϐάτην
619 1178 888 1251 καθαραῖς
933 1181 1126 1251 φρεσὶν
1165 1183 1548 1253 ὲποχούμενον,
1583 1186 1670 1238 ἀεὶ
1697 1186 1788 1239 τὸν

191 1268 455 1339 λογισμὸν
484 1270 567 1332 εἰς
601 1268 673 1322 τὰ
700 1269 868 1340 χείρω
896 1269 1253 1336 καθέλκοντος
1280 1271 1374 1325 τοῦ
1408 1272 1670 1344 πονηροῦ.
1690 1274 1787 1337 Τίς

190 1361 303 1432 γὰρ
341 1362 406 1413 οὑ
440 1360 541 1423 τὰς
576 1361 643 1413 δι’
675 1360 961 1431 ὀμμάτων,
994 1361 1078 1426 τίς
1109 1362 1151 1415 δ’
1181 1363 1244 1415 ού
1270 1363 1370 1426 τὰς
1398 1364 1464 1416 δι’
1495 1362 1669 1429 ὢτων,
1700 1365 1786 1429 τίς

187 1452 234 1505 δ’
257 1452 322 1505 ού
362 1451 465 1515 τὰς
491 1452 580 1505 διὰ
609 1454 870 1521 γεύσεως,
902 1453 1223 1525 ὀσφρήσεὼς
1254 1472 1314 1509 τε
1346 1456 1441 1508 καὶ
1472 1456 1617 1527 ἁφῆς
1665 1457 1787 1529 ἡδο-

189 1545 289 1608 νάς
331 1546 431 1598 καὶ
459 1545 679 1617 τέρψεις
706 1536 1049 1617 ἀποδέχεται,
1075 1546 1174 1617 τὴν
1222 1547 1432 1617 ἡνίοχον
1480 1547 1552 1618 μὴ
1600 1548 1784 1620 φέρων

190 1635 574 1707 σωφροσύνην,
604 1637 893 1709 εἴργουσαν
938 1640 1031 1692 καὶ
1058 1638 1537 1709 καθαιμάττουσαν
1565 1640 1655 1694 τὸν
1694 1642 1783 1695 ἴπ-
1818 1664 1825 1681 ι

188 1744 295 1780 πον
338 1728 442 1798 τῆς
470 1729 701 1795 κακίας;
742 1730 967 1801 Ἕτερος
1000 1731 1098 1801 μὲν
1129 1726 1222 1784 οὖν
1249 1732 1330 1793 είς
1374 1731 1537 1802 ἕτερα
1563 1731 1781 1785 ἐπιϐλέ-

1891 536 2071 596 niens.
2107 537 2602 606 paratissimosquc
2641 538 2927 593 inveniens
2956 547 3011 594 et
3040 556 3160 610 quae
3191 545 3478 597 mandavit

1890 635 2275 695 exsequentes,
2312 628 2366 681 in
2412 628 2537 683 sinu
2572 629 2826 694 Abrahae,
2860 631 3014 687 Isaac
3046 645 3100 687 et
3151 631 3324 690 Jacob
3384 649 3476 690 re-

1891 717 2075 771 clinet.
2132 715 2399 773 Jeremias
2448 733 2577 773 vero
2606 760 2620 774 .
2674 719 2902 783 Bonum,
2941 723 3036 787 ait,
3068 734 3149 777 est
3186 726 3325 803 viro.
3355 742 3475 779 cum

1889 808 2375 878 portaveritjugum
2399 809 2463 863 ab
2492 810 2848 866 adolescentia
2871 814 2971 867 sua
2993 815 3076 880 ⁹¹;
3101 824 3150 870 et
3181 833 3214 870 a
3245 803 3506 906 Domino:

1891 916 1995 953 non
2023 902 2291 954 recesserit
2308 890 2494 956 anima
2521 903 2635 969 eius
2664 905 2730 960 ”.
2764 903 2974 959 Bonum
3032 922 3184 973 sane,
3222 923 3253 961 a
3285 910 3464 979 prima

1886 1001 2043 1047 aetate
2068 1000 2122 1046 et
2151 1008 2180 1045 a
2211 1008 2383 1062 puero
2414 995 2700 1064 supposita
2743 996 2942 1051 divinae
2983 997 3290 1069 disciplinae
3347 1016 3473 1056 cer-

1886 1086 2028 1149 vice,
2062 1085 2128 1139 ad
2179 1091 2453 1140 senectam
2502 1103 2677 1157 usque
2730 1104 2840 1143 non
2891 1097 3149 1146 excutere
3197 1106 3467 1148 sessorem

1888 1174 2042 1242 puris
2076 1175 2351 1230 mentibus
2395 1176 2748 1242 insidentem,
2794 1192 2920 1233 cum
2948 1180 3202 1237 diabolus
3230 1183 3285 1236 in
3315 1182 3471 1240 dete-

1887 1265 2003 1320 rius
2034 1266 2336 1336 vitiumque
2369 1268 2612 1322 animum
2643 1271 2861 1326 trahere
2896 1288 3177 1343 nunquam
3202 1273 3465 1333 .desinat.

1887 1355 2100 1423 Quotus
2135 1359 2279 1413 enim
2307 1360 2543 1431 quisque
2581 1369 2688 1426 est,
2724 1365 2818 1435 qui
2853 1380 2964 1419 non
2996 1382 3092 1436 per
3121 1367 3335 1433 oculos,
3370 1372 3466 1437 qui

1883 1464 1996 1503 non
2039 1466 2133 1520 per
2186 1466 2347 1507 aures
2381 1460 2713 1524 gustumque
2736 1463 2797 1511 et
2830 1471 2993 1512 nares
3024 1465 3077 1512 et
3105 1465 3335 1522 tactum,
3366 1476 3468 1513 vo-

1884 1541 2121 1612 luptates
2177 1558 2241 1598 ac
2292 1545 2517 1601 delicias
2574 1546 2851 1613 admittat,
2906 1549 3182 1604 castitatis
3227 1552 3464 1606 sessoris

1883 1633 2195 1703 impatiens,
2231 1650 2353 1705 qua:
2385 1636 2574 1707 utique
2599 1637 2856 1709 nequitiae
2883 1653 3086 1709 equum
3117 1648 3371 1695 coerceat
3395 1653 3462 1693 ac

1883 1734 2107 1780 cruenta
2136 1726 2285 1780 calce
2317 1727 2608 1783 cohibeat?
2640 1727 2758 1783 Erit
2792 1728 2932 1784 forte
2959 1730 3074 1801 qui,
3135 1731 3242 1785 alio
3286 1733 3463 1802 respi-

186 1818 300 1888 ψας
332 1819 466 1874 ἄλλα
492 1819 704 1885 δοξάσει
728 1837 741 1850 ·
770 1822 928 1891 ἡμεῖς
971 1821 1027 1873 δὲ
1064 1822 1373 1876 ἀνατιθέναι
1400 1821 1629 1894 λέγομεν
1659 1824 1767 1876 ἐαυ-

1882 1816 2056 1881 ciens,
2089 1833 2249 1872 secus
2269 1819 2494 1873 omnino
2541 1834 2605 1874 ac
2658 1820 2766 1874 alia
2817 1821 3041 1876 sentiat.
3097 1820 3294 1878 Nostra
3326 1839 3461 1880 vero

185 1911 281 1963 τὸν
329 1912 554 1975 τελείως
601 1912 741 1983 Θεῷ,
775 1914 834 1976 ὃς
868 1917 960 1967 καὶ
1000 1916 1098 1987 τὴν
1146 1917 1323 1987 σάρκα
1364 1915 1629 1987 ἄχραντον
1664 1914 1775 1986 (74)

187 2007 254 2057 ἐκ
284 2004 491 2071 παίδων
516 1989 876 2074 φιλοτιμεῖται
898 2006 1208 2075 φυλάττειν,
1241 2006 1539 2077 παρθενίαν
1567 2004 1773 2060 ἀσκῶν.

185 2095 696 2166 Περισπουδάστους
725 2096 856 2168 γὰρ,
888 2098 1129 2168 μεγάλας
1162 2098 1389 2152 ἐλπίδων
1418 2096 1626 2169 δωρεὰς
1665 2097 1777 2160 τοῖς

183 2192 498 2262 ἐφιεμένοις
542 2194 711 2263 αὐτῆς
757 2192 965 2263 ταχέως
997 2193 1172 2264 φέρει,
1202 2192 1271 2246 τὰ
1311 2191 1651 2263 λυμαντήρια
1676 2191 1776 2261 τῆς

184 2281 368 2353 ψυχῆς
404 2283 855 2355 ἀπομαραίνουσα
878 2282 1024 2353 πάθη
1064 2284 1158 2337 καὶ
1185 2282 1606 2352 ὑπεκκαύματα.
1637 2281 1772 2352 Φέρε

184 2391 320 2447 γαρ,
351 2375 741 2446 είσηγήσωμαι
772 2374 889 2439 πῶς
915 2373 1251 2444 ἀνακείμεθα
1278 2373 1356 2444 τῷ
1388 2373 1597 2444 Κυρίῳ.

1884 1906 1999 1962 haec
2030 1910 2337 1976 sententia;
2376 1912 2589 1982 hocque
2618 1912 2876 1980 dicimus,
2926 1914 3170 1984 perfecte
3218 1914 3332 1971 Deo
3369 1916 3459 1973 of-

1879 1997 2013 2054 ferri
2046 2015 2110 2054 ac
2141 2002 2478 2063 consecrari,
2510 2002 2604 2071 qui
2637 2009 2692 2056 et
2714 2017 2937 2057 carnem
2974 2017 3005 2057 a
3039 2019 3208 2073 puero
3239 2004 3460 2058 intami—

1882 2099 2072 2146 natam
2106 2093 2441 2163 virginitatis
2486 2096 2638 2148 cultu
2692 2110 2915 2149 servare
2967 2096 3267 2151 contendit.
3317 2096 3460 2155 Vero

1882 2184 2026 2238 enim
2061 2168 2392 2254 expetendas
2424 2185 2545 2255 ejus
2589 2191 2839 2242 accensis
2878 2186 3177 2251 desiderio,
3228 2205 3457 2260 magnas

1881 2291 2170 2331 munerum
2195 2293 2321 2347 spes
2359 2276 2537 2342 aﬂert,
2568 2294 2690 2348 quae
2712 2280 2976 2336 exitiosos
3011 2281 3197 2334 animo
3246 2283 3456 2337 labefa-

1881 2375 1991 2421 ctet
2025 2367 2252 2424 affectus
2300 2384 2365 2423 ac
2416 2370 2669 2425 incendia
2718 2372 3063 2441 comprimat.
3097 2371 3254 2428 Nunc
3283 2375 3458 2446 expli-

1876 2460 2112 2513 candum
2143 2461 2417 2529 quomodo
2450 2469 2640 2517 nostra
2688 2460 2800 2517 Deo
2827 2465 3172 2520 consecratio
3202 2464 3454 2525 devotio-

1875 2566 1983 2620 que
2009 2551 2297 2606 consistat.

977 2660 1105 2715 CAP.
1146 2658 1235 2712 IV.
1269 2659 1511 2729 Perfecta
1536 2657 1646 2713 Deo
1680 2660 2007 2713 consecratio
2035 2667 2086 2713 et
2131 2659 2357 2726 devotio,
2387 2678 2630 2734 quamam
2651 2667 2678 2719 ξ’

248 2779 325 2834 Τὸ
350 2779 506 2849 γοῦν,
533 2779 818 2851 Mea-ritur
842 2778 1131 2844 εὔξασθαι
1158 2775 1370 2846 εὐχὴν,
1401 2779 1459 2831 ὲν
1483 2777 1596 2839 τοῖς
1623 2777 1770 2847 Ἀρι-

179 2870 338 2941 θμοῖς
387 2872 866 2943 νομοθετούμενον,
899 2871 1058 2924 τοῦτο
1102 2870 1452 2942 παρίστησιν,
1498 2868 1634 2939 ὅπερ
1679 2867 1770 2920 ἐπὶ

177 2961 345 3015 πλέον
399 2960 512 3029 ἐγὼ
552 2961 934 3033 διηγησαμένη
980 2960 1281 3030 ἀποφαίνω,
1325 2958 1568 3031 μεγάλην
1600 2958 1766 3029 εὐχὴν

178 3051 319 3106 εἶναι
352 3052 509 3123 παρὰ
534 3052 714 3115 πάσας
734 3050 898 3121 εὑχὰς
920 3050 1347 3105 ἀποδεικνύουσα
1400 3048 1500 3120 τὴν
1529 3050 1764 3119 ἁγνείαν.

178 3146 315 3197 Τότε
347 3144 461 3214 γὰρ
492 3143 786 3213 ἀνάκειμαι
809 3141 1096 3214 προφανῶς
1123 3143 1272 3195 πᾶσα
1286 3138 1363 3211 τῷ
1378 3139 1587 3211 Κυρίῳ,
1606 3139 1766 3193 ὁπότε

181 3234 256 3305 μὴ
295 3235 461 3305 μένον
505 3234 607 3302 τὴν
646 3233 825 3304 σάρκα
863 3232 1150 3295 συνουσίας
1176 3231 1474 3301 ἀνέπαφον,
1512 3229 1647 3283 ἀλλὰ
1673 3231 1767 3283 καὶ

176 3326 287 3378 τῶν
315 3324 527 3377 λοιπῶν
545 3324 913 3394 ἁτοπημάτων
938 3323 1165 3378 ἄσπιλον
1191 3327 1377 3395 τηρεῖν
1406 3324 1764 3395 ἀγωνίζομαι.

189 3414 253 3466 Ἡ
276 3414 389 3482 γὰρ
412 3414 658 3483 ἄγαμος,
688 3414 839 3484 φησῒ,
869 3413 1123 3483 μεριμνᾷ
1147 3413 1219 3468 τὰ
1242 3414 1352 3468 τοῦ
1375 3414 1618 3483 Κυρίου,
1641 3413 1768 3481 πῶς

178 3508 387 3575 ἀρέσει
416 3506 500 3573 τῷ
531 3508 729 3575 Κυρίῳ
752 3508 847 3562 "ob
880 3508 1037 3579 μόνον
1065 3508 1154 3562 ἵνα
1188 3508 1262 3579 μὴ
1291 3508 1468 3580 χωλὴν
1499 3508 1598 3579 τῆς
1639 3508 1768 3579 ἀρε-

176 3596 277 3664 τῆς
306 3595 453 3649 κατά
483 3613 538 3649 τι
571 3597 757 3667 μόριον
789 3596 1159 3668 ἀπενέγκηται
1188 3598 1284 3668 τὴν
1313 3597 1489 3663 δόξαν,
1518 3597 1635 3651 ἀλλ’
1663 3598 1767 3668 ἄμ-

180 3705 285 3752 φω,
321 3689 467 3742 κατά
492 3689 584 3742 τὸν
624 3690 1084 3753 Ἀπόστολον,σκαὶ
1115 3692 1184 3744 ἐν
1211 3689 1291 3756 τῷ
1321 3689 1547 3760 σώματι
1576 3690 1672 3744 καὶ
1697 3690 1766 3743 ἐν

178 3781 261 3846 τῷ
297 3783 593 3850 πνεύματι
633 3781 952 3850 ἁγιάζηται,
986 3782 1247 3836 ἀναθεῖσα
1278 3783 1347 3837 τά
1379 3783 1515 3854 μέλη
1550 3782 1760 3854 Κυρίῳ.

181 3872 247 3924 Τί
280 3875 387 3945 γάρ
417 3875 539 3927 ἐστι
566 3875 627 3926 τὸ
657 3875 930 3929 ἀναθεῖναι
968 3876 1157 3929 ἑαυτὸν
1183 3875 1402 3941 τελείως
1433 3875 1644 3947 Κυρίῳ,
1679 3875 1765 3928 λε-

180 3965 357 4018 κτέον.
378 3966 504 4019 Ἐἀν
534 3966 627 4019 ἐπὶ
661 3965 825 4019 τῶνδε
857 3968 953 4037 μὲν
981 3967 1174 4032 ἀνοίξω
1204 3968 1265 4020 τὸ
1292 3969 1482 4039 στόμα,
1507 3969 1598 4021 ἐπὶ
1623 3966 1762 4020 τῶνσ-

180 4056 234 4108 δε
263 4057 321 4110 δὲ
353 4058 725 4112 κατακλείσωο
763 4053 891 4122 οἷον,
927 4059 1121 4124 ἀνοίξω
1158 4061 1255 4129 μὲν
1282 4060 1408 4129 περὶ
1441 4061 1537 4123 τὰς
1566 4060 1765 4131 ἐξηγή-

184 4166 297 4212 σεις
324 4150 430 4202 τῶν
464 4151 506 4202 Γ
514 4151 721 4221 ραφῶν,
751 4152 829 4214 είς
857 4152 916 4204 τὸ
946 4151 1238 4224 ὀρθοδόξως
1267 4153 1503 4222 ὑμνῆσαι
1536 4154 1630 4204 καὶ
1662 4168 1760 4222 με-

181 4241 547 4314 γαλοπρεπῶς
579 4244 720 4296 κατὰ
743 4244 968 4314 δύναμιν
996 4246 1085 4297 τὸν
1118 4244 1248 4298 Θεόν
1267 4262 1279 4274 ·
1313 4245 1653 4297 κατακλείσω
1680 4244 1759 4308 δὲ,

183 4333 354 4404 θύραν
385 4335 538 4406 αύτῷ
569 4335 765 4407 θεμένη
794 4338 886 4389 καὶ
920 4336 1184 4408 φυλακὴν,
1218 4336 1310 4389 τοῦ
1343 4336 1545 4407 μάταια
1577 4337 1649 4406 μὴ
1674 4336 1764 4389 λα·-

181 4427 293 4480 }.st
311 4446 324 4459 ·
371 4429 598 4498 ἁγνεύει
639 4447 741 4500 μου
778 4430 839 4483 τὸ
869 4432 1041 4501 στόμα
1069 4430 1162 4483 καὶ
1190 4431 1469 4483 ἀνάκειται
1503 4427 1579 4499 τῷ
1607 4427 1724 4499 Θεῷ
1743 4446 1754 4458 ·

193 4521 255 4575 Ἡ
276 4522 532 4590 γλῶσσά
550 4541 667 4593 μου
698 4523 962 4592 κάλαμος
1006 4523 1247 4592 γέγονεν,
1281 4522 1507 4597 ὄργανον
1537 4521 1723 4591 σοφίας
1747 4539 1762 4553 ·

177 4616 379 4686 γράφει
409 4614 523 4685 γὰρ
555 4616 621 4668 δι’
655 4616 823 4685 αὑτῆς
851 4615 1124 4687 ἁριδήλοις
1155 4616 1494 4686 γράμμασιν,
1525 4614 1628 4667 ὑπὸ
1665 4613 1758 4666 τοῦ

179 4706 377 4775 βάθους
407 4708 505 4760 καὶ
535 4708 632 4777 τῆς
660 4707 961 4778 δεινότητος
993 4707 1099 4760 τῶν
1134 4706 1365 4779 Γραφῶν
1402 4707 1646 4776 φωτίζων
1667 4706 1757 4760 τὸν

175 4795 301 4849 νοῦν
333 4796 470 4870 (75),
519 4795 615 4849 τοῦ
660 4798 975 4869 Πνεύματος
1029 4799 1058 4851 ὁ
1105 4797 1275 4865 Λόγος
1308 4797 1442 4868 (76),
1486 4799 1516 4850 ὁ
1554 4797 1756 4868 Κύριος

244 4912 291 4944 ⁵³
334 4911 530 4966 Thren.
560 4927 645 4976 ιιι,
678 4909 770 4967 27.
845 4911 891 4943 ’³
927 4908 1041 4964 Jer.
1074 4926 1209 4974 xvn,
1236 4910 1293 4965 5.

173 4998 323 5046 xuv,
355 4981 410 5036 2.

243 5097 359 5175 (Ἱᾷ)
396 5096 481 5165 Τῇ
516 5097 646 5163 θείᾳ
673 5091 1229 5175 προσοχῇ-Ἦιιῑιιιξε
1258 5092 1535 5175 diligentia
1568 5099 1652 5147 est
1689 5106 1754 5147 ac

172 5164 476 5232 sedulitas;
518 5182 605 5226 ac,
635 5168 780 5235 quod
820 5166 1132 5226 reddebam,
1163 5164 1447 5235 disciplina
1475 5178 1493 5215 :
1522 5178 1631 5231 quo
1660 5177 1751 5215 ar-

171 5248 436 5309 gumento
477 5232 736 5309 praeclare
774 5236 916 5289 inter
952 5235 1193 5309 reliquos
1232 5232 1485 5309 Basilius.
1518 5234 1752 5309 rigentia

171 5303 412 5368 dicatur,
437 5303 537 5377 per
558 5322 644 5360 me
671 5308 830 5369 licet;
864 5306 1141 5377 RPBO'EUXﬁ
1159 5304 1303 5375 quod
1326 5303 1749 5377 habentMazar.

172 5390 223 5431 γι
255 5373 519 5453 Allatius,
546 5391 659 5430 non
694 5373 984 5453 placet.:Et
1016 5373 1233 5453 quidem
1263 5374 1436 5453 oratio
1452 5374 1545 5453 _v_el
1575 5373 1751 5453 maxi—

174 5466 257 5504 me
292 5448 493 5519 virgini
529 5443 842 5501 necessaria
859 5451 930 5524 _ut
949 5459 1007 5499 se
1034 5443 1343 5524 contineat;
1372 5443 1466 5524 sed
1499 5443 1625 5496 huic
1648 5456 1750 5524 ac-

172 5513 631 5573 cedant'necesse
656 5523 762 5576 est,
802 5515 964 5592 etiam
1001 5516 1218 5592 reliqua
1241 5513 1459 5592 virtutis
1485 5513 1746 5592 exercitia

174 5600 340 5655 atque
378 5603 569 5656 opera,
614 5594 676 5641 ut
705 5589 779 5642 sit
802 5586 959 5654 plena
1005 5582 1368 5639 sanctificatio
1401 5597 1468 5637 ac
1516 5582 1739 5637 oblatio.

172 5663 461 5713 noscens.

243 5732 361 5789 (75)
399 5729 520 5795 Τὴν
556 5725 755 5793 σάρκα
785 5724 1101 5794 ἄχραντον.
1134 5723 1451 5778 Necessario
1484 5722 1625 5795 istud
1661 5737 1751 5777 as-

175 5791 546 5871 ssniptum'cx
571 5791 791 5851 Allatio.
818 5791 942 5852 llaec
962 5810 1197 5869 namque
1221 5796 1459 5864 perfecta
1484 5791 1592 5849 Deo
1618 5809 1749 5849 cou-

1397 4909 1444 4943 "
1484 4908 1648 4962 Num.
1708 4925 1785 4975 γι,
1832 4910 1886 4963 4.
1962 4905 2010 4940 ³⁸⁵
2048 4902 2225 4960 ICor.
2257 4920 2355 4971 vn,
2400 4905 2491 4961 54.

1949 2775 2105 2843 Quod
2134 2778 2315 2848 itaque
2335 2778 2391 2833 in
2416 2778 2557 2834 libro
2586 2778 2946 2836 Numerorum
2971 2782 3455 2856 sancitur:Magne

1876 2876 2052 2920 votum
2085 2883 2266 2921 vovere
2303 2869 2368 2933 ”,
2397 2869 2500 2924 hoc
2534 2870 2794 2935 ostendit,
2825 2872 2976 2942 quod
3009 2888 3109 2945 ego
3142 2878 3304 2945 paulo
3336 2894 3454 2933 ani-

1872 2953 2019 3021 plius
2039 2956 2363 3024 explanans,
2388 2972 2647 3028 magnum
2672 2946 2857 3013 votum
2904 2961 3046 3016 inter
3076 2966 3257 3018 omnia
3301 2978 3448 3032 vota,

1872 3045 2257 3101 castimoniam
2289 3064 2411 3104 esse
2450 3056 2631 3104 statuo
2651 3065 2715 3104 ac
2740 3052 2931 3121 probo.
2970 3053 3125 3110 Tunc
3158 3058 3301 3111 enim
3357 3074 3447 3129 pa-

1874 3138 1980 3191 lam
2006 3138 2136 3193 etin
2159 3140 2392 3194 solidum
2428 3149 2650 3213 totaque
2687 3142 2918 3199 Domino
2947 3159 3270 3204 consecrata
3300 3167 3447 3213 sum.

1869 3246 1993 3283 cum
2028 3245 2137 3285 non
2161 3231 2335 3285 solum
2366 3235 2588 3287 carnem
2629 3248 2661 3288 a
2700 3235 2997 3290 concubitu
3046 3239 3327 3309 intactam,
3358 3260 3449 3300 ve-

1868 3336 1989 3374 rum
2039 3322 2202 3376 etiam
2253 3337 2283 3376 a
2330 3324 2557 3395 reliquis
2588 3325 2847 3381 vitiorum
2880 3328 3139 3386 sordibus
3189 3333 3451 3404 omnique

1870 3413 2213 3483 turpitudine
2242 3415 2506 3470 illibatam
2538 3432 2758 3474 servare
2790 3423 3084 3476 contendo.
3156 3418 3298 3473 Nam
3360 3426 3447 3479 in-

1867 3514 2055 3574 nupta,
2088 3506 2335 3579 inquit“,
2358 3513 2554 3582 cogitat
2574 3527 2691 3581 qute
2723 3511 2938 3567 Domini
2983 3522 3128 3581 sunt,
3180 3516 3442 3585 quomodo

1866 3596 2075 3664 placeat
2104 3597 2368 3663 Domino;
2400 3614 2509 3652 non
2532 3602 2709 3655 solum
2739 3611 2797 3657 ut
2830 3619 2897 3658 ex
2926 3612 3079 3673 parte
3125 3604 3193 3658 ad
3228 3606 3444 3662 claudi-

1866 3695 2078 3743 cantem
2111 3688 2333 3744 virtutis
2361 3690 2675 3759 opinionem
2728 3693 3056 3765 laudemque
3084 3697 3307 3762 referat,
3341 3700 3440 3754 sed

1869 3786 1929 3831 ut
1960 3787 2213 3848 utroque,
2247 3788 2308 3834 ut
2335 3787 2527 3835 auctor
2548 3781 2844 3851 Apostolus
2872 3792 2975 3850 est,
3009 3795 3058 3840 et
3089 3802 3306 3856 corpore
3333 3790 3445 3843 sci--

1865 3870 1994 3926 licet
2022 3879 2076 3926 et
2099 3873 2291 3940 spiritu
2320 3883 2509 3927 sancta
2542 3874 2632 3938 sit,
2665 3877 3007 3932 consecratis
3043 3880 3305 3935 membris
3340 3878 3447 3934 Do-

1864 3963 2033 4018 mino.
2067 3964 2207 4030 Quid
2244 3965 2391 4019 enim
2422 3966 2572 4021 sitse
2600 3966 2710 4021 Deo
2744 3967 2982 4036 perfecte
3008 3984 3354 4035 consecrare,
3381 3972 3437 4027 id

1862 4072 1991 4111 vero
2022 4057 2334 4112 dicendum.
2380 4056 2451 4112 Ut
2485 4059 2589 4114 sub
2641 4061 2892 4130 exemplo
2950 4062 3140 4132 loquar
3185 4080 3199 4118 :
3264 4062 3320 4117 Si
3368 4080 3432 4119 os

1862 4165 2040 4204 meum
2072 4150 2138 4204 ad
2171 4150 2419 4219 quietiam
2452 4166 2742 4220 aperuere,
2774 4152 2840 4206 ad
2871 4153 3118 4223 quaedam
3154 4156 3426 4212 clausero.

1861 4240 2020 4304 Puta,
2046 4242 2286 4311 aperiam
2320 4242 2647 4296 enarrandis
2671 4241 2990 4313 Scripturis,
3042 4252 3104 4299 ut
3154 4255 3302 4301 recta
3340 4247 3447 4304 fide

1862 4347 1926 4386 ac
1949 4333 2255 4402 magnifice,
2286 4340 2490 4401 quanta
2541 4334 2773 4389 facultas
2805 4344 2914 4397 est,
2949 4334 3044 4391 Dei
3076 4338 3329 4394 laudibus
3358 4340 3440 4394 in-

1862 4422 2116 4487 cumbat;
2144 4420 2396 4476 claudam
2418 4438 2566 4488 vero,
2581 4427 2723 4480 ostio
2740 4426 2997 4496 imposito
3014 4445 3077 4483 ac
3095 4431 3345 4485 custodia
3365 4433 3435 4498 ⁸⁸,

1863 4530 1932 4569 ne
1961 4514 2146 4568 inania
2176 4515 2432 4584 loquatur
2462 4532 2477 4569 :
2512 4531 2576 4571 os
2607 4532 2790 4572 meum
2842 4528 3055 4574 castum
3102 4529 3188 4576 est
3216 4537 3279 4577 ac
3327 4522 3440 4579 Deo

1866 4610 2273 4662 consecratum.
2305 4605 2517 4679 Lingua
2564 4625 2679 4663 mea
2712 4610 2951 4665 calamus
3000 4613 3048 4648 ’⁸
3079 4613 3309 4677 exstitit,
3339 4613 3438 4669 Sa-

1863 4699 2079 4770 pientiae
2101 4714 2389 4770 organum.
2425 4698 2627 4755 Scribit
2648 4701 2791 4756 enim
2816 4718 2914 4772 per
2938 4703 3084 4758 illam
3116 4705 3438 4763 clarissimis

1862 4791 2086 4858 litteris,
2131 4806 2195 4847 ex
2230 4791 2345 4847 alto
2392 4791 2690 4864 subtilique
2736 4793 3146 4865 Scripturarum
3181 4799 3234 4851 vi
3286 4813 3439 4852 men-

2595 4906 2642 4939 ”
2681 4905 2834 4963 Psal.
2862 4923 2988 4974 CXL,
3015 4910 3068 4965 5.
3173 4911 3219 4944 ⁸⁸
3281 4912 3435 4969 Psal.

1862 5103 2096 5170 secratm
2114 5102 2218 5158 est,
2240 5092 2515 5170 eumipsa
2540 5109 2671 5148 caro
2692 5096 3019 5170 virginitatis
3041 5099 3188 5170 cultu
3215 5114 3245 5152 a
3266 5114 3435 5170 puero

1862 5165 2183 5247 intemerata
2220 5164 2566 5247 constiterit;
2597 5167 2742 5247 quod
2784 5164 2935 5246 :certe
2978 5168 3205 5222 arduum
3237 5164 3430 5247 _éer_ta-

1861 5248 2007 5287 men.
2030 5235 2148 5287 Alia
2176 5234 2389 5302 supplet
2416 5233 2700 5289 Possinius
2729 5236 2910 5291 minus
2936 5240 3309 5295 accommoda.
3331 5243 3431 5294 Πε-

1860 5303 2281 5381 ρισπουδάστους
2307 5303 2591 5381 θξνθοίιοιιι
2620 5305 2821 5381 A_l|at_i_o
2851 5309 3184 5381 suppletum,
3213 5313 3318 5366 etsi
3347 5329 3431 5381 το,

1857 5371 2469 5446 περισπούδαστος-γει.
2494 5389 2613 5446 ιιοιι
2631 5376 2899 5446 displicet.
2922 5371 3003 5430 Ιὺ.

1928 5443 2038 5524 ς75)
2072 5442 2254 5524 Νοῦγ.
2282 5442 2533 5524 Allatius,
2561 5442 2741 5524 νρμονῖ
2768 5448 2861 5516 qui
2888 5454 2942 5502 et
2972 5463 3096 5503 mox
3127 5448 3288 5507 habet
3316 5450 3430 5524 ἐξη.

1852 5516 2027 5580 γεῖται
2046 5528 2153 5583 pro
2182 5513 2574 5583 ἀναγράφεται.
2607 5513 2681 5570 ιι).

1925 5583 2036 5659 (ῖϐ)
2071 5584 2181 5637 Τοῦ
2214 5584 2580 5659 Πνεύματος⁸
2603 5589 2873 5659 όᾷΛότος.
2906 5588 3108 5645 Durius
3134 5590 3430 5659 videretur,

1859 5653 1966 5706 nisi
2002 5661 2128 5706 nota
2161 5662 2306 5707 esset
2341 5670 2495 5730 mens
2532 5653 2811 5730 Methodi‘i.
2848 5660 2966 5728 ipso
3001 5662 3132 5714 satis
3162 5653 3429 5730 explicata

1858 5732 2132 5786 contextu,
2165 5740 2275 5800 quo
2306 5724 2398 5800 τοῦ
2428 5725 2738 5800 Πνεύματος
2764 5724 2894 5783 voce
2915 5747 3022 5784 non
3055 5730 3109 5800 Sl
3132 5724 3290 5787 iritus
3312 5749 3427 5799 pcr-

1854 5809 2070 5860 sonam,
2100 5796 2191 5850 sed
2218 5792 2417 5859 Patris,
2446 5812 2502 5852 sc
2529 5792 2662 5854 relic
2689 5799 2977 5873 signiﬁcat.
3005 5792 3162 5872 cujus
3178 5812 3229 5857 et
3249 5792 3428 5858 scriba
