3866 6160
201 270 311 327 I05

1302 268 1686 326 convnnun
1725 267 1957 325 nucem
2000 251 2356 324 vnucmuu.

3361 275 3463 331 106

658 412 793 469 Cu.
846 409 912 466 ν.
959 409 1150 467 Votum
1172 413 1442 467 castitatis
1473 412 1693 482 ejusque
1722 412 1858 466 ritus
1895 413 1951 466 in
1996 412 2126 483 lege.
2167 410 2332 479 Vites,
2363 411 2609 469 Christus
2634 419 2684 487 et
2719 409 2964 465 diabolus

267 555 616 643 Πειράσομαι
646 554 706 609 δὲ
730 553 823 609 καὶ
846 556 915 609 τὰ
941 556 1066 627 ἑξῆς
1091 555 1241 627 ύμῖν,
1274 554 1556 628 παρθένοι,
1585 554 1787 629 φράσαι

1963 553 2103 610 Hinc
2155 556 2268 626 jam
2312 563 2709 628 consequenter
2744 569 3018 627 exponere
3071 568 3291 626 pergam
3345 570 3469 627 quas

194 647 310 703 τιῖιν
338 647 667 712 διατάξεων·
699 647 998 719 ἐπειδήπερ
1032 647 1141 703 τῶν
1180 649 1457 721 σφετέρων
1494 649 1788 721 ἐξήρτηται

194 741 297 795 καὶ
320 739 461 795 αὐτὰ
486 739 950 812 κατορθωμάτων,
985 740 1179 813 θεσμοὶ
1207 742 1337 814 περὶ
1369 741 1668 813 παρθενίας
1699 741 1789 795 δν-

194 848 289 896 τα,
316 832 415 885 καὶ
443 831 685 906 χρησμοὶ
705 830 1049 897 διδάσκοντες
1075 832 1151 896 ὡς
1170 833 1469 904 ἀπέχεσθαι
1498 834 1787 905 προσήκει,

195 925 299 979 καὶ
346 924 634 992 άναγωγδν
673 920 814 978 εῖναι
864 924 962 997 τὴν
1005 924 1271 996 παρθένον
1306 925 1439 995 (79).
1475 925 1788 997 Γέγραπται

195 1015 313 1087 γὰρ
351 1014 528 1079 οὕτως
549 1032 564 1045 ·
597 1015 709 1070 Kal
740 1015 1012 1083 ἐλάλησε
1044 1018 1259 1085 Κύριος
1286 1015 1368 1083 τῷ
1404 1015 1655 1086 Μωῢσῇ,
1696 1017 1791 1070 λέ-

196 1122 341 1175 των·
376 1104 672 1175 Adducor
699 1105 824 1172 τοῖς
850 1106 1006 1173 υἱοῖς
1038 1106 1298 1175 Ἰσραὴλ,
1330 1108 1429 1162 καὶ
1455 1107 1609 1176 ἐρεῖς
1634 1106 1790 1175 πρὸς

196 1197 457 1263 αὐτούς’
502 1196 674 1265 Ἀνὴρ
715 1197 755 1265 ἢ
797 1197 977 1268 γυνὴ,
1012 1197 1082 1265 ὃς
1118 1197 1196 1252 ἂν
1228 1198 1505 1268 μεγάλως
1542 1198 1789 1267 εὔξηται

196 1290 397 1360 εὐχὴν
412 1287 1087 1360 ἁβογνισθῆναιΚυρίῳ.
1115 1290 1236 1345 ἀπὸ
1262 1293 1477 1360 σίκερα
1492 1291 1591 1345 καὶ
1617 1291 1787 1344 οἴνου

193 1382 657 1452 ἀτνισθήσεται,
687 1381 787 1436 καὶ
808 1381 949 1448 ὅξος
967 1382 1037 1449 ἐξ
1067 1383 1258 1449 οἴνου,
1293 1384 1393 1438 καὶ
1424 1382 1566 1450 ὅξος
1592 1383 1663 1437 ἐκ
1690 1384 1788 1438 σί-

194 1491 366 1542 κερα,
403 1474 505 1528 καὶ
540 1472 660 1527 ὅσα
686 1472 1095 1545 κατεργάζεται
1122 1474 1192 1528 ἐκ
1219 1472 1646 1544 σταφυλῆς,οὐ
1670 1475 1790 1528 πίε-

194 1583 323 1622 ται·
370 1565 473 1620 καὶ
503 1564 828 1635 σταφυλὴν
874 1566 1225 1635 πρόσφατον
1268 1566 1369 1620 καὶ
1412 1565 1677 1636 σταφίδα
1716 1567 1788 1621 οὐ

194 1661 471 1730 φάγεται,
502 1660 709 1727 πάσας
758 1660 868 1726 τὰς
915 1659 1140 1730 ἡμέρας
1188 1658 1301 1729 τῆς
1349 1658 1537 1730 εὐχῆς
1576 1660 1784 1715 αὐτοῦ.

198 1752 381 1822 Ὅπερ
412 1749 560 1804 ἐστίν
582 1766 596 1780 ·
642 1749 777 1802 Ἀπὸ
802 1748 898 1803 τοῦ
927 1746 1096 1819 φυτοῦ
1122 1748 1221 1820 τῆς
1250 1748 1516 1820 πονηρίας
1534 1747 1646 1801 τῶν
1667 1764 1789 1816 γεν-

195 1842 462 1913 νωμένων
493 1844 523 1896 ὁ
566 1842 950 1914 κατεγγυήσας
991 1840 1184 1895 ἑαυτὸν
1211 1840 1290 1911 τῷ
1321 1840 1512 1912 Κυρίῳ
1541 1840 1634 1894 καὶ
1660 1840 1792 1893 ἀνα-

1891 648 1998 702 isto
2048 648 2185 720 legis
2245 649 2367 704 loco
2399 649 2867 721 praescribuntur;
2920 645 3067 718 quod
3102 646 3218 702 haec
3246 662 3468 718 quoque

1888 739 2089 795 vestris
2125 755 2340 795 annexa
2370 741 2482 796 sint
2510 740 2836 795 muneribus
2878 738 3126 803 oracula,
3156 725 3407 793 decentia
3435 755 3468 793 a

1888 831 2091 903 quibus
2114 833 2381 904 virginem
2421 832 2694 889 abstinere
2728 832 2921 888 deceat
2976 842 3031 887 et
3085 846 3207 902 quas
3231 845 3263 885 a
3290 846 3351 886 se
3380 848 3472 886 ara

1886 938 2032 980 cere.
2068 922 2163 981 Sic
2194 932 2377 980 autem
2416 925 2618 980 habent.
2645 926 2663 956 ¹
2698 943 2711 978 :
2762 923 2832 979 Et
2862 924 3069 979 locutus
3093 933 3176 979 est
3206 922 3468 978 Dominus

1888 1015 1960 1070 ad
1982 1015 2225 1087 Moysen,
2261 1017 2441 1072 dicens
2473 1033 2492 1071 :
2522 1016 2753 1088 Loquere
2775 1017 2904 1088 ﬁliis
2936 1016 3137 1081 Israel,
3160 1025 3209 1071 et
3236 1016 3378 1071 dices
3397 1015 3468 1069 ad

1886 1125 1975 1162 eos
2002 1123 2021 1162 :
2062 1107 2151 1161 Vir
2179 1110 2285 1164 sive
2315 1109 2511 1164 mulier
2536 1110 2828 1180 quicunque
2859 1126 3046 1180 magne
3074 1109 3253 1179 fecerit
3293 1119 3470 1164 votum

1881 1199 2229 1270 castiﬁcandi
2276 1202 2582 1256 castitatem
2640 1201 2890 1266 Domino,
2946 1217 2980 1254 a
3018 1201 3190 1255 sicera
3239 1210 3291 1256 et
3348 1200 3468 1256 vino

1889 1291 2200 1362 temperabit
2233 1309 2251 1346 :
2272 1302 2323 1348 et
2350 1301 2556 1348 acetum
2589 1308 2656 1346 ea:
2689 1293 2830 1357 vino,
2866 1302 2918 1347 et
2952 1304 3155 1347 acetum
3182 1308 3250 1347 ex
3274 1293 3465 1355 sicera,

1887 1392 1938 1438 et
1966 1401 2288 1457 quacunque
2314 1401 2380 1439 ea:
2404 1401 2508 1439 uva
2545 1385 2703 1455 ﬁunt,
2737 1403 2843 1440 non
2889 1385 3049 1451 bibet,
3096 1395 3148 1440 et
3194 1402 3352 1441 uvam
3387 1401 3471 1440 re-

1887 1484 2109 1542 centem,
2140 1485 2191 1531 et
2215 1494 2370 1531 uvam
2400 1492 2617 1543 passam
2646 1494 2749 1531 non
2771 1476 3027 1542 comedet,
3068 1477 3310 1531 omnibus
3354 1477 3471 1532 die-

1890 1566 1987 1622 bus
2017 1569 2248 1625 votisui.
2282 1567 2399 1625 Hoc
2422 1576 2506 1624 est
2537 1587 2550 1623 :
2601 1569 2705 1635 Qui
2737 1584 2798 1623 se
2828 1568 3063 1624 Domino
3096 1569 3245 1624 vovit
3276 1569 3467 1640 illique

1888 1662 2254 1727 consecravit,
2285 1676 2395 1717 non
2425 1661 2603 1732 carpit
2625 1678 2689 1717 ex
2719 1663 2826 1717 illis
2871 1676 2993 1732 quae
3034 1676 3099 1717 ex
3147 1661 3345 1717 arbore
3371 1677 3469 1717 ue-

1884 1751 2078 1821 quitiae
2106 1760 2433 1818 nascuntur,
2464 1754 2611 1823 quod
2643 1769 2707 1809 ca
2732 1768 2949 1825 semper
2979 1753 3303 1810 ebrietatem
3348 1760 3405 1808 et
3438 1767 3470 1806 a

1891 1860 2027 1900 sana
2075 1851 2259 1899 mente
2304 1844 2689 1900 alienationem
2743 1845 2958 1900 soleant
3016 1845 3299 1900 inducere.
3350 1844 3471 1900 Duo

193 1934 317 1999 θεὶς
342 1936 404 1990 οὐ
442 1934 720 2007 δρέψεται,
760 1935 848 1989 διὰ
874 1934 935 1988 τὸ
967 1933 1300 2007 παρεκτικδν
1324 1934 1412 1986 ἀεὶ
1442 1933 1613 2005 μέθης
1648 1931 1781 1986 αὐτὸ

1891 1937 2028 1992 enim
2056 1936 2250 1990 vitium
2284 1951 2507 2008 genera,
2538 1943 2805 2008 quantum
2834 1952 2902 1991 ex
2928 1935 3234 2007 Scripturis
3267 1937 3470 1992 intelli-

194 2028 299 2081 καὶ
326 2028 640 2090 ἐκστάσεως
669 2028 986 2097 πεφυκέναι.
1021 2026 1126 2080 Δύο
1161 2025 1271 2098 γὰρ
1300 2025 1560 2098 ἀμπέλων
1598 2024 1785 2094 διαφο-

197 2120 305 2192 ρὰς
330 2123 397 2174 ὲκ
415 2119 525 2173 τῶν
539 2121 578 2172 Γ
584 2120 771 2193 ραφῶν
794 2119 1101 2192 ᾐσθήμεθα,
1126 2119 1183 2173 αἳ
1208 2120 1378 2192 χωρὶς
1404 2117 1650 2190 ἀλλήλοιν
1672 2120 1786 2186 ὲγευ

193 2213 422 2283 νὲσθην,
449 2213 721 2285 ἀνομοίως
743 2230 803 2266 τε
836 2211 1075 2282 ἐχεσθον.
1124 2211 1191 2265 Ἦ
1220 2212 1316 2282 μὲν
1348 2211 1456 2282 γὰρ
1488 2209 1785 2271 ἀθανασίας

191 2324 258 2360 τε
296 2307 395 2360 καὶ
425 2306 769 2377 δικαιοσύνης
799 2305 914 2359 ἐστὶ
946 2305 1251 2377 παρεκτική
1272 2321 1286 2336 °
1323 2308 1356 2375 ἡ
1387 2305 1445 2359 δὲ
1476 2304 1672 2376 μανίας
1715 2302 1784 2359 αὖ

192 2399 297 2451 καὶ
332 2396 1070 2471 παραφροσύνης.’Δμπελος
1114 2396 1214 2467 μὲν
1253 2395 1363 2468 γὰρ
1402 2393 1663 2467 νηφάλιος
1694 2396 1787 2448 καὶ

193 2490 565 2562 εὐφραντικὴ,
617 2488 914 2561 κλημάτων
960 2488 1138 2560 δίκην,
1181 2489 1247 2542 ὲκ
1289 2487 1397 2543 τῶν
1451 2488 1787 2561 μαθημάτων

193 2584 330 2645 τοὺς
364 2580 565 2654 βότρυς
616 2580 815 2653 ἱλαρῶς
844 2579 1201 2653 ἀπαιωροῦσα
1250 2579 1359 2634 τῶν
1407 2580 1785 2653 χαρισμάτων,

192 2672 642 2738 καταστάζοντας
664 2674 904 2745 ἀγάπην,
928 2676 957 2729 ὁ
985 2674 1189 2748 Κύριος
1206 2677 1238 2747 ἡ
1247 2674 1363 2746 μῶν
1382 2677 1529 2730 ἐστιν
1558 2673 1785 2745 Ἰησοῦς,

191 2766 430 2835 δλέγων
475 2765 774 2839 διαρρήδην
824 2769 937 2830 τοῖς
986 2764 1334 2830 ἀποστόλοις·
1388 2764 1529 2837 Ἐγώ
1571 2767 1689 2834 εἰμι
1746 2765 1788 2834 ἡ

186 2856 474 2926 ὔμπελος
500 2854 786 2924 ἀληθινὴ,
814 2856 984 2925 ὑμεῖς
1008 2855 1081 2910 τὰ
1107 2854 1413 2926 κλήματα·
1445 2857 1479 2909 ὀ
1497 2854 1564 2909 δὲ
1584 2854 1789 2922 Πατήρ

188 2968 311 3019 μου
338 2953 374 3004 ὁ
418 2949 696 3019 γεωργός.
714 2948 908 3020 Ἀγρὶα
937 2948 994 3002 δὲ
1030 2948 1124 3002 καὶ
1155 2947 1531 3020 θανατηφόρος
1559 2949 1588 3001 ὁ
1614 2945 1791 3001 διάδο-

190 3040 305 3105 λος,
339 3039 551 3095 λύσσαν
597 3041 693 3095 καὶ
750 3041 826 3094 ἱὸν
862 3041 958 3095 καὶ
993 3040 1164 3113 ὀργὴν
1211 3040 1562 3106 άποστάξων·
1599 3038 1789 3110 ὥσπερ

190 3133 258 3205 δὴ
292 3134 396 3187 καὶ
427 3133 672 3203 Μωῦσῆς
718 3134 1007 3205 ὑφηγεῖται
1057 3132 1373 3204 διαγράφων
1416 3133 1545 3204 περὶ
1588 3132 1750 3186 αὐτοῦ
1769 3148 1784 3162 ·

205 3225 305 3278 Ἐκ
339 3224 455 3294 γὰρ
486 3224 760 3295 ἀμπέλου
792 3224 1090 3295 Σοδόμων,
1114 3227 1296 3298 φησὶν,
1329 3227 1368 3294 ἡ
1393 3224 1660 3295 ἄμπελος
1682 3226 1790 3278 αὑ-

1885 2028 2088 2099 gimus.
2122 2028 2353 2084 seorsim
2386 2028 2719 2097 diversaque
2745 2042 2873 2082 area
2916 2034 3223 2083 nascuntur
3252 2043 3318 2082 ac
3352 2028 3466 2082 dis-

1887 2119 2097 2175 similes
2124 2125 2272 2175 sunt.
2311 2117 2515 2173 Harum
2548 2134 2680 2185 una,
2722 2118 3150 2175 immortalitatis
3181 2127 3373 2173 auctor
3401 2133 3468 2174 ac

1881 2212 2148 2282 iustitiae;
2185 2212 2379 2277 altera,
2428 2210 2636 2267 furoris
2680 2225 2744 2267 ac
2794 2211 3081 2267 dementias
3118 2226 3289 2266 causa
3321 2211 3465 2266 exsil-

1883 2304 2223 2377 stit.Nempe
2248 2305 2375 2361 vitis
2399 2305 2621 2377 quidem
2643 2304 2735 2359 illa
2768 2305 2942 2376 prior,
2974 2305 3157 2360 sobria
3193 2319 3256 2359 ac
3288 2303 3461 2359 laetiﬁ-

1885 2413 2020 2455 cans
2056 2414 2154 2454 cor
2183 2401 2228 2463 ³,
2269 2414 2301 2454 e
2339 2398 2628 2468 preceptis
2659 2398 2796 2464 suis,
2827 2398 2975 2452 velut
3016 2412 3083 2452 ex
3127 2398 3467 2468 palmitibus,

1889 2492 2045 2546 laetas
2076 2496 2366 2545 ostentans
2401 2489 2702 2560 pendentes
2745 2489 3141 2543 charismatum
3174 2502 3310 2544 uvas
3352 2489 3473 2542 stil-

1886 2582 2062 2638 lantes
2110 2582 2461 2648 cbaritatem,
2514 2579 2781 2635 Dominus
2825 2589 3014 2635 noster
3042 2577 3205 2634 Jesus
3234 2588 3340 2645 est,
3374 2579 3471 2651 qui

1885 2674 2068 2746 palam
2095 2674 2172 2727 ait
2200 2673 2464 2742 apostolis
2498 2672 2520 2704 ³
2559 2690 2573 2727 :
2619 2670 2731 2742 Ego
2761 2686 2881 2725 sum
2906 2671 3027 2726 vitis
3055 2687 3199 2735 vera,
3235 2687 3323 2726 eos
3352 2670 3472 2740 pal-

1887 2766 2039 2821 mites
2069 2782 2087 2820 :
2118 2775 2168 2820 et
2190 2764 2357 2820 Pater
2386 2781 2532 2821 meus
2563 2763 2800 2837 agricola
2818 2772 2920 2819 est.
2945 2762 3193 2835 Agrestis
3214 2779 3344 2818 vero
3365 2764 3474 2819 alii

1887 2865 1942 2914 et
1966 2856 2252 2912 mortifera
2278 2856 2432 2921 vitis,
2463 2857 2717 2912 diabolus
2738 2863 2844 2920 est,
2879 2855 3088 2911 rabiem
3123 2863 3178 2911 et
3199 2871 3471 2910 venenum

1887 2957 1942 3005 et
1963 2949 2099 3005 iram
2121 2949 2412 3016 distillans,
2450 2949 2530 3003 uti
2561 2955 2615 3005 et
2649 2948 2864 3020 Moyses
2894 2954 3103 3013 narrat,
3151 2948 3226 3002 ita
3258 2948 3473 3003 descri~

1888 3042 2030 3099 bens
2059 3041 2082 3075 "
2112 3059 2129 3098 :
2167 3040 2251 3096 Ea:
2273 3043 2377 3097 uite
2408 3040 2762 3097 Sodomorum
2793 3042 2914 3096 vitis
2942 3058 3146 3107 eorum,
3180 3050 3230 3094 et
3270 3042 3474 3110 palmes

1888 3152 2071 3191 eorum
2116 3150 2183 3189 ea:
2224 3134 2542 3190 Gomorrha.
2582 3133 2694 3189 Uva
2720 3150 2904 3189 eorum
2950 3149 3053 3188 uva
3080 3133 3245 3201 fellis,
3289 3132 3473 3187 botrus

1890 3225 2269 3282 amaritudinis
2307 3228 2405 3282 eis.
2448 3225 2630 3282 Furor
2662 3226 2959 3280 draconum
2991 3225 3169 3279 vinum
3194 3241 3399 3289 eorum,
3419 3232 3475 3280 et

194 3316 339 3382 τῶν,
372 3316 473 3370 καὶ
515 3317 554 3384 ἡ
580 3316 874 3386 κληματὶς
892 3314 1091 3372 αὐτῶν
1112 3316 1181 3370 ἐκ
1217 3318 1545 3387 Γομόρρας.
1564 3316 1626 3372 Ἡ
1644 3332 1787 3370 στα-

1891 3319 2043 3389 furor
2068 3319 2315 3389 aspidum
2338 3317 2678 3374 insanabilis.
2704 3317 2784 3373 Ex
2819 3317 2923 3372 hac
2950 3317 3063 3372 vite
3091 3316 3322 3370 collecta
3345 3318 3474 3371 vin-

191 3409 367 3477 φυλὴ
394 3407 597 3462 αὐτῶν
621 3407 905 3478 σταφυλὴ
936 3407 1146 3478 χολῆς,
1164 3409 1391 3477 ,ϐότρυς
1418 3409 1655 3477 πικρίας
1682 3409 1788 3462 αὑ-

195 3496 336 3553 τῶν.
372 3497 572 3566 θυμὸς
588 3496 932 3565 δρακόντων
959 3502 992 3552 ό
1030 3494 1192 3565 οἶνος
1219 3499 1437 3567 αὐτῶν,
1463 3498 1563 3552 καὶ
1601 3497 1787 3567 θυμός

192 3588 481 3644 ἀσπίδων
511 3590 778 3655 ἀνίατος.
796 3589 891 3643 Ἐκ
919 3590 1123 3663 ταύτης
1153 3592 1526 3663 τρυγήσαντες
1552 3592 1600 3644 οἱ
1630 3590 1786 3644 Σοδό-

197 3698 318 3753 μων
343 3683 655 3754 οἰκήτορες,
691 3684 771 3747 εἰς
806 3682 1053 3755 ἄκαρπον
1084 3683 1327 3755 ἀρρένων
1364 3681 1544 3754 ὄρεξιν
1566 3683 1789 3754 οἰστρη-

197 3772 517 3846 λατήθησαν
554 3774 831 3846 τραπῆναι
880 3774 1031 3846 παρὰ
1060 3772 1241 3844 φύσιν.
1260 3772 1538 3827 Ἐντεῦθεν
1566 3772 1661 3826 καὶ
1693 3774 1787 3826 em

198 3860 320 3918 Νῶε
347 3865 849 3937 κραιπαλήσαντες,
884 3868 964 3931 είς
1002 3864 1259 3920 ἀπιστίαν
1302 3862 1654 3927 κατῶλισθον,
1691 3866 1786 3917 καὶ

198 3957 526 4031 ὑποϐρύχιοι
578 3957 1068 4030 κατεποντώθησαν
1096 3955 1487 4028 κατακλυσμῷ.
1506 3954 1785 4010 Ἐντεῦθεν

197 4048 547 4121 ἀρυσάμενος
573 4051 604 4102 ὁ
630 4049 791 4116 Κάῖν,
808 4049 908 4113 τὰς
940 4048 1301 4120 μισαδέλφους
1326 4046 1559 4116 ὲφοίνιξε
1575 4049 1784 4118 χεῖρας,

199 4139 295 4192 καὶ
328 4139 526 4211 ἔκρανε
555 4138 654 4210 τὴν
683 4139 787 4211 γῆν
818 4138 998 4212 λύθρῳ
1037 4137 1361 4209 συγγενικῷ.
1379 4136 1659 4191 Ἐντεῦθεν
1692 4154 1790 4208 με-

199 4229 514 4298 θυσκόμενα
544 4231 615 4285 τὰ
644 4231 794 4302 ἔθνη,
821 4211 1084 4302 ’θήγουσιν
1120 4230 1329 4284 ἑαυτῶν
1366 4231 1446 4293 είς
1489 4226 1787 4300 ἀλληλοφό-

197 4338 322 4386 νως
339 4324 524 4394 μάχας
544 4324 672 4387 τοὺς
694 4322 896 4394 θυμούς
916 4341 929 4354 ·
952 4323 1096 4377 οὕτω
1121 4323 1231 4395 γὰρ
1257 4324 1355 4376 οὐκ
1376 4321 1653 4388 ἐξίσταται
1670 4320 1783 4391 (80)

270 4501 291 4533 ⁸
327 4499 498 4557 Nam.
527 4517 607 4559 vr.
642 4502 760 4558 1-4.
846 4503 867 4534 ²
905 4500 1070 4556 Zach.
1119 4517 1173 4557 Ix
1197 4542 1213 4568 ,
1271 4504 1367 4566 i7;
1409 4502 1559 4558 Psal.
1592 4518 1709 4569 cur,
1747 4503 1834 4558 I5.

200 4586 358 4638 xvm,
391 4573 510 4641 20;
541 4590 656 4639 λιι,
677 4572 733 4631 4.
806 4572 830 4605 ⁸
862 4573 990 4628 Gen.
1023 4588 1098 4637 vt,
1136 4573 1187 4638 7,
1262 4574 1283 4606 "
1325 4573 1452 4628 Gen.
1478 4589 1553 4642 Iv,
1576 4574 1632 4631 8.

1893 3411 2074 3468 demia
2104 3411 2470 3467 Sodomorum
2498 3412 2646 3467 cives
2669 3411 2714 3476 ³,
2740 3411 2794 3465 in
2826 3412 3066 3466 sterilem
3100 3411 3474 3465 masculorum

1893 3503 2609 3573 concupiscentiam,mstro
2639 3500 2861 3557 furiosae
2888 3501 3134 3556 libidinis
3152 3509 3346 3556 contra
3377 3517 3477 3555 na-

1892 3602 2073 3651 turam
2089 3595 2238 3652 versi
2267 3602 2416 3652 sunt.
2450 3593 2695 3651 Indidem
2718 3594 2814 3665 qui
2837 3593 2952 3650 Noe
2975 3594 3319 3664 temporibus
3354 3609 3477 3649 cra-

1894 3688 2036 3759 pula:
2059 3687 2438 3758 indulgebant,
2468 3687 2525 3741 in
2559 3686 2939 3742 inﬁdelitatem
2976 3686 3218 3756 prolapsi
3248 3692 3398 3749 sunt,
3422 3693 3478 3742 et

1893 3778 2165 3834 submersi
2196 3777 2403 3833 diluvio
2445 3778 2727 3849 perierunt
2757 3777 2799 3831 °.
2828 3776 2958 3831 lnde
2992 3776 3190 3832 hausto
3216 3777 3349 3831 Cain
3380 3792 3479 3847 po-

1890 3869 2037 3933 culo,
2061 3868 2419 3939 parricidales
2459 3883 2655 3923 manus
2699 3867 2946 3924 fraterno
2977 3869 3246 3938 sanguine
3272 3883 3476 3924 cruen-

1890 3958 2026 4015 tavit
2046 3959 2090 4024 ",
2115 3969 2171 4014 et
2198 3965 2407 4014 terram
2432 3965 2667 4031 cognato
2682 3973 2881 4013 cruore
2903 3959 3120 4030 polluit.
3153 3957 3286 4014 Inde
3310 3959 3480 4015 ebriae

1892 4058 2082 4121 gentes
2113 4051 2362 4108 barbara;
2386 4052 2585 4108 mentis
2616 4051 2832 4108 furores
2884 4068 3018 4109 suos
3070 4053 3125 4107 in
3175 4066 3389 4123 pugnas
3422 4059 3478 4106 et

1891 4150 2111 4199 mutuas
2138 4145 2323 4201 credes.
2339 4153 2617 4201 exacuunt
2660 4164 2673 4200 :
2702 4161 2812 4200 non
2842 4144 2923 4201 sic
2966 4145 3109 4201 enim
3136 4160 3164 4199 a
3194 4146 3324 4199 vino
3355 4161 3475 4201 mo-

1890 4241 2047 4289 vetur
2065 4235 2230 4292 homo
2254 4252 2283 4291 a
2308 4237 2436 4293 sede
2455 4238 2686 4293 rationis
2708 4245 2761 4292 et
2778 4238 3008 4308 pedibus
3034 4238 3253 4301 titubat,
3282 4253 3480 4308 quem-

1893 4323 2186 4379 admodum
2221 4327 2291 4381 ab
2324 4326 2529 4381 invidia
2564 4342 2629 4383 ac
2674 4328 2777 4382 ira.
2820 4325 2939 4382 Non
2984 4329 3067 4383 sic
3106 4343 3138 4380 a
3181 4329 3311 4383 vino
3363 4329 3482 4381 inc-

1910 4502 1931 4534 ³
1956 4500 2118 4557 Joan.
2156 4520 2246 4569 xv,
2289 4505 2342 4569 I,
2367 4504 2419 4558 5.
2498 4505 2521 4538 ⁸
2557 4504 2715 4559 Deut.
2744 4518 2917 4571 xxxii,
2959 4504 3050 4570 32,
3082 4504 3172 4560 55.
3280 4506 3303 4537 ⁸
3345 4503 3477 4561 Gen.

273 4752 387 4839 (7P)
416 4752 770 4839 arm?
816 4751 981 4839 eis-cur
1016 4750 1132 4833 τὴν
1178 4749 1787 4839 παρθένον.,ΛΙΙοιὶιιξι,

1901 4748 2052 4839 tione
2077 4755 2131 4804 et
2155 4750 2459 4839 remotione
2484 4748 2874 4831 quorumdam,
2915 4764 3009 4805 seu
3036 4749 3366 4839 abstinentia
3413 4752 3481 4808 ab

198 4819 525 4896 παρθενίαν,
555 4819 701 4893 quod
737 4822 914 4891 ipsum
956 4821 1085 4896 ferri
1127 4830 1341 4891 potest;
1372 4835 1473 4891 pro
1495 4819 1787 4896 _&.VGT(D‘{6J

1898 4820 2162 4896 illis,_pe_r
2187 4820 2306 4896 ejus
2336 4819 2573 4896 tempus.
2612 4822 2803 4896 positae
2831 4821 2960 4884 sint,
2987 4835 3052 4874 ac
3085 4820 3292 4896 d_e__illis
3312 4838 3483 4896 expo-

198 4890 496 4962 άνάγωγήν
518 4890 896 4962 repraesentat,
918 4893 1063 4961 quod
1092 4890 1387 4962 utrumque
1407 4890 1609 4962 eodem
1622 4906 1786 4945 sensu

198 4959 612 5033 exponendum}
653 4969 815 5032 prout
853 4959 1136 5033 ἀναγωγὸς
1180 4959 1428 5033 δύναμις,
1477 4959 1789 5033 subductria:

198 5030 432 5100 facultas
476 5030 727 5088 dicitur:
770 5030 1059 5100 ἀναγωγὸς
1097 5030 1344 5094 πτυέλου,
1397 5032 1540 5099 apud
1586 5030 1780 5084 Athen.

201 5105 239 5158 Ι.
274 5121 314 5168 ι,
353 5103 655 5172 extractiaa
705 5102 918 5167 saliere;
962 5102 1525 5172 ἀναγωγὴ-αἵματος,
1575 5101 1784 5172 rejectio

196 5176 498 5246 sanguinis.
531 5171 748 5238 Galen.,
780 5172 1053 5238 Dioscor.,
1074 5180 1180 5246 etc.
1212 5170 1313 5227 'Sic
1334 5171 1786 5246 ergoconstituta

195 5244 269 5317 de
299 5242 503 5317 magno
528 5251 659 5298 voto
695 5254 751 5299 et
781 5253 1076 5317 nauareatu
1108 5242 1329 5303 docent,
1356 5242 1487 5317 quid
1516 5242 1671 5311 virgo
1698 5256 1787 5294 re-

222 5319 368 5371 icere
393 5313 453 5371 ét
483 5331 514 5370 a
545 5329 606 5369 se
644 5328 925 5370 removere
963 5314 1178 5374 debeat,
1229 5320 1289 5367 ut
1328 5313 1402 5366 sit
1443 5327 1572 5367 vere
1594 5321 1784 5365 sancta

286 5387 452 5442 mino.
508 5385 699 5440 Altero
756 5384 1065 5455 signiﬁcatu
1118 5383 1330 5455 accepit
1378 5380 1783 5455 IseoAAllatius

197 5466 360 5526 prout
388 5457 651 5528 ἀναγωγὴ
684 5453 841 5526 quasi
870 5470 1085 5528 sursum
1115 5454 1278 5528 uectio
1307 5453 1672 5528 sublimisque
1700 5453 1785 5528 in-

196 5522 415 5583 stitutio
434 5535 491 5583 et
508 5522 666 5581 ratio
690 5522 1013 5597 exponitur,
1036 5525 1167 5580 dum
1200 5525 1275 5597 ita
1315 5522 1514 5597 reddit,
1550 5532 1601 5597 et
1623 5523 1785 5597 virgi-

197 5601 420 5654 nitatem
452 5599 626 5667 ipsam
665 5594 1114 5667 sui'institutione
1147 5594 1217 5648 ad
1247 5595 1522 5667 superiora
1549 5594 1782 5647 homines

199 5665 508 5733 traducere;
538 5682 665 5739 quas
699 5677 845 5739 certe
891 5666 1186 5739 remotiora
1216 5665 1510 5739 videntur;
1547 5678 1784 5732 cumquo

201 5750 528 5798 nuareatus
557 5734 761 5802 omnis,
795 5738 973 5804 deque
1007 5736 1101 5790 illo
1140 5736 1264 5790 latae
1300 5734 1447 5807 leges
1476 5735 1529 5791 in
1554 5748 1781 5804 separa-

518 5832 794 5892 PATBOL.
839 5829 958 5890 Gn.
1007 5827 1238 5890 XVIII.

1894 4900 1989 4944 nat
2015 4889 2346 4955 Methodius,
2394 4891 2612 4959 planius
2640 4891 2945 4959 explicatur
2977 4906 3078 4945 vox
3120 4891 3212 4945 illa
3240 4889 3424 4960 priore
3448 4908 3481 4947 a

1896 4961 2059 5032 nobis
2096 4961 2260 5013 allato
2290 4975 2477 5020 sensu,
2514 4968 2573 5032 ut
2603 4974 2706 5014 vox
2738 4975 2925 5032 vocem
2958 4960 3220 5027 declaret,
3256 4978 3366 5032 quo
3395 4965 3483 5017 ni-

1891 5029 1969 5084 hil
1993 5031 2136 5101 apud
2170 5041 2425 5101 auctores
2456 5031 2757 5101 vulgatius,
2791 5030 3083 5085 Constans.

1965 5099 2077 5171 (80)
2100 5102 2223 5171 Οὐκ
2258 5099 2763 5171 ὲξίσταταὶηΝἱΙιίι
2796 5115 2936 5169 opus
2960 5116 3086 5155 cum
3118 5102 3375 5158 Possinio
3398 5104 3483 5158 in-

1893 5169 2227 5241 terrogando
2269 5171 2468 5239 legere.
2504 5169 2675 5242 Major
2719 5171 2802 5223 vis
2832 5180 2885 5224 et
2928 5171 3208 5242 emphasis
3249 5174 3304 5229 in
3346 5176 3483 5230 sini-

1893 5242 2020 5311 plici
2045 5239 2475 5310 comparatione,
2507 5256 2614 5310 qua
2643 5239 2884 5311 deterior
2914 5239 3155 5297 ebrietas
3187 5252 3243 5297 et
3279 5245 3484 5300 tituba-

1892 5310 1973 5385 tio
1997 5312 2358 5385 signiﬁcatur,
2389 5325 2602 5385 qugeex
2640 5310 2927 5385 allectibus
2958 5323 3067 5385 est,
3097 5328 3260 5385 quam
3296 5331 3419 5385 quia:
3450 5334 3481 5371 a

1891 5379 2308 5456 vino._'Allatiu_s_
2334 5395 2434 5450 pro
2463 5380 2648 5451 ζήλου,
2693 5379 2862 5456 ζάλης
2890 5383 3073 5445 habet,
3110 5379 3260 5456 quod
3296 5379 3481 5456 putem

1893 5452 2148 5506 mendum
2176 5452 2393 5512 scribae,
2424 5460 2485 5506 ut
2502 5460 2561 5527 et
2582 5452 2732 5527 quod
2758 5452 2954 5527 ᾀσσης,
2986 5470 3086 5524 pro
3107 5452 3312 5527 λύπης,
3339 5473 3483 5513 nova

1890 5536 2028 5595 voce
2071 5529 2451 5595 repraesentat.
2497 5520 2611 5595 Est;
2642 5520 3045 5595 quidem'dc'n,
3096 5520 3373 5592 damnum,
3428 5535 3486 5584 et

1891 5591 2041 5656 άται,
2077 5594 2210 5660 ipsae
2246 5591 2424 5662 furiae,
2461 5592 2610 5662 quod
2638 5591 2908 5660 noceant;
2942 5591 3038 5652 sed
3068 5612 3170 5651 nec
3203 5598 3285 5652 sic
3313 5591 3482 5653 animi

1892 5662 2123 5717 allectus
2150 5669 2204 5716 et
2230 5661 2378 5733 πάθη
2407 5663 2544 5730 haec,
2577 5665 3051 5734 perqueeanimus,
3066 5666 3293 5722 rationis
3306 5670 3483 5734 sedes.

1890 5740 2136 5788 mutatur
2173 5734 2346 5805 magis
2368 5730 2534 5804 quam
2564 5748 2596 5788 a
2627 5733 2774 5789 vino.
2811 5730 2889 5786 lu.

3112 5824 3148 5882 Is
