3866 6160
226 257 338 315 109

1315 262 1709 321 ῦοΝνιιηωι
1751 263 1980 320 DECEM
2023 264 2382 323 VlRGlNUM.

3389 271 3492 325 ΗΟ

219 374 376 442 μετὰ
410 373 482 429 τὸ
511 374 948 446 θυσιαστήριον
987 377 1055 432 τὸ
1095 356 1697 451 περικεχαλκωμένον
1733 384 1800 449 είς

1922 383 2201 439 balantem
2228 383 2460 442 Domino
2486 405 2500 439 :
2536 382 2725 441 Facies
2748 387 2914 450 enim,
2940 387 3117 459 inquit
3134 389 3201 458 ¹⁰,
3223 390 3349 445 milii
3376 401 3493 459 post

223 462 300 518 τὰ
328 466 819 536 ὁλοκαυτώματα,
843 460 892 535 ᾧ
919 469 1336 541 ἀνεκομίζοντο
1365 476 1424 528 al
1453 473 1811 542 npoogcopal,

224 555 383 610 ἄλλο
403 559 843 629 θυσιαστήριον
866 562 937 628 ἐξ
963 562 1254 630 ἀσήπτων
1276 563 1501 629 ξύλων,
1526 565 1625 618 καὶ
1644 580 1817 618 κατα-

226 646 570 714 χρυσώσεις
607 650 756 704 αὐτὸ
795 654 1047 720 χρυσίῳ,
1080 653 1181 707 καὶ
1221 653 1437 722 δώσεις
1473 653 1619 709 αὑτό
1665 653 1812 708 ἀπέ-

224 755 397 792 ναντι
428 740 538 795 τοῦ
568 744 1117 814 καταπετάσματος,
1154 746 1260 801 τοῦ
1283 748 1382 800 ἐπὶ
1413 745 1525 815 τῆς
1559 746 1807 801 κιϐωτοῦ

224 831 333 885 τοῦ
360 834 695 901 μαρτιφίου
728 835 879 890 κατὰ
923 838 1247 906 πρόσωπον
1286 838 1393 894 τοῦ
1436 839 1811 907 ἱλαστηρίου,

222 921 258 974 ὅ
284 923 459 978 ἐστιν
484 925 585 978 ἐπὶ
620 925 740 980 τῶν
765 930 1125 998 μαρτυρίων,
1158 930 1229 983 ὲν
1264 927 1356 997 οἷς
1386 929 1814 1001 γνωσθήσομαί

220 1032 321 1069 σοι
350 1018 495 1073 ἐκεῖ.
520 1019 631 1073 Kal
663 1020 938 1089 θυμιάσει
964 1022 1056 1075 ἐπ’
1082 1023 1268 1078 αὐτοῦ
1306 1023 1530 1093 Ἀαρὼν
1552 1026 1816 1095 θυμίαμα

220 1107 549 1177 ἀρωμάτων
577 1110 650 1163 ὲν
677 1112 847 1178 πρωῒ,
884 1112 983 1167 ὅτε
1007 1114 1277 1185 ἀταθύνῃ
1311 1115 1453 1183 τοὺς
1498 1117 1771 1187 λύχνους
1794 1135 1810 1148 ο

220 1200 504 1269 θυμιάσει
546 1203 641 1257 ἐπ’
682 1204 883 1273 αὑτοῦ⁹
906 1207 1170 1277 θυμίαμα
1225 1208 1550 1277 διαπαντὸς
1605 1211 1811 1265 ἔναντι

219 1293 448 1360 Κυρίου
471 1297 561 1362 εὶς
586 1295 695 1364 τὰς
722 1298 932 1368 γενεὰς
973 1297 1141 1369 ὑμῶν
1162 1317 1177 1330 ·
1223 1302 1336 1356 οὐκ
1365 1302 1673 1357 ἀνοίσεται
1713 1303 1806 1357 ἐπ’

216 1384 408 1439 αὐτοῦ
436 1387 698 1458 θυμίαμα
718 1390 1041 1459 ἀλλότριον
1084 1391 1185 1447 καὶ
1232 1394 1639 1464 όλοκαύτωμα.
1694 1397 1806 1449 Θυ-

217 1475 368 1530 σίαν
393 1475 495 1532 καὶ
522 1479 807 1551 σπονδὴν
831 1483 905 1536 οὺ
929 1482 1247 1537 σπείσεται
1273 1484 1368 1539 ἐπ’
1396 1485 1605 1542 αὑτοῦ.

1924 476 2094 531 altare
2121 478 2517 533 circumtectum
2544 495 2669 543 αντε,
2695 479 2764 533 ad
2786 480 3098 535 holocausta
3117 498 3220 553 quo
3244 480 3496 553 deferun-

1921 578 2012 623 tur
2050 569 2364 635 oblationes,
2392 572 2542 626 aliud
2570 573 2744 627 altare
2780 589 2844 628 ea;
2874 575 3290 643 imputribilibus
3312 578 3492 647 lignis,

1918 670 1969 714 et
1995 659 2282 717 deaurabis
2304 662 2440 717 illud
2470 680 2624 728 auro,
2655 673 2705 718 et
2738 664 2891 719 dabis
2922 664 3058 719 illud
3109 665 3165 720 in
3217 678 3496 736 conspectu

1919 752 2038 818 veli,
2070 752 2207 823 quod
2236 763 2315 808 est
2353 772 2511 826 super
2565 773 2746 811 arcam
2787 758 3093 822 testimonii,
3146 768 3269 813 ante
3304 759 3495 828 faciem

1915 846 2301 915 propitiatorii,
2338 847 2477 917 quod
2505 857 2582 903 est
2624 865 2786 918 supra
2826 852 3152 914 testimonia,
3200 853 3257 906 in
3301 854 3492 922 quibus

1917 937 2300 1006 manifestabor
2332 939 2423 991 tibi
2456 940 2590 995 illic.
2614 939 2685 994 Et
2707 942 2937 997 adolebit
2967 959 3125 1014 super
3153 943 3289 998 illud
3310 945 3494 1001 Aaron

1914 1030 2186 1084 incensum
2230 1040 2533 1085 aromatum
2565 1049 2736 1097 mane,
2788 1034 2999 1104 quando
3043 1035 3375 1090 ooncinnabit
3409 1035 3496 1090 luo

1915 1138 2102 1176 cernas
2141 1139 2159 1176 :
2207 1122 2441 1177 adolebit
2491 1140 2649 1194 super
2688 1126 2824 1179 illud
2866 1128 3139 1181 incensum
3180 1144 3381 1196 semper
3434 1130 3491 1184 in

1917 1222 2194 1283 conspectu
2216 1214 2434 1269 Domini
2464 1217 2516 1268 in
2537 1219 2893 1286 generationes
2926 1228 3129 1273 vestras
3172 1235 3189 1272 :
3220 1236 3324 1273 non
3357 1220 3489 1287 infe-

1917 1317 1995 1361 ret
2032 1322 2188 1376 super
2213 1307 2347 1361 illud
2366 1308 2637 1362 incensum
2661 1309 2891 1364 alienum
2913 1320 2962 1366 et
2987 1304 3372 1369 holocaustum.
3391 1310 3490 1370 Sa-

1916 1399 2177 1470 criﬁcium
2200 1408 2249 1455 et
2271 1399 2498 1455 libamen
2529 1418 2632 1456 non
2665 1400 2849 1455 libabit
2880 1417 3035 1472 super
3056 1404 3246 1472 ipsum.

888 1620 1017 1677 CAP.
1052 1621 1163 1678 Vll.
1199 1623 1462 1693 Ecclesia,
1494 1626 1669 1682 media
1695 1627 1834 1682 inter
1865 1626 2055 1697 legales
2086 1626 2302 1681 umbras
2331 1637 2381 1681 et
2409 1626 2526 1682 cali
2548 1629 2811 1685 veritates.

290 1758 355 1811 Et
385 1757 416 1810 ὁ
446 1757 613 1826 νόμος
651 1758 789 1824 ἐστὶ,
822 1758 965 1813 κατὰ
1007 1760 1101 1816 τὸν
1139 1761 1479 1829 Ἀπόστολον,
1505 1780 1796 1836 πνευματι-

1974 1761 2112 1818 Cum
2172 1763 2278 1826 lex,
2314 1763 2473 1832 juxta
2532 1763 2856 1834 Apostolum
2911 1766 2975 1831 “,
3021 1767 3326 1836 spiritualis
3384 1772 3482 1834 sit,

216 1846 337 1915 ιδς,
368 1848 479 1914 τὰς
498 1849 741 1916 εἰκόνας
766 1849 1133 1919 ἐμπεριέχων
1157 1850 1277 1906 τῶν
1285 1855 1638 1923 μελλόντων
1664 1856 1808 1925 ἀγα-

216 1939 359 2005 θῶν,
405 1940 539 2012 φέρε
570 1941 657 2013 δὴ,
690 1942 1118 2015 ἀπαμφιᾶσασαι
1159 1944 1333 1999 ’ποειτ’
1361 1944 1511 2017 αὐτῷ
1544 1946 1806 2018 κάλυμμα

216 2031 314 2086 τοῦ
372 2033 723 2104 γράμματος,
770 2035 1172 2108 ὲφηπλωμένην
1221 2035 1334 2109 (82)
1383 2036 1806 2110 ἐπισκεψώμεθα

215 2127 447 2198 γυμνῶς
503 2127 604 2199 τὴν
664 2128 972 2202 ἀκρίϐειαν.
1031 2131 1275 2204 Μιμημα
1330 2131 1429 2202 τῆς
1477 2132 1806 2204 Ἐκκλησίας

214 2218 537 2273 ἐκελεύοντο
563 2220 832 2276 δαιδάλειν
879 2221 1118 2294 Ἑϐραῖοι
1143 2223 1242 2296 τὴν
1277 2223 1505 2295 σκηνὴν,
1533 2224 1600 2279 ἵν’
1631 2223 1806 2295 ἔχοιεν

213 2309 307 2364 διὰ
332 2310 445 2365 τῶν
475 2309 753 2383 αἰσθητῶν
777 2313 961 2367 εἰκόνα
982 2312 1091 2367 τῶν
1113 2313 1281 2369 θείων
1312 2316 1805 2388 προκαταγγέλλειν

216 2403 587 2473 πραγμάτων.
651 2404 727 2458 Τὸ
746 2404 855 2478 γὰρ
890 2407 948 2459 ὲν
988 2406 1067 2478 τῷ
1099 2406 1214 2478 ὄρει
1249 2409 1602 2480 παράδειγμα
1632 2426 1807 2481 παρε-

216 2494 430 2565 νεχθὲν,
482 2497 621 2564 πρὸς
660 2496 691 2550 ὅ
742 2497 958 2569 βλέπων
1009 2500 1339 2571 ἐτεκτήνατο
1378 2500 1478 2572 τὴν
1530 2501 1735 2573 σκηνὴν
1776 2502 1806 2554 ὁ

214 2587 481 2658 Μωῦσῆς,
512 2589 629 2643 ἰδέα
654 2606 740 2654 τις
775 2585 846 2662 ἦν
869 2591 971 2663 τῆς
994 2590 1137 2646 κατά
1166 2590 1259 2646 τδν
1284 2591 1512 2663 οὐρανὸν
1539 2592 1806 2664 οἰκήσεως

212 2681 473 2753 ἀκριϐὴς,
501 2683 568 2754 ἥν
590 2683 755 2754 ἡμεῖς
784 2685 1107 2757 τρανότερον
1133 2685 1231 2756 μὲν
1253 2683 1362 2739 τῶν
1389 2684 1599 2751 τύπων,
1621 2686 1805 2755 ἀμαυ-

215 2773 443 2846 ρότερον
477 2773 536 2829 δὲ
590 2775 691 2847 τῆς
723 2776 980 2848 ἀληθείας
1029 2775 1409 2850 θεραπεύομεν
1466 2776 1583 2832 νῦν.
1630 2773 1804 2831 Ἦλθε

212 2865 322 2939 γὰρ
375 2869 676 2940 ἀκραιφνὲς
731 2871 815 2933 εἰς
852 2868 1202 2942 ἀνθρώπους,
1246 2870 1323 2934 ὡς
1354 2870 1618 2940 πέφυκεν,
1653 2868 1806 2925 οὔπω

211 2959 468 3030 τάληθὲς,
505 2961 556 3014 οἳ
593 2961 729 3033 μηδὲ
752 2960 1018 3032 βαστάσαι
1044 2963 1284 3035 φέρομεν
1309 2961 1547 3035 ἄκρατον
1569 2962 1803 3016 ἐνταῦθα

214 3050 513 3105 θεάσασθαι
563 3052 664 3122 τὴν
693 3051 1022 3124 ἀφθαρσίαν,
1064 3051 1230 3105 ὁπότε
1274 3052 1411 3124 μηδὲ
1436 3051 1535 3117 τὰς
1567 3053 1801 3124 ἡλιακὰς

214 3143 456 3215 φέρομεν
487 3144 616 3198 ἰδεῖν
630 3144 872 3208 ἀκτῖνας.
908 3143 1075 3199 Ἀλλά
1112 3143 1352 3198 Ἰουδαῖοι
1389 3145 1487 3216 μὲν
1513 3144 1611 3216 τὴν
1646 3145 1801 3199 σκιὰν
1827 3133 1870 3191 C

210 3237 309 3308 τῆς
336 3236 550 3300 εἰκόνος
578 3236 773 3309 τρίτην
793 3234 903 3290 ἀπὸ
930 3236 1028 3307 τῆς
1041 3235 1300 3308 ἀληθείας
1329 3236 1765 3307 κατηγγέλκασιν
1782 3253 1798 3268 ·

209 3328 375 3399 ἡμεῖς
423 3328 482 3382 δὲ
530 3328 633 3399 τὴν
684 3326 870 3382 εἰκόνα
921 3329 1020 3399 τῆς
1055 3329 1175 3382 κατ’
1216 3327 1443 3401 οὐρανὸν
1485 3327 1803 3399 διοικήσεως

209 3418 463 3491 ἐναργῶς
519 3418 894 3490 ὲκθειάζομεν.
925 3419 999 3473 Τὸ
1037 3419 1146 3492 γὰρ
1174 3418 1373 3490 ἀληθὲς
1404 3418 1649 3491 ἀκριϐῶς
1683 3419 1800 3490 μετ’

208 3513 513 3568 ἀνάστασιν
567 3512 679 3584 (85)
720 3510 1110 3585 δηλωθήσεται,
1144 3513 1308 3566 ὁπότε
1341 3512 1629 3584 πρόσωπον
1659 3510 1800 3565 κατὰ

207 3606 508 3676 πρόσωπον
550 3604 650 3677 τὴν
697 3605 858 3674 ἁγίαν
905 3606 1110 3677 σκηνὴν
1162 3603 1313 3678 (τὴν
1361 3606 1545 3660 πόλιν
1591 3605 1691 3677 τὴν
1735 3607 1793 3659 ὲν

206 3698 481 3769 οὐρανοῖς,
537 3693 617 3769 ἧς
677 3701 954 3768 τεχνίτης
1016 3700 1116 3754 καὶ
1169 3698 1523 3771 δημιουργὸς
1574 3698 1785 3771 Θεὸς),

1908 1854 2168 1923 imagines
2202 1854 2472 1908 continens
2511 1853 2811 1923 futurorum
2870 1856 3149 1923 bonorum,
3180 1873 3302 1930 age,
3326 1863 3489 1917 redu-

1906 1953 1996 2000 cto
2023 1945 2168 2016 quod
2194 1946 2272 2000 illi
2300 1946 2563 2017 injectum
2599 1954 2682 2002 est
2721 1948 2843 2003 velo
2890 1949 3103 2016 litterm,
3141 1954 3487 2010 enucleatum

1906 2038 2218 2092 intueamur
2284 2039 2353 2093 ad
2408 2038 2617 2093 nudum
2678 2041 2977 2095 veritatem.
3051 2041 3488 2105 Tabernaculum

1906 2132 2052 2201 quod
2074 2133 2227 2186 vario
2250 2132 2402 2187 cultu
2429 2129 2636 2186 alfabre
2666 2146 2868 2187 ornare
2917 2131 3133 2189 Hebraei
3164 2135 3309 2205 jussi
3334 2146 3484 2204 sunt,

1906 2223 2167 2279 Ecclesiae
2196 2224 2443 2294 quaedam
2484 2224 2765 2294 expressio
2787 2224 2909 2290 fuit,
2942 2234 3003 2280 ut
3029 2229 3194 2284 rebus
3223 2229 3489 2286 informa--

1905 2324 2021 2372 tum
2053 2318 2411 2375 sensibilibus
2442 2318 2705 2373 baberent
2732 2317 3111 2385 simulacrum,
3143 2337 3252 2391 quo
3299 2322 3485 2378 divina

1906 2410 2041 2465 olim
2069 2418 2332 2466 eventura
2360 2410 2622 2481 mysteria
2645 2411 3095 2480 pmnuntiarent.
3119 2410 3256 2467 Nam
3279 2414 3484 2483 “quod

1905 2510 2193 2558 ostensum
2227 2503 2282 2556 in
2311 2513 2496 2557 monte
2523 2501 2805 2572 exemplar
2833 2510 2938 2567 est,
2968 2504 3037 2558 ad
3070 2503 3214 2574 quod
3264 2505 3485 2562 intuens

1906 2593 2120 2666 Moyses
2148 2595 2561 2650 tabernaculum
2613 2593 2916 2652 fabricatus
2971 2604 3078 2661 est,
3109 2590 3302 2652 exacta
3330 2612 3483 2669 quie-

1906 2688 2031 2743 dam
2054 2687 2190 2743 'idea
2236 2697 2356 2743 erat
2407 2687 2674 2743 domicilii
2706 2689 2967 2751 cmlestis.
2995 2690 3082 2744 cui
3112 2705 3214 2745 nos
3263 2706 3483 2761 quoque

1908 2780 2190 2852 limpidius
2209 2781 2506 2846 servimus,
2562 2795 2727 2851 quam
2756 2781 2803 2837 si
2830 2781 3009 2836 adhuc
3041 2783 3098 2836 in
3136 2782 3325 2853 ﬁguris
3354 2800 3481 2840 ver-

1908 2888 2194 2938 saremur;
2250 2873 2544 2928 obscurius
2575 2879 2782 2938 tamen,
2813 2887 2976 2944 quam
3012 2875 3059 2929 si
3084 2875 3202 2945 ipsa
3234 2876 3482 2933 veritatis

1907 2965 2030 3021 luce
2056 2965 2377 3035 potiremur.
2404 2963 2649 3020 Necdum
2694 2966 2844 3020 enim
2873 2965 2989 3036 ipsa
3015 2980 3151 3036 pura
3173 2976 3227 3022 et
3259 2968 3478 3024 sincera

1904 3059 2128 3125 veritas,
2159 3058 2238 3113 uti
2262 3058 2337 3113 illi
2371 3064 2745 3129 comparatum
2772 3065 2876 3122 est,
2910 3058 2978 3113 ad
3030 3058 3283 3116 homines
3310 3062 3479 3126 venit,

1903 3151 2094 3222 quine
2143 3150 2286 3206 ferre
2314 3151 2535 3221 quidem
2585 3150 2866 3205 valeamus
2920 3151 3163 3220 quandiu
3222 3153 3334 3207 vita
3372 3153 3479 3207 hac

1906 3242 2127 3297 mortali
2154 3242 2387 3313 agimus,
2411 3248 2473 3296 ut
2490 3256 2685 3310 puram
2720 3242 3189 3312 incorruptionem
3217 3253 3481 3300 contuea-

1904 3350 2048 3399 mur,
2079 3334 2162 3389 uti
2192 3348 2369 3403 neque
2393 3343 2452 3387 ut
2481 3332 2748 3388 micantes
2778 3333 2909 3389 solis
2931 3334 3116 3389 radios
3148 3336 3322 3390 oculis
3349 3352 3480 3407 por-

1906 3424 2307 3483 temusJudtei
2364 3439 2530 3495 porro
2582 3425 2830 3479 umbram
2867 3425 3142 3495 imaginis,
3192 3428 3408 3482 tertiam
3445 3445 3478 3484 a

1903 3513 2154 3579 veritate,
2188 3513 2650 3568 annunt-iaverunt
2686 3529 2828 3568 :nos
2861 3528 2992 3569 vero
3015 3516 3251 3572 cmlestis
3280 3518 3479 3588 guber-

1901 3607 2142 3664 nationis
2169 3607 2459 3677 imaginem
2490 3607 2641 3663 clare
2675 3607 3044 3666 celebramus.
3072 3606 3286 3666 Veritas
3320 3627 3479 3667 nam-

1896 3714 2004 3770 que
2033 3698 2152 3770 ipsa
2173 3706 2364 3755 exacte
2389 3706 2511 3768 post
2531 3699 2987 3757 resurrectionem
3014 3700 3474 3774 manifestabitur,

278 3875 325 3908 ¹⁶
369 3874 548 3929 Exod.
579 3891 709 3940 xxx,
739 3874 856 3931 1-9.
933 3878 973 3909 ¹¹
1019 3875 1181 3932 Hebr.
1223 3893 1274 3946 x,
1310 3877 1359 3933 l.
1441 3878 1482 3911 "
1522 3876 1698 3932 Exod.
1730 3893 1859 3945 xxv,
1889 3879 1980 3934 40.

274 4041 395 4111 (82)
436 4038 932 4112 Ἐξοηπλωμένην.
961 4041 1143 4097 Codex
1188 4040 1350 4107 Μαι,
1383 4039 1795 4112 ὲφηπλωμένον,

215 4113 357 4181 Ποά
384 4114 562 4184 magis
594 4111 933 4184 probandum
959 4113 1194 4177 videtur,
1230 4122 1290 4168 ut
1314 4113 1586 4169 referatur
1611 4111 1678 4168 ad
1696 4114 1797 4168 κά-

204 4182 401 4256 λυμμα
438 4198 453 4212 ’
486 4182 680 4256 auare
708 4183 950 4256 tollenda
983 4193 1067 4256 eet
1123 4184 1335 4256 virgula
1382 4184 1716 4254 praecedens,
1740 4194 1795 4238 et

208 4252 599 4325 interpretatio
657 4253 851 4307 Latina
901 4254 981 4325 sic
1009 4252 1234 4314 Graecis;
1257 4255 1332 4308 ita
1383 4252 1671 4316 correctis,
1702 4270 1795 4308 ac-

208 4322 610 4379 commodanda
640 4343 655 4379 :
681 4325 807 4392 Age,
830 4322 1130 4378 reducentes
1154 4340 1444 4393 oppansum
1473 4325 1574 4392 ipsi
1602 4325 1798 4379 litterae

1898 4045 2198 4120 rectionem
2253 4044 2436 4120 diﬂ'ert
2467 4044 3100 4120 perfectamhvisionem,
3159 4057 3213 4105 et
3243 4065 3362 4120 quae
3388 4061 3474 4109 est

1901 4114 2047 4190 facie
2069 4117 2135 4170 ad
2162 4115 2352 4171 faciem
2379 4114 2497 4190 sine
2521 4118 2917 4186 tenigmatilms,
2944 4126 2997 4190 et
3026 4135 3132 4174 non
3150 4135 3214 4174 ex
3236 4114 3387 4190 parte
3408 4143 3420 4174 :
3438 4141 3470 4177 ιι

1903 4202 2009 4254 qua
2039 4188 2364 4241 immensum
2400 4185 2625 4252 distant,
2640 4185 2769 4255 qua:
2796 4189 2985 4242 tribuit
3014 4185 3300 4246 animabus
3325 4202 3467 4247 orat.

1902 4272 1958 4319 x,
1990 4257 2135 4329 quod
2167 4258 2362 4329 visuras
2393 4256 2682 4329 θαυμαστά
2708 4273 2828 4329 τινα
2861 4260 2953 4311 καὶ
2990 4259 3339 4329 ὲκλάμποντα
3372 4265 3468 4316 καὶ

1948 4327 2151 4409 ακάρια
2184 4326 2378 4409 κάλλη,
2547 4330 2709 4382 ὁποῖα
2728 4328 2983 4409 ,ἐξειπεῖν
3020 4333 3101 4409 εἰς
3120 4326 3471 4409 ,ἀνθράξπους

208 4394 706 4469 selam_en,_nudam
732 4409 914 4469 carem
940 4402 991 4447 et
1012 4392 1253 4469 cominus
1281 4396 1555 4469 veritatem
1586 4397 1797 4469 intuea~
1826 4392 1872 4450 ι)
1900 4392 2180 4469 δυσχερές,
2220 4392 2561 4469 admirabilia
2587 4392 2829 4469 quwdain
2868 4408 2917 4453 et
2950 4398 3223 4469 splendida
3242 4392 3291 4455 et
3315 4392 3470 4456 beata

208 4482 350 4535 mur.
366 4464 463 4517 En.
483 4463 686 4519 Luem.
708 4494 779 4504 —
806 4465 1292 4535 Ὲφηπλωμένην.
1310 4464 1623 4520 Lectionem
1652 4466 1794 4520 hanc

209 4533 339 4589 Vat.
374 4535 565 4590 multis
595 4536 834 4605 exagitat
887 4533 1290 4605 editor‘lmpar.
1340 4537 1796 4605 amplectiturque

206 4607 437 4687 alteram
470 4605 609 4659 Μαι.
630 4613 685 4659 et
710 4605 1338 4687 Allatnszpniskwpévov,
1373 4605 1517 4687 quod
1571 4606 1792 4687 referat,

203 4675 267 4730 τὸ
298 4675 593 4746 κάλυμμα,
626 4676 771 4745 quod
812 4676 885 4728 ita
910 4678 997 4747 ἐπ’
1027 4675 1196 4747 αὐτῷ,
1229 4692 1390 4745 supra
1429 4676 1592 4747 legem
1622 4678 1796 4746 εει)ιί-

204 4756 395 4801 catum
434 4756 602 4817 atque
634 4761 935 4816 expansum
963 4746 1298 4817 intelligatur
1315 4762 1379 4801 ac
1395 4747 1628 4817 dicatur.
1668 4747 1793 4800 Mihi

204 4825 392 4871 tamen
433 4816 556 4871 Vat.
588 4818 750 4872 lectio
785 4817 957 4884 nugis
1001 4816 1282 4886 probatur,
1316 4816 1460 4884 quod
1487 4832 1548 4870 ea
1580 4833 1681 4869 vox
1706 4832 1794 4871 rc-

204 4886 316 4940 lata
343 4886 413 4940 ad
437 4887 682 4940 velamen
716 4886 990 4955 superﬂua
1027 4889 1118 4949 sit,
1151 4903 1275 4941 cum
1305 4888 1367 4940 τὸ
1397 4888 1485 4939 ἐπ’
1521 4886 1689 4956 αὐτῷ,
1710 4888 1791 4956 vel

204 4956 495 5028 τιθέμενον
554 4958 640 5011 vel
675 4954 950 5028 κείμενον,
991 4965 1052 5010 ιιι
1112 4955 1406 5028 Apostolus
1472 4954 1713 5026 laquit'ur
1748 4954 1791 5008 ll

203 5026 339 5082 Cor.
375 5043 461 5091 ιιι,
486 5042 602 5082 rem
628 5026 846 5081 aliunde
872 5027 1109 5083 declaret
1134 5026 1276 5081 z'nec
1305 5028 1441 5081 alias
1469 5043 1632 5082 vores
1660 5028 1790 5081 sub-

205 5099 518 5154 intellectas
567 5098 750 5167 exigat
805 5097 1027 5166 phrasis
1066 5098 1157 5151 illa
1206 5096 1486 5167 Methodii.
1514 5096 1793 5167 Ἐξηπλω-

207 5169 381 5241 μένην
420 5168 565 5241 forte
588 5169 894 5238 scripserit,
932 5183 1052 5241 quae
1087 5182 1190 5221 vox
1228 5167 1401 5241 magis
1433 5166 1640 5241 Graeca,
1662 5183 1790 5241 nam

204 5236 437 5294 alterius
473 5239 566 5292 vix
596 5236 778 5291 exstat
828 5239 1177 5308 exemplum;
1231 5236 1609 5308 ἑφαπλώματα
1667 5237 1793 5291 Ari-

206 5253 437 5294 alterlus
473 5255 566 5292 vnx
596 5253 778 5291 exstat
828 5254 980 5293 cxem
1027 5253 1177 5304 lum;
1231 5253 1609 5308 εφαπλωματα
1667 5253 1786 5291 Ari-

206 5311 391 5378 stoph.
422 5311 477 5363 in
503 5309 763 5373 Acharn.,
792 5316 931 5363 teste
987 5253 1177 5372 guida,
1206 5317 1364 5362 vocat
1394 5307 1738 5378 πεπλώματα
1771 5325 1786 5338 ο

206 5381 554 5447 redduntque
586 5378 859 5440 culcitras,
915 5378 1184 5448 stragulas
1223 5388 1428 5432 vestes:
1466 5379 1788 5433 tenuissima

209 5451 335 5505 item
359 5451 702 5505 indumenta.
718 5450 811 5519 iDe
833 5451 953 5504 velo
970 5450 1112 5519 quod
1148 5448 1482 5519 obtenditur,
1505 5451 1682 5519 panius
1709 5451 1791 5501 ὲκ-

205 5521 439 5575 πετάσαι
462 5521 688 5575 dicitur.
717 5518 930 5574 Veritas
959 5518 1342 5582 ἐξαπλοῦσθαι,
1374 5518 1519 5571 cuni
1538 5521 1650 5588 ipsa
1693 5535 1791 5572 ex-

208 5594 404 5661 plicata
435 5593 694 5661 nudaque
746 5590 1011 5645 cernitur.
1046 5588 1160 5644 Etsi
1217 5601 1346 5645 sunt
1375 5590 1490 5643 haec
1529 5590 1789 5643 minutio-

210 5678 286 5716 Ia.
313 5663 605 5717 Cousms.

274 5733 384 5795 (83)
405 5732 568 5787 Μετά
581 5730 938 5790 ἀνάστασιν.
960 5730 1027 5787 Et
1042 5731 1133 5788 hic
1149 5728 1453 5789 Methodius
1468 5740 1589 5801 post
1606 5740 1809 5786 resur--

1896 4463 2113 4538 decora,
2148 4475 2197 4521 et
2252 4483 2368 4538 qua:
2394 4463 2694 4538 hominibus
2731 4485 2865 4538 a’gre
2895 4463 3060 4524 verbis
3093 4463 3248 4525 liceat
3303 4474 3472 4538 expli-

1898 4555 2038 4594 care.
2077 4537 2211 4593 Esse
2241 4537 2435 4609 nempe
2486 4537 2555 4591 ibi
2582 4539 2755 4609 ipsam
2778 4541 3071 4608 justitiam,
3096 4542 3270 4609 ipsam
3304 4537 3470 4595 casti-

1899 4618 2082 4679 tatem,
2145 4608 2488 4679 charitatem,
2540 4608 2825 4679 veritatem
2877 4617 2930 4664 et
2973 4608 3212 4679 reliquos
3264 4614 3475 4679 pariter

1897 4677 2218 4733 manifestos
2243 4678 2526 4749 sapientiae
2559 4678 2720 4733 ﬂores
2776 4686 2831 4733 et
2861 4677 3345 4749 stirpem—quarum
3381 4681 3471 4735 hic

1896 4755 2106 4802 tantum
2139 4750 2361 4803 umbras
2388 4748 2673 4809 hebennus.
2696 4757 2827 4811 etc.,
2861 4748 2983 4802 nam
3015 4758 3068 4803 et
3098 4750 3232 4809 hmc.
3270 4750 3345 4803 uti
3374 4767 3469 4804 eo-

1895 4833 2016 4871 rum
2054 4819 2140 4872 hic
2192 4819 2406 4881 umbra,
2461 4826 2642 4873 creata
2693 4830 2842 4879 sunt,
2877 4819 3147 4888 primique
3204 4820 3295 4874 Dei
3340 4820 3469 4877 elle-

1894 4900 2038 4949 ctus,
2063 4889 2258 4958 purius
2312 4888 2395 4959 ibi
2419 4889 2699 4951 intellecti,
2755 4897 2808 4945 et
2863 4897 2923 4943 ut
2956 4892 3218 4951 rationes,
3264 4892 3465 4959 quibus

1895 4975 2006 5012 non
2041 4957 2159 5027 ipsa
2191 4960 2246 5013 in
2275 4974 2335 5014 se
2376 4957 2465 5012 Dei
2492 4959 2730 5015 essentia
2758 4960 2994 5019 videtur,
3021 4974 3118 5013 nec
3143 4957 3466 5014 vero'Pala-

1895 5030 2149 5083 mitarum
2177 5044 2384 5091 errore,
2419 5028 2507 5083 Dei
2536 5032 2711 5083 virtus
2733 5032 2985 5084 essentias
3007 5029 3297 5098 conjuncta
3320 5041 3373 5087 et
3397 5034 3467 5086 ab

1892 5099 1986 5152 illa
2016 5100 2299 5170 distincta,
2332 5114 2452 5168 quae
2480 5102 2552 5153 sit
2596 5101 2897 5170 multiplex,
2957 5115 3079 5153 cum
3119 5103 3358 5155 essentia
3394 5103 3475 5157 sit

1893 5184 2022 5224 una.
2080 5169 2284 5240 Nempe
2344 5170 2625 5240 multiplex
2665 5169 2948 5225 eﬂ‘ectibus
2978 5177 3084 5233 est,
3122 5169 3239 5239 ipsa
3273 5188 3377 5225 una
3409 5183 3467 5227 et

1894 5240 2411 5310 simplicissima,’ut
2438 5248 2493 5294 et
2512 5243 2772 5302 essentia,
2804 5255 2834 5293 a
2857 5257 2963 5311 qua
2998 5256 3163 5310 penes
3196 5242 3309 5296 sola
3332 5258 3468 5297 con-

1891 5318 2078 5363 notata
2105 5320 2160 5364 et
2209 5311 2517 5364 virtualiter
2554 5311 2858 5366 eminenter
2908 5312 3281 5379 distinguitur.
3329 5314 3469 5368 Aliis

1891 5396 2021 5450 ergo
2054 5383 2190 5435 locis
2217 5396 2376 5450 opus,
2407 5391 2469 5434 ut
2499 5381 2804 5434 vindicetur
2839 5381 3164 5443 Methodius.
3205 5392 3258 5437 et
3278 5385 3467 5437 tralia--

1893 5458 1981 5524 tur
2003 5453 2413 5524 injententiam
2436 5453 2798 5524 quamlongis
2822 5463 2941 5521 post
2969 5453 3308 5524 temporibus
3340 5470 3468 5524 pro-

1894 5522 2039 5576 bavit
2062 5520 2303 5575 Ecclesia
2334 5542 2346 5576 :
2383 5521 2566 5575 videre
2596 5522 2706 5590 jam
2726 5520 2845 5575 tum
2871 5520 3095 5577 animus
3120 5523 3308 5582 Deum.
3340 5520 3467 5592 nui-

1890 5592 2162 5719 lillSdﬂlllil
2186 5609 2259 5716 lex
2301 5594 2604 5664 superioris
2644 5595 2765 5647 vita:
2815 5596 3123 5665 incorpore
3158 5606 3308 5649 reatu
3338 5610 3465 5663 puro

1890 5677 1990 5719 itan
2037 5680 2147 5719 um.
2209 5678 2261 5718 ι).

1890 5677 2147 5734 ganuum.
2186 5677 2261 5718 ID.
