3866 6160
373 258 471 313 ιιι

1374 256 1431 310 s.
1478 253 1812 310 usruouu
1849 237 2288 309 Episcori‘lsr
2330 253 2692 311 uanrrms

3530 253 3638 309 “2

370 374 590 444 quando
610 373 721 444 jam
751 372 890 427 facie
914 371 979 426 ad
1009 371 1203 427 faciem
1245 373 1288 403 ¹³
1342 383 1594 428 sanctum
1620 373 1938 427 tabernacu-

2053 373 2164 426 ἀλλ’
2189 373 2249 424 οὐ
2276 372 2343 424 δι’
2374 374 2711 444 αἰνιγμάτων
2751 375 2845 426 καὶ
2878 374 2940 425 ὲκ
2975 371 3172 442 μέρους
3201 367 3632 437 ὲποπτεύσομενο

369 482 481 535 lum
535 476 832 550 (caelestem
888 475 1143 530 nimirum
1189 475 1475 540 civitatem,
1525 475 1679 543 cujus
1728 472 1926 542 artifex
1978 484 2028 528 et
2079 472 2320 528 conditor
2367 471 2508 526 Deus
2539 481 2616 526 est
2647 471 2711 542 “)
2763 488 2873 527 non
2903 480 3082 526 autem
3142 471 3379 542 amplius
3418 470 3474 524 in
3509 469 3639 524 aani-

368 581 548 647 gmate
575 582 631 628 et
652 586 718 626 ex
743 579 897 643 parte
929 569 1334 624 contuebimur.

840 686 971 743 CAP.
1008 685 1370 756 Vlll.Duplea:
1409 689 1601 754 altare,
1628 689 1800 743 vidum
1837 696 1887 744 et
1919 687 2159 757 rirgines.
2204 682 2409 735 Aurum
2449 680 2771 750 virginitatis
2805 680 3120 752 symbolum.

441 805 644 877 Nempe
694 806 866 861 Judaei
918 821 1007 862 res
1031 813 1250 861 nostras
1294 814 1820 875 pramuntiaverunt,
1847 821 1948 862 nos

367 915 499 957 vero
527 899 769 955 caelestia
795 900 1253 969 praenuntiamus;
1291 899 1733 970 quandoquidem
1764 900 1948 953 taber-

369 992 627 1047 naculum
656 992 873 1060 quidem
900 990 1160 1045 Eeclesiae
1194 997 1381 1060 typum
1426 990 1668 1061 gerebat,
1701 988 1947 1044 Ecclesia

371 1098 501 1138 vero
520 1083 692 1137 caelos
724 1091 1101 1153 reprzesentat.
1125 1081 1264 1137 Cum
1294 1085 1479 1152 itaque
1513 1082 1627 1137 bmc
1657 1082 1729 1136 ita
1754 1097 1812 1137 se
1847 1083 1946 1136 lia-

368 1177 550 1239 beant,
581 1183 635 1230 et
667 1174 1100 1240 tabernaculum,
1127 1176 1205 1229 uti
1233 1175 1506 1238 dicebam,
1538 1174 1797 1229 Ecclesiae
1820 1183 1948 1245 typo

369 1275 702 1331 assumatur,
731 1265 1024 1322 videndum
1074 1275 1246 1323 restat
1278 1266 1345 1321 ad
1368 1281 1533 1337 quam
1571 1267 1791 1336 proprie
1840 1266 1946 1320 Ec-

368 1359 548 1414 clesim
579 1368 788 1429 partem
820 1366 1129 1429 spectarent
1159 1359 1269 1415 duo
1303 1360 1498 1414 altaria
1545 1375 1782 1431 quorum
1826 1373 1944 1414 me-

367 1447 648 1503 minimus.
680 1446 792 1519 Ego
823 1463 954 1503 sane
1009 1450 1162 1519 prius
1193 1448 1412 1519 quidem
1446 1464 1552 1504 aere
1584 1457 1805 1514 tectum,
1856 1463 1944 1504 se-

367 1541 518 1595 natui
552 1548 815 1613 septoque
842 1540 1135 1597 viduarum
1168 1542 1345 1597 simile
1377 1539 1631 1596 dixerim.
1662 1541 1759 1597 Dei
1795 1543 1940 1598 enim

368 1632 584 1701 spirans
615 1646 708 1684 ara
730 1640 878 1693 sunt,
912 1630 978 1684 ad
1005 1645 1168 1701 quam
1193 1631 1398 1700 passim
1432 1629 1734 1686 oll‘eruntur
1787 1629 1942 1684 vituli

2136 800 2381 853 Ἰουδαῖοι
2431 799 2530 869 μὲν
2581 797 2690 868 γὰρ
2733 797 2800 852 τὰ
2841 799 3089 871 ἡμέτερα
3129 801 3632 873 προανεφὼνησανο

2054 893 2216 962 ἡμεῖς
2261 891 2317 943 δὲ
2361 891 2429 943 τὰ
2484 888 2709 960 οὐράνια
2741 890 3221 962 προαγγέλλομενο
3272 892 3568 964 ἐπειδήπερ
3599 895 3639 964 ή

2057 983 2156 1053 μὲν
2214 980 2385 1052 σκηνὴ
2437 979 2704 1050 σύμὸολον
2725 975 2793 1050 ἦν
2842 980 2940 1051 τῆς
2987 980 3331 1050 Ἑκκλησίας,
3361 984 3394 1053 ή
3426 982 3484 1036 δὲ
3514 985 3633 1037 Ἐκ.

2054 1072 2252 1142 κλησία
2299 1071 2407 1124 τῶν
2449 1068 2713 1142 οὐρανῶν.
2753 1069 2862 1135 Διὸ,
2907 1069 3108 1123 τούτων
3159 1070 3330 1134 οὕτως
3379 1071 3634 1141 ἐχόντων,

2054 1164 2149 1216 καὶ
2178 1163 2274 1234 τῆς
2303 1162 2508 1234 σκηνῆς
2551 1164 2608 1215 ὲν
2655 1161 2811 1230 τύπῳ
2839 1162 2936 1232 τῆς
2984 1162 3328 1232 Ἐκκλησίας,
3364 1163 3438 1227 ὼς
3471 1164 3632 1235 ἔφην,

2053 1253 2490 1325 λαμϐανομένης,
2523 1254 2630 1325 χρὴ
2674 1254 2768 1306 καὶ
2825 1253 2892 1305 τὰ
2921 1253 3282 1324 θυσιαστήρια
3309 1254 3561 1326 σύνθημά
3578 1272 3634 1307 τι

2052 1346 2159 1399 τῶν
2190 1345 2331 1400 κατὰ
2376 1345 2474 1417 τὴν
2524 1344 2852 1416 Ἐκκλησίαν
2892 1345 3234 1416 πραγμάτων
3269 1345 3474 1417 φέρειν.
3521 1347 3635 1400 Καὶ

2049 1438 2110 1490 τὸ
2138 1439 2234 1509 μὲν
2264 1437 2809 1510 περικεχαλκωμένον
2850 1437 3243 1503 ἁπεικάζεσθαι
3271 1441 3336 1510 τῇ
3371 1440 3638 1512 γερουσίᾳ

2049 1532 2141 1585 καὶ
2172 1530 2248 1602 τῷ
2269 1529 2541 1601 περιϐόλῳ
2566 1531 2673 1583 τῶν
2696 1530 2878 1603 χηρῶν
2894 1548 2906 1560 ·
2929 1530 3063 1584 Θεοῦ
3089 1532 3197 1603 γάρ
3225 1533 3361 1586 εἰσιν
3389 1532 3638 1604 ἔμψυχος

2051 1623 2252 1694 βωμὸς,
2279 1625 2359 1687 είς
2394 1624 2452 1677 ὃν
2503 1623 2928 1694 άνακομίζονται
2965 1625 3094 1687 τοὺς
3119 1626 3355 1696 μόσχους
3389 1626 3482 1680 καὶ
3530 1625 3636 1690 τὰς

365 1731 422 1778 et
454 1723 696 1787 decimae,
726 1731 780 1778 et
810 1722 1128 1777 voluntaria:
1157 1723 1373 1787 oblatas,
1401 1739 1523 1792 quae
1543 1723 1597 1776 in
1622 1722 1837 1778 Domini
1860 1737 1938 1777 sa-

2047 1718 2300 1781 δεκάτας,
2331 1718 2426 1771 καὶ¹
2453 1716 2524 1770 τὰ
2573 1716 2796 1771 ἑκούσια
2851 1717 3040 1772 θυσίαν
3073 1718 3372 1790 τελούμενα
3404 1721 3628 1792 Κυρίῳ⁶

365 1815 632 1871 criticium
659 1815 878 1869 cedunt.
918 1814 1229 1868 lnauratum
1267 1826 1450 1870 autem
1502 1816 1676 1870 altare
1706 1815 1856 1870 intus
1887 1815 1944 1869 in

367 1908 584 1964 Sanctis
611 1913 924 1964 sanctorum
961 1907 1283 1976 repositum,
1320 1915 1444 1962 ante
1470 1906 1664 1961 faciem
1693 1907 1945 1962 testimo-

362 2001 462 2067 nii,
494 2002 550 2056 in
583 2015 693 2071 quo
721 1998 1056 2071 prohibitum
1091 2005 1176 2054 est
1206 1998 1389 2053 offerri
1427 1998 1760 2055 sacrificium
1791 2008 1846 2053 et
1871 1999 1942 2053 li-

364 2095 582 2157 bamen,
617 2093 686 2148 ad
716 2108 813 2149 eas
840 2107 962 2164 quae
990 2092 1045 2146 in
1072 2099 1221 2148 statu
1249 2092 1523 2163 virginum
1553 2099 1704 2155 sunt,
1727 2090 1943 2146 videtur

361 2184 746 2252 referendum;
781 2184 1102 2256 incorrupto
1161 2200 1321 2249 auro,
1379 2184 1813 2255 imputribilibus
1872 2184 1942 2239 ab

361 2277 510 2332 omni
535 2277 636 2331 viri
666 2291 969 2347 congressu
1021 2277 1240 2331 illorum
1271 2280 1534 2347 protectis
1591 2276 1938 2346 corporibus.

361 2369 570 2423 Aurum
603 2369 749 2422 enim
782 2367 998 2424 duabus
1022 2369 1225 2438 passim
1253 2367 1669 2423 commendatur
1697 2368 1940 2432 dotibus,

361 2472 477 2515 tum
508 2459 655 2530 quod
676 2459 983 2530 rubiginem
1011 2476 1124 2514 non
1174 2458 1432 2524 admittit,
1489 2466 1605 2513 tum
1639 2454 1786 2528 quod
1835 2457 1944 2513 ful-

358 2568 491 2626 gore
545 2553 736 2607 innato
787 2551 1067 2608 radiorum
1115 2552 1248 2608 solis
1271 2551 1507 2622 speciem
1542 2566 1710 2621 prope
1734 2550 1944 2608 referre

359 2645 600 2701 videtur.
633 2644 832 2715 Aptum
858 2645 914 2698 in
943 2653 1177 2714 utroque
1225 2643 1556 2712 virginitatis
1610 2642 1938 2714 symbolum,

358 2738 541 2792 nullas
567 2737 909 2792 admittentis
938 2736 1131 2791 sordes
1159 2750 1224 2791 ac
1255 2737 1523 2801 maculas,
1565 2736 1661 2792 sed
1697 2744 1752 2791 et
1775 2734 1940 2790 Verbi

361 2843 580 2898 semper
642 2828 764 2882 luce
813 2827 1236 2898 resplendentis.
1265 2827 1529 2899 latusque
1566 2837 1853 2899 propterea
1882 2829 1940 2883 in

299 2981 306 2988 ,
363 2918 579 2976 Sanctis
607 2926 925 2974 sanctorum
953 2919 1188 2974 vicinius
1240 2927 1370 2984 stat,
1403 2929 1458 2976 et
1491 2929 1618 2975 ante
1647 2923 1825 2976 velum
1855 2921 1940 2974 in-

357 3014 639 3071 temeratis
662 3012 916 3068 manibus
955 3011 1164 3066 incensi
1201 3012 1392 3075 instar,
1421 3020 1672 3083 acceptas
1709 3012 1938 3068 Domino

357 3121 549 3178 preces
601 3105 657 3159 in
698 3104 922 3159 odorem
983 3103 1270 3159 suavitatis
1332 3103 1624 3159 submittit.
1683 3103 1837 3159 Sicut
1884 3112 1938 3160 et

354 3198 594 3255 Ioannes
632 3197 958 3268 signiﬁcavit
1014 3197 1080 3264 ‘5,
1114 3196 1399 3251 incensum
1449 3197 1596 3266 quod
1656 3196 1708 3250 in
1739 3198 1941 3267 pliialis

355 3290 550 3360 viginti
571 3301 804 3361 quatuor
833 3292 1112 3346 seniorum
1143 3297 1283 3354 erat,
1314 3297 1629 3346 sanctorum
1662 3291 1939 3346 orationes

354 3396 476 3437 esse
499 3381 709 3438 dicens.
737 3381 862 3436 Haec
886 3382 982 3436 tibi
1005 3382 1072 3436 de
1103 3381 1372 3445 castitate,
1405 3387 1568 3450 prout
1598 3381 1651 3433 in
1681 3389 1934 3451 promptu
1961 3373 1968 3381 ’

355 3474 532 3542 licuit,
563 3483 617 3531 et
645 3491 744 3547 ego
766 3492 866 3546 pro
903 3476 1134 3540 viribus,
1164 3491 1197 3529 ο
1226 3474 1412 3539 Arete,
1442 3474 1686 3529 confero.

425 3566 552 3622 Hinc
597 3569 777 3623 locuta
831 3566 1129 3631 Thallusa,
1187 3567 1367 3622 aiebat
1419 3567 1747 3637 Theopatra,
1804 3564 1935 3620 Are-

355 3665 447 3713 ten
488 3667 705 3729 sceptro
743 3657 1006 3728 Agatham
1045 3659 1311 3728 tetigisse,
1364 3658 1636 3727 hancque,
1679 3655 1930 3712 simulac

352 3750 547 3816 sensit,
574 3749 974 3818 exsurrexisse,
1000 3755 1054 3804 et
1087 3749 1168 3804 sic
1195 3748 1563 3820 respondisse.

2044 1808 2104 1861 τὸ
2135 1808 2191 1861 δὲ
2218 1809 2546 1880 περίχρυσον
2586 1809 2984 1881 θυσιαστήριον,
3028 1809 3175 1864 ἔνδον
3195 1813 3253 1864 ὲν
3281 1815 3391 1876 τοῖς
3429 1812 3634 1882 Ἀγίοις

2042 1897 2152 1952 τῶν
2196 1901 2364 1969 ἁγίων
2414 1902 2772 1972 ἀνακείμενον
2799 1903 2939 1955 κατὰ
2981 1902 3270 1974 πρόσωπον
3297 1904 3392 1958 τοῦ
3425 1923 3634 1977 μαρτυ-

2047 1992 2185 2062 ρίου,
2221 1995 2299 2055 είς
2328 1992 2356 2046 ὃ
2389 1993 2680 2066 ἀπείρηται
2732 1994 2917 2048 θυσίαν
2958 1997 3052 2049 καὶ
3097 1984 3326 2070 σπονδὴν
3357 2000 3631 2072 ἀναφέρε-

2046 2082 2191 2148 σθαι,
2237 2087 2359 2148 ταῖς
2407 2086 2464 2138 ἐν
2521 2085 2788 2158 παρθενίᾳ
2820 2088 3219 2161 παραϐλητέον,
3259 2090 3336 2161 τῷ
3361 2092 3634 2165 ἁκηρὰτῳ

2042 2178 2230 2251 χρυσῷ
2283 2178 2352 2232 τὰ
2403 2181 2624 2250 ἄσηπτα
2674 2182 2958 2247 συνουσίας
3015 2182 3246 2254 σώματα
3297 2186 3633 2256 κατησφαλι-

2045 2270 2289 2340 σμέναις.
2321 2267 2424 2324 Δύο
2455 2273 2562 2346 γὰρ
2580 2273 2646 2326 τὰ
2673 2275 2752 2337 είς
2779 2273 2994 2327 ἔπαινον
3017 2273 3366 2348 θρυλλοῦνται
3397 2277 3628 2350 γρηδσοῦ,

2041 2361 2123 2412 ὅτι
2149 2377 2208 2413 τε
2241 2361 2317 2415 ίὸν
2355 2361 2416 2413 οὑ
2447 2363 2832 2435 παραδέχεται,
2867 2365 2962 2418 καὶ
2987 2367 3084 2437 τὴν
3107 2368 3294 2438 χροιὰν
3326 2372 3445 2430 ταῖς
3471 2372 3629 2440 ήλίου

2047 2451 2284 2523 μετρίως
2319 2453 2796 2526 παραπλησιάζειν
2851 2457 3180 2526 φαντάζεται
3219 2459 3428 2530 βολαῖς·
3484 2462 3628 2534 σύμ-

2042 2544 2196 2599 ϐολον
2229 2546 2286 2599 δὲ
2341 2547 2567 2612 εἰκότως
2621 2549 2729 2619 ἄρα
2771 2549 2930 2604 τοῦτο
2958 2551 3058 2622 τῆς
3121 2552 3350 2622 ἁγνείας
3390 2555 3492 2625 τῆς
3551 2557 3632 2628 μὴ

2042 2638 2410 2710 προσιεμένης
2450 2639 2568 2692 ἐστὶ¹
2608 2641 2800 2711 κηλίδα
2838 2645 2930 2696 καὶ
2965 2644 3172 2710 σπῖλον,
3198 2645 3334 2700 ἁλλά
3361 2648 3455 2702 καὶ
3486 2652 3631 2718 φωτὶ

2041 2734 2602 2804 καταστραπτομένης
2645 2735 2730 2787 ἀεὶ
2776 2735 2867 2788 τοῦ
2898 2737 3093 2804 Λόγου.
3133 2738 3223 2791 Διὸ
3250 2741 3344 2792 καὶ
3374 2740 3521 2793 ἔνδον
3546 2743 3632 2804 είς

2038 2823 2108 2877 τὰ
2143 2824 2310 2890 ’Ἅγια
2334 2823 2442 2877 τῶν
2494 2824 2665 2892 ἁγίων
2728 2824 2936 2898 ἕστηκε,
2962 2828 3369 2900 πλησιαίτερον,
3399 2833 3494 2884 κα)⁵
3527 2831 3632 2902 ἐμ·-

2041 2915 2275 2987 προσθεν
2300 2916 2410 2987 (84)
2441 2917 2533 2970 τοῦ
2585 2919 3089 2990 παραπετάσματος
3120 2922 3412 2993 ἁχράντοις
3442 2924 3626 2996 χερσὶ,

2041 3006 2399 3078 θυμιαμάτων
2447 3007 2621 3079 δίκην,
2675 3009 2774 3074 τὰς
2815 3012 3630 3085 προσευχὰςάναπεμπάζουσα

2043 3100 2256 3171 Κυρίῳ,
2284 3099 2476 3164 δεκτὰς
2498 3103 2578 3165 είς
2603 3101 2775 3173 ὀσμὴν
2809 3105 3036 3168 εὐωδίας
3058 3122 3070 3134 ·
3103 3105 3283 3170 καθὼς
3313 3107 3406 3160 καὶ
3439 3109 3628 3162 Ἰωάν-

2039 3207 2138 3261 νης
2170 3192 2431 3262 ἐμήνυσε,
2462 3193 2531 3246 τὰ
2563 3192 2882 3264 θυμιάματα
2911 3195 2980 3249 τὰ
3011 3198 3069 3250 ὲν
3114 3200 3233 3262 ταῖς
3265 3200 3487 3269 φιάλαις
3515 3201 3630 3255 τῶν

2040 3283 2496 3353 εἰκοσιτεσσάρων
2515 3285 2922 3360 πρεσϐυτέρων,
2949 3290 3256 3360 προσευχὰς
3277 3292 3449 3360 ἁγίων
3481 3289 3631 3348 εἶναι

2039 3373 2273 3445 φράσας.
2311 3375 2495 3430 Ταῦτά
2518 3394 2598 3429 σοι
2625 3377 2701 3441 ὼς
2727 3381 2789 3432 ἐκ
2806 3378 2898 3432 τοῦ
2934 3383 3274 3453 παραχρῆμα
3303 3382 3460 3452 κάγὼ
3481 3386 3633 3440 κατὰ

2038 3462 2264 3534 δύναμιν
2296 3465 2435 3536 ὑπὲρ
2466 3467 2707 3534 ἁγνείας,
2737 3462 2783 3520 ὦ
2829 3469 3044 3540 Ἀρετὴ,
3079 3470 3478 3542 συμϐάλλομαι.

2111 3555 2385 3626 Είπούσης
2425 3556 2482 3610 δὲ
2520 3558 2693 3612 ταῦτα
2721 3559 2821 3628 τῆς
2874 3560 3202 3633 Θαλλούσης,
3259 3565 3294 3634 ή
3334 3563 3629 3636 Θεοπάτρα

2037 3644 2140 3717 ἔφη
2171 3645 2248 3717 τῷ
2271 3649 2533 3718 σκήπτρῳ
2582 3648 2680 3719 τὴν
2739 3651 2963 3722 Ἀρετὴν
2999 3651 3204 3721 ψαῦσαι
3228 3655 3324 3725 τῆς
3361 3655 3625 3726 Ἀγαθῆς,

2034 3736 2132 3808 τὴν
2178 3738 2222 3790 δ’
2273 3739 2599 3814 αἰσθομένην
2645 3741 2848 3805 εὐθέως
2909 3743 3210 3817 ἀναστῆναι
3258 3747 3354 3800 καὶ
3400 3748 3632 3818 ἀποκρί-

2037 3831 2253 3886 νασθαι.

1961 3954 2034 3968 '-

787 4031 1247 4151 ORATIO
1321 4035 1488 4123 Vl.

987 4183 1292 4240 AGATIIA.

2569 4041 2927 4129 ΛΟΓΟΣ
2985 4055 3088 4128 ς’.

2699 4193 2944 4247 ΑΓΛΘΗ.

350 4299 478 4356 Cu.
511 4299 550 4355 ι.
590 4299 822 4372 Virginis
851 4301 1053 4358 decoris
1080 4301 1281 4356 tenacis
1302 4301 1641 4371 prastantia.
1669 4301 1866 4356 Anima
1894 4300 1964 4354 ad
1997 4301 2093 4357 Dei
2118 4304 2392 4374 imaginis,
2423 4305 2480 4357 id
2502 4314 2580 4360 est
2615 4304 2770 4372 Filii,
2799 4308 3101 4378 imaginem.
3132 4307 3398 4366 Diabolus
3424 4313 3631 4370 mima:

1844 4387 2055 4441 procas.

425 4487 563 4543 Cum
589 4487 758 4542 multa
791 4486 988 4544 fiducia
1014 4496 1130 4542 tum
1164 4487 1527 4558 persuadendi
1559 4486 1704 4558 quod
1731 4487 1931 4554 dicam,
1968 4491 2012 4545 D

348 4585 467 4632 tum
490 4579 629 4634 bene
653 4593 717 4632 ac
749 4577 982 4634 feliciter
1005 4579 1320 4648 perorandi,
1355 4593 1391 4632 ο
1419 4577 1601 4641 Arete,
1632 4576 1932 4647 suscipiam

419 4717 465 4750 ”
495 4715 524 4771 Ι
545 4715 675 4772 Cor.
697 4731 819 4785 xm,
851 4715 939 4770 l2.
1022 4715 1066 4747 “
1095 4714 1261 4770 Hebr.
1290 4731 1367 4780 χι,
1394 4714 1481 4768 10.
1567 4714 1608 4744 ¹³
1636 4712 1800 4782 Apoc.
1826 4730 1880 4778 v,
1907 4713 1960 4768 8.

421 4859 534 4930 (84)
595 4861 995 4928 Ἐμπροσθεν.
1027 4858 1185 4926 Quod
1232 4858 1396 4929 paulo
1434 4857 1692 4930 superius
1734 4869 1926 4930 recen-

346 4926 720 4999 sendo'ipsu‘m
749 4926 964 4984 textum
1004 4926 1568 4998 sacrum—scripserat,
1609 4927 1706 4981 καὶ
1733 4926 1927 4999 δώσεις

347 4999 481 5052 αὐτὸ
513 4996 768 5053 ἀπέναντι
802 5001 897 5053 τοῦ
931 4996 1444 5070 καταπετάσματος,
1472 4999 1755 5070 constitues
1790 4996 1926 5049 illud

346 5080 532 5122 contra
559 5075 750 5133 velum,
786 5071 901 5125 sive
955 5079 1082 5125 ante
1123 5086 1187 5123 ac
1229 5067 1384 5137 juxta
1415 5070 1570 5136 illud,
1606 5069 1694 5122 hic
1720 5067 1929 5138 ἔμπρο-

349 5139 473 5210 σθεν
501 5140 667 5204 dicit;
698 5140 790 5193 ubi
825 5157 922 5209 pro
972 5143 1484 5210 καταπετάσματος,
1548 5139 1694 5193 fme
1741 5153 1929 5210 errore

346 5209 602 5271 Allatius,
628 5208 965 5280 Πνεύματος,
1001 5210 1201 5278 Lupar.
1244 5208 1459 5281 Πατρός
1494 5225 1506 5240 ’
1565 5208 1922 5281 nulla_hujus

348 5281 483 5331 tanti
518 5281 600 5331 vel
633 5279 798 5332 errati
829 5283 910 5333 vel
940 5281 1273 5336 discriminis
1313 5279 1610 5345 mentione,
1642 5279 1744 5333 etsi
1772 5286 1922 5332 tanta

347 5349 404 5401 in
436 5349 681 5416 singulas
713 5349 939 5420 paginas
966 5353 1293 5405 variantium
1339 5353 1631 5405 lectionum
1666 5353 1924 5420 adnotata

347 5432 522 5490 seges,
555 5433 676 5490 qua:
723 5419 922 5487 saepius
978 5422 1282 5474 scribarum
1317 5421 1496 5490 potius
1549 5419 1745 5474 menda
1792 5427 1922 5490 sunt

347 5497 441 5538 aut
474 5488 644 5555 plagia
672 5503 834 5555 quam
859 5505 945 5544 res
975 5493 1108 5544 satis
1167 5488 1446 5544 momenti.
1476 5491 1574 5544 llic
1613 5491 1746 5544 satis
1779 5489 1923 5542 indi-

346 5570 503 5610 casse
529 5561 817 5630 :_t'avetque
867 5574 999 5613 meae
1043 5560 1410 5614 emendationi
1451 5565 1704 5630 superius
1749 5561 1921 5630 adﬁnes

347 5626 559 5700 tatahad
595 5627 622 5697 ᾗ
649 5626 872 5700 aliujus
897 5637 1061 5691 orat.,
1086 5631 1178 5683 ubi
1215 5645 1443 5699 prorsus
1493 5626 1784 5700 scripsisse
1807 5629 1920 5683 Me-

347 5695 804 5765 tliodiunfMyov
826 5699 1040 5767 Πατρός
1069 5695 1465 5769 conjiciebam;
1500 5695 1757 5758 inscitum
1789 5715 1922 5756 vero

2115 4487 2235 4542 Ὅτι
2281 4489 2418 4557 μετὰ
2456 4489 2653 4562 πολλῆς
2686 4491 2975 4561 εὐτολμίας
3011 4495 3104 4546 καὶ
3124 4495 3368 4560 πειθοῦς,
3399 4500 3627 4571 καὶτῆς

2038 4577 2132 4631 τοῦ
2166 4579 2345 4644 καλῶς
2383 4583 2555 4636 εἰπεῖν
2587 4583 2925 4655 ὑπολήψεως,
2950 4578 2996 4639 ὧ
3039 4587 3252 4658 Ἀρετὴ,
3293 4589 3386 4643 σοῦ
3443 4610 3624 4665 παρο-

2030 4855 2265 4911 scribam
2295 4858 2658 4928 exscripsisse
2683 4857 2822 4910 Πνεύ
2831 4875 3019 4928 ματος.
3050 4858 3320 4914 Nimirum
3345 4869 3540 4916 contra
3564 4872 3623 4919 et

2028 4942 2196 4996 prope
2217 4935 2272 4980 et
2301 4936 2429 4982 ante
2474 4930 2655 4982 velum
2709 4931 2856 4997 quod
2884 4945 3068 4983 arcam
3132 4931 3360 4988 l‘mderis
3392 4941 3446 4986 et
3481 4949 3617 4987 san-

2029 4997 2303 5049 ctuarium
2352 4999 2660 5066 obtegebat,
2695 5002 3007 5054 constitutae
3060 5000 3326 5069 virgines,
3367 5005 3624 5057 velutal-

2031 5078 2147 5142 tare
2170 5081 2428 5142 aureum,
2448 5069 2605 5137 quasi
2641 5073 2696 5142 in
2729 5070 2994 5142 vestibulo
3025 5071 3271 5139 ipsorum
3297 5072 3622 5142 adytorum,

2028 5137 2464 5210 iisquereliquis
2523 5140 2984 5208 propinquiores;
3018 5137 3161 5210 quae,
3198 5145 3319 5194 laus
3365 5137 3618 5197 maxima

2027 5207 2379 5275 vrrgmitatis.
2410 5208 2488 5262 Ac
2536 5225 2664 5262 num
2713 5207 2777 5263 ea
2805 5224 2973 5262 causa
3010 5207 3113 5264 mei
3148 5209 3415 5273 Nazarmi,
3447 5213 3498 5265 id
3528 5222 3620 5266 est

2029 5277 2309 5341 monachi,
2344 5278 2496 5341 olim,
2522 5293 2645 5330 cum
2683 5279 2804 5332 laici
2836 5283 3013 5333 solum
3045 5291 3252 5345 essent,
3286 5284 3382 5336 sed
3427 5291 3619 5337 tamen

2031 5348 2247 5418 caelibes
2271 5356 2324 5400 et
2346 5349 2604 5412 cultores,
2640 5349 2921 5417 ﬁdellsque
2964 5350 3134 5417 plebis
3187 5367 3315 5418 pars
3342 5355 3614 5416 sanctior,

2030 5417 2097 5470 ad
2153 5419 2297 5472 fores
2338 5419 2638 5491 sanctuarii
2685 5435 2748 5473 ac
2803 5418 2959 5487 juxta
2992 5417 3290 5484 cancellos,
3346 5423 3398 5474 in
3431 5424 3620 5491 capite

2029 5495 2206 5564 uetus
2257 5491 2437 5564 omnis
2489 5490 2749 5564 fidelium,
2778 5501 2828 5564 et
2854 5492 3097 5564 proxime
3140 5499 3264 5559 post
3291 5490 3620 5564 τοὺςίείρα-

2028 5559 2285 5621 τεύοντας
2317 5561 2601 5614 stationem
2633 5559 2949 5614 habebant?
2973 5559 3310 5615 Erantcerte
3339 5572 3392 5616 et
3422 5559 3622 5616 illi'al-

2028 5639 2147 5683 tare
2190 5629 2323 5682 illud
2361 5645 2605 5702 aureum,
2634 5629 2941 5700 ἔμπροσθεν
2991 5629 3087 5681 τοῦ
3160 5633 3619 5702 παραπετάσμα-

2027 5717 2138 5766 τος,
2173 5708 2335 5771 atque
2363 5717 2510 5756 nunc
2538 5701 2700 5756 etiam
2729 5704 3022 5766 exsistunt,
3049 5715 3174 5755 cum
3220 5702 3334 5772 jam
3369 5702 3485 5758 fere
3506 5701 3622 5758 au-
