3866 6160
404 342 511 397 “5

1397 339 1456 396 S.
1499 339 1831 397 METHODII
1871 340 2179 396 EPISCOP!
2219 339 2308 396 ET
2350 339 2712 394 MART‘YRIS

3569 337 3669 393 H6

403 462 653 519 condidit
671 462 976 534 pinxitque,
994 476 1114 517 eam
1147 461 1355 518 eliinxit
1381 478 1447 517 ac
1476 463 1801 532 eiformavit,
1820 474 1968 519 aeter-

2089 480 2248 535 μενος
2302 463 2435 517 αὐτὸ
2487 463 2582 516 καὶ
2615 461 2984 534 ζωγραφήσας
3029 459 3381 523 ἀπετύπωσε,
3417 455 3518 531 τὴν
3544 460 3670 511 αἰώ-

403 570 532 609 nam
594 555 842 611 imitatus
879 562 1134 610 naturam
1166 564 1221 610 et
1252 554 1651 626 intelligibilem
1684 596 1699 621 ,
1733 555 1894 626 cujus
1922 565 1978 611 et

401 645 569 701 homo
591 645 877 701 character
897 653 980 700 est
1000 659 1369 714 expressaque
1388 641 1611 713 eﬁigies,
1630 642 1808 700 factus
1832 644 1980 699 velut

403 736 758 791 simulacrum
782 736 1250 808 elegantissimum
1277 745 1331 791 et
1354 750 1575 792 sacrum
1599 754 1612 790 :
1638 737 1768 791 hinc
1797 744 1980 793 trans-

404 828 548 883 latus
577 827 634 882 in
668 828 953 884 beatorum
978 828 1281 893 civitatem,
1315 828 1368 884 in
1386 829 1552 882 caelos
1572 828 1803 893 scilicet,
1830 829 1980 884 velut

399 920 457 973 iu
486 921 690 990 templo
721 921 1104 976 collocabitur.
1130 919 1572 976 lncontaminata
1598 935 1764 992 porro
1787 930 1978 978 nostra

398 1014 752 1083 pulchritudo
777 1023 909 1070 tunc
952 1016 1159 1086 Optime
1192 1024 1443 1073 servatur
1469 1024 1524 1073 et
1545 1032 1758 1083 secure,
1790 1032 1914 1072 cum
1945 1032 1978 1072 a

397 1106 713 1177 virginitate
740 1114 1007 1177 protecta,
1043 1107 1305 1164 exteriori
1338 1108 1708 1179 corruptionis
1739 1117 1874 1164 aestu
1893 1109 1977 1162 in-

400 1196 612 1251 fuscata
638 1212 749 1251 non
780 1196 946 1260 fuerit
971 1216 985 1266 ;
1018 1198 1113 1254 sed
1143 1198 1263 1269 ipsa
1297 1198 1353 1253 in
1386 1214 1445 1254 se
1471 1199 1588 1269 ipsa
1619 1215 1973 1270 permanens,

399 1296 595 1344 ornatu
612 1289 842 1360 justitiae
870 1298 1110 1361 compta,
1140 1291 1197 1345 in
1226 1306 1485 1361 sponsam
1504 1289 1643 1345 Filio
1663 1288 1758 1346 Dei
1788 1307 1977 1349 accese

397 1382 553 1446 serit,
576 1369 1036 1453 quemadmodum
1056 1383 1174 1454 ipse
1193 1384 1457 1449 insinuat,
1484 1383 1787 1440 admonens
1811 1400 1977 1455 opor-

395 1480 512 1529 tere
546 1474 603 1529 in
634 1476 838 1531 nostris
864 1476 1213 1546 corporibus,
1237 1476 1385 1532 velut
1410 1476 1467 1530 in
1490 1475 1859 1547 lampadibus,
1886 1477 1977 1532 lu-

394 1579 522 1620 men
539 1568 815 1623 castitatis
845 1568 1090 1623 accendi.
1124 1567 1406 1639 Siquidem
1434 1566 1684 1623 "decem
1700 1569 1973 1640 virginum

393 1671 679 1724 numerus,
713 1659 929 1718 animas
962 1660 1133 1716 refert
1163 1659 1452 1716 credentes
1483 1660 1540 1715 in
1568 1659 1848 1717 Christum
1878 1660 1974 1716 Jeo

378 1734 545 1809 ‘sum;
587 1748 797 1805 denarii
824 1758 976 1817 nota,
1013 1760 1216 1808 rectam
1252 1753 1307 1808 in
1359 1751 1519 1809 caelis
1542 1753 1685 1807 viam
1714 1768 1837 1824 quas
1864 1769 1974 1809 una

2081 572 2191 609 νιον
2226 554 2721 627 άπομιμησάμενος
2750 552 2911 623 φύσιν
2950 551 3044 607 καὶ
3077 551 3276 624 νοητὴν
3303 550 3436 623 (86),
3475 546 3545 622 ἦς
3574 553 3669 604 καὶ

2080 648 2365 719 χαρακτήρ
2392 648 2537 700 ἐστιν
2570 647 2598 699 ὁ
2629 645 2915 718 ἄνθρωπος
2954 646 3049 699 καὶ
3086 643 3472 715 ἀπεικόνισμα,
3508 660 3671 713 γεγο-

2079 738 2184 804 νὼς
2222 734 2333 794 οἷον
2378 738 2601 811 ἄγαλμά
2628 756 2680 792 τι
2719 735 3208 809 περικαλλέστατον
3241 737 3334 790 καὶ
3365 736 3507 807 ίερόν
3525 753 3540 766 ο
3588 737 3670 788 ἐν-

2080 829 2271 885 τεῦθεν
2325 831 2668 903 μετενεχθεὶς
2709 832 2789 894 είς
2816 829 2916 901 τὴν
2954 830 3218 902 μακάρων
3251 829 3407 882 πόλιν
3434 828 3561 891 τοὺς
3586 828 3666 881 οὐ·

2080 923 2299 994 ρανοὺς,
2360 922 2549 996 ὥσπερ
2580 925 2636 976 ἐν
2677 921 2792 994 ναῷ
2827 921 3322 994 κατοικισθήσεται.
3365 922 3669 993 Ἀχραντον

2077 1015 2189 1087 γάρ
2215 1016 2277 1069 τδ
2293 1015 2488 1080 κάλλος
2541 1017 2697 1089 ήμῶν
2718 1015 2916 1087 ἄριστα
2947 1017 3067 1071 τότε
3093 1019 3335 1087 τηρεῖται
3365 1015 3459 1069 καὶ
3492 1015 3669 1084 ἀσφα-

2076 1106 2204 1173 λῶς,
2229 1108 2430 1163 ὁπόταν
2462 1108 2528 1181 δὴ
2559 1108 2829 1181 παρθενίᾳ
2879 1109 3233 1179 σκεπόμενον,
3276 1106 3381 1161 ὑπὸ
3403 1106 3498 1160 τοῦ
3530 1106 3670 1160 καύ-

2081 1217 2251 1264 σωνος
2282 1200 2482 1265 ἔξωθεν
2512 1199 2588 1272 μὴ
2635 1199 2956 1272 μελαίνηται
2985 1199 3085 1270 τῆς
3118 1198 3325 1271 φθορᾶς
3344 1214 3358 1229 ο
3389 1196 3505 1252 ἀλλ’
3533 1196 3668 1252 αὐτὸ

2080 1294 2166 1364 ἐφ’
2211 1294 2391 1366 ἐαυτῷ
2454 1292 2613 1366 μένον
2656 1292 2974 1367 δικαιοσύνῃ
3024 1292 3318 1364 κοσμῆται,
3366 1308 3673 1363 νυμφαγω-

2076 1384 2343 1457 γούμενον
2367 1384 2447 1457 τῷ
2480 1385 2598 1457 Υίῷ
2645 1382 2741 1438 τοῦ
2780 1382 2914 1438 Θεοῦ
2940 1402 2952 1414 ·
2978 1384 3038 1438 δν
3073 1384 3274 1455 τρόπον
3292 1383 3355 1456 δὴ
3378 1383 3471 1437 καὶ
3503 1382 3668 1447 αὐτὸς

2076 1481 2401 1551 εἰσηγεῖται,
2453 1479 2649 1553 χρῆναι
2710 1477 3013 1552 παραινῶν,
3060 1475 3250 1549 ὥσπερ
3289 1478 3347 1530 ἐν
3389 1476 3665 1547 λαμπάσι,

2074 1573 2196 1633 ταῖς
2254 1568 2544 1640 σφετέραις
2605 1565 2800 1638 σαρξὶ,
2853 1566 2915 1620 τὸ
2978 1565 3094 1635 φῶς
3162 1562 3520 1620 ἀνακαίεσθαι
3564 1562 3668 1632 τῆς

2075 1660 2321 1731 ἁγνείας.
2382 1660 2712 1731 Ἐπειδήπερ
2745 1660 2774 1710 ὁ
2810 1656 2918 1711 τῶν
2944 1656 3079 1711 δέκα
3111 1654 3400 1727 παρθένων
3431 1651 3668 1726 ἀριθμὸς

2076 1752 2175 1814 τὰς
2202 1752 2283 1815 είς
2325 1749 2561 1822 Χριστὸν
2607 1746 2812 1819 Ἰησοῦν
2853 1744 3284 1809 πεπιστευκυίας
3316 1741 3670 1816 ἀριθμεῖσθαι

393 1843 572 1896 solum
593 1849 696 1907 est,
714 1850 1134 1914 repraesentans.
1160 1842 1363 1899 Verum
1381 1858 1570 1899 earum
1587 1843 1829 1915 quinque
1845 1861 1968 1915 pru-

2081 1842 2329 1915 βούλεται
2373 1841 2582 1914 ψυχάς·
2620 1839 2700 1912 τῷ
2745 1840 2877 1893 δέκα
2912 1840 3011 1911 τὴν
3052 1835 3461 1892 ἀπευθύνουσαν
3495 1835 3666 1906 μόνην

392 1933 587 1990 dentes
614 1934 806 2005 utique
832 1942 887 1990 et
915 1936 1193 2006 sapientes
1241 1944 1430 2003 erant;
1487 1936 1732 2007 quinque
1790 1945 1973 1993 autem

390 2022 557 2079 fatuae
583 2033 639 2080 et
670 2025 1025 2096 insipientes:
1064 2042 1176 2083 non
1208 2027 1355 2083 enim
1385 2027 1725 2099 diligentiam
1753 2044 1945 2084 curam

389 2132 499 2186 que
530 2118 859 2185 habuerunt,
893 2128 954 2175 ut
986 2135 1115 2176 vasa
1146 2134 1246 2176 sua
1269 2120 1390 2176 oleo
1411 2120 1572 2192 plena
1607 2121 1967 2186 instruerent,

385 2210 601 2279 justitia
626 2226 813 2267 vacuae
832 2221 1200 2270 remanentes.
1234 2211 1340 2269 Per
1365 2213 1467 2271 has
1496 2214 1643 2270 enim
1677 2214 1800 2270 illas
1816 2212 1968 2269 desi-

388 2312 520 2374 gnat
548 2319 669 2374 quae
705 2304 772 2359 ad
804 2305 1139 2377 virginitatis
1166 2293 1305 2361 ﬁnes
1333 2305 1570 2362 evadere
1598 2305 1966 2369 contendunt,

390 2405 699 2468 cunctaque
720 2397 950 2455 honeste
971 2408 1135 2469 atque
1161 2397 1345 2454 sobrie
1362 2406 1645 2469 praestant,
1668 2413 1734 2456 eo
1756 2397 1969 2454 condu-

388 2491 569 2546 centia
598 2499 657 2545 ut
685 2505 927 2547 amorem
964 2490 1113 2546 hunc
1161 2490 1419 2562 expleant
1452 2510 1467 2546 :
1496 2507 1729 2562 quaeque
1754 2492 1861 2547 hoc
1908 2507 1969 2549 se

389 2589 638 2652 spectare
666 2582 1045 2653 proﬁteantur,
1086 2589 1249 2654 atque
1266 2592 1326 2638 ut
1353 2584 1482 2638 hinc
1510 2584 1833 2655 glorientur,
1868 2598 1967 2639 ne-

390 2674 682 2747 gligentius
710 2683 890 2729 tamen
924 2682 1108 2746 agant,
1159 2681 1215 2731 et
1261 2674 1453 2730 mundi
1488 2675 1968 2733 vicissitudinibus

391 2769 682 2822 vincantur
715 2786 728 2822 :
759 2782 879 2837 quae
905 2765 1141 2837 denique
1158 2766 1306 2823 velut
1336 2768 1524 2838 potius
1562 2768 1724 2823 inane
1750 2768 1970 2824 virtutis

389 2860 746 2916 simulacrum
776 2860 896 2914 rudi
929 2860 1248 2916 umbrarum
1289 2859 1460 2915 ductu
1495 2859 1773 2916 delineant
1801 2875 1966 2932 quam

389 2951 566 3021 ipsam
590 2951 770 3006 vivam
804 2964 869 3005 ac
905 2951 1204 3019 spirantem
1236 2950 1523 3007 veritatem
1552 2950 1808 3008 eﬂiciant.

2078 1936 2197 1989 ὁδὸν
2220 1937 2302 2000 είς
2324 1936 2451 1999 τοὺς
2476 1935 2743 2008 οὐρανοὺς
2787 1932 3256 2002 ἀποτυπούμενος.
3305 1929 3447 1982 Ἀλλ’
3474 1929 3531 1983 αἱ
3559 1920 3672 1999 μὲν.

2077 2026 2241 2079 πέντε
2302 2024 2572 2096 ἔμφρονες
2614 2024 2913 2094 ἐτύγχανον
2959 2021 3071 2094 ἄρα
3118 2022 3213 2077 καὶ
3277 2019 3466 2089 σοφαί⁴
3512 2019 3567 2072 at
3606 2019 3675 2073 δέ.

2082 2118 2245 2170 πέντε
2277 2118 2462 2189 μωραὶ
2506 2116 2600 2170 καὶ
2647 2114 2842 2186 ἀσοφοί
2864 2131 3038 2179 τινες’
3091 2115 3151 2167 οὐ
3181 2113 3291 2186 γὰρ
3320 2112 3671 2187 ἐπρομηθεύ-

2075 2228 2238 2264 σαντο
2258 2208 2439 2263 ἐλαίου
2478 2208 2628 2280 σφῶν
2653 2208 2724 2264 τά
2762 2209 2959 2279 ἀγγεῖα
2995 2207 3178 2279 πλήρη
3218 2205 3665 2277 παρασκευάσαι,

2074 2301 2423 2374 δικαιοσύνης
2462 2301 2825 2373 ἀπομείνασαι
2870 2299 3047 2354 κεναί.
3090 2299 3400 2354 Αίνίσσεται
3435 2297 3544 2371 γὰρ
3575 2297 3671 2353 διὰ

2075 2396 2282 2452 τούτων
2313 2395 2414 2461 τὰς
2456 2395 2550 2450 ἐπὶ
2596 2394 2808 2467 πέρατα
2851 2393 3150 2467 παρθενίας
3187 2393 3669 2464 ἐπισπερχομένας

2077 2490 2271 2557 ἐλθεῖν,
2299 2491 2394 2545 καὶ
2410 2490 2590 2545 πάντα
2621 2491 2702 2553 είς
2727 2488 2788 2541 τὸ
2816 2485 3171 2560 πληρωθῆναι
3197 2486 3541 2543 συντείνοντα
3570 2484 3666 2540 τὸν

2075 2582 2253 2655 ἔρωτα
2299 2580 2489 2636 τοῦτον
2530 2580 2772 2652 κοσμίως
2804 2577 3019 2651 δρώσας
3071 2578 3167 2633 καὶ
3206 2578 3530 2651 σωφρόνωςο
3567 2578 3668 2631 καὶ

2073 2674 2174 2738 τὰς
2220 2672 2697 2744 ἐπαγγελλομένας
2755 2671 2856 2743 μὲν
2901 2672 2993 2726 καὶ
3043 2669 3449 2743 σεμνυνομένας
3503 2669 3667 2724 τοῦτο

2076 2768 2321 2832 σκοπεῖν,
2369 2765 2738 2838 όλιγωρούσας
2760 2763 2817 2817 δὲ
2860 2763 2955 2817 καὶ
2981 2762 3301 2834 ήττωμένας
3328 2763 3426 2815 τοῦ
3452 2761 3664 2833 κόσμου

2073 2860 2194 2923 ταῖς
2230 2856 2569 2927 ἐξαλλαγαῖς,
2607 2855 2703 2910 καὶ
2738 2853 2927 2926 ὥσπερ
2972 2853 3421 2925 σκιαγραφούσας
3457 2852 3664 2925 μᾶλλον

2074 2948 2292 3004 εἴδωλον
2348 2949 2551 3022 ἀρετῆς
2594 2948 2629 3020 ἢ
2675 2946 2844 3019 αὐτὴν
2878 2945 3252 3019 ἐργαζομένας
3288 2945 3527 3018 ἔμπνουν
3560 2945 3666 3020 τὴν

2076 3042 2357 3114 ἀλήθειαν.
3193 3034 3201 3042 ’

1065 3162 1197 3220 CAP.
1218 3162 1308 3221 Ill.
1356 3162 1694 3236 Virginitatis
1717 3164 1856 3221 idem
1891 3173 2113 3221 conatus
2149 3173 2199 3219 et
2228 3161 2516 3237 aggressio,
2546 3162 2751 3234 dispari
2781 3164 2949 3220 exitu.

459 3281 620 3348 Qu0d
647 3281 792 3338 enim
815 3280 1020 3338 dicitur
1051 3284 1118 3351 “,
1153 3281 1340 3339 Simile
1366 3284 1571 3354 factum
1598 3301 1720 3341 esse
1737 3302 1956 3357 regnum

2131 3284 2207 3337 Τὸ
2244 3282 2356 3355 γὰρ
2400 3281 2711 3354 λεγόμενον,
2765 3280 3115 3351 Ὠμοιῶσθαι
3166 3278 3286 3348 τὴν
3319 3278 3663 3343 ,βασιλείαν

385 3373 638 3430 calorum
666 3376 843 3431 decem
854 3374 1173 3449 'virginibus,
1202 3394 1322 3449 quae
1349 3379 1663 3448 accipientes
1690 3380 1965 3452 lampades

387 3483 514 3522 suas
542 3468 782 3523 exierunt
805 3469 1010 3524 obviam
1040 3468 1266 3540 Sponsa,
1296 3470 1401 3525 hoc
1432 3471 1538 3526 sibi
1559 3472 1697 3536 vult,
1718 3474 1967 3531 eamdem

386 3560 751 3630 professionis
767 3575 832 3616 ac
853 3561 1090 3617 instituti
1136 3561 1281 3617 viam
1312 3576 1505 3618 omnes
1532 3563 1787 3633 elegisse,
1819 3566 1964 3635 quod

385 3652 506 3719 ipsa
527 3651 780 3722 designat
807 3652 1061 3709 elementi
1088 3651 1212 3708 Ivis
1239 3665 1304 3706 ac
1337 3653 1550 3708 denarii
1579 3661 1732 3711 nota.
1769 3653 1829 3711 In
1845 3672 1967 3712 eam

386 3744 534 3797 enim
567 3759 628 3799 se
667 3745 873 3813 pariter
920 3760 1040 3799 rem
1074 3748 1453 3813 accinxerunt,
1502 3756 1786 3820 assumpta
1836 3765 1966 3820 pro-

385 3832 629 3889 fessione
651 3852 668 3902 ;
690 3850 921 3906 eamque
940 3835 1010 3891 ob
1040 3826 1157 3890 rem
1171 3846 1442 3892 vocantur
1470 3836 1683 3905 decem,
1706 3837 1855 3907 quod
1889 3837 1969 3891 ni-

385 3925 589 3978 mirum
610 3925 753 3981 idem
780 3926 1122 3997 propositum
1145 3941 1210 3981 ac
1239 3927 1573 3993 institutum,
1597 3927 1676 3982 uti
1693 3927 1962 3994 dicebam,

384 4016 739 4087 arripuerunt
775 4035 790 4073 :
825 4033 930 4074 nec
972 4027 1158 4074 tamen
1192 4019 1398 4091 pariter
1447 4020 1612 4076 etiam
1662 4034 1857 4075 omnes
1908 4018 1967 4073 in

383 4121 678 4162 occursum
694 4105 894 4178 Sponsi
905 4108 1179 4164 exierunt.
1207 4107 1345 4163 Nam
1370 4123 1561 4165 earum
1576 4108 1798 4178 quidem
1819 4109 1961 4175 alite,

381 4199 536 4271 quod.
565 4207 620 4255 et
648 4200 705 4256 in
736 4205 975 4263 futurum
998 4200 1269 4278 sufﬁceret
1298 4200 1643 4272 lampadibus
1665 4200 1787 4257 oleo
1809 4199 1967 4256 ﬂam-

380 4308 530 4349 mam
561 4294 857 4360 alentibus,
894 4294 1293 4350 nutrimentum
1325 4295 1550 4365 copiose
1588 4294 1847 4366 largeque
1868 4309 1967 4365 pa-

380 4392 678 4455 raverant;
735 4387 855 4442 alite
880 4402 1032 4453 vero,
1073 4387 1332 4457 praesenti
1381 4387 1646 4442 duntaxat
1692 4395 1964 4444 contentae

378 4494 538 4545 cura,
567 4480 850 4551 segniores
878 4481 1222 4537 exstiterant.
1261 4478 1443 4547 Quare
1489 4480 1656 4536 etiam
1689 4481 1809 4551 pari
1838 4481 1963 4552 qui-

2068 3375 2190 3430 τῶν
2217 3374 2491 3445 οὐρανῶν
2510 3374 2658 3429 δέκα
2686 3373 3024 3443 παρθένοις,
3059 3373 3282 3438 αἳτινες
3304 3372 3526 3427 ἔλαϐον
3551 3371 3666 3439 τὰς

2068 3467 2391 3539 λαμπάδας
2406 3465 2625 3531 αὐτῶν,
2659 3467 2758 3520 καὶ
2796 3464 3065 3535 ἐξῆλθον
3089 3463 3556 3532 ἁπαντήσουσαι
3578 3462 3667 3530 τῷ

2069 3562 2349 3631 Νυμφίῳ,
2398 3560 2684 3631 σημαίνειν
2731 3558 2977 3629 βούλεται
3025 3557 3166 3630 (87),
3193 3556 3292 3630 τὴν
3336 3555 3506 3629 αὐτὴν
3537 3556 3666 3610 ὁδὸν

2072 3652 2168 3706 τοῦ
2225 3651 2657 3724 ἐπιτηδεύματος
2700 3650 3129 3725 ἐπανῃρημένην
3159 3650 3249 3705 διὰ
3280 3649 3376 3721 τὴν
3418 3649 3666 3722 ἔμφασιν

2072 3744 2166 3798 τοῦ
2185 3745 2219 3798 I'
2237 3744 2521 3815 στοιχείου.
2561 3739 2899 3798 Ἐστείλαντο
2925 3743 3148 3814 μὲνγὰρ
3174 3743 3232 3797 αί
3257 3741 3667 3813 παραπλησίως

2074 3836 2271 3900 ἑαυτάς
2291 3838 2371 3900 είς
2401 3836 2560 3890 τοῦτο
2590 3835 3122 3907 καθομολογήσασαι,
3157 3834 3449 3907 καὶταύτῃ
3475 3834 3668 3906 κικλή-

2073 3943 2293 3995 σκονται
2340 3928 2471 3983 δέκα
2492 3969 2508 3994 ,
2564 3927 2749 4000 ἐπειδὴ
2783 3928 2883 4000 τὴν
2915 3927 3105 3999 αὐτὴν,
3136 3927 3211 3992 ὡς
3243 3927 3402 4000 ἔφην,
3451 3926 3667 3982 εἵλοντο

2073 4021 2361 4091 πρόθεσιν
2410 4021 2592 4075 οὐκέτι
2644 4021 2704 4075 δὲ
2751 4020 2953 4092 ὁμοίως
2993 4020 3216 4092 ἐξῆλθον
3247 4019 3664 4092 ὐπαντήσουσαι

2073 4114 2153 4186 τῷ
2174 4112 2433 4188 Νυμφίῳ.
2468 4114 2539 4167 Δί
2579 4112 2678 4184 μὲν
2709 4112 2819 4185 γὰρ
2843 4112 3052 4184 τροφὴν
3074 4110 3305 4181 ἄφθονον
3330 4112 3424 4165 καὶ
3469 4112 3665 4166 είσαῢ-

2074 4203 2159 4268 θις
2196 4201 2517 4274 ἐπορίσαντο
2567 4204 2688 4266 ταῖς
2728 4201 3133 4275 ἐλαιοθρέπτοις
3172 4201 3490 4274 λαμπάσιν·
3515 4203 3667 4257 αἰδὲ

2071 4295 2591 4369 κατερρᾳθύμησαν,
2614 4294 2706 4348 τοῦ
2727 4295 2993 4366 παρόντος
3024 4295 3183 4365 μόνον
3214 4293 3661 4365 ὲπιμεληθεῖσαι.

2070 4390 2162 4443 Διὸ
2182 4389 2247 4461 δὴ
2264 4390 2360 4443 καὶ
2388 4388 2665 4461 ἰσάριθμοι
2706 4389 2845 4461 πρὸς
2865 4389 3028 4443 πέντε
3053 4388 3408 4461 διαιροῦνται,
3435 4389 3666 4461 ἐπειδή-

2072 4499 2178 4554 περ
2200 4484 2300 4546 τάς
2322 4481 2488 4536 πέντε
2519 4482 2824 4554 αἰσθήσεις,
2866 4484 2921 4536 αἱ
2974 4483 3074 4554 μὲν
3116 4482 3295 4537 αὐτῶν
3322 4481 3667 4553 ἐφυλάξαντο

375 4575 537 4629 nario
560 4574 751 4631 divisa:
784 4586 935 4641 sunt,
963 4591 1085 4648 quae
1107 4576 1294 4632 decem
1316 4582 1507 4631 erant:
1534 4574 1683 4645 quod
1710 4574 1968 4632 videlicet

2075 4575 2321 4647 καθαράς
2349 4574 2446 4628 καὶ
2495 4573 2799 4646 παρθένους
2851 4575 3285 4647 ἁμαρτημάτων,
3311 4573 3379 4638 ἃς
3411 4575 3461 4628 οί
3502 4575 3664 4629 πλεῖς

376 4669 620 4741 quinque
647 4684 868 4734 sensus,
900 4684 1038 4741 quos
1069 4669 1317 4740 plerique
1341 4667 1624 4740 sapientiae
1652 4675 1841 4740 portas
1867 4684 1963 4740 ap-

448 4824 495 4856 “
532 4823 729 4880 Matth.
748 4842 879 4881 xxv.
955 4827 998 4860 ¹⁹
1038 4826 1168 4882 ibid.
1204 4827 1258 4884 1.

449 4984 564 5057 (86)
585 4986 705 5058 Kal
731 4988 978 5055 νοητήν.
1012 4987 1400 5058 Propriissima
1432 5002 1535 5041 vox
1566 4987 1622 5040 in
1653 4984 1767 5040 Deo
1795 4985 1961 5058 :_ipse

375 5058 524 5112 enim
549 5056 798 5129 absolute
822 5058 885 5112 τὸ
914 5056 1142 5128 νοητόν,ῖ
1158 5059 1359 5129 quippe
1394 5057 1646 5129 superior
1671 5056 1958 5129 omnibus,

378 5141 650 5198 suumque
679 5128 781 5181 sibi
821 5135 877 5182 et
917 5127 1133 5184 cunctis
1162 5127 1392 5198 reliquis
1437 5127 1797 5197 intelligibile,
1850 5142 1963 5182 non

377 5197 474 5267 qui
504 5197 789 5267 ordinetur
815 5199 882 5251 ad
914 5200 1018 5252 alia
1053 5199 1425 5267 intelligenda,
1458 5213 1631 5267 eaque
1664 5199 1876 5253 ratione
1907 5198 1965 5251 in

381 5266 756 5339 secundasd‘w
787 5268 990 5339 νοερῶν
1018 5269 1095 5334 (id
1124 5279 1208 5325 est
1236 5266 1720 5339 intellectualium,
1750 5283 1845 5322 seu
1879 5268 1967 5321 in-

380 5336 762 5409 telligentium)
794 5336 970 5393 classe
996 5346 1290 5394 statuatur.
1322 5338 1397 5393 De
1423 5355 1529 5409 qua
1552 5340 1967 5409 voceipraeclare

376 5408 673 5477 Dionysius
700 5406 929 5477 ejusque
963 5411 1290 5464 scholiastes
1325 5406 1619 5465 Maximus.
1658 5406 1831 5463 Valde
1860 5410 1964 5463 im-

379 5478 684 5552 Vroprium,
724 5477 882 5552 _quo_d
924 5478 1052 5534 boni
1092 5481 1257 5552 etiam
1295 5491 1548 5535 auctores
1584 5480 1647 5533 τὸ
1685 5480 1878 5552 νοητόν
1910 5484 1964 5533 et

413 5548 558 5621 ξερὸν
606 5547 973 5621 confundunt,
1016 5564 1144 5621 cum
1186 5551 1415 5605 alterum
1464 5552 1641 5621 ipsum
1689 5547 1962 5619 objectum

373 5618 542 5691 Jicat,
593 5618 825 5691 alterum
870 5620 1170 5691 potentiam
1211 5628 1267 5675 et
1317 5618 1650 5689 facultatem,
1698 5618 1821 5691 qua:
1870 5620 1964 5674 illo

373 5689 532 5765 quasi
572 5689 818 5765 pascitur
849 5689 926 5765 ac
950 5689 1145 5765 beatur
1170 5707 1185 5743 :
1210 5705 1332 5765 qu‘te
1375 5692 1430 5745 in
1470 5690 1580 5747 Deo
1620 5689 1965 5765 sirriplicissi-

376 5759 485 5829 ma,
521 5760 577 5815 in
611 5760 837 5833 reliquis
877 5759 1052 5817 divisa
1084 5759 1551 5819 suntICoussns.

2074 4685 2187 4722 στοι
2220 4668 2412 4737 σοφίας
2444 4667 2891 4740 προσηγόρευσαν
2927 4667 3103 4732 πύλας
3122 4685 3135 4697 ο
3167 4668 3225 4721 αἱ
3256 4668 3315 4722 δὲ
3345 4667 3666 4722 τούναντίον

2130 4984 2240 5054 (87)
2262 4982 2902 5054 Σημαίνεινβούλεται.
2920 4981 3046 5054 Alia
3070 4978 3518 5054 lectioAllatiana
3538 4981 3670 5053 ipsa

2058 5050 2167 5108 non
2192 5050 2567 5125 improbanda,
2605 5053 2886 5125 σημαίνει,
2910 5052 3236 5125 βουληθῆναι
3246 5050 3353 5125 ,τῂν
3373 5050 3544 5125 αύτὴν
3561 5050 3665 5108 άν-

2058 5125 2213 5197 δρίαν
2238 5121 2555 5178 ἐνδύσασθαι
2588 5121 2788 5186 πάσας,
2833 5121 2920 5244 μὴ
2960 5121 3209 5193 μέντοιγε
3241 5121 3521 5192 ἐξισχύσαι
3554 5124 3665 5188 τὰς

2061 5195 2246 5244 πέντε.
2282 5194 2509 5244 voluisse
2537 5211 2715 5244 omnes
2745 5210 2861 5244 eam
2901 5209 2982 5244 em
3007 5193 3225 5244 induere
3257 5191 3657 5244 fortitudinem-

2061 5191 2246 5259 πέντε,
2282 5194 2509 5249 voluisse
2537 5211 2715 5249 omnes
2745 5191 2982 5247 eamdem
3007 5193 3225 5248 induere
3256 5191 3657 5262 fortitudinem.

2064 5265 2154 5319 sed
2183 5267 2411 5336 quinque
2434 5274 2632 5336 tamen
2668 5265 2813 5336 irires
2855 5263 3143 5332 defecisse;
3191 5277 3388 5331 nempe
3418 5274 3665 5336 arrepto

2065 5333 2360 5391 sanctioris
2390 5335 2514 5389 vitae
2551 5335 2833 5398 instituto,
2869 5344 3155 5403 ereptaque
3192 5333 3464 5403 castitatis
3494 5337 3666 5402 palae-

2068 5415 2206 5471 st-ra,
2232 5407 2353 5476 ejus
2381 5406 2600 5476 virtutis
2632 5405 2781 5460 cultu
2823 5402 3193 5476 obtorpuisse.
3235 5402 3509 5476 Videntur
3542 5405 3665 5476 haec

2068 5473 2345 5557 respicere
2383 5476 2519 5531 illud
2560 5475 2666 5557 [5a.
2695 5491 2772 5539 LI,
2815 5473 2888 5557 Si:
2929 5475 3187 5557 ’ςΕνδυο-αι
3225 5476 3325 5557 τὴν
3356 5473 3661 5557 ίσχὺνπρῇ

2071 5544 2354 5619 βραχίονός
2390 5564 2508 5611 σου,
2550 5545 2778 5601 Induere
2819 5544 3191 5619 fortitudinem
3219 5544 3423 5619 brachii
3456 5545 3667 5619 tuiaEt

2067 5616 2218 5673 certe
2249 5619 2388 5673 forte
2415 5625 2713 5683 certamen,
2747 5623 3026 5672 certamen
3056 5616 3330 5671 castitatis
3364 5625 3531 5684 atque
3558 5617 3667 5670 ἁν-

2066 5688 2241 5763 ὁρίας
2261 5689 2637 5763 utin‘omnem
2666 5689 2832 5763 vitam
2869 5686 3116 5763 accensis
3150 5685 3498 5763 lampadibus
3526 5700 3665 5745 sus-

2066 5754 2251 5832 pensas
2276 5758 2517 5832 virgines
2547 5758 2656 5815 sint
2686 5758 2742 5814 in
2767 5761 3177 5827 exspectatione
3208 5754 3430 5828 sponsi.
3463 5755 3545 5815 In.
