3866 6160
242 304 346 358 H7

1342 302 1726 362 CONVIVIUM
1768 303 1997 361 DECEM
2041 302 2417 362 VIRGINUM’.‘

3402 308 3505 364 ΗΒ

234 418 498 490 πλήθεσιν
510 419 863 491 ἀδικημάτων
889 420 1252 494 ἐλωϐήσαντο,
1287 422 1599 494 φυράσασαι
1624 421 1810 493 κακίᾳ.

1918 422 2208 493 pellarunt,
2252 435 2423 492 puros
2451 428 2617 491 atque
2655 420 2896 493 virgines
2926 436 2956 476 a
2994 422 3237 493 peccatis
3259 422 3343 478 hae
3371 425 3500 495 qui-

247 511 725 584 Ἐγκρατεύσασαι
774 514 885 585 γάρ
920 515 1016 567 καὶ
1063 513 1397 580 ἀγνεύσασαι
1454 513 1820 586 δικαιοσύνης,

232 604 552 676 εύςρόρνησαν
571 604 770 676 μᾶλλον
789 606 1229 678 παραπτώμασιν
1249 622 1264 638 ·
1294 605 1354 672 ἐξ
1377 598 1438 659 οὗ
1483 605 1547 677 δὴ
1573 607 1666 659 καὶ
1699 622 1823 659 συν-

233 694 336 766 έϐη
368 695 480 749 τῶν
537 694 697 749 θείων
722 696 828 762 ἔξω
860 697 1161 771 περιϐόλων
1193 696 1647 761 ἀποκλεισθείσας
1675 697 1821 751 ἀπα-

233 787 582 859 γορευθῆναι.
616 789 741 844 Εῐτε
762 789 871 863 γάρ
897 790 1288 862 κατορθοῦμεν,
1327 790 1438 845 εἴτε
1470 788 1821 861 πλημμελοῦ-

239 896 363 951 μεν,
389 880 477 934 διὰ
491 880 697 935 τούτων
723 882 978 954 ἑκάτερα,
994 884 1089 937 καὶ
1106 882 1174 935 τά
1193 880 1651 954 ἀνδραγαθήματα
1680 898 1819 952 κρα-

233 971 478 1037 τύνεται,
510 973 605 1027 καὶ
637 972 707 1027 τὰ
733 975 1231 1046 κακοπραγήματα.
1273 974 1383 1027 Καὶ
1407 972 1596 1044 ὥσπερ
1620 974 1652 1044 ἡ
1681 971 1820 1025 Θάλ-

235 1062 425 1127 λουσα,
447 1065 559 1118 Καὶ
598 1063 915 1135 ὀφθαλμῶν,
951 1064 1075 1137 ἔφη,
1109 1065 1203 1118 καὶ
1222 1063 1376 1118 ὢτων
1408 1063 1628 1133 ἁγνείαν
1654 1060 1815 1127 εἶναι,

235 1156 330 1209 καὶ
362 1155 637 1227 γλώσσης,
670 1157 885 1212 καὶτῶν
914 1156 1117 1211 λοιπῶν
1143 1155 1377 1228 καθεξῆς
1409 1154 1811 1228 αἰσθητηρίων·

230 1242 377 1296 οὕτω
406 1244 471 1315 δὴ
497 1246 592 1298 καὶ
613 1245 844 1299 ἐνταῦθα
874 1246 974 1318 τὴν
1000 1246 1182 1301 πίστιν
1207 1247 1447 1318 ἀσυλονὴ
1463 1245 1814 1318 φυλαξαμένη

230 1334 339 1386 τῶν
383 1334 547 1388 πέντε
597 1336 783 1391 διόδων
829 1337 936 1408 τῆς
977 1338 1197 1410 ἀρετῆς,
1241 1338 1505 1410 ὁράσεως,
1539 1336 1813 1406 γεύσεως,

1927 510 2050 566 dem
2077 518 2467 578 servaverunt;
2506 510 2610 565 illa:
2631 526 2761 567 vero
2787 519 2981 567 contra
3008 511 3344 569 hosvmalitia
3369 514 3503 571 sub-

1915 603 2155 674 igentes,
2199 617 2398 674 magno
2443 617 2675 658 numero
2729 603 3060 674 injustorum
3093 621 3322 676 operum
3377 622 3503 662 cor-

1923 704 2208 767 ruperunt.
2243 695 2603 753 Continentes
2623 697 2770 753 enim
2793 698 3135 754 castimoniae
3156 699 3442 769 dispendia
3464 716 3497 755 a

1916 788 2129 859 justitia
2169 789 2273 844 sibi
2317 787 2640 855 indicentes,
2696 790 2901 861 ingenti
2950 791 3137 861 potius
3170 791 3499 846 delictorum

1921 890 2106 953 segete
2138 879 2345 938 fertiles
2390 882 2719 937 exstiterunt
2760 901 2773 937 :
2827 882 2973 939 unde
2996 890 3051 938 et
3072 883 3305 955 contigit
3332 894 3393 939 ut
3413 883 3501 938 di-

1918 974 2063 1031 vinis
2102 974 2300 1030 merito
2343 973 2515 1045 septis
2546 982 2892 1032 arcerentur.
2929 974 3068 1030 Nam
3119 990 3384 1032 sensuum
3433 990 3501 1032 ea

1917 1062 2002 1119 vis
2028 1070 2133 1132 est,
2156 1072 2217 1118 ut
2243 1063 2358 1120 sive
2383 1071 2533 1119 recte
2556 1064 2791 1135 agimus,
2810 1067 2927 1123 sive
2957 1068 3271 1136 peccamus,
3292 1079 3501 1138 pereos

1916 1164 2033 1212 tum
2062 1157 2205 1212 bona
2225 1172 2390 1230 opera
2420 1166 2534 1212 tum
2564 1159 2708 1213 mala
2730 1159 2898 1215 robur
2924 1160 3337 1215 nanciscantur.
3358 1158 3421 1214 Et
3439 1165 3500 1213 ut

1917 1249 2178 1308 Thallusa
2213 1251 2372 1317 dixit,
2406 1250 2472 1306 Et
2506 1251 2791 1307 oculorum
2823 1260 2878 1308 et
2909 1253 3125 1307 aurium
3165 1261 3221 1308 et
3271 1252 3493 1324 linguae,

1913 1353 1968 1401 et
2000 1346 2337 1417 reliquorum
2363 1347 2621 1418 deinceps
2648 1360 2911 1402 sensuum
2936 1347 3306 1417 virginitatem
3341 1361 3488 1411 esse,

226 1427 574 1498 όσψρήσεως,
592 1429 738 1498 ἁφῆς
755 1445 815 1482 τε
832 1430 926 1483 καὶ
949 1431 1141 1501 ἀκοῆς,
1159 1430 1320 1484 πέντε
1347 1430 1810 1503 προσαγορεύεται

1915 1435 1989 1490 ita
2016 1444 2071 1492 et
2094 1436 2205 1502 hic,
2248 1453 2371 1508 qua:
2420 1436 2791 1492 inviolabilem
2811 1435 3057 1507 quinque
3085 1435 3307 1492 virtutis
3339 1450 3499 1491 mea-

230 1519 515 1591 παρθένοι,
568 1520 658 1575 διὰ
707 1524 769 1577 τὸ
830 1524 932 1587 τάς
974 1524 1134 1578 πέντε
1176 1525 1275 1596 τῆς
1301 1524 1610 1596 αἰσθήσεως
1641 1523 1810 1593 ἀγνάς

1915 1537 2066 1585 tuum
2098 1528 2263 1585 ﬁdem
2307 1528 2541 1585 servarit
2568 1526 2766 1599 (visus,
2807 1535 3024 1599 gustus,
3073 1526 3360 1593 odoratus,
3411 1534 3500 1581 ta-

224 1613 683 1688 ἀποκαταστῆσαι
710 1617 793 1690 τῷ
831 1620 1050 1692 Χριστῷ
1100 1621 1423 1690 φαντασίας,
1452 1621 1545 1691 ἀφ’
1572 1621 1810 1692 ἑκάστης

1915 1633 2139 1692 ctusque
2157 1636 2221 1676 ac
2235 1619 2498 1690 auditus),
2521 1634 2630 1674 una
2654 1620 2800 1684 licet,
2817 1619 3063 1691 quinque
3092 1618 3330 1691 virgines
3355 1634 3500 1673 nun-

226 1706 410 1760 αὐτῶν
433 1704 524 1763 οἷα
550 1708 811 1785 λαμπτὴρ
834 1712 934 1785 τὴν
965 1714 1216 1785 ὁσιότητα
1236 1713 1530 1786 λάμπουσα
1571 1712 1804 1785 τρανῶς.

1915 1721 2147 1785 cupatur
2181 1732 2193 1768 :
2232 1712 2378 1784 quod
2407 1727 2603 1783 nempe
2623 1713 2868 1784 quinque
2903 1727 3100 1769 sensus
3133 1711 3497 1784 cogitationes

238 1801 305 1853 Ἥ
337 1802 447 1875 γὰρ
474 1805 823 1874 πεντάφωτος
852 1798 1007 1879 ήμῶν
1026 1807 1102 1871 ὡς
1126 1807 1340 1880 ἀληθῶς
1370 1800 1593 1879 λαμτπάς
1619 1808 1653 1876 ἡ
1678 1803 1810 1877 σάρξ

1919 1812 2102 1861 castas
2130 1803 2440 1861 exhibendo
2473 1803 2718 1869 Christo,
2741 1808 2744 1812 ‘
2767 1819 2835 1859 ex
2867 1819 3059 1860 earum
3088 1803 3319 1875 singulis
3352 1803 3500 1859 velut

225 1899 399 1961 ἐστιν,
434 1899 504 1970 ἢν
529 1898 728 1972 ἡψυχὴ
755 1900 1095 1972 βαστάζουσα
1138 1902 1294 1975 δᾳδὸς
1332 1902 1511 1974 δίκην,
1548 1900 1627 1973 τῷ
1658 1902 1814 1972 Νυμ-

226 1991 339 2062 φίῳ
364 1993 701 2065 παρίσταται
728 1994 952 2066 Χριστῷ
988 1998 1057 2067 τῇ
1086 1994 1273 2069 ἡμέρᾳ
1316 1994 1416 2067 τῆς
1440 1995 1811 2059 ἀναστάσεως,

223 2086 649 2157 παραφαίνουσα
664 2087 751 2142 διὰ
775 2088 963 2143 πασῶν
979 2088 1088 2143 τῶν
1106 2089 1412 2161 αἰσθήσεων
1426 2087 1814 2160 διεκθρώσκου-

225 2194 327 2231 σαν
357 2178 627 2253 λαμπράν
652 2180 751 2253 τὴν
785 2180 988 2246 πίστιν,
1033 2179 1218 2246 καθὼς
1248 2181 1410 2244 αὐτὸς
1438 2179 1697 2245 ἐδίδαξεν,
1730 2181 1811 2233 εἰ·

223 2268 378 2322 πών·
426 2270 558 2338 Πῦρ
608 2267 802 2342 ἦλθον
841 2273 1062 2338 βαλεῖν
1107 2275 1195 2341 εὶς
1252 2271 1368 2341 τὴν
1404 2271 1558 2343 γῆν,
1620 2272 1720 2326 καὶ
1755 2273 1812 2326 τι

222 2360 451 2427 ῆῡελον
488 2364 543 2415 εὶ
579 2361 698 2432 ἤδη
735 2361 1010 2434 «ir-1559013;
1050 2365 1153 2436 γῆν
1197 2365 1354 2439 ἡμῶν
1384 2365 1454 2419 τὰ
1476 2363 1811 2436 σκηνώματα

224 2453 463 2523 φράσας,
507 2455 589 2517 εἰς
619 2455 655 2508 ἀ
696 2456 947 2511 ἐϐούλετο
976 2458 1190 2529 ταχέως
1234 2457 1540 2529 ἀναφθῆναι
1563 2458 1660 2530 τὴν
1688 2457 1811 2525 ὀξυ-

222 2542 445 2612 κίνητον
476 2544 578 2614 τῆς
609 2545 957 2612 διδασκαλίας
989 2548 1156 2602 αὐτοῦ
1176 2548 1270 2602 καὶ
1295 2547 1557 2618 διάπυρον
1587 2545 1804 2620 πρᾶξιν.

222 2633 299 2687 Τὸ
324 2634 435 2707 γὰρ
460 2635 640 2690 ἔλαιον
659 2640 725 2710 τῇ
769 2641 931 2712 σοφίᾳ
964 2640 1059 2693 καὶ
1087 2642 1154 2712 τῇ
1187 2638 1499 2711 δικαιοσύνῃ
1528 2637 1811 2711 παραϐλη-

220 2729 365 2783 τέον.
424 2730 829 2805 ’Δνομϐρούσης
866 2734 975 2806 γὰρ
1012 2733 1183 2788 ταῦτα
1212 2733 1310 2803 τῆς
1355 2732 1534 2803 ψυχῆς
1562 2731 1810 2800 ἀφθόνως

221 2818 318 2870 καὶ
353 2819 683 2892 ἐπιχεούσης
737 2821 818 2893 τῷ
869 2822 1105 2894 σώματι,
1150 2824 1230 2887 είς
1265 2822 1400 2893 ὕψος
1441 2821 1809 2892 ἀναφλέγεται

222 2907 322 2977 τῆς
350 2909 554 2982 άρετῆς
584 2911 847 2967 ἄσϐεστον
872 2913 932 2966 τὸ
955 2912 1091 2982 φῶς,
1122 2912 1431 2988 ἔμπροσθεν
1455 2913 1565 2966 τῶν
1592 2909 1807 2983 ἀνθρώ-

223 3017 341 3053 πων
370 3002 651 3075 ἐκλάμπον
670 3005 768 3071 τὰς
807 3006 1036 3079 πράξεις
1082 3006 1183 3072 τὰς
1218 3006 1413 3074 καλὰς,
1448 3007 1525 3072 ὡς
1547 3005 1811 3078 δοξασθῆ-

223 3108 314 3145 ναι
336 3094 429 3149 τὸν
455 3097 677 3169 Πατέρα
712 3099 804 3154 τὸν
845 3102 904 3155 ὲν
922 3103 1036 3166 τοῖς
1061 3101 1329 3174 οὐρανοῖς.
1589 3094 1593 3099 ”

1919 1897 2131 1969 lampas
2161 1897 2471 1953 sanctitatis
2520 1895 2692 1952 radiis
2721 1896 2871 1952 clare
2913 1895 3188 1969 eﬁ‘ulgeat.
3241 1894 3500 1966 Quinque

1918 1989 2064 2046 enim
2093 1989 2451 2045 lucernarum
2483 1988 2694 2058 lampas
2719 2003 2847 2045 vere
2873 2003 3004 2043 caro
3024 1995 3132 2055 est,
3165 2002 3329 2060 quam
3350 1987 3501 2042 velut

1918 2080 2092 2138 facem
2115 2089 2339 2153 gestans
2367 2081 2572 2145 anima,
2607 2081 2836 2137 Christo
2859 2080 3076 2153 Sponso
3108 2079 3311 2136 astabit
3331 2079 3387 2134 in
3410 2078 3500 2134 die

1917 2168 2390 2242 resurrectionis,
2441 2174 2811 2247 fulgurantem
2855 2175 3194 2230 excunctis
3242 2172 3500 2230 sensibus

1918 2265 2259 2335 splendidam
2287 2265 2448 2321 ﬁdem
2475 2266 2765 2338 magniﬁce
2822 2265 3145 2330 ostendens,
3190 2265 3337 2321 sicut
3380 2265 3500 2335 ipse

1918 2357 2129 2426 docuit,
2148 2358 2339 2416 dicens
2358 2357 2404 2392 ³⁸
2435 2378 2448 2414 :
2485 2356 2671 2430 Ignem
2699 2360 2817 2415 veni
2855 2360 3063 2413 mittere
3094 2358 3150 2412 in
3185 2366 3403 2425 terram,
3445 2365 3500 2412 et

1916 2448 2042 2520 quid
2072 2449 2188 2503 volo
2216 2450 2321 2504 nisi
2349 2457 2406 2503 ut
2429 2449 2799 2505 accendatur?
2829 2456 3031 2505 terram
3072 2448 3283 2505 scilicet
3304 2453 3498 2502 nostra

1918 2556 2150 2612 corpora
2180 2542 2486 2613 appellans,
2518 2541 2575 2596 in
2607 2541 2810 2612 quibus
2842 2542 2960 2596 vult
2989 2541 3240 2596 celeriter
3265 2537 3501 2595 accendi-

1916 2631 2026 2688 cito
2041 2632 2295 2688 mobilem
2321 2630 2658 2704 ignitamque
2679 2632 2943 2688 doctrina:
2966 2646 3080 2688 suae
3097 2630 3493 2702 operationem.

1916 2721 2034 2780 Olei
2062 2731 2245 2779 autem
2293 2724 2542 2795 symbolo
2573 2724 2901 2795 sapientiam
2944 2730 3001 2780 et
3044 2724 3319 2794 justitiam
3347 2722 3496 2778 desi-

1916 2816 2072 2888 gnari
2095 2816 2508 2887 intelligendum
2521 2824 2627 2874 est.
2644 2815 2754 2874 Has
2781 2817 2927 2873 enim
2949 2815 3120 2872 veluti
3141 2815 3349 2871 imbres
3363 2813 3496 2869 dum

1916 2907 2099 2962 anima
2135 2907 2286 2978 large
2330 2907 2643 2978 suppeditat
2691 2922 2756 2964 ac
2788 2909 3008 2979 corpori
3063 2906 3333 2974 aﬁ'undit,
3390 2905 3498 2960 alte

1915 2999 2132 3057 sublata
2160 2998 2399 3068 ﬂamma,
2430 3000 2874 3072 inexstinguihile
2895 3000 3138 3073 assurgit
3168 2998 3386 3054 virtutis
3410 2997 3468 3052 lu

1913 3107 2061 3158 men,
2091 3105 2201 3163 quo
2228 3091 2449 3147 luceant
2482 3107 2668 3149 coram
2691 3092 3009 3149 hominibus
3051 3106 3220 3164 opera
3243 3090 3411 3157 bona,
3435 3093 3496 3142 ut

1828 3177 1874 3237 C
1905 3183 2243 3258 gloriﬁcetur
2270 3183 2435 3241 Pater
2463 3186 2560 3257 qui
2581 3186 2639 3242 in
2667 3186 2825 3243 cmlis
2857 3194 2946 3243 est
2968 3186 3041 3243 “.

1290 3300 1423 3360 Car.
1454 3298 1545 3356 ιν.
1579 3298 1723 3369 Quid
1757 3298 1931 3353 oleum
1962 3298 2019 3352 in
2048 3297 2430 3368 lampadibus?

292 3413 551 3469 Τοιοῦτον
601 3415 778 3472 ἔλαιον
831 3418 942 3492 ἄρα
973 3420 1214 3473 κάκεῖνοι
1266 3417 1604 3493 προσέφερον
1638 3421 1696 3473 ἐν
1731 3416 1809 3489 τῷ

1975 3411 2109 3472 Tale
2141 3415 2396 3472 videlicet
2442 3416 2622 3473 oleum
2669 3424 2726 3473 et
2755 3416 2836 3472 illi
2863 3416 3169 3473 offerebant
3200 3416 3256 3471 in
3285 3415 3459 3472 Leviti

222 3507 532 3574 Δευϊτικῷ,
572 3510 866 3580 ’Δτρυγον
884 3512 1111 3576 ἔλαιον,
1130 3512 1410 3581 καθαρὸν,
1438 3509 1810 3581 κεκομμένον

1915 3521 1971 3562 co
2000 3509 2066 3573 ²¹,
2113 3508 2298 3565 Oleum
2345 3509 2683 3579 defwcatum,
2722 3510 3000 3575 mundum,
3061 3525 3368 3579 expressum
3425 3510 3495 3564 ad

221 3600 451 3653 καῦσαι
509 3598 740 3667 λύχνον
764 3598 880 3664 ἔξω
910 3601 1017 3655 τοῦ
1050 3599 1584 3671 καταπετάσματος
1606 3603 1813 3657 ἔναντι

220 3692 468 3759 Κιιρίου.
500 3690 640 3743 Ἀλλ’
664 3691 893 3757 ἐκείνοις
922 3694 1019 3765 μὲν
1045 3692 1379 3765 βραχύτατον
1412 3693 1529 3763 φῶς
1558 3694 1814 3765 προσετέ-

220 3796 390 3834 τακτο
448 3779 777 3853 θεραπεύειν
827 3784 921 3853 ἀφ’
969 3783 1209 3855 ἑσπέρας
1232 3786 1313 3849 είς
1348 3784 1444 3838 ἕω.
1488 3786 1548 3838 '0
1580 3786 1689 3855 γάρ
1726 3802 1809 3839 τοι

221 3873 417 3944 λύχνος
448 3875 629 3929 αὐτῶν
648 3874 822 3931 ἔοικεν
844 3877 1156 3943 εἰκάζεσθαι
1174 3877 1254 3949 τῷ
1295 3877 1437 3949 λόγῳ
1464 3876 1806 3952 προφητικῷ,

221 3966 318 4037 τὴν
345 3966 442 4019 ἐπὶ
473 3968 794 4042 σωφροσύνῃ
840 3969 1082 4039 φαίνοντι
1117 3970 1447 4043 παρρησίαν,
1476 3971 1810 4044 τρεφόμενος

222 4059 334 4114 ἀπὺ
380 4060 494 4114 τῶν
550 4061 803 4133 πράξεων
855 4062 950 4115 καὶ
1004 4063 1105 4133 τῆς
1143 4063 1382 4128 πίστεως
1423 4064 1516 4119 τοῦ
1570 4064 1734 4119 λαοῦ·
1777 4068 1806 4120 6

221 4150 279 4204 δὲ
305 4152 437 4216 ναὸς
484 4150 567 4217 τῷ
595 4153 981 4223 σχοινισματι
1026 4154 1137 4224 τῆς
1178 4156 1608 4225 κληρονομίας·
1658 4157 1808 4209 ἐπει-

223 4243 398 4315 δήπερ
421 4242 614 4314 λύχνος
636 4245 764 4316 περὶ
793 4240 942 4300 οἷκον
992 4247 1089 4301 ἕνα
1119 4248 1279 4318 μόνον
1313 4246 1535 4302 δύναται
1572 4248 1803 4318 φαίνειν.

224 4334 338 4405 Πρὸ
366 4334 471 4405 τῆς
520 4335 735 4407 ἡμέρας
760 4331 853 4389 οὖν
883 4336 1050 4409 ἐχρῆν
1075 4336 1263 4393 τοῦτον
1290 4337 1541 4392 καίεσθαι
1576 4339 1669 4393 τὸν
1714 4339 1801 4392 λύ-

1906 3601 2101 3666 lumen,
2124 3611 2184 3655 ut
2214 3601 2402 3656 ardeat
2427 3602 2646 3657 lucerna
2672 3613 2825 3657 extra
2845 3602 3016 3657 velum
3039 3610 3162 3657 ante
3182 3602 3491 3658 Dominum.

1910 3694 2019 3750 Sed
2057 3692 2169 3750 illis
2204 3694 2427 3764 quidem
2481 3693 2804 3749 mandatum
2854 3700 2976 3750 erat
3009 3704 3070 3749 ut
3102 3693 3496 3750 brevissimum

1909 3786 2098 3841 lumen
2136 3800 2168 3840 a
2199 3801 2430 3857 vespera
2457 3802 2636 3857 usque
2671 3801 2831 3842 mane
2854 3794 3134 3843 curarent.
3162 3786 3347 3853 Quare
3374 3788 3497 3842 illo-

1908 3892 2030 3932 rum
2090 3876 2315 3933 lucerna
2362 3877 2742 3948 propheticum
2789 3894 3098 3934 sermonem
3137 3879 3505 3935 similitudine

1907 3970 2143 4043 quadam
2175 3971 2393 4026 videtur
2420 3969 2650 4038 referre,
2690 3971 3014 4041 proﬁtendae
3037 3971 3310 4028 castitatis
3354 3972 3495 4029 ﬁdu-

1907 4063 2047 4117 ciam
2095 4066 2490 4125 ostentantem,
2518 4076 2585 4116 ex
2616 4059 2805 4130 populi
2832 4059 3140 4115 actionibus
3171 4065 3227 4115 et
3250 4057 3356 4113 ﬁde
3399 4059 3498 4113 ali-

1904 4158 2151 4207 mentum
2190 4151 2505 4207 habentem.
2540 4150 2828 4221 Templum
2857 4165 2987 4205 vero
3013 4148 3094 4221 [in
3123 4165 3233 4221 quo
3263 4149 3492 4207 lucerna

1912 4244 2160 4318 ardebat]
2188 4245 2292 4301 rite
2317 4245 2384 4300 ad
2409 4245 2707 4315 funiculum
2731 4244 3061 4301 haereditatis
3084 4245 3133 4277 "
3154 4244 3245 4315 (ad
3266 4245 3493 4301 domum

1910 4337 2102 4411 Israel)
2132 4339 2386 4396 refertur.
2417 4338 2667 4397 Lucerna
2699 4339 2919 4411 quippe,
2968 4338 3025 4394 in
3064 4353 3173 4394 una
3224 4339 3493 4394 duntaxat

224 4446 367 4498 χνον.
397 4431 717 4485 Καύσουσι
742 4429 850 4502 γὰρ
872 4430 1081 4496 αὑτὸν,
1108 4433 1291 4502 φησὶν,
1320 4431 1430 4498 ἕως
1458 4434 1625 4501 πρωΐο
1654 4450 1806 4488 τουτ-

1915 4429 2097 4485 lucere
2119 4428 2284 4485 domo
2314 4437 2515 4501 potest.
2547 4429 2690 4486 Ante
2712 4429 2856 4485 diem
2891 4430 3060 4499 igitur
3092 4430 3236 4484 hanc
3265 4430 3494 4486 accendi

225 4522 403 4588 ἐστιν,
457 4522 564 4586 ἕως
612 4525 915 4597 παρουσίας
941 4524 1032 4578 τοῦ
1056 4524 1309 4598 Χριστοῦ·
1343 4525 1447 4588 ὅτι,
1477 4522 1571 4579 τοῦ
1623 4526 1804 4581 Ἡλίου

226 4612 323 4683 τῆς
352 4614 582 4683 ἁγνείας
639 4614 1016 4680 ἀνατείλαντος
1066 4619 1162 4670 καὶ
1200 4615 1303 4687 τῆς
1352 4615 1719 4689 δικαιοσύνης,
1740 4617 1802 4671 οὐ

224 4705 381 4775 χρεία
419 4703 638 4776 λύχνου.

294 4862 463 4916 Ὅσον
491 4859 593 4931 μὲν
617 4855 711 4915 οὖν
733 4864 762 4916 6
786 4859 913 4925 λαὸς
942 4864 1149 4928 ἐκεῖνος
1182 4865 1372 4936 χρόνον
1394 4865 1804 4939 ἀπεθησαύρισε

221 4952 289 5006 τά
307 4952 585 5024 τρέφοντα
634 4952 726 5005 τὸν
775 4952 988 5027 λύχνον,
1032 4956 1378 5028 ἐπιχορηγῶν
1422 4958 1483 5011 τὸ
1516 4957 1691 5013 ἔλαιον
1713 4958 1804 5011 διά

222 5043 328 5097 τῶν
352 5044 556 5117 ἔργων,
579 5043 610 5096 6
647 5042 839 5116 λύχνος
862 5046 1047 5111 αὐτοῖς
1069 5047 1169 5101 οὐκ
1196 5047 1419 5102 ἐσϐεστο
1458 5049 1559 5121 τῆς
1586 5066 1802 5122 σωφρο-

225 5136 411 5208 σύνης,
459 5136 576 5191 ἀλλ’
614 5133 682 5211 ἦν
730 5140 1051 5211 φαινόμενος
1103 5141 1193 5196 ἀεὶ
1240 5143 1336 5196 καὶ
1363 5142 1594 5214 λάμπων
1634 5145 1692 5197 ἐν
1724 5142 1804 5215 τῷ

225 5232 614 5302 σχοινίσματι
636 5231 746 5303 τῆς
773 5236 1196 5306 κληρονομίας.
1234 5238 1363 5290 Ὅτε
1394 5236 1451 5291 δὲ
1483 5236 1709 5291 ἐπέλιπε
1744 5236 1807 5292 τὸ

224 5320 423 5386 ἔλαιον,
452 5322 564 5377 ἀπὸ
607 5324 707 5396 τῆς
730 5324 965 5389 πίστεως
990 5327 1069 5390 είς
1100 5326 1398 5381 ἀκολασίαν
1422 5326 1602 5381 αὐτῶν
1625 5328 1807 5400 ἐκτρο-

226 5414 627 5487 παλιζομένων,
676 5419 705 5471 6
771 5417 963 5491 λύχνος
1004 5419 1175 5492 ἄρδην
1217 5420 1530 5493 ἀπεσϐέσθη
1557 5438 1570 5452 ⁸
1608 5421 1694 5475 ἵνα
1742 5421 1807 5493 δὴ

228 5508 386 5562 πάλιν
426 5508 810 5581 ὲξαστράψωσι
855 5512 955 5577 τὰς
1001 5513 1285 5586 λαμπάδας
1331 5514 1653 5586 ἐπαλλήλοις
1685 5514 1804 5568 δια-

231 5600 428 5671 δοχαῖς,
476 5603 688 5657 ἀνωθεν
716 5604 771 5658 αἱ
816 5604 1072 5678 παρθένοι
1108 5606 1186 5678 τῷ
1218 5608 1408 5680 κόσμῳ
1433 5606 1803 5680 πυρσεύουσαι

1914 4522 2220 4592 oportebat.
2252 4521 2556 4576 Accendant
2574 4524 2718 4577 enim
2745 4520 2901 4585 lianc,
2929 4522 3026 4587 ait,
3059 4538 3221 4592 usque
3248 4538 3403 4576 mane
3422 4523 3491 4585 “,

1912 4616 2017 4670 hoc
2067 4624 2152 4672 est
2202 4631 2379 4687 usque
2427 4617 2495 4672 ad
2541 4616 2835 4673 adventum
2885 4616 3108 4672 Christi.
3145 4615 3494 4687 Virginitatis

1910 4708 2116 4764 etenim
2144 4717 2198 4765 et
2219 4707 2449 4780 justitiae
2470 4718 2664 4766 exorto
2697 4708 2825 4766 Sole
2851 4709 2919 4774 ",
2943 4708 3083 4763 nihil
3102 4707 3217 4779 jam
3253 4709 3496 4765 lucernae

1917 4805 2206 4935 @3353};
2256 4869 2423 4941 igitur
2444 4878 2690 4942 tempore
2746 4870 2982 4941 populus
3026 4869 3117 4926 ille
3168 4884 3291 4941 quae
3333 4878 3495 4925 erant

1911 4960 2129 5037 alendae
2146 4960 2385 5016 lucernae
2396 4961 2673 5032 suggessit
2694 4958 2913 5032 (nempe
2930 4958 3291 5031 suppeditans
3307 4958 3492 5014 oleum

1912 5068 2009 5122 per
2038 5053 2488 5125 opera),lucerna
2514 5053 2783 5109 castitatis
2807 5053 2888 5108 eis
2907 5052 3237 5109 inexstincta
3254 5051 3490 5120 mansit;

1909 5150 2135 5214 eratque
2163 5159 2377 5214 semper
2410 5146 2600 5200 lucens
2625 5152 2680 5199 et
2713 5141 3006 5214 splendens
3039 5144 3096 5198 in
3129 5143 3366 5214 funiculo
3389 5141 3495 5197 Ita:-

1911 5234 2177 5290 reditatis.
2209 5235 2354 5291 Oleo
2378 5242 2561 5291 autem
2590 5236 2899 5301 deﬁciente,
2930 5236 3040 5293 illis
3075 5253 3105 5290 a
3133 5235 3240 5292 ﬁde
3276 5234 3344 5290 ad
3390 5249 3490 5304 pe-

1912 5327 2200 5382 tulantiam
2230 5327 2427 5393 versis,
2454 5327 2678 5381 lucerna
2706 5326 2926 5397 penitus
2958 5326 3250 5390 exstincta,
3305 5324 3493 5381 lucere

1912 5419 1994 5474 eis
2031 5418 2236 5475 desiit:
2280 5433 2392 5489 quo
2424 5417 2681 5472 nimirum
2721 5419 2950 5475 alternis
2995 5434 3215 5475 rursum
3249 5418 3493 5488 virgines

1913 5509 2382 5575 suceessionibus,
2411 5509 2564 5566 velut
2587 5510 2808 5566 caelitus
2839 5511 3062 5581 praelata
3094 5510 3212 5566 lace
3246 5511 3493 5564 incorru-

1910 5606 2150 5678 ptionem
2174 5602 2379 5659 mundo
2402 5602 2719 5670 inferentes,
2740 5605 2861 5662 lacte
2882 5604 3131 5661 accensis
3146 5603 3494 5675 lampadibus

248 5762 251 5767 ’
301 5787 346 5819 ⁸⁸
369 5786 497 5845 Luc.
523 5807 621 5859 ιιι,
654 5791 743 5850 40.
822 5794 862 5825 ⁸⁸
889 5790 1077 5847 Matth.
1107 5810 1158 5863 ν,
1181 5794 1233 5851 6.
1312 5791 1535 5849 "Leuit.
1571 5793 1792 5863 mni.

1915 5791 2219 5864 ‘Psal.c1v,
2246 5791 2331 5850 ll.
2411 5790 2641 5848 “Lavit.
2675 5805 2805 5846 xxrv
2863 5791 2917 5847 5.
2996 5790 3040 5823 ³⁸
3062 5788 3300 5845 Halaclt.
3334 5803 3407 5855 tv,
3430 5784 3486 5844 2.
