3866 6160
342 238 449 294 “9

1327 241 1385 298 S.
1415 242 1763 300 ’METHODII
1804 242 2115 304 EPISCOPI
2156 247 2245 302 ET
2285 247 2647 304 ΗΑΒΤῖῐίιὸ

3501 255 3602 311 120

340 357 805 430 splendescerent.
832 356 1376 418 Subministrandum
1406 363 1575 435 igitur
1602 381 1753 421 nunc
1785 382 1912 438 quo-

2026 369 2125 441 τὴν
2156 370 2485 441 ἀφθαρσίαν.
2509 370 2859 443 Χορηγητέον
2885 366 2978 426 οὖν
2999 372 3064 445 δὴ
3078 370 3141 426 ea
3163 373 3395 447 ἄτρυγον
3423 372 3607 430 ἔλαιον

340 459 447 521 (me
480 448 764 506 amuenter
794 450 1117 507 defaecatum
1143 453 1416 510 bonorum
1447 471 1677 528 operum
1710 467 1765 514 et
1795 474 1925 529 pru-

339 539 548 600 dentia:
575 543 777 609 oleum,
823 544 893 601 ab
938 546 1087 599 omni
1138 544 1395 602 deorsum
1439 557 1702 619 gravante
1723 565 1920 606 corru—

338 634 526 705 ptione
544 634 927 706 depurgatnm,
958 653 1028 693 ne
1053 652 1263 693 moram
1288 637 1525 697 faciente
1546 641 1783 713 Sponsa,
1819 660 1926 700 nc-

337 733 466 781 strae
482 726 648 781 etiam
679 729 882 797 pariter
900 728 1183 800 lampades
1208 732 1646 804 exstinguantur.
1671 735 1821 791 Mora
1841 737 1923 792 vi-

336 816 534 873 delicet
563 816 761 888 Sponsi
794 829 1007 891 tempus
1037 830 1124 877 est
1146 822 1294 893 quod
1324 824 1453 880 hinc
1472 824 1543 880 ad
1558 825 1763 883 Christi
1786 828 1920 883 ulti-

335 926 485 966 mum
514 913 806 967 adventum
833 913 1162 985 intercedit;
1188 917 1511 975 dormitatio
1528 934 1663 976 vero
1695 927 1750 977 et
1777 937 1922 977 som-

334 1018 442 1058 nus
480 1002 774 1075 virginum,
804 1020 1064 1063 excessus
1097 1023 1129 1064 e
1159 1009 1313 1077 vita;
1346 1026 1457 1067 nox
1486 1019 1667 1067 autem
1717 1013 1919 1081 media,

333 1110 562 1164 regnum
591 1094 937 1163 Antichristi,
993 1101 1219 1170 quando
1249 1102 1650 1159 extorminator
1691 1105 1921 1177 angelus

333 1185 592 1242 transibit
620 1202 718 1258 per
752 1187 945 1245 domos
976 1190 1041 1250 '9.
1073 1191 1293 1248 Clamor
1311 1208 1467 1259 vero,
1502 1193 1637 1250 Ecce
1680 1194 1918 1265 Sponsus

331 1278 491 1343 venit,
514 1278 652 1333 exite
694 1277 900 1334 obviam
929 1282 981 1336 ei
1022 1282 1106 1337 ’τε
1133 1298 1239 1338 vox.
1266 1293 1351 1341 est
1391 1285 1459 1341 de
1485 1286 1642 1342 cmlis
1674 1295 1731 1343 et
1764 1287 1918 1354 tuba,

330 1368 554 1440 quando
592 1370 795 1437 sancti,
821 1372 1042 1429 cunctis
1069 1387 1264 1429 eorum
1294 1376 1641 1434 resuscitatis
1666 1378 1917 1450 corpori-

329 1461 454 1529 bus,
486 1462 543 1517 in
565 1462 811 1520 nubibus
839 1466 979 1537 rapti
1009 1466 1313 1537 procedent
1363 1468 1423 1525 in
1464 1483 1760 1526 occursum
1813 1468 1921 1525 Do-

330 1556 470 1611 mini
500 1557 547 1588 ³⁸

2026 461 2121 517 καὶ
2149 461 2243 516 νῦν
2269 462 2376 517 τῶν
2409 461 2589 516 καλῶν
2627 461 2805 534 ἔργων
2837 463 3010 529 ἀδεῶς
3049 465 3143 519 καλ⁸
3174 465 3274 536 τῆς
3307 465 3604 531 συνέσεως,

2024 550 2207 622 πάσης
2234 551 2385 605 κάτω
2424 550 2716 623 βριθούσης
2746 552 3109 626 ἀφυλισμένον
3136 555 3341 627 φθορᾶς
3364 572 3379 586 ⁸
3410 557 3499 610 ἵνα
3526 558 3602 629 μὴ

2023 643 2370 720 χρονίσαντος
2416 643 2513 699 τοῦ
2562 644 2854 716 Νυμφίου,
2909 646 3211 702 σὸεσθῶσιν
3245 649 3450 719 ὁμοίως
3505 650 3607 704 καὶ

2023 734 2179 805 ήμῶν
2201 735 2257 788 αί
2284 734 2585 807 λαμπάδες.
2616 736 2674 791 '0
2705 737 2816 810 γάρ
2840 755 2922 791 τοι
2943 740 3233 811 χρονισμός
3270 741 3387 793 ὲστι
3416 741 3476 794 τὸ
3496 741 3604 814 πρὸ

2021 823 2120 894 τῆς
2149 825 2454 897 παρουσίας
2483 826 2758 898 διάστημα
2807 826 2902 882 τοῦ
2930 829 3190 900 Χριστοῦ.
3237 830 3295 883 '0
3331 830 3388 884 δὲ
3411 847 3605 884 νυσταε-

2020 913 2163 984 γμὸς
2195 914 2292 969 καὶ
2312 916 2345 987 ἠ
2364 916 2620 987 κοίμησις
2648 916 2757 970 τῶν
2781 917 3086 990 παρθένων,
3112 921 3145 992 ἡ
3169 918 3347 987 ἔξοδος
3369 920 3478 974 ἀπὸ
3504 920 3601 974 τοῦ

2022 1002 2160 1074 βίου.
2190 1004 2263 1057 Τὸ
2291 1004 2348 1058 δὲ
2396 1004 2741 1076 μεσονύκτιον
2770 1008 2804 1076 ἡ
2839 1005 3086 1076 βασιλεία
3110 1007 3203 1061 τοῦ
3229 1009 3599 1080 ἀντιχρίστου,

2020 1095 2143 1151 καθ’
2159 1098 2224 1168 ἢν
2246 1098 2275 1149 ὁ
2293 1097 2618 1171 ὀλοθρευτὴς
2638 1098 2866 1169 ἄγγελος
2886 1100 3381 1172 ὲπιπορεύεταιτὰς
3399 1102 3599 1166 οἰκίας.

2033 1196 2097 1250 Ἠ
2155 1194 2212 1248 δὲ
2267 1196 2482 1268 κραυγὴ
2521 1198 2554 1267 ἡ
2602 1196 2869 1268 γενομένη
2927 1198 3022 1251 καὶ
3082 1197 3335 1267 λέγουσα,
3373 1198 3521 1253 Ἰδοὺ
3568 1201 3605 1252 ὁ

2018 1287 2291 1355 Νυμφίος
2328 1285 2582 1355 ἔρχεται,
2636 1285 2954 1357 ἐξέρχεσθε
2990 1289 3078 1354 εἰς
3112 1287 3457 1357 ἀπάντησιν
3486 1290 3601 1343 αὐ-

2024 1379 2152 1444 τοῦ,
2186 1377 2333 1463 ἔστιν
2374 1380 2408 1450 ἡ
2456 1379 2607 1451 φωνὴ
2652 1382 2685 1452 ἡ
2720 1380 2828 1434 ἀπὸ
2852 1380 2960 1436 τῶν
3000 1381 3245 1453 οὐρανῶν
3270 1383 3366 1437 καὶ
3397 1384 3431 1454 ἡ
3471 1382 3605 1436 σάλ-

2020 1470 2172 1540 πιγξ,
2214 1471 2374 1525 ὁπότε
2421 1472 2639 1527 πάντων
2673 1472 3084 1540 ἐξαναστάντων
3135 1476 3321 1541 αὐτοῖς
3362 1478 3411 1530 οἱ
3452 1476 3602 1546 ἆγιοι

2017 1561 2125 1618 τῶν
2158 1562 2428 1634 σωμάτων
2460 1561 2553 1616 ἐπὶ
2600 1564 2838 1632 νεφελῶν
2869 1565 3180 1637 οίχήσονται
3202 1568 3284 1631 είς
3304 1567 3404 1639 τὴν
3428 1567 3610 1622 ἀπάν-

2022 1670 2177 1726 τησιν
2205 1652 2580 1726 ἁρπασθέντες
2606 1653 2703 1708 τοῦ
2736 1656 2966 1727 Κυρίου.

399 1736 813 1799 Observanuum
845 1744 992 1800 enim
1020 1752 1105 1802 est
1135 1744 1341 1803 dixisse
1373 1744 1717 1817 Scripturam
1741 1788 1757 1814 ,
1788 1756 1912 1818 post

2091 1745 2427 1818 Προσεκτέον
2457 1745 2588 1819 γὰρ,
2625 1748 2709 1801 ὅτι
2738 1747 2876 1821 μετὰ
2898 1748 2996 1821 τὴν
3025 1748 3273 1822 κραυγὴν
3302 1748 3607 1821 ὲγηγέρθαιλ

328 1833 626 1889 clamorem
639 1838 1025 1894 exsurrexisse
1041 1854 1236 1895 omnes
1270 1839 1513 1911 virgines
1528 1857 1543 1908 ;
1558 1848 1683 1909 post
1702 1840 1917 1896 scilicet

328 1924 611 1996 delapsum
641 1942 673 1983 e
700 1929 858 1986 caelis
908 1931 1206 1987 clamorem
1229 1972 1244 1997 ,
1302 1938 1553 1988 mortuos
1584 1947 1708 1987 esse
1737 1930 1919 1987 susci-

329 2019 547 2087 tandas,
581 2023 1041 2094 quemadmodum
1073 2032 1127 2081 et
1156 2024 1366 2081 Paulus
1421 2025 1661 2096 quodam
1714 2027 1837 2082 loco
1867 2026 1912 2058 ¹⁹

333 2112 609 2176 admonet,
641 2113 763 2184 Ipse
813 2115 1098 2184 Dominus,
1152 2116 1431 2188 inquiens,
1465 2119 1522 2172 in
1555 2117 1716 2186 jussu
1765 2127 1815 2173 et
1857 2118 1914 2172 in

330 2218 454 2258 voce
494 2205 816 2278 archangeli,
858 2214 909 2261 et
942 2207 997 2262 in
1046 2207 1174 2264 tuba
1215 2208 1314 2265 Dei
1353 2207 1629 2265 descendet
1655 2208 1719 2264 de
1747 2209 1917 2274 coelo,

325 2306 376 2349 rt
407 2299 604 2352 mortui
628 2300 718 2368 qui
759 2299 819 2355 in
861 2299 1077 2358 Christo
1097 2309 1219 2362 sunt
1241 2343 1255 2368 ,
1283 2310 1559 2374 rcsurgent
1592 2302 1774 2372 primi,
1808 2302 1914 2359 hoc

325 2400 412 2446 est
442 2403 713 2462 corpora;
742 2391 837 2446 illa
859 2391 1010 2449 enim
1032 2400 1249 2450 mortua
1279 2400 1431 2463 sunt,
1461 2394 1684 2450 amissis
1711 2393 1916 2448 anima-

325 2483 450 2539 bus.
480 2482 683 2539 Deinde
711 2500 807 2540 nos
842 2485 935 2557 qui
987 2487 1232 2551 vivimus,
1271 2486 1433 2542 simul
1485 2487 1756 2557 rapientur
1794 2502 1915 2540 cum

322 2574 456 2640 illis,
488 2575 703 2633 animas
730 2577 1070 2648 signiﬁcans.
1102 2578 1215 2635 Nos
1236 2579 1384 2636 enim
1423 2579 1673 2650 quivere
1705 2593 1770 2633 ac
1789 2592 1915 2648 pro-

327 2666 444 2738 prie
473 2667 731 2732 vivimus,
752 2670 950 2725 animae
976 2684 1204 2739 sumus;
1240 2686 1364 2741 quae
1401 2685 1527 2727 cum
1559 2670 1910 2741 corporibus,

322 2757 396 2814 iis
451 2759 769 2829 resumptis,
815 2759 873 2817 in
905 2760 1148 2818 nubibus
1196 2776 1581 2830 occurremus,
1628 2760 1909 2833 lampades

324 2849 564 2907 terentes
595 2860 842 2919 ornatas,
894 2868 1007 2909 non
1054 2854 1234 2911 alieno
1279 2863 1333 2911 et
1362 2854 1645 2910 mundano
1685 2861 1909 2917 ornatu,

324 2942 423 2998 sed
458 2958 580 3014 qua
606 2944 911 3014 prudentiae
930 2953 986 3000 et
1039 2946 1331 3014 castitatis,
1372 2954 1649 3003 astrorum
1676 2947 1785 3002 ritu
1805 2946 1914 3002 late

321 3032 486 3106 jubar
519 3037 754 3100 vibrent,
783 3037 1020 3093 azthereo
1042 3038 1335 3109 splendore
1364 3040 1766 3110 plenissimum.

2022 1846 2206 1907 πάσας
2259 1843 2363 1914 ἔφη
2410 1845 2512 1909 τὰς
2558 1844 2861 1917 παρθένους
2908 1845 2938 1897 ὁ
2964 1845 3147 1913 λόγος·
3182 1845 3427 1899 τουτέστι
3464 1843 3612 1915 μετὰ

2020 1937 2121 2009 τὴν
2167 1939 2231 1990 ὲκ
2270 1936 2380 1990 τῶν
2426 1938 2669 2010 οὐρανῶν
2703 1937 3008 2008 ἐνεχθεῖσαν
3041 1936 3167 2009 βοὴν
3198 1937 3609 2008 ἀναστήσεσθαι

2020 2028 2147 2089 τοὺς
2193 2027 2450 2100 νεκροὺς,
2495 2028 2571 2093 ὥς
2614 2046 2716 2082 που
2767 2027 2862 2083 καὶ
2903 2027 3114 2092 Παῦλος
3160 2030 3472 2100 παρεγγυᾷ,
3515 2029 3604 2083 ὅτι

2015 2117 2205 2178 Αὐτὸς
2232 2122 2267 2177 ό
2292 2122 2529 2191 Κύριος,
2561 2121 2753 2191 λέγων,
2783 2121 2854 2175 ἐν
2889 2121 3272 2191 κελεύσματι,
3318 2121 3390 2174 ἐν
3431 2118 3605 2190 φωνῇ

2019 2212 2421 2284 ἀρχαγγέλου,
2459 2213 2558 2268 καὶ
2588 2213 2659 2268 ἐν
2688 2212 2975 2284 σάλπιγγι
3013 2211 3161 2267 Θεοῦ
3201 2210 3605 2278 καταϐήσεται

2020 2305 2121 2360 ἀπ’
2152 2304 2435 2373 οὐρανοῦ,
2466 2304 2566 2360 καὶ
2613 2307 2667 2359 οἱ
2716 2304 2916 2374 νεκροί
2957 2303 3028 2359 ἐν
3051 2304 3285 2373 Χριστῷ
3331 2301 3607 2370 ἀναστή-

2019 2414 2232 2453 σονται
2258 2395 2493 2467 πρῶτον
2513 2415 2527 2428 ·
2559 2396 2805 2451 τουτέστι
2845 2396 2916 2451 τὰ
2953 2396 3285 2469 σκηνώματα
3316 2396 3453 2467 (88)·
3486 2397 3607 2448 ἐνε-

2019 2487 2313 2561 κρώθησαν
2354 2486 2463 2560 γὰρ
2509 2488 2967 2559 ἀπαμφιασθέντα
2995 2489 3101 2542 τῶν
3140 2488 3614 2560 ψυχῶν.Ἔπειτα

2017 2579 2191 2650 ἡμεῖς
2219 2582 2272 2633 οὶ
2304 2578 2513 2646 ζῶντες
2543 2579 2664 2649 ἅμα
2703 2579 2825 2634 σὺν
2864 2580 3070 2648 αὐτοῖς
3110 2581 3606 2651 ἁρπαγησόμεθα,

2018 2674 2116 2738 τάς
2129 2672 2305 2743 ψυχάς
2323 2672 2514 2741 λέγων.
2533 2672 2723 2744 Ἡμεῖς
2743 2672 2852 2745 γάρ
2875 2674 3079 2747 κυρίως
3099 2675 3147 2727 οί
3179 2673 3403 2739 ζῶντες,
3428 2673 3611 2743 ὲσμὲν

2018 2765 2075 2818 αἱ
2114 2762 2306 2833 ψυχαὶ,
2337 2762 2539 2826 αἵτινες
2582 2760 2723 2832 μετά
2767 2761 2874 2817 τῶν
2908 2765 3196 2834 σωμάτων,
3248 2761 3613 2833 ἀπειληφυίαι

2017 2854 2213 2920 ταῦτα,
2260 2856 2318 2908 ὲν
2364 2852 2616 2922 νεφέλαις
2667 2853 3118 2926 ἀπαντησόμεθα,
3162 2853 3262 2917 τὰς
3311 2851 3607 2924 λαμπάδας

2019 2947 2282 3019 φέρουσαι
2316 2944 2733 3016 κεκοσμημένας
2772 2944 2872 2999 οὐκ
2905 2944 3169 3018 ἀλλοτρίῳ
3210 2944 3303 2998 καὶ
3349 2940 3613 3014 κοσμικῷ

1984 3054 2144 3101 -τινι,
2182 3034 2322 3090 ἀλλὰ
2364 3033 2427 3086 τὸ
2468 3034 2782 3106 φρονήσεως
2832 3034 2931 3089 καὶ
2975 3033 3351 3108 σωφροσύνης,
3384 3032 3608 3104 ἄστρων

323 3130 481 3206 δίκην
526 3133 979 3199 ἀποστιλϐόντων,
1012 3134 1172 3200 σέλας
1217 3136 1390 3208 αὐγῆς
1426 3136 1663 3207 αἰθερίου
1698 3135 2143 3209 πεπληρωμένον.

1482 3302 1615 3359 CAP.
1646 3302 1713 3359 γ.
1746 3297 2086 3373 Virginitotis
2114 3294 2415 3367 premium.

397 3430 524 3489 Haec
558 3443 918 3507 nostrorum,
946 3454 980 3496 ο
1026 3441 1269 3512 pulchrae
1289 3444 1551 3515 virgines,
1597 3443 1748 3515 orgia
1782 3458 1903 3515 my-

2078 3433 2267 3491 Ταῦτα
2304 3434 2413 3490 τῶν
2446 3432 2756 3505 ἡμετέρων,
2788 3424 2833 3485 ὦ
2856 3429 3298 3503 καλλιπάρθενοι,
3334 3429 3403 3484 τὰ
3440 3430 3610 3504 ὖργια

325 3520 654 3579 steriorum:
687 3524 772 3581 hae
793 3542 983 3583 earum
1017 3545 1146 3600 qua:
1168 3531 1500 3603 virginitatis
1526 3533 1639 3589 ritu
1675 3533 1903 3588 initian-

324 3618 438 3676 tur,
473 3614 803 3673 caerimoniae
825 3633 1145 3678 sacrorum:
1182 3623 1286 3680 ista
1316 3626 1541 3695 praemia
1566 3626 1614 3658 ³ο
1643 3626 1909 3681 immacu—
1954 3640 1958 3646 '

323 3703 559 3760 latorum
573 3710 843 3767 castitatis
858 3714 1240 3771 certaminum.
1260 3713 1440 3773 Verbo
1455 3717 1748 3788 desponsa,
1761 3724 1913 3772 aeter-
1949 3732 1961 3741 '

322 3811 450 3851 nam
486 3796 915 3872 iucorruptionis
968 3805 1151 3861 dotem
1178 3848 1194 3875 ,
1231 3822 1491 3864 coronam
1526 3824 1592 3864 ac
1622 3809 1842 3867 divitias
1877 3823 1913 3865 a

321 3883 489 3942 Patre
520 3891 765 3960 accipio;
801 3903 855 3949 et
881 3895 938 3949 in
981 3897 1181 3953 saacula
1238 3899 1540 3971 triumpho,
1603 3898 1909 3970 splendidis

322 3986 379 4034 et
405 3979 953 4044 immareescibilibus
1010 3990 1293 4061 sapientiae
1326 3992 1555 4049 ﬂoribus
1610 4000 1905 4048 coronata:

325 4084 453 4125 cum
482 4071 702 4132 Christo
732 4079 955 4148 praemia
971 4078 1237 4152 largiente
1261 4083 1318 4138 in
1348 4083 1492 4139 coelo
1519 4083 1723 4140 choros
1741 4081 1906 4146 duco,

323 4157 472 4214 circa
503 4163 773 4235 principio
793 4175 1070 4224 carentem
1086 4177 1141 4226 et
1164 4172 1232 4227 ab
1260 4173 1411 4228 omni
1434 4178 1732 4229 immunem
1765 4172 1909 4227 inte-

323 4253 435 4308 ritu
472 4251 698 4327 Regem.
731 4258 1023 4333 Nunquam
1052 4264 1420 4322 occidentium
1469 4275 1634 4321 nacta
1678 4279 1799 4322 sum
1828 4264 1910 4319 fa-

2014 3530 2358 3603 μυστηρίων·
2406 3517 2566 3580 αὗται
2610 3522 2719 3578 τῶν
2749 3524 2806 3576 ὲν
2834 3521 3100 3595 παρθενίᾳ
3136 3521 3609 3592 μυσταγωγηθένο

2010 3641 2120 3679 των
2152 3624 2210 3676 αἱ
2240 3618 2486 3674 τελεταί⁶
2526 3616 2699 3672 ταῦτα
2745 3614 2814 3669 τὰ
2866 3615 3121 3687 ἐπίχειρα
3157 3615 3273 3670 τῶν·
3313 3614 3607 3684 ἀμιάντων

2018 3715 2193 3768 ἄθλων
2223 3714 2325 3784 τῆς
2358 3708 2728 3782 σωφροσύνης.
2766 3706 3132 3778 Νυμφεύομαι
3170 3723 3250 3775 τῳ
3291 3706 3470 3775 Λόγῳ,
3504 3705 3606 3787 καὶ

2016 3806 2106 3862 τὸν
2146 3804 2313 3859 ἀΐδιον
2341 3801 2440 3875 τῆς
2470 3798 2779 3872 ἀφθαρσίας
2807 3801 3008 3870 προῖκα
3042 3797 3303 3868 λαμϐάνω
3332 3797 3609 3867 στέφανον

2016 3899 2111 3954 καὶ
2144 3895 2373 3951 πλοῦτον
2410 3892 2561 3965 παρὰ
2588 3891 2682 3945 τοῦ
2719 3890 2966 3962 Πατρός·
3015 3891 3110 3943 καὶ
3163 3890 3221 3941 ἐν
3268 3891 3382 3948 τοῖς
3436 3886 3601 3942 αἰῶσι

2015 3985 2499 4059 στεφανηφοροῦσα
2530 3982 2798 4055 πομπεύω
2825 3981 2899 4035 τὰ
2920 3979 3148 4052 λαμπρά
3177 3979 3274 4033 καὶ
3306 3980 3606 4050 ἀμάραντος

2011 4082 2109 4153 τῆς
2140 4079 2332 4149 σοφίας
2362 4074 2525 4147 άνθη·
2559 4072 2871 4144 συγχορεύω
2895 4071 3212 4145 βραϐεύοντι
3254 4069 3333 4141 τῷ
3377 4069 3611 4141 Χριστῷ

2012 4173 2133 4225 κατ’
2166 4168 2415 4241 οὐρανὸν,
2448 4166 2592 4237 ἀμφὶ
2612 4165 2702 4219 τὸν
2730 4164 2962 4236 ἄναρχον
2992 4163 3086 4217 καὶ
3105 4160 3407 4233 ἀνώλεθρον
3431 4161 3601 4214 Βασι-

2011 4262 2128 4317 λέα.
2147 4261 2378 4316 Ἀδύτων
2412 4257 2610 4329 γέγονα
2647 4254 3074 4328 λαμπαδηφόρος
3105 4253 3299 4324 φώτων
3333 4254 3469 4324 (89),
3504 4254 3611 4307 καὶ

430 4430 478 4465 ³⁸
516 4430 690 4488 Exod.
723 4452 800 4503 ιι,
828 4437 882 4492 4.
959 4438 1004 4471 ⁸⁷
1044 4437 1241 4496 Matth.
1271 4457 1399 4508 xxv,
1426 4440 1480 4497 6.
1558 4441 1606 4474 ³⁸
1646 4439 1677 4496 Ῑ
1713 4441 1894 4496 Thess.

2034 4440 2122 4495 ιδ.
2198 4440 2243 4472 π
2281 4437 2410 4492 ibid.
2442 4453 2518 4501 ιν,
2554 4436 2660 4502 ιδ,
2703 4435 2788 4490 ιδ.
2870 4435 2921 4467 ιο
2956 4394 3307 4503 Sap.1v,-2.

396 4615 509 4694 (88)
544 4619 821 4694 γους-ἐστι
843 4620 915 4675 τὰ
933 4621 1316 4694 σκηνώματα.
1342 4622 1487 4679 Dura
1510 4623 1627 4680 haec
1652 4623 1866 4679 Method
1875 4623 1911 4677 ii

322 4689 621 4762 expositio.
657 4689 857 4745 Verum
906 4689 1152 4762 quidem'
1183 4695 1503 4750 suscitauda
1553 4696 1910 4749 tabernacula

323 4773 446 4835 «luce
470 4761 804 4823 ceciderant,
841 4762 894 4835 i_d
922 4761 1007 4817 est
1037 4779 1306 4835 corpora;
1345 4766 1441 4821 sed
1485 4765 1701 4819 illorum
1733 4764 1905 4819 susci-

2017 4621 2432 4695 nobiliorpars,
2463 4625 2525 4695 et_
2555 4618 2675 4688 ejus
2702 4624 2814 4672 tota
2843 4616 3003 4695 quasi
3042 4614 3377 4695 hypostasis,
3411 4616 3539 4695 ipsa
3567 4630 3609 4669 a

2018 4709 2079 4747 se
2125 4685 2456 4753 subsistens,
2510 4685 2722 4757 hocque
2761 4685 2922 4742 nacta
2949 4687 3001 4740 vi
3024 4685 3154 4757 sua:
3192 4685 3610 4757 productionis,

2018 4763 2129 4817 Deo
2153 4762 2272 4830 ejus
2303 4768 2545 4822 auctore,
2575 4755 2680 4830 nec,
2705 4759 2929 4830 materia
2974 4755 3040 4830 ad
3081 4755 3203 4824 ejus
3234 4755 3609 4811 substantiam

324 4828 529 4902 latione
566 4839 817 4901 resurget
857 4833 1041 4897 homo,
1076 4826 1216 4889 et'in
1248 4826 1539 4890 occursum
1570 4835 1790 4890 Christo
1823 4850 1910 4887 ra-
1942 4842 1987 4897 1)
2016 4826 2220 4902 aliquid
2260 4829 2597 4902 conterente)
2631 4829 2795 4902 nimis
2815 4826 3293 4902 Platonicumest,
3345 4839 3451 4902 nec
3495 4841 3603 4881 ne-

324 4897 658 4975 pietur,_nec
691 4895 872 4975 quivis
903 4895 1084 4966 homo.
1123 4905 1219 4960 sed
1249 4921 1390 4975 quos
1423 4907 1636 4975 signate
1664 4906 1913 4960 viventes
1945 4895 1967 4897 ﬁ
2013 4895 2313 4975 cessarium
2349 4901 2417 4956 ad
2449 4895 2600 4954 Pauli
2629 4897 3037 4975 intelligentiam
3068 4910 3135 4952 eo
3163 4895 3321 4963 loco;
3347 4896 3418 4951 ad
3435 4911 3604 4967 quem

326 4976 483 5043 vocat
522 4970 841 5043 Apostolus,
890 4989 953 5027 ac
993 4990 1226 5043 quorum
1259 4970 1317 5031 se
1349 4970 1545 5031 classis
1585 4975 1755 5039 facit;
1795 4976 1912 5030 sive

324 5035 659 5105 loquatur'in
691 5035 897 5116 ChriSti
924 5035 1162 5098 lidélium
1196 5054 1622 5116 sanctorumque
1653 5035 1908 5115 persona,

324 5122 558 5184 quorum
594 5112 835 5178 potiores
857 5123 1018 5168 erunt
1049 5123 1232 5184 partes
1255 5119 1307 5170 in
1337 5112 1771 5181 resurrectione;
1799 5117 1914 5171 sive

327 5178 383 5230 in
412 5192 602 5231 eorum
624 5196 764 5255 quos
788 5184 877 5238 illa
911 5185 1028 5239 dies
1051 5178 1230 5241 adhuc
1260 5188 1503 5243 viventes
1531 5178 1786 5246 oil‘cndet,
1816 5187 1910 5255 qui

325 5255 380 5299 et
426 5260 703 5327 memento
741 5253 1181 5327 immutahuntur
1212 5275 1227 5311 :
1261 5272 1494 5327 quorum
1550 5259 1668 5327 ipsa
1722 5253 1883 5311 resur

325 5324 499 5397 rectio
532 5324 587 5370 et
627 5334 917 5397 occursus,
962 5326 1111 5379 nulla
1148 5324 1409 5397 temporis
1439 5324 1593 5383 mora
1624 5327 1908 5381 antecedet

327 5386 545 5467 illorum
599 5393 1079 5467 resurrectionem,
1123 5386 1355 5465 quorum
1400 5399 1529 5452 olim
1579 5400 1818 5452 resoluta
1850 5397 1907 5450 in

327 5462 543 5536 cineres
573 5472 805 5527 corpora
849 5462 1104 5536 fuerant:
1135 5462 1217 5521 sic
1267 5469 1324 5521 in
1364 5477 1663 5531 momento,
1703 5469 1757 5521 in
1794 5468 1906 5521 ictu

327 5526 510 5607 oculi,
545 5526 775 5607 canente
822 5533 951 5586 tuba
1002 5548 1287 5607 resurgant
1338 5553 1566 5602 omnes,
1620 5526 1685 5592 ac
1734 5537 1905 5607 judici

328 5594 553 5650 Christo
585 5597 875 5669 sistentur;
912 5604 1024 5658 veri
1072 5594 1282 5661 scilicet
1317 5594 1588 5669 homines,
1636 5594 1754 5662 non.
1788 5609 1909 5661 ani-

335 5680 474 5736 mae;
504 5681 643 5739 quas
671 5668 944 5727 hominem
982 5673 1164 5731 dicere
1198 5685 1292 5731 aut
1317 5679 1453 5734 velle
1476 5668 1642 5747 (quad
1669 5679 1914 5735 hominis

2010 4973 2231 5029 videndi
2257 4972 2601 5041 interpretes.
2630 4968 2918 5041 contuens.

2084 5044 2196 5114 (89)
2242 5035 2555 5114 nautae...
2612 5038 2838 5107 φώτων.
2893 5036 3061 5114 Quasi
3111 5036 3417 5091 ἀσϐέστων.
3468 5035 3609 5101 Quae

2012 5110 2293 5182 nunquam
2341 5110 2598 5165 occidant
2644 5115 2739 5161 aut
2768 5110 3233 5182 exstinguantur;
3267 5121 3375 5175 qua
3423 5116 3599 5182 meta_-

2073 5176 2189 5238 tor'a
2214 5184 2347 5239 solis
2372 5191 2426 5237 et
2453 5182 2735 5236 stellarum
2763 5177 2915 5240 δύσις
2941 5177 3142 5232 dicitur
3165 5191 3422 5238 occasus;
3454 5186 3508 5229 et
3529 5176 3611 5230 τὰ

2073 5198 2189 5238 lora
2214 5187 2347 5239 solis
2372 5191 2426 5237 et
2453 5187 2735 5236 stellarum
2763 5187 2915 5240 δύσις
2941 5187 3142 5232 dicitur
3165 5191 3422 5238 occasus;
3454 5187 3508 5229 et
3529 5187 3607 5230 τα

2016 5187 2207 5309 ἅτικά
2236 5253 2399 5324 μέρη,
2427 5248 2770 5324 occidentales
2798 5248 2986 5324 plagw.
3019 5246 3326 5324 Lampadas
3348 5261 3480 5324 ergo
3507 5262 3607 5302 ca-

2016 5318 2249 5387 stitatis;
2276 5318 2507 5393 quarum
2532 5320 2695 5389 jubar
2724 5320 3007 5393 stellarum
3042 5318 3222 5373 simile
3269 5319 3431 5393 paulo
3472 5326 3607 5371 ante

2013 5396 2249 5456 dicebat,
2278 5388 2555 5463 lampades
2572 5396 2704 5463 sunt
2724 5388 2988 5463 luminum
3017 5402 3139 5463 quae
3164 5388 3413 5463 nesciant
3439 5400 3608 5463 ocea-

2015 5480 2156 5520 sum.
2194 5456 2406 5518 Rudius'
2430 5462 2714 5517 Possinius
2751 5456 2895 5511 κατά
2926 5457 3238 5527 πρόχειρον,
3260 5457 3608 5527 inaccessibi—

2016 5537 2144 5589 lium
2169 5537 2461 5597 luminum;
2488 5547 2609 5601 qua:
2630 5537 2714 5585 est
2738 5529 2904 5581 altera
2928 5529 3048 5597 ejus
3069 5526 3221 5601 vncis
3248 5526 3605 5601 signiﬁcatio,

2015 5606 2285 5675 llesychio
2305 5614 2359 5659 et
2383 5597 2687 5675 Suid’atuna
2712 5605 2911 5675 notata_
2931 5597 3111 5675 :_quod
3146 5613 3206 5675 re
3236 5597 3318 5653 sic
3351 5597 3611 5675 proclivi,

2015 5667 2196 5733 virum
2230 5675 2452 5731 doctum
2487 5672 2674 5728 fallere
2719 5683 2831 5724 non
2880 5667 3087 5724 debuit.
3145 5668 3392 5723 Alterum
3441 5670 3615 5738 quasi
