3866 6160
215 325 311 380 121

1327 319 1709 377 CONVIV'IUM
1746 322 1974 378 DECEM
2013 323 2370 381 VIBGINUM.
2403 317 2408 320 ’

3369 327 3470 382 123

210 438 442 509 ἑφυμνῶ
486 437 549 490 τὸ
598 436 782 490 καινὸν
823 435 959 507 μετὰ
986 437 1088 507 τῆς
1127 436 1451 508 ὁμηγύρεως
1489 433 1642 508 ᾆσμα
1684 440 1787 492 τῶν

1897 455 2011 495 cem
2037 443 2176 498 ferre
2200 443 2467 497 luminum
2494 461 2508 510 ;
2535 457 2846 514 novumque
2871 459 2994 499 cum
3019 444 3287 499 so'da'uum
3318 456 3465 498 cuitu

211 529 594 600 ἀρχαγγέλων,
650 529 747 599 τὴν
795 528 989 600 καινὴν
1048 529 1207 599 χάριν
1255 529 1650 598 ἐξαγγέλλουσα
1698 531 1796 601 τῆς

222 620 590 690 Ἐκκλησίαςο
660 619 985 683 ξυνέπεσθαι
1030 619 1139 690 γὰρ
1185 621 1270 672 ἀεὶ
1315 621 1406 673 τὸν
1451 621 1637 691 ὅμιλον
1687 621 1796 673 τῶν

211 712 503 784 παρθένων
554 711 633 781 τῷ
664 711 856 782 Κυρίῳ
886 711 981 764 καὶ
1028 710 1472 764 συνθιασωτεύειν
1511 711 1638 766 ἔνθα
1686 712 1792 782 εἴη,

209 803 372 869 λόγος
400 806 541 874 ἠχεῖ.
574 803 742 857 Τοῦτο
793 803 888 856 καὶ
927 801 1178 873 Ἰωάννης
1228 805 1286 855 ὲν
1336 807 1403 874 τῇ
1452 802 1559 855 τῶν
1605 805 1796 855 ἑκατὸν

210 892 473 962 χιλιάδων
507 894 600 945 καὶ
630 889 1037 962 τεσσαράκοντα
1067 892 1158 944 καὶ
1183 892 1462 963 τεσσάρων
1497 892 1795 946 αἰνίσσεται

213 985 321 1054 μνῆ
333 1003 431 1055 μη-

291 1077 401 1128 Ἰτε
447 1071 562 1136 οὖν,
593 1069 639 1128 ὦ
686 1075 899 1129 νεολαία
936 1073 1045 1126 τῶν
1095 1072 1295 1126 καινῶν
1329 1071 1695 1134 αἰώνων.Ἵτε,
1727 1070 1794 1124 τὰ

211 1168 416 1234 ἀγγεῖα
457 1167 783 1238 πληρώσατε
817 1166 966 1234 σφῶν
999 1164 1344 1234 δικαιοσύνης
1365 1181 1378 1193 ο
1410 1163 1528 1235 ὥρα
1552 1165 1657 1234 γὰρ
1689 1163 1796 1215 λοι-

213 1260 317 1312 πὸν
348 1257 736 1329 ἐξεγείρεσθαι,
772 1259 864 1310 καὶ
898 1256 1248 1320 ὑπαντιάζειν
1285 1255 1364 1326 τῷ
1398 1255 1792 1325 Νυμφίῳ.”1τε,

209 1351 311 1413 τὰς
345 1352 541 1417 Elin-ag
573 1349 667 1401 καὶ
715 1348 785 1401 τὰ
831 1347 1102 1418 θέλγητρα
1129 1346 1346 1414 κούφως
1373 1345 1484 1414 (90)
1521 1346 1796 1416 παραμεί-

208 1441 387 1510 quam:
413 1439 509 1493 τοῦ
546 1439 682 1508 βίου.
718 1439 786 1492 τὰ
820 1438 1190 1510 περιδινοῦντα
1213 1437 1310 1490 καὶ
1338 1436 1665 1507 γοητεύοντα
1696 1435 1794 1510 τὴν

208 1530 392 1602 ψυχήν
416 1547 429 1560 ·
457 1528 714 1594 τεύξεσθε
739 1529 847 1600 γὰρ
878 1527 986 1582 τῶν
1019 1527 1474 1598 ὲπαγγελμάτων.

282 1727 394 1780 Ναὶ
417 1728 504 1795 μὰ
533 1726 640 1781 τὸν
664 1726 947 1796 ἁμετέρας
971 1724 1117 1791 ζωᾶς
1139 1723 1421 1788 δείξαντα
1444 1722 1754 1777 κέλευθον.

209 1841 303 1892 Σοὶ
327 1841 477 1893 τόνδε
511 1841 868 1912 προφητείαις
891 1841 1119 1894 πλεκτὸν
1155 1839 1417 1908 στέφανον
1441 1839 1504 1890 ὲκ
1525 1836 1630 1890 τῶν
1655 1853 1792 1908 προ-

211 1928 460 1998 φητικῶν
488 1929 790 2000 λειμώνων,
809 1923 853 1982 ὧ
897 1928 1109 2000 Ἀρετὴ,
1133 1927 1290 1997 κάγὼ
1321 1926 1595 1998 κομίσασα
1625 1943 1795 1997 προσ-

212 2036 390 2090 φερω.

283 2109 772 2181 Διαπεραναμένης
816 2105 908 2164 οῦν
962 2111 1158 2182 ἄριστα
1210 2112 1303 2165 καὶ
1351 2110 1607 2182 Ἀγάθης,
1662 2109 1789 2181 ἔφη,

208 2200 302 2252 τὸν
341 2201 519 2268 λόγον,
546 2203 640 2253 καὶ
672 2202 1107 2272 εύδοκιμησάσης
1128 2203 1212 2271 ἐφ’
1237 2197 1316 2265 οἷς
1340 2203 1630 2273 ίσηγὸρησε
1656 2202 1788 2268 (91),

209 2292 375 2344 πάλιν
413 2294 444 2362 ή
485 2293 677 2363 Ἀρετὴ
731 2293 829 2362 τὴν
874 2292 1175 2364 Προκίλλαν
1223 2291 1474 2345 ἐκέλευσε
1514 2293 1793 2360 λέγειν.Ἠ

239 2384 288 2444 ὲ,
324 2385 622 2445 ἀναστᾶσα,
654 2386 749 2437 καὶ
800 2384 1107 2458 ἔμπροσθεν
1161 2385 1508 2459 παρελθοῦσα
1546 2385 1644 2456 τῆς
1678 2385 1794 2439 κλι-

209 2475 412 2539 σιὰδος,
444 2474 589 2539 ἔλεξε
625 2475 826 2529 τοιάδε.

769 2721 1128 2811 ΛΟΓΟΣ
1166 2719 1271 2808 Ζ’.

807 2870 1187 2925 ΠΡΟΚΙΛΛΔ.

1896 532 2148 588 collaudo
2176 533 2626 604 archangclorum
2660 535 2956 596 canticum,
2985 549 3179 588 novam
3214 533 3469 588 Ecclesia:

1895 627 2124 698 gratiam
2157 626 2485 682 enuntians:
2537 627 2692 697 sequi
2725 627 2872 682 enim
2923 625 3212 682 Dominum
3253 643 3468 697 semper
3502 649 3509 657 ο

1896 716 2296 770 multitudinem
2327 717 2617 787 virginum,
2639 723 2694 772 et
2729 718 3041 786 ubicunque
3072 717 3255 780 fuerit,
3280 717 3468 773 beatos

1897 823 2026 862 suos
2049 809 2116 862 ab
2146 808 2254 862 illis
2285 807 2616 878 frequentari
2639 817 2836 874 CtBlllS,
2871 807 3152 880 Scriptura
3198 809 3464 878 loquitur.

1895 899 2010 954 Iloc
2041 907 2093 955 et
2117 899 2354 956 Joannes
2389 901 2566 955 innuit
2600 901 2666 964 “,
2712 902 2805 956 ubi
2854 909 3073 956 centum
3106 900 3467 972 quadraginta

1895 1003 2130 1063 quatuor
2159 993 2385 1046 millium
2414 992 2679 1048 meminit.

1966 1086 2045 1139 ltc
2078 1086 2266 1155 igitur,
2293 1100 2326 1139 ο
2359 1101 2622 1138 novorum
2654 1085 2979 1140 saeculorum
3003 1099 3140 1138 nova
3171 1099 3234 1138 ac
3268 1083 3467 1138 ﬂorens

1895 1179 2164 1250 virginum
2189 1178 2380 1247 pubes.
2435 1175 2530 1238 Ite,
2562 1192 2690 1232 vasa
2723 1185 2906 1232 vestra
2957 1176 3174 1244 implete
3210 1174 3420 1243 justitia
3449 1193 3461 1227 :

1889 1269 2000 1338 jam
2031 1269 2175 1322 enim
2197 1268 2328 1320 hora
2355 1273 2438 1320 est
2460 1265 2808 1336 exsurgendi,
2832 1271 2885 1319 et
2917 1264 2970 1318 in
3017 1263 3217 1332 Sponsx
3267 1277 3468 1315 occur-

1895 1375 2014 1414 sum
2048 1361 2232 1415 eundi.
2271 1361 2366 1426 Ite,
2403 1360 2522 1414 vitae
2554 1357 2848 1413 blanditias
2886 1363 2940 1410 et
2985 1355 3269 1409 illecebras
3297 1368 3464 1421 expe-

1893 1451 2006 1505 dito
2047 1452 2182 1506 calle
2220 1460 2622 1522 prmtcrgressa:
2651 1489 2665 1514 ,
2727 1462 2847 1518 quae
2899 1447 3366 1514 circumtorquent
3412 1451 3468 1497 et

1893 1545 2052 1616 quasi
2101 1544 2381 1598 maleﬁciis
2415 1543 2795 1598 contaminant
2847 1543 3123 1608 animam;
3168 1555 3468 1610 conseque-

1893 1635 2024 1688 mini
2050 1635 2194 1689 enim
2223 1650 2344 1704 quae
2376 1633 2530 1689 vobis
2552 1635 2822 1704 promissa
2854 1640 3003 1688 sunt.

1952 1746 2079 1800 Haec
2099 1763 2187 1814 per
2211 1763 2327 1800 eum
2354 1748 2441 1816 qui
2461 1756 2715 1800 monstrat
2747 1747 2846 1801 iter
2870 1746 3017 1804 mihi.
3039 1745 3189 1814 jura,
3211 1744 3422 1799 salutis.

1893 1838 2044 1894 Hanc
2077 1840 2171 1893 tibi
2205 1839 2501 1910 prophetiis
2541 1847 2741 1893 textam
2796 1853 3057 1892 coronam
3081 1879 3096 1902 ,
3129 1853 3194 1892 ex
3227 1837 3464 1906 prophe-

1894 1932 2020 1987 ticis
2068 1933 2354 1986 collectam
2410 1932 2611 2002 pratis,
2643 1947 2677 1986 ο
2707 1930 2888 1996 Arete,
2925 1937 2978 1985 et
3005 1943 3106 1999 ego
3136 1942 3168 1982 a
3200 1943 3286 1983 me
3327 1943 3462 1982 con-

1890 2024 2167 2080 cinnatam
2197 2022 2389 2078 offero.

1963 2115 2064 2170 Ubi
2095 2118 2174 2171 sic
2205 2115 2410 2186 Optime
2438 2113 2648 2185 Agatha
2696 2121 3007 2184 perorasset
3035 2153 3052 2176 ,
3110 2121 3166 2167 et
3209 2125 3466 2180 magnam

1887 2209 2128 2264 universi
2179 2223 2473 2263 consessus
2520 2207 2732 2261 laudem
2771 2207 3005 2262 tulisset.
3056 2205 3216 2260 Arete
3269 2204 3472 2257 Procil-

1887 2300 1994 2352 lam
2022 2300 2189 2368 jussit
2212 2300 2411 2353 dicere.
2443 2296 2537 2350 llla
2567 2313 2696 2352 vero
2728 2312 2989 2366 surgens,
3027 2306 3079 2350 et
3110 2302 3235 2349 ante
3263 2294 3464 2349 ostium

1888 2389 2226 2446 tabernaculi
2262 2401 2570 2459 progressa,
2607 2387 2662 2441 in
2694 2386 2839 2441 hunc
2869 2385 3089 2441 modum
3113 2385 3293 2438 locuta
3322 2390 3428 2438 est.

2287 2711 2745 2808 ORATIO
2839 2713 3061 2806 VII.

2489 2861 2826 2918 PROClLLA
2839 2902 2852 2914 .

207 2983 336 3040 CAP.
367 2982 408 3039 1.
441 2985 679 3053 Quinam
711 3003 859 3058 verus
886 3004 948 3040 ac
975 2991 1148 3058 gravis
1190 2989 1448 3042 laudandi
1484 2989 1692 3045 modus.
1729 2989 1894 3045 Pater
1933 2989 2108 3058 major
2139 2985 2280 3041 Filio
2323 2984 2665 3058 auctoritate
2689 2982 2954 3050 principii,
2979 2997 3082 3036 non
3130 2977 3459 3034 substantiis.

750 3052 1058 3128 Virginitas,
1088 3059 1285 3115 lilium.
1317 3059 1526 3115 Fideles
1555 3063 1748 3115 anima:
1779 3079 1841 3116 ac
1865 3052 2109 3132 virgines,
2143 3075 2250 3111 una
2276 3057 2432 3110 unius
2467 3052 2665 3109 Christi
2691 3070 2904 3122 sponsa.

289 3164 874 3236 ’Amppaﬁupeiv,_xa‘t
910 3168 1046 3240 μετὰ
1076 3169 1358 3234 τοσούτους
1388 3171 1449 3222 οὐ
1484 3170 1641 3241 θέμις
1689 3188 1776 3240 μοι

1949 3166 2214 3223 Cunctari
2248 3181 2335 3220 me
2363 3172 2416 3219 et
2446 3163 2515 3219 ad
2547 3162 2839 3218 dicendum
2889 3161 3098 3230 pigram
3151 3173 3303 3221 esse,
3336 3164 3465 3228 post

206 3253 418 3322 Μγους,
455 3251 502 3309 ὦ
543 3258 757 3329 Ἀρετὴ,
791 3261 1217 3332 ἁναμφισϐήτως
1262 3263 1684 3314 πεπιπευκυίαν
1715 3264 1782 3332 τῇ

207 3346 578 3419 minitatme
626 3349 789 3420 σοφίᾳ
817 3349 908 3402 τοῦ
941 3351 1096 3415 Θεοῦ,
1129 3352 1399 3415 πλουσίως
1422 3351 1621 3424 ἐχούσῃ
1647 3351 1785 3405 διδό-

206 3453 290 3489 ναι
324 3439 420 3491 καὶ
446 3439 740 3510 διαφόρως,
773 3441 878 3511 ὅτῳ
914 3441 1178 3510 βούλεται.
1216 3446 1232 3463 ·
1267 3443 1376 3497 Καὶ
1404 3442 1510 3514 γὰρ
1541 3443 1788 3512 πελάγιοι

207 3530 494 3602 πλωτῆρὲς
525 3549 677 3601 φασι,
705 3532 964 3604 φέρεσθαι
998 3535 1097 3605 μὲν
1122 3538 1234 3599 τοῖς
1265 3536 1696 3608 ναυτιλλομένοις
1725 3537 1788 3590 τὸ

205 3621 335 3672 αὐτὸ
369 3621 593 3692 πνεῦμα
615 3640 629 3652 ·
668 3623 858 3688 ἄλλους
899 3625 955 3677 δὲ
983 3625 1052 3678 τὰ
1086 3626 1213 3695 περὶ
1243 3626 1334 3678 τὸν
1365 3626 1532 3680 πλοῦν
1564 3627 1788 3690 ἀλλοίως

208 3711 386 3764 αὐτῶν
417 3713 983 3786 μεταχειριζομένους,
1019 3716 1120 3769 οῦκ
1161 3718 1241 3779 είς
1283 3717 1381 3786 τὴν
1413 3718 1580 3789 αὐτὴν
1613 3720 1789 3790 εἰσορ-

209 3803 475 3871 μίσασθαι
506 3805 773 3860 σπεύδειν.
798 3801 892 3870 Οἷς
923 3807 1021 3877 μὲν
1037 3807 1145 3878 γὰρ
1167 3807 1226 3860 τὸ
1251 3808 1465 3878 πνεῦμα
1485 3809 1626 3861 κατὰ
1648 3809 1787 3880 πρύ-

209 3909 344 3960 μναν
397 3892 584 3963 οὔριον
623 3894 866 3948 ἵσταται·
899 3898 1023 3960 τοὺς
1058 3897 1114 3950 δὲ
1145 3898 1238 3950 καὶ
1269 3898 1327 3963 ἐξ
1357 3898 1663 3968 ἐγκαρσίων
1691 3898 1788 3966 φέ-

209 4001 310 4054 ρει,
336 3986 429 4038 καὶ
452 3988 603 4056 ὅμως
629 3989 945 4059 ἑκατέροιςὸ
966 3989 1127 4053 πλοῦς
1151 3989 1369 4042 ἀνύεται
1395 3992 1609 4062 ῥᾷστα)
1627 3989 1789 4060 Ἀτὰρ

208 4074 269 4144 δὴ
317 4078 414 4128 καὶ
462 4077 523 4128 τὸ
571 4078 669 4147 τῆς
701 4080 889 4148 σοφίας
920 4081 1102 4152 νοερὸν
1133 4079 1358 4150 Πνεῦμα
1391 4081 1485 4134 καὶ
1513 4080 1665 4148 ἆγιον
1695 4080 1790 4132 καὶ

214 4168 498 4235 μονογενὲς
529 4168 638 4239 (92)
672 4171 778 4222 ἀπὸ
806 4170 911 4224 τῶν
943 4172 1211 4244 πατρῴων
1239 4172 1444 4226 ἄνωθεν
1474 4172 1664 4244 πράως
1695 4188 1795 4225 κα-

280 4326 324 4358 ³¹
364 4328 534 4398 Αροε.
565 4346 662 4397 vn,
696 4330 751 4385 4.

1892 3269 1973 3315 tot
2001 3260 2162 3314 etiam
2201 3265 2492 3326 tantosque
2526 3269 2831 3318 sermones,
2861 3251 3037 3312 nefas,
3073 3266 3107 3305 ο
3132 3249 3316 3311 Areto,
3357 3253 3466 3316 sit;

1892 3368 2014 3424 qua:
2046 3351 2298 3406 videlicet
2331 3346 2655 3402 multiformi
2698 3343 2792 3399 Dei
2825 3343 3090 3413 sapientia
3153 3341 3471 3395 indubitan-

1895 3452 1977 3497 ter
1999 3441 2118 3503 ﬁsa,
2150 3439 2272 3509 ejus
2312 3437 2554 3492 noverim
2588 3442 2775 3496 nutus,
2803 3441 2862 3486 ut
2893 3432 3173 3486 aﬂluenter
3207 3431 3468 3499 varieque

1894 3535 2054 3590 donis
2079 3531 2332 3586 muniﬁca
2362 3528 2588 3590 tribuat,
2616 3526 2702 3581 cui
2739 3525 2980 3579 libuerit.
3008 3523 3175 3578 Aiunt
3201 3522 3344 3577 enim
3387 3521 3467 3575 rei

1895 3620 2129 3679 nautica:
2179 3618 2570 3691 experientiam
2627 3616 2912 3678 habentes,
2951 3613 3197 3683 aspirare
3250 3611 3468 3682 quidem

1892 3713 2276 3783 navigantibus
2323 3725 2490 3764 unum
2540 3707 2903 3777 eumdemque
2949 3714 3210 3761 ventum:
3274 3705 3470 3758 horum

1891 3815 2074 3860 tamen
2101 3805 2237 3859 alios
2264 3803 2422 3857 aliter
2446 3801 2845 3871 navigationem
2872 3813 3027 3855 suam
3054 3797 3469 3868 regentes,alios

1891 3897 1957 3950 ad
1987 3904 2176 3966 portus
2202 3908 2439 3963 orasque
2473 3893 2578 3946 iter
2615 3890 2969 3945 contendere.
3017 3889 3226 3959 Nempe
3284 3889 3405 3942 aliis
3438 3902 3471 3940 a

1891 3988 2059 4059 puppi
2097 3987 2276 4041 ferens
2295 3986 2348 4038 in
2362 3984 2630 4039 directum
2650 3983 2792 4036 alllat
2817 3998 2986 4048 aura;
3015 3983 3136 4036 aliis
3154 3995 3280 4035 vero
3303 3981 3469 4034 etiam

1891 4080 2171 4148 obliquata
2221 4077 2464 4146 implevit
2495 4075 2616 4129 vela
2641 4113 2656 4138 ,
2695 4089 2759 4128 ac
2798 4083 2980 4128 tamen
3012 4073 3289 4142 utrisque,
3348 4070 3472 4138 ejus

1899 4185 2147 4235 munere,
2181 4167 2339 4224 facile
2361 4167 2635 4238 navigatio
2669 4165 2933 4221 succedit.
2957 4164 3077 4231 Quo
3097 4165 3346 4235 exemplo
3363 4176 3466 4216 no-

210 4468 381 4522 active
411 4468 619 4523 dicitur
650 4469 716 4524 de
765 4469 849 4540 his
896 4483 1017 4537 quze
1069 4466 1161 4540 ita
1190 4467 1346 4536 quasi
1393 4467 1677 4522 subeundo
1705 4467 1789 4540 vel
1821 4473 1867 4533 υ
1893 4467 1988 4521 tha
2017 4466 2212 4540 offerre
2234 4484 2292 4524 se
2312 4468 2402 4536 hic
2420 4469 2736 4540 prophetica
2763 4468 2915 4534 dicit,
2941 4482 3038 4523 sua
3066 4467 3332 4540 oratione,
3357 4483 3469 4524 non

211 4549 406 4592 terram
444 4541 528 4593 vel
569 4541 697 4609 quid
748 4539 1034 4608 ejusmodi,
1083 4537 1228 4609 velut
1261 4553 1585 4591 evanescere
1615 4545 1669 4591 ct
1703 4539 1786 4590 in-

209 4612 388 4672 terire,
420 4609 507 4661 vel
538 4607 686 4663 certe
709 4607 880 4663 oculis
909 4607 1144 4664 subduci
1179 4622 1285 4661 non
1305 4616 1561 4675 possunt;
1596 4609 1678 4660 vel
1704 4609 1788 4661 lu-

209 4681 372 4740 mina,
408 4679 496 4733 vel
530 4679 827 4743 siilera,vel
860 4679 1154 4748 homines:
1188 4677 1416 4731 alterum
1455 4677 1688 4748 passive,
1721 4677 1788 4730 de

208 4748 289 4802 luis
318 4767 442 4818 qua:
477 4749 696 4817 pervadi
733 4757 825 4801 aut
854 4747 1124 4816 penetrari
1171 4763 1281 4801 non
1331 4747 1582 4816 possunt,
1617 4755 1670 4801 et
1713 4749 1788 4800 ita

207 4817 486 4874 inaccessa
535 4828 682 4880 sunt,
739 4826 797 4871 ut
839 4818 1135 4886 penetralia
1180 4832 1244 4871 ac
1290 4819 1473 4888 templi
1520 4817 1788 4873 sacratior

206 4891 375 4946 locus.
409 4890 701 4943 Constans.

272 4962 384 5026 (90)
415 4961 686 5026 Κούεεως.
716 4956 900 5011 Editor
921 4958 1148 5026 Lupar.,
1178 4957 1326 5010 nulla
1365 4958 1612 5012 codicum
1655 4958 1778 5020 ﬁde,

204 5028 458 5096 Κούφως,
505 5037 600 5091 alt,
650 5027 787 5096 quod
815 5029 1126 5097 legebatur,
1180 5028 1386 5081 videtur
1425 5045 1520 5096 per
1552 5044 1784 5081 errorem

205 5100 400 5164 factum
452 5113 518 5150 ea:
552 5095 768 5166 κωφῶς.
807 5095 1003 5167 Sicque
1045 5098 1267 5151 intrusit
1298 5099 1349 5150 in
1392 5105 1619 5161 textum,
1643 5099 1781 5167 red-

205 5170 407 5238 alitque,
439 5169 604 5220 surda
635 5185 782 5229 aure,
819 5166 975 5237 quasi
1008 5169 1262 5237 respiciat
1296 5167 1599 5238 Methodius
1631 5166 1783 5238 Sire-

206 5236 324 5290 num
357 5240 688 5301 canlilenas,
721 5236 949 5306 quarum
983 5253 1041 5290 se
1064 5236 1306 5307 periculo
1339 5236 1580 5308 Ulysses.
1612 5237 1779 5292 surda

206 5311 477 5362 transiens
522 5324 676 5367 aure,
728 5308 1080 5362 liberaverit:
1115 5324 1223 5360 non
1276 5308 1398 5360 vita:
1450 5309 1779 5376 voluptates,

205 5394 332 5444 quas
362 5380 511 5432 velut
549 5379 792 5446 laqueos,
831 5387 925 5431 aut
958 5378 1162 5443 gluten,
1207 5392 1302 5430 seu
1346 5377 1509 5430 etiam
1543 5392 1785 5442 omnum,

205 5451 278 5499 vel
309 5451 506 5517 quavis
540 5450 645 5500 alia
681 5449 847 5500 simili
875 5447 1213 5515 metaphora,
1247 5447 1372 5516 quis
1404 5447 1621 5516 κούφως
1650 5447 1787 5500 ellu-

205 5519 324 5585 giat.
356 5519 457 5572 levi
495 5528 547 5572 et
589 5518 831 5582 expedito
859 5517 1014 5580 calle,
1047 5519 1245 5581 volatu,
1275 5533 1454 5579 cursu,
1487 5533 1552 5570 ac
1583 5519 1626 5570 si
1653 5517 1783 5586 quid

207 5588 468 5651 ejusmodi
503 5605 604 5641 vox
657 5589 746 5640 illa
780 5589 926 5641 nulla
963 5587 1013 5640 vi
1058 5596 1236 5657 potest
1280 5588 1469 5653 reddi;
1517 5604 1617 5641 nec
1667 5590 1786 5641 sine

207 5659 444 5727 gxeuiplo
475 5659 530 5711 in
560 5657 866 5727 Scriptura,
900 5657 1058 5726 cujus
1098 5659 1274 5727 magis
1303 5673 1466 5712 voces
1499 5659 1784 5712 attendunt

207 5723 390 5784 Patres
419 5737 475 5785 et
505 5723 796 5784 imitantur
833 5723 996 5799 quam
1027 5723 1308 5799 poetarum
1343 5746 1355 5783 :
1388 5727 1531 5784 unde
1557 5737 1611 5785 et
1639 5728 1784 5799 Aga-

1892 4539 2124 4606 poetiea.
2157 4538 2496 4593 Continenda
2521 4538 2661 4608 ergo
2692 4555 2904 4601 manus,
2945 4555 3046 4592 nec
3079 4538 3158 4608 sic
3190 4538 3347 4592 facile
3369 4556 3466 4593 ve-

1892 4617 2065 4660 terum
2096 4610 2468 4664 monumentis
2501 4607 2733 4679 quodam
2766 4610 2942 4678 plagio
2982 4607 3342 4666 immittenda.
3373 4609 3465 4663 tibi

1893 4679 2099 4731 nullum
2123 4690 2477 4739 momentum,
2515 4681 2608 4734 sed
2651 4681 2788 4733 levis
2813 4682 2994 4733 minus
3022 4679 3247 4732 erudita:
3270 4681 3470 4734 mentis

1893 4747 2030 4801 ludit
2069 4750 2402 4815 conjectura.
2449 4749 2564 4802 Meo
2597 4756 2779 4804 tamen
2831 4749 3091 4818 periculo,
3140 4747 3285 4818 quod
3330 4749 3468 4803 scri-
3558 4805 3566 4812 ,

1893 4827 2066 4887 ptum,
2093 4819 2405 4890 ίσηγόρησε,
2433 4821 2590 4888 plane
2612 4816 2845 4890 barbara
2863 4835 2991 4873 voce
3017 4834 3080 4872 ac
3105 4816 3236 4871 nihil
3255 4817 3464 4882 GNBCJ,

1895 4891 2234 4951 mutandum,
2256 4889 2353 4960 ear,
2365 4891 2662 4961 μηγόρησε.
2694 4889 2894 4958 Nempe
2915 4890 3130 4942 laudata
3153 4889 3359 4958 Agatha
3383 4905 3468 4943 es:

1891 4973 1920 5010 a
1955 4967 2067 5010 toto
2097 4975 2380 5022 consessu,
2431 4975 2529 5029 pro
2567 4961 2830 5013 concione
2859 4961 2939 5013 sic
2978 4961 3212 5029 graviter
3246 4973 3456 5027 presse-
3507 4967 3514 4972 ’

1888 5044 1992 5101 que
2021 5029 2236 5101 habita;
2269 5031 2417 5101 nulla
2451 5046 2574 5082 cum
2621 5031 2995 5098 superioribus
3015 5035 3462 5101 _t-.omparatione,

1887 5099 1980 5151 sed
2020 5099 2225 5172 judicio
2275 5101 2338 5172 in
2376 5100 2534 5154 ﬁnem
2582 5115 2769 5172 usque
2798 5101 2975 5154 Aretae
3007 5099 3364 5172 βραϐευούσῃ,
3399 5115 3470 5155 ac

1884 5169 2198 5222 certaminis
2228 5171 2465 5232 arbitrae,
2494 5183 2726 5224 servato.
2753 5170 2826 5224 In.

1956 5237 2065 5312 (9!)
2105 5239 2484 5312 Ῑιίῖηγτὶοησε-
2508 5241 2964 5312 ,Ἐδῃμηγόρησεο
2997 5240 3074 5295 1»-

1956 5307 2065 5379 (92)
2096 5308 2202 5379 Καὶ
2231 5308 2574 5377 μογογενές.
2611 5307 2878 5377 διιερθρὶιι
2907 5310 3071 5364 Leoni
3101 5311 3301 5366 Allatio
3331 5327 3464 5379 vox,

1885 5377 2043 5446 quasi
2072 5377 2140 5430 ab
2163 5377 2380 5432 Arianis
2399 5379 2657 5433 Methodii
2683 5379 2807 5432 huic
2825 5381 3192 5436 lucubrationi
3217 5377 3458 5438 inscrtai

1885 5448 2017 5523 mihi
2043 5448 2110 5523 ab
2137 5450 2254 5517 ipso
2289 5449 2563 5523 Methodto
2585 5465 2650 5502 ev
2675 5449 2802 5518 Sap.
2827 5466 2923 5514 vn,
2954 5451 3043 5514 29.,
3069 5464 3327 5523 accepta;
3362 5469 3463 5508 nec

1886 5518 2143 5589 niinusjn
2170 5535 2235 5571 eo
2254 5534 2416 5589 quam
2445 5519 2497 5572 in
2525 5521 2642 5589 ipso
2668 5535 2827 5574 sacro
2853 5528 3002 5589 t_extu
3033 5538 3164 5589 sana
3189 5518 3244 5579 et
3274 5518 3461 5578 ortho-

1883 5587 2048 5663 doxa.
2081 5585 2613 5663 Verba—Salomonis
2645 5597 2772 5644 sunt
2811 5626 2821 5637 .
2850 5587 2941 5663 Est
2963 5585 3109 5663 enim
3135 5593 3186 5644 in
3214 5594 3308 5647 illa
3332 5593 3460 5663 (Sa-

1883 5659 2107 5735 pientia,
2165 5673 2287 5728 quae
2333 5667 2418 5735 est
2446 5661 2712 5735 __or_nniutn
2763 5661 3242 5735 artifexillvsﬂpa
3276 5659 3462 5735 νοερον

1882 5727 2055 5797 ἅγιον,
2093 5727 2399 5800 μονογενές,
2437 5730 2667 5801 Spiritus
2693 5727 3054 5804 intelligentia:
3075 5727 3313 5801 sanctus,
3340 5727 3466 5789 tini-
