3866 6160
232 336 341 396 ηδ

1353 339 1736 398 CONVIYIUM
1778 340 2008 398 DECEM
2046 336 2414 399 VIRGINUM.

3410 344 3514 401 126

224 475 377 530 rupi.
414 458 528 513 Καὶ
578 456 642 531 δὴ
684 458 778 513 καὶ
822 458 924 530 τῆς
969 457 1189 529 ἁγνείας
1233 459 1334 513 οὐκ
1370 462 1451 525 εἰς
1477 461 1808 535 ἀνθρωπίνηη

1926 477 1993 517 cx
2019 476 2131 532 quo
2151 460 2399 517 omnium
2413 459 2716 517 auctoritas
2739 461 2938 531 pendet
2960 477 3025 518 ac
3046 463 3235 521 robur.
3272 464 3512 521 Docebat

224 550 439 606 ἁνοίσω
472 549 628 621 κάγὼ
658 548 819 616 δόξαν
854 552 978 615 τοὺς
1012 550 1288 617 ἐπαίνους,
1317 551 1431 604 ἀλλ’
1466 554 1546 617 εἰς
1573 554 1758 619 αὐτὸν,
1783 548 1829 623 ᾧ

228 644 494 716 μέλομεν,
526 646 621 698 καὶ
640 643 699 708 ὃς
718 644 778 697 τὸ
802 645 910 701 πᾶν
940 643 1210 715 ἀνῄρηται
1233 644 1477 716 γεωργὸν
1502 646 1671 717 αὐτῆς
1692 647 1829 701 ἀπο-

222 736 549 791 δεικνύουσα
582 735 792 803 τοῦτον,
827 736 921 791 καὶ
955 736 1191 809 ἐραστὴν
1234 737 1336 808 τῆς
1366 735 1518 810 ὥρας
1549 739 1702 805 ὄντα,
1732 740 1827 794 καὶ

223 827 528 900 ἀξιόχρεων
566 829 840 902 μάρτυρα.
873 829 985 883 Καὶ
1008 827 1169 883 τοῦτο
1198 831 1293 885 καὶ
1321 833 1380 884 ὲν
1412 831 1491 903 τῷ
1515 831 1622 886 τῶν
1647 831 1827 903 ᾀσμά-

221 939 337 975 των
367 921 613 993 ’ᾼσματι
651 922 885 994 πάρεστι
921 920 1215 993 διαθρῆσαι
1263 922 1343 993 τῷ
1376 922 1685 995 βουλομένῳ
1720 942 1824 994 φα-

222 1013 421 1084 νερῶς,
450 1013 581 1066 ἔνθα
604 1014 765 1078 αὐτὸς
790 1015 819 1067 ὁ
847 1013 1082 1086 Χριστὸς
1103 1013 1202 1078 τὰς
1233 1015 1291 1068 ὲν
1315 1014 1585 1088 παρθενίᾳ
1609 1016 1823 1086 παγίως

221 1121 575 1178 καταγεγενη
584 1104 749 1176 μένας
777 1105 1161 1176 ἐγκωμιάζων,
1193 1107 1359 1176 φησί·
1378 1108 1471 1174 Ὡς
1501 1109 1712 1178 κρίνον
1751 1110 1823 1163 ἐν

217 1199 392 1269 μέσῳ
426 1199 730 1266 ἀκανθῶν,
770 1200 959 1267 οὕτως
1002 1201 1042 1270 ἡ
1096 1202 1368 1270 πλησίον
1399 1220 1520 1272 μου
1548 1203 1620 1257 ἐν
1648 1202 1820 1272 μέσῳ

218 1290 343 1344 τῶν
369 1290 712 1361 θυγατέρων
729 1309 744 1323 ·
786 1292 959 1364 κρίνῳ
986 1293 1341 1366 παρεικάζων
1374 1294 1462 1349 διὰ
1491 1293 1552 1348 τὸ
1580 1296 1819 1368 καθαρὸν

218 1384 315 1437 καὶ
365 1382 602 1438 εὔπνουν
654 1386 747 1439 καὶ
794 1387 894 1457 ἡδὺ
941 1389 1035 1440 καὶ
1082 1387 1264 1459 ἱλαρὸν
1313 1387 1376 1440 τὸ
1421 1387 1668 1459 χάρισμα
1718 1388 1819 1459 τῆς

218 1477 472 1544 ἁγνείας.
490 1477 737 1549 Ἐαρινὺν
769 1477 878 1550 γὰρ
911 1479 945 1549 ἡ
974 1479 1187 1547 ἁγνεία,
1217 1478 1312 1532 καὶ
1335 1477 1605 1533 ἐπανθοῦν
1631 1478 1817 1551 ἁϐρῶς

216 1568 305 1622 ἀεὶ
336 1568 555 1633 λευκοῖς
585 1572 699 1633 τοῖς
728 1569 923 1636 κάλυξι
960 1568 1059 1640 τὴν
1099 1568 1598 1641 ἅφθαρσίαν.”Οθεν
1624 1570 1689 1642 δὴ
1721 1571 1817 1625 καὶ

216 1659 455 1729 ἐρᾶσθαι
488 1658 584 1713 τοῦ
614 1660 849 1725 κάλλους
870 1662 970 1733 τῆς
994 1661 1183 1733 ἀκμῆς
1211 1662 1382 1733 αὐτῆς
1407 1662 1689 1734 ὁμολογεῖν
1713 1664 1815 1717 οὐκ

216 1749 640 1822 ἐπαισχύνεται·
700 1750 1098 1820 Ἐκαρδίωσας
1148 1749 1327 1823 ἡμᾶς,
1381 1753 1439 1806 ἐν
1493 1756 1608 1817 τοῖς
1661 1753 1810 1825 ὲξῆςο

1928 554 2074 610 enim
2104 562 2184 619 ut,
2211 553 2336 609 aliis
2371 552 2628 609 omnibus
2655 552 2958 610 secundum
2980 554 3197 612 Patrem
3227 558 3423 628 major,
3442 574 3510 614 eo

1926 654 2069 703 teste
2098 653 2343 703 uteretur
2370 644 2465 716 qui
2497 643 2652 703 solus
2676 647 2796 718 ipso
2824 646 3001 714 major
3026 656 3174 705 esset
3203 649 3269 704 ⁸³.
3321 650 3384 705 Et
3406 667 3507 724 ego

1926 752 2118 793 eorum
2141 752 2263 809 quae
2282 737 2339 792 in
2368 738 2584 794 laudem
2606 740 2881 797 castitatis
2896 750 3213 811 peroratura
3233 758 3375 808 sum,
3396 759 3504 798 non

1925 829 2176 888 homines
2207 828 2506 901 producam
2525 842 2800 896 auctores,
2827 831 2921 887 sed
2949 847 3076 888 eum
3125 835 3217 889 cui
3248 850 3506 891 curaesu-

1925 939 2070 989 mus,
2102 930 2156 980 et
2181 925 2276 994 qui
2298 923 2517 979 cunctis
2545 926 2748 980 eminet
2769 939 3097 998 omnemque
3128 926 3253 981 tulit
3270 935 3503 998 partem,

1924 1015 2071 1072 hunc
2101 1017 2251 1073 illius
2267 1018 2534 1074 cultorem
2556 1032 2824 1084 asseram,
2848 1018 3132 1091 ipsiusque
3151 1019 3338 1077 formae
3354 1037 3506 1076 ama-

1922 1115 2098 1163 torem
2131 1124 2196 1163 ac
2218 1109 2381 1180 plane
2412 1109 2669 1165 idoneum
2700 1116 2919 1166 testem.
2971 1110 3135 1181 idque
3163 1112 3299 1169 adeo
3340 1113 3503 1169 etiam

1920 1201 1979 1256 in
2004 1200 2236 1257 Cantico
2270 1201 2634 1267 canticorum,
2680 1202 2943 1256 omnibus
2974 1201 3067 1272 qui
3105 1203 3272 1258 velint
3318 1243 3335 1269 ,
3377 1220 3506 1275 per-

1919 1294 2109 1365 spicue
2135 1294 2440 1364 intelligere
2462 1294 2607 1361 licet,
2649 1295 2743 1350 ubi
2776 1295 3033 1351 Christus
3055 1295 3244 1366 ipsein
3278 1296 3503 1367 virgini-

1922 1386 2047 1441 tatis
2066 1385 2294 1440 lirmiter
2308 1386 2593 1457 proposito
2612 1393 2932 1443 constantes
2950 1388 3204 1444 laudibus
3227 1403 3501 1444 coronans

1919 1478 1996 1530 ait
2027 1476 2075 1509 “
2106 1492 2121 1528 :
2151 1474 2304 1532 Sicut
2334 1476 2511 1530 lilium
2535 1477 2592 1532 in
2624 1477 2796 1531 medio
2825 1478 3121 1546 spinarum,
3152 1478 3229 1532 sic
3255 1478 3501 1546 proxima

1915 1584 2034 1622 mea
2070 1567 2125 1622 in
2159 1566 2328 1622 medio
2364 1566 2630 1636 ﬁliarum;
2664 1568 2781 1623 lilio
2809 1582 3134 1639 comparans
3161 1577 3386 1639 propter
3406 1584 3504 1640 pu-

1914 1660 2130 1716 ritatem
2162 1660 2459 1731 odorisque
2485 1660 2838 1732 fragrantiam
2871 1669 2925 1717 et
2951 1661 3275 1718 suavitatem
3307 1677 3372 1717 ac
3409 1662 3497 1717 bi-

1913 1753 2189 1808 laritatem
2212 1753 2546 1825 virginitatis
2573 1755 2801 1810 donum.
2835 1752 3018 1811 Verna
3041 1754 3244 1826 quippe
3267 1769 3356 1811 res
3383 1755 3497 1809 vir-

213 1839 454 1911 άδελφή
488 1859 611 1911 μου
638 1842 867 1912 νύμφη,
902 1841 1099 1911 λέγων,
1125 1842 1496 1911 ἐκαρδιωσας
1527 1841 1688 1913 ἡμᾶς
1716 1845 1807 1899 ἑνὶ

1912 1846 2133 1917 ginitas,
2160 1844 2399 1900 molliter
2425 1844 2897 1902 efﬂorescentibus
2928 1856 2982 1902 et
3006 1861 3222 1916 semper
3249 1844 3497 1902 candidis

213 1931 338 1986 ἀπὸ
366 1933 696 2003 ὀφθαλμῶν
722 1949 863 1998 σου,
891 1932 963 1986 ἐν
982 1930 1094 2002 μιᾷ
1118 1932 1393 2003 ἐνθέματι
1427 1932 1539 2004 (94)
1590 1934 1813 2004 τραχή-

213 2027 333 2079 λου
383 2041 527 2080 σου.
552 2028 676 2080 Ὅτι
725 2025 1187 2094 ἐκαλλιώθησαν
1239 2025 1465 2095 μαστοι
1514 2038 1633 2079 σου
1654 2063 1670 2089 ,
1714 2025 1814 2079 καὶ

214 2117 379 2187 ὀσμὴ
415 2117 664 2187 ἱματίων
703 2132 821 2172 σου
854 2116 1007 2186 ὑπὲρ
1040 2115 1238 2171 πάντα
1263 2115 1558 2187 ἀρώματα.
1588 2117 1814 2186 Κηρίον

214 2208 629 2270 ἀποστάζουσι
674 2210 850 2280 χείλη
892 2226 1030 2277 σου,
1063 2210 1297 2279 νύμφηο
1337 2209 1482 2279 μέλι
1523 2209 1622 2264 καὶ
1652 2209 1813 2279 τάλα

213 2300 335 2354 ὑπὸ
364 2300 485 2369 τὴν
507 2300 799 2372 γλῶσσάν
824 2317 941 2357 σου
956 2319 970 2332 ’
1002 2300 1101 2356 καὶ
1128 2299 1289 2371 ὀσμὴ
1317 2301 1563 2371 ἱματίων
1587 2314 1705 2354 σου
1730 2300 1811 2367 ὡς

213 2392 377 2463 ὀσμὴ
406 2392 681 2449 λιϐάνου.
723 2393 934 2463 Κῆπος
962 2390 1409 2462 κεκλεισμένος,
1435 2391 1668 2461 ἀδελφή
1692 2408 1812 2461 μου

213 2487 419 2556 νύμφη
447 2526 464 2552 ,
520 2487 719 2556 κῆπος
766 2484 1197 2557 κεκλεισμένας
1226 2523 1243 2550 ,
1302 2483 1467 2555 πηγὴ
1529 2484 1814 2555 ἐσφραγι-

211 2578 432 2649 σμένη.

1910 1934 2375 2005 incorruptionem
2405 1936 2673 1992 exhalans
2688 1936 2960 1992 caliculis.
2986 1935 3143 1992 Unde
3164 1945 3219 1992 et
3234 1952 3293 1992 se
3312 1952 3498 1993 amare

1908 2025 2141 2082 formam
2172 2026 2480 2097 iuventutis
2505 2028 2628 2097 ejus
2658 2027 2821 2084 fateri
2856 2044 2966 2084 non
3013 2028 3312 2091 erubescit,
3363 2027 3495 2082 dum

1907 2117 1985 2172 ita
2017 2116 2073 2172 in
2104 2117 2459 2188 sequentibus
2489 2117 2566 2172 ait
2590 2118 2634 2151 ⁸⁸
2661 2138 2675 2172 :
2704 2117 2812 2175 Cor
2848 2118 3118 2174 abstulisti
3144 2117 3316 2182 nobis,
3342 2133 3496 2173 soror

1908 2225 2026 2263 mea
2046 2225 2243 2279 sponsa
2266 2226 2285 2269 ;
2316 2225 2407 2264 cor
2426 2206 2697 2264 abstulisti
2713 2210 2861 2265 nobis
2876 2210 2930 2264 in
2959 2227 3063 2265 uno
3085 2210 3358 2264 oculorum
3384 2220 3495 2264 tua-

1913 2316 2054 2365 rum,
2083 2301 2137 2355 in
2158 2317 2263 2356 uno
2291 2311 2600 2357 ornamento
2622 2298 2748 2357 c'olli
2765 2303 2861 2356 tui.
2892 2301 3065 2369 Quam
3085 2301 3320 2371 pulchrae
3332 2302 3494 2370 facta!

1913 2404 2036 2447 sunt
2067 2409 2312 2448 mamma:
2343 2402 2483 2459 tum,
2533 2400 2585 2448 et
2629 2394 2762 2448 odor
2808 2394 3235 2449 vestimentorum
3279 2402 3492 2447 tuorum

1911 2500 2069 2555 super
2112 2485 2294 2539 omnia
2327 2484 2621 2540 aromata!
2651 2485 2857 2540 Fanum
2896 2484 3164 2541 distillant
3195 2484 3339 2538 labia
3374 2492 3490 2548 tua,

1913 2593 2106 2647 sponsa
2138 2593 2157 2631 :
2212 2576 2314 2632 mel
2351 2588 2402 2632 et
2433 2576 2517 2631 lac
2549 2576 2645 2632 sub
2698 2577 2881 2648 lingua
2924 2587 3037 2642 tua,
3090 2585 3140 2632 et
3176 2576 3307 2631 odor
3334 2576 3493 2631 vesti-

211 2686 515 2731 mentorum
553 2684 768 2732 tuorum
802 2678 941 2733 sicut
977 2675 1111 2733 odor
1159 2676 1351 2732 thuris.
1415 2674 1620 2732 Hortus
1666 2673 1969 2736 conclusus.
2025 2689 2179 2729 soror
2228 2689 2345 2728 mea
2395 2688 2612 2741 sponsa,
2661 2670 2846 2727 hortus
2877 2672 3188 2740 conclusus,
3231 2671 3350 2741 fons
3414 2669 3491 2723 si-

210 2780 433 2840 gnatus.

281 2888 477 2944 Ταῦτα
505 2890 746 2962 Χριστὸς
770 2893 891 2955 ταῖς
921 2890 1013 2945 ἐπὶ
1046 2890 1260 2964 πέρατα
1288 2889 1586 2963 παρθενίας
1617 2887 1805 2943 ἐλθού-

214 2998 333 3047 σαις
364 2980 437 3035 τὰ
479 2980 732 3054 ἐγκώμια
761 2982 973 3053 ψάλλει,
1007 2985 1191 3049 πάσας
1218 2984 1300 3039 ἐνὶ
1344 2982 1697 3056 περιγράψας
1727 2981 1807 3054 τῷ

209 3071 433 3173 νύμφης
465 3071 948 3173 ὀνόματιζὲπειδὴ
996 3075 1094 3146 τὴν
1142 3074 1359 3145 νύμφην
1399 3073 1676 3146 ἡρμόσθαι
1710 3074 1808 3145 μὲν
1834 3114 1878 3173 C

208 3161 289 3213 δεῖ
315 3161 415 3214 καὶ
446 3161 916 3233 κατονομάζεσθαι
951 3162 1030 3234 τῷ
1062 3163 1551 3235 μνηστευσαμένῳ·
1600 3163 1803 3235 ἄχραν-

207 3270 302 3306 τον
337 3254 397 3307 δὲ
446 3253 528 3308 ἑτι
566 3254 661 3308 καὶ
705 3255 884 3326 ἀμιγῆ
912 3256 1222 3325 τυγχάνειν,
1254 3256 1584 3328 παράδεισον
1615 3255 1806 3329 ὥσπερ

208 3345 690 3418 ἐσφραγισμένην,
732 3348 790 3401 ὲν
817 3339 861 3414 ᾧ
890 3346 1067 3401 πάντα
1104 3347 1206 3418 τῆς
1236 3347 1467 3412 εὐωδίας
1507 3348 1619 3402 τῶν
1649 3350 1808 3421 οὐρα.-

209 3438 320 3492 νιῖιν
345 3439 473 3508 φύει
506 3438 577 3493 τὰ
602 3439 897 3512 ἀρώματα,
934 3440 1021 3493 ἵνα
1054 3441 1213 3512 μόνος
1248 3439 1418 3495 ἐλθὼν
1444 3440 1583 3495 αὐτὰ
1607 3441 1810 3513 δρὲψη-

206 3550 302 3587 rat
347 3531 606 3605 Χριστὸς,
650 3530 963 3603 ἀσωμάτοις
998 3530 1373 3603 βλαστήσαντα
1406 3534 1655 3604 σποραῖς.
1674 3533 1809 3605 Ἐρᾷ

208 3624 323 3697 γάρ
351 3626 382 3678 ὁ
417 3624 591 3693 Λόγος
638 3624 859 3687 οὐδενὸς
895 3622 1003 3677 τῶν
1051 3623 1272 3696 σαρκὸς,
1308 3624 1389 3677 ὅτι
1446 3623 1521 3695 μὴ
1566 3625 1808 3694 πέφυκεν

208 3713 575 3786 ἀποδέκεσθαί
593 3731 648 3767 τι
674 3714 783 3768 τῶν
802 3713 1191 3786 φθειρομένων,
1214 3712 1324 3770 οἷον
1353 3717 1560 3786 χεῖρας,
1588 3714 1620 3786 ἢ
1645 3715 1809 3788 πρόσ-

208 3824 382 3871 ωπον,
414 3806 451 3878 ἢ
487 3806 656 3870 πόδας
675 3824 690 3837 ο
728 3806 843 3860 ἀλλ’
893 3809 974 3871 είς
1008 3806 1140 3861 αὐτὸ
1163 3806 1225 3861 τὸ
1248 3808 1409 3862 άῦλον
1436 3807 1530 3860 καὶ
1561 3825 1808 3879 πνευμα-

207 3898 365 3953 τικὸν
401 3896 618 3967 βλέπων
648 3897 997 3973 εὐφραίνεται
1027 3898 1241 3965 κάλλος,
1277 3897 1354 3972 μὴ
1385 3898 1689 3969 ἁπτόμενος
1708 3898 1802 3953 τοῦ

211 3988 469 4061 σώματος
495 3988 594 4061 τῆς
628 3987 798 4063 ὥρας.

1980 2880 2109 2937 Haec
2142 2880 2422 2946 Christus,
2459 2881 2529 2937 iis
2558 2896 2680 2952 quae
2720 2880 2789 2936 ad
2818 2881 3149 2954 virginitatis
3186 2882 3321 2938 ﬁnes
3353 2897 3489 2939 eva~

1912 2984 2126 3041 serunt,
2154 2975 2404 3030 encomia
2436 2974 2606 3041 canit,
2637 2975 2851 3030 cunctis
2883 2976 3141 3031 nimirum
3173 2991 3284 3031 uno
3310 2974 3492 3048 Spono

1914 3080 1989 3121 sa:
2021 3064 2244 3120 nomine
2282 3065 2738 3136 circumscriptis,
2770 3080 2834 3121 ea
2864 3066 3052 3137 utique
3075 3066 3312 3132 ratione,
3341 3068 3491 3139 quod

1914 3175 2176 3232 sponsam
2212 3156 2433 3231 Sponsa
2463 3159 2620 3215 decet
2651 3161 2848 3231 aptari,
2878 3176 3054 3232 exque
3079 3162 3226 3218 illius
3255 3163 3365 3218 dici
3390 3180 3492 3219 no-

1906 3253 2084 3321 mine;
2103 3252 2167 3305 ad
2191 3252 2417 3322 haecque
2455 3252 2837 3308 intemeratam
2866 3252 3375 3325 incommistamque
3405 3258 3488 3312 si-

1903 3346 2053 3414 gnati
2081 3344 2224 3399 horti
2259 3344 2316 3398 in
2346 3358 2556 3399 morem
2584 3344 2871 3408 exsistere,
2908 3343 3002 3398 ubi
3026 3345 3209 3398 omnia
3247 3346 3489 3402 cmlestis

1903 3436 2216 3506 fragrantia:
2244 3442 2491 3490 aromata
2524 3445 2847 3501 nascuntur,
2882 3441 2941 3489 ut
2984 3436 3135 3490 solus
3164 3437 3387 3492 veniens
3421 3452 3488 3492 ea

1902 3531 2092 3594 carpat
2132 3523 2408 3590 Christus,
2440 3524 2777 3595 incorporeis
2831 3525 3195 3595 germinantia
3243 3526 3480 3583 salibus.

1902 3617 2115 3673 Nullius
2164 3617 2310 3673 enim
2338 3633 2528 3673 eorum
2560 3633 2682 3688 quae
2724 3617 2908 3672 carnis
2955 3627 3103 3682 sunt,
3139 3634 3325 3675 amore
3353 3618 3486 3675 Ver-

1905 3710 2032 3765 bum
2083 3709 2344 3779 abicitur;
2378 3710 2524 3781 quod
2568 3725 2679 3765 non
2718 3710 2840 3781 ejus
2880 3711 2972 3777 sit,
3000 3718 3058 3766 ut
3086 3712 3153 3767 iis
3183 3713 3487 3768 delectetur

1902 3817 2023 3873 quae
2044 3802 2422 3873 corruptibilia
2452 3810 2611 3871 sunt;
2644 3810 2775 3872 puta
2795 3809 2854 3857 ut
2888 3818 3104 3863 manus.
3137 3811 3231 3858 aut
3253 3804 3482 3869 vultum,

1900 3906 1993 3950 aut
2017 3895 2202 3966 pedes,
2230 3896 2456 3952 insanus
2485 3904 2698 3951 amator
2724 3896 2980 3967 depereat
3011 3897 3140 3954 :sed
3166 3897 3232 3951 ad
3259 3898 3313 3952 id
3340 3898 3486 3968 quod

1897 3986 1951 4040 in
1970 4002 2289 4056 corporeum
2332 4002 2396 4042 ac
2420 3988 2665 4058 spiritale
2706 3997 2790 4043 est
2812 3989 3131 4060 respiciens,
3154 3990 3259 4043 hoc
3282 3991 3485 4061 jucun-

1896 4076 2077 4147 datur,
2112 4080 2186 4132 ita
2208 4087 2268 4133 ut
2302 4081 2551 4150 corporis
2581 4080 2812 4136 formam
2844 4096 2953 4136 non
2986 4082 3237 4153 attingat.

284 4255 331 4287 ³³
368 4252 539 4312 Joan.
568 4269 685 4324 xxv,
718 4254 809 4313 28.
851 4255 897 4289 “
937 4254 1096 4314 Cant.
1128 4271 1190 4325 ιι,
1223 4256 1280 4310 2.
1359 4255 1408 4288 ³⁸
1447 4254 1604 4311 Cant.
1642 4271 1718 4322 iv,
1750 4253 1905 4310 9-12.

210 4461 268 4515 in
299 4471 366 4513 eo
391 4455 599 4532 posita,
649 4455 884 4532 ut__sic_ut
925 4468 985 4510 se
1015 4452 1218 4532 habent
1263 4452 1507 4532 virgines
1541 4450 1610 4505 ad
1647 4449 1803 4532 Cirri-
1829 4477 1875 4532 Β
1901 4450 1977 4532 illi
2004 4449 2193 4532 jurare
2222 4450 2383 4532 licet;
2417 4449 2653 4532 hincque
2682 4449 2907 4532 omnino
2959 4449 3481 4532 immobilemhiidem

212 4520 506 4591 stumfsic
548 4527 670 4596 ipse
701 4526 953 4581 Christus
975 4525 1044 4578 ad
1097 4523 1289 4596 Deum,
1321 4520 1415 4596 qui
1446 4525 1563 4596 ipse
1597 4538 1633 4596 Aa
1689 4522 1799 4576 Deo
1831 4520 1870 4532 "
1907 4520 2125 4596 facere,
2138 4522 2297 4596 juxta
2330 4522 2497 4596 _quod
2530 4521 2871 4592 impossibile
2901 4531 2986 4596 est
3047 4523 3262 4577 mentiri
3290 4522 3478 4596 Deum,

210 4612 267 4655 et
300 4598 465 4652 Patre
496 4593 726 4665 majore,
751 4596 1122 4650 testimonium
1157 4595 1359 4665 habere
1385 4593 1802 4665 debuerit,_non

211 4674 285 4723 ab
315 4667 527 4735 angelis
560 4660 762 4737 quibus
795 4666 965 4737 major
991 4672 1142 4737 erat;
1194 4663 1615 4737 s_ic_virgine_s_a_
1644 4660 1805 4716 Chri-

213 4749 324 4799 sto.
358 4731 497 4807 ipsis
549 4731 1178 4807 majoretestimoninm
1212 4731 1467 4789 habeant.
1501 4731 1618 4807 N_is_i
1671 4748 1804 4807 ergo

214 4803 435 4865 ratione
465 4803 821 4861 humanitatis
879 4805 1222 4874 intelligitur,
1255 4818 1483 4874 prorsus
1511 4803 1802 4874 Arianicus

212 4895 418 4936 sensus
451 4884 570 4940 est;
604 4892 728 4931 cum
754 4877 843 4931 illa
874 4873 1179 4944 majoritas,
1213 4873 1272 4928 ut
1304 4882 1411 4928 stet
1440 4873 1800 4942 comparatio,

211 4967 323 5006 non
354 4949 739 5002 auctoritatem
774 4946 947 5008 illam.
968 4944 1245 5014 principii,
1275 4944 1370 5000 sed
1409 4951 1684 5014 naturam,
1707 4958 1803 5011 pe-

214 5036 315 5078 nes
337 5017 829 5091 qnainauctoritas
857 5011 1207 5091 “testimonii,
1263 5013 1542 5091 respiciat.
1567 5012 1632 5091 Et
1661 5011 1802 5067 forte

216 5082 483 5161 respexit
499 5082 988 5161 Methodins_illnd
1048 5083 1213 5161 Hebr.
1248 5100 1325 5147 vr,
1358 5082 1428 5161 lii
1458 5083 1801 5161 ε”ᾼνθρωποι

216 5152 361 5215 κατά
391 5158 486 5211 τοῦ
520 5156 763 5229 μείζονος
813 5155 1097 5229 ὀμνύουσι.
1151 5152 1348 5229 {arare
1400 5152 1658 5216 homines,
1710 5154 1802 5229 per

214 5249 334 5286 sum
357 5231 450 5297 qui
468 5224 645 5297 m'ajor
677 5228 787 5281 illis
822 5224 940 5297 sit:
985 5224 1592 5297 proinde_l)eum,_cum
1626 5224 1799 5291 majo-

213 5318 330 5357 rem
357 5293 419 5356 se
448 5293 566 5352 non
608 5298 824 5362 habeat,
877 5293 1063 5366 ὤμέσε
1114 5294 1236 5347 καθ’
1278 5294 1494 5366 ἑαυτοῦ,
1521 5308 1612 5359 per
1638 5301 1801 5366 semet

216 5374 389 5439 ipsum
403 5370 621 5440 jurasse
642 5384 673 5440 7:
703 5361 815 5422 non
838 5361 941 5420 ita'
968 5363 1162 5440 Filium
1190 5379 1290 5440 per
1319 5362 1559 5440 Patrem,
1592 5362 1668 5414 uti
1701 5361 1801 5415 de-

217 5434 381 5497 torsit
403 5434 745 5500 'Methodins,
770 5448 822 5493 et
843 5437 998 5507 quasi
1042 5435 1204 5507 Pater
1226 5434 1294 5489 ad
1354 5434 1512 5488 ﬁdem
1541 5440 1801 5507 praestan-

219 5513 368 5573 dam,
392 5511 568 5580 major
609 5507 746 5562 Filio
775 5503 945 5566 esset,
980 5504 1128 5580 quod
1170 5519 1277 5558 non
1310 5511 1593 5580 praastaret
1615 5503 1794 5580 origo,

221 5590 274 5636 et
292 5584 438 5649 quod
474 5573 671 5635 auctor
714 5588 798 5633 est
822 5586 986 5647 atque
999 5573 1213 5649 ίαῖτιον,
1234 5575 1332 5649 sed
1356 5581 1581 5649 naturae
1616 5573 1670 5649 in
1692 5640 1705 5649 _
1728 5586 1797 5627 eo

226 5640 470 5723 μείωσις,
501 5666 669 5706 sensu
687 5664 815 5704 vere
835 5640 1112 5723 Arianico.
1166 5643 1337 5713 Major
1356 5644 1502 5723 enim
1527 5643 1619 5696 illa
1639 5640 1794 5723 ﬁdes,

226 5711 529 5793 5digniore
556 5728 771 5793 natura
806 5717 1065 5788 procedat
1108 5711 1334 5793 necesse
1361 5722 1445 5770 est
1485 5731 1498 5768 :
1541 5711 1799 5793 quodque

226 5786 374 5850 nulla
419 5792 637 5861 dignior
687 5786 943 5847 Deo—uno
988 5795 1042 5845 et
1062 5786 1229 5853 trino,
1280 5799 1377 5855 per
1440 5786 1795 5852 semetipsum

1906 4606 2017 4661 non
2050 4589 2188 4646 Filio
2208 4606 2304 4661 per
2330 4589 2570 4654 Patrem,
2608 4589 2677 4644 ἰιι
2718 4607 2815 4661 per
2846 4592 3130 4661 majorem,
3167 4600 3221 4646 et
3241 4594 3396 4661 quasi
3426 4596 3479 4646 in

1905 4659 2295 4717 Filionecdum
2326 4663 2541 4716 animus
2574 4659 2949 4730 conquiescat,
3001 4659 3333 4731 majorisq'ue
3381 4663 3483 4717 ali-

1903 4733 2035 4804 quid
2068 4732 2415 4804 auctoritatis
2445 4733 2797 4801 quaerendum
2827 4732 2919 4797 sit,
2946 4739 3006 4786 ut
3034 4730 3159 4787 linis
3194 4730 3265 4788 sit
3298 4734 3482 4804 πάσης

1902 4801 2231 4875 ἀντιλογίας,
2270 4802 2564 4857 (Ξοιιιιεῖιε.

1974 4895 2085 4969 (9-4)
2106 4897 2222 4969 ξΕνξ
2238 4894 2347 4969 μιᾷ
2375 4896 2667 4969 ἐνθέματι.
2691 4894 2869 4969 Αριιίᾶλ
2904 4894 2961 4948 in
3004 4901 3240 4948 mentem
3270 4895 3481 4969 venerit

1901 4964 2443 5027 LXX'Senioribus,
2484 4974 2544 5018 ut
2580 4968 2660 5019 sic
2684 4964 3006 5019 femininum
3047 4974 3242 5019 neutro
3281 4966 3483 5033 junxe-

1901 5037 2031 5100 rint,
2053 5037 2323 5091 neminem
2350 5037 2508 5092 video
2529 5037 2852 5106 cxplicasse.
2872 5033 3062 5089 Putem
3099 5034 3479 5090 llebraismum

1900 5121 2045 5173 esse,
2080 5107 2333 5177 quodque
2369 5116 2474 5193 pay
2513 5115 2567 5161 et
2616 5106 2905 5161 masculini
2951 5106 3166 5176 generis
3204 5114 3383 5161 exstet
3424 5113 3480 5160 et

1902 5195 2175 5267 feminini,
2233 5198 2392 5266 quasi
2426 5195 2670 5251 feminini
2728 5197 2977 5267 legerint,
3036 5197 3115 5267 ita
3160 5198 3474 5254 retinuisse.

1898 5266 2070 5321 Nobis
2129 5265 2326 5321 nomen
2383 5268 2619 5337 torquis,
2669 5265 2806 5322 teste
2872 5266 3051 5322 Probo
3084 5265 3475 5328 Grammatico.

1899 5337 2128 5408 perinde
2156 5337 2395 5407 ambigui
2424 5338 2658 5408 generis,
2695 5338 2983 5408 masculini
3015 5348 3070 5393 et
3086 5338 3381 5408 feminini;
3413 5353 3480 5389 ac

1900 5405 2212 5480 proclivius
2238 5405 2505 5480 feminini.
2556 5407 2713 5480 Unde
2738 5405 3048 5480 Pagninus:
3074 5407 3139 5461 In
3161 5423 3266 5480 una
3297 5417 3478 5480 torque

1899 5475 2023 5532 colli
2043 5478 2142 5532 tui.
2170 5475 2353 5547 Vulg.,
2404 5479 2457 5531 in
2486 5494 2589 5532 uno
2639 5475 2952 5539 crinefalii
2983 5481 3041 5531 ἐν
3074 5480 3155 5532 ἑνὶ
3190 5475 3473 5548 πλοκάμῳ,

1900 5549 1954 5601 in
1976 5564 2080 5602 uno
2111 5548 2375 5618 cincinno.
2402 5549 2527 5610 Ant,
2563 5564 2690 5601 num
2726 5551 2885 5602 aliam
2918 5564 3125 5618 vocem,
3145 5549 3477 5618 responden-

1899 5625 2008 5672 tem
2048 5618 2170 5672 voci
2204 5617 2479 5673 Hebraicm
2504 5626 2822 5687 posuerunt,
2851 5635 2972 5687 quae
3001 5620 3079 5673 sic
3107 5617 3350 5672 feminini
3379 5635 3469 5687 που

1901 5689 2048 5744 neris
2077 5697 2241 5750 esset,
2267 5702 2427 5757 quam
2449 5657 2967 5756 vclutapposit’io'ne,
2987 5688 3169 5743 verbis
3197 5689 3301 5754 his,
3318 5657 3478 5745 ἐνδε-

1905 5776 2034 5831 ματι
2063 5759 2171 5814 τῶν
2198 5756 2505 5831 τραχήλων,
2535 5759 2739 5815 clarius
2757 5759 3110 5829 exposueriul
3130 5759 3154 5803 ⁸³
3183 5759 3259 5814 ιι).
