3866 6160
350 313 456 372 127

1346 315 1404 369 S.
1450 313 1782 370 ΜΕΤΗΟΒΙΙ
1816 314 2131 373 EPISCOPI
2173 316 2261 373 ΕΤ
2304 315 2665 373 ΜΔΒΤἩΒΙΞ

3515 321 3620 377 tas

1338 453 1470 509 ΟΜ».
1506 453 1567 508 ll.
1604 451 1735 507 Loci
1754 452 1913 509 Cant.
1952 470 2028 521 Iv,
2054 455 2208 516 9-12.
2245 456 2631 525 interpretatio.

419 573 666 646 Cogitate
696 575 864 638 enim,
895 589 928 629 ο
952 576 1225 646 virgines;
1265 576 1412 645 quod
1435 577 1509 630 ita
1555 590 1811 646 sponsam
1852 577 1932 629 al-
1964 589 2005 645 Α

351 667 615 739 loquitur,
639 668 924 723 Abstulisti
945 669 1094 723 nobis
1134 684 1226 722 cor
1259 685 1363 723 uno
1395 670 1668 724 oculorum
1697 680 1929 735 tuorum,

351 760 728 831 perSpicacem
795 762 906 815 vim
967 761 1166 817 mentis
1220 761 1591 832 intelligentiae
1641 762 1929 827 ostendit;

353 860 644 923 postquam
671 853 882 907 scilicet
911 852 1076 907 homo
1101 853 1328 908 interior
1353 868 1473 907 eam
1509 852 1799 909 deterserit
1825 855 1938 924 pla-

354 959 532 1014 neque
561 944 929 1009 mundaverit,
956 953 1014 1000 ut
1038 945 1300 1015 liquidius
1328 945 1612 1001 veritatem
1634 946 1930 1001 intueatur.

354 1035 636 1107 Duplicem
669 1037 813 1091 enim
849 1052 971 1092 esse
1000 1037 1242 1101 oculuin,
1278 1038 1511 1092 alterum
1543 1037 1733 1104 animi,
1770 1048 1935 1108 atque

355 1130 587 1183 alterum
642 1130 911 1199 corporis,
976 1130 1151 1186 cuivis
1213 1129 1563 1185 manifestum
1618 1137 1723 1187 est.
1778 1130 1935 1185 Haud

352 1222 635 1276 enimvero
664 1237 788 1276 eum
823 1224 917 1292 qui
948 1230 1033 1279 est
1066 1223 1335 1293 corporis,
1380 1237 1441 1277 se
1476 1237 1660 1279 amare
1694 1222 1934 1279 Verbum

352 1311 660 1382 proﬁtetur,
698 1313 792 1368 sed
827 1314 1095 1368 duntaxat
1136 1329 1260 1370 eum
1310 1315 1404 1385 qui
1431 1324 1515 1370 est
1543 1315 1763 1381 mentis,
1803 1315 1934 1371 dum

352 1405 470 1467 ait,
513 1405 800 1461 Abstuliin
843 1408 992 1463 nobis
1037 1425 1128 1463 cor
1168 1410 1223 1462 in
1257 1426 1359 1463 uno
1392 1410 1666 1464 oculorum
1697 1420 1932 1474 tuorum,

352 1506 403 1552 et
433 1499 489 1551 in
519 1513 622 1553 uno
650 1509 958 1554 ornamento
992 1500 1117 1555 colli
1141 1501 1238 1554 tui.
1270 1499 1435 1567 Quasi
1464 1500 1671 1558 diceret
1703 1520 1716 1556 :
1747 1500 1829 1556 Tu
1858 1502 1937 1556 ni—

354 1592 595 1657 mirum,
650 1593 1047 1649 amabilissimo
1098 1594 1401 1665 prudentiae
1457 1600 1565 1649 tuae
1623 1595 1818 1649 obtutu
1880 1594 1936 1649 in

355 1698 595 1739 amorem
622 1699 719 1739 cor
748 1695 999 1742 nostrum
1029 1687 1293 1752 incitasti,
1328 1702 1394 1743 ac
1422 1689 1579 1757 quasi
1621 1688 1687 1742 ad
1727 1695 1781 1743 te
1809 1703 1939 1743 avo-

355 1775 472 1832 lare
512 1775 712 1843 iecisti,
763 1778 1028 1833 mundum
1074 1780 1144 1835 ab
1184 1781 1335 1835 intus
1368 1780 1639 1836 castitatis
1679 1781 1937 1837 evibrans

355 1868 880 1940 splendidissimum.
898 1868 1016 1926 Jam
1033 1873 1177 1927 enim
1193 1873 1315 1927 colli
1330 1883 1649 1927 ornamenta
1674 1885 1940 1929 vocantur

2117 578 2515 647 Ἐπισκέψασθε
2557 577 2688 649 γάρ,
2719 577 2800 631 ὅτι
2829 577 2910 642 τὸ,
2929 575 3327 646 Ἐκαρδίωσας
3364 577 3543 646 ἡμας,
3573 571 3621 631 ὧ

2035 671 2316 743 παρθένοι,
2345 670 2636 743 λεγόμενον
2665 671 2802 742 πρὸς
2844 670 3007 724 αὑτοῦ
3035 672 3101 741 τῇ
3137 670 3345 742 νύμφῃ,
3376 669 3468 724 ἐνὶ
3498 671 3621 725 ἀπὸ

2035 762 2361 835 ὀφθαλμῶν
2430 779 2585 830 σου,
2635 764 2727 818 τὸν
2784 761 3088 835 διορατικὸν
3141 763 3244 830 τῆς
3305 765 3612 834 φρονήσεως

2034 854 2312 926 ὀφθαλμὸν
2354 855 2623 909 δείκνυσιν
2642 872 2656 885 ·
2702 855 2863 909 ὁπότε
2894 854 2959 926 δὴ
2987 853 3176 908 τοῦτον
3204 855 3234 907 ό
3262 853 3371 908 ἔσω
3405 853 3613 927 σμήξας

2036 947 2321 1020 ἄνθρωπος
2363 947 2620 1020 καθαρῶς
2650 948 2976 1023 ⁴ιρανότερον
3029 947 3127 1019 τὴν
3178 946 3439 1020 ἀλήθειαν
3489 949 3614 1001 ἑπο-

2037 1040 2244 1094 πτεύει.
2274 1040 2471 1113 Δισσὴν
2512 1040 2621 1113 γὰρ
2665 1039 2838 1111 ὖψεως
2868 1035 3006 1093 εἶναι
3034 1038 3264 1110 δύναμιν
3309 1039 3472 1094 παντί
3514 1052 3614 1095 που

2036 1134 2375 1203 καταφανές·
2427 1132 2555 1205 μίαν
2606 1133 2706 1205 μὲν
2750 1132 2949 1204 ψυχῆς,
2996 1131 3226 1204 θατέραν
3256 1132 3312 1186 δὲ
3345 1132 3614 1205 σώματος.

2049 1223 2189 1277 Ἀλλ’
2223 1225 2344 1295 οὐχὶ
2372 1224 2472 1295 τῆς
2499 1222 2591 1277 τοῦ
2627 1222 2878 1294 σώματος
2906 1225 3037 1294 ὲρᾷν
3077 1224 3106 1275 ὁ
3144 1223 3315 1293 Λόγος
3347 1223 3619 1295 ὁμολογεῖ,

2038 1317 2170 1374 ἀλλδ
2218 1318 2316 1389 τῆς
2365 1316 2504 1371 κατὰ
2547 1316 2785 1372 διάνοιαν
2844 1316 3024 1388 μόνον,
3065 1318 3163 1371 Ἐν
3202 1317 3316 1381 ἑνὶ,
3370 1316 3618 1387 φάσκων,

2036 1411 2404 1480 ἐκαρδίωσας
2430 1408 2589 1480 ἡμᾶς
2612 1410 2730 1464 ἀπὸ
2759 1408 3083 1479 ὀφθαλμῶν
3107 1425 3248 1475 σου,
3275 1409 3377 1463 καὶ
3418 1410 3489 1464 ὲν
3511 1408 3625 1480 μιᾷ

2037 1502 2312 1573 ἐνθέματι
2343 1502 2650 1573 τραχήλου
2692 1516 2831 1556 σου.
2853 1502 3028 1573 Ὅπερ
3060 1501 3229 1557 ἐστίν·
3253 1496 3324 1553 Ὦ
3353 1498 3514 1571 αὕτη,
3542 1499 3625 1573 τῷ

2039 1597 2327 1669 ὲπεράστῳ
2356 1612 2449 1650 σου
2495 1595 2766 1666 βλέμματι
2799 1592 2901 1663 τῆς
2933 1591 3203 1657 συνέσεως
3236 1591 3625 1665 ἀνεπτέρωσας

2039 1687 2196 1761 ἡμῶν
2240 1688 2339 1761 τὴν
2383 1686 2610 1760 καρδίαν
2659 1688 2741 1749 είς
2780 1685 2965 1751 πόθον,
3002 1683 3203 1738 ἔσωθεν
3233 1683 3327 1737 τὸν
3370 1683 3624 1757 ἀρίδηλον

2039 1782 2244 1853 κόσμον
2291 1780 2741 1852 ὲξαστράπτουσα
2781 1778 2878 1848 τῆς
2928 1774 3301 1848 σωφροσύνης.
3320 1774 3626 1846 Ἐνθέματα

2040 1875 2150 1947 γὰρ
2181 1873 2453 1947 τραχήλου
2483 1871 2728 1926 καλεῖται
2755 1870 2825 1924 τὰ
2855 1869 3193 1945 περιδέραια,
3224 1866 3295 1921 τὰ
3332 1867 3398 1921 ὲκ
3442 1864 3624 1920 ποικί-

355 1967 581 2033 torques
610 1971 705 2017 aut
738 1964 985 2029 monilia,
1027 1980 1094 2020 ex
1124 1965 1296 2020 variis
1326 1972 1379 2019 et
1411 1966 1666 2035 pretiosis
1710 1968 1940 2037 gemmis

2048 1970 2152 2023 λων
2194 1967 2290 2023 καὶ
2320 1968 2518 2039 τιμίων
2552 1964 2908 2035 συντιθέμενα
2934 1963 3118 2017 λίθων.
3135 1961 3275 2015 Ἀλλ’
3305 1961 3363 2014 αἱ
3392 1959 3491 2031 μὲν
3520 1975 3626 2012 σω·-

356 2062 637 2110 contexta.
678 2054 951 2111 Cteterum
999 2072 1119 2127 quae
1175 2057 1426 2128 corporis
1478 2058 1651 2112 cultui
1716 2059 1941 2114 student

353 2147 571 2212 animae,
615 2149 928 2205 sensibilem
960 2149 1107 2204 hunc
1146 2151 1435 2211 mundum.
1466 2151 1723 2207 exteriori
1754 2151 1940 2206 carnis

355 2239 558 2295 cervici
589 2241 655 2296 ad
687 2240 932 2297 fraudem
963 2243 1357 2298 contuentibus
1391 2242 1722 2308 faciendam,
1770 2257 1942 2314 appo-

356 2340 526 2400 nunt;
560 2341 753 2387 contra
786 2349 918 2389 vero
951 2350 1073 2405 quae
1105 2335 1269 2389 vitam
1300 2344 1453 2393 caste
1492 2337 1809 2400 instituunt,
1854 2337 1941 2391 in-

356 2424 612 2479 teriorem
651 2425 755 2481 sibi
786 2426 1050 2482 mundum
1083 2428 1366 2493 adhibent,
1400 2444 1464 2484 ex
1504 2429 1763 2500 pretiosis
1785 2444 1943 2485 vere-

355 2530 463 2587 que
493 2516 662 2570 variis
698 2517 897 2589 lapillis
944 2520 1284 2590 gemmisque
1315 2520 1613 2586 (libertate,
1654 2520 1942 2591 magnani-

356 2608 565 2672 mitate,
609 2610 896 2680 sapientia,
923 2611 1216 2684 charitate)
1245 2612 1574 2681 conﬁatum;
1616 2629 1806 2684 parum
1843 2628 1940 2668 cu-

355 2709 563 2767 rantes,
617 2701 751 2758 istos
786 2720 886 2774 pro
929 2706 1117 2760 saeculi
1150 2721 1255 2760 usu
1278 2706 1387 2761 cito
1431 2705 1740 2763 diﬁluentes
1775 2721 1942 2761 orna-

355 2800 468 2856 tus,
502 2792 596 2863 qui
638 2792 892 2849 foliorum
916 2796 1027 2850 ritu
1058 2796 1125 2851 ad
1153 2805 1371 2869 tempus
1395 2795 1650 2854 ﬂorentes
1682 2798 1941 2851 mutatio-

356 2883 519 2941 nibus
543 2887 790 2956 corporis
816 2902 915 2957 per
943 2896 1114 2944 statas
1147 2890 1296 2947 vices
1339 2890 1781 2962 contingentibus
1813 2904 1943 2946 eva-

357 2984 609 3033 nescunt.
635 2977 841 3049 Duplex
877 2980 1021 3035 enim
1054 2984 1106 3035 in
1140 2981 1362 3039 homine
1383 2983 1620 3038 mundus
1650 2983 1895 3039 cernitur
1923 3000 1939 3038 :

355 3079 589 3135 quorum
619 3066 849 3121 alterum
876 3069 968 3139 qui
1003 3069 1231 3127 interior
1257 3079 1341 3128 est
1370 3087 1433 3127 ac
1461 3072 1809 3139 immortalis,
1835 3073 1942 3128 Do-

358 3154 542 3210 minus
577 3157 800 3226 accipit,
836 3174 927 3214 cor
956 3160 1057 3214 sibi
1087 3162 1348 3225 ablatum,
1379 3148 1592 3228 dicens,
1630 3162 1685 3217 in
1713 3179 1817 3218 uno
1853 3180 1944 3217 or-

361 3259 609 3302 namento
642 3250 768 3304 cotli
793 3267 1036 3320 sponsw;
1062 3254 1222 3323 quasi
1261 3254 1554 3325 pellectum
1594 3270 1655 3311 se
1687 3263 1851 3327 atque
1873 3254 1941 3309 ad

2050 2059 2357 2134 μασκοῦσαι
2388 2058 2559 2129 ψυχαὶ
2584 2057 2674 2110 τὸν
2705 2055 2961 2127 αἰσθητὸν
3005 2052 3212 2108 τουτονὶ
3255 2052 3459 2122 κόσμον
3483 2049 3631 2121 ἀμφὶ

2045 2153 2136 2207 τὸν
2162 2150 2433 2225 τράχηλον
2478 2149 2571 2203 τὸν
2618 2147 2722 2214 ἔξω
2762 2149 2860 2219 τῆς
2892 2145 3092 2216 σαρκὸς
3125 2142 3460 2215 περιτιθέασι
3491 2140 3633 2213 πρὸς

2047 2244 2264 2316 ἀπάτην
2311 2242 2422 2297 τῶν
2462 2240 2784 2313 θεωμένων·
2834 2241 2889 2293 αἱ
2940 2237 2997 2292 δὲ
3042 2235 3370 2306 ἀγνεύουσαι
3417 2232 3631 2287 ἔνδοθεν

2048 2335 2284 2409 ἔμπαλιν
2308 2335 2402 2388 τὸν
2433 2334 2636 2405 κόσμον
2663 2332 3001 2400 ὲξάπτονται,
3031 2330 3121 2384 τὸν
3152 2329 3259 2383 ἀπὸ
3289 2327 3399 2381 τῶν
3430 2325 3631 2399 τιμίων

2046 2428 2144 2484 καὶ
2186 2427 2447 2481 ποικίλων
2495 2426 2571 2491 ὡς
2618 2424 2833 2497 άληθῶς
2877 2422 3234 2494 συγκείμενον
3281 2418 3480 2483 λίθων,
3529 2416 3631 2488 τῆς

2047 2519 2382 2593 ἐλευθερίας,
2411 2519 2511 2589 τῆς
2564 2514 3066 2590 μεγαλοφροσύνης,
3119 2514 3219 2584 τῆς
3271 2512 3484 2582 σοφίας,
3526 2509 3633 2579 τῆς

2046 2612 2268 2684 ἀγάπης
2300 2610 2433 2682 (95)·
2465 2609 2621 2678 ὀλίγα
2660 2608 3015 2680 φροντίσασαι
3061 2605 3170 2659 τῶν
3201 2604 3329 2676 τῇδε
3363 2599 3631 2674 προσκαί-

2050 2723 2158 2779 ρων
2190 2702 2585 2775 ποικιλμάτων,
2615 2700 2651 2755 ἀ
2690 2699 2901 2770 φύλλων
2933 2699 3090 2770 δίκην
3131 2697 3269 2770 πρὸς
3311 2695 3460 2767 ὥραν
3496 2692 3629 2747 θάλε

2047 2799 2207 2853 λοντα
2255 2793 2738 2864 συναφαυαίνονται
2782 2790 2876 2846 τοῦ
2926 2790 3175 2862 σώματος
3218 2790 3339 2852 ταῖς
3378 2786 3630 2858 τροπαῖς.

2046 2888 2279 2952 Διπλοῦς
2304 2888 2413 2960 γὰρ
2459 2888 2490 2941 ό
2536 2887 2664 2958 περὶ
2689 2886 2780 2939 τὸν
2804 2884 3088 2956 ἄνθρωπον
3116 2882 3363 2954 φαίνεται
3403 2878 3630 2949 κόσμος,

2048 2975 2123 3037 ὧν
2154 2981 2246 3037 τὸν
2292 2980 2439 3034 ἔνδον
2478 2981 2507 3034 ὁ
2545 2977 2752 3050 Κύριος
2795 2975 3162 3047 ἀποδέχεται,,
3187 2973 3283 3027 τὸν
3331 2972 3631 3042 ἀκήρατον,

2061 3076 2144 3127 Ἐς
2195 3072 2325 3145 μιᾷ,
2358 3072 2552 3142 λέγων,
2586 3068 2906 3140 τραχήλων
2937 3066 3213 3137 ἐνθέματι
3242 3064 3354 3133 τεῆς
3390 3064 3634 3133 νύμφης

2048 3164 2481 3236 κεκαρδιῶσθαι
2498 3181 2512 3195 ⁸
2543 3165 2729 3226 οἱονεὶ,
2759 3161 2853 3217 τοῦ
2882 3161 3084 3216 ἔσωθεν
3105 3156 3392 3230 ἀνθρώπου
3410 3156 3510 3226 τῆς
3535 3169 3634 3209 κα·

2047 3256 2311 3330 ταστολῆς
2342 3256 2538 3329 αἴγλην
2577 3254 3012 3313 ἀποστίλδοντος.
3045 3250 3284 3324 ὠρέχθαι
3316 3248 3629 3321 σημαίνων·

360 3354 600 3396 amorem
624 3357 918 3399 accensum
947 3344 1284 3416 signiﬁcans,
1309 3346 1600 3417 splendore
1625 3346 1693 3401 ab
1718 3347 1941 3401 interio-

2048 3348 2123 3413 ὥς
2155 3365 2257 3402 που
2297 3347 2389 3402 καὶ
2432 3348 2462 3400 ό
2489 3344 2777 3419 ψαλμῳδὸς
2806 3346 3095 3417 μαρτυρεῖ,
3127 3340 3323 3407 Πᾶσα,
3357 3339 3555 3410 λέγων,
3587 3336 3633 3409 ἠ

359 3430 438 3485 ris
469 3430 709 3488 hominis
753 3435 955 3490 vestitu
996 3436 1287 3501 emicante,
1332 3436 1409 3490 uti
1449 3443 1505 3491 et
1532 3434 1825 3492 Psalmista
1856 3443 1944 3489 te-

359 3527 559 3588 statur,
585 3523 718 3578 dum
741 3541 947 3580 omnem
966 3527 1192 3597 gloriam
1217 3526 1347 3597 ﬁlia:
1377 3527 1514 3599 regis
1548 3525 1613 3581 ab
1643 3528 1787 3581 intus
1808 3540 1921 3582 esse

254 3614 263 3623 '
359 3614 435 3667 ait
458 3612 528 3669 ⁸⁸.

2047 3439 2197 3505 δόξα
2220 3437 2329 3509 τῆς
2359 3438 2653 3511 θυγατρὸς
2674 3437 2785 3492 τοῦ
2799 3434 3381 3506 ,βασιλέως-,ἔσωθεν⁸

1030 3730 1159 3785 αλιι.
1190 3728 1281 3786 Ill.
1321 3730 1584 3802 Virgines,
1613 3732 1743 3802 ipsae
1765 3695 2049 3802 martyres,
2089 3730 2226 3784 inter
2247 3727 2449 3783 Christi
2484 3724 2719 3790 sodales,
2752 3724 2966 3795 primae.

431 3834 610 3891 Nolim
631 3853 761 3893 vero
780 3840 1051 3912 quispiam
1074 3844 1351 3900 existimet
1374 3844 1674 3916 improbari
1702 3860 1768 3901 ac
1786 3845 1943 3915 rejici

359 3927 521 3983 aliam
569 3931 971 3987 multitudinem
1019 3934 1377 4001 credentium,
1412 3944 1611 4006 putans
1654 3954 1757 3993 nos
1797 3938 1944 4002 solas

358 4020 599 4091 virgines
620 4021 990 4078 introductum
1024 4025 1111 4089 iri,
1150 4026 1421 4095 potituras
1444 4028 1603 4082 bonis
1630 4030 1940 4098 promissis,

360 4128 473 4167 non
517 4112 848 4183 intelligens,
880 4116 1055 4170 tribus
1096 4133 1317 4187 quoque
1350 4126 1405 4172 et
1437 4120 1815 4190 cognationes,
1851 4137 1944 4176 or-

361 4205 627 4275 dinesque
666 4214 722 4261 et
766 4208 971 4264 classes
1020 4207 1257 4273 futuras,
1289 4224 1390 4279 pro
1418 4210 1689 4280 cujusque
1722 4211 1941 4265 illorum

364 4295 488 4353 ﬁdei
514 4299 740 4354 ratione.
762 4297 820 4353 Id
845 4299 988 4370 quod
1008 4308 1061 4355 et
1084 4299 1283 4355 Paulus
1307 4299 1575 4370 signiﬁcat
1597 4302 1725 4355 dum
1751 4300 1834 4354 ait
1854 4301 1897 4332 ³⁷
1924 4319 1939 4357 :

362 4390 490 4445 Alia
516 4379 739 4447 claritas
784 4393 935 4460 solis,
966 4392 1080 4447 alia
1117 4394 1340 4447 claritas
1380 4392 1541 4458 lunae,
1575 4392 1688 4448 alia
1717 4394 1941 4449 claritas

363 4482 664 4537 stellarum.
694 4481 864 4538 Stella
891 4485 1071 4554 differt
1105 4503 1139 4538 a
1170 4484 1327 4540 stella
1356 4485 1411 4538 in
1441 4484 1690 4539 claritate
1723 4500 1741 4539 :
1780 4485 1858 4539 ita
1894 4496 1943 4540 et

2118 3843 2209 3916 Μὴ
2240 3839 2669 3912 ὑπολαμϐανέτω
2699 3837 2756 3891 δέ
2798 3855 2905 3901 τις,
2952 3834 3340 3908 ἀποκρίνεσθαι
3380 3835 3489 3908 (96)
3539 3835 3634 3890 τὸν

2048 3936 2232 4009 ἕτερον
2263 3934 2449 4007 ὅμιλον
2489 3932 2597 3986 τῶν
2647 3928 3110 3993 πεπιστευκότων,
3148 3927 3303 3994 δόξας
3342 3930 3489 4000 ἡμᾶς
3534 3930 3637 3993 τὰς

2050 4026 2353 4101 παρθένους
2399 4026 2564 4097 μόνας
2586 4019 2943 4093 εἰσηγεῖσθαι
2975 4018 3303 4091 τευξομένας
3332 4037 3429 4092 της
3458 4023 3635 4090 ἐπαγ-

2050 4119 2233 4190 γελίας
2252 4136 2266 4149 ·
2300 4118 2362 4172 οὐ
2394 4117 2713 4189 συννοήσας,
2747 4117 2830 4169 ὅτι
2860 4114 2955 4167 καὶ
2985 4113 3145 4183 φυλαὶ
3169 4114 3262 4166 καὶ
3291 4113 3514 4183 πατριαὶ
3539 4113 3637 4166 καὶ

2048 4211 2308 4282 τάγματα
2363 4211 2482 4264 κατ’
2512 4207 2803 4276 ἀναλογίαν
2854 4206 3084 4260 ἑκάστου
3139 4204 3351 4259 ἔσονται
3387 4204 3489 4276 τῆς
3540 4205 3637 4260 πί-

2051 4319 2239 4367 στεως.
2265 4303 2378 4357 Καὶ
2401 4301 2557 4356 τοῦτο
2582 4301 2677 4353 καὶ
2709 4298 2919 4362 Παῦλος
2945 4297 3455 4371 διαγράφει,”Αλλη
3482 4296 3636 4363 δόξα

2049 4394 2251 4461 ἡλίου,
2286 4392 2384 4445 καί
2417 4390 2578 4458 ἄλλη
2608 4389 2759 4454 δόξα
2784 4387 3075 4457 σελήνης,
3122 4388 3316 4458 λέγων,
3345 4388 3441 4442 καί
3470 4386 3633 4459 ἄλλη

2050 4484 2201 4551 δόξα
2244 4484 2533 4552 ἀστέρων.
2551 4481 2762 4549 Ἀστὴρ
2799 4482 2909 4551 γὰρ
2955 4478 3209 4548 ἀστέρος
3245 4478 3508 4550 διαφέρει
3562 4479 3637 4533 ἐν

363 4578 679 4631 resurrectio
728 4589 1080 4631 mortuorum.
1135 4577 1200 4632 Et
1251 4576 1516 4632 Dominus
1562 4592 1676 4631 non
1721 4578 1941 4633 eosdem

2050 4578 2199 4647 δόξῃ
2221 4596 2234 4609 ·
2267 4577 2420 4632 οὕτω
2466 4574 2566 4631 καὶ
2593 4577 2631 4644 ’ἡ
2661 4574 2999 4639 ἀνάστασις
3038 4572 3156 4627 τῶν
3183 4571 3430 4641 νεκρῶν.
3463 4572 3574 4625 Καὶ
3602 4573 3634 4626 ό

363 4670 620 4726 omnibus
646 4685 706 4725 se
745 4670 981 4725 honores
1029 4670 1285 4725 daturum
1326 4673 1636 4741 prolitetur,
1679 4670 1774 4725 sed
1805 4670 1946 4725 alios

362 4764 625 4819 malorum
646 4780 810 4836 regno
839 4772 1185 4832 aunumerat,
1214 4765 1335 4821 aliis
1353 4774 1512 4820 terrae
1541 4764 1943 4835 possessionem

364 4857 671 4925 pollicetur,
702 4857 840 4912 alios
868 4857 1137 4927 promittit
1160 4857 1378 4913 visuros
1417 4856 1634 4912 Patrem
1664 4857 1729 4909 ³⁸.
1763 4854 1943 4922 Quare

363 4955 420 4999 et
452 4947 540 5001 hic
573 4948 807 5016 primum
837 4948 1089 5005 ordinem
1124 4956 1180 5011 et
1225 4950 1453 5004 chorum
1497 4955 1943 5005 consecratarum

364 5038 470 5109 ipsi
522 5040 793 5111 virginum
844 5042 901 5095 in
956 5041 1201 5112 requiem
1269 5056 1536 5096 novorum
1594 5041 1942 5101 saaculorum,

364 5139 621 5203 tanquam
654 5134 708 5189 in
743 5135 1061 5197 thalamum.
1096 5136 1152 5190 in
1186 5151 1287 5190 suo
1320 5137 1581 5189 comitatu
1618 5148 1803 5189 secum
1854 5131 1943 5186 in-

363 5226 763 5282 troducendum
782 5244 851 5283 ex
880 5228 1106 5283 oraculo
1133 5228 1353 5298 promit.
1386 5226 1607 5282 Functa:
1631 5226 1777 5280 enim
1805 5239 1947 5279 mar-

364 5318 509 5391 tyrio
534 5326 687 5384 suut,
719 5335 830 5374 non
863 5321 930 5375 ad
968 5322 1133 5377 breve
1155 5320 1419 5391 temporis
1449 5325 1785 5374 momentum
1817 5331 1945 5371 sus-

471 5415 518 5447 ³⁸
552 5413 707 5470 Psal.
753 5431 901 5482 xuv,
926 5417 1012 5472 14.
1088 5415 1132 5450 ³⁷
1175 5416 1205 5471 I
1239 5417 1362 5473 Cor.
1396 5433 1487 5484 xv,
1517 5416 1606 5470 41.
1686 5413 1732 5447 ⁸⁸
1770 5409 1964 5467 Matth.

436 5506 549 5578 (95)
581 5507 857 5577 Ἀπάτης.
896 5508 971 5563 Ita
999 5509 1172 5565 codex
1189 5508 1310 5565 Vat.
1347 5516 1402 5563 et
1433 5507 1743 5578 Pussinius.
1785 5504 1936 5558 Alla-

363 5577 482 5651 tius‘
505 5593 634 5651 vero
659 5595 783 5632 cum
817 5595 919 5651 ius.
961 5580 1164 5651 Mazar.
1189 5620 1205 5644 ,
1242 5579 1615 5651 σωφροσύνης.
1642 5577 1936 5651 Qonnerts.
1986 5619 1989 5621 .

436 5649 547 5719 (96)
578 5649 1051 5717 Ἀποκρίγεσθαι.
1087 5648 1178 5719 Sic
1210 5646 1473 5717 Allatius;
1512 5646 1615 5706 uis.
1644 5646 1793 5712 Vat.,
1816 5659 1941 5700 cum

365 5718 634 5791 l’oSsiuio.
667 5719 1085 5791 ἀποκρούεσθαι.
1117 5718 1193 5777 In.

436 5790 548 5859 (97)
591 5789 694 5846 Ἐν
729 5784 1019 5859 ,βασιλείᾳ
1072 5791 1524 5857 καταριθμεῖται.
1582 5787 1821 5877 ¹Αιιιιῑὶιιε
1854 5784 1944 5841 ἐπὶ

2052 4670 2256 4742 Κύριος
2293 4669 2350 4722 δὲ
2379 4668 2440 4722 οὐ
2474 4670 2606 4742 πᾷσι
2626 4665 2724 4730 τὰς
2751 4664 2919 4729 αὑτὰς
2947 4664 3199 4737 ὁμολογεῖ
3216 4663 3416 4717 διδόναι
3439 4663 3630 4734 τιμὰς,

2052 4732 2164 4817 ἀλλ’
2185 4732 2391 4833 ἑτέροις
2413 4761 2511 4834 μὲν
2529 4732 2584 4814 έν
2602 4758 2850 4831 βασιλείᾳ
2863 4756 2973 4829 (97)
2982 4732 3409 4826 καταριθμεῖται
3424 4732 3533 4808 τῶν
3548 4755 3637 4807 οὑ-

2054 4851 2250 4926 ρανῶν,
2267 4851 2448 4914 ἄλλοις
2470 4850 2831 4922 κληρονομίαν
2849 4845 3240 4916 ἐπαγγέλλεται
3263 4846 3365 4917 γῆς
3424 4845 3634 4916 ἑτέροις

2044 4945 2272 5015 ὄψεσθαι
2297 4945 2390 4997 τὸν
2420 4943 2661 5015 Πατέρα.
2697 4943 2808 4995 Καὶ
2833 4940 2897 5012 δὴ
2923 4939 3018 4993 καὶ
3044 4937 3279 4993 ἐνταῦθα
3310 4937 3525 5010 πρῶτον
3570 4937 3635 4991 τὸ

2044 5037 2233 5106 τάγμα
2266 5035 2360 5088 καὶ
2387 5034 2478 5088 τὸν
2502 5034 2661 5105 χορὸν
2695 5032 2788 5086 τὸν
2819 5030 2972 5109 ἅγιον
3002 5028 3150 5100 αὐτῷ
3184 5028 3294 5083 τῶν
3320 5026 3629 5099 παρθένων,

2046 5127 2234 5199 ὥσπερ
2270 5129 2351 5191 είς
2376 5125 2662 5197 νυμφῶνα,
2688 5124 2785 5196 τὴν
2812 5123 3116 5177 ἀνάπαυσιν
3144 5120 3253 5174 τῶν
3280 5119 3483 5174 καινῶν
3504 5117 3635 5171 αίὼο

2047 5237 2153 5274 νων
2233 5214 2642 5289 ὲφομαρτοῦντα
2719 5211 3222 5267 συνεισελεύσεσθαι
3294 5207 3629 5282 χρησμῳδεῖ.

2059 5308 2478 5382 Ἐμαρτύρησαν
2509 5306 2619 5379 (98)
2648 5305 2777 5377 γάρ,
2807 5306 2868 5359 οὐ
2890 5304 3033 5359 κατά
3052 5321 3105 5357 τι
3136 5302 3325 5375 μόριον
3350 5301 3544 5373 χρόνου
3571 5301 3633 5353 ὲν

2042 5498 2112 5552 τὰ
2163 5496 2429 5569 βασίλεια.
2474 5492 2798 5569 Lectionem
2835 5497 3089 5569 postram
3145 5507 3213 5547 ex
3303 5487 3425 5569 vat.
3456 5489 3627 5569 _cod.

2044 5558 2638 5654 expi'essit.Possinius.
2658 5564 2732 5618 lo.
2748 5596 2816 5605 —
2833 5562 2995 5617 Forte
3013 5563 3115 5633 leg.
3151 5558 3626 5632 καταριθμεῖσθαι,

2051 5644 2742 5783 ηιῶιέληέἓῖιῒρτύρησαν.
2799 5704 2968 5772 Quasi
3027 5704 3342 5775 martyrium
3371 5702 3625 5774 fecerunt.
