3866 6160
183 270 289 327 129

1256 273 1645 331 CONVIVIUM
1681 276 1916 332 DECEM
1961 277 2324 339 VIRGINUM.

3347 293 3453 349 130

185 386 384 458 βραχεῖ
411 389 829 461 καρτερήσασαι
865 390 1132 461 σωμάτων
1163 389 1480 461 ἀχθηδόνας,
1514 389 1650 444 ἀλλὰ
1695 391 1768 444 διέ

1883 394 2120 451 tinentes
2161 412 2453 469 corporum
2491 400 2830 471 gravamina,
2881 400 2977 457 sed
3005 403 3184 472 quoad
3224 403 3334 459 vita
3361 421 3458 460 su-

183 479 394 543 παντὸς
430 479 699 550 τλήσασαι
748 480 845 533 τοῦ
897 481 1036 551 βίου,
1071 483 1146 553 μὴ
1176 481 1654 536 ἀποδειλιάσασθαι
1684 483 1777 537 τὸν

182 566 380 634 ἀγῶνα
455 568 547 622 τὸν
590 568 958 641 Ὀλυμπιακὸν
1035 570 1252 644 ἀληθῶς
1320 571 1605 643 διαθλῆσαι
1677 574 1778 644 τῆς

181 659 443 727 ἁγνείαςο
477 659 732 731 βασάνοις
762 679 823 716 τε
851 662 959 734 γὰρ
992 665 1203 737 ἀγρίοις
1234 663 1437 736 ἡδονῶν
1469 665 1564 719 καὶ¹
1593 664 1778 735 φόϐοις

182 751 276 802 καὶ
324 750 530 817 λύπαις
572 754 944 825 ἀντισχοῦσαι,
973 757 1211 822 καὶτοῖς
1241 757 1421 822 ἄλλοις
1463 758 1566 828 τῆς
1608 774 1772 830 πονη-

182 839 304 912 ρίας
357 841 472 895 τῶν
519 842 823 913 ἀνθρώπων
856 849 1066 913 κακοῖς,
1099 847 1467 919 ἀποφέρονται
1516 847 1587 902 τὰ
1639 848 1779 921 γέρα

179 933 405 1004 πρῶται
455 934 566 989 τῶν
610 937 807 1003 ἄλλων,
836 941 915 1004 εἰς
944 942 1032 994 τὸν
1071 941 1277 1013 ἀμείνω
1307 942 1410 1012 τῆς
1447 941 1778 1011 ἐπαγγελίας

178 1025 588 1096 ὲκτασσόμεναι
621 1027 818 1100 χῶρον,
841 1031 1053 1100 Ἀμέλει
1086 1031 1290 1096 ταύτας
1328 1032 1486 1104 μόνον
1515 1032 1777 1104 ὲκλεκτὴν

181 1116 408 1188 νύμφην
444 1117 544 1181 τὰς
583 1118 782 1190 ψυχὰς,
817 1122 911 1174 καὶ
940 1123 1172 1194 γνησίαν
1200 1126 1228 1178 ὁ
1254 1125 1424 1192 Λόγος
1454 1124 1647 1178 ἑαυτοῦ
1677 1142 1781 1178 κα-

178 1207 265 1260 λεῖ
285 1226 300 1236 ·
329 1208 431 1272 τὰς
457 1209 514 1262 δὲ
540 1210 754 1277 λοιπὰς,
785 1213 1067 1278 παλλακὰς
1097 1216 1189 1269 καὶ
1219 1217 1467 1281 νεανίδας
1495 1218 1589 1270 καὶ
1613 1217 1778 1287 θυγα-

180 1298 373 1370 τέρας,
405 1300 582 1371 λέγων
603 1297 706 1357 ὧδε
724 1318 740 1334 ο
781 1303 1105 1371 Ἐξήκοντὰ
1127 1308 1246 1360 είσι
1267 1307 1659 1373 βασίλισσαι,
1679 1306 1778 1362 καὶ

181 1391 561 1462 ὀγδοήκοντα
623 1398 963 1450 uallatam"
1018 1398 1117 1452 καὶ
1170 1398 1442 1466 νεανιδες
1463 1438 1479 1463 ,
1527 1393 1615 1454 ὧν
1666 1407 1776 1456 οἰκ

176 1482 359 1540 ἔστιν
401 1485 669 1556 ἀριθμός.
699 1488 820 1543 Μία
859 1489 991 1543 ἐστὶ
1019 1491 1339 1560 περιστερά
1388 1509 1530 1562 μου,
1578 1491 1778 1547 τελεία

174 1598 299 1649 μευ
323 1598 339 1610 ·
357 1583 471 1651 μία
492 1582 625 1636 ἐστὶ
662 1581 739 1652 τῇ
778 1583 957 1652 μητρὶ
1004 1580 1214 1650 αὐτῆς,
1250 1581 1510 1650 suam,
1561 1580 1636 1650 τῇ
1685 1598 1777 1635 τε-

178 1675 382 1744 κούσῃ
430 1674 652 1743 αὑτήν·
693 1675 1012 1729 ἐνείδοσιτν
1058 1676 1254 1742 αὐτὴν
1306 1673 1644 1743 θυγατέρες,
1675 1673 1774 1727 καὶ

1880 497 2091 555 perstes
2137 485 2258 552 fuit,
2295 489 2589 545 tolerantes
2620 491 2887 558 laborum,
2921 491 3297 564 Olympiacum
3329 511 3458 552 vere

1879 579 2217 634 castimoniae
2253 595 2479 650 agonem
2510 581 2723 637 fortiter
2749 584 2902 639 obire
2929 601 3037 639 non
3068 586 3453 653 formidarunt,

1880 668 2145 738 sazvisque
2168 670 2507 741 voluptatum
2543 676 2831 731 tormentis
2862 684 2916 730 et
2946 680 3241 747 pavoribus
3273 695 3339 735 ac
3365 683 3460 736 do-

1880 760 2113 823 loribus,
2140 762 2371 834 aliisque
2397 764 2678 820 hominum
2712 768 2966 837 nequitiae
3006 769 3166 825 malis
3195 771 3459 828 resisten-

1878 858 1984 917 tes,
2021 854 2207 924 prima:
2226 866 2351 912 ante
2385 857 2522 913 alios
2551 873 2778 913 munera
2806 860 2860 913 in
2884 860 3201 918 melioribus
3230 866 3460 933 promis.

1879 946 2053 1002 sionis
2083 947 2218 1003 locis
2236 945 2516 1006 collocatae
2540 952 2839 1020 reportant.
2868 953 3111 1026 Denique
3142 957 3243 1013 has
3278 959 3456 1014 solum

1879 1038 2111 1102 animas,
2143 1037 2380 1095 Verbum
2413 1044 2640 1098 electam
2685 1062 2941 1115 sponsam
2989 1058 3152 1118 atque
3184 1050 3456 1104 sinceram

1879 1140 2035 1184 vocat
2066 1148 2081 1185 :
2117 1132 2357 1201 reliquas
2385 1142 2590 1201 autem,
2623 1139 2959 1194 concubinas
2991 1147 3045 1194 et
3076 1141 3461 1196 adolescentu-

1879 1221 1961 1277 las
1994 1231 2157 1292 atque
2202 1223 2359 1290 ﬁlias,
2395 1227 2477 1281 sic
2504 1225 2695 1283 dicens
2718 1229 2764 1261 ³³
2796 1249 2808 1282 :
2841 1228 3131 1301 Sexaginta
3161 1242 3285 1285 sunt
3321 1232 3460 1303 regi-

1879 1326 1981 1376 nw,
2027 1321 2078 1366 et
2117 1314 2381 1384 octoginta
2416 1316 2757 1381 concubium;
2793 1328 2842 1372 et
2875 1321 3282 1376 adolescentulo:
3322 1338 3459 1394 qua-

1878 1417 1998 1454 rum
2031 1418 2136 1456 non
2179 1412 2257 1457 est
2303 1421 2570 1461 numerus.
2612 1405 2729 1460 Una
2761 1418 2839 1462 est
2882 1408 3125 1463 columba
3163 1428 3300 1474 mea,
3334 1426 3456 1480 per-

1878 1491 2017 1560 fecta
2052 1509 2165 1546 mea
2181 1509 2202 1558 ;
2235 1510 2342 1547 una
2363 1504 2440 1548 est
2472 1498 2633 1549 matri
2666 1514 2811 1561 sua};
2852 1499 3015 1553 electa
3050 1502 3290 1571 genitrici
3320 1520 3452 1559 sum.

1888 1582 2144 1638 Viderunt
2178 1601 2297 1639 eam
2342 1586 2502 1655 ﬁliae,
2546 1597 2595 1641 et
2640 1587 2844 1644 beatam
2877 1592 3241 1660 prwdicabunt
3284 1611 3401 1649 eam
3433 1611 3455 1651 :

1881 1679 2071 1748 regina:
2103 1686 2153 1731 et
2185 1678 2488 1733 concubina:
2518 1680 2811 1735 laudabunt
2836 1700 2973 1738 eam.
3007 1682 3145 1739 Cum
3175 1687 3318 1740 enim
3351 1688 3459 1741 uti--

172 1762 586 1829 μακαριοῦσιν
607 1762 832 1831 αὐτήν·
868 1764 1241 1828 βασίλισσαι
1309 1764 1410 1817 καί
1441 1780 1508 1834 τε
1539 1767 1768 1818 παλλα-

1878 1785 1985 1840 que
2010 1769 2192 1823 multa:
2220 1770 2332 1824 sint
2354 1769 2613 1827 Ecclesia:
2640 1773 2784 1838 tiliae,
2817 1790 2924 1827 una
2946 1775 3061 1829 sola
3094 1777 3265 1831 electa
3293 1786 3377 1834 est
3403 1784 3462 1831 et.

176 1852 281 1906 καί
333 1854 614 1909 αἰνοῦσιν
662 1855 874 1923 αὑτήν.
928 1854 1148 1910 Πολλῶν
1176 1854 1287 1929 γὰρ
1321 1855 1497 1909 οὐσῶν
1533 1855 1775 1927 δηλονότι

176 1944 283 2016 τῆς
330 1947 657 2020 Ἐκκλησίας
688 1948 795 2002 τῶν
826 1948 1159 2021 θυγατέρων,
1191 1948 1291 2020 μία
1317 1948 1435 2001 ἐστὶ
1466 1948 1600 2020 μόνη
1630 1948 1777 2002 ἐκλε-

176 2035 285 2107 κτὴ
312 2035 410 2090 καὶ
440 2038 745 2110 τιμιωτάτη
780 2041 839 2092 ὲν
871 2038 1173 2110 ὀφθαλμοῖς
1200 2038 1371 2111 αὐτῆς
1402 2038 1541 2111 ὑπὲρ
1571 2039 1773 2104 πάσας,

173 2126 239 2180 τὺ
265 2128 459 2199 τάγμα
485 2127 595 2183 τῶν
630 2128 934 2202 παρθένων.

1880 1862 2204 1916 charissima
2233 1862 2289 1916 in
2312 1863 2488 1919 oculis
2508 1864 2627 1934 ejus
2657 1880 2825 1936 supra
2856 1868 3113 1938 reliquas,
3143 1870 3280 1925 ordo
3308 1870 3461 1926 scili-

1878 1962 1965 2007 cet
1989 1953 2281 2025 virginum.

176 2243 311 2301 CAP.
343 2244 437 2302 IV.
465 2244 640 2320 Lacus
663 2244 825 2302 Cant.
856 2262 933 2309 vr,
974 2246 1026 2307 7,
1049 2246 1104 2320 8,
1137 2246 1682 2320 expensus.AReginw,
1712 2257 1913 2303 sancta:
1947 2254 2070 2301 ante
2100 2244 2361 2320 diluvium
2393 2248 2608 2302 animm.
2641 2247 2983 2309 Concubinm.
3006 2249 3198 2304 anima:
3231 2254 3456 2320 prophe-

292 2326 492 2373 tarum.
522 2316 768 2372 Divinum
800 2333 974 2372 semen
999 2317 1069 2371 ad
1097 2319 1364 2387 spiritales
1405 2316 1568 2388 fetus,
1603 2321 1657 2445 i‘n
1707 2320 2077 2443 irophetarum
2109 2318 2281 2373 libris.
2319 2317 2488 2384 Quasi
2518 2320 2863 2374 clandestina:
2898 2337 3014 2374 cum
3058 2316 3344 2391 prophetis,

1657 2407 1715 2445 er
1750 2407 1770 2444 ι
1806 2399 2022 2459 nuptura.

260 2500 466 2556 Ἐὰνδὲ
499 2519 578 2573 τῳ
608 2502 965 2575 περὶτούτων
996 2504 1429 2578 ἀμφισϐήτησις,
1461 2505 1538 2570 ὡς
1557 2505 1770 2559 οὐδέπω

175 2592 294 2646 τῶν
354 2593 670 2663 κεφαλαίων
718 2595 915 2661 ἱκανῶς
962 2597 1505 2669 ἐπεξειργασμένων,
1547 2597 1642 2652 καὶ
1690 2597 1770 2652 ἔτι

180 2685 429 2758 βούλοιτο
470 2686 590 2740 κατ’
635 2687 926 2759 ἀναγωγὴν
975 2687 1155 2741 αὐτῶν
1200 2688 1572 2761 πνευματικὴν
1613 2689 1769 2763 διαρ-

180 2779 462 2853 θρωθῆναι
527 2780 932 2853 πληρέστερον,
977 2783 1122 2847 τίνες
1167 2783 1304 2839 εἰσιν
1355 2784 1413 2837 αἱ
1463 2783 1770 2854 βασίλισσαι

180 2873 276 2926 καὶ
308 2876 363 2926 αἱ
391 2872 630 2938 νεάνιδες
650 2890 664 2903 ·
694 2872 942 2945 λέξομεν,
963 2873 1221 2930 δύνασθαι
1249 2876 1421 2929 ταῦτα
1445 2875 1770 2947 λελαλῆσθαι

180 2964 278 3017 καὶ
309 2963 404 3017 ἐπὶ
445 2963 554 3017 τῶν
593 2963 653 3031 ἐξ
686 2963 860 3036 ἀρχῆς
880 2965 1022 3020 κατὰ
1060 2966 1326 3039 πρόϐασιν
1359 2967 1566 3038 χρόνων
1599 2971 1655 3022 ὲν
1695 2967 1772 3021 δι-

1948 2502 2044 2559 Sin
2074 2502 2166 2559 cui
2200 2517 2332 2559 vero
2355 2501 2485 2557 hinc
2529 2501 2699 2557 haeret
2752 2504 3082 2574 scrupulus,
3132 2505 3288 2576 quasi
3336 2506 3456 2562 haec

1875 2597 2055 2654 adhuc
2113 2597 2181 2652 ad
2219 2612 2419 2667 purum
2467 2595 2752 2665 Scriptura
2790 2612 3136 2668 nequaquam
3175 2598 3456 2653 declarata

1877 2691 1969 2757 sit,
2014 2706 2078 2746 ac
2102 2700 2361 2760 pratterea
2387 2689 2453 2743 ad
2486 2689 2825 2760 spiritualem
2849 2705 2969 2744 eam
2997 2706 3218 2745 sensum
3249 2691 3461 2748 referre

1875 2785 2040 2848 velit,
2085 2785 2353 2854 juxtaque
2404 2783 2558 2837 illum
2615 2774 2930 2838 distinctius
2959 2783 3157 2853 exponi
3206 2799 3458 2853 quaenam

1879 2876 1989 2930 sint
2006 2875 2231 2947 reginae,
2253 2891 2376 2947 quae
2398 2891 2530 2931 vero
2551 2876 2872 2931 concubinae
2901 2891 2966 2931 ac
2993 2892 3114 2946 quae
3142 2877 3460 2933 adolescen-

1877 2970 2007 3024 tula:
2030 3010 2046 3036 ,
2082 2968 2330 3037 dicemus
2364 2968 2477 3024 ﬁeri
2526 2984 2690 3040 posse
2739 2978 2800 3024 ut
2838 2970 2943 3024 ista
2974 2970 3120 3024 dicta
3152 2969 3262 3025 sint
3292 2968 3360 3023 de
3388 2968 3460 3024 iis

179 3053 448 3126 καιοσύνῃ
492 3053 943 3125 διαπρεψάντωψ
988 3052 1098 3109 οἷον
1147 3055 1256 3109 τῶν
1307 3056 1414 3128 πρὸ
1457 3056 1551 3110 τοῦ
1602 3073 1768 3109 κατα-

1875 3063 1970 3133 qui
2004 3078 2034 3115 a
2067 3062 2339 3132 principio
2370 3076 2468 3132 per
2492 3061 2874 3117 successiones
2902 3070 3209 3131 temporum
3260 3062 3315 3117 in
3359 3076 3455 3131 ju-

179 3145 427 3217 κλυσμοῦ
447 3185 462 3209 ,
506 3147 601 3200 καὶ
639 3146 748 3200 τῶν
781 3146 919 3218 μετὰ
953 3147 1044 3201 τὸν
1078 3147 1493 3219 κατακλυσμὸν,
1524 3148 1618 3202 καὶ
1660 3147 1769 3201 τῶν

177 3241 293 3296 ἀπὺ
336 3239 432 3295 τοῦ
464 3241 702 3314 Χριστοῦ
748 3242 1002 3314 καθεξῆς.
1048 3239 1200 3297 Εἶναι
1245 3243 1355 3315 γὰρ
1393 3243 1612 3315 νύμφην
1671 3243 1771 3314 μὲν

173 3334 280 3404 τὴν
313 3332 664 3405 Ἐκκλησίαν,
697 3332 1014 3404 βασιλίσσας
1043 3333 1099 3386 δὲ
1123 3334 1221 3397 τὰς
1250 3332 1533 3404 βασιλικὰς
1557 3333 1771 3398 ὲκείνας

173 3427 280 3490 τὰς
332 3425 443 3496 πρὸ
483 3423 580 3478 τοῦ
633 3424 1022 3496 κατακλυσμοῦ
1056 3426 1268 3497 ψυχὰς,
1326 3426 1656 3498 εὐαρέστους
1692 3425 1771 3497 τῷ

173 3518 302 3588 Θεῷ
326 3517 706 3589 γεγενημένας
724 3535 737 3548 ·
765 3518 1012 3572 τουτέστι
1046 3518 1146 3582 τὰς
1177 3519 1322 3589 ἀμφὶ
1347 3519 1439 3573 τὸν
1465 3518 1651 3586 Ἀδελ,
1676 3519 1771 3573 καὶ

174 3612 271 3666 τὸν
302 3610 414 3683 Σὴθ
448 3612 545 3665 καὶ
568 3610 660 3665 τὸν
721 3610 891 3683 Ἑνώχ
912 3609 943 3641 ”
965 3610 1247 3676 παλλακὰς
1280 3612 1337 3666 δὲ
1377 3612 1476 3677 τὰς
1512 3612 1650 3683 μετὰ
1677 3612 1770 3666 τὸν

173 3702 602 3774 κατακλυσμὸν,
637 3703 746 3756 τῶν
798 3703 1126 3775 προφητῶν·
1191 3699 1317 3771 αἷς,
1373 3705 1480 3778 πρὸ
1525 3705 1617 3760 τοῦ
1669 3706 1770 3777 τὴν

183 3796 521 3867 Ἐκκλησίαν
566 3794 908 3867 ἁρμοσθῆναι
944 3794 1023 3867 τῷ
1048 3798 1273 3869 Κυρίῳ,
1306 3797 1650 3853 παλλακίδων
1690 3798 1769 3852 δί-

173 3908 281 3962 κην
336 3887 730 3959 συγγινόμενος
753 3929 767 3955 ,
830 3889 1049 3961 ἀληθεῖς
1112 3891 1409 3963 ὑπέσπειρε
1460 3891 1652 3962 λόγους
1710 3893 1768 3946 ὲν

174 3985 404 4056 ἀφθόρῳ
450 3984 547 4037 καὶ
577 3981 793 4056 καθαρᾷ
827 3982 1148 4055 φιλοσοφίᾳ,
1192 3983 1281 4036 ἴνα
1317 3982 1578 4051 γεννῶσιν
1619 3982 1767 4054 αὐτῷ

176 4077 545 4133 συλλαϐοῦσαι
576 4079 783 4142 πίστιν,
812 4077 1033 4150 πνεῦμα
1058 4078 1354 4150 σωτηρίας.
1388 4077 1626 4132 Τοιαῦτα
1657 4077 1767 4149 γὰρ

174 4171 495 4241 ἀποδλαστή
505 4188 651 4242 ματα
704 4170 929 4241 φύουσιν
971 4172 1027 4224 αἱ
1067 4171 1271 4242 ψυχαὶ,
1314 4170 1639 4242 ἀείμνηστον
1672 4170 1766 4241 φέ-

175 4282 340 4338 ροντα
363 4264 427 4318 τὸ
456 4263 635 4327 κλέος,
674 4263 901 4327 ὁπόσαις
938 4263 1006 4317 ἂν
1032 4262 1061 4314 ὁ
1090 4263 1326 4336 Χριστὸς
1360 4263 1760 4335 συνανακραθῇ.

176 4360 241 4412 Et
270 4358 385 4429 γὰρ
421 4355 677 4426 βούλεσθε
706 4358 786 4419 είς
814 4357 1096 4420 Μωῦσέως
1124 4356 1427 4427 ἀποϐλέψαι
1459 4356 1692 4428 βίϐλους,
1727 4357 1759 4429 ἢ

1875 3157 2026 3212 stitia
2059 3156 2378 3212 claruerunt
2409 3170 2422 3207 :
2460 3163 2614 3225 puta,
2649 3155 2744 3225 qui
2775 3162 2901 3209 ante
2932 3154 3220 3217 diluvium,
3250 3154 3455 3225 quique

1872 3257 1997 3319 post
2025 3249 2315 3314 diluvium,
2347 3255 2402 3304 et
2432 3249 2528 3318 qui
2569 3249 2830 3317 deinceps
2862 3256 2986 3318 post
3019 3247 3319 3302 Christum.
3351 3246 3458 3303 Ec-

1871 3340 2040 3395 clesia
2064 3340 2317 3395 videlicet
2345 3355 2548 3410 sponsa
2575 3348 2682 3396 est.
2715 3339 2939 3410 Reginae
2961 3354 3091 3393 vero
3116 3378 3130 3402 ,
3156 3339 3319 3408 regia:
3349 3339 3455 3393 illae

1872 3431 2070 3486 animae
2100 3446 2223 3500 (nne
2269 3438 2396 3484 ante
2420 3429 2684 3483 diluvium
2731 3427 2839 3483 Deo
2864 3429 3221 3498 placuerunt,
3258 3441 3454 3497 nempe

1870 3523 2027 3588 Abel,
2065 3521 2220 3587 Seth,
2256 3521 2467 3577 Enoch.
2488 3521 2844 3583 Concubinze,
2879 3535 3002 3590 qua:
3028 3525 3153 3587 post
3185 3518 3454 3572 diluvium

1870 3616 2066 3670 anima:
2098 3615 2340 3682 fuerunt,
2372 3629 2568 3683 nempe
2598 3612 3026 3683 prophetarum;
3058 3610 3258 3680 quibus
3298 3618 3454 3663 ante-

1870 3720 2033 3776 quam
2065 3698 2313 3759 Ecclesia
2361 3703 2592 3759 Domino
2648 3708 2967 3774 optaretur,
3021 3699 3453 3755 concubinarum

1870 3811 2023 3852 more
2053 3811 2406 3867 congressus,
2437 3796 2493 3850 in
2528 3798 2844 3866 incorrupta
2868 3792 3182 3865 mundaque
3214 3793 3453 3862 philoso-

1869 3889 1997 3960 phia
2026 3904 2186 3944 veros
2225 3888 2624 3944 subseminavit
2654 3902 2936 3943 sermones
2960 3928 2975 3949 ,
3005 3895 3065 3942 ut
3094 3887 3219 3941 inde
3249 3902 3449 3942 conce-

1868 3990 1959 4053 pta
1987 3982 2091 4037 ﬁde
2116 4023 2132 4047 ,
2171 3981 2428 4051 spiritum
2471 3981 2668 4035 salutis
2696 3980 2744 4034 ei
2785 3990 3059 4050 parerent.
3105 3977 3266 4034 Tales
3300 3979 3447 4033 enim

1868 4075 2012 4131 fetus
2049 4075 2220 4131 edunt
2252 4073 2524 4143 ejusmodi
2556 4073 2772 4135 animae,
2798 4078 3153 4126 monumenta
3189 4072 3272 4127 sui
3295 4068 3455 4126 aster;

1866 4183 1998 4222 num
2030 4180 2290 4221 mansura
2343 4164 2751 4233 relinquentes,
2815 4163 3143 4233 quibuscum
3193 4160 3450 4217 Christus

1865 4274 2200 4328 congressus
2230 4254 2415 4311 fuerit.
2451 4253 2508 4308 Si
2544 4255 2690 4309 enim
2716 4255 2772 4308 in
2816 4253 3023 4324 Moysis
3057 4259 3153 4306 aut
3188 4251 3447 4320 Davidis,

1866 4362 1961 4407 aut
1990 4350 2335 4413 Salomonis,
2365 4356 2459 4403 aut
2486 4334 2673 4410 Isaiae,
2703 4353 2797 4399 aut
2831 4345 3063 4400 aliorum
3103 4344 3447 4416 subsequen-

176 4448 341 4503 Δαυῖδ
367 4448 403 4520 ἢ
439 4447 753 4520 Σολομῶνος
784 4447 819 4518 ἢ
855 4447 1099 4512 Ἡσαΐου,
1141 4447 1309 4517 ἥτῶν
1346 4447 1583 4519 καθεξῆς
1626 4464 1760 4520 προ-

1872 4445 2001 4496 tium
2031 4440 2420 4511 prephetarum
2458 4438 2626 4492 libros
2648 4437 2891 4491 animum
2929 4434 3235 4502 advertere,
3268 4451 3302 4488 o
3334 4434 3448 4491 vir-

174 4540 400 4610 φητῶν,
447 4531 497 4593 ὧ
552 4536 850 4611 παρθένοι,
894 4535 1138 4602 εἴσεσθε,
1171 4533 1261 4591 οἷα
1310 4537 1761 4593 καταλελοίπασιν

173 4632 387 4686 ἑαυτῶν
429 4630 633 4700 ἔκγονα
674 4628 752 4685 τῶ
785 4629 884 4700 βίῳ
929 4630 1170 4701 σωτήρια
1214 4629 1302 4684 διὰ
1345 4631 1445 4701 τὴν
1493 4630 1630 4703 πρὸς
1671 4631 1761 4684 τὸν

176 4725 301 4779 Υἱὺν
333 4722 432 4777 τοῦ
466 4721 602 4777 Θεοῦ
633 4721 936 4776 κοινωνίαν.
967 4722 1129 4776 Ὅθεν
1163 4720 1593 4794 τεθεωρημένως
1624 4724 1761 4777 παλ-

172 4814 345 4878 λακὰς
397 4812 807 4884 προσηγόρευσε
849 4811 949 4875 τὰς
996 4811 1175 4881 ψυχὰς
1216 4809 1317 4875 τὰς
1361 4812 1704 4883 προφητικᾰς
1732 4814 1761 4866 ό

173 4906 368 4973 Λόγος,
400 4904 484 4956 ὅτι
518 4902 592 4975 μὴ
619 4901 868 4974 φανερῶς
899 4901 1070 4965 αὐτὰς
1098 4900 1259 4964 οὕτω,
1293 4899 1544 4974 καθάπερ
1572 4900 1634 4973 δὴ
1665 4903 1760 4955 καὶ

172 4999 271 5068 τὴν
326 4995 657 5067 Ἐκκλησίαν
721 4994 1068 5065 ἐπηγάγετο,
1121 4992 1290 5058 θύσας
1339 4993 1407 5046 δι’
1450 4995 1618 5066 αὐτὴν
1665 4994 1757 5048 τὸν

179 5093 378 5161 μόσχον
410 5088 504 5141 τὸν
532 5086 799 5141 σιτευτόν.

239 5244 285 5278 ⁸⁸
324 5241 491 5301 Cant.
521 5259 600 5311 vr,
635 5243 687 5309 7,
715 5243 771 5299 8.
846 5244 894 5276 ⁵⁸
933 5240 1067 5299 Luc.
1092 5257 1185 5309 xv,
1215 5241 1308 5298 23.

172 5398 388 5457 Possin.
427 5399 807 5472 Ἐμαρτύρησε
826 5398 956 5472 γὰρ,
986 5399 1062 5463 ὡς
1096 5399 1179 5472 οὐ,
1203 5395 1508 5472 redditque,
1533 5401 1753 5472 attesta-

174 5483 249 5524 m
284 5472 427 5528 enim
445 5467 915 5538 eos,'etc.,"cujus'
938 5476 1121 5522 tamen
1165 5468 1435 5538 lectionis,
1475 5467 1749 5538 neciAAlla-f

172 5548 280 5598 tius
307 5535 582 5605 meminit,
617 5558 718 5597 nec
741 5535 835 5610 qui
880 5538 1217 5595 Possinianaa
1266 5537 1486 5610 Lupar._
1518 5535 1746 5610 editioni

172 5613 405 5682 prefuit.
440 5613 508 5667 Et
543 5621 694 5667 certe
720 5605 857 5682 nihil
885 5610 1156 5682 congruit,
1176 5616 1230 5663 et
1258 5605 1523 5682 particula
1555 5605 1631 5668 ὡς
1652 5622 1749 5674 pa-

1860 4534 2038 4605 gines,
2075 4530 2381 4597 volueritis,
2404 4528 2666 4585 videbitis
2704 4530 2896 4599 quales
2927 4542 3199 4598 quamque
3225 4528 3350 4583 vitae
3376 4516 3442 4583 ac

1857 4626 2063 4681 mundo
2093 4625 2364 4680 salutares
2396 4630 2519 4691 past
2542 4636 2602 4676 se
2628 4620 2771 4675 fetus
2794 4620 3139 4689 reliquerint,
3173 4634 3445 4674 commer-

1857 4720 1928 4775 cii
1957 4720 2106 4775 illius
2139 4719 2351 4773 ratione
2373 4717 2519 4788 quod
2555 4715 2665 4770 illis
2683 4730 2807 4770 cum
2834 4713 2974 4769 Filio
2991 4713 3086 4770 Dei
3110 4715 3443 4770 intercessit.

1857 4809 2038 4877 Quare
2067 4809 2412 4865 considerate
2444 4807 2737 4863 admodum
2771 4804 3117 4861 concubinas
3151 4803 3443 4874 appellavit

1859 4901 2099 4956 Verbum
2151 4902 2541 4972 prophetarum
2584 4900 2800 4952 animas
2826 4938 2841 4963 ,
2897 4896 3044 4967 quod
3091 4910 3202 4950 non
3237 4897 3318 4951 sic
3346 4912 3447 4951 eas

1856 4995 2074 5065 palam,
2132 4994 2209 5048 uti
2265 4994 2524 5048 nimirum
2555 4990 2857 5046 Ecclesiam
2883 5028 2899 5055 ,
2945 4989 3211 5056 duxerat,
3254 4990 3444 5046 occiso

1855 5087 2004 5142 illius
2038 5086 2213 5158 gratia
2243 5085 2417 5142 vitulo
2452 5084 2700 5156 saginato
2733 5082 2804 5135 δ’.

1854 5407 1989 5464 ergo
2008 5390 2239 5446 arduum
2265 5390 2504 5446 tenenda
2534 5391 2790 5449 castitate
2808 5394 3111 5464 virginibus
3133 5404 3438 5459 certamen.

1856 5464 2200 5537 martyribus
2225 5477 2361 5537 pene
2396 5477 2640 5537 compar,
2696 5465 2839 5537 quod
2874 5467 3061 5522 multis
3093 5479 3282 5537 postea
3337 5483 3441 5523 sae-

1855 5531 2018 5608 culis.
2047 5533 2116 5588 de
2149 5531 2237 5588 bis
2264 5534 2355 5608 qui
2391 5531 2644 5608 religiosa
2674 5531 2931 5608 palaestra
2984 5539 3036 5590 in
3074 5531 3232 5593 linem
3264 5553 3440 5608 usque

1853 5605 2110 5678 militant,
2146 5604 2386 5674 graviter
2418 5604 2713 5678 edisset-uit
2748 5604 3058 5663 Bernardus
3087 5627 3101 5663 :
3134 5604 3436 5678 quibus'ad

177 5674 277 5738 iam
307 5684 590 5757 adjectitia
626 5689 712 5757 est
760 5680 830 5734 ad
860 5674 1183 5757 servandam
1235 5674 1744 5757 s'yntaxim,._qt‘t'am
1850 5674 2251 5757 virginitatem‘
2283 5688 2379 5757 seu
2432 5676 2766 5757 castitatem.
2804 5678 3017 5757 accedit
3042 5674 3207 5757 etiam
3237 5680 3434 5733 volun--

178 5765 351 5810 tamen
372 5744 670 5811 inmeritus
699 5750 1059 5819 interpolator
1081 5744 1299 5805 servare
1328 5748 1591 5818 nequivit.
1620 5744 1744 5801 Vult
1851 5745 2005 5799 tariae
2030 5744 2366 5815 paupertatis
2398 5753 2452 5799 et
2483 5744 2805 5828 obedientia:
2837 5748 3094 5805 stadium.
3130 5751 3367 5806 Cousar.
