3866 6160
416 270 516 329 151

488 528 852 597 Qumreudum
904 546 1070 602 porro
1126 541 1385 601 praeterea
1445 530 1702 596 videtur,
1762 546 1831 587 ne
1866 528 2000 601 quid
2029 537 2077 593 Α

417 635 523 676 nos
550 621 703 676 dictu
735 623 1108 678 necessarium
1152 622 1321 694 fugiat
1344 662 1359 686 ,
1390 621 1521 691 quid
1561 637 1744 677 causae
1789 622 1863 676 sit
1900 638 2000 677 cur

420 716 621 786 regina:
649 715 870 784 quidem
916 716 1197 785 sexaginta
1247 722 1636 779 numerentur,
1679 715 2003 771 concubinze

418 818 549 858 vero
603 803 919 874 octoginta,
973 804 1400 860 adolescentulm
1458 811 1642 859 autem
1676 813 1785 859 tam
1818 804 2003 859 multa!

418 897 771 963 inducantur,
804 907 864 952 ut
894 913 1083 953 earum
1126 913 1393 954 numerus
1431 906 1652 969 propter
1696 898 2003 953 multitudi-

418 1006 543 1046 nem
575 991 702 1046 iniri
749 1000 1021 1061 nequeat;
1074 1006 1277 1061 sponsa
1320 990 1555 1062 denique
1597 999 1831 1061 ponatur
1869 1006 1996 1046 una.

419 1080 756 1151 Incipiamus
789 1097 820 1136 a
844 1082 1152 1153 sexaginta.
1193 1080 1511 1155 Sexaginta,
1536 1082 1755 1154 opinor,
1784 1082 2000 1154 reginas

419 1172 550 1227 hinc
581 1172 793 1227 vocavit
813 1188 909 1229 eos
937 1173 1032 1244 qui
1078 1174 1148 1230 ab
1185 1174 1394 1229 Adamo
1424 1190 1599 1245 usque
1633 1174 1702 1229 ad
1731 1171 1845 1230 Noe
1868 1189 2002 1229 con~

416 1262 571 1315 tinua
600 1263 955 1318 successione
981 1271 1291 1335 temporum
1332 1263 1444 1319 Deo
1479 1266 1831 1335 placuerunt,
1863 1281 2001 1337 quo-

416 1352 565 1407 niam
594 1353 718 1410 aliis
746 1354 801 1408 bi
834 1357 1118 1426 praeceptis
1152 1371 1219 1411 ac
1252 1356 1465 1427 legibus
1498 1356 1563 1412 ad
1602 1357 1836 1414 salutem
1867 1372 2002 1413 con-

417 1442 755 1513 sequendam
784 1458 923 1514 opus
948 1459 1060 1500 non
1086 1445 1419 1509 habuerunt,
1449 1446 1752 1502 etiamnum
1778 1455 2000 1504 recente

417 1534 563 1605 apud
598 1549 695 1590 eos
724 1537 989 1591 memoria
1033 1537 1328 1594 creatiouis
1374 1538 1602 1605 mundi,
1649 1554 1745 1596 sex
1802 1538 1999 1595 diebus

416 1628 645 1684 conditi.
679 1626 1160 1693 Recordabantur,
1196 1628 1440 1700 inquam,
1466 1645 1562 1685 sex
1590 1627 1802 1685 dierum
1824 1630 2001 1699 spatio

415 1735 602 1776 rerum
637 1720 781 1774 hanc
814 1719 1225 1775 universitatem
1257 1735 1288 1774 a
1314 1718 1425 1776 Deo
1450 1720 1624 1777 fuisse
1647 1720 1995 1785 fabricatam,

414 1827 717 1882 eorumque
735 1826 857 1882 qua:
881 1812 937 1866 in
965 1812 1225 1882 paradiso
1253 1812 1601 1883 contigerant
1634 1812 1857 1867 inﬁxam
1881 1829 2000 1869 sen-

416 1905 570 1961 sibus
619 1904 909 1959 historiam
959 1903 1236 1959 habebant
1289 1922 1302 1957 :

418 1997 583 2051 homo
610 2002 837 2067 accepto
866 1994 1126 2051 mandato
1151 2010 1260 2049 non
1278 1995 1563 2066 tangendaa
1588 1995 1802 2051 arboris
1826 1994 2000 2050 scien-

417 2085 526 2149 tiae,
556 2085 893 2155 impegisset,
914 2084 1107 2140 fraude
1128 2083 1389 2139 inductus
1412 2084 1656 2140 auctoris
1685 2083 1911 2139 malitiae
1927 2084 1994 2137 “.

414 2176 555 2233 Hinc
584 2192 676 2233 eas
698 2177 911 2233 animas
937 2192 1059 2249 qua:
1097 2178 1280 2233 statim
1317 2191 1348 2230 a
1379 2175 1584 2232 mundo
1610 2176 1831 2232 condito
1862 2192 1998 2232 con-

413 2271 568 2325 tinua
598 2270 954 2328 successione
978 2268 1147 2325 Deum
1181 2268 1285 2325 sibi
1314 2268 1609 2323 amandum
1640 2268 1993 2340 delegerunt,

414 2361 681 2429 ferme,ut
703 2363 784 2417 sic
806 2363 1010 2429 dicam,
1048 2363 1206 2433 primi
1238 2361 1426 2416 saeculi
1451 2361 1687 2429 soboles,
1712 2370 1766 2417 et
1787 2361 1997 2417 vicinas

413 2455 599 2527 magni
630 2455 836 2511 senarii
858 2454 1092 2519 dierum,
1122 2454 1409 2526 sexaginta
1446 2453 1669 2525 reginas
1695 2455 1997 2527 symbolice

411 2555 594 2613 vocat,
618 2547 771 2619 quia,
804 2555 864 2603 ut
893 2546 1164 2612 dicebam,
1200 2563 1232 2603 a
1255 2563 1450 2605 senum
1477 2547 1692 2603 dierum
1715 2548 1995 2605 creatione

412 2638 601 2694 statim
631 2640 987 2694 exstiterunt.
1030 2637 1228 2709 Magno
1273 2639 1473 2710 quippe
1526 2638 1733 2694 honore
1769 2640 1995 2709 pra:cel~

413 2730 656 2798 luerunt,
696 2729 954 2785 familiari
974 2729 1290 2800 angelorum
1325 2730 1561 2801 dignata:
1582 2730 1856 2800 colloquio
1879 2771 1895 2798 ,
1929 2745 1995 2785 ac

410 2835 533 2891 qua:
563 2818 732 2874 Deum
764 2820 966 2891 palam,
1012 2836 1123 2876 non
1159 2836 1258 2893 per
1312 2822 1627 2888 somnium,
1684 2837 1827 2893 saepe
1883 2822 1995 2877 sint

411 2912 695 2967 contuitte.
724 2909 1085 2967 Considerate
1108 2913 1253 2968 cnim
1272 2923 1478 2983 quanta
1511 2913 1680 2970 Setbo
1710 2913 1994 2970 familiari-

413 3015 497 3060 tas
535 3019 660 3059 cum
688 3001 801 3060 Deo
832 3004 1139 3071 exstiterit,
1175 3011 1380 3075 quanta
1411 3020 1536 3060 cum
1563 3005 1753 3073 Abele,
1789 3014 1994 3078 quanta

407 3111 535 3152 eum
566 3094 770 3161 Enoso,
796 3103 1002 3166 quanta
1034 3111 1162 3151 cum
1192 3095 1418 3152 Enocho
1441 3136 1456 3163 ,
1486 3106 1689 3169 quanta
1729 3115 1855 3153 cum
1878 3099 1995 3155 Ma-

1343 268 1402 323 S.
1448 263 1787 323 METHODI]
1825 262 2136 321 EPISCOPI
2173 262 2261 318 ΕΤ
2300 258 2663 317 MARTYBIS

3583 264 3691 320 159

702 413 835 473 CAP.
863 412 931 470 Ἴ.
960 413 1249 487 Sexaginta
1278 414 1494 485 regium,
1527 430 1622 468 cur
1664 414 1963 485 sexaginta,
1991 420 2043 468 et
2071 428 2166 466 cur
2201 413 2413 482 reginae.
2446 408 2621 463 Primi
2648 408 2745 463 (ιουὶ
2769 415 3070 462 sanctorum
3104 413 3437 478 prwstantia.

2185 525 2594 599 Ἐπαπορητέον
2612 525 2669 578 δὲ
2692 524 2960 579 καὶτοῦτο
2987 525 3124 597 πρὸς
3145 525 3376 591 τούτοις,
3400 526 3487 580 ἴνα
3520 528 3689 599 μηδὲν

2099 624 2248 694 ἡμᾶς
2296 620 2405 675 τῶν
2454 618 2765 689 ἀναγκαίων
2812 618 3109 690 ἀποδράναι
3137 616 3371 691 δυνηθῇ,
3403 620 3458 677 τί
3488 619 3690 691 δήποτε
3753 661 3776 682 ,

2100 715 2199 778 τάς
2232 713 2331 785 μὲν
2379 710 2696 783 βασιλίσσας
2727 708 2988 780 ἑξήκοντα
3014 708 3138 781 ἔφη,
3176 709 3276 774 τάς
3305 709 3362 763 δὲ
3405 709 3690 775 παλλακὰς

2099 807 2460 877 ὀγδοήκοντα·
2504 804 2603 868 τὰς
2648 802 2706 857 δὲ
2752 801 2997 867 νεάνιδας
3038 801 3305 866 τοσαύτας
3328 842 3343 867 ,
3378 804 3501 857 ὅσον
3550 803 3691 875 μηδὲ

2100 896 2449 969 ἀριθμεῖσθαι
2479 894 2568 950 διὰ
2613 895 2711 966 τὴν
2754 892 2997 965 πληθύν·
3032 893 3131 965 τὴν
3166 893 3223 946 δὲ
3265 892 3484 966 νύμφην
3533 894 3684 965 μίαν.

2100 990 2213 1044 Καὶ
2240 988 2451 1060 πρῶτον
2493 987 2594 1059 μὲν
2628 986 2757 1059 περὶ
2796 985 2905 1041 τῶν
2937 985 3202 1056 ἑξήκοντα
3240 985 3477 1041 λεκτέον.
3532 984 3692 1056 Ἐξή-

2100 1098 2266 1136 κοντα
2292 1078 2609 1151 βασιλίσσας
2652 1077 2904 1133 ἐντεῦθεν
2927 1119 2941 1142 ,
2972 1078 3047 1141 ὡς
3083 1073 3237 1148 οἶμαι
3278 1076 3373 1149 δὴ,
3401 1077 3528 1142 τοὺς
3576 1077 3689 1131 ἀπὸ

2099 1170 2193 1225 τοῦ
2218 1170 2645 1241 πρωτοπλάστου
2676 1170 2837 1241 μέχρι
2864 1167 2987 1221 Νῶε
3030 1168 3170 1224 κατὰ
3212 1168 3459 1240 διαδοχὴν
3492 1169 3689 1242 εὐαρε-

2103 1266 2407 1337 στήσαντας
2432 1264 2660 1319 ἐκάλεσε
2693 1261 2772 1334 τῷ
2794 1261 2941 1333 Θεῷ·
2971 1261 3267 1334 ἐπειδήπερ
3292 1255 3436 1316 οὗτοι
3469 1270 3689 1335 παραγ-

2098 1359 2386 1432 γελμάτων
2421 1359 2517 1413 καὶ
2549 1356 2781 1429 ’θεσμῶν
2826 1356 2907 1420 εἰς
2949 1354 3011 1408 τὸ
3064 1354 3304 1428 σωθῆναι
3347 1355 3536 1428 χρείαν
3581 1358 3690 1410 οὐκ

2100 1453 2416 1524 ἐσχήκασιν,
2452 1449 2532 1502 ἔτι
2579 1450 2893 1523 προσφάτου
2933 1449 3032 1520 τῆς
3070 1446 3211 1501 κατά
3243 1447 3342 1517 τήν
3384 1444 3689 1519 ὲξαήμερον

2098 1539 2266 1613 οὔσης
2297 1542 2481 1604 αὐτοῖς
2507 1538 2598 1594 τοῦ
2626 1539 2833 1611 κόσμου
2857 1539 3186 1601 συστάσεως.
3219 1535 3555 1608 Ἐμέμνηντο
3574 1535 3689 1606 γὰρ

2100 1626 2261 1697 οὗτοι,
2284 1633 2361 1697 ὡς
2381 1628 2447 1686 ἐν’
2462 1632 2521 1700 ἓξ
2550 1631 2784 1704 ήμέραις
2806 1634 2834 1685 6
2858 1630 2992 1694 Θεὸς
3013 1630 3337 1701 ἐτεκτήνατο
3361 1629 3461 1702 τὴν
3484 1628 3686 1692 κτίσιν,

2098 1726 2167 1781 τά
2196 1743 2256 1779 τε
2282 1728 2340 1779 ὲν
2367 1724 2444 1796 τῷ
2479 1725 2791 1798 παραδείσῳ
2812 1722 3106 1793 γεγονότα’
3133 1721 3227 1776 καὶ
3261 1720 3379 1785 πῶς
3411 1724 3440 1775 6
3472 1720 3688 1793 ἄνθρω-

2101 1835 2222 1882 πος,
2257 1816 2476 1889 ἐντολὴν
2509 1815 2649 1886 ἔχων
2681 1816 2756 1886 μὴ
2793 1814 3032 1885 ἅψασθαι
3069 1813 3165 1868 τοῦ
3200 1812 3371 1883 φυτοῦ
3415 1814 3514 1885 τῆς
3552 1829 3690 1884 (990'

1380 1917 1492 1974 qua
1538 1918 1735 1973 nempe
1786 1906 1993 1959 ratione

2100 1911 2307 1981 νήσεως
2330 1909 2459 1979 (99),
2488 1907 2794 1973 ἐξώκειλεν,
2835 1907 3379 1977 ἀποϐουκολήσαντος
3402 1905 3565 1959 αὑτὸν
3587 1902 3688 1958 τοῦ

2099 2002 2198 2073 τῆς
2243 2002 2442 2064 κακίας
2502 1999 2777 2069 σοφιστοῦ.
2837 1996 3117 2052 Ἐντεῦθεν
3163 1997 3226 2070 δὴ
3266 1997 3368 2061 τάς
3426 1996 3536 2051 ἀπὸ
3583 1997 3690 2066 τῆς

2101 2093 2411 2157 συστάσεως
2460 2091 2662 2154 εὐθέως
2707 2090 2801 2144 τοῦ
2853 2090 3058 2161 κόσμου
3101 2090 3241 2144 κατά
3293 2089 3545 2161 διαδοχὴν
3591 2088 3691 2143 τὸν

2097 2186 2229 2240 Θεὸν
2264 2185 2447 2241 ποθεῖν
2496 2184 2757 2256 ὲλομένας
2807 2183 2986 2255 ψυχὰς
3013 2226 3027 2249 ,
3072 2185 3166 2236 καὶ
3225 2183 3431 2254 σχεδὸν,
3478 2184 3527 2236 εί
3575 2182 3689 2255 χρὴ

2098 2280 2285 2348 φάναι,
2306 2277 2396 2331 τοῦ
2424 2275 2641 2349 πρώτου
2666 2274 2859 2338 αἰῶνος
2880 2274 3046 2339 οὔσας
3070 2274 3289 2343 ἔκγονα,
3314 2274 3410 2328 καὶ¹
3435 2274 3692 2343 γείτονας

2095 2371 2197 2440 τῆς
2246 2369 2486 2441 μεγάλης
2525 2367 2862 2439 ἑξαημέρου,
2911 2365 3173 2438 ἑξήκοντα
3217 2365 3533 2437 βασιλίσσας
3577 2364 3691 2435 ἔφη

2098 2458 2459 2531 συμϐολικῶς,
2491 2458 2577 2513 διὰ
2608 2458 2669 2511 τὸ
2700 2456 2839 2528 μετά
2873 2458 2972 2530 τήν
3004 2456 3307 2529 ὲξαήμερον
3340 2454 3566 2520 εὐθέως,
3600 2455 3689 2520 ὼς

2095 2551 2252 2624 ἔφην,
2287 2550 2591 2621 γεγονέναι.
2629 2549 2891 2621 Μεγάλην
2936 2549 3046 2621 γάρ
3075 2549 3372 2620 ἐσχήκασιν
3410 2539 3558 2600 οὗτοι
3600 2562 3693 2598 τι-

2098 2643 2225 2715 μὴν,
2272 2641 2524 2711 ἀγγέλοις
2567 2642 3043 2714 συνομιλήσαντες,
3082 2640 3297 2694 καὶτὸν
3329 2638 3463 2692 Θεὸν
3508 2637 3689 2710 ὕπαρ,

2094 2737 2196 2789 οὐκ
2229 2735 2397 2808 ὅναρ,
2448 2734 2706 2800 πολλάκις
2745 2734 3089 2804 θεασάμενοι.
3141 2730 3538 2801 Ἐπισκέψασθε
3573 2729 3693 2803 γάρ

2093 2828 2225 2900 ὅσην
2250 2827 2375 2898 ἔσχε
2410 2826 2721 2899 παρρησίαν
2753 2827 2781 2879 ὁ
2831 2824 2936 2896 Σήθ
2974 2823 3111 2896 πρὸς
3153 2824 3244 2878 τὸν
3293 2823 3447 2887 Θεὸν,
3480 2823 3617 2894 ὅσην
3659 2823 3692 2875 6

2097 2917 2265 2973 ’Ἅϐελ
2285 2919 2381 2990 (1),
2421 2919 2554 2990 ὅσην
2587 2920 2616 2972 ὁ
2655 2915 2842 2982 Ἐνὼς,
2878 2916 3011 2987 ὅσην
3040 2916 3068 2968 ὁ
3114 2915 3305 2986 Ἑνὼχ,
3339 2915 3472 2986 ὅσην
3503 2916 3531 2968 6
3561 2915 3693 2969 Μα-

2094 3010 2349 3076 θουσάλα,
2384 3010 2517 3081 ὅσην
2544 3010 2572 3064 ὅ
2608 3009 2752 3074 Νῶε,
2784 3006 2991 3081 πρῶτοι
3016 3006 3365 3078 δικαιοσύνης
3393 3008 3691 3076 γεγονότες

2093 3104 2340 3176 ἐρασταὶ,
2367 3104 2462 3158 καὶ
2488 3103 2693 3175 πρῶτοι
2715 3101 2824 3156 τῶν
2856 3100 3219 3173 πρωτοτόκων
3242 3100 3448 3154 τέκνων
3476 3100 3692 3169 ἀπογε-

408 3188 651 3255 tbusala,
682 3195 889 3259 quanta
918 3204 1045 3243 cum
1081 3186 1287 3245 Noemo
1312 3190 1688 3261 necessitudo.
1730 3189 1899 3245 Primi
1935 3191 1990 3245 bi

2100 3197 2433 3271 γραμμένων
2467 3198 2524 3250 ὲν
2564 3197 2833 3269 οὐρανοῖς,
2869 3197 2968 3269 τῆς
3000 3195 3279 3267 βασιλείας
3308 3193 3690 3261 καταξιωθέν-

408 3288 683 3337 amatores
711 3280 972 3351 iustitiae,
1015 3281 1286 3353 primique
1320 3281 1462 3337 inter
1489 3282 1882 3354 primogenitos
1923 3282 1987 3337 li-

2100 3264 2404 3359 τες,ῶσπερ
2421 3264 2643 3359 ἀπαρχή
2668 3305 2754 3353 τις
2779 3287 2887 3341 τῶν
2912 3264 3271 3360 φυτευμάτων
3296 3287 3376 3350 είς
3403 3286 3689 3358 σωτηρίαν

406 3375 570 3430 beros
607 3373 702 3445 qui
731 3374 1031 3445 conscripti
1067 3384 1192 3430 sunt
1234 3373 1289 3428 in
1321 3375 1481 3430 caelis
1518 3374 1598 3440 δ’,
1633 3390 1858 3445 regnum
1899 3389 1991 3431 as-

409 3464 619 3529 secuti,
652 3480 755 3519 ceu
796 3463 1052 3535 primitiae
1091 3466 1339 3534 quaedam
1368 3464 1768 3536 plantationum
1815 3464 1870 3518 in
1899 3479 1991 3520 sa-

407 3554 599 3621 lutem,
638 3568 703 3609 ac
726 3554 822 3625 qui
850 3553 960 3609 Deo
983 3568 1197 3625 praecox
1240 3553 1455 3610 fructus
1497 3552 1868 3625 provenerint.
1909 3552 1989 3608 Ac

406 3643 477 3701 de
509 3645 597 3703 bis
630 3645 851 3718 quidem
882 3646 1039 3702 satis.

2098 3378 2345 3452 πρώῖμος
2390 3378 2469 3451 τῷ
2511 3378 2630 3450 Θεῷ
2664 3379 3063 3452 βλαστήσαντες
3114 3379 3346 3453 καρπός.
3386 3378 3501 3432 Καὶ
3546 3379 3685 3452 περὶ

2098 3471 2198 3543 μὲν
2225 3470 2428 3525 τούτων
2454 3469 2763 3543 αὐτάρκως.

856 3761 988 3821 Car.
1030 3763 1120 3821 Vl.
1155 3763 1439 3837 Octoginta
1462 3763 1940 3837 concubinw,’qtue
1965 3766 1991 3820 1’
2021 3760 2208 3817 Facta:
2232 3759 2500 3831 prcphetis
2536 3756 2934 3813 Incarnationis
2956 3758 3217 3814 notiones.

477 3879 556 3937 De
579 3879 906 3936 concubinis
935 3887 1109 3937 restat
1154 3882 1357 3938 dicere.
1396 3882 1556 3953 Apud
1601 3899 1697 3940 eos
1729 3883 1822 3955 qui
1862 3887 1987 3953 post

406 3974 680 4032 diluvium
729 3972 987 4041 fuerunt,
1019 3975 1112 4029 illa
1137 3976 1253 4046 jam
1299 3975 1396 4032 Dei
1439 3977 1680 4047 cognitio
1725 3976 1988 4031 remotior

407 4068 575 4134 facta,
603 4082 741 4137 pene
773 4067 1116 4135 exoleverat;
1155 4066 1374 4141 aliaque
1419 4068 1500 4123 eis
1546 4058 1685 4139 Opus
1729 4067 1984 4122 doctrina

403 4164 523 4211 erat
552 4172 675 4226 qua:
702 4155 965 4211 adversus
993 4163 1344 4211 enascentetn
1379 4171 1444 4211 ac
1462 4155 1575 4225 jam
1601 4171 1823 4226 serpere
1847 4157 1987 4211 inci-

405 4248 644 4321 picntem
677 4245 1042 4303 idololatriam
1084 4247 1409 4303 mortalibus
1438 4247 1695 4318 praesidio
1736 4262 1801 4303 ac
1833 4247 1987 4303 auxi-

442 4402 489 4435 “
528 4402 659 4458 Gen.
692 4416 777 4468 ιιι,
807 4402 861 4457 5.
936 4401 984 4435 ’θ’
1023 4400 1190 4457 Hebr.
1219 4416 1321 4471 xu,
1343 4402 1435 4458 23.

2163 3878 2301 3949 Περὶ
2345 3876 2403 3931 δὲ
2446 3876 2555 3931 τῶν
2601 3876 2893 3931 παλλακῶν
2937 3874 3099 3929 πάλιν
3144 3874 3386 3928 λεκτέον.
3419 3876 3545 3940 Τοῖς
3585 3893 3689 3948 με..

2090 3971 2162 4026 τά
2190 3971 2281 4025 τὸν
2314 3969 2698 4040 κατακλυσμὸν
2746 3968 3013 4041 ἀπωτέρω
3057 3966 3131 4038 (2)
3179 3967 3363 4022 λοιπὸν
3401 3970 3435 4039 ή
3475 3969 3687 4038 γνῶσις

2088 4060 2158 4135 ἦν
2190 4061 2282 4115 τοῦ
2313 4061 2447 4115 Θεοῦ
2467 4078 2481 4092 ο
2522 4062 2619 4115 καὶ
2640 4060 2870 4132 ἔχρῃζον
2892 4060 3087 4131 ἑτέρας
3118 4058 3361 4130 διδαχῆς,
3398 4060 3687 4133 ἑρπούσης

2091 4157 2194 4229 ήδη
2223 4153 2324 4224 τῆς
2355 4151 2820 4225 είδωλολατρείας,
2863 4152 2985 4222 ἥτις
3016 4150 3201 4214 αὐτοῖς
3234 4146 3390 4215 αὖθις
3418 4151 3684 4220 ἀλεξίκα-

2092 4264 2187 4312 κος
2217 4246 2392 4300 ἔσοιτο
2430 4248 2524 4301 καὶ
2559 4245 2769 4318 βοηθός.
2824 4243 2883 4296 '0
2906 4240 2999 4298 οὖν
3042 4242 3196 4308 Θεὸς,
3235 4244 3325 4299 ἴνα
3372 4242 3450 4315 μὴ
3496 4244 3685 4318 πάντη

483 4519 597 4602 (9_9)
743 4520 1037 4602 juxta-0m
1063 4522 1172 4602 τοῆ
1225 4522 1579 4602 φυτοῦ-τῆς
1619 4519 1988 4602 ερροιςήσεως.

2100 4518 2436 4602 insipientia?)
2472 4533 2646 4602 quam
2671 4520 3004 4602 φρονήσεως,
3036 4522 3349 4602 prudentia}.
3384 4521 3497 4602 Leo
3528 4524 3685 4602 Alla-

405 4590 502 4647 ιω
522 4593 706 4661 junxit
739 4591 1025 4648 Possinius
1052 4608 1117 4647 ac
1155 4590 1293 4649 bene
1319 4590 1575 4656 reddidit.
1605 4590 1859 4647 mandato
1896 4609 1987 4645 ac-

405 4671 551 4730 cepto
596 4679 703 4716 non
733 4661 1007 4733 tangenda:
1048 4663 1257 4718 arboris
1295 4666 1559 4728 scientiae;
1593 4665 1752 4733 cujus
1784 4678 1986 4733 praava-

405 4732 675 4787 ricatione
712 4734 794 4788 sic
832 4732 1109 4799 ὲξώκειλε,
1154 4736 1399 4802 impegit;
1439 4750 1539 4790 nec
1567 4732 1706 4804 opus
1735 4732 1860 4788 cum
1893 4733 1987 4785 illo

409 4804 687 4874 supplere,
713 4804 767 4857 in
796 4804 1018 4857 exitium
1060 4805 1241 4860 miser.
1268 4805 1368 4874 Sic
1386 4806 1530 4860 enim
1558 4804 1738 4858 Latini
1765 4818 1831 4859 ea
1854 4818 1987 4858 voce

409 4873 659 4944 absolute
695 4874 1029 4944 significant,
1070 4876 1216 4944 quod
1252 4873 1428 4929 Graeci
1461 4876 1554 4930 illa
1593 4875 1785 4936 altera,
1816 4884 1988 4927 meta-

410 4946 583 5012 phora
611 4943 777 4998 ducta
842 4959 873 4997 a
906 4943 1163 5009 navibus,
1192 4961 1314 5014 quae
1345 4947 1427 5000 sic
1469 4946 1525 5000 in
1555 4952 1745 4999 cautes
1778 4950 1832 4997 et
1862 4943 1988 5014 bre-

408 5014 494 5065 via
517 5026 581 5065 ac
606 5015 724 5067 loca
754 5029 947 5084 aspera
980 5013 1279 5086 impingere
1301 5016 1561 5071 dicuntur
1583 5025 1638 5069 et
1659 5014 1830 5086 allidi,
1855 5013 1987 5086 dum

408 5089 630 5203 portum
696 5083 980 5153 tutaiuque
1036 5083 1330 5142 stationem
1403 5087 1666 5157 cogitant.
1743 5083 1977 5154 llesych.

439 5152 635 5203 Εέπεσε
672 5155 894 5203 exponit
941 5174 955 5203 :
992 5156 1088 5203 sed
1113 5157 1227 5203 insa
1268 5172 1549 5203 exnmmns
1594 5171 1728 5203 vox-
1781 5154 1977 5203 obscu-

439 5152 635 5227 ξέπεσε
672 5152 905 5223 exponit
941 5174 955 5209 :
992 5156 1089 5209 sed
1113 5157 1228 5225 ipsa
1268 5152 1549 5227 exponens
1594 5171 1728 5214 vox,
1781 5152 1983 5208 obScu-

406 5222 522 5274 rior
547 5237 614 5298 eo
642 5222 806 5298 sensu
835 5239 968 5298 voce
987 5222 1260 5296 exposita,
1288 5222 1357 5281 ac
1384 5227 1803 5298 infrequentior,
1839 5233 1896 5277 ut
1924 5230 1979 5279 et

408 5305 562 5371 quas
581 5290 780 5347 Suidas
809 5293 1030 5371 adhibet
1051 5290 1077 5358 ,’
1097 5298 1191 5365 qui
1219 5305 1273 5352 et
1304 5298 1420 5366 ipse
1440 5290 1720 5371 ἀπδνηός,
1757 5294 1821 5348 de
1845 5309 1981 5371 nave

408 5361 517 5437 dici
548 5361 692 5437 ba_nc
709 5378 909 5437 _vocem
940 5361 1166 5437 adnotat
1193 5385 1206 5421 :
1245 5361 1346 5421 nec
1368 5384 1506 5437 opus
1540 5361 1710 5421 altera
1737 5365 1974 5434 explica-

410 5431 557 5483 tione
588 5428 680 5507 r.
707 5429 901 5507 Poetae.
932 5434 1197 5507 Φρόνησις
1226 5452 1357 5506 ergo
1382 5428 1504 5491 ἀντὶ
1536 5437 1636 5507 τῆς
1669 5428 1981 5507 ἐπιστήμης

409 5507 517 5557 est.
564 5499 680 5580 sive
723 5499 996 5580 γνῶσεως,
1043 5499 1143 5580 pro
1188 5499 1547 5580 inte'lligentia
1594 5499 1669 5560 'ac
1719 5499 1971 5568 scientia,

410 5567 683 5648 quomodo
704 5571 868 5624 vertit
887 5567 1080 5648 Cicero
1103 5567 1630 5648 docetquevBudaaus
1652 5591 1794 5645 saepe
1819 5567 1982 5648 usur-

414 5645 563 5719 pari;
600 5656 706 5719 non
740 5654 838 5719 pro
871 5645 1537 5719 prudentia,_quaevirtu_s
1567 5656 1672 5709 est,
1705 5647 1981 5716 quomodo

411 5708 594 5779 potius
623 5707 934 5783 ἀφροσύνης
969 5714 1132 5770 arbor
1169 5707 1403 5774 dicenda
1429 5707 1705 5774 videretur
1724 5707 1982 5787 '(summae

2098 4592 2208 4647 tius
2237 4591 2297 4645 τὸ
2328 4591 2437 4657 τῆς
2458 4591 3002 4662 φρονήσεως-Ῑιιιιείι
3034 4591 3199 4650 verbo
3230 4593 3511 4661 ἐξώκειλε,
3551 4597 3685 4652 red-

2092 4663 2301 4733 ditque,
2345 4672 2497 4716 extra
2533 4672 2754 4733 mentem
2776 4661 2886 4733 ille
2925 4661 3212 4733 delapsus;
3243 4668 3536 4720 attendens
3567 4667 3684 4720 sci-

2090 4730 2219 4787 licet
2234 4733 2628 4803 expositionem
2652 4730 2746 4784 τοῦ
2761 4730 3408 4803 ἐξέπεσείὲξωλίσθησε.
3436 4735 3542 4791 Sed
3567 4753 3682 4791 non

2092 4803 2308 4876 videtur
2333 4803 2447 4876 haac
2478 4802 2941 4876 vismetaphoraz,
2971 4807 3130 4873 quasi
3160 4802 3374 4876 scilicet
3412 4822 3480 4861 ex
3514 4817 3681 4876 portu

2092 4873 2270 4927 delabi
2320 4872 2475 4927 navis
2520 4871 2769 4937 dicatur,
2822 4881 2877 4926 et
2929 4871 3033 4928 hoc
3082 4876 3155 4930 sit
3198 4871 3529 4941 ἐξοκέλλειν,
3565 4893 3680 4931 non

2090 4945 2211 5017 ejus
2245 4943 2738 5017 abet-rationc,__ita_
2803 4949 2867 5017 ut
2917 4941 3123 5017 dictum
3190 4953 3314 5011 est,
3370 4946 3682 5017 impingere

2088 5014 2376 5083 frangique
2399 5021 2563 5082 atque
2590 5012 2740 5065 allidi
2766 5011 2833 5083 ad
2857 5011 3039 5067 brevia
3060 5022 3115 5069 et
3135 5024 3348 5070 cautes.
3371 5011 3679 5075 cuinam.

2157 5081 2237 5151 (ti
2270 5084 2465 5150 Ὂσηγ
2486 5086 2519 5136 ό
2548 5085 2736 5136 Ἅϐελ.
2767 5081 2891 5135 Haec
2915 5085 3240 5140 exciderunt
3261 5100 3328 5139 ex
3350 5084 3501 5140 edito
3518 5086 3681 5141 Com-

2084 5154 2370 5214 belisiano,
2394 5170 2514 5223 qua:
2537 5162 2717 5207 tamen
2744 5152 3004 5223 exhibent
3033 5154 3268 5210 Allatius
3291 5164 3347 5210 et
3364 5155 3680 5216 Possinius.

2082 5224 2241 5299 apud
2284 5222 2543 5299 Allatiutn
2593 5222 2839 5277 vicissim
2894 5223 2998 5299 ista
3030 5230 3419 5299 omittuntur,
3462 5228 3598 5299 ὅσην
3647 5228 3681 5282 ὁ

2098 5291 2283 5358 Ἐνώς,
2315 5310 2435 5363 qua:
2475 5296 2731 5363 leguntur
2775 5308 2842 5346 ex
2872 5295 2996 5348 cod.
3030 5291 3151 5349 Vat.
3192 5297 3250 5352 in
3290 5296 3457 5353 editis
3489 5291 3679 5355 Possi-

2087 5365 2162 5418 nii
2193 5377 2247 5419 et
2279 5362 2617 5419 Gotitbefisii.
2646 5362 2815 5417 GALL.

2156 5433 2602 5505 (Ξλᾋπωτέρω.
2663 5432 2754 5487 Sic
2797 5431 3053 5505 Allatius.
3099 5433 3387 5492 Possinius
3434 5453 3566 5492 vero
3606 5453 3679 5495 ex

2082 5503 2216 5558 cod.
2250 5504 2368 5559 Vat.
2411 5505 2780 5576 derépw.....
2834 5503 3011 5576 Atque
3056 5508 3198 5560 lianc
3228 5505 3350 5560 Vat.
3380 5509 3675 5563 lectionem

2088 5577 2326 5630 retinere
2398 5573 2600 5629 maluit
2651 5575 2829 5629 euitor
2896 5573 3212 5644 Lupareus.
3285 5580 3505 5632 etiamsi
3563 5594 3673 5634 ms.

2087 5644 2291 5772 gazam
2326 5653 2380 5700 et
2419 5657 2671 5716 excerpta
2713 5644 2977 5702 Photiaua
3013 5646 3281 5719 ἀπωτέρω
3324 5650 3670 5723 praeferrent.

2134 5730 2375 5772 onagris.

2134 5730 2375 5773 OIBEHS.
