3866 6160
157 274 259 331 135

1225 272 1616 332 CONVIVIUM
1655 274 1884 331 DECEM
1926 273 2286 332 VIRGINUM.

3318 280 3429 336 ιω

155 392 216 447 τὺ
238 393 405 460 γένος
455 391 567 447 τῶν
596 390 898 464 ἀνθρώπων
932 393 1174 465 ἀϊστωθῇ
1218 393 1357 467 λήθῃ
1404 392 1513 447 τῶν
1546 392 1749 458 καλῶν,

1858 393 1931 448 lio
1970 393 2129 451 foret.
2177 394 2322 452 Deus
2352 395 2537 465 itaque
2562 436 2576 459 ,
2608 409 2678 451 ne
2710 396 2978 451 bonorum
3019 397 3291 454 oblivione
3323 399 3429 453 liu-

155 485 247 540 τὸν
291 484 433 539 ἴδιον
478 485 650 539 Παῖδα
696 488 811 550 τοῖς
855 486 1162 558 προφήταις
1207 486 1492 540 ἐκέλευσεν
1539 485 1751 555 ὑπηχῆ-

158 596 244 633 σαι
266 580 373 649 (3),
399 577 503 649 τὴν
545 579 808 650 ἐσομένην
849 578 1039 632 ἑαυτοῦ
1084 578 1384 652 παρουσίαν
1430 577 1517 631 διὰ
1550 578 1750 649 σαρκὸς

157 673 235 734 είς
270 671 370 723 τὸν
414 670 530 741 βίον
554 710 570 734 ,
604 669 728 723 καθ’
770 671 836 742 ἣν
882 672 915 743 ή
945 670 1043 742 τῆς
1080 669 1454 739 πνευματικῆς
1502 666 1750 737 ὀγδοάδος

155 762 303 834 χαρὰ
351 763 452 817 καὶ
484 762 684 832 γνῶσις
735 762 1177 835 κηρυχθήσεται,
1218 761 1465 831 ἀφέσεως
1503 762 1752 831 ἁμαρτη-

162 854 354 924 μάτων
384 848 646 909 οὗσαόιαὶ¹
670 855 1019 917 ἀναστάσεως
1046 854 1374 924 παρεκτική·
1406 849 1749 924 περιτμηθῆ-

159 944 353 998 σεσθαι
405 944 517 1015 γὰρ
570 944 636 998 δι’
669 943 838 1015 αὐτῆς
869 943 979 996 τῶν
1028 942 1331 1015 ἀνθρώπων
1364 943 1433 997 τὰ
1466 944 1613 1015 πάθη
1657 944 1751 997 καὶ

156 1036 256 1107 τὴν
280 1035 516 1107 φθοράν.
549 1035 661 1088 Καὶ
700 1034 789 1089 διὰ
813 1035 971 1089 τοῦτο
1016 1035 1107 1089 τὸν
1152 1032 1451 1104 κατάλογον
1485 1034 1594 1088 τῶν
1640 1035 1750 1088 ἀπὸ

158 1125 250 1180 τοῦ
286 1126 546 1198 Ἀϐραὰμ
579 1127 871 1198 προφητῶν
896 1127 984 1181 διὰ
1014 1127 1113 1199 τὴν
1140 1127 1240 1197 τῆς
1282 1127 1584 1199 περιτομῆς
1617 1144 1752 1199 πρε-

161 1217 378 1283 σϐεέαν,
447 1219 542 1273 τὸν
579 1217 724 1272 ὀκτὼ
773 1218 1134 1290 περιεχούσης
1184 1218 1447 1292 ἀριθμὸν,
1487 1215 1555 1291 ἦς
1592 1218 1751 1291 ἐξήρ-

158 1327 319 1381 τηται
365 1310 461 1364 καὶ
493 1312 522 1365 ὁ
554 1312 738 1382 νόμος,
781 1311 1110 1382 ὀγδοήκοντα
1145 1312 1426 1377 παλλακὰς
1452 1313 1710 1367 ἐκάλεσεν
1731 1332 1744 1343 ·

157 1400 238 1453 ὅτι
279 1402 528 1472 πρῶτοι,
563 1402 691 1474 πρὶν
736 1402 836 1474 τὴν
862 1402 1080 1473 νύμφην
1118 1404 1218 1474 τὴν
1257 1404 1583 1475 Ἐκκλησίαν
1616 1420 1750 1457 κατ-

159 1492 502 1564 εγγυηθῆναι
547 1493 626 1566 τῷ
660 1494 853 1566 Λόγῳ,
902 1493 971 1547 τὰ
1024 1494 1144 1548 θεῖα
1188 1494 1542 1559 συλλαϐόντες
1586 1495 1751 1566 σπέρ-

164 1602 334 1653 ματα,
374 1586 478 1657 τῆς
506 1586 706 1659 νοητῆς
738 1584 1166 1658 προεξήγγειλαν
1194 1586 1444 1657 ὀγδοάδος
1471 1585 1568 1658 τὴν
1599 1603 1753 1659 περι-

160 1677 358 1747 τομήν.

1857 495 2078 535 nianum
2111 497 2283 551 genus
2328 498 2557 552 prorsus
2604 491 2976 548 everteretur,
3026 484 3222 539 Filium
3267 502 3429 542 suum

1856 574 2156 638 mandavit,
2184 590 2343 629 suum
2374 590 2470 645 per
2501 590 2725 629 carnem
2750 576 2997 631 futurum
3036 577 3091 632 in
3126 578 3389 634 mundum
3410 619 3426 643 ,

1858 665 2120 721 interiore
2166 667 2356 721 auditu
2414 667 2696 737 prophetis
2756 668 2905 739 loqui
2951 669 3280 739 adventum;
3334 687 3434 743 per

1856 771 2017 825 quem
2054 757 2315 827 spiritalis
2346 759 2616 813 octonarii
2656 760 2912 830 gaudium
2951 777 3016 817 ac
3056 763 3307 819 veritatis
3336 778 3433 819 co-

1857 848 2026 917 gnitio
2049 859 2233 903 essent
2251 849 2595 921 praedicanda
2621 851 2747 921 :qui
2782 853 3043 907 nimirum
3071 860 3431 924 peccatorum

1857 939 1998 996 foret
2022 943 2272 997 remissio
2309 953 2362 997 et
2391 944 2850 998 resurrectionem
2870 955 3017 1001 esset
3047 947 3431 1016 praestiturus;

1857 1030 2300 1086 circumcidenda
2334 1032 2537 1103 quippe
2569 1049 2667 1104 per
2694 1034 2873 1105 ipsum
2907 1035 3191 1091 hominum
3220 1038 3350 1092 vitia
3378 1044 3433 1092 et

1857 1124 2264 1193 corruptionem
2297 1124 2710 1194 amputandam.
2746 1124 2977 1196 Propter
3017 1128 3157 1190 hoc,
3195 1130 3433 1199 prophe-

1858 1222 2037 1268 tarum
2062 1214 2153 1284 qui
2185 1214 2253 1269 ab
2279 1214 2590 1268 Abrahamo
2610 1214 2849 1281 fuerunt,
2879 1216 3207 1272 subductum
3242 1205 3434 1273 nume-

1859 1318 2002 1367 rum,
2035 1310 2258 1373 propter
2285 1304 2724 1360 circumcisionis
2753 1308 3096 1362 octonarium
3143 1321 3434 1362 numerum

1859 1397 2190 1451 continentis
2211 1435 2226 1461 ,
2271 1411 2339 1449 ex
2377 1409 2484 1465 qua
2513 1389 2599 1451 lc‘x
2632 1396 2750 1468 ipsa
2785 1398 3017 1469 pendet,
3062 1399 3433 1469 augustiorem

1857 1487 2159 1553 honorem,
2195 1486 2472 1557 octoginta
2519 1488 2858 1544 concubinas
2898 1489 3187 1559 appellavit
3229 1508 3243 1544 :
3284 1488 3434 1559 quod

1858 1594 2054 1649 nempe
2076 1578 2271 1649 primi,
2306 1585 2597 1648 antequam
2629 1577 2873 1635 Ecclesia
2918 1578 3093 1636 Verbo
3125 1580 3431 1653 desponsa-

1859 1679 2031 1732 retur,
2084 1667 2287 1723 divinis
2331 1669 2609 1739 conceptis
2661 1670 2961 1727 seminibus
2991 1672 3257 1741 spiritalis
3284 1680 3434 1729 octo-

1857 1762 1999 1818 narii
2023 1761 2502 1817 circumcisionem
2537 1764 2996 1834 praenuntiarunt.

506 1921 636 1979 CAP.
676 1922 788 1979 Vll.
812 1925 1254 1994 Adolescentular,
1278 1928 1417 1999 justi
1448 1935 1664 1983 veteres.
1688 1923 1952 1989 Ecclesia,
1979 1938 2087 1975 una
2111 1920 2210 1975 illa
2240 1935 2456 1989 sponsa,
2485 1921 2701 1993 reliquis
2720 1925 3078 1992 prastantior.

233 2062 509 2128 Νεάνιδας
554 2063 611 2117 δὲ
660 2064 826 2119 πάλιν
862 2067 941 2130 είς
978 2065 1347 2140 ἀναρίθμητον
1399 2065 1749 2130 συντελούσας

1880 2059 1885 2063 ’
1933 2058 2385 2115 Adolescentulas
2407 2067 2620 2127 autem,
2659 2078 2890 2118 numero
2921 2065 3232 2135 superiores
3253 2108 3270 2134 ,
3311 2085 3432 2125 eam

162 2158 376 2228 ὅμιλον,
408 2156 478 2210 τὰ
509 2157 615 2210 ὑπὸ
645 2161 759 2221 τοῖς
785 2159 1056 2230 κρείττοσι
1088 2161 1166 2233 (4)
1208 2161 1754 2234 δικαιοπραγήσαντα

164 2243 370 2315 πλήθη,
392 2244 487 2297 καὶ
516 2244 781 2310 νεανικῶς
813 2247 905 2300 καὶ
930 2250 1190 2316 γενναίως
1223 2250 1589 2321 διαθλήσαντα
1620 2250 1756 2324 πρὸς

163 2337 264 2406 τὴν
294 2336 594 2407 ἁμαρτίαν,
640 2338 817 2394 καλεῖ.
868 2340 1028 2395 Ἀλλὰ
1076 2343 1283 2397 τούτων
1325 2343 1439 2398 οὗθ’
1492 2346 1548 2400 ai
1601 2345 1756 2418 βασί-

164 2425 373 2491 λισσαι,
408 2426 521 2481 οὗθ’
560 2430 617 2482 αἱ
652 2429 943 2496 παλλακαὶ,
994 2431 1107 2486 οὗθ’
1156 2435 1212 2487 αἱ
1260 2434 1498 2499 νεάνιδες
1532 2437 1758 2509 συγκρί-

164 2536 351 2573 νονται
395 2522 465 2592 τῇ
531 2520 849 2594 Ἐκκλησία.
894 2523 960 2577 Ἡ
1008 2524 1119 2596 γὰρ
1171 2525 1352 2579 τελεία
1384 2526 1478 2580 καὶ
1525 2525 1754 2601 ὲκλεκτὴ

163 2612 323 2683 παρὰ
365 2612 550 2677 πάσας
590 2614 761 2679 αὐτὰς
799 2614 1151 2688 νομιζομένη,
1186 2619 1220 2689 ή
1258 2620 1323 2672 ὲκ
1369 2618 1589 2673 πάντων
1628 2637 1757 2674 συν-

164 2704 386 2758 εστῶσα
417 2721 478 2757 τε
511 2707 608 2759 καὶ
635 2709 986 2780 συνηνωμένη
1005 2709 1082 2783 (5)
1110 2710 1219 2764 τῶν
1248 2712 1560 2766 ἀποστόλων
1584 2713 1753 2778 ἐστὶν,

163 2800 201 2869 ἡ
238 2798 664 2871 ὑπερόἀλλουσα
703 2801 889 2874 νύμφη
919 2802 999 2874 τῷ
1050 2803 1235 2859 κάλλει
1285 2800 1385 2878 τῆς
1432 2807 1617 2877 ἀκμῆς
1661 2807 1757 2860 καὶ

164 2892 266 2961 τῆς
330 2892 633 2965 παρθενίας
694 2894 895 2959 πάσας.
944 2896 1037 2949 Διὸ
1083 2898 1177 2951 καὶ
1236 2897 1601 2970 μακαρίζεται
1660 2899 1756 2953 καὶ

170 2984 410 3037 αἱνεῖται
447 2983 583 3057 πρὸς
616 2983 725 3039 τῶν
757 2984 930 3040 ἄλλων
960 2985 1059 3056 (6),
1093 2987 1176 3059 ότι
1214 2986 1352 3060 αὕτη
1385 2988 1479 3042 καὶ
1516 2984 1623 3042 εἶδε
1658 2988 1755 3044 καὶ

166 3076 404 3145 ἤκουσεν
463 3075 746 3144 ἀφθόνως,
798 3076 835 3132 ἃ
886 3078 1095 3131 ἐκεῖναι
1146 3078 1505 3132 ὲπεπόθεισαν
1552 3080 1657 3135 κᾶν
1690 3081 1756 3135 ὲκ

170 3164 421 3236 βραχέως
462 3164 793 3229 θεάσασθαι,
828 3168 924 3221 καὶ
971 3167 1071 3221 οὐκ
1128 3164 1270 3221 εἶδον
1296 3184 1311 3199 ·
1362 3169 1457 3223 καὶ
1500 3169 1753 3234 ἀκοῦσαι,

167 3258 265 3310 καὶ
294 3259 398 3312 οὐκ
423 3259 682 3330 ήκουσαν.
718 3257 1007 3326 Μακάριοι
1038 3260 1171 3330 γὰρ,
1210 3261 1399 3333 φησὶν,
1439 3264 1495 3315 ol
1528 3261 1754 3331 ὀφθαλ-

161 3349 265 3420 μοὶ
296 3348 496 3419 ὑμῶν,
522 3350 552 3402 ὁ
593 3349 801 3422 Κύριος
841 3354 954 3414 τοῖς
995 3351 1282 3424 μαθηταῖς,
1324 3356 1378 3406 ol
1414 3352 1754 3419 ,βλέποντες

1858 2151 2266 2207 multitudinem
2309 2162 2464 2207 vocat
2485 2168 2605 2223 qua:
2640 2154 2884 2210 inferiori
2908 2170 2937 2209 a
2962 2161 3437 2226 praestantioribus

1857 2245 2341 2315 ordinejustitiam
2378 2255 2725 2313 consectata,
2763 2248 2994 2318 juvenili
3042 2253 3204 2321 quasi
3232 2255 3432 2311 robore

1857 2352 1921 2391 ac
1954 2344 2178 2392 strenue
2212 2336 2479 2393 adversus
2526 2349 2812 2408 peccatum
2855 2340 3176 2399 decertavit.
3216 2344 3297 2400 Ex
3334 2346 3436 2401 ho-

1856 2445 1978 2484 rum
2007 2439 2190 2485 tamen
2213 2427 2364 2483 omni
2393 2428 2570 2485 classe
2596 2445 2773 2500 neque
2797 2432 3015 2503 reginae,
3045 2450 3147 2490 nec
3173 2438 3435 2493 concubi-

1855 2536 1941 2575 na:
1984 2526 2079 2574 aut
2135 2518 2586 2585 adolescentulaa,
2637 2536 2762 2576 cum
2820 2524 3059 2580 Ecclesia
3122 2530 3434 2599 comparari

1855 2613 2059 2669 valent.
2116 2610 2244 2668 Haec
2286 2613 2433 2669 enim
2477 2612 2720 2686 perfecta
2770 2630 2835 2670 ac
2882 2632 3049 2688 supra
3090 2633 3280 2676 omnes
3311 2622 3434 2679 illas

1855 2707 2027 2761 electa
2059 2705 2244 2760 habita
2264 2744 2279 2770 ,
2312 2720 2380 2760 ex
2409 2704 2667 2760 omnibus
2714 2706 2948 2761 conﬂata
2984 2710 3248 2778 apostolis
3288 2721 3342 2767 ct
3374 2713 3432 2769 in

1858 2813 2028 2853 unum
2052 2804 2454 2868 coagmentata,
2490 2796 2583 2851 illa
2623 2813 2824 2869 sponsa
2852 2806 2971 2864 est,
3017 2801 3207 2857 vividae
3255 2806 3434 2861 aetatis

1855 2883 1990 2940 ﬂore
2013 2899 2079 2939 ac
2095 2885 2426 2956 virginitatis
2446 2885 2644 2941 decore
2661 2888 2874 2944 cunctis
2911 2889 3067 2960 longe
3092 2893 3431 2960 praecellens.

1855 2976 2129 3043 Quocirca
2184 2977 2348 3033 etiam
2401 2978 2471 3033 ab
2502 2976 2626 3033 aliis
2674 2978 2831 3034 beata
2890 2982 3217 3051 praadicatur
3271 2992 3435 3057 atque

1855 3071 2130 3138 laudatur,
2158 3075 2304 3144 quod
2333 3072 2452 3145 ipsa
2475 3073 2678 3129 allatim
2703 3073 2900 3129 viderit
2919 3076 3261 3148 audieritque
3286 3077 3431 3148 quod

1856 3162 1962 3219 illae
1987 3164 2071 3219 vel
2104 3163 2171 3218 ad
2219 3166 2383 3221 breve
2431 3171 2767 3219 momentum
2817 3163 3004 3219 videre
3053 3167 3343 3237 cupierunt
3376 3176 3433 3223 et

1856 3273 1967 3313 non
1993 3257 2267 3322 viderunt,
2295 3265 2459 3329 atque
2481 3258 2693 3320 audire,
2719 3266 2773 3311 et
2804 3273 2915 3312 non
2944 3250 3253 3314 audierunt.
3277 3260 3432 3315 Beati

1856 3352 2002 3407 enim
2027 3391 2043 3415 ,
2090 3350 2267 3423 inquit
2312 3349 2580 3408 Dominus
2622 3351 2910 3422 discipulis
2940 3350 3008 3415 “,
3042 3352 3185 3406 oculi
3231 3353 3390 3407 vestri
3412 3352 3437 3417 ,’

161 3441 198 3493 ti
221 3442 515 3507 βλέπετε.
546 3421 710 3513 Λέγω
735 3443 845 3513 γὰρ
870 3421 1034 3514 ὑμῖνλ,
1075 3421 1164 3498 ὅτι
1204 3444 1424 3500 πολλοὶ
1455 3444 1749 3515 προφῆται

1858 3446 1946 3516 qui
1974 3442 2149 3498 vident
2169 3421 2304 3515 qua:
2334 3442 2542 3499 videtis.
2576 3441 2704 3499 Dico
2733 3421 2872 3499 enim
2907 3442 3072 3506 vobis,
3108 3444 3246 3514 quod
3277 3444 3434 3499 multi

165 3535 562 3603 ἐπεθύμησαν
586 3533 736 3589 ἰδεῖν
768 3533 808 3589 d
831 3536 1116 3602 βλέπετε,
1147 3536 1247 3591 καὶ
1280 3538 1393 3591 οὐκ
1428 3532 1593 3591 εἶδον
1611 3553 1626 3567 ·
1654 3537 1754 3591 καί

165 3625 433 3680 ἀκοῦσαι
468 3625 508 3680 d
531 3627 806 3694 ἀκούετε,
835 3628 935 3683 καὶ
958 3630 1070 3683 οὐκ
1100 3627 1396 3698 ἤκουσαν.
1433 3628 1640 3683 Οὐκοῦν
1667 3628 1756 3683 διὰ

165 3717 342 3771 ταῦτα
378 3719 745 3791 μακαρίζουσι
791 3719 996 3792 ταύτην
1026 3722 1076 3775 οἱ
1100 3721 1373 3793 προφῆται
1412 3722 1509 3776 καὶ
1546 3720 1757 3793 θαυμά-

166 3806 373 3873 ζουσιν,
410 3810 495 3862 ὅτι
520 3802 595 3863 ὧν
622 3810 778 3864 αὐτοὶ
806 3809 881 3883 μὴ
909 3812 1173 3884 ἐπέτυχον
1209 3813 1477 3885 ἀκροαταὶ
1501 3811 1754 3882 γενέσθαι

165 3901 263 3954 καὶ
291 3900 594 3972 θεὰμονες,
649 3903 684 3973 ή
740 3902 1037 3974 Ἐκκλησία
1079 3903 1390 3976 κατηξιώθη
1436 3904 1532 3959 καὶ
1575 3902 1755 3975 μετεί-

163 3989 358 4062 ληφεν.
397 3991 727 4063 Ἑξήκοντα
753 3994 863 4067 γὰρ
894 3996 1013 4050 εισι
1035 3995 1404 4059 βασίλισσαι
1436 3994 1537 4048 καὶ
1582 3994 1754 4065 ὀγδο-

165 4083 404 4150 ήκοντα
452 4086 796 4152 παλλακαὶ,
839 4087 937 4142 καὶ
979 4086 1250 4153 νεάνιδες
1300 4080 1390 4141 ὧν
1439 4089 1551 4141 οὐκ
1582 4087 1757 4143 ἔστιν

165 4176 441 4247 ἀριθμός.
479 4178 603 4232 Mla
635 4179 767 4233 ἐστὶ
797 4178 1116 4250 περιστερά
1141 4196 1285 4250 μου,
1315 4180 1516 4235 τελεία
1538 4198 1679 4252 μου.

275 4419 327 4453 ⁸³
366 4417 568 4474 Matth.
599 4435 699 4476 xm
747 4421 839 4491 16,
872 4422 959 4479 17.
1035 4421 1085 4455 ⁸³
1120 4421 1277 4478 Cant.
1308 4439 1388 4489 γι,
1422 4424 1476 4480 7.

1851 3540 2119 3610 prophetae
2141 3539 2418 3609 cupierunt
2450 3536 2622 3594 videre
2653 3553 2769 3607 qua:
2804 3536 2990 3591 videtis
3016 3577 3030 3601 ,
3061 3546 3112 3591 et
3151 3554 3254 3590 non
3292 3535 3433 3593 vide-

1853 3643 1977 3687 runt
2001 3643 2089 3688 :et
2116 3630 2305 3687 audire
2335 3648 2452 3704 qua:
2482 3630 2716 3695 auditis,
2752 3639 2803 3685 et
2850 3647 2956 3685 non
3002 3629 3306 3685 audierunt.
3350 3628 3433 3685 Ob

1852 3724 1995 3779 banc
2038 3724 2220 3795 itaque
2268 3740 2490 3781 causam
2533 3726 2731 3783 merito
2785 3724 3063 3797 prophetae
3124 3722 3431 3781 Ecclesiam

1851 3813 2065 3869 beatam
2101 3813 2400 3884 praedicant
2430 3831 2661 3886 eamque
2711 3816 3081 3881 admirantur,
3133 3817 3278 3887 quod
3309 3831 3432 3886 quas

1859 3906 1995 3976 ipsis
2009 3904 2192 3961 videre
2208 3905 2503 3976 audireque
2526 3921 2636 3960 non
2661 3905 2872 3977 obtigit,
2905 3907 3019 3962 haec
3044 3907 3161 3977 ipsa
3188 3906 3432 3962 Ecclesia

1859 3997 2177 4069 percipere,
2221 4012 2519 4067 eorumque
2568 3998 2806 4069 gaudere
2851 3999 3180 4054 commercio
3209 3999 3429 4054 meruit.

1861 4086 2153 4158 Sexaginta
2168 4088 2314 4142 enim
2335 4097 2457 4141 sunt
2479 4090 2668 4160 regina:
2690 4099 2739 4144 et
2761 4091 3025 4161 octoginta
3045 4089 3363 4153 concubinae,
3380 4097 3434 4144 et

1861 4179 2270 4234 adolescentulus
2297 4195 2524 4252 quarum
2553 4197 2658 4235 non
2679 4190 2758 4237 est
2787 4197 3059 4238 numerus.
3089 4180 3207 4236 Una
3238 4190 3316 4237 est
3339 4197 3432 4236 co-

1863 4269 2044 4325 lumba
2071 4286 2208 4340 mea,
2240 4271 2473 4343 perfecta
2501 4288 2619 4328 mea
2655 4272 2725 4329 “.

241 4624 322 4708 (ξι)
351 4622 474 4679 Τὸν
670 4626 859 4684 Naida
876 4629 1217 4708 ὑπηχῆισάι2
1226 4629 1555 4708 _Possin_ius_,
1578 4633 1747 4708 invito

1858 4636 2128 4708 numerari
2156 4652 2266 4693 non
2298 4636 2501 4694 decuit.
2531 4637 2643 4694 Nec
2671 4638 2888 4708 iudices
2925 4641 3178 4695 dicantur
3208 4639 3428 4697 univer-

169 4703 360 4770 textu,
395 4696 679 4765 prophetis
727 4696 1288 4770 praacepmin‘reddit,
1312 4716 1373 4756 ut
1406 4704 1486 4759 sic
1523 4703 1619 4758 Dei
1657 4701 1748 4760 ιη’-

167 4766 306 4818 lium
346 4765 786 4831 insusurrarent,

168 4852 328 4912 suurn
362 4832 604 4912 Filium._
625 4836 729 4892 Sed
763 4832 875 4912 non
906 4839 979 4894 ita
1010 4840 1335 4912 Methodius,
1382 4832 1622 4912 sed'ipsi
1656 4844 1740 4899 Fi-

167 4906 244 4985 li_o
277 4905 527 4985 j_ussisse
556 4906 632 4961 ait
663 4917 721 4961 ut
749 4910 829 4985 _sic
863 4910 1124 4985 interiore
1155 4913 1347 4985 auditu
1376 4913 1493 4982 ipse
1519 4905 1580 4970 s'e
1618 4930 1739 4985 pro.

169 4976 382 5054 phetis.
428 4992 700 5054 suumque
750 4979 805 5054 in
831 4978 1095 5035 mundum
1136 4976 1448 5054 adventum,
1486 4976 1636 5054 quo'
1659 5006 1735 5039 sa-

170 5046 525 5123 lusmundo
565 5045 733 5123 _foret,
783 5050 1097 5123 loqueretur
1145 5070 1158 5107 :
1220 5052 1363 5122 quod
1420 5045 1743 5123 praeceptum

169 5116 309 5192 nihil
340 5117 481 5192 laesa
529 5116 652 5186 ejus
681 5134 806 5173 cum
832 5116 1006 5192 _Patre
1023 5116 1335 5192 aequalitate
1365 5116 1542 5192 potest
1584 5116 1742 5181 intel-

168 5186 283 5256 ligi,
321 5186 613 5242 destinata:
638 5203 805 5243 causa
832 5186 1248 5247 lncarnationis.
1280 5186 1569 5249 Coineris.

239 5258 335 5329 (4)7
361 5259 440 5311 Τὰ
471 5259 591 5311 ὐπὸ
633 5259 759 5325 τοῖς
784 5260 1101 5329 κρείττοσι.
1154 5262 1346 5319 Plebes
1377 5264 1633 5317 nimirum
1664 5262 1750 5319 in-

171 5327 391 5403 telligit,
414 5329 511 5403 vel
552 5327 881 5403 patriai-elus
914 5332 1000 5385 vel
1036 5334 1319 5403 prophetis
1365 5333 1663 5402 subjectas,
1686 5349 1752 5390 ac

170 5397 375 5473 quibus
402 5397 643 5473 majores
673 5399 746 5473 illi
776 5398 864 5453 Dei
897 5397 1052 5473 cultu
1112 5397 1366 5472 praeirent
1397 5422 1410 5458 :
1442 5397 1563 5473 quae
1593 5403 1753 5459 turba

171 5468 349 5542 major
383 5477 505 5542 _est,
540 5469 659 5542 ipsa
712 5468 1145 5535 innumerabilis,
1190 5488 1312 5529 cum
1351 5468 1753 5542 praestantiores

172 5536 597 5614 sancti_i_ps_ique
624 5540 797 5614 duces
808 5552 987 5614 atque
1009 5542 1259 5614 auspices
1283 5536 1441 5612 longe
1465 5546 1749 5614 pauciores

172 5605 304 5687 sint.
357 5604 685 5687 Nihil—_aptc
737 5604 916 5664 Allatf
965 5604 1287 5687 e_t_Mazar.,
1315 5604 1420 5687 ὑτὲδ
1465 5604 1584 5678 ’τοῖς
1628 5633 1747 5687 κρι-

169 5679 312 5755 rei;
336 5679 498 5755 quasi
535 5678 628 5755 ille
682 5696 863 5755 _novus
913 5681 1129 5751 quidem
1178 5694 1354 5740 status
1380 5684 1471 5745 sit,
1497 5700 1605 5739 non
1629 5678 1745 5755 ipse

174 5747 612 5810 circumcisionis
645 5750 874 5824 ejusque
901 5747 1048 5824 pars,
1079 5768 1237 5826 quem
1260 5755 1489 5825 proinde
1511 5755 1587 5811 illi
1618 5747 1744 5813 cim-

823 4771 1127 4843 pra'dicarii
1164 4774 1368 4827 curavit
1414 4791 1446 4826 ιι
1486 4773 1746 4843 prophetis
1800 4776 1803 4783 ’

1854 4707 1955 4781 sim
2014 4708 2261 4781 primarii
2307 4708 2464 4781 justi,
2519 4709 2606 4781 vel
2643 4707 2982 4781 patriarcha:
3011 4712 3094 4766 vel
3129 4712 3423 4781 prophetae,

1853 4775 1948 4830 sed
1977 4775 2325 4847 peculiariter
2357 4780 2546 4849 illi'qui
2580 4795 2608 4833 a
2642 4778 2789 4836 Mose
2817 4780 2884 4833 ad
2920 4775 3143 4835 Saulem'
3174 4775 3428 4836 Hebraeo-

1854 4860 1973 4900 rum
2007 4850 2275 4919 rempubl.
2308 4866 2548 4921 gessere,
2580 4859 2635 4905 et
2684 4859 2975 4919 antequam
2999 4850 3074 4905 illi
3115 4867 3292 4921 regem
3320 4869 3422 4921 _ex-

1853 4928 2173 4991 poscerent;
2208 4919 2476 4989 qui'jam,
2516 4936 2626 4973 non
2655 4921 2811 4990 quasi
2847 4928 3069 4991 paterne
3096 4929 3151 4975 et
3180 4920 3283 4975 sub
3316 4919 3425 4977 Deo

1853 4988 2009 5061 ttuasi
2028 4988 2308 5061 _l‘amiliam
2338 4988 2549 5061 regeret
2602 4988 2982 5061 ac‘judicaret,
3013 4991 3110 5048 sed
3140 5005 3289 5046 mero
3319 4991 3423 5047 im-

1854 5057 2006 5130 perio
2025 5058 2132 5112 illis
2160 5057 2435 5130 praeesset.
2465 5059 2541 5130 ln.

1925 5127 1999 5196 (5)
2047 5127 2473 5198 Evfnrwpérn.
2527 5129 2654 5186 Hac
2684 5137 2769 5185 est
2812 5131 2975 5187 lectio
3025 5128 3231 5188 codicis
3292 5131 3417 5191 Vat.

1853 5211 2015 5266 quam
2047 5200 2319 5263 expressit
2363 5199 2666 5256 Possinius.
2702 5199 2810 5256 Sed
2852 5216 2955 5257 ms.
2982 5199 3420 5260 Mazar.etAlla-

1851 5270 1994 5343 tius,
2015 5282 2143 5343 cum
2162 5267 2442 5343 Photianis
2468 5272 2757 5343 excerptis,
2792 5269 3134 5343 συνημμένη.
3153 5269 3229 5326 In.

1925 5338 2001 5412 (ti)
2032 5339 2187 5412 ῌρὸς
2214 5337 2332 5392 τῶν
2376 5338 2603 5396 ἄλλων.
2632 5337 2830 5395 ᾉιιιιῑίο
2879 5337 3031 5412 deest
3078 5337 3418 5412 pmpositio,

1855 5407 1991 5475 preli
2026 5409 2159 5462 vitio
2189 5418 2281 5462 aut
2310 5412 2465 5477 pueri
2495 5412 2874 5466 exscribentis.
2903 5407 3099 5466 Reddit
3133 5407 3260 5468 vero
3291 5429 3420 5468 cum

1857 5477 2132 5552 Possinio,
2185 5480 2490 5552 a_nte_alias
2520 5548 2523 5551 _
2540 5480 2891 5551 praedicatur;
2939 5481 3257 5546 Possinius,
3311 5499 3426 5552 pra:

1857 5548 2148 5621 ali:s,icuin
2180 5550 2250 5621 sit
2278 5548 2343 5603 ab
2372 5548 3001 5621 aliis."respondeatque
3030 5568 3188 5608 sacro
3224 5548 3424 5621 textui,

1853 5619 1949 5674 ubi
1976 5620 2055 5693 sic
2084 5620 2365 5676 laudantes
2398 5635 2461 5675 ac
2489 5619 2843 5691 praedicantes
2868 5619 3145 5693 sponsam,
3180 5619 3425 5678 indican-

1850 5696 1962 5816 aur,
2025 5690 2250 5813 lipseque
2308 5690 2671 5764 sequentibus
2710 5690 2913 5750 diserte
2952 5694 3175 5766 exponit
3211 5693 3425 5749 Metho-

1889 5775 1992 5816 tus.
2046 5774 2097 5813 ο.

1889 5775 1992 5816 ιιιδ.
2025 5774 2097 5813 ID.
