3866 6160
416 277 520 335 135

1297 273 1355 330 S.
1399 273 1730 331 METHODII
1770 272 2080 330 EPISCOPI
2122 271 2211 327 ET
2253 268 2615 325 MARTYBlS

3563 265 3672 320 156

1159 408 1291 466 Car.
1326 409 1461 466 Vill.
1495 410 1696 467 Christi
1731 421 1920 467 natura
1955 413 2208 475 humana,
2237 426 2346 464 una
2373 409 2470 463 illa
2498 410 2612 478 ejus
2642 407 2905 463 columba.

478 527 665 591 Possit
716 543 848 585 vero
895 528 1097 599 aliquis
1147 529 1257 584 alio
1284 544 1504 599 quoque
1535 528 1697 584 modo
1737 529 1991 584 inconta-

2164 527 2462 598 Δυνήσεται
2496 524 2553 578 δέ
2590 541 2674 588 τις
2716 523 2916 595 ἑτέρως
2946 521 3045 593 τὴν
3100 520 3321 593 νύμφην
3352 520 3519 591 φάναι
3569 522 3671 593 τὴν

409 622 673 677 minatam
738 619 955 675 Domini
1007 635 1228 675 carnem
1279 634 1535 689 sponsam
1596 620 1983 692 interpretari,

408 715 572 783 cujus
608 715 815 783 gratia,
861 713 1052 768 relicto
1092 711 1288 776 Patre,
1339 712 1449 767 huc
1496 713 1781 769 descendit
1824 715 1986 784 eique

411 807 639 862 adhaesit
664 847 678 870 ,
736 822 801 862 ac
839 806 1003 859 homo
1034 803 1215 858 factus
1256 804 1311 857 in
1352 819 1474 859 eam
1523 805 1744 861 invasit.
1805 803 1987 871 Quare

407 899 572 954 etiam
606 900 832 970 ﬁgurate
861 896 1172 953 columbam
1199 897 1460 952 vocitavit
1482 939 1498 966 ,
1543 899 1690 969 quod
1722 899 1824 954 hoc
1868 898 1987 954 ani-

409 991 518 1045 mal
544 1000 883 1047 mansuetum
913 990 1005 1054 sit,
1030 990 1136 1046 sub
1159 996 1310 1045 tecto
1335 989 1536 1061 degens
1567 1005 1811 1061 peneque
1825 990 1985 1046 nobis

409 1083 824 1148 contubernale,
887 1089 1053 1154 atque
1113 1082 1354 1136 humano
1412 1083 1669 1137 convictu
1717 1082 1981 1153 gaudens.

412 1172 527 1230 Una
556 1175 701 1230 enim
726 1172 988 1244 proiecto,
1020 1182 1081 1229 ut
1108 1174 1277 1230 verbo
1305 1173 1506 1240 dicam,
1532 1173 1672 1229 labis
1700 1189 1896 1245 expers
1919 1189 1986 1229 ac

407 1265 691 1336 impolluta
717 1266 939 1321 inventa
960 1274 1065 1332 est,
1122 1271 1448 1336 cunctisque
1469 1266 1789 1337 praecellens
1814 1266 1984 1336 justi-

407 1359 499 1412 tia:
533 1358 736 1412 mundo
764 1365 931 1428 atque
965 1357 1197 1422 decore,
1243 1366 1304 1412 ut
1341 1373 1503 1413 nemo
1528 1372 1718 1413 eorum
1757 1357 1848 1427 qui
1897 1358 1983 1413 vel

407 1462 619 1502 summe
648 1446 759 1502 Deo
786 1447 1144 1517 placuerunt,
1186 1462 1359 1518 prope
1400 1447 1468 1502 ad
1499 1463 1653 1513 eam,
1685 1448 1732 1504 si
1763 1448 1983 1504 virtutis

406 1540 547 1594 ratio
577 1540 814 1603 ineatur,
848 1539 1135 1595 consistat.
1180 1540 1462 1618 ‘Quocirca
1505 1539 1702 1595 merito
1748 1540 1807 1595 in
1848 1556 1984 1596 con-

407 1632 640 1688 sortium
663 1632 816 1702 regni
842 1630 1116 1703 Unigeniti
1142 1634 1313 1689 ascita
1338 1640 1443 1699 est,
1462 1633 1554 1688 illo
1574 1634 1679 1689 sibi
1706 1649 1826 1689 eam
1851 1634 1983 1688 ada.~

406 1730 595 1794 ptante
616 1730 779 1793 atque
810 1724 1052 1781 uniente.
1085 1724 1273 1795 itaque
1298 1726 1353 1780 in
1380 1727 1594 1797 psalmo
1623 1727 1982 1798 quadragesi-

2088 622 2265 692 σάρκα
2293 617 2393 689 τὴν
2419 616 2716 689 ἀμόλυντον
2748 615 2843 669 τοῦ
2878 615 3109 687 Κυρίου,
3134 610 3203 687 ἦς
3228 614 3397 685 ,χάριν
3426 614 3520 668 τὸν
3558 616 3675 668 Πα-

2083 711 2221 781 τέρα
2257 708 2610 778 καταλείψας,
2651 706 2916 777 κατῆλθεν
2945 704 3199 770 ἐνταῦθα,
3249 705 3346 760 καὶ
3378 705 3675 777 προσεκυλ-

2084 801 2243 873 λήθη,
2266 801 2361 854 καὶ
2386 798 2795 870 ἐγκατέσκηψεν
2820 798 2894 867 (7)
2917 795 3341 867 ὲνανθρωπήσας
3365 796 3445 858 είς
3473 795 3668 867 αὑτήν.

2085 889 2178 942 Διὸ
2204 890 2268 962 δὴ
2314 890 2406 943 καὶ
2455 888 2785 961 περιστερὰν
2826 887 2995 959 αὐτὴν
3044 886 3323 959 τροπικῶς
3372 885 3667 940 ἐκάλεσεν·

2085 979 2271 1051 ἐπειδὴ
2304 979 2559 1034 τιθασσὸν
2591 978 2653 1031 τὸ
2695 978 2833 1043 ζῶον
2866 978 2960 1031 καὶ
2994 976 3327 1049 ὑπωρόφιον,
3355 977 3448 1030 καὶ
3488 976 3669 1048 διαίτῃ

2083 1074 2150 1143 τῇ
2180 1072 2289 1125 τῶν
2329 1069 2631 1142 ἀνθρώπων
2663 1067 3033 1140 ὲνασμενίζον.
3058 1068 3210 1139 Μόνη
3248 1066 3378 1140 γὰρ,
3422 1066 3498 1132 ὡς
3538 1066 3671 1131 ἔπος

2083 1166 2281 1227 εἰπεῖν,
2313 1161 2540 1226 ἀσπιλος
2583 1161 2679 1216 καὶ
2726 1160 2989 1232 ἀμίαντος
3041 1159 3238 1231 εὑρέθη
3263 1199 3279 1225 ,
3323 1158 3419 1213 καὶ
3460 1158 3670 1222 πάντας

2085 1255 2431 1328 ὑπερέχουσα
2463 1254 2542 1325 τῷ
2570 1254 2668 1325 τῆς
2705 1252 3055 1324 δικαιοσύνης
3092 1252 3280 1323 κόσμῳ
3313 1251 3408 1305 καὶ
3449 1250 3666 1305 κάλλει·

2083 1345 2224 1400 ὥστε
2256 1346 2459 1418 μηδένα
2485 1346 2581 1399 καὶ
2616 1344 2725 1399 τῶν
2755 1346 2835 1409 είς
2862 1344 3032 1417 ἀκρον
3074 1342 3557 1416 εύαρεστησάντων
3588 1340 3671 1414 τῷ

2082 1438 2201 1510 Θεῷ
2240 1437 2445 1509 ταύτης
2500 1437 2792 1508 δυνηθῆναι
2847 1436 3035 1501 πέλας,
3068 1436 3145 1501 ὼς
3193 1434 3331 1506 πρὸς
3382 1434 3671 1507 σύγκρισιν

2078 1533 2303 1605 ἀρετῆς,
2328 1532 2539 1603 στῆναι.
2572 1530 2683 1583 Καὶ
2713 1529 2801 1583 διά
2824 1528 2980 1583 τοῦτο
3005 1526 3379 1599 κατηξιῶσθαι
3410 1526 3669 1581 κοινωνὸν

2085 1624 2255 1696 αὐτὴν
2289 1621 2541 1693 γενέσθαι
2574 1622 2673 1693 τῆς
2702 1619 2975 1691 βασιλείας
3001 1618 3096 1673 τοῦ
3130 1617 3491 1687 Μονογενοῦς,
3519 1615 3671 1688 αὑτῷ

2081 1712 2543 1786 καθηρμοσμένην
2582 1729 2643 1765 τε
2681 1712 2777 1765 καὶ
2814 1711 3126 1765 ὲνωθεῖσαν.
3161 1710 3365 1766 Καὶ.ὲν
3394 1724 3670 1778 τεσσαρα-

406 1830 496 1870 mo
525 1823 754 1885 quarto,
789 1832 911 1886 quas
942 1819 1087 1872 inter
1113 1818 1298 1888 plures
1322 1832 1353 1871 a
1386 1817 1596 1874 dextris
1651 1817 1746 1873 Dei
1792 1818 1980 1889 regina

2089 1806 2261 1877 κοστῷ
2301 1806 2360 1859 δὲ
2391 1806 2486 1859 καὶ
2536 1804 2780 1877 τετάρτῳ
2822 1802 3023 1875 ψαλμῷ
3065 1803 3099 1874 ἡ
3148 1803 3213 1855 έκ
3244 1800 3354 1856 τῶν
3408 1800 3670 1854 πλειόνων

405 1913 570 1967 astat,
603 1922 767 1962 aurea
803 1908 1024 1963 virtutis
1053 1909 1259 1964 mundo
1287 1916 1481 1963 ornata
1501 1948 1517 1974 ,
1549 1908 1833 1995 cujusorex
1853 1880 1980 1979 pul-

2089 1896 2465 1969 παρισταμένη
2495 1897 2561 1951 ἐκ
2594 1895 2783 1963 δεξιῶν
2831 1893 3116 1966 βασίλισσα
3148 1892 3241 1947 τοῦ
3280 1891 3414 1946 Θεοῦ
3458 1890 3670 1963 μερῶν,

403 1996 771 2053 chritudinem
800 2001 1115 2070 concupivit
1145 2000 1222 2069 “,
1259 2016 1391 2056 caro
1426 2011 1544 2067 est,
1580 2001 1659 2056 uti
1689 2001 1938 2057 dicebam
1958 2039 1976 2066 ,

405 2086 725 2144 intemerata
751 2090 842 2145 illa
882 2101 936 2146 et
968 2091 1120 2146 beata
1149 2130 1164 2157 ,
1208 2108 1372 2162 quam
1408 2093 1525 2163 ipse
1560 2091 1704 2148 Dens
1738 2090 1978 2148 Verbum

403 2180 561 2234 cmlis
589 2179 860 2235 invectam
900 2196 931 2236 a
973 2180 1183 2238 dextris
1221 2182 1402 2238 Patris
1447 2184 1736 2239 collocavit
1774 2184 1984 2239 auratis

402 2270 649 2325 vestibus
678 2270 956 2338 decoram,
988 2273 1043 2326 in
1076 2271 1273 2328 studiis
1297 2272 1507 2328 scilicet
1530 2272 1982 2343 incorruptionis,

400 2376 525 2434 qua:
556 2362 857 2433 symbolice
892 2363 1108 2419 vocavit
1136 2363 1378 2434 ﬁmbrias
1402 2381 1617 2429 aureas,
1642 2364 1790 2435 quod
1816 2364 1984 2419 nimi-

2084 1990 2118 2060 ἡ
2150 1988 2229 2060 τῷ
2252 1987 2529 2060 διαχρύσῳ
2566 1988 2666 2058 τῆς
2708 1985 2910 2060 ἀρετῆς
2951 1986 3142 2057 κόσμῳ
3181 1981 3667 2053 κατεστολισμένη,

2083 2079 2152 2154 ἦς
2183 2080 2502 2152 ἐπεθύμησε
2530 2079 2625 2133 τοῦ
2656 2078 2887 2142 κάλλους
2907 2080 2938 2131 ό
2964 2077 3237 2150 βασιλεὺς,
3264 2077 3298 2148 ή
3326 2074 3463 2148 σάρξ
3496 2076 3671 2141 ἐστιν,

2083 2172 2161 2236 ὡς
2192 2170 2353 2243 ἔφην,
2381 2172 2416 2242 ἡ
2448 2170 2714 2242 ἄχραντος
2752 2169 2937 2240 ἐκείνη
2972 2170 3065 2223 καὶ
3106 2167 3375 2240 μακαρία,
3399 2166 3467 2235 ἢν
3506 2164 3671 2229 αὐτὸς

2084 2265 2422 2337 ἀνακομίσας
2448 2265 2477 2317 ὀ
2517 2263 2689 2333 Λόγος
2730 2263 2811 2328 είς
2844 2262 3131 2334 οὐρανοὺς,
3168 2262 3232 2314 ὲκ
3272 2258 3460 2326 δεξιῶν
3494 2257 3671 2330 παρέ-

2088 2373 2252 2428 στησε
2279 2355 2373 2409 τοῦ
2407 2355 2639 2427 Πατρὸς,
2672 2356 2729 2408 έν
2768 2353 3052 2425 ἱματισμῷ
3081 2349 3357 2423 διαχρύσῳ
3388 2364 3671 2418 κεκοσμηο

402 2469 524 2509 rum
551 2453 931 2509 indumentum
969 2454 1108 2519 hoc,
1157 2456 1328 2512 variis
1373 2471 1442 2511 ex
1484 2457 1817 2522 virtutibus,
1855 2465 1987 2528 puta

2090 2448 2290 2521 μένην·
2330 2448 2359 2502 ὃ
2387 2447 2451 2519 δή
2487 2449 2656 2511 ἐστιν,
2700 2447 2756 2500 έν
2788 2444 3182 2516 ἐπιτηδεύμασι
3206 2444 3303 2514 τῆς
3336 2439 3670 2513 ἀφθαρσίας,

401 2547 681 2613 castitate,
712 2545 1002 2618 prudentia
1021 2588 1035 2612 ,
1061 2546 1186 2612 ﬁde,
1217 2547 1486 2602 cbaritate
1510 2587 1526 2613 ,
1561 2530 1859 2618 patientia,
1887 2548 1987 2604 bo-

2089 2538 2117 2593 ἀ
2156 2536 2500 2611 συμϐολικῶς
2525 2538 2693 2609 ἔφησε
2723 2535 2926 2607 χρυσᾶ
2955 2535 3290 2605 ψοσσωτά.
3322 2532 3537 2603 Ἐπειδὴ
3560 2530 3671 2603 γὰρ

404 2638 602 2709 nisque
645 2638 918 2707 reliquis,
968 2638 1279 2709 variegatur
1327 2647 1382 2694 et
1430 2640 1588 2708 quasi
1636 2641 1983 2708 contexitur;

2089 2632 2148 2684 ὲκ
2184 2629 2443 2684 ποικίλων
2470 2629 2803 2683 ποικίλλεται
2832 2627 2992 2681 τοῦτο
3031 2627 3128 2681 καὶ
3170 2624 3671 2715 συγκαθυφαίνεται

404 2745 526 2800 quae
554 2731 715 2801 plane
759 2731 1061 2801 operientia
1107 2731 1291 2788 carnis
1322 2732 1717 2802 turpitudinem
1741 2772 1758 2799 ,
1811 2748 1982 2790 aureo

2089 2723 2523 2796 κατορθωμάτων
2544 2723 2605 2776 τὸ
2627 2722 2831 2793 ἔνδυμα
2878 2716 3019 2787 (οἷον
3054 2720 3299 2789 ἁγνείας,
3331 2719 3668 2790 φρονήσεως,

404 2819 681 2878 hominem
716 2821 931 2877 mundo
948 2821 1211 2893 cultuque
1238 2824 1605 2879 convestiunt.

2089 2814 2341 2878 πίστεως,
2368 2814 2625 2885 ἀγάπης,
2668 2812 2966 2883 ὑπομονῆς,
3009 2811 3107 2865 καὶ
3142 2810 3253 2864 τῶν
3294 2808 3496 2862 λοιπῶν
3534 2807 3674 2875 ἀγα-

2080 2902 2245 2975 θῶν)·
2292 2903 2329 2958 ἀ
2370 2903 2456 2975 δὴ,
2488 2902 2973 2957 κατακαλύπτοντα
3015 2902 3115 2975 τὴν
3153 2899 3537 2972 ἀσχημοσύνην
3567 2898 3671 2969 τῆς

2086 2996 2309 3070 σαρκὸς,
2330 2998 2528 3068 κοσμεῖ
2554 2994 2960 3068 τὸνάνθρωπον
2983 2994 3173 3066 κόσμῳ
3202 2992 3408 3067 χρυσῷ.

1208 3104 1339 3163 CAP.
1371 3105 1463 3165 IX.
1505 3106 1743 3180 Virgines
1768 3111 1949 3164 statim
1974 3122 2090 3183 post
2125 3111 2379 3184 Reginam
2406 3130 2469 3167 ac
2495 3111 2784 3183 Sponsam.

473 3217 665 3278 Restat
683 3228 745 3278 ut
764 3220 895 3293 quid
921 3220 976 3276 in
1000 3222 1467 3291 consequentibus
1487 3224 1681 3294 psalmi
1703 3233 1827 3295 post
1846 3241 1991 3280 com-

2164 3228 2397 3283 Ἔπειτα
2422 3228 2476 3281 τί
2508 3228 2573 3300 δὴ
2599 3227 2760 3281 πάλιν
2784 3227 2880 3282 καὶ
2909 3228 2967 3280 ὲν
3009 3228 3119 3290 τοῖς
3157 3224 3283 3296 ἑξῆς
3312 3223 3405 3279 τοῦ
3431 3223 3674 3296 ψαλμοῦ,

404 3322 763 3368 memoratum
795 3312 1070 3369 hominem
1092 3328 1123 3367 a
1153 3311 1332 3368 Verbo
1364 3323 1728 3385 assumptum,
1753 3316 1817 3370 ad
1856 3315 1986 3370 0m-

2095 3318 2234 3389 μετά
2267 3319 2328 3372 τὸ
2371 3319 2463 3372 τὸν
2486 3317 2769 3389 ἄνθρωπον
2795 3318 2861 3372 ἐκ
2907 3315 3096 3382 δεξιῶν
3140 3314 3547 3387 ὲνθρονισθῆναι
3576 3312 3675 3370 τοῦ

404 3406 705 3475 nipotentis
721 3406 1000 3462 dexteram
1020 3409 1369 3473 collocatum,
1392 3408 1575 3463 tradat
1597 3408 1836 3479 Spiritus
1858 3425 1989 3464 san-

405 3506 552 3562 ctus,
572 3497 1002 3556 consideremus.
1021 3498 1386 3568 Adducentur,
1414 3501 1592 3571 inquit
1614 3500 1680 3566 “,
1703 3503 1812 3571 regi
1829 3502 1985 3571 virgi-

406 3601 496 3640 nes
521 3596 639 3655 post
665 3603 817 3653 eam;
849 3590 1108 3657 proximae
1135 3589 1249 3659 ejus
1282 3590 1575 3660 afferentur
1605 3589 1718 3646 tibi.
1744 3591 1983 3660 Aﬂ'eren-

404 3683 494 3730 tur
522 3677 577 3729 in
606 3676 797 3731 [recisi-1
826 3687 876 3732 et
895 3679 1279 3743 exsultatione;
1304 3680 1707 3736 adducenturin
1730 3681 1980 3750 templum

404 3766 564 3834 regis.
592 3764 762 3822 Valde
784 3767 1070 3826 manifeste
1105 3770 1321 3825 videtur
1350 3772 1441 3826 hic
1491 3772 1710 3827 divinus
1739 3770 1979 3842 Spiritus

404 3858 769 3929 virginitatem
797 3861 1038 3928 laudare,
1072 3876 1136 3917 ac
1164 3862 1434 3932 polliceri,
1467 3865 1707 3936 virgines
1739 3866 1982 3921 secundo

407 3961 537 4025 post
580 3950 790 4009 Domini
838 3968 1094 4024 sponsam
1140 3955 1297 4020 loco,
1351 3962 1413 4010 ut
1465 3957 1856 4026 exposuimus,
1914 3958 1986 4014 ad

407 4042 846 4114 Omnipotentem
874 4060 1195 4101 accessuras
1223 4046 1279 4100 in
1300 4046 1488 4101 laetitia
1512 4056 1566 4103 et
1595 4048 1979 4115 exsultatione,

408 4135 700 4190 ambitioso
728 4136 880 4191 cultu
924 4136 1314 4191 comitantibus
1363 4138 1572 4207 angelis
1613 4154 1678 4193 ac
1708 4138 1985 4196 deducen-

410 4226 577 4281 tibus.
609 4226 757 4282 Adeo
788 4227 933 4282 enim
973 4229 1203 4283 amabile
1232 4236 1288 4284 et
1343 4244 1508 4300 supra
1539 4231 1762 4287 modum
1793 4249 1984 4289 revera

408 4316 769 4373 desiderabile
813 4319 1146 4387 virginitatis
1191 4319 1393 4386 decus,
1454 4329 1513 4375 ut
1564 4331 1687 4393 post
1740 4326 1984 4395 reginam

410 4423 574 4479 quam
609 4408 868 4468 exaltavit
910 4408 1211 4476 Dominus,
1257 4419 1420 4482 atque
1464 4414 1534 4468 ab
1563 4415 1712 4469 omni
1760 4424 1986 4486 peccato

479 4563 527 4596 “
569 4563 719 4619 Psal.
751 4580 898 4629 thv,
922 4564 1013 4623 10.
1095 4563 1142 4598 ⁵⁸
1179 4565 1311 4623 ibid.
1344 4565 1444 4632 15,
1487 4566 1574 4621 16.

2092 3409 2328 3482 Πατρὸς,
2374 3409 2403 3463 ὃ
2444 3410 2731 3481 ἀνείληφεν
2773 3410 2802 3462 ὁ
2833 3409 3038 3478 Λόγος,
3077 3406 3139 3461 τὸ
3168 3406 3395 3476 Πνεῦμα
3438 3407 3675 3478 παραδί-

2091 3502 2278 3565 δωσιν,
2308 3503 2688 3556 ἐπισκεπτέον.
2707 3498 3260 3570 Ἀπενεχθήσονται,
3290 3498 3442 3569 φησὶ,
3470 3498 3677 3564 τῷβαι

2086 3595 2253 3650 σιλεῖ
2259 3594 2539 3663 παρθένοι
2552 3594 2742 3648 ὀπίσω
2759 3590 2968 3660 αὐτῆς·
2989 3594 3048 3645 αἱ
3062 3590 3329 3658 πλησίον
3338 3589 3527 3659 αὐτῆς
3537 3591 3670 3647 ἀπὸ»

2086 3687 2489 3757 νεχθήσονταί
2505 3702 2624 3741 σοι.
2671 3684 3216 3754 Ἀπενεχθήσονται
3236 3682 3306 3737 ἐν
3323 3684 3676 3754 εὐφροσύνῃ

2086 3780 2183 3833 καί
2200 3779 2575 3850 ἀγαλλιάσει·
2592 3777 2961 3848 ἀχθήσονται
2979 3778 3063 3842 εὶς
3075 3773 3224 3829 ναὸν
3238 3775 3343 3829 τοῦ
3355 3774 3676 3842 βασιλέως.

2088 3871 2236 3925 Πάνυ
2266 3870 2559 3942 προφανῶς
2586 3869 2771 3923 ἐνθάδε
2804 3868 2990 3922 λοιπὸν
3016 3866 3191 3920 ἔοικεν
3228 3865 3591 3935 ἐγκωμιάζειν
3613 3865 3678 3919 τὸ

2090 3962 2315 4034 Πνεῦμα
2329 3962 2425 4034 τὴν
2441 3964 2572 4031 ἀγνε
2581 3962 2685 4026 ίαν,
2709 3960 2848 4033 μετά
2862 3959 2961 4032 τὴν
2986 3959 3048 4013 νύ
3057 3975 3223 4030 μφην.
3241 3957 3317 4021 ὡς
3331 3956 3679 4011 ἀποδεδώκα-

2092 4071 2212 4125 μεν,
2240 4053 2335 4107 τοῦ
2353 4054 2581 4125 Κυρίου,
2597 4051 2853 4123 δευτέρας
2873 4051 3153 4123 προσιέναι
3175 4048 3252 4119 τῷ
3268 4047 3676 4120 Παντοκράτορι

2091 4146 2149 4198 ὲν
2178 4145 2493 4214 ἀγαλλιάσει
2522 4146 2615 4198 καὶ
2639 4145 2948 4217 εὐφροσύνῃ
2967 4141 3066 4205 τάς
3083 4139 3381 4211 παρθένους
3401 4138 3661 4207 ἐπαγγελ-

2088 4234 2337 4308 λομένου,
2366 4236 2458 4290 ὑπ’
2487 4236 2732 4306 ἀγγέλων
2768 4233 3237 4307 δορυφορουμένας
3268 4247 3328 4283 τε
3370 4229 3464 4283 καὶ
3494 4246 3677 4300 παρα-

2090 4328 2467 4399 πεμπομένας.
2503 4327 2659 4382 Οὕτω
2686 4327 2794 4400 γάρ
2829 4324 3133 4396 ἐπέραστόν
3164 4341 3219 4377 τι
3248 4323 3310 4375 τδ
3334 4321 3436 4392 τῆς
3468 4320 3675 4393 παρθεο

2090 4418 2210 4484 νίας
2235 4420 2382 4474 ἐστὶν
2412 4418 2489 4484 ὼς
2515 4418 2731 4489 ἀληθῶς
2772 4418 2867 4473 καὶ
2912 4414 3277 4488 περιπόθητον
3314 4413 3489 4480 κλέος,
3529 4411 3673 4467 ὥστε

482 4718 563 4791 (7)
604 4720 1113 4790 Ἐγκατέσκηψεν.
1145 4719 1378 4792 "lapsus
1400 4727 1500 4783 est,
1526 4721 1739 4778 invasit.
1765 4719 1911 4792 Μαι.
1936 4727 1989 4776 et

2093 4720 2186 4786 sit,
2222 4729 2277 4777 et
2301 4721 2503 4777 unione
2549 4710 2865 4787 honoraria,
2919 4737 3029 4777 non
3066 4721 3210 4792 κατὰ
3241 4720 3401 4792 φύσιν
3443 4729 3497 4777 et
3537 4720 3673 4775 ὑπό-

394 4790 600 4857 ,Αιιςιιη
629 4792 1130 4862 ἐγκατεσκήνωσεν,
1157 4792 1300 4862 inea
1331 4791 1609 4857 habitabit,
1632 4790 1776 4862 quod
1830 4807 1984 4861 atque

412 4864 721 4933 probatum.
751 4860 1035 4933 Possinius
1056 4902 1070 4924 ,
1107 4861 1465 4933 agglutinatus
1490 4872 1589 4933 est,
1634 4860 1779 4931 quod
1812 4860 1985 4933 expli-

413 4929 559 4989 catio
605 4940 689 4987 est
716 4932 867 5002 vocis
896 4929 1328 5002 προσεκοπλήθη,
1361 4946 1472 4985 non
1519 4929 1702 4987 minus
1723 4929 1987 4999 quam'il-

415 5003 531 5072 iud,
562 5002 609 5055 ei
637 5000 885 5064 adltwsit,
909 5000 986 5072 _ac
1018 5000 1362 5072 ταυτολογία,
1400 5017 1507 5054 non
1535 5002 1806 5072 expositio
1833 5015 1988 5056 nova:

416 5070 670 5126 Dletbodii
705 5072 875 5127 vocis.
907 5069 1044 5124 Illud
1077 5071 1239 5125 etiam
1264 5112 1280 5135 ,
1316 5069 1696 5127 incarnans'se
1750 5074 1802 5126 in
1845 5088 1984 5136 eam,

414 5156 576 5209 quam
609 5140 805 5194 durum
848 5156 1149 5211 parumque
1180 5141 1571 5211 theologicum!
1601 5141 1662 5195 τὸ
1689 5144 1776 5207 εἰς
1805 5143 1976 5203 αὐτὴν

414 5212 640 5265 verbum
694 5210 1076 5280 ἐγκατέσκηψε
1137 5210 1392 5280 respicit;
1461 5211 1655 5266 modus
1720 5228 1850 5266 vero
1896 5211 1993 5265 de-

417 5289 638 5335 notatur
692 5281 786 5352 illa
839 5279 1472 5352 νοροὲνανθρωπήσας,
1521 5281 1746 5337 hominis
1783 5298 1992 5336 assum-

417 5353 590 5421 ptione
614 5358 665 5406 et
686 5350 859 5421 factus
875 5352 1030 5407 homo
1054 5368 1071 5406 :
1103 5350 1202 5405 sic
1222 5352 1276 5404 in
1303 5350 1423 5405 eam
1459 5353 1607 5406 venit
1634 5362 1797 5421 atque
1838 5352 1991 5421 inva-

418 5420 492 5476 Sit
536 5420 725 5488 illique
758 5423 1024 5485 incubuit,
1068 5436 1190 5490 quae
1225 5422 1308 5475 vis
1341 5431 1426 5476 est
1466 5421 1587 5488 ejus
1631 5420 1801 5476 vocis.
1836 5420 1993 5486 Quod

418 5499 601 5563 tamen
627 5490 952 5563 hletltodius,
982 5491 1246 5563 singulari
1270 5507 1333 5545 ea
1358 5494 1645 5563 sanctitate
1674 5492 1991 5563 etjustitia,

419 5560 789 5644 κατηξιῶσθαι
823 5562 963 5641 Elicit
1014 5560 1271 5644 κοινωνὸν
1316 5560 1693 5644 γίνεσθαιλτῆς
1724 5560 1999 5644 βασιλείας

420 5630 514 5684 τοῦ
546 5630 905 5699 Μονογενοῦς,
934 5634 1184 5685 meruisse
1210 5645 1503 5701 consortem
1550 5630 1663 5699 ﬁeri
1695 5630 1838 5701 regni
1870 5630 2000 5685 Uni-

421 5702 599 5773 geniti,
630 5716 774 5773 aegre
806 5716 835 5755 a
862 5701 1198 5757 Nestorianis
1235 5700 1539 5757 furfuribus
1586 5700 1846 5759 vindicari
1870 5717 1997 5772 pos-

2094 4807 2302 4855 οτασιν,
2330 4807 2437 4861 qua
2471 4793 2632 4847 homo
2671 4802 3025 4850 consecratus
3055 4794 3109 4846 in
3141 4791 3231 4847 Dei
3256 4791 3436 4846 tilium
3466 4793 3533 4845 ab
3554 4793 3676 4861 ipso

2092 4869 2373 4916 momento
2395 4862 2563 4916 creati
2605 4862 2796 4925 animi,
2842 4872 2896 4918 et
2935 4862 3077 4918 Deus
3103 4861 3281 4918 factus
3319 4864 3514 4927 homo;
3562 4878 3675 4916 non

2093 4933 2223 5002 ulli_s
2254 4931 2462 5002 meritis
2512 4940 2605 5002 aut
2632 4931 2902 5001 profectu,
2935 4947 3003 4986 eo
3027 4943 3316 5002 provectus
3348 4932 3437 4986 ille
3484 4931 3672 5002 homo,

2095 5009 2165 5073 ut
2188 5000 2281 5055 Dei
2317 5001 2457 5056 ﬁlius
2482 5000 2710 5073 ejusque
2729 5004 2881 5073 regni
2902 5000 3132 5057 consOrs
3158 5003 3456 5073 diceretur.
3478 5000 3678 5073 Comes

2097 5070 2266 5140 igitur
2291 5082 2345 5126 et
2381 5072 2539 5141 quasi
2591 5069 2817 5127 etfectus
2846 5073 3041 5127 divinae
3067 5073 3212 5126 illius
3271 5071 3493 5125 unionis
3540 5069 3669 5134 fuit,

2096 5142 2278 5195 omnis
2310 5140 2411 5195 illa
2436 5140 2638 5195 Christi
2672 5142 2910 5197 hominis
2930 5142 3143 5209 justitia
3168 5149 3223 5196 et
3252 5142 3539 5197 sanctitas.
3562 5155 3673 5194 non

2097 5209 2220 5279 ejus
2265 5215 2424 5273 ratio,
2459 5212 2724 5280 obiquam
2786 5213 2984 5266 meruit
3010 5213 3156 5265 illam
3195 5211 3445 5280 adipisci.
3499 5209 3675 5265 Etiam

2099 5280 2396 5351 Gregorius
2424 5281 2479 5351 in
2512 5279 2709 5334 Homil.
2745 5280 2889 5336 hanc
2931 5283 3244 5351 nuptiarum
3274 5279 3395 5335 Filii
3424 5279 3514 5334 Dei
3545 5294 3678 5333 cum

2099 5365 2199 5406 sua
2218 5350 2390 5406 carne
2421 5350 2540 5421 (seu
2571 5351 2931 5421 humanitate)
2989 5350 3456 5421 comparationem
3488 5351 3676 5421 statim

2099 5421 2299 5489 rejicit.
2368 5419 2439 5474 ut
2476 5421 2658 5474 minus
2714 5419 3145 5482 accommodam,
3201 5427 3256 5473 et
3320 5435 3441 5487 qua:
3493 5419 3679 5489 faveat

2100 5488 2392 5547 Nestorio:
2427 5490 2573 5561 quod
2631 5492 2947 5561 nuptiarum
2983 5491 3184 5546 Ite-dera
3232 5505 3342 5543 non
3395 5490 3504 5544 sint
3551 5488 3678 5561 nisi

2105 5556 2567 5631 interfeosfqui
2628 5556 2903 5617 distinctas
2956 5576 3202 5631 personat
3250 5556 3679 5631 sunt:proi_nde

2105 5577 2248 5615 llltel‘
2301 5577 2419 5622 eos,
2514 5577 2567 5615 ιιι
2628 5577 2903 5617 utstincue
2956 5577 3202 5631 personat
3250 5577 3679 5630 sunmpromue

2104 5630 2441 5704 mavultdici
2474 5577 2546 5686 δε
2583 5631 2804 5704 Christo
2834 5641 2889 5687 et
2918 5631 3181 5700 Ecclesia,
3207 5646 3328 5704 quae
3369 5640 3453 5688 est
3497 5627 3680 5701 prima

2108 5701 2365 5759 Methodii
2397 5704 2687 5768 expositio.
2714 5701 3004 5759 Coussrns.
