3866 6160
453 276 555 332 H9

1441 280 1498 336 S.
1543 281 1873 340 METHODII
1913 284 2221 344 EPISCOPI
2262 285 2350 341 ET
2394 286 2753 345 MARTYRIS

3594 295 3699 350 MO

450 397 658 467 luptate
687 413 840 468 aeque
869 413 966 455 seu
1011 397 1238 456 libidine
1281 411 1448 472 atque
1497 403 1686 460 dolore
1733 414 1998 462 semotum

2130 409 2225 462 ml.
2249 408 2564 477 κουφίζεται
2612 409 2908 481 πτέρωμα,
2950 407 3059 462 τῶν
3090 407 3444 480 ἀνθρωπίνων
3479 408 3700 476 ἐξίπτα-

448 490 623 560 Cujus
655 492 862 562 irriguo
894 493 1090 548 animze
1127 509 1306 564 penna
1355 497 1506 550 ebria
1535 513 1660 553 vere
1687 501 1919 564 crescit,
1949 502 2029 556 le-

447 582 678 653 viorque
707 583 920 650 eﬂ‘ecta,
940 584 1009 639 ab
1037 585 1293 641 humanis
1316 587 1514 643 studiis
1543 589 1762 646 avolare
1784 591 2028 661 quotidie

450 673 742 727 assuescit.

518 762 788 829 Quoniam
835 767 980 820 enim
1042 767 1359 839 panegyrim
1401 783 1524 826 esse
1571 770 1736 826 vitam
1781 783 2024 828 nostram

446 856 724 925 sapientes
755 857 1036 924 dixerunt;
1074 874 1174 914 nos
1203 867 1383 914 autem
1414 861 1571 930 quasi
1598 877 1861 931 personas
1889 865 2030 920 veri-

446 949 577 1003 tatis
608 963 827 1004 scenam
862 949 940 1016 (id
969 959 1053 1005 est
1077 950 1371 1022 justitiam)
1403 953 1457 1007 in
1483 954 1752 1009 theatrum
1785 955 1979 1012 dantes
2005 1000 2020 1024 ,

446 1039 949 1094 contranitentihus
975 1046 1027 1094 et
1053 1039 1122 1094 ad
1158 1056 1216 1095 se
1243 1042 1617 1110 spectaculum
1649 1043 1869 1100 trahere
1903 1060 2023 1100 cer-

446 1131 692 1186 tantibus
725 1131 944 1185 diabolo
988 1147 1052 1186 ac
1085 1132 1425 1189 daemonibus
1447 1174 1463 1199 ,
1493 1135 1550 1188 in
1583 1136 1784 1190 ctelum
1831 1137 2020 1193 oculos

447 1225 703 1278 tollamus
729 1238 958 1280 necesse
991 1231 1077 1280 est
1101 1264 1116 1289 ,
1152 1226 1562 1297 assumptisque
1611 1227 1713 1283 alis
1744 1227 1798 1282 in
1849 1228 2017 1282 altum

445 1317 722 1382 feramur,
755 1325 920 1388 atque
963 1333 1153 1373 earum
1209 1317 1394 1373 suavis
1430 1317 1583 1374 vocis
1628 1319 1805 1374 illices
1851 1334 2019 1377 sonos

442 1417 738 1481 gestusque
770 1410 1075 1480 impudicos
1095 1451 1111 1475 ,
1141 1410 1412 1466 castitatis
1441 1411 1682 1466 exterius
1727 1413 2020 1483 probaaque

439 1503 746 1558 honestatis
776 1502 1046 1557 obductos
1076 1503 1258 1572 specie
1278 1541 1292 1566 ,
1325 1518 1437 1572 pra:
1469 1501 1775 1560 Homericis
1808 1503 2016 1561 Sirenis

443 1594 738 1666 fugiamus.
777 1594 931 1648 Multi
979 1594 1123 1650 enim
1147 1634 1162 1659 ,
1221 1596 1426 1650 erroris
1465 1596 1736 1652 illecebris
1765 1595 2012 1661 deliniti,

441 1687 809 1743 deﬂuentibus
838 1687 1034 1758 pennis
1059 1688 1434 1758 'degravantur
1467 1690 1523 1742 in
1557 1687 1697 1742 hanc
1734 1689 2014 1744 venientes

2132 499 2253 552 σθαι
2277 501 2398 553 καθ’
2425 500 2638 573 ἡμέραν
2667 501 2976 575 ἐθιζόμενον
3007 501 3457 570 σπουδασμάτων.

2207 781 2421 852 Ἐπειδὴ
2467 781 2576 852 γὰρ
2631 783 2933 852 πανήγυριν
2982 781 3074 834 τὸν
3123 781 3237 852 βίον
3297 779 3454 852 ἡμῶν
3513 779 3698 850 σοφῶν

2123 873 2310 936 παῖδες
2339 874 2626 944 εἰρήκασιν
2646 867 2784 926 εἶναι
2804 914 2820 939 ,
2855 874 3002 943 ἡμᾶς
3035 874 3092 926 δὲ
3118 873 3180 926 τὸ
3215 873 3398 944 δρᾶμα
3427 871 3527 944 τῆς
3563 872 3697 944 ἀλη-

2122 963 2291 1027 θείας,
2323 963 2422 1034 τὴν
2458 963 2822 1035 δικαιοσύνην,
2851 965 3006 1035 ἥκειν
3031 963 3108 1027 ὡς
3136 965 3215 1027 εἰς
3238 963 3462 1035 θέατρον
3492 964 3694 1017 ἐπιδει-

2122 1055 2399 1126 ξομένους,
2431 1056 2878 1127 ἀντιτεχνούντων
2901 1058 3031 1126 ἡμῖν
3057 1055 3150 1108 καὶ
3177 1055 3692 1125 ἀνταγωνιζομένων

2120 1149 2214 1201 τοῦ
2262 1149 2505 1203 διαϐόλου
2545 1150 2638 1202 καὶ
2679 1149 2788 1202 τῶν
2836 1148 3102 1220 δαιμόνων
3123 1189 3138 1214 ,
3186 1147 3543 1211 ἀνανεύοντας
3578 1148 3692 1202 ἀνω

2119 1241 2198 1294 δεῖ
2225 1242 2319 1294 καὶ
2347 1241 2748 1312 ἀνιπταμένους
2778 1240 3221 1314 μετεωρίζεσθαι,
3248 1239 3341 1294 καὶ
3372 1239 3592 1309 φεύγειν
3620 1239 3692 1292 τὰ

2120 1332 2392 1403 θέλγητρα
2425 1332 2526 1402 τῆς
2565 1332 2928 1400 καλλιφωνίας
2953 1331 3150 1396 αὐτῶν,
3182 1332 3275 1386 καὶ
3316 1332 3384 1386 τὰ
3431 1332 3689 1401 σχήματα

2118 1424 2315 1489 ἔξωθεν
2356 1424 2625 1494 φαντασίᾳ
2659 1423 3010 1494 σωφροσύνης
3037 1422 3502 1494 ἐπικεχρωσμένα,
3531 1421 3563 1492 ἢ
3587 1423 3693 1486 τὰς

2118 1515 2380 1586 Σειρῆνας
2432 1513 2630 1584 μᾶλλον
2681 1513 2781 1576 τὰς
2822 1514 3141 1586 Ὁμηρικὰς.
3189 1511 3526 1583 Κηλούμενοι
3575 1513 3689 1584 γὰρ

2117 1609 2234 1669 ταῖς
2275 1606 2487 1676 ἡδοναῖς
2517 1604 2616 1674 τῆς
2652 1603 2881 1674 πλάνης,
2921 1603 3315 1674 πτεῳρῤυοῦσι
3356 1601 3559 1666 πολλοὶ,
3593 1602 3691 1656 καὶ

2120 1697 2438 1770 βαρύνονται
2467 1698 2547 1760 εἰς
2581 1697 2671 1749 τὸν
2709 1696 2831 1750 καθ’
2872 1697 3018 1766 ἡμᾶς
3051 1695 3162 1764 βίον
3191 1696 3435 1765 ἥκοντες,
3477 1711 3693 1764 χαυνω-

441 1780 631 1843 vitam,
661 1779 917 1833 relaxatis
936 1788 987 1832 et
1007 1779 1263 1849 languida
1289 1779 1515 1834 mollitie
1536 1777 1791 1834 resolutis
1810 1779 1998 1834 nervis.

2115 1788 2313 1841 θέντων
2352 1787 2534 1850 αὐτοῖς
2569 1787 2663 1840 καὶ
2691 1786 3062 1857 χαλασθέντων
3095 1785 3202 1838 τῶν
3233 1785 3420 1849 τόνων,
3441 1783 3566 1838 καθ’
3591 1782 3692 1850 οὒς

439 1873 640 1941 quibus
673 1873 882 1926 alarum
912 1871 1184 1926 castitatis
1213 1872 1426 1927 indoles
1457 1872 1767 1939 roboratur,
1798 1888 1860 1927 ea
1892 1889 2017 1928 sur-

437 1980 558 2018 sum
612 1965 798 2019 levans
855 1981 975 2035 quae
1030 1964 1368 2034 corruptioni
1433 1979 1724 2033 corporum
1789 1965 2015 2022 libidine

436 2055 693 2110 deorsum
719 2062 969 2125 vergunt.
1004 2052 1163 2117 Hinc,
1197 2069 1232 2107 o
1263 2052 1460 2117 Arete,
1510 2055 1607 2108 tibi
1646 2070 1840 2108 nomen
1897 2064 2012 2121 est,

436 2149 516 2202 sic
547 2148 704 2202 dieue
738 2148 852 2203 sive
879 2147 1024 2218 quod
1059 2161 1157 2216 per
1187 2154 1240 2201 te
1274 2147 1448 2216 ipsam
1489 2147 1719 2218 αἱρετή,
1765 2148 2012 2218 cligibilis

433 2255 488 2292 es
509 2278 524 2304 ,
562 2237 836 2310 dignaque
863 2254 985 2308 qua:
1029 2239 1372 2309 pmopteris,
1403 2239 1547 2308 quod
1582 2237 1788 2309 αἴρεις,
1820 2239 1874 2292 id
1901 2246 2007 2304 est,

435 2330 640 2382 attollis
671 2338 725 2383 et
751 2328 805 2381 in
836 2329 1006 2383 cmlos
1041 2329 1220 2391 levas,
1257 2328 1310 2381 in
1349 2326 1759 2382 candidissimis
1794 2342 2011 2397 semper

431 2421 707 2476 mentibus
735 2419 996 2474 incedens
1031 2437 1043 2472 :
1073 2427 1139 2472 tu
1174 2419 1307 2474 mihi
1330 2434 1536 2490 auspex
1568 2419 1834 2474 orationis
1866 2426 2006 2486 esto,

431 2525 593 2579 quam
625 2511 744 2578 ipsa
777 2510 976 2565 habere
1001 2510 1336 2580 praecepisti.

2112 1881 2275 1952 ἡτῶν
2301 1880 2514 1951 πτερῶν
2549 1880 2647 1949 τῆς
2693 1878 3042 1949 σωφροσύνης
3087 1880 3468 1946 συγκρατεῖται
3501 1875 3687 1945 φύσις,

2111 1975 2442 2044 κουφίζουσα
2495 1971 2562 2025 τὰ
2595 1972 2745 2024 κάτω
2778 1970 3002 2024 νεύοντα
3039 1970 3168 2041 περὶ
3213 1967 3544 2040 τὴνφθοράν
3576 1969 3692 2020 τῶν

2110 2067 2397 2137 σωμάτων.
2451 2065 2647 2128 Ὅθεν,
2696 2057 2741 2116 ὦ
2787 2062 3013 2135 Ἀρετὴ,
3067 2061 3178 2115 εἴτε
3237 2063 3318 2115 ὄτι
3361 2061 3427 2114 δι’
3485 2060 3690 2130 ἑαυτὴν

2107 2155 2330 2226 αἱρετὴ,
2365 2156 2474 2209 εἴτε
2529 2155 2615 2209 διὰ
2655 2155 2716 2208 τὸ
2765 2155 2955 2222 αἴρειν
3002 2154 3096 2208 καὶ
3149 2151 3496 2224 μετεωρίζειν
3549 2152 3690 2220 πρὸς

2109 2247 2364 2318 οὐρανὸν,
2394 2245 2597 2314 ταύτην
2634 2242 2872 2313 ἔσχηκας
2910 2241 3005 2313 τὴν
3049 2241 3392 2312 ἐπωνυμίαν,
3437 2240 3529 2292 ἐπὶ
3557 2238 3688 2291 λευ-

2111 2333 2354 2386 κοτάτων
2407 2332 2492 2385 ἀεὶ
2534 2331 2794 2401 βαίνουσα
2844 2327 3084 2400 φρενῶν·
3133 2328 3205 2382 ῐθι
3245 2347 3333 2399 μοι
3369 2327 3693 2398 συναντιλη-

2107 2423 2319 2494 ψομένη
2360 2421 2454 2475 τοῦ
2487 2421 2666 2489 λόγου,
2690 2420 2752 2474 δν
2779 2418 2919 2491 αὐτὴ
2947 2417 3286 2490 προσέταξας
3313 2419 3508 2472 εἰπεῖν.

500 2629 630 2684 CAP.
661 2627 729 2684 ll.
760 2628 886 2682 Alta
909 2645 1184 2682 sacrarum
1207 2629 1469 2698 virginum
1498 2644 1638 2682 mens
1670 2636 1720 2681 et
1742 2626 2065 2682 constantia.
2101 2624 2378 2695 Virginum
2409 2623 2464 2677 in
2487 2623 2667 2676 beatas
2691 2619 2838 2676 sedes
2868 2630 2988 2676 ante
3014 2621 3242 2691 reliquos
3265 2621 3608 2677 introductto.

498 2741 603 2808 Qui
633 2742 776 2796 enim
811 2740 1103 2808 deﬂuxum,
1134 2757 1298 2812 quem
1333 2741 1469 2806 dixi,
1501 2755 1801 2810 pennarum
1825 2739 1996 2811 passi,

429 2833 485 2886 in
517 2833 825 2903 voluptates
850 2834 1092 2904 prolapsi
1117 2842 1267 2898 sunt,
1295 2849 1405 2888 non
1436 2835 1591 2904 prius
1623 2834 1808 2888 dolere
1838 2848 1902 2889 ac
1919 2834 1999 2887 la-

428 2924 656 2978 boribus
673 2923 974 2980 conﬂictari
1000 2925 1260 2980 desinunt
1286 2940 1451 2995 quam
1477 2925 1719 2982 libidinis
1740 2927 2002 2995 concupi-

427 3015 636 3069 scentia
669 3015 1099 3085 intemperantiae
1157 3015 1485 3070 necessitate
1518 3016 1753 3085 expleta,
1785 3016 2001 3087 profani

2175 2740 2239 2792 Οἱ
2266 2738 2374 2808 γὰρ
2403 2736 2908 2808 πτερορρυήσαντες
2939 2735 3034 2787 καὶ
3064 2735 3319 2798 πεσόντες
3339 2737 3418 2798 είς
3439 2735 3536 2797 τὰς
3558 2735 3689 2806 ἡδο-

2105 2831 2200 2894 νάς
2223 2831 2284 2883 οὐ
2320 2831 2583 2902 πρότερον
2615 2830 2840 2900 λήγουσι
2868 2829 3044 2899 λύπης
3076 2830 3171 2882 καὶ
3203 2829 3402 2893 πόνων,
3441 2827 3554 2881 ἔστ’
3587 2828 3684 2895 ἂν,

2105 2927 2171 2995 τῇ
2205 2924 2298 2976 τοῦ
2334 2923 2537 2987 πάθους
2571 2922 2833 2994 ἐπιθυμίᾳ
2861 2924 2961 2993 τὴν
2992 2922 3236 2991 ἀνάγκην
3276 2919 3686 2992 ἐκπληροῦντες

2105 3016 2204 3086 τῆς
2231 3015 2519 3086 ἀκρασίας,
2545 3014 2778 3086 ἀμύητοι
2808 3016 2902 3068 καὶ
2927 3015 3133 3078 ἀτελεῖς
3165 3014 3258 3066 τοῦ
3287 3013 3389 3083 τῆς
3420 3013 3686 3084 ἀληθείας

425 3107 709 3176 sacrisque
729 3107 959 3170 exclusi,
988 3123 1020 3161 a
1041 3107 1286 3162 veritatis
1316 3123 1480 3162 scena
1497 3116 1744 3163 extorres
1776 3108 1998 3163 exstite-

2104 3075 2436 3178 ἀπομείνωσι
2482 3075 2795 3177 δράματοςο
2849 3108 2971 3160 ἀντὶ
3019 3075 3125 3176 τῆς
3167 3105 3306 3176 μετά
3345 3075 3530 3169 αἰδοῦς
3580 3075 3684 3159 καί

424 3202 560 3265 rint,
596 3209 656 3255 ut
702 3216 812 3254 non
853 3199 1060 3270 pudore
1105 3201 1385 3270 castisque
1415 3200 1621 3272 nuptiis
1654 3200 1842 3256 liberis
1880 3213 2002 3270 pre-

423 3293 677 3349 creandis
703 3300 909 3365 ponant
925 3307 1168 3362 operam,
1189 3291 1285 3348 sed
1314 3293 1472 3348 saevis
1488 3308 1735 3346 amorum
1760 3293 2002 3362 volupta-

424 3384 572 3438 tibus
600 3383 784 3438 furore
808 3383 1100 3440 insaniant.
1131 3382 1262 3448 Quae
1279 3397 1409 3439 vero
1433 3381 1560 3437 forti
1583 3383 1796 3452 levique
1820 3395 2000 3452 penna

423 3476 609 3531 saeculi
642 3483 981 3545 emergentes
1009 3489 1190 3540 coeno,
1227 3475 1283 3529 in
1327 3476 1509 3530 locum
1533 3475 1796 3530 mundum
1833 3489 1997 3545 supe-

420 3569 622 3624 riorem
657 3568 848 3622 oculos
878 3574 1225 3637 mentemque
1250 3568 1599 3632 extulerunt,
1629 3559 1820 3636 procul
1851 3567 1999 3637 aspi-

421 3661 627 3716 cientes
647 3675 767 3730 quze
795 3676 955 3716 nemo
968 3661 1108 3716 alius
1131 3661 1350 3724 viderit,
1384 3661 1503 3731 ipsa
1527 3660 1788 3714 nimirum
1815 3660 1998 3715 incor.

421 3751 692 3820 ruptionis
709 3758 883 3820 prata,
909 3750 1307 3806 inwstimabilia
1329 3750 1527 3806 decora
1548 3750 1817 3822 ﬂoresque
1836 3753 1996 3822 pleno

419 3841 528 3896 illis
555 3856 725 3894 cornu
750 3840 1050 3907 fundentia,
1079 3840 1146 3894 ad
1167 3841 1282 3910 ipsa
1303 3857 1424 3911 qua:
1443 3842 1556 3896 illic
1583 3851 1711 3898 sunt
1737 3843 1997 3897 continue

419 3928 604 3984 animo
633 3932 800 3986 erecti
827 3939 954 3986 sunt
984 3939 1316 4003 versantque
1339 3933 1652 4002 spectacula
1681 3951 1695 3998 ;
1723 3949 1833 4003 quo
1857 3933 1915 3987 ﬁt
1934 3942 1992 3988 ut

419 4029 680 4091 tanquam
726 4037 890 4092 parva
917 4021 1219 4092 despiciant
1247 4038 1368 4093 quae
1403 4024 1492 4078 hic
1529 4025 1755 4095 pulchra
1803 4025 1994 4081 existi-

415 4122 658 4180 mantur,
689 4128 842 4184 opes,
884 4115 1142 4180 honores,
1189 4116 1553 4183 nobilitatem,
1603 4119 1844 4188 nuptias,
1888 4135 1992 4174 nec

413 4203 611 4258 horum
641 4205 938 4275 quidquam
967 4206 1193 4275 majoris
1224 4206 1429 4277 aliquid
1445 4207 1607 4277 pretii
1629 4210 1986 4266 arbitrentur.

407 4294 556 4362 ‘Quin
581 4297 705 4352 etsi
735 4298 857 4368 quis
882 4313 1072 4352 earum
1105 4313 1335 4369 corpora
1369 4299 1500 4354 feris
1519 4299 1821 4356 ﬂammisve
1850 4302 1990 4372 obji-

2106 3199 2456 3270 σωφροσύνης
2489 3200 2918 3267 παιδοποιήσεως
2950 3198 3170 3269 ἀγρίαις
3212 3197 3430 3268 ἐρώτων
3474 3196 3683 3269 λυττή-

2103 3307 2296 3353 σαντες
2341 3291 2575 3360 ἡδοναῖς.
2612 3291 2677 3342 Αἱ
2711 3291 2767 3344 δέ
2814 3289 3071 3359 εῦπτεροι
3115 3288 3208 3341 καὶ
3239 3287 3439 3356 κοῦφαι
3471 3289 3552 3350 εἰς
3583 3287 3686 3344 τὸν

2099 3381 2466 3454 ὑπερκόσμιον
2497 3383 2661 3436 τόπον
2692 3381 3072 3452 ύπερκύψασαι
3103 3380 3197 3433 τοῦ
3235 3381 3372 3451 βίου,
3407 3382 3501 3434 καὶ
3537 3381 3685 3436 ίδοῦ-

2101 3491 2190 3527 σαι
2221 3473 2503 3545 πόρρωθεν
2529 3473 2565 3528 ἀ
2595 3474 2668 3544 μὴ
2697 3473 2882 3543 ἕτερος
2904 3471 3205 3544 ἀνθρώπων
3235 3472 3518 3537 ἐθεάσατο,
3545 3474 3683 3537 τοὺς

2097 3567 2367 3637 λειμῶνας
2415 3567 2611 3630 αὐτοὺς
2657 3566 2758 3636 τῆς
2810 3564 3138 3637 ἀφθαρσίας,
3191 3566 3450 3636 ἀμήχανα
3495 3565 3678 3638 κάλλη

2097 3658 2192 3710 καὶ
2231 3657 2364 3728 ἄνθη
2414 3659 2708 3731 φέροντας,
2744 3656 2839 3710 καὶ
2873 3656 3358 3726 πεπληρωμένους,
3400 3659 3487 3710 ἀεὶ
3533 3658 3681 3728 πρὸς

2095 3750 2285 3812 αὑταῖς
2318 3750 2454 3803 εἰσιν
2501 3748 2863 3803 άναπολοῧσαι
2897 3749 2963 3802 τὰ
2991 3750 3107 3801 ἐκεῖ
3147 3748 3396 3820 θεάματα
3415 3766 3428 3779 ·
3458 3749 3551 3802 καὶ
3581 3750 3681 3804 διά

2095 3841 2252 3894 τοῦτο
2301 3841 2472 3913 μικρά
2520 3841 2775 3912 ἡγοῦνται
2805 3842 2872 3894 τὰ
2925 3840 3160 3896 ἐνταῦθα
3209 3841 3285 3913 (9)
3333 3841 3681 3912 νομιζόμενα.

2095 3932 2254 3995 καλὰ,
2278 3932 2524 3997 πλοῦτον,
2550 3933 2643 3985 καὶ
2677 3932 2853 3997 δόξας.
2880 3933 2973 3985 καὶ
2999 3933 3152 4002 γένη,
3180 3934 3275 3986 καὶ
3305 3933 3536 4003 γάμους,
3571 3933 3678 3987 καὶ

2094 4024 2244 4078 οὐδέν
2271 4042 2322 4076 τι
2352 4025 2576 4077 ἐκείνων
2609 4025 2737 4094 περὶ
2767 4025 3007 4087 πλείονος
3038 4024 3336 4078 ποιοῦνται.
3379 4023 3540 4077 Ἀλλά
3571 4027 3676 4080 καὶ

2093 4114 2148 4166 εἴ
2174 4131 2257 4178 τις
2303 4113 2481 4166 αὐτῶν
2533 4113 2744 4186 θηρίοις
2789 4116 2822 4186 ἢ
2871 4115 3001 4185 πυρὶ
3037 4115 3277 4185 βούλοιτο
3317 4114 3385 4167 τά
3436 4113 3677 4184 σώματα

2093 4206 2440 4277 παραδιδόναι
2489 4207 2582 4259 καὶ
2625 4207 3006 4277 τιμωρεῖσθαι,
3053 4207 3284 4276 ἑτοίμως
3333 4205 3518 4276 ἔχουσι
3555 4207 3675 4260 τῶν

2091 4296 2396 4368 ἀλγηδόνων
2445 4298 2819 4369 ἀφροντιστεῖν
2865 4299 2950 4351 διὰ
2996 4297 3085 4350 τὸν
3121 4297 3343 4350 ἐκείνων
3377 4297 3540 4350 πόθον
3571 4297 3676 4351 καὶ

410 4405 537 4445 cere
551 4390 803 4454 voluerit,
817 4388 1063 4460 dirisque
1082 4390 1472 4446 exearniﬂcare
1493 4392 1798 4462 suppliciis,
1819 4410 1987 4464 quan-

2102 4390 2186 4460 τὴν
2220 4391 2438 4444 ἐκείνων
2469 4389 2756 4462 ἔκπληξιν⁸
2789 4390 2928 4443 ὥστε
2957 4390 3130 4444 δοκεῖν
3161 4390 3350 4453 αὐτὰς,
3383 4391 3440 4442 ἐν
3471 4389 3674 4461 κόσμῳ

405 4483 606 4539 tamvis
670 4491 1066 4538 tormentorum
1121 4484 1475 4540 acerbitatem
1522 4491 1870 4538 contemnere
1925 4485 1981 4540 in

408 4582 664 4646 promptu
679 4576 906 4640 habent,
928 4573 1074 4645 quod
1091 4573 1307 4628 illorum
1321 4579 1507 4628 amore
1527 4590 1592 4629 ac
1611 4576 1794 4645 specie
1811 4592 1975 4646 quam

407 4667 540 4732 dixi,
576 4667 764 4722 defixae
801 4677 948 4731 sunt,
977 4675 1034 4721 ut
1061 4667 1311 4737 quamvis
1332 4667 1388 4721 in
1421 4666 1626 4722 mundo
1665 4677 1974 4731 versentur,

2089 4482 2274 4546 οὔσας,
2327 4485 2399 4554 μὴ
2435 4479 2573 4536 εἶναι
2610 4484 2665 4536 ἐν
2702 4484 2908 4554 κόσμῳ,
2949 4482 3084 4536 ἀλλά
3118 4482 3194 4552 τῷ
3226 4483 3535 4552 φρονήματι
3571 4481 3672 4535 καὶ

2085 4579 2150 4646 τῇ
2191 4579 2334 4647 ὁρμῇ
2374 4577 2474 4644 τῆς
2503 4575 2799 4646 ἐπιθυμίας
2837 4578 2914 4640 εἰς
2946 4574 3045 4646 τὴν
3093 4575 3289 4644 ἄγυριν
3317 4575 3421 4646 ἤδη
3453 4574 3566 4627 τῶν
3609 4577 3668 4629 ἐν

2087 4669 2197 4731 τοῖς
2229 4669 2479 4739 οὐρανοῖς
2514 4668 2623 4738 (10)
2651 4667 2951 4737 τυγχάνειν.

396 4775 515 4817 'non
550 4763 603 4816 in
641 4763 842 4817 mundo
861 4778 983 4818 esse
1013 4763 1320 4826 videantur,
1355 4761 1452 4818 sed
1509 4764 1706 4818 mentis
1752 4779 1918 4819 sensu
1976 4777 2040 4817 ac
2088 4763 2343 4820 desiderii
2382 4764 2477 4832 vi,
2529 4764 2584 4818 in
2625 4765 2803 4834 ipsum
2849 4763 2960 4833 jam
3010 4763 3254 4818 caelitum
3307 4772 3511 4820 emtum
3574 4777 3671 4816 asc

403 4864 655 4926 sumptae.

477 5008 553 5079 (9)
584 5010 687 5064 Διὰ
720 5011 895 5065 τοῦτο
927 5012 1109 5079 μικρὰ
1132 5011 1416 5080 ἡγοῦνται
1455 5013 1526 5066 τὰ
1561 5013 1682 5068 ἐντ.
1723 5013 1970 5076 Allatius,

395 5077 501 5152 διὲξ
516 5081 673 5152 τοῦτο
707 5082 779 5152 μὴ
810 5077 1066 5152 ῥέπουσαι
1092 5077 1226 5152 πρός
1249 5082 1315 5135 τὰ
1343 5085 1520 5137 ἐντ....
1555 5084 1611 5136 1η
1644 5083 1790 5138 edito
1813 5084 1974 5136 (Iom-

401 5147 677 5222 belisiano
705 5147 1351 5222 pe'rperannadnotatum
1399 5156 1454 5205 in
1512 5156 1784 5222 margine,
1833 5154 1972 5206 hanc

399 5232 524 5270 esse
560 5218 844 5273 lectionem
877 5237 975 5275 ms.
1007 5220 1204 5275 Mazar.
1244 5221 1414 5277 GALL.

475 5287 588 5367 (ιο)
627 5287 746 5367 Ίςῶν
771 5291 840 5347 ὲν
866 5291 988 5367 τοῖς
1009 5292 1639 5367 o§vpa~roZ¢._ltuportune
1677 5294 1838 5348 nimis
1864 5293 1974 5367 edi-

391 5363 516 5436 tum
553 5358 607 5410 in
643 5356 1000 5437 “Luparvad'iy
1029 5356 1272 5437 ἄστρων,
1298 5363 1363 5417 tle
1395 5356 1500 5437 qua
1539 5373 1718 5437 tamen
1761 5365 1969 5437 voceis

396 5427 493 5501 qui
525 5427 740 5501 praefuit
770 5428 1013 5501 editioni,
1044 5445 1107 5482 ac
1136 5427 1704 5489 variantes‘lcctioncs
1745 5434 1962 5501 adjecit,

406 5495 533 5566 Vox
565 5497 800 5566 ἄστρων,
849 5498 1044 5566 inquit,
1077 5501 1252 5555 deerat
1284 5509 1338 5556 in
1379 5504 1496 5556 Vat.
1550 5505 1741 5559 codice.
1792 5495 1880 5566 Ᾰῑ,
1920 5495 1966 5558 si

396 5565 604 5641 deerat,
640 5565 783 5641 unde
823 5566 1073 5641 Fossinioi
1106 5575 1294 5633 ascita,
1347 5589 1450 5641 qua
1488 5575 1758 5630 reddenda
1800 5565 1967 5627 tantis

398 5633 610 5713 laborat
642 5635 1222 5713 verburumphaleris?
1260 5633 1416 5696 Ponit
1447 5645 1674 5700 Allatius
1711 5649 1849 5699 inter
1876 5659 1969 5698 vao

396 5705 510 5770 rias
539 5705 798 5763 lectiones
830 5721 896 5764 ex
922 5705 1040 5764 Vat.
1073 5717 1126 5766 et
1169 5711 1328 5768 Barb.
1366 5714 1550 5782 codd.,
1579 5717 1810 5787 indeque
1836 5714 1970 5772 Pos-

2081 5011 2254 5067 sinius
2279 5009 2547 5076 habuerit,
2570 5024 2732 5078 quam
2751 5021 2931 5064 tamen
2955 5009 3071 5078 ipse
3097 5009 3152 5062 in
3183 5023 3285 5064 suo
3311 5024 3418 5064 non
3445 5009 3663 5070 habuit.

2081 5083 2200 5137 Meo
2232 5081 2468 5151 periculo
2501 5081 2901 5151 quidvisaliud
2951 5081 3141 5151 potius
3175 5080 3402 5148 scripsit
3442 5079 3660 5151 Metho-

2079 5149 2417 5207 diusfForte
2439 5149 2626 5217 ἁγίων,
2661 5149 2745 5203 vel
2774 5151 2953 5219 potius
2989 5149 3258 5218 ἀγγέλων,
3289 5159 3349 5202 ιιι
3389 5150 3662 5219 exprimat

2080 5223 2213 5276 illud
2240 5221 2401 5275 Hebr.
2432 5236 2531 5283 xu,
2563 5221 2652 5280 25.
2679 5219 2773 5273 ubi
2814 5220 2882 5274 de
2925 5220 3016 5273 illo
3059 5221 3177 5289 ipso
3216 5219 3460 5274 caelitum
3485 5230 3658 5282 cmtu,

2077 5295 2132 5346 in
2169 5309 2276 5363 quo
2306 5292 2417 5358 jam
2447 5291 2666 5363 versari
2707 5290 2946 5363 virgines
2994 5306 3159 5363 sensu
3192 5289 3392 5344 mentis
3431 5290 3660 5363 videan-

2077 5359 2200 5426 tur;
2224 5362 2318 5415 καὶ⁸
2361 5361 2612 5430 μυριάσιν
2646 5361 2888 5427 ἀγγέλων
2917 5359 3240 5430 πανηγύρει,
3268 5374 3436 5430 quam
3482 5360 3655 5428 ipsam

2072 5449 2260 5487 vocem
2291 5429 2569 5500 scripserit
2600 5429 2911 5500 Methodius
2959 5433 3064 5485 nisi
3117 5429 3369 5500 simplici
3402 5430 3656 5483 maluerit

2072 5503 2299 5557 reddere
2328 5499 2540 5572 ἀγυριν.
2598 5499 2845 5572 Perinde,
2871 5503 3015 5556 enim
3066 5504 3170 5565 est,
3226 5499 3434 5572 concio,
3469 5509 3652 5572 catus,

2074 5571 2356 5626 multitudo
2383 5569 2621 5633 collecta,
2663 5586 2771 5624 non
2804 5571 3040 5625 siderum
3077 5569 3313 5639 (nugae),
3343 5570 3438 5624 sed
3489 5570 3653 5624 caele-

2075 5646 2240 5699 stium
2268 5644 2552 5713 spirituum
2576 5648 2629 5696 et
2655 5642 2990 5713 angelorum,
3017 5642 3344 5713 quibuscum
3369 5642 3524 5713 beata
3552 5653 3654 5713 no-

2077 5715 2161 5770 bis
2190 5709 2422 5771 soci’etas
2450 5713 2518 5789 in
2546 5710 2709 5786 caelis
2734 5709 3138 5784 exspectatur;
3171 5710 3395 5783 jamque
3433 5709 3654 5788 virgini-
