3866 6160
182 301 280 357 Ml

1290 282 1678 359 couvwwit
1717 301 1950 357 DECEM
1992 301 2353 358 VIRGINUM.

3345 303 3448 357 “‘2

253 410 334 462 Οὐ
367 409 480 481 γάρ
526 410 683 481 Θέμις
718 412 813 464 ἐπὶ
851 413 954 484 γῆς
998 412 1202 483 βρίθειν
1251 413 1390 466 κατά
1435 412 1533 484 τὴν
1578 412 1769 466 ἑαυτοῦ

1948 411 2064 466 Non
2095 414 2240 468 enim
2270 412 2352 467 fas
2373 419 2458 468 est
2506 411 2835 482 virginitatis
2866 413 3006 467 alam
3047 423 3239 485 suapte
3269 414 3449 468 indole

180 501 351 573 φύσιν
382 503 446 556 τὸ
473 503 575 574 τῆς
603 504 902 576 παρθενίας
936 507 1155 578 πτερὸν,
1182 505 1294 558 ἀλλ’
1326 506 1438 560 ἀνω
1471 507 1657 578 φέρειν
1693 509 1774 569 εἰς

179 598 440 669 οὐρανὸν,
471 599 550 660 εἰς
575 581 819 669 καθαρὸν
863 598 1078 669 αἰθέρα,
1124 600 1218 652 καὶ
1255 599 1346 654 τὸν
1384 600 1774 672 τῶν·ἀγγέλων

183 691 408 757 γείτονα.
447 688 580 758 βίον.
618 689 779 743 Ὅθεν
807 692 902 744 καὶ
927 690 1139 760 πρῶται
1167 691 1274 745 τῶν
1301 692 1476 746 ἄλλων
1511 695 1648 765 μετά
1674 696 1774 766 τὴν

181 780 494 848 ἀνάκλησιν
536 781 627 832 καὶ
652 781 752 851 τὴν
783 781 1032 836 ἐντεῦθεν
1071 781 1340 852 ἐκδημίαν
1378 785 1435 838 αί
1472 785 1647 856 ὀρθῶς
1682 789 1776 840 καὶ

181 872 398 936 πιστῶς
430 872 864 943 παρθενεύσασαι
891 873 970 944 τῷ
999 875 1218 946 Χριστῷ
1247 877 1315 930 τά
1348 881 1639 951 νικητήρια
1673 881 1769 949 φέ-

185 982 374 1037 ρονται
424 965 532 1017 τῶν
571 965 778 1029 ἄθλων,
832 969 943 1028 τοῖς
973 966 1075 1036 τῆς
1102 968 1412 1041 ἀφθαρσίας
1441 970 1625 1024 ἄνθεσι
1656 989 1775 1024 στε-

185 1058 412 1127 φθεῖσαι
449 1057 586 1130 πρὸς
631 1058 818 1114 αὑτοῦ.
857 1060 1009 1129 ’Ἅμα
1058 1058 1166 1129 γάρ
1207 1059 1286 1130 τῷ
1328 1062 1651 1131 καταλεῖψαι
1683 1062 1774 1116 τὸν

185 1153 395 1222 κόσμον
431 1151 534 1215 τὰς
580 1151 778 1222 ψυχὰς,
815 1151 968 1220 λόγος
993 1154 1116 1216 ταῖς
1158 1153 1446 1224 παρθένοις
1495 1155 1774 1208 ὑπαντῶν-

185 1263 286 1308 τας
319 1245 589 1314 ἀγγέλους
627 1243 765 1315 μετά
795 1243 997 1314 πολλῆς
1028 1244 1301 1314 εὐφημίας
1329 1247 1409 1308 είς
1440 1247 1565 1309 τοὺς
1589 1265 1775 1318 προει-

187 1339 465 1408 ρημένους
495 1336 887 1409 παραπέμπειν
916 1334 1189 1404 λειμῶνας
1223 1336 1415 1399 αὐτὰς,
1447 1339 1525 1400 εἰς
1548 1336 1642 1402 οὓς
1677 1340 1772 1393 καὶ

186 1430 429 1501 πρόσθεν
461 1430 637 1482 ἐλθεῖν
679 1427 986 1499 ἐγλίχοντο,
1028 1428 1302 1498 μακρόθεν
1333 1430 1530 1494 αὐτοὺς
1569 1447 1772 1500 φαντα-

189 1521 474 1574 σιωθεῖσαι
511 1523 650 1584 τότε,
684 1522 866 1586 ὁπότε,
898 1520 979 1573 ἔτι
1011 1519 1411 1592 ἐπενδημοῦσαι
1443 1527 1554 1588 τοῖς
1590 1522 1773 1596 σῶμα·

188 1630 298 1682 σιν,
333 1614 636 1668 ἰνδάλλοντο
664 1614 734 1667 τὰ
762 1613 898 1667 θεῖα.
969 1673 972 1676 ,

1873 506 1929 558 in
1968 511 2171 558 terram
2201 517 2445 572 vergere,
2469 503 2628 572 cujus
2656 505 2837 572 potius
2873 504 3115 558 muneris
3154 505 3226 559 sit
3251 504 3306 557 in
3338 519 3452 558 cm-

1875 597 1985 650 lum
2016 610 2321 665 purumque
2347 594 2548 649 mthera
2579 610 2644 649 ac
2671 597 2906 650 vicinam
2933 596 3246 666 angelorum
3282 596 3451 652 vitam

1874 687 2149 740 hominem
2173 687 2382 740 tollere.
2421 685 2666 756 Reliquis
2698 687 2880 757 itaque
2907 689 3119 756 priores
3155 687 3284 741 hinc
3312 701 3446 742 evo-

1875 788 2012 834 catae
2040 795 2103 834 ac
2136 780 2488 849 emigranles,
2517 797 2638 851 qua:
2665 789 2814 836 recte
2845 780 3186 852 ﬁdeliterque
3224 780 3452 836 Christo

1880 871 2119 942 virgines
2163 871 2483 934 militavere,
2515 871 2759 926 victoriae
2807 872 3030 943 praemia
3065 871 3330 934 referunt,
3364 873 3450 926 in-

1875 963 2242 1032 corruptionis
2270 964 2338 1018 ab
2369 978 2435 1018 eo
2462 963 2688 1024 ﬂoribus
2720 966 2989 1033 sertisque
3018 963 3302 1018 redimitae.
3323 962 3450 1018 Ilo:

1873 1057 2017 1111 enim
2045 1071 2109 1110 ac
2141 1056 2335 1110 animm
2360 1058 2624 1110 mundum
2644 1057 2983 1128 reliquerint,
3000 1065 3199 1127 praesto
3215 1071 3338 1112 esse
3351 1071 3453 1111 an-

1872 1149 2024 1219 gelos
2079 1148 2285 1212 ferunt,
2319 1149 2412 1219 qui
2451 1149 2757 1220 virginibus
2799 1151 3015 1205 obviam
3063 1149 3446 1220 procedentes,

1874 1240 2163 1296 ambitioso
2191 1240 2455 1295 famulatu
2479 1241 2794 1312 ingentique
2821 1242 3114 1311 praeconio,
3146 1241 3214 1296 ad
3235 1255 3299 1296 ea
3327 1255 3450 1310 qua!

1877 1335 2299 1391 memoravimus
2330 1341 2485 1406 prata
2521 1333 2794 1390 deducant
2823 1374 2839 1399 ,
2891 1350 3000 1405 quo
3026 1344 3080 1390 et
3107 1343 3233 1390 ante
3260 1334 3452 1390 venire

1877 1429 2178 1499 gliscebant
2198 1447 2212 1496 ;
2250 1430 2440 1499 procul
2471 1437 2602 1482 tunc
2615 1428 2797 1484 animo
2820 1427 3198 1493 informantes,
3218 1444 3341 1484 cum
3360 1427 3454 1483 ad-

1877 1521 1986 1576 huc
2016 1522 2073 1575 in
2119 1522 2443 1591 corporibus
2478 1528 2791 1585 versantes,
2839 1520 3133 1575 simulacro
3193 1521 3455 1592 tenuique

1877 1616 2116 1687 imagine
2152 1615 2339 1670 divina
2371 1623 2552 1671 mente
2572 1615 3058 1686 repraesentabant.

1259 1729 1388 1785 CAP.
1413 1729 1504 1788 ιιι.
1547 1730 1882 1801 Virginitatis
1903 1747 2019 1786 sors
2048 1740 2098 1786 et
2131 1731 2415 1788 hereditas.

275 1842 548 1897 Ἐνταῦθα
576 1843 639 1914 δὴ
673 1845 954 1910 ἐλθούσας,
983 1847 1274 1917 θαυμαστά
1304 1864 1424 1900 τινα
1457 1843 1775 1906 θεάσασθαι,

1951 1842 2070 1899 Jam
2087 1860 2218 1899 vero
2247 1845 2375 1900 illuc
2405 1843 2720 1915 perductis,
2767 1842 3015 1897 miranda
3049 1843 3298 1913 quzedam
3327 1844 3451 1901 illu-

190 1933 286 1984 καί
320 1933 615 2004 ἕκλαμπρα
662 1935 756 1987 καὶ
791 1936 1034 2006 μακάρια
1080 1936 1248 2006 κάλλη
1271 1975 1286 1999 ,
1320 1936 1414 1988 καὶ
1442 1937 1599 1989 ὁποῖα
1632 1935 1771 2000 ἐξει-

190 2027 314 2076 πεῖν
347 2027 432 2088 si;
471 2024 792 2096 ἀνθρώπους
832 2028 1108 2098 δυσχερές.
1147 2023 1299 2080 Εἶναι
1351 2027 1460 2100 γὰρ
1492 2027 1659 2098 αὐτὴν
1697 2028 1776 2081 δι-

191 2117 487 2188 καιοσύνην
539 2120 634 2172 καὶ⁵
679 2120 960 2192 φρόνησιν,
1015 2121 1236 2192 ἀγάπην
1290 2122 1462 2192 αὐτὴν
1512 2124 1628 2174 ἐκεῖ
1680 2121 1775 2174 καὶ

189 2210 450 2281 ἀληθειαν
500 2213 597 2266 καὶ
653 2213 1032 2286 σωφροσύνην,
1075 2215 1171 2267 κοιλ⁸
1219 2213 1289 2267 τὰ
1336 2214 1472 2269 ἀλλα
1513 2213 1776 2278 ὡσαύτως

191 2304 437 2374 ἐπιφανῆ
467 2305 567 2374 τῆς
595 2305 783 2374 σοφίας
804 2307 938 2379 ἄνθη
971 2309 1064 2360 καὶ
1093 2308 1266 2376 φυτά·
1294 2299 1371 2363 ὧν
1400 2309 1560 2378 ἡμεῖς
1593 2307 1776 2361 ἐνθάδε

193 2396 356 2459 σκιὰς
394 2397 562 2466 μόνας
607 2398 987 2470 φασματὼδεις
1037 2399 1485 2470 όνειριὶισσοντες,
1520 2400 1628 2452 ἀπὸ
1669 2399 1778 2455 τῶν

192 2487 454 2558 πράξεων
485 2490 767 2561 ἡγούμεθα
804 2491 912 2546 τῶν
939 2493 1296 2560 ἀνθρωπίνων
1327 2494 1668 2557 συνεστάναι,
1695 2495 1777 2548 ὃτι

196 2583 270 2653 μή
304 2583 453 2636 ἐστιν
477 2584 654 2637 αὐτῶν
675 2585 834 2657 δεῦρο
861 2585 1028 2657 μηδὲν
1051 2586 1270 2640 εἴδωλον
1297 2587 1627 2655 καταφανὲς,
1662 2588 1776 2642 ἀλλ’

191 2675 636 2746 ἀπεικονίσματα
682 2677 840 2748 μόνον
870 2678 1056 2749 ἀειδῆ,
1085 2679 1120 2732 ἀ
1165 2678 1229 2750 δὴ
1273 2680 1368 2733 καὶ
1395 2679 1534 2733 αὐτὰ
1565 2697 1778 2734 σκοτει-

187 2766 304 2829 νῶς
359 2767 622 2830 πολλάκις
665 2769 1058 2832 ἀπεικάζοντες
1104 2769 1490 2842 αἰσθανόμεθα.
1547 2773 1622 2826 Οὐ
1669 2774 1780 2845 γὰρ

189 2856 259 2911 ἂν
301 2856 524 2912 πιὶιποτε
552 2860 893 2931 δικαιοσύνης
924 2862 1092 2932 αὐτῆς
1121 2862 1155 2933 ἢ
1191 2863 1458 2928 συνέσεως
1490 2863 1523 2934 ἢ
1558 2865 1781 2936 εἰρήνης

189 2947 498 3017 ὀφθαλμοῖς
528 2948 788 3001 ἐθεάσατό
818 2967 904 3012 τις
936 2950 1185 3020 μέγεθος,
1218 2952 1252 3023 ἢ
1290 2952 1528 3024 σχῆμαῆ
1561 2954 1776 3020 κάλλος·

191 3039 317 3090 ἐκεῖ
343 3038 403 3089 δὲ
437 3040 495 3091 ἐν
522 3037 601 3108 τῷ
639 3040 807 3092 Ὄντι
840 3039 972 3109 (ll),
1005 3039 1082 3102 ὥς
1123 3043 1281 3107 εἰσιν,
1305 3040 1524 3112 ὁλοτελῆ
1559 3043 1782 3113 βλέπον-

189 3147 285 3184 ται
319 3129 417 3182 καὶ
447 3131 613 3200 σαφῆ.
648 3127 800 3185 Εἶναι
832 3131 941 3202 γάρ
971 3131 1186 3203 δένδρον
1218 3150 1271 3185 τι
1300 3137 1655 3206 σωφροσύνης
1679 3135 1779 3188 αύ-

1879 1935 2263 2006 strissimaque
2287 1944 2341 1990 et
2370 1937 2548 2000 beata,
2581 1943 2636 1990 et
2667 1949 2832 2005 supra
2869 1950 3032 2004 quam
3067 1935 3312 1991 humano
3337 1938 3452 1991 elo-

1876 2027 2006 2097 quio
2028 2028 2258 2098 exprimi
2293 2026 2449 2082 facile
2481 2027 2655 2097 possit
2675 2025 2908 2081 fruenda
2929 2025 3111 2080 oﬂ'erri
3146 2027 3454 2096 pulchritu-

1878 2121 2065 2174 dinum
2101 2121 2432 2190 spectacula.
2484 2120 2605 2189 lpsa
2653 2121 2854 2190 quippe
2904 2120 3015 2174 illic
3063 2120 3299 2189 justitia,
3335 2121 3453 2190 ipsa

1877 2211 2187 2282 prudentia,
2235 2213 2351 2281 ipsa
2399 2227 2518 2266 sese
2568 2212 2748 2281 palam
2786 2218 3059 2266 monstrat
3101 2211 3454 2282 indulgetque

1876 2319 2001 2357 cum
2055 2303 2317 2358 charitate
2358 2303 2557 2357 veritas
2593 2309 2646 2356 ct
2668 2303 2926 2369 castitas,
2988 2302 3185 2373 aliique
3208 2303 3262 2357 id
3284 2319 3456 2374 genus

1878 2392 2272 2462 speciosissimi
2313 2391 2596 2462 sapientiae
2643 2390 2805 2446 ﬂores
2835 2405 2901 2445 ac
2947 2391 3184 2462 plantze:
3218 2407 3452 2462 quorum

1878 2500 1981 2540 nos
2009 2485 2097 2540 bic
2115 2485 2338 2540 umbras
2372 2485 2519 2540 solas
2540 2483 2697 2555 quasi
2719 2499 2816 2555 per
2845 2487 3118 2540 somnium
3148 2487 3454 2558 imaginan-

1878 2584 1982 2641 tes,
2016 2583 2271 2647 putamus
2313 2592 2376 2631 ex
2417 2577 2674 2632 humanis
2721 2588 2977 2634 constare
3019 2579 3453 2649 operationibus,

1877 2671 2024 2741 quod
2046 2671 2258 2725 nullum
2287 2670 2447 2725 nobis
2468 2670 2558 2725 hic
2591 2685 2779 2726 eorum
2817 2673 3174 2743 conspicuum
3201 2679 3456 2742 suppetat

1879 2759 2256 2826 simulacrum,
2295 2759 2391 2814 sed
2423 2761 2674 2815 obseura:
2713 2762 2978 2816 duntaxat
3026 2761 3453 2833 designationes,

1877 2868 2015 2922 quas
2061 2862 2114 2908 et
2144 2853 2292 2923 ipsas
2321 2855 2518 2922 saepius
2545 2853 2780 2911 obscure
2811 2855 3145 2911 delineantes
3179 2854 3460 2923 densaque

1878 2943 2132 3014 caligine,
2169 2945 2453 3000 sentimus.
2483 2943 2594 3002 Nec
2631 2948 2776 3002 enim
2822 2948 2965 3004 ullus
2994 2963 3234 3019 unquam
3284 2947 3462 3017 ipsius

1875 3034 2124 3103 justitiaz,
2153 3044 2246 3091 aut
2261 3037 2585 3106 prudentiae,
2601 3047 2695 3094 aut
2716 3039 2891 3109 pacis,
2916 3039 3346 3109 magnitudinem
3363 3047 3458 3091 aut

1882 3127 2134 3193 formam,
2169 3137 2330 3185 autve
2360 3130 2613 3186 decorem
2636 3130 2810 3186 oculis
2841 3131 3157 3200 usurpavit;
3194 3131 3305 3184 illic
3324 3145 3459 3185 vero

191 3221 318 3291 τῆς,
351 3217 493 3274 εἶναι
528 3222 770 3294 ἀγάπης,
813 3219 953 3278 εἶναι
989 3225 1287 3289 συνέσεως·
1315 3224 1503 3298 ὥσπερ
1546 3228 1641 3280 καὶ
1673 3227 1779 3281 τῶν

1886 3221 1942 3275 in
1993 3236 2060 3276 eo
2121 3221 2227 3288 Qui
2248 3231 2325 3276 est
2356 3224 2424 3287 ⁸⁷,
2457 3223 2537 3277 uti
2576 3238 2702 3278 vere
2724 3231 2874 3286 sunt,
2898 3223 3107 3292 integra
3135 3237 3199 3276 ac
3238 3223 3464 3291 conspi-

193 3311 385 3364 ἐνθάδε
409 3313 478 3365 τὰ
503 3315 643 3381 φυτά
663 3315 912 3384 καρπῶν,
936 3309 1048 3368 οἷον
1066 3317 1360 3387 σταφυλῆς,
1385 3319 1539 3387 ῥοιᾶς
1565 3320 1659 3373 καὶ
1682 3321 1784 3391 μή·

191 3401 325 3466 λων,
356 3403 502 3457 οὕτω
613 3406 879 3460 κάκείνων
904 3408 1199 3479 δρέπεσθαι
1230 3409 1340 3479 (12)
1368 3409 1466 3480 μὲν
1495 3411 1586 3463 καὶ
1611 3411 1784 3464 ἐσθίε-

196 3494 323 3549 σθαι
367 3497 499 3559 τοὺς
532 3499 796 3568 καρποὺς,
831 3499 891 3552 οὺ
931 3500 1036 3571 μὴν
1067 3500 1398 3554 ἀπόλλυσθαι
1433 3503 1526 3554 καὶ
1554 3501 1780 3570 φθίνειν,

193 3588 310 3641 ἀλλ’
335 3589 419 3651 είς
443 3587 742 3643 ἀθανασίαν
767 3588 950 3655 αὔξειν
977 3592 1071 3644 καὶ
1098 3590 1348 3663 θειότητα
1368 3592 1493 3656 τοὺς
1515 3592 1784 3664 δρεπομέ-

195 3697 357 3744 νους·
400 3680 589 3745 καθὼς
615 3683 866 3746 κάκεῖνος
895 3683 954 3749 ἐξ
991 3677 1052 3737 οὗ
1097 3684 1298 3748 πάντες
1331 3685 1516 3755 ἐσμὲν,
1555 3685 1660 3756 πρὸ
1691 3683 1784 3738 τοῦ

198 3775 544 3842 παραπεσεῖν
576 3775 668 3826 καὶ
703 3775 1028 3845 πηρωθῆναι
1057 3776 1156 3838 τᾶς
1186 3773 1358 3845 ὄψεις,
1392 3776 1450 3827 ἐν
1494 3775 1571 3846 τῷ
1608 3792 1788 3848 παρα-

198 3860 358 3934 δείσῳ
392 3864 682 3933 τυγχάνων
702 3905 716 3928 ,
747 3864 1187 3936 ἀπεκαρπεύετο,
1219 3866 1312 3918 τοῦ
1345 3866 1480 3919 Θεοῦ
1507 3866 1789 3937 θεμιστεύ-

199 3971 350 4018 aveo;
383 3956 476 4010 τὸν
505 3956 791 4028 ἀνθρωπον
815 3958 919 4010 τῶν
941 3958 1040 4027 τῆς
1071 3957 1260 4026 σοφίας
1289 3958 1528 4028 ἐργάτην
1560 3958 1783 4028 τεθῆναι

201 4048 294 4100 καὶ
334 4046 557 4116 φύλακα
591 4047 792 4116 φυτῶν.
836 4048 1124 4112 Τοιούτους
1151 4048 1260 4119 γὰρ
1292 4045 1358 4120 ἦν
1393 4050 1638 4120 καρποὺς
1685 4067 1780 4102 πε-

202 4141 560 4210 πιστευμένος
591 4143 854 4212 γεωργεῖν
903 4141 996 4193 καὶ
1042 4141 1072 4192 ό
1117 4141 1330 4211 πρῶτος
1375 4141 1564 4211 Ἀδάμ.
1599 4140 1708 4194 Καὶ
1753 4142 1782 4194 ὀ

210 4233 480 4302 Ἱερεμίας
526 4232 583 4284 δὲ
623 4232 794 4286 ταῦτα
847 4233 1134 4302 τυγχάνειν
1175 4233 1356 4296 ἰδικῶς
1389 4233 1444 4285 ἐν
1476 4250 1583 4285 τινι
1630 4233 1780 4304 τόπῳ

203 4323 294 4374 καὶ
350 4322 627 4391 ἀφεστῶτι
682 4323 924 4394 μεγάλην
984 4323 1282 4375 ἀπόστασιν
1328 4322 1426 4392 τῆς
1476 4321 1597 4374 καθ’
1630 4323 1780 4393 ἡμᾶς

273 4477 315 4507 ⁸⁷
363 4476 540 4531 Exod.
575 4492 658 4545 Ill,
688 4479 775 4533 14.

1888 3327 1989 3366 cua
2010 3313 2438 3383 perspiciuntur.
2473 3313 2568 3369 Est
2595 3314 2742 3368 enim
2777 3315 2952 3383 ipsius
2983 3313 3456 3376 castitatisarbor,

1888 3412 1974 3459 est
2001 3405 2271 3470 caritatis,
2325 3412 2412 3460 est
2464 3405 2785 3476 prudentiae,
2818 3405 2896 3458 uti
2929 3420 3060 3460 sane
3086 3415 3139 3459 et
3178 3404 3459 3459 fructuum

1886 3496 1978 3550 hic
2007 3507 2345 3552 terrenorum
2403 3498 2600 3566 plantae
2621 3498 2772 3568 (vitis
2814 3497 3044 3560 scilicet,
3075 3496 3458 3566 malogranati,

1888 3587 2156 3641 malorum
2183 3600 2584 3660 pomorumque
2597 3588 2884 3658 omnium),
2916 3588 2995 3642 sic
3013 3595 3067 3641 et
3101 3587 3315 3641 illarum
3338 3601 3461 3640 car-

1890 3685 2096 3748 puntur
2124 3677 2336 3735 fructus
2370 3688 2532 3750 atque
2567 3680 2823 3742 eduntur,
2857 3695 2966 3734 non
3009 3679 3103 3748 qui
3145 3685 3368 3748 pereant
3396 3691 3462 3731 ac

1891 3779 2255 3834 marcescant,
2286 3773 2381 3828 sed
2403 3773 2498 3842 qui
2535 3774 2774 3844 legentes
2797 3771 2864 3826 ad
2894 3773 3356 3826 immortalitatem
3377 3771 3464 3826 di-

1889 3858 2281 3930 vinitatemque
2295 3861 2629 3932 adaugeant:
2654 3861 3113 3932 quemadmodum
3124 3860 3280 3916 etille
3301 3860 3464 3930 cujus

1889 3966 2082 4008 omnes
2115 3969 2306 4010 sumus
2353 3956 2589 4017 soboles,
2618 3965 2744 4008 ante
2769 3955 2982 4024 lapsum
3031 3969 3096 4008 ac
3141 3961 3343 4008 caecata
3372 3953 3461 4006 lu-

1889 4045 2060 4109 mina,
2095 4045 2150 4100 in
2198 4047 2452 4116 paradiso
2485 4046 2761 4100 fructuum
2800 4048 2968 4102 usura
3003 4044 3292 4116 gaudebat,
3330 4059 3464 4100 con-

1890 4137 2082 4192 stituto
2114 4154 2210 4208 per
2234 4137 2326 4193 Dei
2351 4138 2545 4192 scitum
2578 4137 2821 4206 homine,
2848 4148 2901 4193 ut
2922 4138 3227 4206 plantarum
3245 4137 3462 4205 sapien-

1891 4231 1977 4284 tiae
2005 4233 2182 4286 cultor
2215 4247 2278 4286 ac
2299 4241 2484 4286 custos
2515 4240 2681 4287 esset.
2715 4230 2876 4285 Tales
2900 4245 3131 4299 namque
3158 4229 3370 4283 fructus
3403 4236 3462 4281 ut

1889 4323 2115 4388 coleret,
2136 4325 2343 4394 primus
2381 4323 2554 4377 Adam
2580 4323 2636 4377 in
2657 4338 2812 4378 suam
2839 4323 2995 4377 (idem
3029 4328 3332 4390 acceperat.
3364 4320 3462 4374 At-

200 4631 299 4688 bus
330 4649 402 4706 ac
427 4633 495 4706 iis
522 4649 752 4706 quorum
784 4651 909 4688 cum
947 4635 1114 4688 Paulo
1157 4637 1519 4703 conversatio,
1549 4635 1783 4689 munici-
1812 4635 2013 4700 Ditem
2062 4635 2272 4689 Baruch
2320 4651 2428 4689 non
2476 4635 2541 4688 ad
2581 4637 2752 4706 ipsam
2799 4635 2892 4691 Dei
2945 4635 3208 4690 visionem
3248 4637 3463 4693 videtur

199 4712 355 4826 ἓςιιιις.
385 4703 734 4775 (πολίτευμα)
768 4714 850 4760 est
883 4705 935 4759 in
967 4707 1142 4769 cmlis,
1173 4715 1438 4776 occupato
1474 4715 1778 4776 praestatur.

244 4790 491 4826 OIBEl-‘ls.

244 4790 491 4828 OIBEFIS.

269 4846 381 4913 (ll)
431 4844 589 4898 Ἐκεῖ
607 4844 676 4896 δὲ
701 4844 772 4897 ἐν
792 4844 872 4911 τῷ
899 4847 1076 4899 Ὄντι.
1106 4845 1196 4898 Sic
1225 4845 1454 4915 accipio,
1479 4855 1538 4899 ut
1576 4845 1668 4901 Dei
1694 4862 1784 4900 no-

202 4927 319 4968 men
357 4915 716 4984 intelligatur,
748 4931 950 4985 quose
999 4917 1114 4985 ipse
1157 4915 1326 4970 Exod.
1369 4931 1450 4982 ιιι,
1486 4917 1572 4980 14,
1604 4926 1780 4981 vocat,

204 4987 480 5056 semelque
522 4995 576 5040 et
629 4985 822 5056 iterum
866 4984 976 5040 Jer.
1020 4984 1114 5039 inv
1165 4994 1218 5039 et
1261 5002 1416 5040 xxxu
1470 4987 1778 5056 compellat.

203 5051 311 5106 lllic
349 5051 486 5125 ergo
515 5055 573 5107 ἐν
607 5053 686 5124 τῷ
706 5057 876 5120 Ὄντι,
905 5059 960 5108 in
1003 5056 1094 5110 illo
1123 5057 1211 5125 qui
1244 5066 1340 5118 est,
1378 5058 1433 5111 in
1483 5051 1612 5112 Deo'
1637 5058 1783 5112 fonte

201 5125 529 5196 asendi,iet
561 5126 656 5194 qui
701 5135 785 5181 est
829 5128 1005 5195 ipsum
1053 5142 1196 5190 esse,
1232 5127 1390 5196 cujus
1431 5143 1656 5182 munere
1698 5137 1783 5181 est

175 5195 466 5267 quidquid
497 5203 604 5257 est,
637 5203 868 5250 cernunt
916 5197 1081 5250 animi
1132 5195 1480 5267 primigenias
1519 5199 1652 5252 istas
1690 5213 1780 5249 ra-

205 5265 377 5336 tiones
420 5273 474 5318 et
510 5267 884 5321 emanationes
935 5268 1079 5321 clare
1117 5265 1443 5336 et'integre,
1476 5284 1583 5322 non
1619 5279 1675 5320 ut
1727 5268 1780 5319 in

205 5334 360 5388 nobis
384 5336 640 5390 visuntur
673 5335 728 5388 in
757 5352 878 5392 esse
916 5338 1123 5391 caduco
1151 5346 1202 5391 et
1229 5334 1466 5400 mortali,
1493 5338 1783 5392 contrariis

206 5404 496 5476 admisce:
533 5421 871 5476 quaecunque
900 5409 1116 5461 tandem
1157 5409 1248 5461 illa
1286 5406 1380 5462 Dei
1411 5409 1568 5470 visio,
1608 5417 1662 5461 et
1691 5408 1782 5460 τοῦ

211 5475 508 5551 ’ρντος-εἱι
548 5475 838 5551 Methodio,
865 5482 973 5551 vel__
993 5477 1164 5546 ipsius
1184 5479 1344 5551 _in_se
1376 5478 1576 5551 divinze
1599 5495 1790 5551 essen-

210 5546 312 5614 tia,
344 5546 429 5600 vel
476 5547 692 5614 qualem
729 5555 880 5600 extra
919 5547 1065 5599 illam
1111 5549 1272 5601 animi
1310 5557 1536 5614 possunt
1567 5549 1785 5604 habere.

212 5611 323 5666 Non
353 5611 511 5684 loqui
526 5632 656 5670 vero
681 5615 1008 5670 Methodium
1033 5617 1099 5671 de
1128 5619 1243 5686 ipsa
1271 5611 1322 5670 in
1351 5633 1408 5672 se
1439 5620 1531 5672 Dei
1557 5619 1786 5682 visione,

213 5694 540 5757 argumento
568 5695 652 5740 est
701 5689 1004 5756 exemplum
1038 5689 1355 5757 protoplasti
1377 5728 1392 5750 ,
1434 5690 1523 5744 cui
1558 5701 1681 5744 ante
1713 5690 1790 5741 la-

216 5766 367 5820 psum
391 5756 637 5814 eamdem
661 5757 1029 5826 cognitionem
1059 5756 1272 5815 videtur
1311 5760 1570 5818 tribucre.
1614 5759 1788 5815 Locus

1884 4707 2113 4776 hortari,
2142 4711 2234 4759 sed
2269 4707 2334 4759 ad
2370 4709 2596 4760 virtutes
2618 4708 2806 4776 quales
2843 4709 3078 4760 humana
3106 4707 3362 4760 facultate
3395 4719 3461 4760 ac

1881 4775 1976 4830 Dei
2009 4792 2228 4830 munere
2262 4776 2423 4829 homo
2453 4775 2905 4831 viator’nancisci
2945 4785 3140 4844 potest.
3179 4777 3461 4833 Possinius

1882 4863 2058 4899 coram
2090 4858 2137 4900 et
2170 4864 2281 4900 rere
2326 4847 2580 4907 reddidit,
2611 4863 2673 4899 ac
2705 4849 2749 4902 si
2785 4863 2846 4900 ea
2893 4847 3095 4900 locutio
3136 4848 3243 4900 vim
3285 4848 3462 4901 solum

1881 4917 2118 4972 adverbii
2156 4917 2375 4972 haberet
2404 4937 2415 4970 :
2447 4918 2540 4985 qui
2566 4933 2758 4970 sensus
2788 4917 2940 4971 valde
2968 4916 3192 4972 humilis
3220 4925 3324 4971 est.
3351 4916 3464 4972 Me-

1883 4987 1987 5040 lius
2039 4989 2286 5050 Allatius,
2345 4989 2400 5040 in
2449 4989 2563 5054 ipsa
2604 4989 2838 5044 ueritate.
2879 5002 3044 5056 quam
3084 4987 3244 5042 velim
3290 4985 3462 5042 Deum

1884 5056 2176 5111 Veritatem
2232 5058 2597 5121 intellexisse;
2640 5059 2763 5112 inde
2809 5056 3134 5123 Veritatem,
3179 5057 3326 5126 quod
3377 5064 3465 5112 est

1885 5128 2000 5196 ipse
2027 5129 2119 5194 qui
2145 5139 2247 5188 est,
2283 5129 2481 5196 datque
2510 5129 2763 5181 omnibus
2800 5144 2921 5182 esse
2961 5137 3014 5181 et
3049 5143 3175 5182 vere
3205 5143 3346 5182 esse.
3380 5126 3462 5183 In.
3493 5173 3500 5191 .

1958 5197 2067 5268 (ιῖ)
2102 5199 2445 5264 Δρέπεσθαι.
2475 5196 2719 5268 Ιίοοιὶλιςο
2752 5197 2860 5268 fuit
2906 5205 3118 5250 mutare
3147 5197 3461 5266 βλέπεσθαι,

1886 5265 2010 5324 cum
2050 5265 2258 5337 liqueat
2305 5267 2593 5336 scripsisse
2642 5265 2992 5330 Mcthodium,
3026 5265 3168 5336 quod
3210 5268 3282 5320 ita
3313 5282 3344 5320 a
3375 5283 3464 5337 me

1887 5336 2152 5392 mutatum
2204 5346 2318 5404 est;
2357 5337 2502 5406 quod
2551 5351 2776 5405 carpere
2830 5345 3092 5406 sequatur
3135 5337 3196 5390 τὸ
3249 5336 3463 5390 ἔδεσθαι

1882 5411 1964 5464 vel
1992 5409 2285 5470 ἐσθίεσθαι,
2313 5417 2373 5460 ιιι
2399 5409 2488 5460 alii
2517 5416 2570 5461 et
2606 5407 2695 5460 alii
2724 5407 2938 5462 codices
2972 5408 3205 5474 habent;
3232 5415 3285 5459 et
3315 5406 3462 5476 quod

1883 5496 2081 5549 augere
2110 5479 2177 5532 ad
2207 5479 2667 5534 immortalitatem
2694 5489 2747 5531 et
2779 5477 3130 5549 divinitatem
3152 5478 3313 5531 addat
3337 5479 3462 5549 τοὺς

1881 5547 2264 5620 δρεπομένους,
2297 5565 2382 5620 eos
2415 5551 2501 5620 qui
2528 5558 2768 5618 carpant,
2796 5564 2905 5620 non
2933 5549 3026 5617 qui
3049 5548 3285 5614 videant,
3315 5547 3464 5620 quod

1883 5617 2146 5674 remotius
2176 5627 2260 5674 est
2290 5619 2356 5672 ad
2385 5617 2771 5690 metaplmram.
2807 5618 3012 5672 Vitiosa
3043 5633 3272 5686 prorsus
3316 5617 3466 5672 Alla-

1887 5691 1946 5744 tii
1975 5690 2138 5757 edita,
2162 5705 2229 5747 ex
2259 5691 2462 5747 nostris
2492 5690 2851 5747 emendanda.
2885 5690 3173 5746 COIBEFIS.
