  <div class='ocr_page' id='page_1' title='image "/cluster/home/n/w/nwhite01/storage/ocr_20150623/18/nnc1.0046978550/079.png"; bbox 0 0 3866 6160; ppageno 0'>
   <div class='ocr_carea' id='block_1_1' title="bbox 379 264 483 320">
    <p class='ocr_par' dir='ltr' id='par_1_1' title="bbox 379 264 483 320">
     <span class='ocr_line' id='line_1_1' title="bbox 379 264 483 320; baseline 0 -1"><span class='ocrx_word' id='word_1_1' title='bbox 379 264 483 320; x_wconf 73' lang='grc'><strong>145</strong></span> 
     </span>
    </p>
   </div>
   <div class='ocr_carea' id='block_1_2' title="bbox 1353 257 2685 320">
    <p class='ocr_par' dir='ltr' id='par_1_2' title="bbox 1353 257 2685 320">
     <span class='ocr_line' id='line_1_2' title="bbox 1353 257 2685 320; baseline 0 -1"><span class='ocrx_word' id='word_1_2' title='bbox 1353 261 1426 319; x_wconf 75' lang='grc'><strong>’8.</strong></span> <span class='ocrx_word' id='word_1_3' title='bbox 1467 257 1802 318; x_wconf 80' lang='lat' dir='ltr'><strong>METHODII</strong></span> <span class='ocrx_word' id='word_1_4' title='bbox 1843 259 2155 317; x_wconf 78' lang='lat' dir='ltr'><strong>EPISCOPI</strong></span> <span class='ocrx_word' id='word_1_5' title='bbox 2194 260 2282 316; x_wconf 84' lang='lat' dir='ltr'><strong>ET</strong></span> <span class='ocrx_word' id='word_1_6' title='bbox 2323 260 2685 320; x_wconf 72' lang='lat' dir='ltr'><strong>MABTYBIS</strong></span> 
     </span>
    </p>
   </div>
   <div class='ocr_carea' id='block_1_3' title="bbox 3549 270 3646 325">
    <p class='ocr_par' dir='ltr' id='par_1_3' title="bbox 3549 270 3646 325">
     <span class='ocr_line' id='line_1_3' title="bbox 3549 270 3646 325; baseline 0.01 -1"><span class='ocrx_word' id='word_1_7' title='bbox 3549 270 3646 325; x_wconf 62' lang='lat' dir='ltr'><strong>tu</strong></span> 
     </span>
    </p>
   </div>
   <div class='ocr_carea' id='block_1_4' title="bbox 375 380 1960 460">
    <p class='ocr_par' dir='ltr' id='par_1_4' title="bbox 375 380 1960 454">
     <span class='ocr_line' id='line_1_4' title="bbox 375 380 1960 454; baseline -0.001 -16"><span class='ocrx_word' id='word_1_8' title='bbox 375 399 485 454; x_wconf 89' lang='lat' dir='ltr'><strong>que</strong></span> <span class='ocrx_word' id='word_1_9' title='bbox 512 381 627 438; x_wconf 66' lang='lat' dir='ltr'><strong>haec</strong></span> <span class='ocrx_word' id='word_1_10' title='bbox 647 380 913 438; x_wconf 83' lang='lat' dir='ltr'><strong>Jeremias</strong></span> <span class='ocrx_word' id='word_1_11' title='bbox 939 380 1174 454; x_wconf 88' lang='lat' dir='ltr'><strong>quodam</strong></span> <span class='ocrx_word' id='word_1_12' title='bbox 1219 382 1341 438; x_wconf 89' lang='lat' dir='ltr'><strong>loco</strong></span> <span class='ocrx_word' id='word_1_13' title='bbox 1375 398 1650 447; x_wconf 82' lang='lat' dir='ltr'><strong>seorsum,</strong></span> <span class='ocrx_word' id='word_1_14' title='bbox 1678 382 1870 453; x_wconf 83' lang='lat' dir='ltr'><strong>procul</strong></span> <span class='ocrx_word' id='word_1_15' title='bbox 1901 383 1960 437; x_wconf 82' lang='lat' dir='ltr'><strong>ab</strong></span> 
     </span>
    </p>
   </div>
   <div class='ocr_carea' id='block_1_5' title="bbox 2065 380 3649 460">
    <p class='ocr_par' dir='ltr' id='par_1_5' title="bbox 2068 381 3649 460">
     <span class='ocr_line' id='line_1_5' title="bbox 2068 381 3649 460; baseline 0.002 -23"><span class='ocrx_word' id='word_1_16' title='bbox 2068 385 2393 456; x_wconf 74' lang='grc' dir='ltr'><strong>οἰκουμένης</strong></span> <span class='ocrx_word' id='word_1_17' title='bbox 2445 381 2606 452; x_wconf 74' lang='grc' dir='ltr'>οἶδεν,</span> <span class='ocrx_word' id='word_1_18' title='bbox 2665 385 2792 440; x_wconf 77' lang='grc' dir='ltr'>ἔνθα</span> <span class='ocrx_word' id='word_1_19' title='bbox 2841 387 2970 451; x_wconf 81' lang='grc' dir='ltr'>τοὺς</span> <span class='ocrx_word' id='word_1_20' title='bbox 3024 385 3480 460; x_wconf 79' lang='grc' dir='ltr'>ἐξολισθήσαντας</span> <span class='ocrx_word' id='word_1_21' title='bbox 3543 388 3649 440; x_wconf 82' lang='grc' dir='ltr'><strong>τῶν</strong></span> 
     </span>
    </p>
   </div>
   <div class='ocr_carea' id='block_1_6' title="bbox 377 475 1968 547">
    <p class='ocr_par' dir='ltr' id='par_1_6' title="bbox 377 475 1968 547">
     <span class='ocr_line' id='line_1_6' title="bbox 377 475 1968 547; baseline 0 -17"><span class='ocrx_word' id='word_1_22' title='bbox 377 475 512 530; x_wconf 84' lang='lat' dir='ltr'><strong>orbe</strong></span> <span class='ocrx_word' id='word_1_23' title='bbox 545 482 736 531; x_wconf 88' lang='lat' dir='ltr'><strong>nostro</strong></span> <span class='ocrx_word' id='word_1_24' title='bbox 771 477 945 530; x_wconf 83' lang='lat' dir='ltr'><strong>sensit</strong></span> <span class='ocrx_word' id='word_1_25' title='bbox 976 477 1270 532; x_wconf 77' lang='lat' dir='ltr'><strong>exsistere.</strong></span> <span class='ocrx_word' id='word_1_26' title='bbox 1303 475 1396 531; x_wconf 87' lang='lat' dir='ltr'><strong>Sic</strong></span> <span class='ocrx_word' id='word_1_27' title='bbox 1427 490 1665 547; x_wconf 83' lang='lat' dir='ltr'><strong>namque</strong></span> <span class='ocrx_word' id='word_1_28' title='bbox 1715 475 1813 540; x_wconf 88' lang='lat' dir='ltr'><strong>ait,</strong></span> <span class='ocrx_word' id='word_1_29' title='bbox 1871 490 1968 530; x_wconf 87' lang='lat' dir='ltr'><strong>eos</strong></span> 
     </span>
    </p>
   </div>
   <div class='ocr_carea' id='block_1_7' title="bbox 379 566 1965 638">
    <p class='ocr_par' dir='ltr' id='par_1_7' title="bbox 379 566 1965 638">
     <span class='ocr_line' id='line_1_7' title="bbox 379 566 1965 638; baseline -0.001 -15"><span class='ocrx_word' id='word_1_30' title='bbox 379 566 676 638; x_wconf 84' lang='lat' dir='ltr'><strong>deplorans</strong></span> <span class='ocrx_word' id='word_1_31' title='bbox 736 567 828 638; x_wconf 89' lang='lat' dir='ltr'><strong>qui</strong></span> <span class='ocrx_word' id='word_1_32' title='bbox 875 567 1021 621; x_wconf 87' lang='lat' dir='ltr'><strong>beati</strong></span> <span class='ocrx_word' id='word_1_33' title='bbox 1058 567 1207 622; x_wconf 88' lang='lat' dir='ltr'><strong>illius</strong></span> <span class='ocrx_word' id='word_1_34' title='bbox 1246 567 1347 622; x_wconf 65' lang='lat' dir='ltr'><strong>aevi</strong></span> <span class='ocrx_word' id='word_1_35' title='bbox 1386 567 1550 622; x_wconf 83' lang='lat' dir='ltr'><strong>bonis</strong></span> <span class='ocrx_word' id='word_1_36' title='bbox 1589 566 1908 621; x_wconf 79' lang='lat' dir='ltr'><strong>exciderunt</strong></span> <span class='ocrx_word' id='word_1_37' title='bbox 1950 584 1965 621; x_wconf 91' lang='lat'><strong>:</strong></span> 
     </span>
    </p>
   </div>
   <div class='ocr_carea' id='block_1_8' title="bbox 382 657 1970 728">
    <p class='ocr_par' dir='ltr' id='par_1_8' title="bbox 382 657 1970 728">
     <span class='ocr_line' id='line_1_8' title="bbox 382 657 1970 728; baseline -0.004 -12"><span class='ocrx_word' id='word_1_38' title='bbox 382 658 585 716; x_wconf 75' lang='lat' dir='ltr'><strong>Discite</strong></span> <span class='ocrx_word' id='word_1_39' title='bbox 606 659 698 713; x_wconf 91' lang='lat' dir='ltr'><strong>ubi</strong></span> <span class='ocrx_word' id='word_1_40' title='bbox 736 662 807 714; x_wconf 84' lang='lat' dir='ltr'><strong>sit</strong></span> <span class='ocrx_word' id='word_1_41' title='bbox 837 658 1259 728; x_wconf 31' lang='lat' dir='ltr'><strong>prudentia,vubi</strong></span> <span class='ocrx_word' id='word_1_42' title='bbox 1281 659 1351 713; x_wconf 87' lang='lat' dir='ltr'><strong>sit</strong></span> <span class='ocrx_word' id='word_1_43' title='bbox 1379 659 1566 723; x_wconf 81' lang='lat' dir='ltr'><strong>virtus,</strong></span> <span class='ocrx_word' id='word_1_44' title='bbox 1595 657 1687 711; x_wconf 89' lang='lat' dir='ltr'><strong>ubi</strong></span> <span class='ocrx_word' id='word_1_45' title='bbox 1712 659 1781 712; x_wconf 86' lang='lat' dir='ltr'><strong>sit</strong></span> <span class='ocrx_word' id='word_1_46' title='bbox 1816 659 1970 712; x_wconf 78' lang='lat' dir='ltr'><strong>intel-</strong></span> 
     </span>
    </p>
   </div>
   <div class='ocr_carea' id='block_1_9' title="bbox 380 750 1968 821">
    <p class='ocr_par' dir='ltr' id='par_1_9' title="bbox 380 750 1968 821">
     <span class='ocr_line' id='line_1_9' title="bbox 380 750 1968 821; baseline -0.003 -13"><span class='ocrx_word' id='word_1_47' title='bbox 380 752 547 808; x_wconf 82' lang='lat' dir='ltr'><strong>lectus</strong></span> <span class='ocrx_word' id='word_1_48' title='bbox 568 759 849 812; x_wconf 74' lang='lat' dir='ltr'><strong>:uts&#39;ciatis</strong></span> <span class='ocrx_word' id='word_1_49' title='bbox 879 751 1062 817; x_wconf 82' lang='lat' dir='ltr'><strong><em>simul,</em></strong></span> <span class='ocrx_word' id='word_1_50' title='bbox 1093 751 1185 804; x_wconf 90' lang='lat' dir='ltr'><strong>ubi</strong></span> <span class='ocrx_word' id='word_1_51' title='bbox 1210 751 1280 805; x_wconf 90' lang='lat' dir='ltr'><strong>sit</strong></span> <span class='ocrx_word' id='word_1_52' title='bbox 1314 750 1591 821; x_wconf 77' lang='lat' dir='ltr'><strong>longitudo</strong></span> <span class='ocrx_word' id='word_1_53' title='bbox 1613 751 1736 805; x_wconf 70' lang='lat' dir='ltr'><strong>vita:</strong></span> <span class='ocrx_word' id='word_1_54' title='bbox 1756 759 1805 804; x_wconf 90' lang='lat' dir='ltr'><strong>et</strong></span> <span class='ocrx_word' id='word_1_55' title='bbox 1824 751 1968 815; x_wconf 86' lang='lat' dir='ltr'><strong>vita;</strong></span> 
     </span>
    </p>
   </div>
   <div class='ocr_carea' id='block_1_10' title="bbox 377 844 1968 913">
    <p class='ocr_par' dir='ltr' id='par_1_10' title="bbox 377 844 1968 913">
     <span class='ocr_line' id='line_1_10' title="bbox 377 844 1968 913; baseline -0.001 -13"><span class='ocrx_word' id='word_1_56' title='bbox 377 845 472 900; x_wconf 71' lang='lat' dir='ltr'><strong>ubi</strong></span> <span class='ocrx_word' id='word_1_57' title='bbox 496 846 566 899; x_wconf 85' lang='lat' dir='ltr'><strong>sit</strong></span> <span class='ocrx_word' id='word_1_58' title='bbox 597 845 770 899; x_wconf 85' lang='lat' dir='ltr'><strong>lumen</strong></span> <span class='ocrx_word' id='word_1_59' title='bbox 817 845 1091 898; x_wconf 87' lang='lat' dir='ltr'><strong>oculorum</strong></span> <span class='ocrx_word' id='word_1_60' title='bbox 1137 852 1190 898; x_wconf 87' lang='lat' dir='ltr'><strong>&#39;et</strong></span> <span class='ocrx_word' id='word_1_61' title='bbox 1239 859 1364 913; x_wconf 75' lang='lat' dir='ltr'><strong>pax.</strong></span> <span class='ocrx_word' id='word_1_62' title='bbox 1407 844 1542 912; x_wconf 75' lang='lat' dir='ltr'><strong>Quis</strong></span> <span class='ocrx_word' id='word_1_63' title='bbox 1574 845 1769 899; x_wconf 75' lang='lat' dir='ltr'><strong><em>invenit</em></strong></span> <span class='ocrx_word' id='word_1_64' title='bbox 1797 845 1968 898; x_wconf 87' lang='lat' dir='ltr'><strong>locum</strong></span> 
     </span>
    </p>
   </div>
   <div class='ocr_carea' id='block_1_11' title="bbox 376 936 1970 1009">
    <p class='ocr_par' dir='ltr' id='par_1_11' title="bbox 376 936 1970 1009">
     <span class='ocr_line' id='line_1_11' title="bbox 376 936 1970 1009; baseline -0.001 -16"><span class='ocrx_word' id='word_1_65' title='bbox 376 937 494 1009; x_wconf 82' lang='lat' dir='ltr'><strong>ejus</strong></span> <span class='ocrx_word' id='word_1_66' title='bbox 513 941 537 994; x_wconf 87' lang='lat'><strong><em>?</em></strong></span> <span class='ocrx_word' id='word_1_67' title='bbox 556 947 605 992; x_wconf 92' lang='lat' dir='ltr'><strong>et</strong></span> <span class='ocrx_word' id='word_1_68' title='bbox 638 939 755 1008; x_wconf 83' lang='lat' dir='ltr'><strong>quis</strong></span> <span class='ocrx_word' id='word_1_69' title='bbox 795 938 1014 991; x_wconf 78' lang='lat' dir='ltr'><strong>intravit</strong></span> <span class='ocrx_word' id='word_1_70' title='bbox 1043 938 1098 990; x_wconf 91' lang='lat' dir='ltr'><strong>in</strong></span> <span class='ocrx_word' id='word_1_71' title='bbox 1122 936 1400 991; x_wconf 80' lang='lat' dir='ltr'><strong>thesauros</strong></span> <span class='ocrx_word' id='word_1_72' title='bbox 1437 954 1621 992; x_wconf 90' lang='lat' dir='ltr'><strong>eorum</strong></span> <span class='ocrx_word' id='word_1_73' title='bbox 1644 938 1691 972; x_wconf 72' lang='grc'>⁸⁸</span> <span class='ocrx_word' id='word_1_74' title='bbox 1716 941 1740 994; x_wconf 74' lang='lat'><strong>.9</strong></span> <span class='ocrx_word' id='word_1_75' title='bbox 1767 936 1826 992; x_wconf 86' lang='lat' dir='ltr'><strong>In</strong></span> <span class='ocrx_word' id='word_1_76' title='bbox 1869 937 1970 992; x_wconf 81' lang='lat' dir='ltr'><strong>ho-</strong></span> 
     </span>
    </p>
   </div>
   <div class='ocr_carea' id='block_1_12' title="bbox 380 1030 1967 1102">
    <p class='ocr_par' dir='ltr' id='par_1_12' title="bbox 380 1030 1967 1102">
     <span class='ocr_line' id='line_1_12' title="bbox 380 1030 1967 1102; baseline -0.003 -16"><span class='ocrx_word' id='word_1_77' title='bbox 380 1047 501 1087; x_wconf 90' lang='lat' dir='ltr'><strong>rum</strong></span> <span class='ocrx_word' id='word_1_78' title='bbox 533 1046 723 1100; x_wconf 90' lang='lat' dir='ltr'><strong>nempe</strong></span> <span class='ocrx_word' id='word_1_79' title='bbox 765 1030 1057 1086; x_wconf 86' lang='lat' dir='ltr'><strong>thesauros</strong></span> <span class='ocrx_word' id='word_1_80' title='bbox 1092 1032 1356 1100; x_wconf 64' lang='lat' dir='ltr'><strong>ingressae</strong></span> <span class='ocrx_word' id='word_1_81' title='bbox 1384 1031 1648 1102; x_wconf 83' lang='lat' dir='ltr'><strong>virgines,</strong></span> <span class='ocrx_word' id='word_1_82' title='bbox 1699 1030 1967 1086; x_wconf 77' lang='lat' dir='ltr'><strong>virtutum</strong></span> 
     </span>
    </p>
   </div>
   <div class='ocr_carea' id='block_1_13' title="bbox 378 1118 1969 1194">
    <p class='ocr_par' dir='ltr' id='par_1_13' title="bbox 378 1118 1969 1194">
     <span class='ocr_line' id='line_1_13' title="bbox 378 1118 1969 1194; baseline 0.001 -20"><span class='ocrx_word' id='word_1_83' title='bbox 378 1120 622 1174; x_wconf 86' lang='lat' dir='ltr'><strong>rationes</strong></span> <span class='ocrx_word' id='word_1_84' title='bbox 645 1118 970 1188; x_wconf 90' lang='lat' dir='ltr'><strong>decerpunt;</strong></span> <span class='ocrx_word' id='word_1_85' title='bbox 991 1119 1180 1175; x_wconf 90' lang='lat' dir='ltr'><strong>multis</strong></span> <span class='ocrx_word' id='word_1_86' title='bbox 1198 1135 1260 1174; x_wconf 92' lang='lat' dir='ltr'><strong>ac</strong></span> <span class='ocrx_word' id='word_1_87' title='bbox 1276 1120 1413 1176; x_wconf 87' lang='lat' dir='ltr'><strong>bene</strong></span> <span class='ocrx_word' id='word_1_88' title='bbox 1433 1121 1704 1176; x_wconf 78' lang='lat' dir='ltr'><strong>ordinatis</strong></span> <span class='ocrx_word' id='word_1_89' title='bbox 1727 1120 1969 1194; x_wconf 66' lang='lat' dir='ltr'><strong>irrigatae</strong></span> 
     </span>
    </p>
   </div>
   <div class='ocr_carea' id='block_1_14' title="bbox 380 1210 1967 1284">
    <p class='ocr_par' dir='ltr' id='par_1_14' title="bbox 380 1210 1967 1284">
     <span class='ocr_line' id='line_1_14' title="bbox 380 1210 1967 1284; baseline 0.001 -18"><span class='ocrx_word' id='word_1_90' title='bbox 380 1211 700 1275; x_wconf 86' lang='lat' dir='ltr'><strong>luminibus,</strong></span> <span class='ocrx_word' id='word_1_91' title='bbox 753 1210 1066 1267; x_wconf 79' lang='lat' dir='ltr'><strong>aﬂundente</strong></span> <span class='ocrx_word' id='word_1_92' title='bbox 1109 1213 1218 1269; x_wconf 90' lang='lat' dir='ltr'><strong>illis</strong></span> <span class='ocrx_word' id='word_1_93' title='bbox 1247 1211 1358 1269; x_wconf 87' lang='lat' dir='ltr'><strong>Deo</strong></span> <span class='ocrx_word' id='word_1_94' title='bbox 1384 1213 1552 1269; x_wconf 82' lang='lat' dir='ltr'><strong>fontis</strong></span> <span class='ocrx_word' id='word_1_95' title='bbox 1590 1214 1768 1270; x_wconf 87' lang='lat' dir='ltr'><strong>instar</strong></span> <span class='ocrx_word' id='word_1_96' title='bbox 1793 1253 1810 1279; x_wconf 96' lang='lat'><strong>,</strong></span> <span class='ocrx_word' id='word_1_97' title='bbox 1872 1214 1967 1284; x_wconf 90' lang='lat' dir='ltr'><strong>qui</strong></span> 
     </span>
    </p>
   </div>
   <div class='ocr_carea' id='block_1_15' title="bbox 370 1304 1966 1378">
    <p class='ocr_par' dir='ltr' id='par_1_15' title="bbox 370 1304 1966 1378">
     <span class='ocr_line' id='line_1_15' title="bbox 370 1304 1966 1378; baseline 0 -16"><span class='ocrx_word' id='word_1_98' title='bbox 370 1305 639 1362; x_wconf 66' lang='lat' dir='ltr'><strong>sarculum</strong></span> <span class='ocrx_word' id='word_1_99' title='bbox 673 1304 829 1369; x_wconf 91' lang='lat' dir='ltr'><strong>illud,</strong></span> <span class='ocrx_word' id='word_1_100' title='bbox 864 1304 1018 1359; x_wconf 90' lang='lat' dir='ltr'><strong>nullo</strong></span> <span class='ocrx_word' id='word_1_101' title='bbox 1044 1320 1284 1376; x_wconf 83' lang='lat' dir='ltr'><strong>unquam</strong></span> <span class='ocrx_word' id='word_1_102' title='bbox 1309 1320 1512 1362; x_wconf 79' lang='lat' dir='ltr'><strong>occasu</strong></span> <span class='ocrx_word' id='word_1_103' title='bbox 1547 1306 1966 1378; x_wconf 85' lang='lat' dir='ltr'><strong>exstinguendis</strong></span> 
     </span>
    </p>
   </div>
   <div class='ocr_carea' id='block_1_16' title="bbox 375 1395 1968 1469">
    <p class='ocr_par' dir='ltr' id='par_1_16' title="bbox 375 1395 1968 1469">
     <span class='ocr_line' id='line_1_16' title="bbox 375 1395 1968 1469; baseline 0 -17"><span class='ocrx_word' id='word_1_104' title='bbox 375 1396 678 1454; x_wconf 89' lang='lat' dir='ltr'><strong>luminibus</strong></span> <span class='ocrx_word' id='word_1_105' title='bbox 728 1395 1067 1467; x_wconf 82' lang='lat' dir='ltr'><strong>Splendidius</strong></span> <span class='ocrx_word' id='word_1_106' title='bbox 1107 1397 1364 1452; x_wconf 89' lang='lat' dir='ltr'><strong>illustret.</strong></span> <span class='ocrx_word' id='word_1_107' title='bbox 1419 1396 1513 1452; x_wconf 65' lang='lat' dir='ltr'><strong>Ha:</strong></span> <span class='ocrx_word' id='word_1_108' title='bbox 1549 1412 1968 1469; x_wconf 77' lang='lat' dir='ltr'><strong>porrosemper</strong></span> 
     </span>
    </p>
   </div>
   <div class='ocr_carea' id='block_1_17' title="bbox 377 1489 1963 1562">
    <p class='ocr_par' dir='ltr' id='par_1_17' title="bbox 377 1489 1963 1562">
     <span class='ocr_line' id='line_1_17' title="bbox 377 1489 1963 1562; baseline 0.001 -16"><span class='ocrx_word' id='word_1_109' title='bbox 377 1491 577 1547; x_wconf 88' lang='lat' dir='ltr'><strong>choros</strong></span> <span class='ocrx_word' id='word_1_110' title='bbox 619 1497 787 1562; x_wconf 89' lang='lat' dir='ltr'><strong>agunt</strong></span> <span class='ocrx_word' id='word_1_111' title='bbox 824 1489 1121 1545; x_wconf 83' lang='lat' dir='ltr'><strong>modulatis</strong></span> <span class='ocrx_word' id='word_1_112' title='bbox 1168 1491 1398 1547; x_wconf 81' lang='lat' dir='ltr'><strong>vocibus</strong></span> <span class='ocrx_word' id='word_1_113' title='bbox 1443 1490 1732 1548; x_wconf 87' lang='lat' dir='ltr'><strong>laudantes</strong></span> <span class='ocrx_word' id='word_1_114' title='bbox 1767 1491 1963 1548; x_wconf 88' lang='lat' dir='ltr'><strong>Deum.</strong></span> 
     </span>
    </p>
   </div>
   <div class='ocr_carea' id='block_1_18' title="bbox 367 1581 1967 1657">
    <p class='ocr_par' dir='ltr' id='par_1_18' title="bbox 367 1581 1967 1657">
     <span class='ocr_line' id='line_1_18' title="bbox 367 1581 1967 1657; baseline 0.003 -20"><span class='ocrx_word' id='word_1_115' title='bbox 367 1581 764 1640; x_wconf 79' lang='lat' dir='ltr'><strong>&#39;Circumfusus</strong></span> <span class='ocrx_word' id='word_1_116' title='bbox 787 1597 1023 1653; x_wconf 86' lang='lat' dir='ltr'><strong>namque</strong></span> <span class='ocrx_word' id='word_1_117' title='bbox 1045 1582 1154 1638; x_wconf 84' lang='lat' dir='ltr'><strong>illis</strong></span> <span class='ocrx_word' id='word_1_118' title='bbox 1182 1597 1276 1639; x_wconf 88' lang='lat' dir='ltr'><strong>aer</strong></span> <span class='ocrx_word' id='word_1_119' title='bbox 1299 1598 1472 1654; x_wconf 88' lang='lat' dir='ltr'><strong>purus</strong></span> <span class='ocrx_word' id='word_1_120' title='bbox 1500 1592 1607 1651; x_wconf 86' lang='lat' dir='ltr'><strong>est,</strong></span> <span class='ocrx_word' id='word_1_121' title='bbox 1624 1591 1679 1641; x_wconf 88' lang='lat' dir='ltr'><strong>et</strong></span> <span class='ocrx_word' id='word_1_122' title='bbox 1706 1600 1816 1657; x_wconf 91' lang='lat' dir='ltr'><strong>quo</strong></span> <span class='ocrx_word' id='word_1_123' title='bbox 1832 1585 1967 1643; x_wconf 85' lang='lat' dir='ltr'><strong>solis</strong></span> 
     </span>
    </p>
   </div>
   <div class='ocr_carea' id='block_1_19' title="bbox 371 1674 1796 1744">
    <p class='ocr_par' dir='ltr' id='par_1_19' title="bbox 371 1674 1796 1744">
     <span class='ocr_line' id='line_1_19' title="bbox 371 1674 1796 1744; baseline -0.001 -15"><span class='ocrx_word' id='word_1_124' title='bbox 371 1675 553 1730; x_wconf 89' lang='lat' dir='ltr'><strong>orbita</strong></span> <span class='ocrx_word' id='word_1_125' title='bbox 587 1688 870 1744; x_wconf 86' lang='lat' dir='ltr'><strong>nunquam</strong></span> <span class='ocrx_word' id='word_1_126' title='bbox 899 1674 1210 1729; x_wconf 83' lang='lat' dir='ltr'><strong>invehatur.</strong></span> <span class='ocrx_word' id='word_1_127' title='bbox 1791 1677 1796 1681; x_wconf 76' lang='grc'><strong><em>’</em></strong></span> 
     </span>
    </p>
   </div>
   <div class='ocr_carea' id='block_1_20' title="bbox 2069 477 3649 550">
    <p class='ocr_par' dir='ltr' id='par_1_20' title="bbox 2069 477 3649 550">
     <span class='ocr_line' id='line_1_20' title="bbox 2069 477 3649 550; baseline 0.003 -20"><span class='ocrx_word' id='word_1_128' title='bbox 2069 477 2303 531; x_wconf 79' lang='grc' dir='ltr'><strong>αἰωνίων</strong></span> <span class='ocrx_word' id='word_1_129' title='bbox 2354 478 2461 550; x_wconf 76' lang='grc'><strong>(15)</strong></span> <span class='ocrx_word' id='word_1_130' title='bbox 2513 479 2730 547; x_wconf 84' lang='grc' dir='ltr'><strong>ἀγαθῶν</strong></span> <span class='ocrx_word' id='word_1_131' title='bbox 2781 478 3139 543; x_wconf 77' lang='grc' dir='ltr'>κατοικτίζων</span> <span class='ocrx_word' id='word_1_132' title='bbox 3191 479 3369 548; x_wconf 80' lang='grc' dir='ltr'>λέγει’</span> <span class='ocrx_word' id='word_1_133' title='bbox 3423 479 3649 536; x_wconf 80' lang='grc' dir='ltr'>Μάθετε</span> 
     </span>
    </p>
   </div>
   <div class='ocr_carea' id='block_1_21' title="bbox 2069 570 3653 642">
    <p class='ocr_par' dir='ltr' id='par_1_21' title="bbox 2069 570 3653 642">
     <span class='ocr_line' id='line_1_21' title="bbox 2069 570 3653 642; baseline 0.001 -18"><span class='ocrx_word' id='word_1_134' title='bbox 2069 570 2188 624; x_wconf 85' lang='grc' dir='ltr'>ποῦ</span> <span class='ocrx_word' id='word_1_135' title='bbox 2209 571 2340 626; x_wconf 86' lang='grc' dir='ltr'>ἐστι</span> <span class='ocrx_word' id='word_1_136' title='bbox 2375 574 2691 641; x_wconf 62' lang='grc' dir='ltr'>φρόνησις,</span> <span class='ocrx_word' id='word_1_137' title='bbox 2729 572 2848 626; x_wconf 83' lang='grc' dir='ltr'>ποῦ</span> <span class='ocrx_word' id='word_1_138' title='bbox 2884 574 3058 628; x_wconf 85' lang='grc' dir='ltr'>ἐστιν</span> <span class='ocrx_word' id='word_1_139' title='bbox 3095 573 3298 642; x_wconf 75' lang='grc' dir='ltr'>ἰσχὺς,</span> <span class='ocrx_word' id='word_1_140' title='bbox 3329 572 3448 627; x_wconf 79' lang='grc' dir='ltr'>ποῦ</span> <span class='ocrx_word' id='word_1_141' title='bbox 3479 573 3653 627; x_wconf 82' lang='grc' dir='ltr'>ἐστιν</span> 
     </span>
    </p>
   </div>
   <div class='ocr_carea' id='block_1_22' title="bbox 2067 662 3648 734">
    <p class='ocr_par' dir='ltr' id='par_1_22' title="bbox 2067 662 3648 734">
     <span class='ocr_line' id='line_1_22' title="bbox 2067 662 3648 734; baseline 0.002 -19"><span class='ocrx_word' id='word_1_142' title='bbox 2067 663 2108 731; x_wconf 71' lang='grc' dir='ltr'>ἡ</span> <span class='ocrx_word' id='word_1_143' title='bbox 2150 663 2435 730; x_wconf 82' lang='grc' dir='ltr'><strong>σύνεσις,</strong></span> <span class='ocrx_word' id='word_1_144' title='bbox 2474 662 2582 716; x_wconf 85' lang='grc' dir='ltr'>τοῦ</span> <span class='ocrx_word' id='word_1_145' title='bbox 2627 662 2850 734; x_wconf 72' lang='grc' dir='ltr'>γνῶναι</span> <span class='ocrx_word' id='word_1_146' title='bbox 2914 664 3035 734; x_wconf 83' lang='grc' dir='ltr'>ἅμα</span> <span class='ocrx_word' id='word_1_147' title='bbox 3088 664 3206 718; x_wconf 84' lang='grc' dir='ltr'>ποῦ</span> <span class='ocrx_word' id='word_1_148' title='bbox 3251 665 3385 718; x_wconf 83' lang='grc' dir='ltr'>ἐστι</span> <span class='ocrx_word' id='word_1_149' title='bbox 3423 682 3648 734; x_wconf 76' lang='grc' dir='ltr'>μακρο-</span> 
     </span>
    </p>
   </div>
   <div class='ocr_carea' id='block_1_23' title="bbox 2070 753 3648 825">
    <p class='ocr_par' dir='ltr' id='par_1_23' title="bbox 2070 753 3648 825">
     <span class='ocr_line' id='line_1_23' title="bbox 2070 753 3648 825; baseline -0.001 -15"><span class='ocrx_word' id='word_1_150' title='bbox 2070 757 2275 823; x_wconf 79' lang='grc' dir='ltr'>ϐίωσις</span> <span class='ocrx_word' id='word_1_151' title='bbox 2306 757 2404 810; x_wconf 79' lang='grc' dir='ltr'>καὶ</span> <span class='ocrx_word' id='word_1_152' title='bbox 2439 755 2572 824; x_wconf 78' lang='grc' dir='ltr'>ζωὴ,</span> <span class='ocrx_word' id='word_1_153' title='bbox 2601 756 2720 810; x_wconf 80' lang='grc' dir='ltr'>ποῦ</span> <span class='ocrx_word' id='word_1_154' title='bbox 2751 757 2883 810; x_wconf 82' lang='grc' dir='ltr'>ἐστι</span> <span class='ocrx_word' id='word_1_155' title='bbox 2927 754 3053 824; x_wconf 63' lang='grc' dir='ltr'><strong>φῶς</strong></span> <span class='ocrx_word' id='word_1_156' title='bbox 3079 753 3402 825; x_wconf 64' lang='grc' dir='ltr'>ὀφθαλμῶν</span> <span class='ocrx_word' id='word_1_157' title='bbox 3429 755 3528 808; x_wconf 78' lang='grc' dir='ltr'>καὶ</span> <span class='ocrx_word' id='word_1_158' title='bbox 3568 757 3648 808; x_wconf 85' lang='lat' dir='ltr'><strong>el-</strong></span> 
     </span>
    </p>
   </div>
   <div class='ocr_carea' id='block_1_24' title="bbox 2060 845 3654 918">
    <p class='ocr_par' dir='ltr' id='par_1_24' title="bbox 2060 845 3654 918">
     <span class='ocr_line' id='line_1_24' title="bbox 2060 845 3654 918; baseline -0.001 -17"><span class='ocrx_word' id='word_1_159' title='bbox 2060 849 2257 918; x_wconf 80' lang='grc' dir='ltr'>ρήνη·</span> <span class='ocrx_word' id='word_1_160' title='bbox 2311 850 2403 914; x_wconf 78' lang='grc' dir='ltr'><strong>τίς</strong></span> <span class='ocrx_word' id='word_1_161' title='bbox 2447 845 2585 917; x_wconf 79' lang='grc' dir='ltr'>εὗρε</span> <span class='ocrx_word' id='word_1_162' title='bbox 2628 850 2817 903; x_wconf 80' lang='grc' dir='ltr'><em>τόπον</em></span> <span class='ocrx_word' id='word_1_163' title='bbox 2866 846 3090 916; x_wconf 82' lang='grc' dir='ltr'>αὐτῆς,</span> <span class='ocrx_word' id='word_1_164' title='bbox 3140 847 3179 916; x_wconf 78' lang='grc' dir='ltr'><em>ἢ</em></span> <span class='ocrx_word' id='word_1_165' title='bbox 3225 847 3318 912; x_wconf 84' lang='grc' dir='ltr'><strong>τίς</strong></span> <span class='ocrx_word' id='word_1_166' title='bbox 3363 845 3654 915; x_wconf 77' lang='grc' dir='ltr'>εἰσῆλθεν</span> 
     </span>
    </p>
   </div>
   <div class='ocr_carea' id='block_1_25' title="bbox 2067 935 3650 1010">
    <p class='ocr_par' dir='ltr' id='par_1_25' title="bbox 2067 935 3650 1010">
     <span class='ocr_line' id='line_1_25' title="bbox 2067 935 3650 1010; baseline -0.002 -15"><span class='ocrx_word' id='word_1_167' title='bbox 2067 945 2156 1008; x_wconf 85' lang='grc' dir='ltr'>εις</span> <span class='ocrx_word' id='word_1_168' title='bbox 2217 942 2560 1010; x_wconf 80' lang='grc' dir='ltr'>θησαυροὺς</span> <span class='ocrx_word' id='word_1_169' title='bbox 2627 941 2857 1004; x_wconf 85' lang='grc' dir='ltr'>αὐτῶν;</span> <span class='ocrx_word' id='word_1_170' title='bbox 2920 940 3136 994; x_wconf 93' lang='grc' dir='ltr'>Τούτων</span> <span class='ocrx_word' id='word_1_171' title='bbox 3187 935 3280 993; x_wconf 77' lang='grc' dir='ltr'>οὖν</span> <span class='ocrx_word' id='word_1_172' title='bbox 3335 937 3650 1002; x_wconf 75' lang='grc' dir='ltr'><strong>διελθούσας</strong></span> 
     </span>
    </p>
   </div>
   <div class='ocr_carea' id='block_1_26' title="bbox 2069 1027 3655 1102">
    <p class='ocr_par' dir='ltr' id='par_1_26' title="bbox 2069 1027 3655 1102">
     <span class='ocr_line' id='line_1_26' title="bbox 2069 1027 3655 1102; baseline -0.001 -21"><span class='ocrx_word' id='word_1_173' title='bbox 2069 1031 2150 1092; x_wconf 74' lang='grc' dir='ltr'>εἰς</span> <span class='ocrx_word' id='word_1_174' title='bbox 2174 1030 2300 1092; x_wconf 78' lang='grc' dir='ltr'>τοὺς</span> <span class='ocrx_word' id='word_1_175' title='bbox 2327 1027 2634 1100; x_wconf 78' lang='grc' dir='ltr'>θησαυροὺς</span> <span class='ocrx_word' id='word_1_176' title='bbox 2660 1029 3143 1102; x_wconf 86' lang='grc' dir='ltr'>ἀποκαρπεύεσθαι</span> <span class='ocrx_word' id='word_1_177' title='bbox 3168 1028 3359 1099; x_wconf 85' lang='grc' dir='ltr'>λόγους</span> <span class='ocrx_word' id='word_1_178' title='bbox 3390 1028 3500 1081; x_wconf 86' lang='grc' dir='ltr'><strong>τῶν</strong></span> <span class='ocrx_word' id='word_1_179' title='bbox 3531 1029 3655 1099; x_wconf 84' lang='grc' dir='ltr'>ἀρε-</span> 
     </span>
    </p>
   </div>
   <div class='ocr_carea' id='block_1_27' title="bbox 2066 1121 3651 1195">
    <p class='ocr_par' dir='ltr' id='par_1_27' title="bbox 2066 1121 3651 1195">
     <span class='ocr_line' id='line_1_27' title="bbox 2066 1121 3651 1195; baseline -0.001 -18"><span class='ocrx_word' id='word_1_180' title='bbox 2066 1123 2176 1178; x_wconf 86' lang='grc' dir='ltr'><strong>τῶν</strong></span> <span class='ocrx_word' id='word_1_181' title='bbox 2202 1125 2302 1187; x_wconf 85' lang='grc' dir='ltr'>τὰς</span> <span class='ocrx_word' id='word_1_182' title='bbox 2323 1122 2642 1195; x_wconf 84' lang='grc' dir='ltr'>παρθένους,</span> <span class='ocrx_word' id='word_1_183' title='bbox 2668 1122 2948 1186; x_wconf 80' lang='grc' dir='ltr'>εὐτάκτοις</span> <span class='ocrx_word' id='word_1_184' title='bbox 2982 1123 3122 1191; x_wconf 74' lang='grc' dir='ltr'>φωσὶ</span> <span class='ocrx_word' id='word_1_185' title='bbox 3149 1123 3242 1176; x_wconf 77' lang='grc' dir='ltr'><strong>καὶ</strong></span> <span class='ocrx_word' id='word_1_186' title='bbox 3272 1121 3486 1185; x_wconf 84' lang='grc' dir='ltr'>πολλοῖς</span> <span class='ocrx_word' id='word_1_187' title='bbox 3520 1138 3651 1175; x_wconf 88' lang='grc' dir='ltr'>κατ-</span> 
     </span>
    </p>
   </div>
   <div class='ocr_carea' id='block_1_28' title="bbox 2068 1213 3649 1288">
    <p class='ocr_par' dir='ltr' id='par_1_28' title="bbox 2068 1213 3649 1288">
     <span class='ocr_line' id='line_1_28' title="bbox 2068 1213 3649 1288; baseline -0.002 -19"><span class='ocrx_word' id='word_1_188' title='bbox 2068 1214 2392 1288; x_wconf 83' lang='grc' dir='ltr'>αρδομένας,</span> <span class='ocrx_word' id='word_1_189' title='bbox 2427 1215 2463 1269; x_wconf 82' lang='grc' dir='ltr'><strong>ἃ</strong></span> <span class='ocrx_word' id='word_1_190' title='bbox 2508 1214 2663 1286; x_wconf 83' lang='grc' dir='ltr'>δίκην</span> <span class='ocrx_word' id='word_1_191' title='bbox 2697 1215 2878 1286; x_wconf 82' lang='grc' dir='ltr'>πηγῆς</span> <span class='ocrx_word' id='word_1_192' title='bbox 2909 1216 3100 1279; x_wconf 86' lang='grc' dir='ltr'>αὐταῖς</span> <span class='ocrx_word' id='word_1_193' title='bbox 3129 1217 3156 1268; x_wconf 99' lang='lat'><strong>6</strong></span> <span class='ocrx_word' id='word_1_194' title='bbox 3185 1213 3316 1277; x_wconf 82' lang='grc' dir='ltr'>Θεὸς</span> <span class='ocrx_word' id='word_1_195' title='bbox 3356 1213 3649 1284; x_wconf 89' lang='grc' dir='ltr'>ἀνερεύγε-</span> 
     </span>
    </p>
   </div>
   <div class='ocr_carea' id='block_1_29' title="bbox 2067 1303 3652 1378">
    <p class='ocr_par' dir='ltr' id='par_1_29' title="bbox 2067 1303 3652 1378">
     <span class='ocr_line' id='line_1_29' title="bbox 2067 1303 3652 1378; baseline -0.003 -17"><span class='ocrx_word' id='word_1_196' title='bbox 2067 1325 2177 1373; x_wconf 86' lang='grc' dir='ltr'><strong>ται,</strong></span> <span class='ocrx_word' id='word_1_197' title='bbox 2239 1307 2614 1378; x_wconf 86' lang='grc' dir='ltr'>καταλάμπων</span> <span class='ocrx_word' id='word_1_198' title='bbox 2677 1309 2888 1360; x_wconf 86' lang='grc' dir='ltr'>ἐκεῖνον</span> <span class='ocrx_word' id='word_1_199' title='bbox 2935 1305 3025 1359; x_wconf 75' lang='grc' dir='ltr'><strong>τὸν</strong></span> <span class='ocrx_word' id='word_1_200' title='bbox 3077 1304 3250 1359; x_wconf 78' lang='grc' dir='ltr'>αἰῶνα</span> <span class='ocrx_word' id='word_1_201' title='bbox 3305 1304 3477 1372; x_wconf 77' lang='grc' dir='ltr'>φωσὶν</span> <span class='ocrx_word' id='word_1_202' title='bbox 3524 1303 3652 1357; x_wconf 86' lang='grc' dir='ltr'>ἀδύ-</span> 
     </span>
    </p>
   </div>
   <div class='ocr_carea' id='block_1_30' title="bbox 2067 1395 3748 1472">
    <p class='ocr_par' dir='ltr' id='par_1_30' title="bbox 2067 1395 3748 1472">
     <span class='ocr_line' id='line_1_30' title="bbox 2067 1395 3748 1472; baseline -0.002 -19"><span class='ocrx_word' id='word_1_203' title='bbox 2067 1417 2179 1464; x_wconf 86' lang='grc' dir='ltr'>τοις</span> <span class='ocrx_word' id='word_1_204' title='bbox 2206 1399 2316 1472; x_wconf 71' lang='grc'><strong>(14)</strong></span> <span class='ocrx_word' id='word_1_205' title='bbox 2334 1416 2348 1430; x_wconf 77' lang='grc' dir='ltr'><strong><em>ο</em></strong></span> <span class='ocrx_word' id='word_1_206' title='bbox 2372 1401 2426 1453; x_wconf 91' lang='grc' dir='ltr'>αἱ</span> <span class='ocrx_word' id='word_1_207' title='bbox 2454 1400 2511 1452; x_wconf 84' lang='grc' dir='ltr'><strong>δὲ</strong></span> <span class='ocrx_word' id='word_1_208' title='bbox 2537 1398 2855 1470; x_wconf 83' lang='grc' dir='ltr'>χορεύουσιν</span> <span class='ocrx_word' id='word_1_209' title='bbox 2879 1397 3136 1469; x_wconf 79' lang='grc' dir='ltr'>ἐμμελῶς</span> <span class='ocrx_word' id='word_1_210' title='bbox 3170 1399 3527 1467; x_wconf 83' lang='grc' dir='ltr'>γεραίρουσαι</span> <span class='ocrx_word' id='word_1_211' title='bbox 3557 1395 3652 1449; x_wconf 80' lang='grc' dir='ltr'><strong>τὸν</strong></span> <span class='ocrx_word' id='word_1_212' title='bbox 3743 1416 3748 1422; x_wconf 91' lang='grc'><strong>·</strong></span> 
     </span>
    </p>
   </div>
   <div class='ocr_carea' id='block_1_31' title="bbox 2067 1489 3651 1564">
    <p class='ocr_par' dir='ltr' id='par_1_31' title="bbox 2067 1489 3651 1564">
     <span class='ocr_line' id='line_1_31' title="bbox 2067 1489 3651 1564; baseline -0.002 -18"><span class='ocrx_word' id='word_1_213' title='bbox 2067 1493 2219 1548; x_wconf 85' lang='grc' dir='ltr'>Θεόν.</span> <span class='ocrx_word' id='word_1_214' title='bbox 2255 1491 2616 1564; x_wconf 83' lang='grc' dir='ltr'>Περικέχυται</span> <span class='ocrx_word' id='word_1_215' title='bbox 2646 1492 2756 1564; x_wconf 86' lang='grc' dir='ltr'>γὰρ</span> <span class='ocrx_word' id='word_1_216' title='bbox 2782 1491 2975 1556; x_wconf 83' lang='grc' dir='ltr'>αὐταῖς</span> <span class='ocrx_word' id='word_1_217' title='bbox 3003 1490 3111 1564; x_wconf 82' lang='grc' dir='ltr'>ἀὴρ</span> <span class='ocrx_word' id='word_1_218' title='bbox 3137 1490 3398 1563; x_wconf 88' lang='grc' dir='ltr'>καθαρὸς,</span> <span class='ocrx_word' id='word_1_219' title='bbox 3438 1491 3533 1544; x_wconf 76' lang='grc' dir='ltr'>καὶ</span> <span class='ocrx_word' id='word_1_220' title='bbox 3573 1489 3651 1562; x_wconf 80' lang='grc' dir='ltr'>μὴ</span> 
     </span>
    </p>
   </div>
   <div class='ocr_carea' id='block_1_32' title="bbox 2067 1585 2726 1658">
    <p class='ocr_par' dir='ltr' id='par_1_32' title="bbox 2067 1585 2726 1658">
     <span class='ocr_line' id='line_1_32' title="bbox 2067 1585 2726 1658; baseline -0.005 -17"><span class='ocrx_word' id='word_1_221' title='bbox 2067 1586 2542 1657; x_wconf 83' lang='grc' dir='ltr'>καθιππευόμενος</span> <span class='ocrx_word' id='word_1_222' title='bbox 2569 1585 2726 1658; x_wconf 77' lang='grc' dir='ltr'>ἡλίῳ.</span> 
     </span>
    </p>
   </div>
   <div class='ocr_carea' id='block_1_33' title="bbox 509 1805 3369 1885">
    <p class='ocr_par' dir='ltr' id='par_1_33' title="bbox 509 1805 3369 1885">
     <span class='ocr_line' id='line_1_33' title="bbox 509 1805 3369 1885; baseline 0 -21"><span class='ocrx_word' id='word_1_223' title='bbox 509 1807 638 1864; x_wconf 65' lang='lat' dir='ltr'><strong>Car.</strong></span> <span class='ocrx_word' id='word_1_224' title='bbox 671 1805 756 1862; x_wconf 86' lang='lat' dir='ltr'><strong>IV.</strong></span> <span class='ocrx_word' id='word_1_225' title='bbox 787 1808 1092 1864; x_wconf 78' lang='lat' dir='ltr'><strong>Parwnesis</strong></span> <span class='ocrx_word' id='word_1_226' title='bbox 1123 1808 1192 1863; x_wconf 85' lang='lat' dir='ltr'><strong>ad</strong></span> <span class='ocrx_word' id='word_1_227' title='bbox 1221 1811 1573 1883; x_wconf 84' lang='lat' dir='ltr'><strong>virginitatem</strong></span> <span class='ocrx_word' id='word_1_228' title='bbox 1607 1813 1970 1868; x_wconf 76' lang='lat' dir='ltr'><strong>excolendam.</strong></span> <span class='ocrx_word' id='word_1_229' title='bbox 2009 1814 2335 1885; x_wconf 86' lang='lat' dir='ltr'><strong>Proponitur</strong></span> <span class='ocrx_word' id='word_1_230' title='bbox 2376 1811 2718 1869; x_wconf 78' lang='lat' dir='ltr'><strong>excutiendas</strong></span> <span class='ocrx_word' id='word_1_231' title='bbox 2751 1811 2898 1865; x_wconf 89' lang='lat' dir='ltr'><strong>locus</strong></span> <span class='ocrx_word' id='word_1_232' title='bbox 2929 1809 3091 1878; x_wconf 84' lang='lat' dir='ltr'><strong>Apoc.</strong></span> <span class='ocrx_word' id='word_1_233' title='bbox 3117 1823 3215 1873; x_wconf 77' lang='lat' dir='ltr'><strong>xu,</strong></span> <span class='ocrx_word' id='word_1_234' title='bbox 3247 1807 3369 1864; x_wconf 77' lang='grc'><strong>1-6.</strong></span> 
     </span>
    </p>
   </div>
   <div class='ocr_carea' id='block_1_34' title="bbox 445 1949 1960 2029">
    <p class='ocr_par' dir='ltr' id='par_1_34' title="bbox 445 1955 1958 2028">
     <span class='ocr_line' id='line_1_34' title="bbox 445 1955 1958 2028; baseline 0.003 -18"><span class='ocrx_word' id='word_1_235' title='bbox 445 1955 601 2012; x_wconf 83' lang='lat' dir='ltr'><strong>Nunc</strong></span> <span class='ocrx_word' id='word_1_236' title='bbox 633 1973 784 2028; x_wconf 83' lang='lat' dir='ltr'><strong>ergo,</strong></span> <span class='ocrx_word' id='word_1_237' title='bbox 817 1956 1082 2027; x_wconf 77' lang='lat' dir='ltr'><strong>virgines,</strong></span> <span class='ocrx_word' id='word_1_238' title='bbox 1117 1957 1456 2028; x_wconf 72' lang='lat' dir='ltr'><strong>incorrupta:</strong></span> <span class='ocrx_word' id='word_1_239' title='bbox 1505 1958 1780 2015; x_wconf 85' lang='lat' dir='ltr'><strong>castitatis</strong></span> <span class='ocrx_word' id='word_1_240' title='bbox 1814 1959 1958 2025; x_wconf 78' lang='lat' dir='ltr'><strong>tiliae,</strong></span> 
     </span>
    </p>
   </div>
   <div class='ocr_carea' id='block_1_35' title="bbox 2065 1949 3657 2029">
    <p class='ocr_par' dir='ltr' id='par_1_35' title="bbox 2134 1949 3657 2029">
     <span class='ocr_line' id='line_1_35' title="bbox 2134 1949 3657 2029; baseline -0.006 -15"><span class='ocrx_word' id='word_1_241' title='bbox 2134 1960 2250 2014; x_wconf 79' lang='grc' dir='ltr'><strong>Νῦν</strong></span> <span class='ocrx_word' id='word_1_242' title='bbox 2297 1955 2411 2025; x_wconf 78' lang='grc' dir='ltr'>οὖν,</span> <span class='ocrx_word' id='word_1_243' title='bbox 2459 1953 2504 2013; x_wconf 83' lang='grc' dir='ltr'>ὧ</span> <span class='ocrx_word' id='word_1_244' title='bbox 2551 1953 3209 2029; x_wconf 77' lang='grc' dir='ltr'>παρθένοι,σωφροσύνης</span> <span class='ocrx_word' id='word_1_245' title='bbox 3250 1951 3520 2024; x_wconf 81' lang='grc' dir='ltr'>ἀχράντου</span> <span class='ocrx_word' id='word_1_246' title='bbox 3556 1949 3657 2005; x_wconf 78' lang='grc' dir='ltr'>θυ-</span> 
     </span>
    </p>
   </div>
   <div class='ocr_carea' id='block_1_36' title="bbox 375 2048 1964 2121">
    <p class='ocr_par' dir='ltr' id='par_1_36' title="bbox 375 2048 1964 2121">
     <span class='ocr_line' id='line_1_36' title="bbox 375 2048 1964 2121; baseline 0 -15"><span class='ocrx_word' id='word_1_247' title='bbox 375 2048 442 2106; x_wconf 86' lang='lat' dir='ltr'><strong>de</strong></span> <span class='ocrx_word' id='word_1_248' title='bbox 476 2052 585 2105; x_wconf 86' lang='lat' dir='ltr'><strong>vita</strong></span> <span class='ocrx_word' id='word_1_249' title='bbox 628 2052 790 2106; x_wconf 90' lang='lat' dir='ltr'><strong>bonis</strong></span> <span class='ocrx_word' id='word_1_250' title='bbox 832 2050 1090 2105; x_wconf 89' lang='lat' dir='ltr'><strong>omnibus</strong></span> <span class='ocrx_word' id='word_1_251' title='bbox 1139 2049 1321 2114; x_wconf 87' lang='lat' dir='ltr'><strong>beata,</strong></span> <span class='ocrx_word' id='word_1_252' title='bbox 1358 2050 1532 2121; x_wconf 89' lang='lat' dir='ltr'><strong>deque</strong></span> <span class='ocrx_word' id='word_1_253' title='bbox 1572 2051 1840 2106; x_wconf 73' lang='lat' dir='ltr'><strong>caelorum</strong></span> <span class='ocrx_word' id='word_1_254' title='bbox 1874 2067 1964 2107; x_wconf 86' lang='lat' dir='ltr'><strong>re-</strong></span> 
     </span>
    </p>
   </div>
   <div class='ocr_carea' id='block_1_37' title="bbox 376 2141 1959 2215">
    <p class='ocr_par' dir='ltr' id='par_1_37' title="bbox 376 2141 1959 2215">
     <span class='ocr_line' id='line_1_37' title="bbox 376 2141 1959 2215; baseline 0 -17"><span class='ocrx_word' id='word_1_255' title='bbox 376 2159 482 2215; x_wconf 92' lang='lat' dir='ltr'><strong>gno</strong></span> <span class='ocrx_word' id='word_1_256' title='bbox 516 2143 942 2199; x_wconf 84' lang='lat' dir='ltr'><strong>studium’nobis</strong></span> <span class='ocrx_word' id='word_1_257' title='bbox 968 2149 1052 2198; x_wconf 91' lang='lat' dir='ltr'><strong>est</strong></span> <span class='ocrx_word' id='word_1_258' title='bbox 1086 2149 1140 2198; x_wconf 89' lang='lat' dir='ltr'><strong>et</strong></span> <span class='ocrx_word' id='word_1_259' title='bbox 1175 2142 1476 2198; x_wconf 88' lang='lat' dir='ltr'><strong>contentio.</strong></span> <span class='ocrx_word' id='word_1_260' title='bbox 1509 2141 1603 2200; x_wconf 87' lang='lat' dir='ltr'><strong>Eia</strong></span> <span class='ocrx_word' id='word_1_261' title='bbox 1633 2143 1688 2197; x_wconf 89' lang='lat' dir='ltr'><strong>in</strong></span> <span class='ocrx_word' id='word_1_262' title='bbox 1713 2144 1959 2198; x_wconf 87' lang='lat' dir='ltr'><strong>eamdem</strong></span> 
     </span>
    </p>
   </div>
   <div class='ocr_carea' id='block_1_38' title="bbox 377 2233 1960 2306">
    <p class='ocr_par' dir='ltr' id='par_1_38' title="bbox 377 2233 1960 2306">
     <span class='ocr_line' id='line_1_38' title="bbox 377 2233 1960 2306; baseline 0 -16"><span class='ocrx_word' id='word_1_263' title='bbox 377 2237 714 2292; x_wconf 76' lang='lat' dir='ltr'><strong>intemeratae</strong></span> <span class='ocrx_word' id='word_1_264' title='bbox 746 2235 1079 2306; x_wconf 78' lang='lat' dir='ltr'><strong>virginitatis</strong></span> <span class='ocrx_word' id='word_1_265' title='bbox 1139 2234 1357 2289; x_wconf 84' lang='lat' dir='ltr'><strong>laudem</strong></span> <span class='ocrx_word' id='word_1_266' title='bbox 1386 2249 1511 2289; x_wconf 88' lang='lat' dir='ltr'><strong>cum</strong></span> <span class='ocrx_word' id='word_1_267' title='bbox 1539 2233 1818 2304; x_wconf 85' lang='lat' dir='ltr'><strong>prioribus</strong></span> <span class='ocrx_word' id='word_1_268' title='bbox 1862 2250 1960 2290; x_wconf 82' lang='lat' dir='ltr'><strong>vos</strong></span> 
     </span>
    </p>
   </div>
   <div class='ocr_carea' id='block_1_39' title="bbox 373 2326 1960 2398">
    <p class='ocr_par' dir='ltr' id='par_1_39' title="bbox 373 2326 1960 2398">
     <span class='ocr_line' id='line_1_39' title="bbox 373 2326 1960 2398; baseline 0.001 -16"><span class='ocrx_word' id='word_1_269' title='bbox 373 2342 594 2398; x_wconf 88' lang='lat' dir='ltr'><strong>quoque</strong></span> <span class='ocrx_word' id='word_1_270' title='bbox 639 2326 809 2381; x_wconf 88' lang='lat' dir='ltr'><strong>alacri</strong></span> <span class='ocrx_word' id='word_1_271' title='bbox 858 2327 1041 2380; x_wconf 89' lang='lat' dir='ltr'><strong>animo</strong></span> <span class='ocrx_word' id='word_1_272' title='bbox 1077 2326 1414 2396; x_wconf 87' lang='lat' dir='ltr'><strong>conspirate,</strong></span> <span class='ocrx_word' id='word_1_273' title='bbox 1467 2341 1661 2396; x_wconf 88' lang='lat' dir='ltr'><strong>parum</strong></span> <span class='ocrx_word' id='word_1_274' title='bbox 1699 2335 1960 2383; x_wconf 81' lang='lat' dir='ltr'><strong>curantes</strong></span> 
     </span>
    </p>
   </div>
   <div class='ocr_carea' id='block_1_40' title="bbox 373 2415 1960 2486">
    <p class='ocr_par' dir='ltr' id='par_1_40' title="bbox 373 2415 1960 2486">
     <span class='ocr_line' id='line_1_40' title="bbox 373 2415 1960 2486; baseline -0.002 -11"><span class='ocrx_word' id='word_1_275' title='bbox 373 2419 478 2475; x_wconf 89' lang='lat' dir='ltr'><strong>hoc</strong></span> <span class='ocrx_word' id='word_1_276' title='bbox 509 2419 768 2475; x_wconf 64' lang='lat' dir='ltr'><strong>saeculum</strong></span> <span class='ocrx_word' id='word_1_277' title='bbox 799 2431 862 2471; x_wconf 88' lang='lat' dir='ltr'><strong>ac</strong></span> <span class='ocrx_word' id='word_1_278' title='bbox 886 2417 1174 2472; x_wconf 89' lang='lat' dir='ltr'><strong>mundum.</strong></span> <span class='ocrx_word' id='word_1_279' title='bbox 1223 2415 1342 2470; x_wconf 88' lang='lat' dir='ltr'><strong>Non</strong></span> <span class='ocrx_word' id='word_1_280' title='bbox 1377 2431 1570 2486; x_wconf 90' lang='lat' dir='ltr'><strong>parum</strong></span> <span class='ocrx_word' id='word_1_281' title='bbox 1601 2417 1746 2472; x_wconf 91' lang='lat' dir='ltr'><strong>enim</strong></span> <span class='ocrx_word' id='word_1_282' title='bbox 1783 2417 1850 2472; x_wconf 90' lang='lat' dir='ltr'><strong>ad</strong></span> <span class='ocrx_word' id='word_1_283' title='bbox 1881 2416 1960 2472; x_wconf 81' lang='lat' dir='ltr'><strong>fe-</strong></span> 
     </span>
    </p>
   </div>
   <div class='ocr_carea' id='block_1_41' title="bbox 373 2507 1958 2580">
    <p class='ocr_par' dir='ltr' id='par_1_41' title="bbox 373 2507 1958 2580">
     <span class='ocr_line' id='line_1_41' title="bbox 373 2507 1958 2580; baseline -0.003 -14"><span class='ocrx_word' id='word_1_284' title='bbox 373 2512 636 2566; x_wconf 86' lang='lat' dir='ltr'><strong>licitatem</strong></span> <span class='ocrx_word' id='word_1_285' title='bbox 669 2509 946 2580; x_wconf 85' lang='lat' dir='ltr'><strong>vitamque</strong></span> <span class='ocrx_word' id='word_1_286' title='bbox 973 2509 1126 2564; x_wconf 89' lang='lat' dir='ltr'><strong>curis</strong></span> <span class='ocrx_word' id='word_1_287' title='bbox 1175 2509 1402 2564; x_wconf 82' lang='lat' dir='ltr'><strong>liberam</strong></span> <span class='ocrx_word' id='word_1_288' title='bbox 1429 2507 1775 2578; x_wconf 89' lang='lat' dir='ltr'><strong>incorruptio</strong></span> <span class='ocrx_word' id='word_1_289' title='bbox 1822 2523 1958 2562; x_wconf 88' lang='lat' dir='ltr'><strong>con-</strong></span> 
     </span>
    </p>
   </div>
   <div class='ocr_carea' id='block_1_42' title="bbox 374 2597 1958 2670">
    <p class='ocr_par' dir='ltr' id='par_1_42' title="bbox 374 2597 1958 2670">
     <span class='ocr_line' id='line_1_42' title="bbox 374 2597 1958 2670; baseline -0.001 -14"><span class='ocrx_word' id='word_1_290' title='bbox 374 2602 528 2657; x_wconf 88' lang='lat' dir='ltr'><strong>ducit</strong></span> <span class='ocrx_word' id='word_1_291' title='bbox 575 2616 638 2656; x_wconf 91' lang='lat' dir='ltr'><strong>ac</strong></span> <span class='ocrx_word' id='word_1_292' title='bbox 671 2600 1018 2664; x_wconf 88' lang='lat' dir='ltr'><strong>castimonia,</strong></span> <span class='ocrx_word' id='word_1_293' title='bbox 1049 2599 1251 2669; x_wconf 88' lang='lat' dir='ltr'><strong>quippe</strong></span> <span class='ocrx_word' id='word_1_294' title='bbox 1273 2613 1396 2670; x_wconf 76' lang='lat' dir='ltr'><strong>qua:</strong></span> <span class='ocrx_word' id='word_1_295' title='bbox 1433 2613 1655 2654; x_wconf 89' lang='lat' dir='ltr'><strong>carnem</strong></span> <span class='ocrx_word' id='word_1_296' title='bbox 1677 2598 1846 2653; x_wconf 87' lang='lat' dir='ltr'><strong>humo</strong></span> <span class='ocrx_word' id='word_1_297' title='bbox 1881 2597 1958 2654; x_wconf 79' lang='lat' dir='ltr'><strong>le-</strong></span> 
     </span>
    </p>
   </div>
   <div class='ocr_carea' id='block_1_43' title="bbox 371 2689 1957 2762">
    <p class='ocr_par' dir='ltr' id='par_1_43' title="bbox 371 2689 1957 2762">
     <span class='ocr_line' id='line_1_43' title="bbox 371 2689 1957 2762; baseline -0.004 -12"><span class='ocrx_word' id='word_1_298' title='bbox 371 2709 529 2762; x_wconf 81' lang='lat' dir='ltr'><strong>vans,</strong></span> <span class='ocrx_word' id='word_1_299' title='bbox 553 2693 843 2748; x_wconf 87' lang='lat' dir='ltr'><strong>sublimem</strong></span> <span class='ocrx_word' id='word_1_300' title='bbox 866 2691 995 2746; x_wconf 80' lang='lat' dir='ltr'><strong>ferri</strong></span> <span class='ocrx_word' id='word_1_301' title='bbox 1017 2689 1202 2756; x_wconf 84' lang='lat' dir='ltr'><strong>faciat,</strong></span> <span class='ocrx_word' id='word_1_302' title='bbox 1225 2690 1345 2761; x_wconf 86' lang='lat' dir='ltr'><strong>ejus</strong></span> <span class='ocrx_word' id='word_1_303' title='bbox 1360 2690 1530 2745; x_wconf 88' lang='lat' dir='ltr'><strong>nimio</strong></span> <span class='ocrx_word' id='word_1_304' title='bbox 1557 2691 1957 2747; x_wconf 79' lang='lat' dir='ltr'><strong>exsiccatohu-</strong></span> 
     </span>
    </p>
   </div>
   <div class='ocr_carea' id='block_1_44' title="bbox 371 2779 1956 2853">
    <p class='ocr_par' dir='ltr' id='par_1_44' title="bbox 371 2779 1956 2853">
     <span class='ocr_line' id='line_1_44' title="bbox 371 2779 1956 2853; baseline -0.001 -16"><span class='ocrx_word' id='word_1_305' title='bbox 371 2798 525 2839; x_wconf 88' lang='lat' dir='ltr'><strong>more</strong></span> <span class='ocrx_word' id='word_1_306' title='bbox 575 2783 830 2853; x_wconf 89' lang='lat' dir='ltr'><strong>luteoque</strong></span> <span class='ocrx_word' id='word_1_307' title='bbox 859 2795 1124 2852; x_wconf 86' lang='lat' dir='ltr'><strong>expresso</strong></span> <span class='ocrx_word' id='word_1_308' title='bbox 1164 2779 1426 2850; x_wconf 87' lang='lat' dir='ltr'><strong>pondere,</strong></span> <span class='ocrx_word' id='word_1_309' title='bbox 1459 2781 1668 2851; x_wconf 88' lang='lat' dir='ltr'><strong>majore</strong></span> <span class='ocrx_word' id='word_1_310' title='bbox 1704 2781 1956 2836; x_wconf 87' lang='lat' dir='ltr'><strong>trahendi</strong></span> 
     </span>
    </p>
   </div>
   <div class='ocr_carea' id='block_1_45' title="bbox 371 2871 1957 2946">
    <p class='ocr_par' dir='ltr' id='par_1_45' title="bbox 371 2871 1957 2946">
     <span class='ocr_line' id='line_1_45' title="bbox 371 2871 1957 2946; baseline 0.002 -16"><span class='ocrx_word' id='word_1_311' title='bbox 371 2877 427 2930; x_wconf 81' lang='lat' dir='ltr'><strong>vi</strong></span> <span class='ocrx_word' id='word_1_312' title='bbox 473 2891 537 2930; x_wconf 90' lang='lat' dir='ltr'><strong>ac</strong></span> <span class='ocrx_word' id='word_1_313' title='bbox 568 2875 920 2946; x_wconf 86' lang='lat' dir='ltr'><strong>impulsione.</strong></span> <span class='ocrx_word' id='word_1_314' title='bbox 969 2871 1158 2944; x_wconf 86' lang='lat' dir='ltr'><strong>Neque</strong></span> <span class='ocrx_word' id='word_1_315' title='bbox 1195 2890 1296 2928; x_wconf 91' lang='lat' dir='ltr'><strong>vos</strong></span> <span class='ocrx_word' id='word_1_316' title='bbox 1329 2873 1453 2928; x_wconf 70' lang='lat' dir='ltr'><strong>ulla:</strong></span> <span class='ocrx_word' id='word_1_317' title='bbox 1477 2874 1734 2943; x_wconf 73' lang='lat' dir='ltr'><strong>audiendi</strong></span> <span class='ocrx_word' id='word_1_318' title='bbox 1765 2876 1957 2933; x_wconf 87' lang='lat' dir='ltr'><strong>sordes</strong></span> 
     </span>
    </p>
   </div>
   <div class='ocr_carea' id='block_1_46' title="bbox 369 2962 1959 3038">
    <p class='ocr_par' dir='ltr' id='par_1_46' title="bbox 369 2962 1959 3038">
     <span class='ocr_line' id='line_1_46' title="bbox 369 2962 1959 3038; baseline -0.001 -16"><span class='ocrx_word' id='word_1_319' title='bbox 369 2974 624 3038; x_wconf 83' lang='lat' dir='ltr'><strong>repentes</strong></span> <span class='ocrx_word' id='word_1_320' title='bbox 672 2967 728 3020; x_wconf 90' lang='lat' dir='ltr'><strong>in</strong></span> <span class='ocrx_word' id='word_1_321' title='bbox 779 2975 980 3021; x_wconf 91' lang='lat' dir='ltr'><strong>terram</strong></span> <span class='ocrx_word' id='word_1_322' title='bbox 1015 2965 1347 3035; x_wconf 85' lang='lat' dir='ltr'><strong>deprimant.</strong></span> <span class='ocrx_word' id='word_1_323' title='bbox 1378 2962 1566 3034; x_wconf 87' lang='lat' dir='ltr'><strong>Neque</strong></span> <span class='ocrx_word' id='word_1_324' title='bbox 1586 2980 1793 3020; x_wconf 70' lang='lat' dir='ltr'><strong>mceror</strong></span> <span class='ocrx_word' id='word_1_325' title='bbox 1824 2981 1959 3036; x_wconf 82' lang='lat' dir='ltr'><strong>gau-</strong></span> 
     </span>
    </p>
   </div>
   <div class='ocr_carea' id='block_1_47' title="bbox 370 3058 1957 3129">
    <p class='ocr_par' dir='ltr' id='par_1_47' title="bbox 370 3058 1957 3129">
     <span class='ocr_line' id='line_1_47' title="bbox 370 3058 1957 3129; baseline -0.001 -15"><span class='ocrx_word' id='word_1_326' title='bbox 370 3061 521 3114; x_wconf 88' lang='lat' dir='ltr'><strong>dium</strong></span> <span class='ocrx_word' id='word_1_327' title='bbox 545 3059 854 3129; x_wconf 89' lang='lat' dir='ltr'><strong>interpolet,</strong></span> <span class='ocrx_word' id='word_1_328' title='bbox 895 3059 1043 3128; x_wconf 84' lang='lat' dir='ltr'><strong>ipsas</strong></span> <span class='ocrx_word' id='word_1_329' title='bbox 1064 3074 1186 3128; x_wconf 66' lang='lat' dir='ltr'><strong>quae</strong></span> <span class='ocrx_word' id='word_1_330' title='bbox 1207 3058 1529 3114; x_wconf 89' lang='lat' dir='ltr'><strong>melioribus</strong></span> <span class='ocrx_word' id='word_1_331' title='bbox 1552 3059 1822 3122; x_wconf 88' lang='lat' dir='ltr'><strong>nitantur,</strong></span> <span class='ocrx_word' id='word_1_332' title='bbox 1856 3059 1957 3114; x_wconf 91' lang='lat' dir='ltr'><strong>eli-</strong></span> 
     </span>
    </p>
   </div>
   <div class='ocr_carea' id='block_1_48' title="bbox 373 3151 1956 3224">
    <p class='ocr_par' dir='ltr' id='par_1_48' title="bbox 373 3151 1956 3224">
     <span class='ocr_line' id='line_1_48' title="bbox 373 3151 1956 3224; baseline 0 -16"><span class='ocrx_word' id='word_1_333' title='bbox 373 3153 509 3209; x_wconf 87' lang='lat' dir='ltr'><strong>dens</strong></span> <span class='ocrx_word' id='word_1_334' title='bbox 529 3170 654 3224; x_wconf 85' lang='lat' dir='ltr'><strong>spes</strong></span> <span class='ocrx_word' id='word_1_335' title='bbox 689 3173 701 3207; x_wconf 94' lang='lat'>:</span> <span class='ocrx_word' id='word_1_336' title='bbox 736 3152 832 3208; x_wconf 89' lang='lat' dir='ltr'><strong>sed</strong></span> <span class='ocrx_word' id='word_1_337' title='bbox 862 3152 1012 3206; x_wconf 89' lang='lat' dir='ltr'><strong>nulla</strong></span> <span class='ocrx_word' id='word_1_338' title='bbox 1054 3151 1377 3207; x_wconf 85' lang='lat' dir='ltr'><strong>morositate</strong></span> <span class='ocrx_word' id='word_1_339' title='bbox 1421 3151 1739 3222; x_wconf 87' lang='lat' dir='ltr'><strong>ingruentes</strong></span> <span class='ocrx_word' id='word_1_340' title='bbox 1772 3152 1825 3205; x_wconf 90' lang='lat' dir='ltr'><strong>in</strong></span> <span class='ocrx_word' id='word_1_341' title='bbox 1859 3168 1956 3208; x_wconf 85' lang='lat' dir='ltr'><strong>vos</strong></span> 
     </span>
    </p>
   </div>
   <div class='ocr_carea' id='block_1_49' title="bbox 371 3242 1954 3316">
    <p class='ocr_par' dir='ltr' id='par_1_49' title="bbox 371 3242 1954 3316">
     <span class='ocr_line' id='line_1_49' title="bbox 371 3242 1954 3316; baseline -0.003 -14"><span class='ocrx_word' id='word_1_342' title='bbox 371 3247 558 3302; x_wconf 86' lang='lat' dir='ltr'><strong>clades</strong></span> <span class='ocrx_word' id='word_1_343' title='bbox 589 3246 899 3316; x_wconf 85' lang='lat' dir='ltr'><strong>damnaque</strong></span> <span class='ocrx_word' id='word_1_344' title='bbox 931 3245 1190 3309; x_wconf 83' lang='lat' dir='ltr'><strong>excutite,</strong></span> <span class='ocrx_word' id='word_1_345' title='bbox 1215 3244 1385 3299; x_wconf 91' lang='lat' dir='ltr'><strong>nullis</strong></span> <span class='ocrx_word' id='word_1_346' title='bbox 1417 3243 1614 3299; x_wconf 89' lang='lat' dir='ltr'><strong>mentis</strong></span> <span class='ocrx_word' id='word_1_347' title='bbox 1638 3242 1834 3299; x_wconf 84' lang='lat' dir='ltr'><strong>faciem</strong></span> <span class='ocrx_word' id='word_1_348' title='bbox 1865 3243 1954 3298; x_wconf 80' lang='lat' dir='ltr'><strong>fu-</strong></span> 
     </span>
    </p>
   </div>
   <div class='ocr_carea' id='block_1_50' title="bbox 2069 2043 3657 2124">
    <p class='ocr_par' dir='ltr' id='par_1_50' title="bbox 2069 2043 3657 2124">
     <span class='ocr_line' id='line_1_50' title="bbox 2069 2043 3657 2124; baseline -0.006 -18"><span class='ocrx_word' id='word_1_349' title='bbox 2069 2050 2320 2124; x_wconf 85' lang='grc' dir='ltr'>γατέρες,</span> <span class='ocrx_word' id='word_1_350' title='bbox 2377 2053 2518 2122; x_wconf 84' lang='grc' dir='ltr'>ὑπερ</span> <span class='ocrx_word' id='word_1_351' title='bbox 2559 2049 2706 2122; x_wconf 81' lang='grc' dir='ltr'>ζωῆς</span> <span class='ocrx_word' id='word_1_352' title='bbox 2759 2050 2889 2120; x_wconf 84' lang='grc' dir='ltr'>ἡμῖν</span> <span class='ocrx_word' id='word_1_353' title='bbox 2942 2046 3176 2117; x_wconf 82' lang='grc' dir='ltr'>ἀφθόνου</span> <span class='ocrx_word' id='word_1_354' title='bbox 3223 2045 3318 2098; x_wconf 74' lang='grc' dir='ltr'>καὶ</span> <span class='ocrx_word' id='word_1_355' title='bbox 3375 2043 3657 2114; x_wconf 77' lang='grc' dir='ltr'>βασιλείας</span> 
     </span>
    </p>
   </div>
   <div class='ocr_carea' id='block_1_51' title="bbox 2067 2136 3657 2214">
    <p class='ocr_par' dir='ltr' id='par_1_51' title="bbox 2067 2136 3657 2214">
     <span class='ocr_line' id='line_1_51' title="bbox 2067 2136 3657 2214; baseline -0.006 -16"><span class='ocrx_word' id='word_1_356' title='bbox 2067 2144 2312 2214; x_wconf 81' lang='grc' dir='ltr'>οὐρανῶν</span> <span class='ocrx_word' id='word_1_357' title='bbox 2343 2145 2376 2214; x_wconf 81' lang='grc' dir='ltr'>ἡ</span> <span class='ocrx_word' id='word_1_358' title='bbox 2409 2143 2630 2214; x_wconf 81' lang='grc' dir='ltr'>σπουδή.</span> <span class='ocrx_word' id='word_1_359' title='bbox 2663 2143 2758 2205; x_wconf 80' lang='grc' dir='ltr'><strong>Εἰς</strong></span> <span class='ocrx_word' id='word_1_360' title='bbox 2783 2141 2882 2212; x_wconf 84' lang='grc' dir='ltr'><strong>τὴν</strong></span> <span class='ocrx_word' id='word_1_361' title='bbox 2909 2139 3082 2210; x_wconf 81' lang='grc' dir='ltr'>αὐτὴν</span> <span class='ocrx_word' id='word_1_362' title='bbox 3118 2137 3277 2204; x_wconf 81' lang='grc' dir='ltr'>δόξαν</span> <span class='ocrx_word' id='word_1_363' title='bbox 3307 2136 3405 2207; x_wconf 77' lang='grc' dir='ltr'>τῆς</span> <span class='ocrx_word' id='word_1_364' title='bbox 3428 2137 3657 2205; x_wconf 81' lang='grc' dir='ltr'>ἁγνείας</span> 
     </span>
    </p>
   </div>
   <div class='ocr_carea' id='block_1_52' title="bbox 2068 2231 3654 2309">
    <p class='ocr_par' dir='ltr' id='par_1_52' title="bbox 2068 2231 3654 2309">
     <span class='ocr_line' id='line_1_52' title="bbox 2068 2231 3654 2309; baseline -0.006 -18"><span class='ocrx_word' id='word_1_365' title='bbox 2068 2239 2162 2292; x_wconf 74' lang='grc' dir='ltr'><strong>καὶ</strong></span> <span class='ocrx_word' id='word_1_366' title='bbox 2197 2239 2355 2309; x_wconf 84' lang='grc' dir='ltr'>ὑμεῖς</span> <span class='ocrx_word' id='word_1_367' title='bbox 2387 2236 2684 2308; x_wconf 86' lang='grc' dir='ltr'>προθύμως</span> <span class='ocrx_word' id='word_1_368' title='bbox 2711 2237 2831 2298; x_wconf 85' lang='grc' dir='ltr'>ταῖς</span> <span class='ocrx_word' id='word_1_369' title='bbox 2875 2233 2982 2305; x_wconf 86' lang='grc' dir='ltr'><strong>πρὸ</strong></span> <span class='ocrx_word' id='word_1_370' title='bbox 3016 2231 3168 2303; x_wconf 88' lang='grc' dir='ltr'>ὑμῶν</span> <span class='ocrx_word' id='word_1_371' title='bbox 3213 2231 3654 2302; x_wconf 86' lang='grc' dir='ltr'>συμφρονήσατε,</span> 
     </span>
    </p>
   </div>
   <div class='ocr_carea' id='block_1_53' title="bbox 2066 2323 3657 2400">
    <p class='ocr_par' dir='ltr' id='par_1_53' title="bbox 2066 2323 3657 2400">
     <span class='ocr_line' id='line_1_53' title="bbox 2066 2323 3657 2400; baseline -0.006 -17"><span class='ocrx_word' id='word_1_372' title='bbox 2066 2330 2220 2398; x_wconf 85' lang='grc' dir='ltr'>ὀλίγα</span> <span class='ocrx_word' id='word_1_373' title='bbox 2273 2329 2629 2400; x_wconf 68' lang='grc' dir='ltr'>φροντίσασαν.</span> <span class='ocrx_word' id='word_1_374' title='bbox 2679 2327 2772 2381; x_wconf 77' lang='grc' dir='ltr'>τοῦ</span> <span class='ocrx_word' id='word_1_375' title='bbox 2837 2326 2974 2396; x_wconf 85' lang='grc' dir='ltr'>βίου.</span> <span class='ocrx_word' id='word_1_376' title='bbox 3033 2326 3109 2380; x_wconf 89' lang='grc' dir='ltr'>Οὐ</span> <span class='ocrx_word' id='word_1_377' title='bbox 3160 2324 3268 2397; x_wconf 81' lang='grc' dir='ltr'>γὰρ</span> <span class='ocrx_word' id='word_1_378' title='bbox 3327 2323 3520 2396; x_wconf 85' lang='grc' dir='ltr'>μικρὸν</span> <span class='ocrx_word' id='word_1_379' title='bbox 3572 2325 3657 2386; x_wconf 76' lang='grc' dir='ltr'><strong>εἰς</strong></span> 
     </span>
    </p>
   </div>
   <div class='ocr_carea' id='block_1_54' title="bbox 2068 2413 3658 2494">
    <p class='ocr_par' dir='ltr' id='par_1_54' title="bbox 2068 2413 3658 2494">
     <span class='ocr_line' id='line_1_54' title="bbox 2068 2413 3658 2494; baseline -0.006 -19"><span class='ocrx_word' id='word_1_380' title='bbox 2068 2420 2350 2494; x_wconf 78' lang='grc' dir='ltr'>ῥᾳστώνην</span> <span class='ocrx_word' id='word_1_381' title='bbox 2378 2419 2658 2491; x_wconf 86' lang='grc' dir='ltr'>άφθαρσία</span> <span class='ocrx_word' id='word_1_382' title='bbox 2691 2421 2786 2473; x_wconf 75' lang='grc' dir='ltr'><strong>καὶ</strong></span> <span class='ocrx_word' id='word_1_383' title='bbox 2820 2417 3034 2487; x_wconf 83' lang='grc' dir='ltr'>ἁγνεία,</span> <span class='ocrx_word' id='word_1_384' title='bbox 3057 2415 3314 2487; x_wconf 77' lang='grc' dir='ltr'>ἀνωφερῆ</span> <span class='ocrx_word' id='word_1_385' title='bbox 3342 2415 3439 2486; x_wconf 80' lang='grc' dir='ltr'>τὴν</span> <span class='ocrx_word' id='word_1_386' title='bbox 3471 2413 3658 2484; x_wconf 81' lang='grc' dir='ltr'>σάρκα</span> 
     </span>
    </p>
   </div>
   <div class='ocr_carea' id='block_1_55' title="bbox 2066 2504 3661 2587">
    <p class='ocr_par' dir='ltr' id='par_1_55' title="bbox 2066 2504 3661 2587">
     <span class='ocr_line' id='line_1_55' title="bbox 2066 2504 3661 2587; baseline -0.005 -20"><span class='ocrx_word' id='word_1_387' title='bbox 2066 2515 2203 2587; x_wconf 84' lang='grc' dir='ltr'>πρὸς</span> <span class='ocrx_word' id='word_1_388' title='bbox 2237 2513 2368 2583; x_wconf 74' lang='grc' dir='ltr'>ὕψος</span> <span class='ocrx_word' id='word_1_389' title='bbox 2408 2512 2658 2586; x_wconf 83' lang='grc' dir='ltr'>αἴρουσα,</span> <span class='ocrx_word' id='word_1_390' title='bbox 2690 2513 2785 2566; x_wconf 77' lang='grc' dir='ltr'><strong>καὶ</strong></span> <span class='ocrx_word' id='word_1_391' title='bbox 2829 2510 2892 2564; x_wconf 79' lang='grc' dir='ltr'>τὸ</span> <span class='ocrx_word' id='word_1_392' title='bbox 2936 2510 3210 2580; x_wconf 86' lang='grc' dir='ltr'>κάθυγρον</span> <span class='ocrx_word' id='word_1_393' title='bbox 3249 2507 3417 2577; x_wconf 76' lang='grc' dir='ltr'>αὐτῆς</span> <span class='ocrx_word' id='word_1_394' title='bbox 3453 2504 3661 2575; x_wconf 80' lang='grc' dir='ltr'>ἀναξη-</span> 
     </span>
    </p>
   </div>
   <div class='ocr_carea' id='block_1_56' title="bbox 2067 2596 3660 2678">
    <p class='ocr_par' dir='ltr' id='par_1_56' title="bbox 2067 2596 3660 2678">
     <span class='ocr_line' id='line_1_56' title="bbox 2067 2596 3660 2678; baseline -0.007 -17"><span class='ocrx_word' id='word_1_395' title='bbox 2067 2607 2326 2678; x_wconf 86' lang='grc' dir='ltr'>ραίνουσα</span> <span class='ocrx_word' id='word_1_396' title='bbox 2376 2607 2470 2660; x_wconf 74' lang='grc' dir='ltr'>καὶ</span> <span class='ocrx_word' id='word_1_397' title='bbox 2513 2604 2759 2677; x_wconf 81' lang='grc' dir='ltr'>πηλῶδες</span> <span class='ocrx_word' id='word_1_398' title='bbox 2807 2603 2992 2676; x_wconf 86' lang='grc' dir='ltr'>βάρος,</span> <span class='ocrx_word' id='word_1_399' title='bbox 3042 2602 3174 2672; x_wconf 79' lang='grc' dir='ltr'>ὁλκῇ</span> <span class='ocrx_word' id='word_1_400' title='bbox 3226 2599 3459 2672; x_wconf 77' lang='grc' dir='ltr'>μείζονι·</span> <span class='ocrx_word' id='word_1_401' title='bbox 3516 2596 3660 2668; x_wconf 71' lang='grc' dir='ltr'>μηδὲ</span> 
     </span>
    </p>
   </div>
   <div class='ocr_carea' id='block_1_57' title="bbox 2067 2689 3657 2770">
    <p class='ocr_par' dir='ltr' id='par_1_57' title="bbox 2067 2689 3657 2770">
     <span class='ocr_line' id='line_1_57' title="bbox 2067 2689 3657 2770; baseline -0.021 -14"><span class='ocrx_word' id='word_1_402' title='bbox 2067 2698 2299 2770; x_wconf 81' lang='grc' dir='ltr'>βριθέτω</span> <span class='ocrx_word' id='word_1_403' title='bbox 2331 2699 2430 2769; x_wconf 79' lang='grc' dir='ltr'><strong>τῆς</strong></span> <span class='ocrx_word' id='word_1_404' title='bbox 2475 2698 2644 2770; x_wconf 79' lang='grc' dir='ltr'>ἀκοῆς</span> <span class='ocrx_word' id='word_1_405' title='bbox 2683 2699 2712 2751; x_wconf 94' lang='lat'><strong>6</strong></span> <span class='ocrx_word' id='word_1_406' title='bbox 2765 2695 2956 2769; x_wconf 77' lang='grc' dir='ltr'>ῥύπος,</span> <span class='ocrx_word' id='word_1_407' title='bbox 3005 2695 3187 2768; x_wconf 73' lang='grc' dir='ltr'>ῥέπων</span> <span class='ocrx_word' id='word_1_408' title='bbox 3235 2693 3316 2756; x_wconf 80' lang='grc' dir='ltr'><strong>εις</strong></span> <span class='ocrx_word' id='word_1_409' title='bbox 3360 2689 3457 2763; x_wconf 79' lang='grc' dir='ltr'>τὴν</span> <span class='ocrx_word' id='word_1_410' title='bbox 3503 2689 3657 2761; x_wconf 73' lang='grc' dir='ltr'><strong>γῆν.</strong></span> 
     </span>
    </p>
   </div>
   <div class='ocr_carea' id='block_1_58' title="bbox 2068 2781 3662 2863">
    <p class='ocr_par' dir='ltr' id='par_1_58' title="bbox 2068 2781 3662 2863">
     <span class='ocr_line' id='line_1_58' title="bbox 2068 2781 3662 2863; baseline -0.004 -18"><span class='ocrx_word' id='word_1_411' title='bbox 2068 2791 2205 2863; x_wconf 87' lang='grc' dir='ltr'><strong>μηδέ</strong></span> <span class='ocrx_word' id='word_1_412' title='bbox 2235 2791 2649 2863; x_wconf 84' lang='grc' dir='ltr'>μετακοσμείτω</span> <span class='ocrx_word' id='word_1_413' title='bbox 2676 2788 2822 2860; x_wconf 74' lang='grc' dir='ltr'>λύπη</span> <span class='ocrx_word' id='word_1_414' title='bbox 2855 2789 2953 2860; x_wconf 83' lang='grc' dir='ltr'>τὴν</span> <span class='ocrx_word' id='word_1_415' title='bbox 2981 2787 3175 2859; x_wconf 81' lang='grc' dir='ltr'>χαράν,</span> <span class='ocrx_word' id='word_1_416' title='bbox 3210 2787 3518 2857; x_wconf 75' lang='grc' dir='ltr'>ἐκτήκουσα</span> <span class='ocrx_word' id='word_1_417' title='bbox 3550 2781 3662 2848; x_wconf 82' lang='grc' dir='ltr'>τὰς</span> 
     </span>
    </p>
   </div>
   <div class='ocr_carea' id='block_1_59' title="bbox 2065 2876 3660 2956">
    <p class='ocr_par' dir='ltr' id='par_1_59' title="bbox 2065 2876 3660 2956">
     <span class='ocr_line' id='line_1_59' title="bbox 2065 2876 3660 2956; baseline -0.006 -18"><span class='ocrx_word' id='word_1_418' title='bbox 2065 2885 2157 2938; x_wconf 80' lang='grc' dir='ltr'><strong>ἐπὶ</strong></span> <span class='ocrx_word' id='word_1_419' title='bbox 2208 2888 2321 2948; x_wconf 89' lang='grc' dir='ltr'>τοῖς</span> <span class='ocrx_word' id='word_1_420' title='bbox 2370 2884 2675 2956; x_wconf 85' lang='grc' dir='ltr'>κρείττοσιν</span> <span class='ocrx_word' id='word_1_421' title='bbox 2724 2882 2977 2946; x_wconf 52' lang='grc' dir='ltr'>ἐλπίδας</span> <span class='ocrx_word' id='word_1_422' title='bbox 3019 2880 3155 2936; x_wconf 85' lang='grc' dir='ltr'>ἀλλὰ</span> <span class='ocrx_word' id='word_1_423' title='bbox 3210 2879 3462 2951; x_wconf 81' lang='grc' dir='ltr'>ἀτρύχως</span> <span class='ocrx_word' id='word_1_424' title='bbox 3511 2876 3660 2929; x_wconf 84' lang='grc' dir='ltr'>ἀπο-</span> 
     </span>
    </p>
   </div>
   <div class='ocr_carea' id='block_1_60' title="bbox 2067 2968 3658 3046">
    <p class='ocr_par' dir='ltr' id='par_1_60' title="bbox 2067 2968 3658 3046">
     <span class='ocr_line' id='line_1_60' title="bbox 2067 2968 3658 3046; baseline -0.005 -18"><span class='ocrx_word' id='word_1_425' title='bbox 2067 2975 2276 3030; x_wconf 87' lang='grc' dir='ltr'>σείεσθε</span> <span class='ocrx_word' id='word_1_426' title='bbox 2325 2975 2425 3040; x_wconf 85' lang='grc' dir='ltr'>τὰς</span> <span class='ocrx_word' id='word_1_427' title='bbox 2471 2973 2974 3046; x_wconf 78' lang='grc' dir='ltr'>ἐπισυμϐαινούσας</span> <span class='ocrx_word' id='word_1_428' title='bbox 3032 2974 3161 3042; x_wconf 86' lang='grc' dir='ltr'>ὑμῖν</span> <span class='ocrx_word' id='word_1_429' title='bbox 3213 2968 3518 3041; x_wconf 81' lang='grc' dir='ltr'>συμφοράς,</span> <span class='ocrx_word' id='word_1_430' title='bbox 3575 2968 3658 3040; x_wconf 76' lang='grc' dir='ltr'>μὴ</span> 
     </span>
    </p>
   </div>
   <div class='ocr_carea' id='block_1_61' title="bbox 2065 3057 3660 3139">
    <p class='ocr_par' dir='ltr' id='par_1_61' title="bbox 2065 3057 3660 3139">
     <span class='ocr_line' id='line_1_61' title="bbox 2065 3057 3660 3139; baseline -0.006 -20"><span class='ocrx_word' id='word_1_431' title='bbox 2065 3065 2316 3119; x_wconf 81' lang='grc' dir='ltr'>θολοῦσαι</span> <span class='ocrx_word' id='word_1_432' title='bbox 2355 3065 2502 3135; x_wconf 84' lang='grc' dir='ltr'>γόοις</span> <span class='ocrx_word' id='word_1_433' title='bbox 2542 3065 2634 3118; x_wconf 84' lang='grc' dir='ltr'><strong>τὸν</strong></span> <span class='ocrx_word' id='word_1_434' title='bbox 2667 3062 2946 3133; x_wconf 86' lang='grc' dir='ltr'>λογισμόν.</span> <span class='ocrx_word' id='word_1_435' title='bbox 2995 3062 3218 3114; x_wconf 85' lang='grc' dir='ltr'>Νικάτω</span> <span class='ocrx_word' id='word_1_436' title='bbox 3257 3059 3425 3139; x_wconf 79' lang='grc' dir='ltr'><strong>γὰρὴ</strong></span> <span class='ocrx_word' id='word_1_437' title='bbox 3465 3057 3660 3121; x_wconf 79' lang='grc' dir='ltr'>πίστις</span> 
     </span>
    </p>
   </div>
   <div class='ocr_carea' id='block_1_62' title="bbox 2065 3151 3661 3230">
    <p class='ocr_par' dir='ltr' id='par_1_62' title="bbox 2065 3151 3661 3230">
     <span class='ocr_line' id='line_1_62' title="bbox 2065 3151 3661 3230; baseline -0.005 -18"><span class='ocrx_word' id='word_1_438' title='bbox 2065 3159 2264 3230; x_wconf 84' lang='grc' dir='ltr'>πάντη,</span> <span class='ocrx_word' id='word_1_439' title='bbox 2307 3159 2402 3211; x_wconf 73' lang='grc' dir='ltr'><strong>καὶ</strong></span> <span class='ocrx_word' id='word_1_440' title='bbox 2442 3156 2766 3211; x_wconf 86' lang='grc' dir='ltr'>ἀπωθείσθω</span> <span class='ocrx_word' id='word_1_441' title='bbox 2803 3155 2864 3208; x_wconf 82' lang='grc' dir='ltr'><strong>τὸ</strong></span> <span class='ocrx_word' id='word_1_442' title='bbox 2914 3154 3030 3223; x_wconf 89' lang='grc' dir='ltr'><strong>φῶς</strong></span> <span class='ocrx_word' id='word_1_443' title='bbox 3078 3154 3245 3223; x_wconf 79' lang='grc' dir='ltr'>αὐτῆς</span> <span class='ocrx_word' id='word_1_444' title='bbox 3279 3152 3346 3204; x_wconf 79' lang='grc' dir='ltr'><strong>τά</strong></span> <span class='ocrx_word' id='word_1_445' title='bbox 3375 3151 3661 3223; x_wconf 83' lang='grc' dir='ltr'>φερόμενα</span> 
     </span>
    </p>
   </div>
   <div class='ocr_carea' id='block_1_63' title="bbox 2063 3242 3661 3320">
    <p class='ocr_par' dir='ltr' id='par_1_63' title="bbox 2063 3242 3661 3320">
     <span class='ocr_line' id='line_1_63' title="bbox 2063 3242 3661 3320; baseline -0.005 -18"><span class='ocrx_word' id='word_1_446' title='bbox 2063 3249 2156 3303; x_wconf 80' lang='grc' dir='ltr'>τοῦ</span> <span class='ocrx_word' id='word_1_447' title='bbox 2200 3247 2440 3320; x_wconf 79' lang='grc' dir='ltr'>πονηροῦ</span> <span class='ocrx_word' id='word_1_448' title='bbox 2493 3247 2623 3320; x_wconf 78' lang='grc' dir='ltr'>περὶ</span> <span class='ocrx_word' id='word_1_449' title='bbox 2672 3247 2771 3318; x_wconf 84' lang='grc' dir='ltr'><strong>τὴν</strong></span> <span class='ocrx_word' id='word_1_450' title='bbox 2827 3245 3057 3317; x_wconf 86' lang='grc' dir='ltr'>καρδίαν</span> <span class='ocrx_word' id='word_1_451' title='bbox 3105 3243 3388 3313; x_wconf 80' lang='grc' dir='ltr'>φάσματα.</span> <span class='ocrx_word' id='word_1_452' title='bbox 3437 3242 3661 3315; x_wconf 86' lang='grc' dir='ltr'>Ὥσπερ</span> 
     </span>
    </p>
   </div>
   <div class='ocr_carea' id='block_1_64' title="bbox 371 3334 1960 3413">
    <p class='ocr_par' dir='ltr' id='par_1_64' title="bbox 371 3335 1955 3410">
     <span class='ocr_line' id='line_1_64' title="bbox 371 3335 1955 3410; baseline -0.001 -15"><span class='ocrx_word' id='word_1_453' title='bbox 371 3348 652 3396; x_wconf 85' lang='lat' dir='ltr'><strong>nestantes</strong></span> <span class='ocrx_word' id='word_1_454' title='bbox 676 3338 924 3410; x_wconf 88' lang='lat' dir='ltr'><strong>querulis</strong></span> <span class='ocrx_word' id='word_1_455' title='bbox 962 3337 1276 3408; x_wconf 75' lang='lat' dir='ltr'><strong>gemitibus.</strong></span> <span class='ocrx_word' id='word_1_456' title='bbox 1309 3335 1505 3392; x_wconf 87' lang='lat' dir='ltr'><strong>Vincat</strong></span> <span class='ocrx_word' id='word_1_457' title='bbox 1535 3351 1765 3408; x_wconf 89' lang='lat' dir='ltr'><strong>prorsus</strong></span> <span class='ocrx_word' id='word_1_458' title='bbox 1803 3337 1955 3400; x_wconf 73' lang='lat' dir='ltr'><strong>fides,</strong></span> 
     </span>
    </p>
   </div>
   <div class='ocr_carea' id='block_1_65' title="bbox 2065 3334 3661 3413">
    <p class='ocr_par' dir='ltr' id='par_1_65' title="bbox 2065 3334 3661 3413">
     <span class='ocr_line' id='line_1_65' title="bbox 2065 3334 3661 3413; baseline -0.004 -18"><span class='ocrx_word' id='word_1_459' title='bbox 2065 3341 2171 3413; x_wconf 86' lang='grc' dir='ltr'>γὰρ</span> <span class='ocrx_word' id='word_1_460' title='bbox 2213 3342 2342 3395; x_wconf 85' lang='grc' dir='ltr'>ὅταν</span> <span class='ocrx_word' id='word_1_461' title='bbox 2387 3343 2420 3413; x_wconf 78' lang='grc' dir='ltr'>ἡ</span> <span class='ocrx_word' id='word_1_462' title='bbox 2457 3340 2653 3412; x_wconf 85' lang='grc' dir='ltr'>σελήνη</span> <span class='ocrx_word' id='word_1_463' title='bbox 2687 3341 2779 3393; x_wconf 87' lang='grc' dir='ltr'><strong>τὸν</strong></span> <span class='ocrx_word' id='word_1_464' title='bbox 2818 3337 3046 3410; x_wconf 81' lang='grc' dir='ltr'>οὐρανὸν</span> <span class='ocrx_word' id='word_1_465' title='bbox 3091 3335 3285 3406; x_wconf 78' lang='grc' dir='ltr'>αἴγλης</span> <span class='ocrx_word' id='word_1_466' title='bbox 3324 3334 3661 3406; x_wconf 66' lang='grc' dir='ltr'>ἐκλάμψασα</span> 
     </span>
    </p>
   </div>
   <div class='ocr_carea' id='block_1_66' title="bbox 369 3430 1961 3505">
    <p class='ocr_par' dir='ltr' id='par_1_66' title="bbox 369 3430 1961 3505">
     <span class='ocr_line' id='line_1_66' title="bbox 369 3430 1961 3505; baseline -0.002 -16"><span class='ocrx_word' id='word_1_467' title='bbox 369 3434 600 3505; x_wconf 87' lang='lat' dir='ltr'><strong>ejusque</strong></span> <span class='ocrx_word' id='word_1_468' title='bbox 631 3434 834 3497; x_wconf 83' lang='lat' dir='ltr'><strong>lumen,</strong></span> <span class='ocrx_word' id='word_1_469' title='bbox 870 3446 993 3503; x_wconf 83' lang='lat' dir='ltr'><strong>quae</strong></span> <span class='ocrx_word' id='word_1_470' title='bbox 1019 3432 1165 3486; x_wconf 89' lang='lat' dir='ltr'><strong>circa</strong></span> <span class='ocrx_word' id='word_1_471' title='bbox 1197 3445 1294 3486; x_wconf 92' lang='lat' dir='ltr'><strong>cor</strong></span> <span class='ocrx_word' id='word_1_472' title='bbox 1317 3431 1571 3494; x_wconf 89' lang='lat' dir='ltr'><strong>volitant,</strong></span> <span class='ocrx_word' id='word_1_473' title='bbox 1605 3430 1737 3484; x_wconf 92' lang='lat' dir='ltr'><strong>mali</strong></span> <span class='ocrx_word' id='word_1_474' title='bbox 1786 3430 1961 3486; x_wconf 85' lang='lat' dir='ltr'><strong>hostis</strong></span> 
     </span>
    </p>
   </div>
   <div class='ocr_carea' id='block_1_67' title="bbox 369 3519 1960 3593">
    <p class='ocr_par' dir='ltr' id='par_1_67' title="bbox 369 3519 1960 3593">
     <span class='ocr_line' id='line_1_67' title="bbox 369 3519 1960 3593; baseline -0.001 -15"><span class='ocrx_word' id='word_1_475' title='bbox 369 3524 518 3580; x_wconf 71' lang='lat' dir='ltr'><strong>fmda</strong></span> <span class='ocrx_word' id='word_1_476' title='bbox 546 3524 844 3580; x_wconf 88' lang='lat' dir='ltr'><strong>simulacra</strong></span> <span class='ocrx_word' id='word_1_477' title='bbox 883 3522 1140 3593; x_wconf 82' lang='lat' dir='ltr'><strong>depellat.</strong></span> <span class='ocrx_word' id='word_1_478' title='bbox 1185 3519 1483 3588; x_wconf 88' lang='lat' dir='ltr'><strong>Nimirum,</strong></span> <span class='ocrx_word' id='word_1_479' title='bbox 1520 3530 1582 3577; x_wconf 91' lang='lat' dir='ltr'><strong>ut</strong></span> <span class='ocrx_word' id='word_1_480' title='bbox 1610 3522 1833 3593; x_wconf 88' lang='lat' dir='ltr'><strong>quando</strong></span> <span class='ocrx_word' id='word_1_481' title='bbox 1870 3538 1960 3578; x_wconf 89' lang='lat' dir='ltr'><strong>se-</strong></span> 
     </span>
    </p>
   </div>
   <div class='ocr_carea' id='block_1_68' title="bbox 369 3614 1960 3687">
    <p class='ocr_par' dir='ltr' id='par_1_68' title="bbox 369 3614 1960 3687">
     <span class='ocr_line' id='line_1_68' title="bbox 369 3614 1960 3687; baseline -0.002 -13"><span class='ocrx_word' id='word_1_482' title='bbox 369 3635 557 3674; x_wconf 89' lang='lat' dir='ltr'><strong>renam</strong></span> <span class='ocrx_word' id='word_1_483' title='bbox 576 3619 939 3678; x_wconf 84' lang='lat' dir='ltr'><strong>noctemluna</strong></span> <span class='ocrx_word' id='word_1_484' title='bbox 962 3619 1120 3687; x_wconf 89' lang='lat' dir='ltr'><strong>plena</strong></span> <span class='ocrx_word' id='word_1_485' title='bbox 1141 3618 1451 3683; x_wconf 88' lang='lat' dir='ltr'><strong>illustrans,</strong></span> <span class='ocrx_word' id='word_1_486' title='bbox 1466 3614 1658 3672; x_wconf 84' lang='lat' dir='ltr'><strong>allusis</strong></span> <span class='ocrx_word' id='word_1_487' title='bbox 1670 3617 1738 3672; x_wconf 90' lang='lat' dir='ltr'><strong>ab</strong></span> <span class='ocrx_word' id='word_1_488' title='bbox 1758 3631 1960 3672; x_wconf 89' lang='lat' dir='ltr'><strong>occasu</strong></span> 
     </span>
    </p>
   </div>
   <div class='ocr_carea' id='block_1_69' title="bbox 363 3711 1960 3782">
    <p class='ocr_par' dir='ltr' id='par_1_69' title="bbox 363 3711 1960 3782">
     <span class='ocr_line' id='line_1_69' title="bbox 363 3711 1960 3782; baseline -0.003 -15"><span class='ocrx_word' id='word_1_489' title='bbox 363 3712 556 3767; x_wconf 88' lang='lat' dir='ltr'><strong>densis</strong></span> <span class='ocrx_word' id='word_1_490' title='bbox 583 3711 829 3780; x_wconf 88' lang='lat' dir='ltr'><strong>atrisque</strong></span> <span class='ocrx_word' id='word_1_491' title='bbox 881 3711 1122 3767; x_wconf 91' lang='lat' dir='ltr'><strong>nubibus</strong></span> <span class='ocrx_word' id='word_1_492' title='bbox 1154 3711 1220 3766; x_wconf 87' lang='lat' dir='ltr'><strong>ad</strong></span> <span class='ocrx_word' id='word_1_493' title='bbox 1255 3719 1474 3782; x_wconf 88' lang='lat' dir='ltr'><strong>tempus</strong></span> <span class='ocrx_word' id='word_1_494' title='bbox 1519 3711 1813 3774; x_wconf 90' lang='lat' dir='ltr'><strong>occulitur,</strong></span> <span class='ocrx_word' id='word_1_495' title='bbox 1857 3724 1960 3764; x_wconf 90' lang='lat' dir='ltr'><strong>nec</strong></span> 
     </span>
    </p>
   </div>
   <div class='ocr_carea' id='block_1_70' title="bbox 367 3799 1960 3870">
    <p class='ocr_par' dir='ltr' id='par_1_70' title="bbox 367 3799 1960 3870">
     <span class='ocr_line' id='line_1_70' title="bbox 367 3799 1960 3870; baseline -0.003 -14"><span class='ocrx_word' id='word_1_496' title='bbox 367 3812 556 3856; x_wconf 81' lang='lat' dir='ltr'><strong>tamen</strong></span> <span class='ocrx_word' id='word_1_497' title='bbox 585 3799 865 3867; x_wconf 71' lang='lat' dir='ltr'><strong>aufertur;</strong></span> <span class='ocrx_word' id='word_1_498' title='bbox 895 3801 1095 3870; x_wconf 89' lang='lat' dir='ltr'><strong>quippe</strong></span> <span class='ocrx_word' id='word_1_499' title='bbox 1113 3801 1297 3855; x_wconf 83' lang='lat' dir='ltr'><strong>statim</strong></span> <span class='ocrx_word' id='word_1_500' title='bbox 1325 3801 1378 3854; x_wconf 89' lang='lat' dir='ltr'><strong>vi</strong></span> <span class='ocrx_word' id='word_1_501' title='bbox 1408 3800 1558 3856; x_wconf 88' lang='lat' dir='ltr'><strong>venti</strong></span> <span class='ocrx_word' id='word_1_502' title='bbox 1599 3799 1820 3854; x_wconf 81' lang='lat' dir='ltr'><strong>dilllatis</strong></span> <span class='ocrx_word' id='word_1_503' title='bbox 1858 3814 1960 3852; x_wconf 89' lang='lat' dir='ltr'><strong>nu-</strong></span> 
     </span>
    </p>
   </div>
   <div class='ocr_carea' id='block_1_71' title="bbox 368 3890 1961 3958">
    <p class='ocr_par' dir='ltr' id='par_1_71' title="bbox 368 3890 1961 3958">
     <span class='ocr_line' id='line_1_71' title="bbox 368 3890 1961 3958; baseline -0.003 -9"><span class='ocrx_word' id='word_1_504' title='bbox 368 3894 554 3958; x_wconf 83' lang='lat' dir='ltr'><strong>bibus,</strong></span> <span class='ocrx_word' id='word_1_505' title='bbox 596 3893 744 3947; x_wconf 90' lang='lat' dir='ltr'><strong>clara</strong></span> <span class='ocrx_word' id='word_1_506' title='bbox 767 3893 972 3947; x_wconf 90' lang='lat' dir='ltr'><strong>mundo</strong></span> <span class='ocrx_word' id='word_1_507' title='bbox 1005 3893 1126 3947; x_wconf 91' lang='lat' dir='ltr'><strong>luce</strong></span> <span class='ocrx_word' id='word_1_508' title='bbox 1157 3893 1446 3947; x_wconf 87' lang='lat' dir='ltr'><strong>redditur:</strong></span> <span class='ocrx_word' id='word_1_509' title='bbox 1503 3891 1586 3947; x_wconf 92' lang='lat' dir='ltr'><strong>sic</strong></span> <span class='ocrx_word' id='word_1_510' title='bbox 1624 3898 1678 3946; x_wconf 90' lang='lat' dir='ltr'><strong>et</strong></span> <span class='ocrx_word' id='word_1_511' title='bbox 1724 3907 1843 3954; x_wconf 91' lang='lat' dir='ltr'><strong>vos,</strong></span> <span class='ocrx_word' id='word_1_512' title='bbox 1875 3890 1961 3944; x_wconf 89' lang='lat' dir='ltr'><strong>lu-</strong></span> 
     </span>
    </p>
   </div>
   <div class='ocr_carea' id='block_1_72' title="bbox 363 3982 1961 4055">
    <p class='ocr_par' dir='ltr' id='par_1_72' title="bbox 363 3982 1961 4055">
     <span class='ocr_line' id='line_1_72' title="bbox 363 3982 1961 4055; baseline -0.003 -14"><span class='ocrx_word' id='word_1_513' title='bbox 363 4000 489 4041; x_wconf 86' lang='lat' dir='ltr'><strong>cem</strong></span> <span class='ocrx_word' id='word_1_514' title='bbox 509 3984 841 4055; x_wconf 75' lang='lat' dir='ltr'><strong>virginitatis</strong></span> <span class='ocrx_word' id='word_1_515' title='bbox 865 3985 1218 4041; x_wconf 88' lang='lat' dir='ltr'><strong>ostendentcs</strong></span> <span class='ocrx_word' id='word_1_516' title='bbox 1245 3982 1470 4048; x_wconf 92' lang='lat' dir='ltr'><strong>mundo,</strong></span> <span class='ocrx_word' id='word_1_517' title='bbox 1495 3983 1600 4038; x_wconf 86' lang='lat' dir='ltr'><strong>etsi</strong></span> <span class='ocrx_word' id='word_1_518' title='bbox 1621 3983 1890 4054; x_wconf 87' lang='lat' dir='ltr'><strong>angustiis</strong></span> <span class='ocrx_word' id='word_1_519' title='bbox 1907 3990 1961 4038; x_wconf 91' lang='lat' dir='ltr'><strong>et</strong></span> 
     </span>
    </p>
   </div>
   <div class='ocr_carea' id='block_1_73' title="bbox 369 4076 1960 4148">
    <p class='ocr_par' dir='ltr' id='par_1_73' title="bbox 369 4076 1960 4148">
     <span class='ocr_line' id='line_1_73' title="bbox 369 4076 1960 4148; baseline -0.001 -15"><span class='ocrx_word' id='word_1_520' title='bbox 369 4077 967 4144; x_wconf 82' lang='lat' dir='ltr'><strong>laboribusvexamini,</strong></span> <span class='ocrx_word' id='word_1_521' title='bbox 999 4093 1088 4143; x_wconf 91' lang='lat' dir='ltr'><strong>ne,</strong></span> <span class='ocrx_word' id='word_1_522' title='bbox 1122 4093 1332 4148; x_wconf 62' lang='lat' dir='ltr'><strong>quasso,</strong></span> <span class='ocrx_word' id='word_1_523' title='bbox 1358 4076 1624 4147; x_wconf 80' lang='lat' dir='ltr'><strong>virgines,</strong></span> <span class='ocrx_word' id='word_1_524' title='bbox 1645 4076 1960 4132; x_wconf 79' lang='lat' dir='ltr'><strong>latiscentes</strong></span> 
     </span>
    </p>
   </div>
   <div class='ocr_carea' id='block_1_74' title="bbox 368 4168 1961 4245">
    <p class='ocr_par' dir='ltr' id='par_1_74' title="bbox 368 4168 1961 4245">
     <span class='ocr_line' id='line_1_74' title="bbox 368 4168 1961 4245; baseline -0.004 -16"><span class='ocrx_word' id='word_1_525' title='bbox 368 4188 524 4245; x_wconf 87' lang='lat' dir='ltr'><strong>spem</strong></span> <span class='ocrx_word' id='word_1_526' title='bbox 545 4180 785 4227; x_wconf 88' lang='lat' dir='ltr'><strong>vestram</strong></span> <span class='ocrx_word' id='word_1_527' title='bbox 815 4171 1054 4242; x_wconf 84' lang='lat' dir='ltr'><strong>abjicite.</strong></span> <span class='ocrx_word' id='word_1_528' title='bbox 1079 4171 1269 4226; x_wconf 86' lang='lat' dir='ltr'><strong>Aderit</strong></span> <span class='ocrx_word' id='word_1_529' title='bbox 1294 4186 1421 4225; x_wconf 79' lang='lat' dir='ltr'><strong>mox</strong></span> <span class='ocrx_word' id='word_1_530' title='bbox 1445 4168 1708 4240; x_wconf 86' lang='lat' dir='ltr'><strong>Spiritus,</strong></span> <span class='ocrx_word' id='word_1_531' title='bbox 1743 4169 1838 4240; x_wconf 92' lang='lat' dir='ltr'><strong>qui</strong></span> <span class='ocrx_word' id='word_1_532' title='bbox 1865 4185 1961 4223; x_wconf 86' lang='lat' dir='ltr'><strong>ne-</strong></span> 
     </span>
    </p>
   </div>
   <div class='ocr_carea' id='block_1_75' title="bbox 368 4259 1962 4336">
    <p class='ocr_par' dir='ltr' id='par_1_75' title="bbox 368 4259 1962 4336">
     <span class='ocr_line' id='line_1_75' title="bbox 368 4259 1962 4336; baseline -0.003 -16"><span class='ocrx_word' id='word_1_533' title='bbox 368 4264 624 4336; x_wconf 88' lang='lat' dir='ltr'><strong>quissimi</strong></span> <span class='ocrx_word' id='word_1_534' title='bbox 653 4263 820 4319; x_wconf 85' lang='lat' dir='ltr'><strong>dimet</strong></span> <span class='ocrx_word' id='word_1_535' title='bbox 857 4264 1068 4329; x_wconf 89' lang='lat' dir='ltr'><strong>nubila,</strong></span> <span class='ocrx_word' id='word_1_536' title='bbox 1102 4264 1149 4320; x_wconf 92' lang='lat' dir='ltr'><strong>si</strong></span> <span class='ocrx_word' id='word_1_537' title='bbox 1176 4278 1275 4319; x_wconf 91' lang='lat' dir='ltr'><strong>vos</strong></span> <span class='ocrx_word' id='word_1_538' title='bbox 1306 4263 1768 4334; x_wconf 90' lang='lat' dir='ltr'><strong>quemadmodum</strong></span> <span class='ocrx_word' id='word_1_539' title='bbox 1793 4259 1962 4316; x_wconf 80' lang='lat' dir='ltr'><strong>Mater</strong></span> 
     </span>
    </p>
   </div>
   <div class='ocr_carea' id='block_1_76' title="bbox 369 4353 1961 4426">
    <p class='ocr_par' dir='ltr' id='par_1_76' title="bbox 369 4353 1961 4426">
     <span class='ocr_line' id='line_1_76' title="bbox 369 4353 1961 4426; baseline -0.002 -17"><span class='ocrx_word' id='word_1_540' title='bbox 369 4366 580 4422; x_wconf 86' lang='lat' dir='ltr'><strong>vestra,</strong></span> <span class='ocrx_word' id='word_1_541' title='bbox 615 4372 737 4425; x_wconf 66' lang='lat' dir='ltr'><strong>quae</strong></span> <span class='ocrx_word' id='word_1_542' title='bbox 758 4357 814 4410; x_wconf 93' lang='lat' dir='ltr'><strong>in</strong></span> <span class='ocrx_word' id='word_1_543' title='bbox 843 4356 984 4410; x_wconf 82' lang='lat' dir='ltr'><strong>coelo</strong></span> <span class='ocrx_word' id='word_1_544' title='bbox 1013 4357 1158 4426; x_wconf 89' lang='lat' dir='ltr'><strong>parit</strong></span> <span class='ocrx_word' id='word_1_545' title='bbox 1191 4357 1500 4410; x_wconf 90' lang='lat' dir='ltr'><strong>masculum</strong></span> <span class='ocrx_word' id='word_1_546' title='bbox 1540 4353 1842 4424; x_wconf 76' lang='lat' dir='ltr'><strong>Virginem,</strong></span> <span class='ocrx_word' id='word_1_547' title='bbox 1878 4354 1961 4407; x_wconf 91' lang='lat' dir='ltr'><strong>in-</strong></span> 
     </span>
    </p>
   </div>
   <div class='ocr_carea' id='block_1_77' title="bbox 367 4445 1960 4518">
    <p class='ocr_par' dir='ltr' id='par_1_77' title="bbox 367 4445 1960 4518">
     <span class='ocr_line' id='line_1_77' title="bbox 367 4445 1960 4518; baseline -0.001 -18"><span class='ocrx_word' id='word_1_548' title='bbox 367 4446 511 4503; x_wconf 80' lang='lat' dir='ltr'><strong>l&#39;ensi</strong></span> <span class='ocrx_word' id='word_1_549' title='bbox 543 4447 740 4518; x_wconf 79' lang='lat' dir='ltr'><strong>anguis</strong></span> <span class='ocrx_word' id='word_1_550' title='bbox 788 4445 1019 4502; x_wconf 89' lang='lat' dir='ltr'><strong>insidias</strong></span> <span class='ocrx_word' id='word_1_551' title='bbox 1053 4447 1278 4501; x_wconf 83' lang='lat' dir='ltr'><strong>minime</strong></span> <span class='ocrx_word' id='word_1_552' title='bbox 1321 4445 1582 4502; x_wconf 91' lang='lat' dir='ltr'><strong>timeatis.</strong></span> <span class='ocrx_word' id='word_1_553' title='bbox 1613 4445 1689 4501; x_wconf 89' lang='lat' dir='ltr'><strong>De</strong></span> <span class='ocrx_word' id='word_1_554' title='bbox 1723 4459 1831 4516; x_wconf 90' lang='lat' dir='ltr'><strong>qua</strong></span> <span class='ocrx_word' id='word_1_555' title='bbox 1859 4460 1960 4515; x_wconf 89' lang='lat' dir='ltr'><strong>ego</strong></span> 
     </span>
    </p>
   </div>
   <div class='ocr_carea' id='block_1_78' title="bbox 365 4535 1961 4607">
    <p class='ocr_par' dir='ltr' id='par_1_78' title="bbox 365 4535 1961 4607">
     <span class='ocr_line' id='line_1_78' title="bbox 365 4535 1961 4607; baseline -0.003 -15"><span class='ocrx_word' id='word_1_556' title='bbox 365 4538 603 4594; x_wconf 87' lang='lat' dir='ltr'><strong>muliere</strong></span> <span class='ocrx_word' id='word_1_557' title='bbox 653 4537 970 4594; x_wconf 91' lang='lat' dir='ltr'><strong>distinctius</strong></span> <span class='ocrx_word' id='word_1_558' title='bbox 1003 4538 1158 4592; x_wconf 88' lang='lat' dir='ltr'><strong>vobis</strong></span> <span class='ocrx_word' id='word_1_559' title='bbox 1186 4535 1341 4607; x_wconf 90' lang='lat' dir='ltr'><strong>loqui</strong></span> <span class='ocrx_word' id='word_1_560' title='bbox 1375 4535 1660 4601; x_wconf 90' lang='lat' dir='ltr'><strong>constitui,</strong></span> <span class='ocrx_word' id='word_1_561' title='bbox 1705 4536 1868 4606; x_wconf 88' lang='lat' dir='ltr'><strong>idque</strong></span> <span class='ocrx_word' id='word_1_562' title='bbox 1901 4541 1961 4590; x_wconf 92' lang='lat' dir='ltr'><strong>ut</strong></span> 
     </span>
    </p>
   </div>
   <div class='ocr_carea' id='block_1_79' title="bbox 365 4627 1178 4700">
    <p class='ocr_par' dir='ltr' id='par_1_79' title="bbox 365 4627 1178 4700">
     <span class='ocr_line' id='line_1_79' title="bbox 365 4627 1178 4700; baseline 0 -17"><span class='ocrx_word' id='word_1_563' title='bbox 365 4645 528 4700; x_wconf 82' lang='lat' dir='ltr'><strong>agam</strong></span> <span class='ocrx_word' id='word_1_564' title='bbox 556 4627 718 4684; x_wconf 90' lang='lat' dir='ltr'><strong>modo</strong></span> <span class='ocrx_word' id='word_1_565' title='bbox 745 4639 958 4699; x_wconf 88' lang='lat' dir='ltr'><strong>tempus</strong></span> <span class='ocrx_word' id='word_1_566' title='bbox 988 4627 1178 4698; x_wconf 82' lang='lat' dir='ltr'><strong>exigit.</strong></span> 
     </span>
    </p>
   </div>
   <div class='ocr_carea' id='block_1_80' title="bbox 2064 3427 3661 3508">
    <p class='ocr_par' dir='ltr' id='par_1_80' title="bbox 2064 3427 3661 3508">
     <span class='ocr_line' id='line_1_80' title="bbox 2064 3427 3661 3508; baseline -0.004 -21"><span class='ocrx_word' id='word_1_567' title='bbox 2064 3434 2348 3508; x_wconf 80' lang='grc' dir='ltr'>πληρώσῃ,</span> <span class='ocrx_word' id='word_1_568' title='bbox 2383 3435 2478 3487; x_wconf 67' lang='grc' dir='ltr'><strong>καὶ</strong></span> <span class='ocrx_word' id='word_1_569' title='bbox 2517 3435 2625 3496; x_wconf 83' lang='grc' dir='ltr'><strong>πᾶς</strong></span> <span class='ocrx_word' id='word_1_570' title='bbox 2652 3434 2681 3485; x_wconf 87' lang='lat'><strong>6</strong></span> <span class='ocrx_word' id='word_1_571' title='bbox 2719 3431 2826 3504; x_wconf 80' lang='grc' dir='ltr'>ἀὴρ</span> <span class='ocrx_word' id='word_1_572' title='bbox 2869 3430 3079 3502; x_wconf 81' lang='grc' dir='ltr'>αἴθριος</span> <span class='ocrx_word' id='word_1_573' title='bbox 3123 3429 3348 3499; x_wconf 81' lang='grc' dir='ltr'>γενηθῇ,</span> <span class='ocrx_word' id='word_1_574' title='bbox 3396 3427 3550 3496; x_wconf 83' lang='grc' dir='ltr'>ἄφνω</span> <span class='ocrx_word' id='word_1_575' title='bbox 3593 3427 3661 3480; x_wconf 77' lang='grc' dir='ltr'>δὲ</span> 
     </span>
    </p>
   </div>
   <div class='ocr_carea' id='block_1_81' title="bbox 2061 3518 3655 3594">
    <p class='ocr_par' dir='ltr' id='par_1_81' title="bbox 2061 3518 3655 3594">
     <span class='ocr_line' id='line_1_81' title="bbox 2061 3518 3655 3594; baseline -0.005 -16"><span class='ocrx_word' id='word_1_576' title='bbox 2061 3525 2279 3594; x_wconf 82' lang='grc' dir='ltr'>νεφέλαι</span> <span class='ocrx_word' id='word_1_577' title='bbox 2317 3524 2482 3577; x_wconf 82' lang='grc' dir='ltr'>ποθὲν</span> <span class='ocrx_word' id='word_1_578' title='bbox 2525 3525 2590 3578; x_wconf 84' lang='grc' dir='ltr'><strong>ἐκ</strong></span> <span class='ocrx_word' id='word_1_579' title='bbox 2617 3524 2862 3594; x_wconf 91' lang='grc' dir='ltr'>δυσμῶν,</span> <span class='ocrx_word' id='word_1_580' title='bbox 2909 3521 3321 3594; x_wconf 82' lang='grc' dir='ltr'>ὐποδραμοῦσαι</span> <span class='ocrx_word' id='word_1_581' title='bbox 3360 3518 3655 3589; x_wconf 84' lang='grc' dir='ltr'>βάσκανοι,</span> 
     </span>
    </p>
   </div>
   <div class='ocr_carea' id='block_1_82' title="bbox 2061 3610 3659 3688">
    <p class='ocr_par' dir='ltr' id='par_1_82' title="bbox 2061 3610 3659 3688">
     <span class='ocr_line' id='line_1_82' title="bbox 2061 3610 3659 3688; baseline -0.005 -17"><span class='ocrx_word' id='word_1_582' title='bbox 2061 3618 2121 3671; x_wconf 81' lang='grc' dir='ltr'><strong>τὸ</strong></span> <span class='ocrx_word' id='word_1_583' title='bbox 2153 3618 2265 3688; x_wconf 86' lang='grc' dir='ltr'><strong>φῶς</strong></span> <span class='ocrx_word' id='word_1_584' title='bbox 2310 3618 2480 3688; x_wconf 76' lang='grc' dir='ltr'>αὐτῆς</span> <span class='ocrx_word' id='word_1_585' title='bbox 2522 3617 2659 3688; x_wconf 86' lang='grc' dir='ltr'>πρὸς</span> <span class='ocrx_word' id='word_1_586' title='bbox 2707 3616 2892 3686; x_wconf 81' lang='grc' dir='ltr'>ὀλίγον</span> <span class='ocrx_word' id='word_1_587' title='bbox 2936 3615 3382 3678; x_wconf 76' lang='grc' dir='ltr'>ἐπισκιάζουσιν,</span> <span class='ocrx_word' id='word_1_588' title='bbox 3425 3612 3486 3664; x_wconf 92' lang='grc' dir='ltr'><strong>οὐ</strong></span> <span class='ocrx_word' id='word_1_589' title='bbox 3538 3610 3659 3683; x_wconf 81' lang='grc' dir='ltr'><strong>μὴν</strong></span> 
     </span>
    </p>
   </div>
   <div class='ocr_carea' id='block_1_83' title="bbox 2061 3705 3658 3781">
    <p class='ocr_par' dir='ltr' id='par_1_83' title="bbox 2061 3705 3658 3781">
     <span class='ocr_line' id='line_1_83' title="bbox 2061 3705 3658 3781; baseline -0.003 -19"><span class='ocrx_word' id='word_1_590' title='bbox 2061 3709 2455 3781; x_wconf 79' lang='grc' dir='ltr'>ἀφαιροῦνται,</span> <span class='ocrx_word' id='word_1_591' title='bbox 2499 3709 2594 3762; x_wconf 82' lang='grc' dir='ltr'>ἆτε</span> <span class='ocrx_word' id='word_1_592' title='bbox 2632 3709 2835 3773; x_wconf 83' lang='grc' dir='ltr'>εὐθέως</span> <span class='ocrx_word' id='word_1_593' title='bbox 2874 3712 2938 3780; x_wconf 83' lang='grc' dir='ltr'>τῇ</span> <span class='ocrx_word' id='word_1_594' title='bbox 2991 3708 3138 3781; x_wconf 78' lang='grc' dir='ltr'>ῥύμῃ</span> <span class='ocrx_word' id='word_1_595' title='bbox 3187 3705 3282 3760; x_wconf 83' lang='grc' dir='ltr'>τοῦ</span> <span class='ocrx_word' id='word_1_596' title='bbox 3339 3705 3658 3777; x_wconf 84' lang='grc' dir='ltr'>πνεύματος</span> 
     </span>
    </p>
   </div>
   <div class='ocr_carea' id='block_1_84' title="bbox 2061 3785 3662 3873">
    <p class='ocr_par' dir='ltr' id='par_1_84' title="bbox 2061 3785 3662 3873">
     <span class='ocr_line' id='line_1_84' title="bbox 2061 3785 3662 3873; baseline 0.001 -20"><span class='ocrx_word' id='word_1_597' title='bbox 2061 3800 2464 3872; x_wconf 77' lang='grc' dir='ltr'>ἐξωθούμεναι,</span> <span class='ocrx_word' id='word_1_598' title='bbox 2491 3801 2635 3855; x_wconf 82' lang='grc' dir='ltr'>οὐτω</span> <span class='ocrx_word' id='word_1_599' title='bbox 2673 3801 2737 3873; x_wconf 81' lang='grc' dir='ltr'>δὴ</span> <span class='ocrx_word' id='word_1_600' title='bbox 2765 3803 2861 3856; x_wconf 74' lang='grc' dir='ltr'>καὶ</span> <span class='ocrx_word' id='word_1_601' title='bbox 2891 3803 3067 3872; x_wconf 85' lang='grc' dir='ltr'>ὑμεῖς,</span> <span class='ocrx_word' id='word_1_602' title='bbox 3102 3785 3160 3861; x_wconf 77' lang='grc' dir='ltr'><strong>ἐν</strong></span> <span class='ocrx_word' id='word_1_603' title='bbox 3183 3800 3482 3872; x_wconf 31' lang='grc' dir='ltr'>τῷξκόσμῳ</span> <span class='ocrx_word' id='word_1_604' title='bbox 3515 3800 3662 3871; x_wconf 82' lang='grc' dir='ltr'>λάμ-</span> 
     </span>
    </p>
   </div>
   <div class='ocr_carea' id='block_1_85' title="bbox 2062 3894 3657 3968">
    <p class='ocr_par' dir='ltr' id='par_1_85' title="bbox 2062 3894 3657 3968">
     <span class='ocr_line' id='line_1_85' title="bbox 2062 3894 3657 3968; baseline 0.001 -19"><span class='ocrx_word' id='word_1_605' title='bbox 2062 3913 2260 3949; x_wconf 90' lang='grc' dir='ltr'>πουσαι</span> <span class='ocrx_word' id='word_1_606' title='bbox 2297 3897 2398 3968; x_wconf 80' lang='grc' dir='ltr'><strong>τὴν</strong></span> <span class='ocrx_word' id='word_1_607' title='bbox 2449 3896 2692 3964; x_wconf 89' lang='grc' dir='ltr'>ἁγνείαν,</span> <span class='ocrx_word' id='word_1_608' title='bbox 2745 3896 2850 3949; x_wconf 87' lang='grc' dir='ltr'><strong>ὑπὸ</strong></span> <span class='ocrx_word' id='word_1_609' title='bbox 2905 3894 3135 3966; x_wconf 76' lang='grc' dir='ltr'>θλίψεων</span> <span class='ocrx_word' id='word_1_610' title='bbox 3183 3895 3496 3967; x_wconf 83' lang='grc' dir='ltr'>ὀχληθεῖσαι</span> <span class='ocrx_word' id='word_1_611' title='bbox 3550 3895 3657 3950; x_wconf 76' lang='grc' dir='ltr'><strong>καὶ</strong></span> 
     </span>
    </p>
   </div>
   <div class='ocr_carea' id='block_1_86' title="bbox 2062 3983 3655 4059">
    <p class='ocr_par' dir='ltr' id='par_1_86' title="bbox 2062 3983 3655 4059">
     <span class='ocr_line' id='line_1_86' title="bbox 2062 3983 3655 4059; baseline -0.001 -19"><span class='ocrx_word' id='word_1_612' title='bbox 2062 3989 2262 4050; x_wconf 79' lang='grc' dir='ltr'>πόνων,</span> <span class='ocrx_word' id='word_1_613' title='bbox 2293 3983 2338 4041; x_wconf 82' lang='grc' dir='ltr'><strong>ὧ</strong></span> <span class='ocrx_word' id='word_1_614' title='bbox 2371 3987 2650 4059; x_wconf 77' lang='grc' dir='ltr'>παρθένοι,</span> <span class='ocrx_word' id='word_1_615' title='bbox 2694 3987 2769 4059; x_wconf 82' lang='grc' dir='ltr'>μὴ</span> <span class='ocrx_word' id='word_1_616' title='bbox 2805 3987 3071 4041; x_wconf 85' lang='grc' dir='ltr'>ὀκλάσατε</span> <span class='ocrx_word' id='word_1_617' title='bbox 3107 3987 3243 4058; x_wconf 83' lang='grc' dir='ltr'>πρὸς</span> <span class='ocrx_word' id='word_1_618' title='bbox 3273 3987 3370 4050; x_wconf 86' lang='grc' dir='ltr'><strong>τάς</strong></span> <span class='ocrx_word' id='word_1_619' title='bbox 3400 3985 3655 4050; x_wconf 87' lang='grc' dir='ltr'>ἐλπίδας.</span> 
     </span>
    </p>
   </div>
   <div class='ocr_carea' id='block_1_87' title="bbox 2075 4077 3655 4151">
    <p class='ocr_par' dir='ltr' id='par_1_87' title="bbox 2075 4077 3655 4151">
     <span class='ocr_line' id='line_1_87' title="bbox 2075 4077 3655 4151; baseline 0 -19"><span class='ocrx_word' id='word_1_620' title='bbox 2075 4079 2430 4144; x_wconf 79' lang='grc' dir='ltr'>Ἐξωθοῦνται</span> <span class='ocrx_word' id='word_1_621' title='bbox 2470 4079 2579 4150; x_wconf 82' lang='grc' dir='ltr'><strong>γάρ</strong></span> <span class='ocrx_word' id='word_1_622' title='bbox 2607 4078 2688 4150; x_wconf 81' lang='grc' dir='ltr'>τῷ</span> <span class='ocrx_word' id='word_1_623' title='bbox 2733 4078 3014 4150; x_wconf 88' lang='grc' dir='ltr'>Πνεύματι</span> <span class='ocrx_word' id='word_1_624' title='bbox 3057 4078 3128 4133; x_wconf 84' lang='grc' dir='ltr'>τὰ</span> <span class='ocrx_word' id='word_1_625' title='bbox 3169 4081 3233 4132; x_wconf 91' lang='grc' dir='ltr'><strong>ἐκ</strong></span> <span class='ocrx_word' id='word_1_626' title='bbox 3277 4077 3368 4132; x_wconf 81' lang='grc' dir='ltr'>τοῦ</span> <span class='ocrx_word' id='word_1_627' title='bbox 3402 4078 3655 4151; x_wconf 86' lang='grc' dir='ltr'>πονηροῦ</span> 
     </span>
    </p>
   </div>
   <div class='ocr_carea' id='block_1_88' title="bbox 2061 4170 3654 4244">
    <p class='ocr_par' dir='ltr' id='par_1_88' title="bbox 2061 4170 3654 4244">
     <span class='ocr_line' id='line_1_88' title="bbox 2061 4170 3654 4244; baseline -0.003 -18"><span class='ocrx_word' id='word_1_628' title='bbox 2061 4172 2219 4244; x_wconf 82' lang='grc' dir='ltr'>νέφη,</span> <span class='ocrx_word' id='word_1_629' title='bbox 2255 4172 2350 4226; x_wconf 69' lang='grc' dir='ltr'><strong>ἐὰν</strong></span> <span class='ocrx_word' id='word_1_630' title='bbox 2389 4171 2577 4244; x_wconf 85' lang='grc' dir='ltr'>ὥσπερ</span> <span class='ocrx_word' id='word_1_631' title='bbox 2618 4174 2650 4244; x_wconf 78' lang='grc' dir='ltr'><strong>ἡ</strong></span> <span class='ocrx_word' id='word_1_632' title='bbox 2689 4173 2888 4243; x_wconf 90' lang='grc' dir='ltr'>Μήτηρ</span> <span class='ocrx_word' id='word_1_633' title='bbox 2915 4171 3070 4241; x_wconf 89' lang='grc' dir='ltr'>ὑμῶν</span> <span class='ocrx_word' id='word_1_634' title='bbox 3105 4171 3200 4224; x_wconf 75' lang='grc' dir='ltr'>καὶ</span> <span class='ocrx_word' id='word_1_635' title='bbox 3234 4171 3422 4241; x_wconf 84' lang='grc' dir='ltr'>ὑμεῖς,</span> <span class='ocrx_word' id='word_1_636' title='bbox 3455 4170 3654 4240; x_wconf 77' lang='grc' dir='ltr'>ἡγεν-</span> 
     </span>
    </p>
   </div>
   <div class='ocr_carea' id='block_1_89' title="bbox 2061 4261 3660 4338">
    <p class='ocr_par' dir='ltr' id='par_1_89' title="bbox 2061 4261 3660 4338">
     <span class='ocr_line' id='line_1_89' title="bbox 2061 4261 3660 4338; baseline -0.003 -20"><span class='ocrx_word' id='word_1_637' title='bbox 2061 4266 2210 4319; x_wconf 80' lang='grc' dir='ltr'>νῶσα</span> <span class='ocrx_word' id='word_1_638' title='bbox 2242 4266 2332 4319; x_wconf 77' lang='grc' dir='ltr'><strong>τὸν</strong></span> <span class='ocrx_word' id='word_1_639' title='bbox 2376 4265 2582 4338; x_wconf 82' lang='grc' dir='ltr'>ἄρσενα</span> <span class='ocrx_word' id='word_1_640' title='bbox 2623 4264 2900 4337; x_wconf 82' lang='grc' dir='ltr'>Παρθένον</span> <span class='ocrx_word' id='word_1_641' title='bbox 2944 4267 3001 4318; x_wconf 89' lang='grc' dir='ltr'><strong>ἐν</strong></span> <span class='ocrx_word' id='word_1_642' title='bbox 3038 4263 3116 4334; x_wconf 83' lang='grc' dir='ltr'><strong>τῷ</strong></span> <span class='ocrx_word' id='word_1_643' title='bbox 3145 4261 3380 4334; x_wconf 79' lang='grc' dir='ltr'>οὐρανῷ,</span> <span class='ocrx_word' id='word_1_644' title='bbox 3427 4262 3502 4333; x_wconf 83' lang='grc' dir='ltr'>μὴ</span> <span class='ocrx_word' id='word_1_645' title='bbox 3539 4261 3660 4315; x_wconf 87' lang='grc' dir='ltr'>δει-</span> 
     </span>
    </p>
   </div>
   <div class='ocr_carea' id='block_1_90' title="bbox 2061 4355 3658 4430">
    <p class='ocr_par' dir='ltr' id='par_1_90' title="bbox 2061 4355 3658 4430">
     <span class='ocr_line' id='line_1_90' title="bbox 2061 4355 3658 4430; baseline -0.003 -20"><span class='ocrx_word' id='word_1_646' title='bbox 2061 4358 2283 4430; x_wconf 85' lang='grc' dir='ltr'>λιάσητε</span> <span class='ocrx_word' id='word_1_647' title='bbox 2334 4358 2577 4429; x_wconf 82' lang='grc' dir='ltr'>λοχῶντά</span> <span class='ocrx_word' id='word_1_648' title='bbox 2630 4358 2726 4412; x_wconf 79' lang='grc' dir='ltr'><strong>καὶ</strong></span> <span class='ocrx_word' id='word_1_649' title='bbox 2774 4356 3134 4429; x_wconf 89' lang='grc' dir='ltr'>ἐφεδρεύοντα</span> <span class='ocrx_word' id='word_1_650' title='bbox 3176 4357 3266 4410; x_wconf 83' lang='grc' dir='ltr'><strong>τὸν</strong></span> <span class='ocrx_word' id='word_1_651' title='bbox 3315 4355 3470 4426; x_wconf 74' lang='grc' dir='ltr'>δφινο</span> <span class='ocrx_word' id='word_1_652' title='bbox 3515 4355 3658 4426; x_wconf 74' lang='grc' dir='ltr'>περὶ</span> 
     </span>
    </p>
   </div>
   <div class='ocr_carea' id='block_1_91' title="bbox 2059 4445 3653 4522">
    <p class='ocr_par' dir='ltr' id='par_1_91' title="bbox 2059 4445 3653 4522">
     <span class='ocr_line' id='line_1_91' title="bbox 2059 4445 3653 4522; baseline -0.012 -6"><span class='ocrx_word' id='word_1_653' title='bbox 2059 4445 2127 4522; x_wconf 82' lang='grc' dir='ltr'><strong>ἦς</strong></span> <span class='ocrx_word' id='word_1_654' title='bbox 2162 4449 2272 4520; x_wconf 74' lang='grc' dir='ltr'><strong>ὲγὼ</strong></span> <span class='ocrx_word' id='word_1_655' title='bbox 2312 4455 2450 4522; x_wconf 78' lang='grc' dir='ltr'>πρὸς</span> <span class='ocrx_word' id='word_1_656' title='bbox 2484 4451 2629 4520; x_wconf 80' lang='grc' dir='ltr'>ὑμᾶς</span> <span class='ocrx_word' id='word_1_657' title='bbox 2655 4449 2918 4520; x_wconf 82' lang='grc' dir='ltr'>ἀμηγέπη</span> <span class='ocrx_word' id='word_1_658' title='bbox 2941 4447 3348 4518; x_wconf 82' lang='grc' dir='ltr'>διεξελεύσομαι</span> <span class='ocrx_word' id='word_1_659' title='bbox 3374 4445 3614 4517; x_wconf 76' lang='grc' dir='ltr'>δηλοῦσα</span> <span class='ocrx_word' id='word_1_660' title='bbox 3634 4459 3653 4475; x_wconf 87' lang='grc'><strong>·</strong></span> 
     </span>
    </p>
   </div>
   <div class='ocr_carea' id='block_1_92' title="bbox 2061 4539 2649 4616">
    <p class='ocr_par' dir='ltr' id='par_1_92' title="bbox 2061 4539 2649 4616">
     <span class='ocr_line' id='line_1_92' title="bbox 2061 4539 2649 4616; baseline -0.005 -20"><span class='ocrx_word' id='word_1_661' title='bbox 2061 4543 2251 4616; x_wconf 82' lang='grc' dir='ltr'>καιρὸς</span> <span class='ocrx_word' id='word_1_662' title='bbox 2288 4541 2396 4614; x_wconf 82' lang='grc' dir='ltr'><strong>γὰρ</strong></span> <span class='ocrx_word' id='word_1_663' title='bbox 2433 4541 2502 4595; x_wconf 80' lang='grc' dir='ltr'>τὰ</span> <span class='ocrx_word' id='word_1_664' title='bbox 2534 4539 2649 4595; x_wconf 81' lang='grc' dir='ltr'>νῦν.</span> 
     </span>
    </p>
   </div>
   <div class='ocr_carea' id='block_1_93' title="bbox 445 4703 1960 4792">
    <p class='ocr_par' dir='ltr' id='par_1_93' title="bbox 445 4713 1957 4792">
     <span class='ocr_line' id='line_1_93' title="bbox 445 4713 1957 4792; baseline -0.003 -16"><span class='ocrx_word' id='word_1_665' title='bbox 445 4720 666 4792; x_wconf 85' lang='lat' dir='ltr'><strong>Signum</strong></span> <span class='ocrx_word' id='word_1_666' title='bbox 689 4737 941 4790; x_wconf 87' lang='lat' dir='ltr'><strong>magnum</strong></span> <span class='ocrx_word' id='word_1_667' title='bbox 993 4719 1242 4788; x_wconf 81' lang='lat' dir='ltr'><strong>apparuit</strong></span> <span class='ocrx_word' id='word_1_668' title='bbox 1291 4717 1348 4773; x_wconf 86' lang='lat' dir='ltr'><strong>in</strong></span> <span class='ocrx_word' id='word_1_669' title='bbox 1390 4718 1544 4785; x_wconf 64' lang='lat' dir='ltr'><strong>caelo,</strong></span> <span class='ocrx_word' id='word_1_670' title='bbox 1592 4715 1668 4770; x_wconf 87' lang='lat' dir='ltr'><strong>ait</strong></span> <span class='ocrx_word' id='word_1_671' title='bbox 1717 4713 1957 4771; x_wconf 78' lang='lat' dir='ltr'><strong>Joannes</strong></span> 
     </span>
    </p>
   </div>
   <div class='ocr_carea' id='block_1_94' title="bbox 2065 4703 3660 4792">
    <p class='ocr_par' dir='ltr' id='par_1_94' title="bbox 2129 4714 3660 4791">
     <span class='ocr_line' id='line_1_94' title="bbox 2129 4714 3660 4791; baseline -0.005 -14"><span class='ocrx_word' id='word_1_672' title='bbox 2129 4722 2238 4777; x_wconf 81' lang='lat' dir='ltr'><strong>Kal</strong></span> <span class='ocrx_word' id='word_1_673' title='bbox 2283 4721 2450 4791; x_wconf 72' lang='grc' dir='ltr'>ὤφθη</span> <span class='ocrx_word' id='word_1_674' title='bbox 2494 4719 2651 4791; x_wconf 70' lang='grc' dir='ltr'>μέγα</span> <span class='ocrx_word' id='word_1_675' title='bbox 2697 4720 2954 4791; x_wconf 73' lang='grc' dir='ltr'>σημειον</span> <span class='ocrx_word' id='word_1_676' title='bbox 2999 4719 3070 4774; x_wconf 88' lang='grc' dir='ltr'>ὲν</span> <span class='ocrx_word' id='word_1_677' title='bbox 3119 4717 3200 4785; x_wconf 82' lang='grc' dir='ltr'>τῷ</span> <span class='ocrx_word' id='word_1_678' title='bbox 3251 4714 3506 4787; x_wconf 63' lang='grc' dir='ltr'>οἰιρανῷ,</span> <span class='ocrx_word' id='word_1_679' title='bbox 3545 4716 3660 4787; x_wconf 84' lang='grc' dir='ltr'>τὴν</span> 
     </span>
    </p>
   </div>
   <div class='ocr_carea' id='block_1_95' title="bbox 369 4807 1957 4884">
    <p class='ocr_par' dir='ltr' id='par_1_95' title="bbox 369 4807 1957 4884">
     <span class='ocr_line' id='line_1_95' title="bbox 369 4807 1957 4884; baseline -0.002 -18"><span class='ocrx_word' id='word_1_680' title='bbox 369 4812 736 4884; x_wconf 66' lang='lat' dir='ltr'><strong>Apocalypsin</strong></span> <span class='ocrx_word' id='word_1_681' title='bbox 765 4827 1031 4866; x_wconf 90' lang='lat' dir='ltr'><strong>enarrans</strong></span> <span class='ocrx_word' id='word_1_682' title='bbox 1059 4811 1126 4878; x_wconf 70' lang='grc'><strong>⁸⁸,</strong></span> <span class='ocrx_word' id='word_1_683' title='bbox 1155 4812 1344 4865; x_wconf 87' lang='lat' dir='ltr'><strong>mulier</strong></span> <span class='ocrx_word' id='word_1_684' title='bbox 1376 4811 1571 4864; x_wconf 86' lang='lat' dir='ltr'><strong>amicta</strong></span> <span class='ocrx_word' id='word_1_685' title='bbox 1597 4807 1728 4873; x_wconf 87' lang='lat' dir='ltr'><strong>sole,</strong></span> <span class='ocrx_word' id='word_1_686' title='bbox 1750 4817 1800 4862; x_wconf 90' lang='lat' dir='ltr'><strong>et</strong></span> <span class='ocrx_word' id='word_1_687' title='bbox 1829 4808 1957 4863; x_wconf 90' lang='lat' dir='ltr'><strong>luna</strong></span> 
     </span>
    </p>
   </div>
   <div class='ocr_carea' id='block_1_96' title="bbox 373 4902 1955 4976">
    <p class='ocr_par' dir='ltr' id='par_1_96' title="bbox 373 4902 1955 4976">
     <span class='ocr_line' id='line_1_96' title="bbox 373 4902 1955 4976; baseline -0.003 -17"><span class='ocrx_word' id='word_1_688' title='bbox 373 4908 466 4960; x_wconf 80' lang='lat' dir='ltr'><strong>sub</strong></span> <span class='ocrx_word' id='word_1_689' title='bbox 488 4905 705 4976; x_wconf 83' lang='lat' dir='ltr'><strong>pedibus</strong></span> <span class='ocrx_word' id='word_1_690' title='bbox 741 4906 892 4975; x_wconf 83' lang='lat' dir='ltr'><strong>ejus;</strong></span> <span class='ocrx_word' id='word_1_691' title='bbox 923 4913 972 4959; x_wconf 89' lang='lat' dir='ltr'><strong>et</strong></span> <span class='ocrx_word' id='word_1_692' title='bbox 999 4906 1054 4958; x_wconf 87' lang='lat' dir='ltr'><strong>in</strong></span> <span class='ocrx_word' id='word_1_693' title='bbox 1084 4909 1254 4975; x_wconf 89' lang='lat' dir='ltr'><strong>capite</strong></span> <span class='ocrx_word' id='word_1_694' title='bbox 1282 4905 1396 4974; x_wconf 86' lang='lat' dir='ltr'><strong>ejus</strong></span> <span class='ocrx_word' id='word_1_695' title='bbox 1446 4919 1644 4957; x_wconf 87' lang='lat' dir='ltr'><strong>corona</strong></span> <span class='ocrx_word' id='word_1_696' title='bbox 1678 4902 1955 4956; x_wconf 85' lang='lat' dir='ltr'><strong>stellarum</strong></span> 
     </span>
    </p>
   </div>
   <div class='ocr_carea' id='block_1_97' title="bbox 365 4995 1954 5062">
    <p class='ocr_par' dir='ltr' id='par_1_97' title="bbox 365 4995 1954 5062">
     <span class='ocr_line' id='line_1_97' title="bbox 365 4995 1954 5062; baseline -0.001 -11"><span class='ocrx_word' id='word_1_697' title='bbox 365 4999 682 5054; x_wconf 84' lang='lat' dir='ltr'><strong>duodecim:</strong></span> <span class='ocrx_word' id='word_1_698' title='bbox 732 5008 782 5054; x_wconf 92' lang='lat' dir='ltr'><strong>et</strong></span> <span class='ocrx_word' id='word_1_699' title='bbox 815 5000 871 5052; x_wconf 89' lang='lat' dir='ltr'><strong>in</strong></span> <span class='ocrx_word' id='word_1_700' title='bbox 900 5009 1050 5052; x_wconf 84' lang='lat' dir='ltr'><strong>utero</strong></span> <span class='ocrx_word' id='word_1_701' title='bbox 1081 4997 1276 5052; x_wconf 83' lang='lat' dir='ltr'><strong>habens</strong></span> <span class='ocrx_word' id='word_1_702' title='bbox 1328 4996 1597 5050; x_wconf 87' lang='lat' dir='ltr'><strong>clamabat</strong></span> <span class='ocrx_word' id='word_1_703' title='bbox 1630 4995 1954 5062; x_wconf 82' lang='lat' dir='ltr'><strong>parturiens,</strong></span> 
     </span>
    </p>
   </div>
   <div class='ocr_carea' id='block_1_98' title="bbox 367 5086 1955 5162">
    <p class='ocr_par' dir='ltr' id='par_1_98' title="bbox 367 5086 1955 5162">
     <span class='ocr_line' id='line_1_98' title="bbox 367 5086 1955 5162; baseline -0.004 -16"><span class='ocrx_word' id='word_1_704' title='bbox 367 5101 420 5146; x_wconf 89' lang='lat' dir='ltr'><strong>et</strong></span> <span class='ocrx_word' id='word_1_705' title='bbox 443 5091 782 5145; x_wconf 83' lang='lat' dir='ltr'><strong>cruciabatur</strong></span> <span class='ocrx_word' id='word_1_706' title='bbox 809 5101 868 5145; x_wconf 89' lang='lat' dir='ltr'><strong>ut</strong></span> <span class='ocrx_word' id='word_1_707' title='bbox 887 5102 1118 5162; x_wconf 86' lang='lat' dir='ltr'><strong>pareret.</strong></span> <span class='ocrx_word' id='word_1_708' title='bbox 1147 5089 1215 5144; x_wconf 86' lang='lat' dir='ltr'><strong>Et</strong></span> <span class='ocrx_word' id='word_1_709' title='bbox 1239 5091 1410 5144; x_wconf 83' lang='lat' dir='ltr'><strong>visum</strong></span> <span class='ocrx_word' id='word_1_710' title='bbox 1434 5098 1513 5143; x_wconf 86' lang='lat' dir='ltr'><strong>est</strong></span> <span class='ocrx_word' id='word_1_711' title='bbox 1549 5086 1698 5141; x_wconf 85' lang='lat' dir='ltr'><strong>aliud</strong></span> <span class='ocrx_word' id='word_1_712' title='bbox 1746 5088 1955 5157; x_wconf 86' lang='lat' dir='ltr'><strong>signum</strong></span> 
     </span>
    </p>
   </div>
   <div class='ocr_carea' id='block_1_99' title="bbox 373 5179 1955 5254">
    <p class='ocr_par' dir='ltr' id='par_1_99' title="bbox 373 5179 1955 5254">
     <span class='ocr_line' id='line_1_99' title="bbox 373 5179 1955 5254; baseline -0.002 -17"><span class='ocrx_word' id='word_1_713' title='bbox 373 5185 428 5237; x_wconf 87' lang='lat' dir='ltr'><strong>in</strong></span> <span class='ocrx_word' id='word_1_714' title='bbox 459 5183 620 5238; x_wconf 77' lang='lat' dir='ltr'><strong>cwlo:</strong></span> <span class='ocrx_word' id='word_1_715' title='bbox 656 5192 706 5238; x_wconf 92' lang='lat' dir='ltr'><strong>et</strong></span> <span class='ocrx_word' id='word_1_716' title='bbox 737 5200 852 5238; x_wconf 87' lang='lat' dir='ltr'><strong>ecce</strong></span> <span class='ocrx_word' id='word_1_717' title='bbox 876 5183 1043 5239; x_wconf 86' lang='lat' dir='ltr'><strong>draco</strong></span> <span class='ocrx_word' id='word_1_718' title='bbox 1075 5200 1299 5254; x_wconf 83' lang='lat' dir='ltr'><strong>magnus</strong></span> <span class='ocrx_word' id='word_1_719' title='bbox 1331 5182 1505 5252; x_wconf 76' lang='lat' dir='ltr'><strong>rufus,</strong></span> <span class='ocrx_word' id='word_1_720' title='bbox 1552 5179 1747 5234; x_wconf 85' lang='lat' dir='ltr'><strong>habens</strong></span> <span class='ocrx_word' id='word_1_721' title='bbox 1779 5180 1955 5248; x_wconf 90' lang='lat' dir='ltr'><strong>capita</strong></span> 
     </span>
    </p>
   </div>
   <div class='ocr_carea' id='block_1_100' title="bbox 375 5271 1947 5344">
    <p class='ocr_par' dir='ltr' id='par_1_100' title="bbox 375 5271 1947 5344">
     <span class='ocr_line' id='line_1_100' title="bbox 375 5271 1947 5344; baseline -0.004 -14"><span class='ocrx_word' id='word_1_722' title='bbox 375 5284 562 5344; x_wconf 72' lang='lat' dir='ltr'><strong>septem</strong></span> <span class='ocrx_word' id='word_1_723' title='bbox 590 5285 639 5330; x_wconf 92' lang='lat' dir='ltr'><strong>et</strong></span> <span class='ocrx_word' id='word_1_724' title='bbox 661 5291 859 5330; x_wconf 84' lang='lat' dir='ltr'><strong>cornua</strong></span> <span class='ocrx_word' id='word_1_725' title='bbox 884 5275 1079 5344; x_wconf 89' lang='lat' dir='ltr'><strong>decem,</strong></span> <span class='ocrx_word' id='word_1_726' title='bbox 1094 5286 1143 5330; x_wconf 91' lang='lat' dir='ltr'><strong>et</strong></span> <span class='ocrx_word' id='word_1_727' title='bbox 1166 5276 1224 5329; x_wconf 88' lang='lat' dir='ltr'><strong>in</strong></span> <span class='ocrx_word' id='word_1_728' title='bbox 1237 5273 1496 5344; x_wconf 87' lang='lat' dir='ltr'><strong>capitibus</strong></span> <span class='ocrx_word' id='word_1_729' title='bbox 1514 5271 1626 5341; x_wconf 86' lang='lat' dir='ltr'><strong>ejus</strong></span> <span class='ocrx_word' id='word_1_730' title='bbox 1639 5271 1947 5324; x_wconf 87' lang='lat' dir='ltr'><strong>diademata</strong></span> 
     </span>
    </p>
   </div>
   <div class='ocr_carea' id='block_1_101' title="bbox 442 5430 1599 5501">
    <p class='ocr_par' dir='ltr' id='par_1_101' title="bbox 442 5430 1599 5501">
     <span class='ocr_line' id='line_1_101' title="bbox 442 5430 1599 5501; baseline -0.003 -14"><span class='ocrx_word' id='word_1_731' title='bbox 442 5433 488 5466; x_wconf 70' lang='grc'><strong>⁸⁸</strong></span> <span class='ocrx_word' id='word_1_732' title='bbox 521 5433 654 5488; x_wconf 88' lang='lat' dir='ltr'><strong>Bar.</strong></span> <span class='ocrx_word' id='word_1_733' title='bbox 684 5431 995 5500; x_wconf 65' lang='lat'><strong>&quot;1,14,15.</strong></span> <span class='ocrx_word' id='word_1_734' title='bbox 1072 5431 1116 5465; x_wconf 72' lang='lat'><em>“</em></span> <span class='ocrx_word' id='word_1_735' title='bbox 1156 5433 1318 5501; x_wconf 81' lang='lat' dir='ltr'><strong>Apoc.</strong></span> <span class='ocrx_word' id='word_1_736' title='bbox 1359 5430 1599 5496; x_wconf 78' lang='lat' dir='ltr'><strong>xn,l-6.</strong></span> 
     </span>
    </p>
   </div>
   <div class='ocr_carea' id='block_1_102' title="bbox 445 5538 1951 5618">
    <p class='ocr_par' dir='ltr' id='par_1_102' title="bbox 445 5538 1951 5618">
     <span class='ocr_line' id='line_1_102' title="bbox 445 5538 1951 5618; baseline -0.005 -19"><span class='ocrx_word' id='word_1_737' title='bbox 445 5545 558 5618; x_wconf 78' lang='lat' dir='ltr'><strong>(l5)</strong></span> <span class='ocrx_word' id='word_1_738' title='bbox 585 5548 877 5618; x_wconf 54' lang='lat' dir='ltr'><strong>Alter-twn.</strong></span> <span class='ocrx_word' id='word_1_739' title='bbox 909 5547 1001 5602; x_wconf 89' lang='lat' dir='ltr'><strong>Sic</strong></span> <span class='ocrx_word' id='word_1_740' title='bbox 1037 5561 1140 5600; x_wconf 89' lang='lat' dir='ltr'><strong>nos</strong></span> <span class='ocrx_word' id='word_1_741' title='bbox 1181 5560 1306 5600; x_wconf 91' lang='lat' dir='ltr'><strong>cum</strong></span> <span class='ocrx_word' id='word_1_742' title='bbox 1360 5544 1580 5607; x_wconf 80' lang='lat' dir='ltr'><strong>Allatio,</strong></span> <span class='ocrx_word' id='word_1_743' title='bbox 1611 5555 1708 5612; x_wconf 87' lang='lat' dir='ltr'><strong>pro</strong></span> <span class='ocrx_word' id='word_1_744' title='bbox 1741 5538 1951 5593; x_wconf 80' lang='grc' dir='ltr'>αἰώνων</span> 
     </span>
    </p>
   </div>
   <div class='ocr_carea' id='block_1_103' title="bbox 372 5617 1954 5732">
    <p class='ocr_par' dir='ltr' id='par_1_103' title="bbox 372 5617 1954 5732">
     <span class='ocr_line' id='line_1_103' title="bbox 372 5617 1270 5688; baseline -0.001 -17"><span class='ocrx_word' id='word_1_745' title='bbox 372 5620 517 5688; x_wconf 93' lang='lat' dir='ltr'><strong>quod</strong></span> <span class='ocrx_word' id='word_1_746' title='bbox 542 5617 635 5672; x_wconf 88' lang='lat' dir='ltr'><strong>alii</strong></span> <span class='ocrx_word' id='word_1_747' title='bbox 667 5619 819 5674; x_wconf 88' lang='lat' dir='ltr'><strong>dant.</strong></span> <span class='ocrx_word' id='word_1_748' title='bbox 840 5617 1000 5673; x_wconf 80' lang='lat' dir='ltr'><strong>Emr.</strong></span> <span class='ocrx_word' id='word_1_749' title='bbox 1032 5619 1270 5672; x_wconf 74' lang='lat' dir='ltr'><strong>PunoL.</strong></span> 
     </span>
     <span class='ocr_line' id='line_1_104' title="bbox 445 5679 1954 5732; baseline -0.001 0"><span class='ocrx_word' id='word_1_750' title='bbox 445 5689 556 5732; x_wconf 72' lang='lat' dir='ltr'><strong>HM</strong></span> <span class='ocrx_word' id='word_1_751' title='bbox 586 5689 787 5732; x_wconf 73' lang='grc' dir='ltr'>ὠωσὶν</span> <span class='ocrx_word' id='word_1_752' title='bbox 833 5690 1091 5732; x_wconf 70' lang='grc' dir='ltr'>ἀδύτηιρ.</span> <span class='ocrx_word' id='word_1_753' title='bbox 1136 5686 1305 5732; x_wconf 70' lang='lat' dir='ltr'><strong>Paulo</strong></span> <span class='ocrx_word' id='word_1_754' title='bbox 1335 5682 1583 5732; x_wconf 80' lang='lat' dir='ltr'><strong>inferius.</strong></span> <span class='ocrx_word' id='word_1_755' title='bbox 1630 5681 1692 5732; x_wconf 83' lang='grc' dir='ltr'><strong>τὸ</strong></span> <span class='ocrx_word' id='word_1_756' title='bbox 1737 5679 1854 5732; x_wconf 76' lang='grc' dir='ltr'><strong>φῶς</strong></span> <span class='ocrx_word' id='word_1_757' title='bbox 1891 5679 1954 5730; x_wconf 84' lang='grc' dir='ltr'><strong>τὸ</strong></span> 
     </span>
    </p>
   </div>
   <div class='ocr_carea' id='block_1_104' title="bbox 375 5682 1952 5833">
    <p class='ocr_par' dir='ltr' id='par_1_104' title="bbox 375 5682 1952 5833">
     <span class='ocr_line' id='line_1_105' title="bbox 393 5682 1952 5815; baseline -0.007 -74"><span class='ocrx_word' id='word_1_758' title='bbox 393 5682 406 5688; x_wconf 83' lang='grc'><em>’</em></span> <span class='ocrx_word' id='word_1_759' title='bbox 444 5689 556 5815; x_wconf 55' lang='grc' dir='ltr'><strong>ΣΗ)</strong></span> <span class='ocrx_word' id='word_1_760' title='bbox 586 5689 787 5743; x_wconf 78' lang='grc' dir='ltr'>Φωσὶν</span> <span class='ocrx_word' id='word_1_761' title='bbox 833 5690 1091 5752; x_wconf 83' lang='grc' dir='ltr'>ἀδύτοις.</span> <span class='ocrx_word' id='word_1_762' title='bbox 1136 5686 1305 5737; x_wconf 72' lang='lat' dir='ltr'><strong>Paulo</strong></span> <span class='ocrx_word' id='word_1_763' title='bbox 1335 5682 1583 5744; x_wconf 83' lang='lat' dir='ltr'><strong>inferius,</strong></span> <span class='ocrx_word' id='word_1_764' title='bbox 1630 5682 1692 5732; x_wconf 83' lang='grc' dir='ltr'><strong>τὸ</strong></span> <span class='ocrx_word' id='word_1_765' title='bbox 1737 5682 1868 5760; x_wconf 45' lang='grc' dir='ltr'>φῶς.</span> <span class='ocrx_word' id='word_1_766' title='bbox 1891 5682 1952 5730; x_wconf 84' lang='grc' dir='ltr'><strong>τὸ</strong></span> 
     </span>
     <span class='ocr_line' id='line_1_106' title="bbox 375 5753 1952 5833; baseline -0.008 -18"><span class='ocrx_word' id='word_1_767' title='bbox 375 5763 439 5815; x_wconf 83' lang='grc' dir='ltr'><strong>ἀν</strong></span> <span class='ocrx_word' id='word_1_768' title='bbox 474 5775 669 5833; x_wconf 84' lang='grc' dir='ltr'>σπερον</span> <span class='ocrx_word' id='word_1_769' title='bbox 697 5767 876 5830; x_wconf 83' lang='lat' dir='ltr'><strong>vocat,</strong></span> <span class='ocrx_word' id='word_1_770' title='bbox 917 5759 1100 5814; x_wconf 89' lang='lat' dir='ltr'><strong>lumen</strong></span> <span class='ocrx_word' id='word_1_771' title='bbox 1150 5753 1297 5826; x_wconf 85' lang='lat' dir='ltr'><strong>quod</strong></span> <span class='ocrx_word' id='word_1_772' title='bbox 1327 5753 1496 5828; x_wconf 77' lang='lat' dir='ltr'><strong>nulla</strong></span> <span class='ocrx_word' id='word_1_773' title='bbox 1529 5765 1650 5827; x_wconf 74' lang='lat' dir='ltr'><strong>nox</strong></span> <span class='ocrx_word' id='word_1_774' title='bbox 1695 5758 1952 5821; x_wconf 73' lang='lat' dir='ltr'><strong>excnpiat,</strong></span> 
     </span>
    </p>
   </div>
   <div class='ocr_carea' id='block_1_105' title="bbox 2074 4807 3655 4885">
    <p class='ocr_par' dir='ltr' id='par_1_105' title="bbox 2074 4807 3655 4885">
     <span class='ocr_line' id='line_1_107' title="bbox 2074 4807 3655 4885; baseline -0.003 -21"><span class='ocrx_word' id='word_1_775' title='bbox 2074 4811 2441 4885; x_wconf 75' lang='grc' dir='ltr'>Ἀποκάλυψιν</span> <span class='ocrx_word' id='word_1_776' title='bbox 2480 4812 2509 4864; x_wconf 90' lang='lat'><strong>6</strong></span> <span class='ocrx_word' id='word_1_777' title='bbox 2563 4809 2815 4882; x_wconf 85' lang='grc' dir='ltr'>Ἰωάννης</span> <span class='ocrx_word' id='word_1_778' title='bbox 2865 4808 3226 4881; x_wconf 85' lang='grc' dir='ltr'>ἐξηγούμενος</span> <span class='ocrx_word' id='word_1_779' title='bbox 3265 4807 3442 4876; x_wconf 79' lang='grc' dir='ltr'>λέγει,</span> <span class='ocrx_word' id='word_1_780' title='bbox 3485 4808 3655 4878; x_wconf 75' lang='grc' dir='ltr'>γυνὴ</span> 
     </span>
    </p>
   </div>
   <div class='ocr_carea' id='block_1_106' title="bbox 2061 4898 3656 4974">
    <p class='ocr_par' dir='ltr' id='par_1_106' title="bbox 2061 4898 3656 4974">
     <span class='ocr_line' id='line_1_108' title="bbox 2061 4898 3656 4974; baseline -0.004 -17"><span class='ocrx_word' id='word_1_781' title='bbox 2061 4902 2533 4974; x_wconf 76' lang='grc' dir='ltr'>περιϐεϐλημένη</span> <span class='ocrx_word' id='word_1_782' title='bbox 2572 4902 2680 4957; x_wconf 80' lang='grc' dir='ltr'>τὸν</span> <span class='ocrx_word' id='word_1_783' title='bbox 2726 4903 2932 4970; x_wconf 80' lang='grc' dir='ltr'>ἣλιον·</span> <span class='ocrx_word' id='word_1_784' title='bbox 2981 4903 3079 4955; x_wconf 77' lang='grc' dir='ltr'><strong>καί</strong></span> <span class='ocrx_word' id='word_1_785' title='bbox 3121 4902 3159 4968; x_wconf 79' lang='grc' dir='ltr'><strong><em>ἠ</em></strong></span> <span class='ocrx_word' id='word_1_786' title='bbox 3208 4898 3444 4966; x_wconf 80' lang='grc' dir='ltr'>σελήνη</span> <span class='ocrx_word' id='word_1_787' title='bbox 3492 4902 3656 4952; x_wconf 76' lang='grc' dir='ltr'>ὑπο-</span> 
     </span>
    </p>
   </div>
   <div class='ocr_carea' id='block_1_107' title="bbox 2063 4987 3658 5061">
    <p class='ocr_par' dir='ltr' id='par_1_107' title="bbox 2063 4987 3658 5061">
     <span class='ocr_line' id='line_1_109' title="bbox 2063 4987 3658 5061; baseline -0.004 -12"><span class='ocrx_word' id='word_1_788' title='bbox 2063 4994 2218 5049; x_wconf 83' lang='grc' dir='ltr'>κάτω</span> <span class='ocrx_word' id='word_1_789' title='bbox 2249 4993 2368 5048; x_wconf 85' lang='grc' dir='ltr'><strong>τῶν</strong></span> <span class='ocrx_word' id='word_1_790' title='bbox 2411 4993 2611 5048; x_wconf 82' lang='grc' dir='ltr'>ποδῶν</span> <span class='ocrx_word' id='word_1_791' title='bbox 2659 4991 2883 5061; x_wconf 77' lang='grc' dir='ltr'>αὐτῆς·</span> <span class='ocrx_word' id='word_1_792' title='bbox 2930 4992 3030 5046; x_wconf 80' lang='grc' dir='ltr'>καὶ</span> <span class='ocrx_word' id='word_1_793' title='bbox 3066 4989 3165 5043; x_wconf 75' lang='grc' dir='ltr'>ἐπὶ</span> <span class='ocrx_word' id='word_1_794' title='bbox 3212 4987 3324 5057; x_wconf 83' lang='grc' dir='ltr'>τῆς</span> <span class='ocrx_word' id='word_1_795' title='bbox 3374 4987 3658 5057; x_wconf 69' lang='grc' dir='ltr'>κεφαλῆς</span> 
     </span>
    </p>
   </div>
   <div class='ocr_carea' id='block_1_108' title="bbox 2060 5079 3655 5155">
    <p class='ocr_par' dir='ltr' id='par_1_108' title="bbox 2060 5079 3655 5155">
     <span class='ocr_line' id='line_1_110' title="bbox 2060 5079 3655 5155; baseline -0.004 -15"><span class='ocrx_word' id='word_1_796' title='bbox 2060 5084 2250 5154; x_wconf 78' lang='grc' dir='ltr'>αὐτῆς</span> <span class='ocrx_word' id='word_1_797' title='bbox 2278 5086 2579 5155; x_wconf 65' lang='grc' dir='ltr'>στέφανος</span> <span class='ocrx_word' id='word_1_798' title='bbox 2601 5085 2870 5154; x_wconf 80' lang='grc' dir='ltr'>ἀστέρων</span> <span class='ocrx_word' id='word_1_799' title='bbox 2911 5081 3168 5135; x_wconf 79' lang='grc' dir='ltr'>δώδεκα’</span> <span class='ocrx_word' id='word_1_800' title='bbox 3203 5080 3302 5134; x_wconf 78' lang='grc' dir='ltr'>καὶ</span> <span class='ocrx_word' id='word_1_801' title='bbox 3334 5079 3404 5133; x_wconf 84' lang='grc' dir='ltr'><strong>ἐν</strong></span> <span class='ocrx_word' id='word_1_802' title='bbox 3431 5080 3655 5150; x_wconf 70' lang='grc' dir='ltr'>γαστρὶ</span> 
     </span>
    </p>
   </div>
   <div class='ocr_carea' id='block_1_109' title="bbox 2062 5169 3660 5246">
    <p class='ocr_par' dir='ltr' id='par_1_109' title="bbox 2062 5169 3660 5246">
     <span class='ocr_line' id='line_1_111' title="bbox 2062 5169 3660 5246; baseline -0.004 -16"><span class='ocrx_word' id='word_1_803' title='bbox 2062 5175 2294 5246; x_wconf 78' lang='grc' dir='ltr'>ἔχουσα</span> <span class='ocrx_word' id='word_1_804' title='bbox 2347 5175 2542 5246; x_wconf 76' lang='grc' dir='ltr'>κράζει</span> <span class='ocrx_word' id='word_1_805' title='bbox 2580 5176 2884 5230; x_wconf 79' lang='grc' dir='ltr'>ὠδίνουσα</span> <span class='ocrx_word' id='word_1_806' title='bbox 2924 5173 3023 5227; x_wconf 78' lang='grc' dir='ltr'>καὶ</span> <span class='ocrx_word' id='word_1_807' title='bbox 3062 5169 3510 5240; x_wconf 79' lang='grc' dir='ltr'>βασανιζομένη</span> <span class='ocrx_word' id='word_1_808' title='bbox 3552 5187 3660 5224; x_wconf 83' lang='grc' dir='ltr'>τε-</span> 
     </span>
    </p>
   </div>
   <div class='ocr_carea' id='block_1_110' title="bbox 2063 5259 3654 5339">
    <p class='ocr_par' dir='ltr' id='par_1_110' title="bbox 2063 5259 3654 5339">
     <span class='ocr_line' id='line_1_112' title="bbox 2063 5259 3654 5339; baseline -0.005 -17"><span class='ocrx_word' id='word_1_809' title='bbox 2063 5267 2212 5325; x_wconf 85' lang='grc' dir='ltr'>κεῖν.</span> <span class='ocrx_word' id='word_1_810' title='bbox 2257 5268 2368 5324; x_wconf 79' lang='grc' dir='ltr'><strong>Καὶ</strong></span> <span class='ocrx_word' id='word_1_811' title='bbox 2415 5268 2581 5339; x_wconf 69' lang='grc' dir='ltr'>ὤφθη</span> <span class='ocrx_word' id='word_1_812' title='bbox 2631 5267 2787 5322; x_wconf 75' lang='grc' dir='ltr'>ἄλλο</span> <span class='ocrx_word' id='word_1_813' title='bbox 2836 5264 3087 5335; x_wconf 83' lang='grc' dir='ltr'>σημεῖον</span> <span class='ocrx_word' id='word_1_814' title='bbox 3130 5264 3200 5317; x_wconf 88' lang='grc' dir='ltr'>ὲν</span> <span class='ocrx_word' id='word_1_815' title='bbox 3246 5262 3331 5331; x_wconf 82' lang='grc' dir='ltr'>τῷ</span> <span class='ocrx_word' id='word_1_816' title='bbox 3375 5259 3614 5329; x_wconf 79' lang='grc' dir='ltr'>οὐρανῷ</span> <span class='ocrx_word' id='word_1_817' title='bbox 3633 5278 3654 5294; x_wconf 77' lang='grc' dir='ltr'><strong>ο</strong></span> 
     </span>
    </p>
   </div>
   <div class='ocr_carea' id='block_1_111' title="bbox 2063 5527 3656 5603">
    <p class='ocr_par' dir='ltr' id='par_1_111' title="bbox 2063 5527 3656 5603">
     <span class='ocr_line' id='line_1_113' title="bbox 2063 5527 3656 5603; baseline -0.004 -13"><span class='ocrx_word' id='word_1_818' title='bbox 2063 5537 2247 5590; x_wconf 89' lang='lat' dir='ltr'><strong>nullus</strong></span> <span class='ocrx_word' id='word_1_819' title='bbox 2289 5550 2521 5591; x_wconf 91' lang='lat' dir='ltr'><strong>occasus</strong></span> <span class='ocrx_word' id='word_1_820' title='bbox 2564 5535 2912 5603; x_wconf 86' lang='lat' dir='ltr'><strong>exstinguat;</strong></span> <span class='ocrx_word' id='word_1_821' title='bbox 2946 5545 3047 5603; x_wconf 85' lang='lat' dir='ltr'><strong>nec</strong></span> <span class='ocrx_word' id='word_1_822' title='bbox 3076 5545 3137 5584; x_wconf 89' lang='lat' dir='ltr'><strong>re</strong></span> <span class='ocrx_word' id='word_1_823' title='bbox 3165 5527 3248 5603; x_wconf 88' lang='lat' dir='ltr'><strong>sic</strong></span> <span class='ocrx_word' id='word_1_824' title='bbox 3283 5528 3430 5584; x_wconf 87' lang='lat' dir='ltr'><strong>clara</strong></span> <span class='ocrx_word' id='word_1_825' title='bbox 3467 5530 3656 5599; x_wconf 72' lang='lat' dir='ltr'><strong>potuit</strong></span> 
     </span>
    </p>
   </div>
   <div class='ocr_carea' id='block_1_112' title="bbox 2062 5601 3653 5668">
    <p class='ocr_par' dir='ltr' id='par_1_112' title="bbox 2062 5601 3653 5668">
     <span class='ocr_line' id='line_1_114' title="bbox 2062 5601 3653 5668; baseline -0.002 -8"><span class='ocrx_word' id='word_1_826' title='bbox 2062 5608 2242 5662; x_wconf 87' lang='lat' dir='ltr'><strong>doceri</strong></span> <span class='ocrx_word' id='word_1_827' title='bbox 2275 5605 2578 5668; x_wconf 88' lang='lat' dir='ltr'><strong>Possinius,</strong></span> <span class='ocrx_word' id='word_1_828' title='bbox 2612 5614 2669 5658; x_wconf 93' lang='lat' dir='ltr'><strong>ut</strong></span> <span class='ocrx_word' id='word_1_829' title='bbox 2712 5601 3125 5658; x_wconf 79' lang='lat' dir='ltr'><strong>inaccessibilem</strong></span> <span class='ocrx_word' id='word_1_830' title='bbox 3155 5601 3320 5654; x_wconf 90' lang='lat' dir='ltr'><strong>lucem</strong></span> <span class='ocrx_word' id='word_1_831' title='bbox 3349 5615 3502 5668; x_wconf 78' lang='lat' dir='ltr'><strong>suam</strong></span> <span class='ocrx_word' id='word_1_832' title='bbox 3533 5614 3653 5657; x_wconf 80' lang='lat' dir='ltr'><strong>mo-</strong></span> 
     </span>
    </p>
   </div>
   <div class='ocr_carea' id='block_1_113' title="bbox 2063 5665 3648 5750">
    <p class='ocr_par' dir='ltr' id='par_1_113' title="bbox 2063 5665 3648 5750">
     <span class='ocr_line' id='line_1_115' title="bbox 2063 5665 3648 5750; baseline -0.008 -18"><span class='ocrx_word' id='word_1_833' title='bbox 2063 5678 2186 5733; x_wconf 86' lang='lat' dir='ltr'><strong>liori</strong></span> <span class='ocrx_word' id='word_1_834' title='bbox 2226 5677 2332 5732; x_wconf 88' lang='lat' dir='ltr'><strong>alia</strong></span> <span class='ocrx_word' id='word_1_835' title='bbox 2357 5693 2490 5735; x_wconf 86' lang='lat' dir='ltr'><strong>voce</strong></span> <span class='ocrx_word' id='word_1_836' title='bbox 2529 5665 2716 5750; x_wconf 80' lang='lat' dir='ltr'><strong>reique</strong></span> <span class='ocrx_word' id='word_1_837' title='bbox 2745 5673 3015 5748; x_wconf 86' lang='lat' dir='ltr'><strong>apposita,</strong></span> <span class='ocrx_word' id='word_1_838' title='bbox 3044 5679 3298 5728; x_wconf 79' lang='lat' dir='ltr'><strong>mutaret.</strong></span> <span class='ocrx_word' id='word_1_839' title='bbox 3339 5665 3648 5740; x_wconf 55' lang='lat' dir='ltr'><strong>ponens.</strong></span> 
     </span>
    </p>
   </div>
  </div>
