3866 6160
232 307 257 365 1
270 308 341 365 33

1242 326 1248 331 '
1335 314 1721 375 CONVIVIUM
1758 312 1997 372 DECEM
2035 308 2416 373 νιιιοιΝωι..

3407 306 3512 362 146

228 424 325 475 καί
375 421 510 477 ίδοὺ
549 422 788 493 δράκων
830 426 1059 498 πυέρὸς
1099 428 1309 500 μένας,
1355 430 1514 502 ἔχων
1556 434 1786 501 κείραλὰ

1891 476 1896 492 ,
1926 434 2152 495 septem;
2180 432 2231 477 et
2259 421 2433 477 cauda
2456 439 2557 477 sua
2582 421 2823 478 trahebat
2846 422 3055 477 tertiam
3084 428 3290 491 partem
3329 419 3514 474 stella'

225 513 382 569 ἑπτὰ
409 516 511 571 καὶ
542 514 763 586 κέρατα
792 516 961 584 δέκα,
999 521 1102 575 καὶ
1136 522 1237 576 ἐπὶ
1266 524 1375 590 τὰς
1408 525 1680 594 κεφαλὰς
1709 526 1818 578 αὑ-

224 604 337 660 τοῦ
366 606 522 662 ἑπτὰ
548 608 910 680 διαδήματα·
958 612 1060 668 καί
1090 614 1130 684 ἡ
1160 614 1311 681 οὐρὰ
1334 616 1522 671 αὐτοῦ
1552 616 1724 685 σύρει
1750 614 1818 670 τὸ

222 699 435 764 τρίτον
480 699 667 770 μέρος
718 700 841 756 τῶν
898 703 1171 773 ἀστέρων
1213 706 1323 761 τοῦ
1375 705 1639 774 οὐρανοῦ
1660 742 1677 767 ,
1715 706 1817 761 καὶ

219 782 452 842 ἔϐαλεν
481 789 705 856 αὐτοὺς
727 792 814 856 εἰς
845 789 961 860 τὴν
985 791 1136 862 τῆνο
1166 792 1267 846 καί
1300 795 1334 847 ὁ
1366 792 1604 862 δράκων
1638 792 1818 862 ἔστη-

224 892 339 933 κεν
380 878 643 935 ἐνώπιον
680 879 792 950 τῆς
818 883 1107 952 γυναικὸς
1130 882 1241 954 τῆς
1262 889 1622 955 μελλούσης
1654 887 1817 941 ἐκτε-

223 971 375 1035 κεῖν,
405 972 509 1025 ἵνα
540 970 688 1027 ὅταν
714 973 882 1044 τέκῃ,
915 975 983 1029 τὸ
1018 976 1235 1032 τέκνον
1260 978 1451 1047 αὐτῆς
1478 980 1813 1051 καταφάγῃ.

222 1062 335 1115 Καὶ
377 1060 590 1116 ἔτεκεν
636 1063 773 1118 υἱὸν
814 1064 1073 1133 ἄρσενα,
1114 1065 1184 1133 ὃς
1217 1068 1429 1137 μέλλει
1477 1074 1816 1141 ποιμαίνειν

225 1148 429 1204 πάντα
472 1151 546 1205 τὰ
589 1153 735 1221 ἔθνη
774 1154 847 1208 ἐν
887 1153 1091 1224 ῥάϐδῳ
1143 1156 1391 1228 σιδηρᾷ·
1436 1162 1536 1215 καὶ
1572 1163 1812 1234 ἡρπάγη

226 1241 295 1295 τὸ
335 1240 560 1296 τέκνον
606 1243 799 1313 αὐτῆς
845 1247 994 1316 πρὸς
1022 1249 1131 1304 τὸν
1175 1251 1345 1316 Θεὸν,
1377 1254 1473 1307 καί
1515 1255 1668 1325 πρὸς
1705 1254 1815 1309 τὸν

218 1337 446 1402 θρόνον
478 1336 697 1390 αὐτοῦ·
737 1338 838 1393 καὶ
873 1341 913 1409 ἡ
948 1342 1106 1411 γυνὴ
1142 1344 1367 1414 ἔφυγεν
1403 1348 1492 1411 είς
1522 1345 1639 1414 τὴν
1676 1348 1813 1416 ἕρη-

212 1441 353 1493 μσν,
378 1426 535 1479 ὅπου
557 1428 682 1496 ἔχει
715 1428 847 1484 ἐκεῖ
863 1432 1053 1486 τόπον
1070 1434 1518 1506 ἡτοιμασμένον
1543 1436 1661 1491 ὑπὸ
1702 1436 1810 1492 τοῦ

216 1517 395 1584 Θεοῦ,
420 1518 523 1573 ἵνα
539 1519 674 1574 ἐκεῖ
691 1521 990 1593 τρέφωσιν
1006 1526 1118 1598 (15)
1141 1526 1339 1598 αὐτὴν
1364 1531 1591 1601 ἡμέρας
1610 1531 1810 1601 χιλίας

210 1606 535 1676 διακοσίας
564 1611 887 1680 ἐξήκοντα.
918 1615 1001 1670 Τὰ
1045 1619 1145 1688 μὲν
1190 1615 1286 1674 οὖν
1321 1622 1451 1693 περὶ
1480 1622 1582 1694 τῆς
1620 1640 1810 1693 γυναι-

212 1702 317 1767 κὸς
352 1705 706 1777 ἱστορούμενα
742 1710 839 1763 καὶ
869 1708 965 1764 τοῦ
992 1710 1305 1784 δράκοντος,
1341 1715 1420 1780 ὡς
1457 1716 1518 1770 ὲν
1547 1717 1805 1789 ἐπιτομῇ.

1924 533 2042 572 rum
2064 515 2209 579 caeli,
2231 524 2283 569 et
2312 514 2459 568 misit
2474 530 2565 569 eas
2601 515 2654 567 in
2689 503 2887 570 terram
2907 528 2927 568 :
2956 523 3007 568 et
3033 511 3195 568 draco
3218 513 3363 568 stetit
3387 521 3511 567 ante

1921 606 2189 662 mulierem
2218 621 2334 678 qua:
2361 614 2479 660 erat
2507 606 2756 676 paritura
2783 646 2799 672 ,
2837 614 2895 660 ut
2920 622 3039 660 cum
3066 606 3385 677 peperisset,
3441 607 3510 675 ﬁ-

1918 698 2050 754 lium
2066 698 2182 761 eius
2205 698 2500 754 devoraret.
2539 696 2609 757 Et
2631 699 2829 768 peperit
2854 699 3029 769 ﬁlium
3057 698 3379 781 masculum,
3416 697 3509 768 qui
3594 738 3599 743 .

1919 805 2157 849 recturus
2198 803 2313 848 erat
2343 809 2522 848 omnes
2560 801 2735 864 gentes
2779 793 2838 846 in
2884 793 3031 863 virga
3083 791 3256 861 ferrea
3287 807 3306 845 :
3336 800 3387 845 et
3415 807 3508 845 ra—

1917 896 2039 957 ptus
2066 894 2146 940 est
2172 885 2319 955 ﬁlius
2347 884 2463 955 ejus
2494 883 2563 938 ad
2592 883 2761 938 Deum
2789 891 2840 939 et
2878 885 2947 938 ad
2981 884 3228 939 thronum
3258 884 3407 954 ejus:
3448 893 3500 938 et

1916 980 2109 1035 mulier
2135 980 2267 1051 fugit
2293 980 2348 1032 in
2374 978 2738 1041 solitudinem,
2770 977 2859 1030 ubi
2888 976 3115 1031 habebat
3149 975 3323 1030 locum
3348 992 3507 1046 para-

1917 1085 2030 1128 tum
2060 1089 2095 1126 a
2115 1071 2245 1137 Deo,
2274 1079 2333 1124 ut
2363 1071 2437 1124 ibi
2464 1077 2691 1140 pascant
2718 1085 2835 1124 eam
2865 1068 3047 1125 diebus
3072 1068 3218 1122 mille
3264 1068 3505 1123 ducentis

1915 1164 2215 1236 sexaginta.
2254 1162 2383 1218 Haec
2433 1163 2510 1218 ibi
2564 1161 2882 1218 summatim
2930 1161 2999 1216 de
3029 1160 3259 1215 muliere
3290 1167 3344 1215 et
3373 1160 3504 1216 dra—

1914 1271 2071 1313 cone.
2126 1254 2334 1311 llorum
2362 1270 2494 1311 vero
2530 1254 2861 1311 solutionem
2913 1251 3159 1307 nancisci
3206 1251 3504 1322 verbisque

1911 1365 2206 1420 exponere,
2236 1351 2415 1420 majus
2461 1348 2596 1420 quid
2627 1355 2713 1404 est
2746 1362 2911 1418 quam
2943 1361 3042 1417 pro
3080 1352 3273 1402 nostra
3326 1345 3504 1400 facul~

1912 1447 2044 1498 tate.
2098 1441 2424 1497 Audendum
2481 1451 2701 1504 tamen,
2746 1438 2815 1495 de
2863 1438 2957 1493 illo
3003 1436 3171 1495 fretae,
3203 1437 3298 1509 qui
3331 1436 3503 1508 jussit

1911 1534 2147 1589 scrutari
2185 1533 2506 1606 Scripturas
2551 1534 2619 1587 ⁸ο.
2664 1531 2840 1603 Cujus
2888 1531 3175 1587 sententiae
3207 1531 3257 1586 si
3303 1538 3357 1587 et
3399 1546 3500 1589 vos

1908 1626 2066 1692 estis,
2096 1626 2235 1681 nihil
2255 1626 2485 1684 verebor
2526 1625 2594 1681 ad
2629 1640 2749 1681 rem
2789 1625 3033 1697 aggredi.
3074 1623 3313 1681 Omnino
3351 1625 3499 1681 enim

1908 1719 2236 1790 ignoscetis,
2263 1721 2313 1777 si
2359 1720 2690 1791 exquisitam
2721 1720 2843 1791 ejus
2881 1719 2987 1774 loci
3038 1719 3484 1792 intelligentiam,

208 1791 370 1859 τέλος
388 1794 532 1867 ἔχει·
576 1798 707 1870 περὶ
733 1796 792 1852 δὲ
821 1798 918 1852 τοῦ
948 1799 1050 1872 τὴν
1077 1801 1328 1858 ἐπίλυσιν
1359 1804 1540 1860 αὐτῶν
1580 1807 1786 1881 ἁνεύρα

1908 1826 2008 1883 pro
2046 1810 2253 1883 ingenii
2281 1810 2547 1867 tenuitate
2571 1824 2681 1864 non
2709 1809 2845 1865 satis
2868 1808 3089 1880 assequi
3116 1808 3349 1865 valeam.

215 1886 346 1942 σθαι
383 1890 481 1944 καὶ
512 1893 710 1960 εἰπεῖν,
746 1893 992 1969 μεῖζονῆ
1036 1896 1162 1951 καθ’
1224 1899 1408 1971 ἡμᾶς’
1452 1901 1605 1974 ὅμως
1665 1903 1989 1978 τολμητέον,
2050 1905 2423 1961 πιστεύσασαν
2462 1905 2542 1978 τῷ
2586 1903 2902 1959 κελεύσαντι
2933 1903 3034 1969 τὰς
3072 1904 3295 1977 Γραφὰς
3340 1905 3497 1976 ἐρευ-

361 1979 539 2076 Είοῦν
571 1987 667 2040 καὶ
715 1987 866 2060 σφῷν
894 1988 963 2044 τὰ
1007 1991 1278 2065 λεγόμενα
1315 1996 1582 2066 συνδοκεῖ,
1621 2000 1857 2072 χαλεπὸν
1910 2003 2064 2058 οὐδὲν
2108 2003 2211 2076 ῆδη
2268 2001 2601 2059 στείλασθαι.
2653 2001 2883 2064 Πάντως
2929 2000 3042 2073 γὰρ
3095 1998 3493 2072 συγγνώσεσθε,

205 2074 357 2145 πρὸς
411 2074 512 2148 τὴν
558 2076 847 2150 ἀκρίϐειαν
896 2080 1000 2154 τῆς
1046 2083 1272 2159 Γραφῆς
1320 2087 1417 2144 ἐὰν
1456 2090 1533 2164 μὴ
1573 2090 1788 2165 δυνηθῶ
1810 2094 2116 2167 διαρκέσαι.

752 2194 882 2257 Car.
911 2198 978 2257 ν.
1014 2199 1214 2258 Mulier
1234 2207 1450 2275 pariens
1471 2209 1665 2280 infesto
1691 2208 1941 2279 dracone,
1980 2211 2222 2267 Ecclesia
2251 2231 2266 2268 :
2297 2212 2414 2282 ejus
2441 2211 2617 2267 cultus
2652 2219 2704 2268 et
2734 2214 2930 2283 gratia.

293 2307 362 2361 Ἡ
396 2307 622 2379 ὀφθεῖσα
664 2315 1109 2392 περιϐεϐλημένη
1135 2320 1227 2376 τὸν
1255 2320 1407 2393 ἥλιον
1441 2326 1500 2380 ἐν
1527 2325 1606 2399 τῷ
1637 2327 1803 2400 οὐρα-

203 2398 488 2492 νιξιτυνὴζ
509 2404 606 2457 καὶ
643 2408 906 2477 στέφανον
937 2412 1001 2465 ὲκ
1025 2411 1134 2467 τῶν
1164 2414 1409 2490 ἀστέρων
1441 2398 1797 2492 περικειμένη

202 2488 525 2567 61b53ua,ﬁg
550 2497 650 2569 τὴν
682 2498 842 2572 ἕδραν
869 2497 1017 2575 εἶχεν
1044 2506 1078 2577 ή
1109 2488 1312 2581 σελήνη
1339 2509 1478 2581 πρὸς
1507 2488 1620 2577 τοῖς
1645 2488 1796 2580 ποσὶ,

204 2583 308 2679 καὶ
353 2584 624 2644 ὠδίνουσα
668 2592 767 2647 καὶ
819 2593 1220 2673 βασανιζομένη
1264 2607 1465 2673 τεκεῖν,
1514 2604 1653 2679 αὕτη
1702 2624 1799 2660 κυ-

202 2675 344 2769 ρίως
390 2680 531 2747 ἐστὶ,
578 2682 721 2737 κατά
752 2684 844 2740 τὸν
887 2687 1090 2763 ἀκριϐῆ
1119 2690 1297 2762 λόγον,
1326 2697 1360 2766 ἡ
1395 2696 1580 2769 μήτηρ
1610 2675 1792 2769 ἡμῶν,

198 2760 261 2865 Er
275 2769 559 2841 παρθένοι,
587 2773 817 2847 δύναμίς
841 2795 927 2844 τις
956 2760 1090 2836 οὖσα
1111 2760 1237 2839 καθ’
1263 2760 1470 2861 ἑαυτὴν.
1491 2760 1666 2865 ἑτέρα.
1683 2760 1793 2846 τῶν

199 2860 444 2953 τέκνων·
470 2864 539 2935 ῆν
570 2867 660 2920 ότὲ
701 2869 802 2940 μὲν
844 2869 1200 2948 Ἰερουσαλὴμ
1231 2880 1280 2932 oi
1314 2860 1612 2953 προφῆται,
1649 2882 1791 2939 κατά

198 2951 303 3023 τὴν
338 2953 561 3024 σύνοψιν
590 2956 700 3011 τῶν
739 2951 1592 3042 ὲπιφερομένωνρτὲδὲνύμῴην,
1616 2973 1706 3029 ὁτὲ
1732 2975 1789 3029 δὲ

196 3042 515 3139 ἓὼνᾼδρος,
547 3049 637 3102 ὁτὲ
665 3049 723 3105 δὲ
751 3052 878 3105 ναὸν
906 3056 999 3108 καὶ
1026 3061 1232 3131 σκηνὴν
1263 3060 1399 3116 Θεοῦ
1429 3064 1784 3139 κεκλήκασιν.

1904 2326 1956 2399 ξ’
1979 2326 2112 2394 Quae
2139 2326 2392 2397 apparuit
2424 2325 2479 2380 in
2503 2326 2646 2380 coelo
2674 2327 2874 2380 amicta
2899 2325 3015 2380 sole
3044 2324 3243 2379 mulier
3263 2365 3277 2387 ,
3320 2332 3375 2379 et
3397 2340 3488 2381 co-

1907 2432 2098 2472 ronam
2143 2416 2355 2473 habens
2403 2417 2688 2474 stellarum
2721 2417 3010 2473 duodecim
3033 2456 3047 2481 ,
3082 2415 3172 2473 cui
3206 2417 3273 2470 ad
3322 2417 3488 2487 pedes

1907 2509 2036 2564 luna
2067 2508 2338 2573 subsidet,
2363 2523 2486 2580 quae
2524 2509 2761 2579 parturit
2786 2517 2841 2564 et
2863 2508 3146 2564 cruciatur
3183 2513 3245 2563 ut
3275 2507 3484 2577 pariat,

1904 2602 2023 2674 ipsa
2053 2603 2272 2674 proprie
2293 2608 2401 2667 est,
2435 2609 2628 2658 exacta
2667 2602 2784 2658 veri
2823 2601 3041 2657 ratione
3080 2614 3144 2656 ac
3178 2598 3488 2672 intelligen-

1901 2695 2002 2762 tia,
2035 2708 2069 2750 ο
2096 2695 2358 2766 virgines,
2401 2703 2581 2751 mater
2610 2703 2801 2752 nostra
2822 2736 2837 2761 ,
2878 2708 3077 2765 nempe
3102 2693 3281 2749 virtus
3336 2707 3488 2764 quae-

1900 2785 2028 2842 dam
2051 2788 2107 2843 in
2132 2804 2193 2845 se
2221 2787 2342 2860 ipsa
2375 2802 2442 2844 ac
2468 2803 2600 2845 vere
2626 2787 2902 2844 exsistens
2935 2801 2966 2841 a
3006 2785 3134 2843 ﬁliis
3171 2786 3437 2842 distincta
3467 2807 3484 2842 :

1896 2894 2063 2951 quam
2095 2882 2390 2952 prophetae,
2410 2895 2510 2952 pro
2532 2887 2833 2952 conspectu
2856 2893 2922 2935 ac
2950 2884 3273 2951 argumento
3292 2893 3485 2937 eorum

1897 2987 2019 3042 quas
2040 2972 2318 3039 feruntur,
2344 2971 2676 3044 quandoque
2691 2971 2912 3043 quidem
2932 2968 3271 3025 Hierusalem
3296 2969 3484 3041 appel-

1894 3064 2032 3131 lant,
2054 3063 2335 3121 interdum
2363 3079 2495 3120 vero
2520 3062 2812 3134 Sponsam,
2837 3061 3133 3132 aliquando
3163 3059 3295 3114 Sion
3324 3075 3482 3115 mon-

207 3134 277 3230 ᾚ
299 3136 412 3210 γὰρ
434 3143 852 3230 παρῳρμημένη
876 3144 1206 3213 φωτίζεσθαι
1227 3150 1455 3225 δύναμις
1474 3155 1534 3209 ὲν
1660 3174 1786 3230 προ-

1891 3166 2034 3224 tem,
2074 3171 2473 3227 nonnunquam
2515 3155 2779 3226 templum
2812 3162 2867 3210 et
2899 3153 3318 3209 tabernaculum
3357 3151 3474 3207 Dei.

192 3226 366 3299 φήτῃ,
411 3229 699 3295 Φωτίζου,
739 3236 1075 3306 κεκραγότος
1116 3241 1252 3314 αὐτῇ
1296 3243 1389 3297 τοῦ
1438 3226 1785 3319 Πνεύματος,

204 3319 629 3393 Ἰερουσαλήμσ
669 3324 801 3393 ἣκει
840 3327 950 3397 γάρ
984 3347 1102 3386 σου
1139 3332 1205 3387 τὸ
1241 3334 1390 3404 φῶς,
1425 3338 1522 3392 καί
1561 3341 1601 3409 ἡ
1635 3340 1789 3406 δόξα

189 3414 420 3482 Κυρίου
446 3415 549 3468 ἐπὶ
585 3417 663 3471 σὲ
697 3420 1130 3479 ἀνατέταλκεν.
1175 3426 1331 3482 Ἰδοὺ
1371 3433 1636 3502 καλύψει
1673 3434 1784 3507 (l6)

188 3507 423 3595 σκότος
456 3508 560 3564 καὶ
593 3511 820 3581 γνόφος
856 3513 1002 3584 τῆν’
1042 3519 1302 3588 καλύψει
1333 3522 1427 3575 ἐπ’
1466 3523 1612 3595 ἔθνη
1632 3543 1646 3557 ·
1685 3527 1785 3582 ἐπὶ

186 3594 259 3648 δὲ
290 3596 371 3651 σὲ
408 3599 747 3669 φανήσεται
773 3607 1008 3674 Κύριος,
1042 3609 1141 3663 καὶ
1169 3613 1209 3681 ἡ
1245 3612 1397 3678 δόξα
1431 3594 1654 3685 Κυρίου
1682 3619 1784 3674 ἐπὶ

181 3685 264 3739 σὲ
293 3690 649 3759 ὀφθήσεται.
679 3695 790 3749 Καὶ
810 3699 1212 3766 πορεύσονται
1230 3703 1514 3773 ,ϐασιλεῖς
1537 3706 1618 3774 τῷ
1637 3712 1784 3779 πυρί

185 3797 328 3846 σου,
371 3783 471 3836 καί
512 3782 658 3853 ἔθνη
691 3784 770 3856 τῇ
808 3791 1185 3861 λαμπρότητι
1226 3809 1367 3851 σου.
1412 3797 1782 3870 Ἀνάϐλεψον

182 3875 396 3943 κύκλῳ
434 3875 563 3944 τοῖς
608 3878 939 3951 ὀφθαλμοῖς
980 3900 1120 3951 σου,
1162 3886 1262 3940 καί
1300 3888 1391 3943 ἴδε
1428 3893 1781 3964 συνηγμένα

179 3967 256 4022 τὰ
277 3966 467 4022 τέκνα
500 3983 639 4025 σου.
671 3972 894 4028 Ἦκασι
919 3974 1144 4045 πάντες
1173 3982 1227 4035 οἱ
1262 3983 1384 4038 υἱοί
1410 3999 1528 4039 σου
1557 3990 1779 4057 μακρό-

175 4062 308 4123 θεν,
347 4060 450 4113 καί
489 4062 551 4114 al
595 4064 916 4134 θυγατέρες
959 4082 1078 4123 σου
1117 4070 1211 4123 ἐπ’
1252 4070 1428 4144 ὤμων
1472 4076 1773 4146 ἀρθήσον-

178 4165 307 4243 tati
338 4149 490 4243 ἐστιν
523 4154 557 4224 ή
600 4154 916 4228 Ἐκκλησία,
947 4152 1017 4231 ἦς
1049 4159 1119 4214 τὰ
1149 4161 1317 4217 τέκνα
1349 4169 1613 4222 πασσυδεὶ
1653 4171 1775 4243 ἥξει

178 4241 324 4313 μετὰ
370 4242 475 4315 τὴν
517 4244 837 4315 ἀνάστασιν,
881 4248 1150 4306 πάντοθεν
1196 4255 1334 4326 πρὸς
1385 4259 1560 4332 αὐτὴν
1606 4241 1774 4318 κατα-

172 4334 403 4429 θέοντα,
440 4339 579 4410 αὐτῇ
603 4356 614 4368 ·
664 4339 926 4417 δεχομένη
972 4361 1035 4398 τε
1084 4346 1148 4401 τδ
1196 4348 1314 4421 φῶς
1354 4352 1416 4405 τὺ
1446 4353 1769 4429 ἀνέσπερον,

171 4427 276 4497 τὴν
300 4428 671 4502 λαμπρότητα
708 4433 899 4507 στολῆς
933 4437 1170 4509 σχήματι
1204 4427 1768 4519 πριόεϐλημένηήτοῦ

1890 3248 2027 3303 Nam
2067 3265 2190 3320 quae
2226 3249 2405 3305 virtus
2445 3247 2630 3304 studet
2669 3248 2932 3318 cupitque
2970 3245 3273 3301 illuminari
3329 3245 3477 3315 apud

1890 3340 2236 3411 prophetam,
2268 3342 2544 3396 clamante
2572 3340 2641 3395 ad
2665 3354 2785 3394 eam
2820 3337 3029 3411 Spiritu
3048 3339 3117 3402 “,
3135 3337 3473 3403 Illuminare,

1886 3431 2215 3496 illuminare,
2257 3430 2619 3499 Hierusalem,
2649 3431 2775 3501 quia
2805 3430 2943 3484 venit
2983 3428 3160 3484 lumen
3194 3438 3340 3482 tuum
3363 3469 3378 3493 ,
3423 3438 3477 3484 et

1884 3524 2058 3595 gloria
2086 3522 2301 3578 Domini
2325 3539 2479 3592 super
2501 3532 2548 3577 te
2575 3532 2694 3576 orta
2715 3531 2814 3578 est.
2842 3520 2977 3576 Ecce
2998 3522 3223 3576 tenebrae
3239 3522 3474 3591 operient

1885 3625 2083 3669 terram
2108 3654 2122 3679 ,
2153 3622 2205 3669 et
2235 3615 2408 3685 caligo
2444 3614 2664 3684 populos
2693 3629 2713 3668 :
2756 3628 2916 3684 super
2962 3622 3011 3668 te
3049 3622 3229 3667 autem
3274 3614 3474 3668 orietur

1884 3704 2144 3761 Dominus
2168 3746 2183 3773 ,
2217 3717 2266 3761 et
2297 3706 2469 3777 gloria
2495 3707 2610 3776 ejus
2652 3707 2708 3760 in
2742 3714 2790 3761 te
2816 3705 3093 3761 videbitur.
3128 3704 3199 3763 Et
3227 3704 3473 3760 ambula-

1882 3798 2009 3853 bunt
2036 3815 2180 3869 reges
2210 3799 2265 3853 in
2296 3799 2493 3854 lumine
2528 3808 2641 3865 tuo,
2673 3809 2723 3856 et
2740 3810 2918 3872 gentes
2944 3800 3002 3855 in
3023 3799 3299 3869 splendore
3320 3810 3470 3856 ortus

1881 3892 1978 3944 tui.
2029 3890 2169 3947 Leva
2200 3892 2255 3945 in
2303 3892 2533 3946 circuitu
2573 3893 2754 3948 oculos
2784 3902 2936 3960 tuos,
2978 3902 3031 3948 et
3065 3893 3181 3949 vide
3222 3909 3241 3948 :
3288 3911 3469 3951 omnes

1878 3980 1970 4035 isti
1998 3985 2304 4054 congregati
2332 3992 2491 4049 sunt;
2523 3994 2771 4039 venerunt
2797 3984 2912 4040 tibi.
2952 3982 3089 4038 Filii
3120 3984 3200 4039 tui
3220 3984 3284 4040 de
3315 3985 3471 4055 longe

1876 4076 2081 4129 venient
2101 4115 2116 4140 ,
2146 4085 2196 4130 et
2213 4077 2341 4146 ﬁlia:
2368 4086 2473 4132 tuae
2493 4087 2658 4146 'super
2683 4077 2930 4131 humeros
2961 4076 3348 4142 sustollentur;
3380 4083 3466 4133 est

1876 4163 2146 4233 Ecclesia,
2183 4168 2343 4239 cujus
2378 4168 2472 4223 lilii
2515 4184 2714 4239 magno
2749 4168 2993 4239 undique
3033 4184 3308 4226 concursu
3341 4176 3465 4240 post

1875 4261 2339 4318 resurrectionem
2377 4261 2682 4327 venientes,
2708 4262 2764 4316 in
2793 4262 2915 4333 ejus
2940 4261 3220 4319 conﬂuent
3253 4263 3459 4320 sinum.

1874 4349 2003 4407 Haec
2028 4353 2310 4418 nimirum,
2344 4362 2630 4424 suscepto,
2662 4354 2811 4425 quod
2854 4354 3067 4409 nullum
3108 4354 3263 4409 novit
3299 4369 3462 4409 occa-

1876 4459 2021 4510 sum,
2063 4446 2290 4511 lumine,
2333 4447 2483 4502 velut
2520 4447 2685 4511 stola,
2730 4444 2897 4501 Verbi
2939 4448 3230 4518 splendore
3269 4448 3460 4501 induta

170 4518 350 4620 έόγου
389 4520 599 4620 ἥδεται.
632 4523 779 4620 ῌοίιρ
946 4529 1092 4603 ἄλλῳ
1122 4534 1543 4620 τιμαλφεστέρῳ
1575 4518 1766 4613 κόσμῳ

1891 4544 2107 4592 actatur.
2164 4537 2285 4604 Quo
2340 4540 2486 4593 enim
2547 4538 2656 4593 alio
2695 4539 3013 4610 pretiosiori
3066 4540 3461 4611 speciosiorive
3539 4611 3548 4620 _

164 4606 204 4679 ἢ
244 4609 567 4681 τιμιωτέρῳ
609 4611 708 4685 τὴν
753 4613 1073 4683 βασίλισσαν
1127 4619 1335 4693 ἔπρεπε
1387 4606 1760 4697 κοσμηθεῖσαν

166 4699 683 4773 νυμφαγωγηθῆναι
712 4702 791 4775 τῷ
813 4705 1026 4780 Κυρίῳ,
1055 4710 1171 4780 φῶς
1200 4713 1276 4777 ὡς
1312 4714 1529 4785 ἱμάτιον
1564 4715 1761 4772 λαϐοῦ-

164 4803 303 4881 σανς
346 4787 430 4843 διὸ
473 4792 567 4845 καὶ
618 4794 789 4869 αὐτὴν
823 4797 931 4852 ὑπὸ
973 4801 1068 4856 τοῦ
1112 4803 1328 4877 Πατρὺς
1360 4807 1756 4881 ἀνακληθῆναι.

167 4880 279 4974 Ἵθε
312 4880 449 4954 γὰρ,
500 4884 771 4942 ἀναϐᾶσαι
807 4888 889 4962 τῷ
933 4892 1079 4966 λόγῳ
1099 4937 1111 4961 ,
1149 4894 1416 4951 θεάσασθε
1448 4880 1639 4974 ὥσπερ
1659 4900 1761 4966 τὰς

162 4973 303 5044 πρὸς
354 4976 535 5047 γάμον
570 4977 907 5051 παρθένους,
941 4989 1175 5053 γυναῖκα
1210 4988 1487 5060 μεγάλην,
1517 4990 1729 5064 καθαρὸ

161 5069 259 5120 καὶ
300 5067 575 5140 ἄχραντον
616 5072 737 5127 ὅλον
782 5077 878 5129 καὶ
923 5078 1152 5150 μόνιμον
1199 5081 1424 5146 κάλλος,
1475 5086 1569 5137 καὶ
1602 5084 1754 5139 οὐδὲν

158 5158 561 5232 ἐλαττούμενον
582 5165 683 5237 τῆς
708 5165 1093 5241 λαμπρότητος
1120 5173 1230 5226 τῶν
1259 5173 1474 5244 φώτων,
1503 5176 1751 5231 ἀποστίλ-

158 5251 395 5345 ϐουσαν·
443 5257 538 5310 καὶ
566 5258 690 5313 ἀντὶ
731 5260 832 5332 μὲν
880 5263 1098 5335 στολῆς,
1129 5268 1259 5321 αὐτὸ
1290 5269 1407 5341 φῶς
1439 5273 1751 5345 ἠμφιεσμέ-

158 5360 259 5416 νην
277 5362 294 5376 ο
320 5344 449 5401 ἀντὶ
470 5346 529 5401 δὲ
560 5347 725 5405 λίθων
751 5353 972 5426 τιμίων,
1003 5357 1237 5430 ἀστράσι
1272 5362 1516 5436 φαιδροῖς
1540 5366 1640 5439 τὴν
1662 5344 1753 5421 κε-

225 5501 278 5537 ⁸⁹
316 5501 486 5561 Joan.
520 5523 573 5576 ν,
602 5505 691 5564 59.
769 5511 817 5544 "
857 5511 972 5567 Isa.
1006 5528 1096 5580 ιτ,
1131 5517 1242 5574 1-4.

1863 4638 2062 4685 ornatu
2093 4637 2368 4702 comptam
2407 4632 2637 4688 decebat
2661 4647 2920 4702 sponsam
2956 4632 3192 4689 Domino
3218 4633 3454 4697 adduci,

1863 4722 2050 4777 lumen
2081 4723 2224 4778 sicut
2248 4725 2640 4780 vestimentum
2681 4734 2903 4780 nactam
2927 4765 2943 4793 ,
2981 4726 3143 4797 cujus
3172 4733 3228 4783 et
3266 4727 3450 4782 cultus

1863 4816 2039 4888 gratia
2062 4815 2129 4870 ad
2160 4813 2283 4871 Filii
2314 4817 2540 4888 nuptias
2569 4833 2598 4871 a
2630 4815 2795 4874 Patre
2818 4818 3142 4878 vocaretur?
3161 4816 3260 4874 Eia
3283 4820 3450 4891 agite,

1862 4912 2076 4963 ratione
2113 4908 2314 4965 comite
2344 4909 2730 4975 ascendentes,
2767 4909 2914 4966 haud
2952 4926 3115 4968 secus
3146 4927 3210 4967 ac
3256 4915 3452 4983 nuptui

1859 4999 2154 5057 tradendas
2192 5001 2432 5072 virgines
2472 5008 2637 5072 atque
2690 5002 2963 5059 thalamos
3020 5012 3405 5074 exspectantes
3430 5046 3447 5071 ,

1862 5095 2143 5151 mulierem
2190 5112 2442 5168 magnam
2474 5096 2813 5167 conspicite,
2866 5112 3063 5166 puram
3110 5098 3355 5169 undique
3392 5107 3451 5155 et

1862 5186 2126 5242 illibatam
2168 5189 2564 5260 stabilemque,
2607 5204 2711 5246 nec
2748 5178 3051 5261 quidquam
3092 5192 3233 5248 lucis
3276 5193 3449 5248 radiis

1860 5275 2127 5350 imparem
2166 5280 2470 5336 vibrantem
2513 5281 2979 5352 pulchritudinem
3016 5302 3029 5338 :
3066 5291 3122 5339 et
3162 5300 3263 5355 pro
3304 5285 3445 5341 stola

1858 5369 2115 5440 quidem,
2156 5369 2277 5445 ipsa
2315 5370 2440 5427 luce
2477 5372 2770 5441 vestitam;
2809 5388 2912 5445 pro
2948 5372 3226 5446 lapidibus
3261 5385 3445 5432 autem

228 5659 347 5747 (l5)
381 5662 705 5747 Τρέξρῳσιν.
733 5663 826 5747 S_ic
856 5668 1018 5747 ambo
1050 5669 1409 5747 inanuscripti
1441 5684 1493 5729 et
1516 5676 1735 5747 optimae

1892 5696 2049 5735 UPML

157 5746 391 5811 qumque
421 5736 1095 5811 editionesuApocalypsis
1138 5757 1237 5801 ιιι.
1272 5736 1352 5809 6;“
1374 5746 1518 5801 unde
1554 5736 1736 5803 corri-

1915 5752 2026 5829 (16)
2080 5755 2221 5829 Ἰδοὺ
2261 5762 2396 5814 καλ.
2430 5756 2570 5815 Sixt.
2603 5770 2655 5817 et
2684 5764 2860 5827 Aleum,
2901 5765 3031 5819 Ἰδοὺ
3059 5764 3247 5829 σκότος
3275 5764 3442 5821 καλύ-

152 5803 349 5873 genda
403 5805 662 5864 videntur
693 5803 803 5864 illze'
835 5803 964 5880 quae
985 5803 1191 5882 'lcgunt
1229 5803 1585 5886 ἐκτρέφωσιν.
1634 5818 1732 5874 Εο.

2089 5803 2574 5901 1.".'{,;;3;a,-"£;;~
2604 5803 2956 5906 ne.“
