3866 6160
387 306 495 365 m
1389 308 1460 375 .s.
1502 282 1831 364 neruos"
1870 305 1948 363 ΕΡ

2058 307 2178 365 10Ρί
2216 307 2305 363 ΕΤ
2346 304 2706 363 MARTYRIS
3537 303 3645 360 “8

387 422 667 497 pretiosis,
700 421 1116 495 splendentibus
1145 421 1318 479 stellis
1348 421 1559 478 circum
1590 430 1755 493 caput
1794 437 1948 477 orna-

2069 422 2243 495 φαλὴν
2293 423 2732 494 κεκοσμημένην.
2798 421 2863 473 Ὃ
2913 419 3019 491 γάρ
3067 418 3200 491 ἡμῖν
3249 410 3449 492 ἐσθὴς,⁹
3482 420 3644 476 τοῦτο

388 526 524 571 tam.
584 514 743 581 Quod
770 515 916 571 enim
958 516 1117 571 nobis
1181 514 1386 580 vestis,
1428 515 1535 569 hoc
1594 515 1676 570 illi
1724 516 1850 585 lux;
1909 526 1948 572 el

2068 516 2253 587 ἐκείνῃ
2292 514 2439 584 φῶς·
2480 514 2510 567 ὃ
2553 515 2611 567 δὲ
2649 516 2781 585 ἡμῖν
2827 512 3026 585 χρυσὸς
3073 513 3106 584 ἢ
3160 513 3440 583 διαφανεῖς
3481 512 3640 580 λίθοι,

386 607 534 678 quod
557 606 718 664 nobis
747 622 945 662 aurum
968 614 1063 662 aut
1091 605 1350 677 pellucidi
1381 605 1575 676 lapilli,
1607 606 1712 662 hoc
1731 607 1811 661 illi
1840 608 1948 663 stel

2066 605 2225 659 τοῦτο
2253 606 2434 676 ἐκείνῃ
2474 605 2543 658 τὰ
2580 606 2786 676 ἄστρα⁶
2822 604 2999 676 ἄστρα
3030 605 3108 670 δὲ,
3139 604 3237 675 οὐχ
3277 606 3439 658 ὁποῖα
3467 604 3644 658 ταῦτα

386 696 470 752 ιω.
499 695 682 751 Stella:
706 712 836 751 vero
866 712 978 752 non
1001 697 1254 767 vulgares
1284 695 1391 750 illa:
1416 710 1538 766 quae
1563 696 1619 750 in
1642 698 1948 768 aspectabili

2065 699 2133 753 τά
2164 702 2222 753 ὲν
2258 698 2336 770 τῷ
2371 698 2552 770 ὁρατῷ
2586 700 2814 770 κείμενα
2864 697 3035 769 τόπῳ,
3083 698 3220 752 ἀλλά
3254 715 3376 751 τινα
3407 698 3646 768 κρείττω

384 790 506 846 sitae
533 796 660 845 sunt
692 790 834 855 loco,
873 788 965 843 sed
1002 788 1121 842 alia
1151 787 1400 859 quaedam
1452 788 1695 859 potiores
1727 788 1948 843 lucidio-

2068 793 2163 846 καὶ
2189 792 2596 864 εὐφεγγέστερα
2614 811 2627 820 -
2659 791 2801 845 ὥστε
2828 791 3043 855 εἰκόνας
3071 792 3293 847 ἐκείνων
3322 790 3522 863 μᾶλλον
3555 806 3646 844 νο-

385 897 617 954 resque,
650 883 786 937 adeo
819 891 877 934 ut
914 881 996 935 ba:
1030 894 1167 951 quas
1204 880 1503 945 cernimus,
1527 879 1664 933 nihil
1694 879 1801 934 nisi
1840 879 1948 933 illa-

2073 882 2326 953 μίξεσθαι
2360 883 2534 938 ταῦτα
2560 885 2655 938 καὶ
2685 884 3094 956 ἀπεικάσματα.

384 987 509 1028 rum
550 972 708 1043 pictae
746 971 1010 1042 imagines
1050 985 1113 1025 ac
1156 968 1475 1041 imperfecta
1516 970 1812 1026 simulacra
1840 986 1963 1027 esse
2118 974 2121 977 ’

383 1063 694 1119 videantur.

377 1181 515 1238 CAP.
561 1179 653 1237 Vl.
696 1180 949 1236 Ecclesia:
980 1197 1163 1251 opera,
1204 1182 1443 1252 ﬁliorum
1488 1183 1544 1236 in
1594 1181 1853 1252 baptismo
1909 1182 2237 1267 parturitio.‘
2277 1179 2431 1235 Luna
2472 1182 2528 1235 in
2571 1183 2830 1251 baptismo
2857 1196 2875 1233 :
2913 1179 3258 1249 plenilunium
3284 1177 3485 1233 Christi
3515 1195 3646 1249 pas-

1935 1271 2123 1310 διοηιδ.

451 1342 571 1398 1am
593 1344 737 1400 lunae
750 1345 948 1400 mulier
974 1346 1231 1403 insistere
1257 1348 1478 1404 dicitur.
1501 1348 1669 1404 Luna:
1688 1350 1948 1421 symbolo,

2134 1348 2433 1420 Βεϐηκέναι
2453 1364 2513 1400 τε
2543 1347 2637 1400 ἐπὶ
2672 1348 2922 1420 σελήνην,
2963 1347 3039 1411 ὼς
3073 1344 3337 1418 ήγοῦμαι,
3363 1344 3647 1416 τροπικῶς

382 1437 627 1503 illorum,
659 1438 716 1492 ni
741 1437 920 1503 fallor,
954 1438 1239 1510 designata
1274 1439 1397 1508 ﬁde,
1426 1441 1521 1511 qui
1559 1456 1657 1511 per
1679 1441 1948 1496 lavacrum

2059 1442 2159 1512 τὴν
2201 1441 2385 1494 πίστιν
2431 1439 2539 1493 τῶν
2588 1437 3110 1510 ἀποκαθαιρομένων
3156 1436 3254 1508 τὴν
3297 1436 3503 1508 φθορὰν
3563 1434 3648 1506 τῷ

382 1544 415 1584 a
445 1528 797 1601 corruptione
824 1528 1198 1585 mundantur:
1236 1540 1522 1602 propterea
1550 1531 1697 1603 quod
1717 1532 1840 1602 ejus
1864 1533 1948 1587 lu-

2060 1533 2270 1607 λουτρῷ
2311 1534 2509 1602 λέγων,
2553 1531 2642 1586 διὰ
2681 1532 2743 1585 τὸ
2795 1530 3177 1603 προσεοικέναι
3222 1529 3284 1581 τὸ
3324 1528 3440 1598 φῶς
3471 1527 3648 1598 αὐτῆς

380 1636 507 1678 men
548 1636 703 1692 aquae
739 1620 935 1691 tepida:
972 1637 1143 1693 prope
1201 1623 1360 1679 aliine
1394 1624 1664 1691 videatur,
1704 1625 1948 1696 quodque

2065 1625 2267 1698 μᾶλλον
2300 1624 2452 1678 ὕδατι
2481 1622 2713 1696 χλιαρῷ,
2744 1623 2840 1675 καὶ
2871 1623 3050 1675 πᾶσαν
3079 1621 3138 1688 ἐξ
3170 1621 3341 1692 αὐτῆς
3372 1620 3645 1691 ἠρτῆσθαι

381 1726 448 1766 ex
483 1713 613 1767 luna
652 1712 879 1767 humida
917 1713 1097 1768 omnis
1139 1713 1450 1769 substantia
1488 1712 1739 1783 pendeat.
1783 1712 1948 1784 Super

2060 1715 2160 1785 τὴν
2196 1713 2370 1786 ὑγρὰν
2397 1711 2606 1767 οὐσίαν.
2661 1712 2993 1782 Ἐφέστηκεν
3030 1707 3123 1764 οὖν
3155 1711 3249 1764 ἐπὶ
3277 1711 3377 1780 τῆς
3406 1710 3647 1776 πίστεως

379 1804 568 1859 lunam
596 1804 781 1876 itaque
800 1811 1113 1875 sortemque
1137 1810 1379 1860 nostram
1409 1819 1473 1859 ac
1505 1805 1829 1861 electionem
1852 1815 1948 1861 stal

2066 1776 2161 1859 καὶ
2199 1776 2554 1876 προσλήψεως
2594 1776 2751 1873 ήμῶν
2792 1776 2903 1872 (li)
2925 1806 2961 1872 ἡ
3013 1776 3499 1872 Ἐκκλησίαίκατὰ
3542 1800 3646 1873 τὴν

379 1893 649 1962 Ecclesia,
686 1911 787 1967 pro
812 1897 958 1952 lunae
986 1898 1145 1968 quasi
1167 1904 1486 1969 conspectu,
1519 1898 1739 1954 interim
1771 1907 1960 1970 partu-

377 1988 532 2043 riens
561 1989 744 2059 quoad
783 1989 1074 2045 intraverit
1102 1990 1384 2061 plenitudo
1421 1992 1702 2063 gentium,
1743 2007 1809 2047 ac
1847 1993 1961 2049 ani-

377 2079 550 2135 males
591 2080 649 2135 in
677 2080 958 2151 spiritales
989 2098 1357 2154 regenerans;
1388 2098 1501 2156 quo
1539 2084 1661 2156 ipso
1693 2096 1749 2142 et
1784 2096 1960 2143 mater

378 2181 484 2228 est.
520 2171 589 2229 Ut
616 2175 761 2230 enim
793 2176 1010 2243 mulier,
1047 2176 1269 2232 informi
1292 2176 1394 2231 viri
1421 2185 1680 2249 suscepto
1709 2179 1955 2245 semine,

346 2267 531 2316 certo
585 2264 857 2319 mensium
891 2265 1024 2321 orbe
1064 2268 1337 2338 integrum
1390 2266 1669 2325 hominem
1721 2271 1959 2341 concipit

374 2360 648 2425 partuque
675 2343 936 2423 eﬂ‘tindit,
974 2357 1229 2415 similiter
1257 2367 1314 2414 et
1342 2360 1470 2431 quis
1512 2360 1714 2417 dixerit
1739 2377 1835 2418 eos
1862 2363 1957 2434 qui

374 2446 446 2501 ad
486 2446 726 2521 Verbum
776 2449 1128 2522 confugiant,
1178 2451 1440 2510 Ecclesiae
1499 2462 1658 2511 utero
1696 2448 1959 2512 continue

373 2541 771 2612 concipiendos
808 2554 865 2599 et
893 2544 962 2601 ad
999 2544 1209 2603 Christi
1248 2548 1668 2606 similitudinem
1699 2549 1958 2606 formam-

371 2646 483 2701 que
507 2631 843 2703 ellingendos
874 2635 1043 2691 certis
1095 2644 1402 2709 temporum
1434 2640 1711 2711 periodis,
1767 2641 1956 2698 beato-

371 2738 498 2780 rum
525 2724 743 2780 illorum
767 2728 1093 2782 saeculorum
1113 2728 1264 2787 cives
1278 2732 1551 2801 praestari.
1577 2730 1759 2800 Quare
1777 2743 1957 2790 astare

372 2816 523 2871 illam
552 2818 771 2874 lavacro
809 2833 1037 2876 necesse
1067 2831 1188 2886 est,
1218 2837 1316 2880 eos
1344 2832 1696 2895 gener-antem
1726 2826 1822 2897 qui
1860 2826 1956 2883 illo

373 2908 742 2980 intinguntur.
809 2908 926 2966 Hoc
961 2911 1107 2967 enim
1146 2913 1313 2969 modo
1349 2922 1405 2970 et
1437 2916 1634 2990 σελήνη
1677 2917 1698 2988 (
1730 2918 1835 2974 hoc
1872 2925 1958 2974 est

373 3000 527 3071 luna)
558 3009 788 3059 vocatur
815 3018 881 3060 ea
910 3019 1074 3075 quam
1098 3005 1247 3063 circa
1270 3006 1549 3063 lavacrum
1588 3009 1800 3066 obtinet
1834 3011 1952 3079 vis,

371 3093 633 3164 quoniam
663 3093 781 3150 νέον
806 3095 970 3161 σέλας
993 3096 1205 3170 (novum
1224 3098 1436 3155 scilicet
1455 3099 1645 3174 jubar)
1679 3101 1951 3169 renovati,

371 3187 467 3256 qui
497 3195 889 3258 regenerantur
922 3190 1050 3261 (hoc
1078 3198 1185 3257 est,
1214 3208 1403 3247 novam
1439 3192 1637 3267 lucem)
1665 3204 1946 3265 spargunt.

372 3275 531 3334 Unde
563 3287 619 3332 et
643 3277 993 3347 νεοφὼτιστοι
1024 3279 1226 3350 (recens
1259 3281 1470 3337 scilicet
1497 3282 1816 3357 illuminati)
1854 3299 1954 3355 per

367 3371 663 3440 quamdam
726 3372 1273 3428 circumlocutionem
1339 3383 1607 3429 vocantur
1655 3394 1670 3430 :
1712 3391 1820 3446 qua
1870 3376 1955 3431 ni-

366 3462 572 3518 mirum
618 3462 866 3534 spiritale
891 3463 1003 3520 illis
1034 3464 1397 3534 plenilunium
1455 3465 1759 3522 secundum
1818 3482 1954 3540 pas-

373 3554 551 3611 sionis
590 3555 878 3625 periodum
917 3569 983 3611 ac
1022 3549 1459 3613 recordationem
1499 3572 1716 3629 semper
1750 3573 1954 3613 novum

364 3646 588 3702 exhibet
605 3686 622 3713 ,
653 3647 835 3719 quoad
863 3655 918 3704 et
944 3647 1250 3719 perfectum
1278 3649 1463 3706 lumen
1502 3664 1715 3722 magna:
1734 3650 1844 3707 diei
1873 3650 1951 3705 illi

365 3738 604 3795 oriatur.

2064 1898 2165 1968 τῆς
2203 1897 2432 1968 σελήνης
2465 1895 2707 1965 σύνοψιν,
2753 1894 3021 1964 μέχριπερ
3050 1892 3116 1947 ἂν
3159 1893 3376 1967 εἰσέλθῃ
3409 1894 3471 1946 τὸ
3511 1892 3648 1966 πλή-

2068 2006 2228 2061 ρωμα
2272 1988 2380 2042 τῶν
2427 1986 2627 2053 ἐθνῶν,
2672 1987 2937 2041 ὠδίνουσα
2973 1987 3068 2040 καὶ
3120 1985 3469 2055 ἀναγεννῶσα
3513 1987 3647 2052 τοὺς

2063 2080 2326 2152 ψυχικοὺς
2353 2082 2435 2144 εἰς
2460 2077 2863 2150 πνευματικούς
2882 2095 2896 2108 ⁸
2930 2076 3051 2131 καθ’
3075 2076 3133 2130 ὃν
3152 2077 3310 2146 λόγον
3331 2077 3426 2130 καὶ
3458 2078 3645 2150 μήτηρ

2064 2172 2232 2226 ἐστίν.
2266 2172 2477 2243 Ὥσπερ
2505 2170 2615 2243 γὰρ
2650 2169 2870 2247 σπορὰν
2911 2170 3103 2242 ἀνδρὸς
3141 2171 3466 2242 ἅμόρφωτον
3504 2172 3642 2224 ὑπο-

2062 2263 2330 2336 δεξαμένη
2366 2264 2526 2337 γυνὴ,
2567 2264 2836 2337 περιόδοις
2874 2263 3078 2336 χρόνων
3107 2262 3391 2334 ἄνθρωπον
3416 2260 3646 2333 ὁλόκλητ

2067 2374 2158 2428 ρον
2191 2355 2422 2410 ἀποκύει
2443 2373 2456 2387 ·
2488 2355 2663 2430 ταύτῃ
2699 2355 2766 2428 δὴ
2798 2357 2892 2409 καὶ
2922 2355 3048 2419 τοὺς
3091 2354 3535 2427 προσφεύγοντας
3562 2354 3646 2427 τῷ

2062 2449 2241 2520 Λόγῳ,
2269 2450 2492 2521 φήσειεν
2531 2448 2598 2503 ἄν
2621 2466 2727 2513 τις,
2763 2447 3129 2526 συλλαϐοῦσαν
3162 2448 3249 2503 ἀεὶ
3277 2448 3376 2520 τὴν
3414 2448 3646 2519 Ἐκκλη-

2064 2540 2207 2606 σίαν,
2241 2543 2337 2595 καὶ
2363 2542 2464 2612 τὴν
2505 2541 2627 2596 καθ’
2666 2540 2924 2613 ὁμοίωσιν
2960 2540 3105 2595 ἰδέαν
3139 2541 3338 2618 αρτοὺς
3380 2542 3475 2595 καὶ
3507 2540 3648 2614 μόρ-

2063 2651 2235 2703 φωσιν
2266 2633 2578 2707 μορφοῦσαν
2607 2632 2708 2712 τοῦ.
2731 2634 2989 2705 Χριστοῦ,
3018 2632 3288 2705 περιόδοις
3313 2633 3521 2705 χρόνων
3543 2650 3647 2686 πο-

2061 2723 2212 2788 λίτας
2253 2725 2536 2798 μακαρίων
2568 2724 2792 2778 ἐκείνων
2834 2722 3046 2778 αἰώνων
3078 2724 3429 2796 ἐργάζεσθαι.
3477 2722 3652 2781 Ὅθεν

2061 2817 2123 2883 ἐξ
2163 2818 2409 2891 ἀνάγκης
2444 2816 2611 2888 αὐτὴν
2653 2815 2947 2886 ἐφεστάναι
2981 2817 3064 2871 δεῖ
3106 2817 3185 2888 τῷ
3236 2817 3464 2890 λουτρῷ,
3513 2819 3647 2885 τοὺς

2061 2908 2387 2980 λουομένους
2437 2908 2732 2977 γεννῶσαν.
2771 2909 2958 2980 Τούτῳ
2990 2907 3099 2980 γὰρ
3142 2909 3340 2981 σελήνη
3380 2910 3644 2981 κέκληται

2061 2999 2141 3071 τῷ
2168 2999 2356 3070 τρόπῳ
2386 3001 2419 3072 ή
2447 2999 2576 3071 περί
2604 2999 2664 3052 τὸ
2686 2999 2908 3071 λουτρὸν
2938 3000 3110 3069 αὐτῆς
3137 3001 3415 3072 ἐνέργειαο
3450 3003 3647 3075 ἐπειδὴ

2063 3090 2183 3146 νέον
2211 3091 2369 3155 σέλας
2393 3092 2815 3157 ἀνανεασθέντες
2847 3094 2897 3147 οἱ
2924 3092 3358 3164 ἀναγεννώμενοι
3392 3094 3646 3166 λάμπου-

2059 3199 2165 3249 σιν,
2204 3182 2233 3236 ὃ
2274 3184 2391 3237 ἐστι
2419 3184 2538 3238 νέον
2576 3183 2725 3253 φῶς·
2777 3189 2795 3208 ⁶
2839 3184 2963 3240 ὅθεν
3012 3186 3105 3240 καὶ
3141 3185 3491 3256 νεοφὼτιστοι
3538 3204 3647 3241 κα-

2056 3270 2297 3339 λοῦνται,
2332 3275 2803 3346 παραφραστικῶς
2831 3275 2928 3347 τὴν
2963 3278 3340 3349 πνευματικὴν
3371 3277 3647 3349 πανσέλη-

2059 3382 2149 3420 νον
2175 3367 2359 3431 αὐτοῖς
2387 3367 2486 3438 τὴν
2509 3366 2755 3438 περίοδον
2781 3367 2874 3421 τοῦ
2908 3368 3114 3433 πάθους
3143 3369 3238 3423 καὶ
3267 3368 3367 3440 τὴν
3397 3369 3649 3441 ἀνάμνη-

2061 3474 2166 3522 σιν,
2197 3457 2324 3512 νέαν
2360 3458 2449 3510 ἀεὶ
2473 3458 2946 3530 παραφαινούσης,
2979 3458 3089 3513 ἐστ’
3125 3459 3192 3513 ἂν
3217 3462 3250 3531 ή
3284 3459 3426 3532 αὐγὴ
3456 3460 3552 3515 καὶ
3579 3459 3650 3515 τὸ
3722 3474 3723 3477 ‘

2062 3549 2177 3620 φῶς
2208 3550 2271 3604 τὸ
2307 3549 2510 3605 τέλειον
2534 3551 2791 3627 ἀνατείλῃ
2820 3551 2919 3621 τῆς
2958 3551 3201 3623 μεγάλης
3228 3551 3460 3624 ἡμέρας.

756 3857 888 3912 CAP.
914 3856 1029 3913 Vll.
1057 3858 1303 3914 Mulieris
1323 3869 1510 3929 partus
1532 3861 1591 3915 in
1616 3860 1959 3934 Apocalypsi,
1993 3879 2099 3918 non
2147 3865 2259 3932 ipse
2284 3863 2505 3930 Christi,
2537 3862 2627 3916 sed
2655 3861 2892 3931 ﬁdelium
2919 3862 2973 3915 in
3000 3862 3239 3918 lavacro.

442 3969 538 4025 Sin
561 3987 692 4028 vero
720 3973 846 4044 quis
869 3973 1069 4045 (neque
1097 3977 1243 4031 enim
1279 3992 1442 4047 grave
1465 3978 1537 4033 sit
1566 3981 1743 4049 palam
1770 3980 1951 4036 denuo

367 4064 541 4137 loqui)
578 4080 723 4137 aegre
761 4066 945 4124 ferens
980 4069 1145 4125 dictis
1183 4071 1408 4138 objiciat
1451 4092 1463 4127 :
1503 4072 1636 4139 Quae
1672 4081 1758 4129 est
1796 4074 1947 4139 haec,

366 4173 641 4228 quamque
670 4159 738 4214 ad
772 4169 1012 4215 mentem
1049 4158 1349 4232 Scriptura:
1383 4163 1548 4231 hujus
1586 4165 1876 4235 expositio,
1917 4183 1952 4222 ο

364 4251 626 4325 virgines,
661 4267 788 4307 cum
818 4253 1009 4325 utique
1027 4255 1388 4327 Apocalypsis
1410 4258 1716 4312 masculum
1747 4259 1816 4313 ab
1848 4258 1954 4314 Ec-

362 4343 535 4400 clesia
565 4347 815 4415 generari
845 4346 1072 4402 deﬁniat
1105 4367 1119 4402 :
1152 4364 1251 4405 vos
1283 4356 1465 4404 autem
1491 4350 1658 4405 istum
1686 4350 1947 4407 Ecclesiae

362 4445 580 4512 partum
611 4436 694 4492 sic
734 4438 1194 4508 interpretamini,
1220 4446 1279 4494 ut
1312 4440 1369 4494 in
1398 4439 1467 4496 iis
1499 4440 1593 4510 qui
1636 4457 1733 4511 per
1762 4443 1947 4512 bapti—

362 4544 552 4584 smum
585 4541 983 4601 regenerantur
1010 4531 1224 4603 impleri
1257 4532 1536 4589 doceatis?
1581 4534 1711 4588 huic
1748 4534 1825 4588 ita
1861 4550 1949 4590 re-

363 4622 754 4692 spondebimus
784 4641 799 4679 :
839 4623 1006 4699 Atqui
1056 4641 1125 4682 ne
1170 4626 1303 4693 tibi,
1339 4627 1685 4699 vitilitigator
1719 4634 1943 4699 argute,

360 4713 524 4770 facile
548 4714 716 4771 fuerit
753 4718 1064 4785 ostendere,
1092 4717 1377 4776 Christum
1410 4735 1535 4776 esse
1575 4720 1743 4777 istum
1783 4720 1944 4789 cujus

432 4847 548 4929 (ιλ)
582 4850 719 4929 -Κᾳὶ-
747 4853 1157 4923 προσλήψεως
1207 4855 1401 4929 ἡμῶν.
1452 4854 1569 4910 Vox
1614 4856 1940 4929 theologica,

358 4916 451 5009 de
466 4916 674 5009 Christi
692 4916 947 5009 humana
966 4916 986 5009 ι’
1001 4916 1207 4979 natura
1234 4916 1766 5009 wsaepius”usurpata,
1799 4916 1946 5009 "quae

359 4988 442 5042 sic
470 5003 501 5041 a
533 4988 713 5066 Verbo
736 5002 1039 5066 assumpta,
1076 5011 1287 5066 nosque
1325 4988 1380 5050 in
1414 4996 1529 5051 illa.
1558 4988 1766 5066 Hicque
1785 4988 1943 5063 adeo,

358 5066 549 5138 nostra
585 5060 715 5138 ﬁdes
743 5071 798 5116 et
827 5060 1153 5138 πρόσληψις,
1189 5060 1375 5123 ﬁdeles
1420 5075 1548 5123 sunt
1576 5079 1631 5122 et
1650 5060 1747 5138 q'ui
1783 5060 1945 5121 Chri-l

358 5130 782 5209 etodaccedunt,
834 5130 1065 5208 ejusque
1104 5130 1227 5209 sors
1268 5147 1324 5192 et
1351 5139 1642 5193 haireditas
1668 5130 1945 5208 'baptismi

359 5199 669 5278 initiatione
693 5199 880 5278 ﬁunt;
897 5199 1062 5275 quam
1084 5208 1249 5263 duum
1280 5209 1527 5278 symbolo
1549 5199 1823 5278 designari
1845 5225 1943 5263 au-

356 5275 487 5349 ctor
502 5276 588 5324 est
619 5270 945 5349 Metltodius,
971 5277 1043 5332 ob
1071 5270 1335 5348 aquarum
1364 5294 1489 5333 cum
1519 5280 1639 5348 ejus
1670 5270 1796 5335 luce
1830 5281 1943 5332 alli-

357 5345 585 5392 nitatem
622 5355 688 5394 ac
713 5345 1197 5406 necessitudinem.
1220 5345 1561 5405 Fallentibus
1597 5351 1772 5405 oculis
1807 5349 1943 5407 Pos-

358 5408 694 5491 siniu‘snacm
716 5425 862 5469 esset
882 5416 1224 5489 προλήψεως,
1249 5428 1299 5475 et
1326 5422 1757 5489 persuasionem;
1788 5422 1943 5475 item-

354 5494 465 5561 que
487 5478 743 5561 Allatius,
759 5478 1102 5561 anteceptam
1135 5478 1312 5544 animo
1326 5478 1785 5561 informationem,
1812 5509 1936 5545 cum

355 5548 518 5633 ambo
555 5549 858 5633 ediderint,
897 5548 1042 5633 quod
1077 5559 1181 5613 loci
1219 5561 1361 5614 ratio
1392 5548 1655 5632 postulat,
1693 5548 1935 5633 προσλή-

2138 3980 2264 4034 Ἐὰν
2307 3980 2364 4032 δέ
2411 3997 2493 4043 τις
2544 3977 2734 4049 (οὐδὲν
2778 3977 2886 4049 γὰρ
2936 3976 3171 4046 χαλεπὸν
3214 3974 3295 4029 ἔτι
3335 3975 3645 4048 διαρρήδην

2054 4073 2246 4139 εἰπεῖν)
2276 4072 2660 4142 ἀγανακτήσας
2697 4069 2881 4140 φράσῃ
2921 4068 3058 4140 πρὸς
3094 4067 3164 4122 τὰ
3201 4068 3489 4138 εἰρημένα,
3523 4068 3644 4123 Καὶ

2054 4162 2171 4227 πῶς
2220 4164 2348 4234 ὑμῖν
2395 4165 2428 4234 ή
2487 4162 2766 4233 ἐξήγησις,
2815 4155 2860 4214 ὦ
2912 4160 3195 4232 παρθένοι,
3245 4161 3455 4229 γίνεται
3494 4161 3646 4216 κατὰ

2054 4256 2177 4310 νοῦν
2208 4256 2307 4326 τῆς
2337 4255 2578 4327 Γραφῆς,
2608 4254 2770 4307 ὁπότε
2820 4255 2855 4323 ή
2898 4252 2996 4322 μὲν
3035 4252 3403 4324 Ἀποκάλυψις
3433 4253 3647 4325 ἄρσενα.

2058 4351 2155 4421 τὴν
2199 4347 2523 4418 Ἐκκλησίαν
2557 4346 2848 4419 διορίζεται
2880 4348 3097 4417 γεννᾷν,
3126 4347 3285 4417 ὑμεῖς
3309 4346 3366 4399 δὲ
3395 4346 3503 4399 ἀπὸ
3527 4349 3646 4401 τῶν

1982 4407 2024 4462 D
2049 4407 2465 4509 ἀπολουομένων
2501 4407 2875 4510 παρειλήφατε
2893 4407 3032 4501 ’τὰς’
3048 4407 3411 4509 τελεσφόρους
3439 4437 3645 4503 ὠδῖνας

3598 4525 3631 4549 τ’

2054 4533 2224 4603 αὐτῆς
2270 4530 2606 4603 πληροῦσθαι
2657 4529 2984 4600 λουομένας;
3044 4529 3303 4600 λέξομεν·
3373 4528 3536 4594 Ἀλλ’,
3592 4528 3644 4585 ὦ

2055 4623 2319 4693 φιλαίτιε,
2355 4621 2469 4674 ἀλλ’
2505 4621 2627 4675 οὐδέ
2657 4638 2738 4674 σοι
2786 4622 3046 4692 πάρεστιν
3074 4620 3341 4684 ἐπιδεῖξαι
3379 4621 3471 4675 τὸν
3508 4623 3642 4693 Χρι-

2057 4715 2179 4770 στὸν
2222 4715 2383 4769 αὐτὸν
2431 4709 2570 4767 εἶναι
2603 4713 2696 4767 τὸν
2736 4711 3094 4783 γεννώμενον.
3141 4712 3316 4765 Πάλαι
3371 4712 3481 4785 γάρ
3529 4714 3644 4785 πρὸ

2048 4852 2271 4908 Christo
2318 4856 2672 4905 renascentes
2710 4868 2722 4903 :
2759 4863 2924 4918 quam
2972 4847 3202 4919 proinde
3245 4848 3537 4905 ministros
3581 4858 3643 4907 et

2047 4923 2410 4978 hierarchiam
2465 4920 2830 4990 perﬁcientent
2866 4919 3168 4990 intelligat,
3216 4933 3315 4990 seu
3376 4920 3642 4974 sacerdo-

2047 4994 2212 5048 talem
2241 4989 2510 5055 ordinem,
2556 4991 2612 5044 in
2667 4989 2930 5059 apostolis
2963 4999 3215 5059 emptum,
3246 4989 3415 5059 inique
3442 5004 3642 5046 eorum

2049 5063 2467 5141 successoribus
2526 5061 2588 5141 in_
2622 5058 2781 5115 linem
2826 5074 3002 5131 usque
3051 5058 3257 5141 mundi.
3280 5058 3638 5141 duraturum.

2050 5134 2219 5190 Lunae
2245 5135 2351 5188 ista
2393 5132 2709 5200 metaphora
2741 5137 2796 5184 et
2826 5130 3074 5200 etymum
3111 5130 3331 5198 longius
3365 5130 3642 5200 arcessita

2049 5206 2306 5260 videntur
2332 5220 2345 5255 :
2371 5198 2617 5273 planiora
2671 5216 2793 5271 qua:
2822 5198 2987 5255 habet
3035 5199 3352 5273 Dionysius,
3394 5198 3474 5273 De
3501 5200 3639 5273 εδει.

2049 5276 2271 5339 hieran,
2312 5270 2433 5344 cap.
2472 5274 2526 5335 5,
2564 5270 2799 5344 aliique,
2822 5286 3103 5344 exponens
3148 5270 3298 5344 quod
3332 5271 3410 5344 ita
3452 5270 3640 5344 bapti-

2050 5362 2204 5403 smus
2257 5341 2430 5399 lumen
2472 5341 2721 5406 vocatur,
2754 5342 2984 5411 ejusque
3014 5342 3155 5396 ritus
3193 5341 3550 5411 illuminatio,
3580 5352 3641 5398 et

2048 5418 2143 5489 qui
2163 5418 2255 5471 illo
2287 5416 2651 5489 intinguntur,
2678 5410 2851 5467 recens
2873 5412 3186 5489 illuminari,
3212 5410 3403 5489 Graece
3434 5413 3640 5489 νεοφὼ-

2045 5481 2237 5553 τιστοι,
2275 5481 2544 5557 ῳιοάέεῑ
2578 5492 2981 5557 sacramentum
3027 5481 3151 5557 ﬁdei
3181 5483 3472 5557 primaque
3506 5482 3639 5537 illu-

2044 5552 2310 5621 minatio,'
2327 5563 2382 5610 et
2411 5570 2518 5625 qua
2542 5554 2609 5607 ad
2630 5555 2870 5623 reliquas
2899 5552 3078 5625 idonei
3110 5552 3425 5625 reddimur;
3450 5553 3507 5605 in
3536 5568 3641 5608 cu-

370 5580 518 5602 uuw
565 5580 858 5618 culuct’ult,
897 5580 1042 5625 (μιου
1077 5580 1181 5613 lOCl
1219 5580 1361 5614 fallo
1392 5580 1655 5632 postulat,
1693 5581 1733 5615 π
1803 5580 1935 5633 σΛη-
2044 5580 2293 5621 mtnattu,
2327 5580 2382 5610 Ct
2411 5580 2518 5625 qua
2542 5580 2609 5607 au
2632 5580 2870 5623 rcuquaa
2899 5580 3078 5606 IUUIICI
3114 5580 3425 5633 lC.llUlllll..ll'§
3450 5580 3507 5605 Ill
3536 5580 3639 5608 cu-

370 5617 523 5701 ἶέεξαξς·
555 5617 770 5677 Ρθΐειιίι
796 5624 858 5676 τὸ
892 5626 1149 5701 πίστεως,
1181 5632 1339 5700 quasi
1362 5646 1425 5687 ea
1460 5648 1593 5688 voce
1627 5580 1935 5689 Mctﬁcodius
2038 5631 2132 5701 jus
2171 5630 2345 5701 ipsius
2368 5627 2459 5701 rei
2500 5626 2804 5701 symbolum
2851 5638 3014 5701 super
3036 5623 3385 5701 baptizandis
3417 5626 3639 5701 lampas

395 5687 481 5772 dei
509 5704 831 5772 assensum,
869 5709 979 5772 non
1005 5687 1153 5766 ipsos
1197 5687 1369 5770 inagis
1412 5687 1596 5758 ﬁdeles
1642 5687 1931 5772 signiticet,

353 5773 418 5814 ea
448 5758 707 5831 baptismi
735 5758 1079 5834 intinctione,
1116 5758 1632 5841 quaisiparturiente
1652 5758 1927 5840 Ecclesia,

2044 5687 2383 5759 accenditur,
2417 5687 2547 5752 sive'
2566 5695 2730 5749 etiam
2775 5687 3036 5763 gestanda
3080 5687 3189 5746 illis
3224 5694 3483 5749 traditur.
3524 5687 3638 5752 Sed

2044 5772 2157 5828 haec
2182 5769 2407 5827 alterius
2432 5767 2528 5823 otii
2562 5772 2724 5838 atque
2756 5780 2951 5835 operae.
2991 5764 3283 5821 Consum.
3480 5778 3486 5782 ·
