3866 6160
245 298 348 356 “9

1340 298 1723 357 CONVlVlUM
1763 297 1994 355 DECEM
2034 295 2394 354 VIRGINUM.

3400 298 3503 354 150

235 413 343 484 τῆς
383 411 804 484 ’Λποκαλύψεως
832 412 1190 484 ἐπεπλήρωτο
1222 415 1518 484 μυστήριον
1543 415 1643 484 τῆς
1674 416 1828 468 ἐναν-

1932 411 2228 481 Scriptura:
2253 409 2434 465 verbis
2456 417 2646 480 partus
2673 409 2959 467 referatur.
2987 409 3198 466 Dudum
3234 412 3504 482 siquidem

238 501 581 573 θρωπησεως
607 501 700 554 τοῦ
732 502 928 570 Λόγου.
972 503 1031 556 Ὀ
1059 503 1116 556 δὲ
1159 502 1434 573 Ἰωάννης,
1469 504 1597 574 περὶ
1627 503 1825 573 παρόν-

237 610 351 646 των
383 593 480 644 καὶ
518 593 815 662 μελλόντων
870 593 1156 664 θεσμῳδεῖ.
1215 593 1275 646 '0
1317 593 1372 645 δὲ
1421 594 1678 664 Χριστὸς,
1721 593 1826 646 πά-

238 685 332 738 λαι
374 685 621 757 κυηθεὶς,
656 688 758 757 οὐχ
791 686 1074 758 ἡρπάσθη,
1105 687 1266 740 ὁπότε
1299 687 1518 758 ἐτέχθη,
1553 688 1688 760 πρὸς
1733 689 1824 743 τὸν

240 776 435 847 θρόνον
475 777 570 830 τοῦ
628 779 787 842 Θεοῦ,
829 779 978 849 φόϐῳ
1022 779 1115 834 τοῦ
1163 779 1238 850 μὴ
1285 779 1628 850 λυμήνασθαι
1663 781 1825 834 αὐτὸν

237 870 335 921 τὸν
379 870 534 938 ὅφιν·
579 870 715 924 ἀλλὰ
760 871 848 924 διὰ
889 870 1045 925 τοῦτο
1088 861 1392 943 ἐγεννήθη,
1420 874 1514 925 καὶ
1559 873 1825 945 κατῆλθεν

241 961 410 1025 αὐτὸς
440 962 549 1016 ἀπὺ
574 962 681 1016 τῶν
710 963 915 1034 θρόνων
941 963 1036 1020 τοῦ
1065 965 1298 1036 Πατρὸς,
1328 967 1416 1020 ἵνα
1446 967 1535 1020 τὸν
1559 967 1826 1042 δράκοντα

241 1054 602 1126 χειρὼσηται,
643 1055 831 1126 μείνας
889 1056 1245 1128 ἐπιτρέχοντα
1305 1060 1371 1128 τῇ
1430 1060 1610 1130 σαρκί.
1663 1061 1825 1113 Ὥστε

238 1143 459 1215 ἀνάγκη
505 1144 788 1214 ὁμολογεῖν
818 1145 882 1218 δὴ
928 1147 1024 1200 καὶ
1069 1147 1148 1211 σὲ,
1175 1146 1275 1220 τὴν
1321 1147 1646 1217 Ἐκκλησίαν
1687 1145 1824 1203 εἶναι

238 1236 342 1306 τὴν
390 1235 688 1291 ὠδίνουσαν
727 1239 822 1292 καὶ
879 1237 1155 1306 γεννῶσαν
1209 1240 1339 1304 τοὺς
1387 1240 1826 1312 ἀπολουτρουμέο

238 1344 368 1390 νους
409 1327 521 1398 (18)
546 1347 558 1358 ·
603 1328 679 1393 ῶς
706 1348 808 1383 που
849 1331 943 1384 καὶ
974 1333 1032 1384 ἐν
1078 1331 1273 1404 Ἡσαΐᾳ
1306 1333 1368 1385 τὸ
1400 1333 1626 1404 Πνεῦμά
1657 1351 1786 1403 φησι
1807 1351 1820 1364 ·

235 1421 394 1486 Πρὶν
421 1419 536 1488 τὴν
573 1421 916 1477 ὠδίνουσαν
951 1422 1146 1476 τεκεῖν
1184 1403 1283 1477 καὶ
1311 1425 1456 1492 πρὶν
1484 1403 1684 1479 ἐλθεῖν
1720 1426 1826 1478 τὸν

234 1511 438 1564 πόνον
480 1511 598 1566 τῶν
631 1514 861 1568 ὠδίνων
881 1556 894 1579 ,
933 1515 1209 1585 ἐξέφυγε,
1238 1517 1335 1571 καὶ
1381 1516 1587 1570 ἔτεκεν
1613 1517 1821 1585 ἄρσεν.

242 1603 342 1668 Τίς
369 1603 603 1670 ἢκουσε
633 1605 900 1670 τοιοῦτο;
939 1607 1037 1661 καὶ
1081 1607 1172 1674 τίς
1208 1609 1470 1677 ἑώρακεν
1509 1609 1728 1676 οὖτως;
1755 1611 1825 1662 El

234 1691 459 1748 ὤδινεν
488 1697 528 1763 ἡ
556 1696 634 1766 γῆ
657 1698 727 1751 ἐν
751 1697 852 1766 μιᾷ
878 1698 1087 1768 ἡμέρᾳ,
1109 1700 1203 1754 καὶ
1221 1702 1272 1754 εὶ
1297 1701 1629 1770 ἐγέννησεν
1649 1700 1825 1765 ἔθνος

1927 512 2053 559 ante
2083 503 2466 574 Apocalypsim
2499 503 2782 574 impletum
2816 511 2900 560 est
2921 503 3315 560 lncarnationis
3339 504 3504 561 Verbi

1924 595 2267 666 mysterium.
2293 593 2466 649 Porro
2491 592 2734 652 Joannes
2774 595 2841 650 de
2880 594 2948 650 iis
2985 595 3226 664 loquitur
3261 612 3382 666 qua:
3423 597 3505 650 vel

1926 693 2058 742 tunc
2081 687 2273 743 ﬁerent
2295 687 2378 742 vel
2401 702 2520 758 quae
2554 687 2681 740 olim
2705 695 2967 742 eventura
3005 695 3211 742 essent.
3235 684 3505 742 Praeterea

1925 780 2202 844 Christus,
2227 779 2432 836 dudum
2457 787 2775 849 conceptus,
2804 787 3092 850 postquam
3116 779 3310 834 deinde
3341 789 3505 833 natus

1926 881 2029 939 est,
2065 887 2175 928 non
2209 882 2293 928 est
2316 881 2502 941 raptus
2527 871 2593 925 ad
2629 871 2885 926 thronum
2929 871 3045 934 Dei,
3088 880 3235 925 metu
3275 887 3342 926 ne
3372 872 3504 940 quid

1927 965 2006 1019 illi
2036 980 2192 1019 noxa:
2222 963 2496 1034 serpentis
2527 963 2652 1017 dolo
2692 962 2988 1018 inferretur
3016 982 3026 1016 :
3061 963 3192 1032 quin
3224 964 3407 1032 potius
3447 964 3504 1017 in

1927 1056 2030 1111 boc
2054 1057 2231 1127 ipsum
2262 1062 2423 1111 natus
2447 1064 2552 1120 est,
2581 1063 2634 1110 et
2660 1070 2690 1110 e
2714 1053 2894 1110 Patris
2925 1054 3041 1125 ipse
3057 1055 3256 1110 throno
3276 1054 3507 1110 descen-

1928 1147 2028 1210 dit,
2073 1154 2132 1200 ut
2162 1146 2419 1200 draconis
2445 1149 2499 1200 in
2533 1161 2755 1202 carnem
2785 1155 3041 1216 suscepto
3084 1147 3290 1200 insultu
3320 1161 3384 1199 ac
3416 1151 3502 1200 to-

1929 1239 2122 1303 lerato,
2162 1238 2420 1292 draconis
2451 1237 2740 1306 potiretur.
2783 1237 2965 1305 Quare
3006 1246 3059 1293 te
3087 1253 3305 1310 quoque
3345 1236 3505 1292 fateri

1928 1345 2151 1384 necesse
2183 1339 2266 1384 est
2287 1369 2302 1393 ,
2334 1328 2634 1382 Ecclesiam
2665 1344 2789 1384 esse
2821 1345 2943 1399 quae
2981 1328 3219 1400 parturit
3259 1344 3322 1384 ac
3362 1330 3508 1399 parit

1927 1438 2024 1478 eos
2051 1423 2143 1492 qui
2172 1438 2239 1477 ex
2288 1423 2506 1476 lavacro
2553 1422 2930 1492 suscipiuntur
2954 1462 2969 1488 ,
3028 1424 3106 1477 uti
3166 1424 3328 1479 etiam
3361 1423 3507 1493 apud

1928 1515 2122 1571 Isaiam
2182 1514 2416 1585 Spiritus
2454 1515 2691 1585 quodam
2739 1514 2860 1568 loco
2897 1514 3031 1569 dicit
3059 1516 3145 1569 5’:
3180 1515 3508 1585 Priusquam

1928 1607 2258 1675 parturiret,
2319 1607 2547 1674 peperit;
2601 1615 2650 1659 et
2687 1616 2966 1676 antequam
3016 1608 3246 1660 venirent
3298 1605 3508 1662 dolores

1928 1709 2135 1768 partus,
2169 1700 2384 1770 e/fugit,
2413 1710 2461 1755 et
2509 1700 2710 1768 peperit
2761 1699 3074 1756 masculum.
3129 1702 3260 1765 Quis
3307 1701 3509 1756 audivit

235 1785 890 1858 εὶσὰπαξβτιώδίνησε
905 1792 1075 1852 Σιὼν,
1097 1793 1193 1845 καί
1208 1794 1412 1846 ἔτεκεν
1427 1792 1676 1861 ἂρσενα;
1693 1794 1825 1846 Τίνα

1932 1809 2164 1862 unquam
2207 1791 2348 1848 tale?
2389 1802 2481 1845 aut
2507 1794 2625 1862 quis
2660 1791 2790 1845 vidit
2821 1793 2942 1846 huic
2981 1793 3198 1849 simile?
3252 1793 3508 1864 Nunquid

240 1877 508 1947 ἐξέφυγεν
529 1897 542 1945 ;
565 1876 600 1952 ἦ
619 1882 714 1950 (al.
731 1882 796 1952 ἢ)
821 1884 1037 1947 πάντως
1058 1885 1147 1938 τὸν
1163 1885 1452 1956 δράκοντα,
1478 1887 1564 1939 ἴνα
1585 1886 1820 1957 γεννήσῃ

237 1969 334 2021 τὸν
365 1971 492 2025 λαὸν
519 1974 552 2043 ἡ
593 1974 756 2045 νοητὴ
791 1975 948 2040 Σιὼν,
979 1976 1070 2028 τὸν
1116 1978 1339 2049 ἄρσενα,
1373 1977 1464 2031 τὸν
1495 1978 1604 2032 τῶν
1642 1995 1824 2047 γυναι-

237 2063 411 2116 κείων
441 2065 630 2119 παθῶν
663 2069 757 2121 καὶ
791 2069 889 2139 τῆς
921 2069 1193 2133 ὲκλύσεως
1222 2072 1302 2134 εἰς
1338 2071 1436 2142 τὴν
1469 2071 1696 2143 ἑνότητα
1724 2070 1821 2124 τοῦ

236 2156 450 2229 Κυρίου
468 2162 882 2231 καταντήσαντα
905 2163 994 2215 καὶ
1011 2162 1473 2235 άπαρσενωθέντα
1502 2167 1568 2235 τῇ
1594 2162 1818 2234 σπουδῇ.

1926 1885 2180 1952 parturiit
2207 1893 2350 1938 terra
2382 1885 2436 1938 in
2461 1884 2546 1938 die
2578 1890 2730 1941 una?
2757 1902 2818 1939 ac
2842 1887 2887 1940 si
2913 1896 3114 1957 gentem
3159 1887 3320 1940 simul
3357 1901 3510 1955 pepe-

1928 1980 2091 2041 rerit,
2155 1978 2284 2048 quia
2323 1979 2576 2046 parturiit
2626 1976 2788 2042 Sion,
2828 1988 2876 2033 et
2929 1981 3125 2048 peperit
3165 1981 3506 2036 masculum?

1929 2066 2102 2134 Quem
2143 2068 2374 2140 ell‘ugit?
2413 2085 2524 2124 non
2577 2085 2710 2126 sane
2745 2071 2911 2124 alium
2952 2086 3117 2142 quam
3175 2072 3510 2136 draconem,

1929 2170 1991 2216 ut
2044 2162 2306 2232 populum
2364 2163 2670 2218 masculum
2737 2170 2952 2233 pareret
3011 2164 3275 2234 spiritalis
3335 2164 3508 2231 Sion;

236 2252 335 2322 qui
402 2255 660 2310 nimirum
708 2273 776 2312 ex
819 2259 1178 2315 muliebribus
1236 2260 1386 2316 vitiis
1436 2260 1656 2330 vitaque
1714 2257 1980 2313 solutiore
2018 2256 2088 2312 ad
2130 2256 2345 2312 Domini
2416 2258 2683 2312 unitatem
2743 2257 3323 2329 necessitudinemque
3379 2274 3508 2314 eva-

236 2347 418 2414 serit,
442 2365 508 2406 ac
531 2351 752 2409 virtutis
779 2362 1131 2410 conccrtante
1157 2355 1342 2411 studio
1367 2356 1599 2410 masculi
1622 2355 1821 2411 robore
1850 2353 2208 2424 promoverit.

698 2465 828 2522 CAP.
851 2466 988 2522 Vlll.
1021 2467 1234 2524 Fideles
1258 2471 1314 2524 in
1345 2470 1606 2540 baptismo
1632 2486 1827 2536 mares,
1861 2467 2077 2524 Christo
2120 2468 2457 2539 conﬁgurati.
2493 2468 2700 2534 Sancti,
2725 2471 2826 2539 ipsi
2849 2468 3087 2525 Christi.‘

313 2581 574 2653 Λέγωμεν
605 2579 698 2638 οῦν
722 2585 881 2640 πάλιν
913 2586 971 2652 ἐξ
997 2588 1173 2660 ἀρχῆς
1201 2589 1688 2654 ὲπαναποδίσασαι,
1728 2589 1824 2661 μέ-

231 2691 442 2746 Χριπερ
470 2675 537 2728 ἂν
570 2676 805 2747 καθεξῆς
851 2679 987 2749 πρὸς
1029 2681 1090 2733 τὸ
1120 2680 1272 2744 τέλος
1306 2681 1571 2752 ἔλθωμεν,
1600 2681 1827 2752 ἐξηγού-

237 2765 489 2834 μεναιτὰ
517 2767 797 2838 εἰρημένα.
834 2769 1033 2823 Σκόπει
1065 2766 1158 2824 οῦν
1189 2773 1282 2824 ἐάν
1312 2789 1426 2834 πως
1451 2772 1546 2827 καὶ
1579 2772 1661 2825 σοὶ
1695 2771 1824 2842 δοκῇ

234 2859 378 2928 πρὸς
420 2859 661 2926 εὐδοξίαν
711 2862 740 2913 ό
793 2861 948 2931 λόγος
993 2862 1350 2935 πληροῦσθαι.
1400 2862 1542 2933 Ἐγὼ
1586 2863 1694 2934 γὰρ
1737 2863 1827 2915 τὸν

237 2952 444 3025 ἄρσενα
486 2953 658 3025 ταύτῃ
691 2956 885 3026 γεννᾷν
917 2957 1168 3028 εἰρῆσθαι
1207 2957 1412 3028 νομίζω
1449 2957 1547 3028 τὴν
1591 2957 1824 3030 Ἐκκλη-

239 3043 398 3097 σίαν·
444 3046 632 3118 ἐπειδὴ
674 3047 801 3110 τοὺς
839 3049 1189 3122 χαρακτῆρας
1237 3049 1329 3103 καὶ
1379 3050 1478 3122 τὴν
1512 3051 1824 3107 ὲκτύπωσιν

237 3138 336 3193 καὶ
374 3137 478 3208 τὴν
520 3139 866 3209 ἀῤῥενωπὶαν
919 3139 1012 3194 τοῦ
1043 3141 1280 3210 Χριστοῦ
1316 3142 1825 3214 προσλαμϐάνουσιν

1997 2587 2256 2644 Dicamus
2290 2604 2421 2660 ergo
2458 2589 2574 2644 haec
2608 2603 2802 2645 rursus
2829 2588 3040 2652 eadem,
3066 2595 3120 2644 et
3143 2588 3213 2642 ab
3233 2587 3388 2642 initio
3421 2602 3509 2642 re-

1929 2689 2231 2747 sumentes,
2261 2681 2520 2737 continua
2547 2681 2689 2739 serie
2715 2681 2782 2737 ad
2809 2682 2968 2736 linem
3001 2695 3173 2751 usque
3193 2680 3512 2736 distinctius

1928 2774 2283 2830 deducamus.
2323 2773 2557 2828 Attende
2605 2773 2803 2844 igitur,
2885 2788 3066 2826 annon
3150 2772 3229 2828 sic
3289 2771 3387 2826 tibi
3443 2770 3511 2823 ad

1930 2876 2135 2922 rectam
2165 2875 2219 2922 et
2251 2865 2585 2936 probabilem
2618 2865 2944 2920 sententiam
2979 2865 3132 2920 locus
3181 2864 3271 2918 hic
3312 2861 3511 2933 exponi

1931 2959 2201 3015 videatur.
2228 2957 2339 3029 Ego
2383 2957 2530 3014 enim
2571 2957 2674 3011 hac
2701 2956 2768 3012 de
2826 2970 2990 3011 causa
3033 2956 3234 3010 dictum
3260 2956 3514 3011 existimo

1930 3051 2077 3124 gigni
2108 3067 2313 3106 marem
2338 3051 2406 3106 ab
2429 3050 2692 3118 Ecclesia,
2728 3050 2871 3119 quod
2907 3065 3100 3118 nempe
3120 3049 3156 3102 ii
3191 3050 3285 3117 qui
3313 3049 3513 3102 illumi-

1932 3151 2153 3205 nantur,
2183 3143 2388 3198 Christi
2446 3142 2772 3198 lineamenta
2805 3139 3140 3211 elligiemque
3180 3156 3245 3195 ac
3301 3140 3510 3195 virilem

239 3229 292 3280 oi
320 3227 702 3300 φωτιζόμενοι,
731 3231 829 3302 τῆς
857 3231 978 3284 καθ’
1007 3231 1266 3303 ὁμοίωσιν
1298 3235 1514 3306 μορφῆς
1551 3236 1610 3289 ὲν
1643 3236 1826 3301 αὐτοῖς

1932 3251 2056 3291 vere
2083 3235 2326 3290 animum
2361 3241 2754 3305 aspectumque
2785 3240 3093 3295 assumunt,
3121 3230 3278 3286 Verbi
3309 3233 3507 3296 forma,

240 3322 657 3393 ἐκτυπουμένης
689 3322 782 3376 τοῦ
812 3324 983 3393 Λόγου
1006 3364 1020 3387 ,
1055 3324 1149 3378 καὶ
1183 3326 1239 3378 ὲν
1267 3327 1450 3390 αὐτοῖς
1481 3329 1827 3400 γεννωμένης

238 3411 384 3466 κατὰ
407 3411 508 3484 τὴν
537 3413 737 3485 ἀκριεῆ
765 3414 964 3483 γνῶσιν
996 3417 1089 3469 καὶ
1115 3417 1296 3470 πίστιν
1317 3433 1333 3448 ο
1355 3416 1499 3471 ὥστε
1525 3420 1583 3472 ἐν
1616 3420 1830 3491 ἑκάστῳ

237 3505 539 3573 γεννᾶσθαι
595 3506 684 3559 τὸν
728 3507 962 3578 Χριστὸν
999 3507 1225 3578 νοητῶς.
1272 3509 1383 3562 Καὶ
1437 3508 1526 3562 διὰ
1582 3509 1738 3565 τοῦτο
1793 3513 1826 3582 ή

251 3595 557 3668 Ἐκκλησία
597 3600 817 3674 σπαργᾷ
850 3601 944 3653 καὶ
975 3599 1175 3664 ὠδίνει,
1214 3601 1485 3673 μέχριπερ
1518 3601 1582 3655 ἂν
1626 3605 1654 3656 ό
1696 3604 1830 3674 Χρι-

241 3689 367 3752 arb;
393 3691 453 3742 ὲν
482 3691 617 3760 ἡμῖν
663 3691 924 3762 μορφωθῇ
948 3691 1249 3763 γεννηθεὶς,
1278 3693 1426 3756 ὅπως
1465 3693 1693 3758 ἕκαστος
1723 3693 1830 3747 τῶν

239 3782 436 3850 ἁγίων,
471 3781 550 3853 τῷ
579 3783 824 3854 μετέχειν
855 3785 1115 3856 Χριστοῦ,
1152 3787 1386 3858 Χριστὸς
1413 3789 1669 3861 γεννηθῇ.
1692 3790 1829 3843 Καθ’

239 3871 297 3924 ὃν
330 3871 492 3940 λόγον
547 3874 642 3925 καὶ
688 3873 744 3926 ἔν
795 3891 898 3926 τινι
934 3875 1123 3946 Γραφῇ
1175 3875 1430 3946 φέρεται·
1470 3875 1565 3944 Μὴ
1593 3877 1832 3945 ἄψησθε

241 3963 362 4017 τῶν
399 3964 663 4034 χριστῶν
684 3983 823 4034 μου,
853 3965 950 4019 καί
981 3967 1052 4019 ἐν
1081 3966 1206 4033 τοῖς
1237 3967 1569 4036 προφήταις
1602 3985 1720 4037 μου
1743 3967 1830 4036 μὴ

241 4059 681 4125 πονηρεύησθε.
729 4059 905 4110 Οἱονεὶ
949 4058 1183 4130 χριστῶν
1220 4059 1521 4128 γεγονότων
1553 4058 1659 4110 τῶν
1692 4058 1832 4111 κατὰ

246 4149 542 4221 μετουσίαν
579 4148 674 4202 τοῦ
721 4148 1040 4220 Πνεύματος
1081 4151 1160 4213 είς
1198 4150 1432 4223 Χριστὸν
1463 4148 1830 4220 βεϐαπτισμέ-

241 4260 384 4299 νων·
432 4242 848 4314 συμϐαλλούσης
879 4241 1113 4296 ἐνταῦθα
1147 4242 1244 4313 τὴν
1279 4245 1336 4296 ὲν
1383 4242 1463 4313 τῷ
1504 4243 1662 4313 Λόγῳ
1703 4243 1833 4314 τρά-

242 4353 409 4390 νωσιν
454 4337 567 4407 (l9)
614 4336 794 4391 αὐτῶν
841 4338 934 4392 καὶ
987 4336 1408 4408 μεταμόρφωσιν
1459 4336 1560 4406 τῆς
1606 4335 1834 4406 Ἐκκλη-

246 4427 389 4491 σίας.
428 4428 648 4482 Βεὸαιοί
686 4427 742 4480 δὲ
775 4429 866 4481 καὶ
907 4426 1080 4481 ταῦτα
1122 4425 1361 4490 Παῦλος,
1395 4425 1643 4498 φανερῶς
1686 4425 1830 4480 διδά-

250 4537 418 4584 σκων,
455 4518 586 4573 ἔνθα
629 4519 790 4592 φησί·
827 4518 1052 4573 Τούτου
1096 4518 1272 4587 χάριν
1317 4517 1562 4586 κάμπτω
1610 4517 1684 4571 τὰ
1730 4518 1829 4592 γό-

1933 3341 2054 3396 ιιιιεε
2105 3326 2404 3382 secundum
2441 3325 2853 3381 similitudinem
2900 3333 3005 3387 est,
3066 3323 3173 3378 illis
3219 3325 3510 3393 impressa,

1931 3427 1986 3476 et
2013 3435 2108 3490 per
2135 3427 2341 3474 certam
2387 3418 2670 3475 scientiam
2707 3417 2975 3488 fidemque
3002 3417 3056 3470 in
3089 3419 3169 3472 eis
3204 3418 3511 3486 progenita,

1932 3514 2008 3568 ita
2043 3520 2102 3567 ut
2140 3512 2194 3567 in
2225 3526 2555 3582 unoquoque
2579 3510 2899 3579 spiritaliter
2954 3516 3211 3562 nascatur
3235 3508 3510 3566 Christus.

1931 3604 2009 3658 Ac
2039 3614 2322 3674 propterea
2375 3602 2619 3657 Ecclesia
2677 3603 2823 3656 velut
2878 3600 3050 3655 fervet
3104 3607 3390 3671 turgetqnc
3447 3616 3512 3655 ac

1932 3695 2167 3765 parturit
2195 3695 2263 3761 ³³,
2285 3694 2460 3748 donec
2511 3692 2776 3747 formetur
2817 3691 2873 3746 in
2919 3691 3079 3746 nobis
3109 3692 3324 3761 genitus
3353 3691 3516 3746 Chri-

1933 3797 2052 3845 stus
2079 3805 2091 3839 :
2121 3805 2231 3858 quo
2260 3787 2518 3842 nimirum
2549 3785 2782 3855 quisque
2805 3791 3145 3847 sanctorum,
3169 3800 3275 3854 qua
3303 3787 3516 3843 ratione

1932 3879 2135 3935 Christi
2199 3878 2470 3948 particeps
2533 3885 2646 3939 est,
2702 3875 2956 3930 Christus
3015 3885 3292 3930 nascatur.
3349 3874 3515 3928 Juxta

1935 3986 2094 4040 quem
2126 3984 2349 4024 sensum
2374 3968 2427 4020 in
2457 3967 2692 4037 quadam
2722 3965 3006 4036 Scriptura
3038 3965 3241 4020 dicitur
3273 3966 3319 3998 ³⁵
3354 3985 3366 4020 :
3406 3964 3515 4018 No-

1936 4065 2028 4118 lite
2049 4073 2258 4133 tangere
2292 4061 2514 4115 cltristos
2542 4076 2704 4124 meos,
2726 4069 2775 4112 et
2803 4060 2856 4112 in
2886 4059 3148 4128 prophetis
3190 4059 3318 4115 meis
3355 4059 3515 4113 nolite

1937 4155 2239 4225 malignari.
2273 4152 2556 4222 Tanquam
2606 4151 2798 4206 christi
2833 4151 3128 4215 evaserint,
3165 4149 3399 4220 Spiritus
3432 4151 3516 4204 in-

1933 4247 2084 4301 dulto
2109 4243 2458 4307 commercio,
2489 4242 2581 4312 qui
2611 4243 2665 4296 in
2717 4241 2994 4297 Christum
3045 4241 3302 4310 baptizati
3351 4248 3514 4306 sunt;

1935 4355 2065 4394 suas
2099 4339 2184 4391 hic
2215 4335 2459 4390 Ecclesia
2513 4332 2829 4389 conferente
2874 4341 3055 4402 partes
3109 4332 3177 4387 ad
3207 4347 3398 4387 eorum
3458 4332 3515 4386 in

1935 4426 2114 4485 Verbo
2141 4426 2287 4480 clara
2320 4423 2556 4494 imagine
2579 4422 2806 4492 efligiem
2862 4434 2916 4478 et
2947 4421 3514 4479 transformationem.

1934 4518 2233 4574 Confirmat
2283 4524 2462 4572 autem
2491 4525 2546 4571 et
2572 4517 2685 4570 bsec
2716 4514 2917 4569 Paulus
2938 4557 2952 4580 ,
2983 4515 3161 4584 palam
3208 4513 3409 4569 docens
3445 4515 3515 4560 "'-

244 4583 409 4665 Vllth
429 4630 551 4681 μου
576 4583 726 4680 πρὸξ»
752 4611 860 4666 τὸν
893 4611 1041 4666 Θεὸν
1068 4583 1447 4679 καὶ-Πατέρα,
1479 4610 1548 4673 ἐξ
1572 4605 1644 4665 οὗ
1667 4583 1828 4664 mica

1938 4606 2114 4677 Hujus
2139 4608 2212 4661 rei
2241 4607 2418 4677 gratia
2447 4606 2599 4673 ﬂecto
2628 4621 2798 4676 genua
2822 4621 2936 4658 mea
2968 4583 3034 4657 ad
3083 4603 3247 4658 Deum
3275 4604 3514 4667 Patrem,

245 4703 465 4771 ,πατριὰ
509 4704 582 4757 ἐν
622 4701 856 4771 οὐρανῷ
891 4703 990 4756 καὶ
1036 4702 1135 4757 ἐπὶ
1173 4701 1286 4772 γῆς
1326 4699 1696 4770 ὀνομάζεται,
1731 4701 1833 4755 ἵνα

245 4794 330 4861 δῷ
372 4796 536 4866 ὑμῖν,
571 4796 722 4850 κατὰ
778 4795 887 4851 τὸν
936 4796 1204 4851 πλοῦτον
1265 4792 1374 4861 τῆς
1422 4797 1830 4862 χρηστότητος

317 4938 365 4969 ⁸⁸
406 4935 526 4992 Isa.
557 4952 705 5001 vai,
733 4935 784 5001 7,
808 4935 862 4991 8.
938 4935 986 4968 ⁸³
1027 4933 1149 4990 Gal.
1183 4949 1257 4997 Iv,
1297 4932 1384 4987 l9.

319 5077 436 5148 (18)
469 5073 1106 5146 Ἁποιιουτρουμένους.
1124 5073 1376 5139 Allatius,
1396 5072 1657 5144 ἁπολυτρ.
1683 5071 1830 5128 Cou-
1891 5045 1898 5051 .

247 5165 420 5206 πειε.

1939 4714 2003 4752 ea:
2028 4713 2128 4769 quo
2171 4698 2340 4751 omnis
2365 4697 2655 4764 paternitas
2683 4695 2736 4748 in
2763 4695 2903 4748 caelis
2927 4703 2976 4748 et
3005 4695 3059 4748 in
3087 4703 3227 4747 terra
3272 4695 3515 4748 nomina-

1941 4802 2025 4844 tur
2048 4807 2064 4843 :
2098 4798 2153 4843 ut
2179 4789 2263 4843 det
2288 4787 2429 4842 vobis
2453 4786 2737 4842 secundum
2760 4787 2974 4840 divitias
2999 4786 3248 4840 bonitatis
3279 4802 3389 4840 sua:
3410 4787 3515 4838 vi'r-

1495 4931 1541 4962 “
1578 4930 1725 4986 Psal.
1755 4931 1980 4996 c1v,15.
2059 4929 2104 4960 ⁵⁸
2146 4923 2339 4996 Ephes.
2378 4938 2458 4988 ιιι,
2488 4923 2672 4977 14-17.

1939 5087 2101 5127 mam.
2137 5067 2228 5125 Sic
2270 5082 2401 5138 ergo
2428 5066 2604 5138 hicyh
2643 5066 2700 5138 ἔξν
2732 5065 2889 5136 Λόγῳ
2920 5065 3190 5138 τράνωσις
3232 5065 3325 5138 καὶ
3351 5083 3520 5134 μετα-

1939 5143 2242 5214 μόρφωσ-ι-ς,
2277 5135 2440 5214 verbi
2476 5135 3196 5214 i.mit’atio,__qua_ejusclare
3225 5135 3518 5214 eharacte-
3546 5135 3553 5208 ξ

322 5217 437 5290 (l9)
473 5215 598 5298 Τὴν
618 5216 688 5270 ἐν
709 5213 800 5298 τῷ⁸
832 5214 1000 5298 Λόγῳ
1049 5213 1366 5298 τράνωσιν.
1397 5212 1522 5298 lico
1551 5211 1720 5298 Allat:
1744 5213 1828 5298 vi-

1932 5204 2027 5268 res
2047 5204 2349 5293 reddimus,
2382 5207 2667 5298 {armaque
2697 5204 2852 5298 ιιιξρβ.
2875 5205 3202 5298 ἰιιιιιιιὶιιιιιι..
3231 5204 3519 5264 Possinius

247 5282 430 5346 detur'
473 5282 675 5358 legisse
721 5282 1021 5358 τελείωσιν,
1065 5282 1190 5358 cum
1215 5285 1586 5358 perfectionem
1627 5282 1826 5358 reddit,

248 5361 356 5416 etsi
397 5355 754 5428 repraesentat
791 5365 846 5412 et
873 5357 990 5424 ipse
1017 5356 1308 5428 τρᾴνωσιν,
1339 5356 1639 5428 pecvaria:
1666 5355 1831 5428 ullius

257 5425 506 5485 lectionis
531 5427 802 5489 meminit,
843 5429 922 5481 uti
963 5425 1064 5481 nec
1098 5425 1299 5494 Lupar.
1337 5425 1596 5480 Methodii
1629 5425 1827 5479 editor.

252 5498 501 5554 Plaeeret
549 5499 684 5552 illud
727 5497 1026 5558 τελείωσιν,
1059 5497 1106 5551 si
1134 5497 1351 5552 codices
1377 5495 1826 5564 sul‘i‘ragarentur,

254 5579 308 5623 et
359 5571 467 5625 nisi
525 5568 680 5624 brevi
741 5575 864 5638 post
909 5567 1106 5638 eadem
1134 5582 1263 5620 voce
1294 5565 1482 5638 eodem
1519 5565 1628 5620 fere
1664 5581 1830 5638 sensu

257 5648 418 5710 atque
444 5641 538 5710 hic
561 5636 825 5710 uteretur,
852 5637 950 5708 τὴν
983 5637 1288 5689 ὲκτύπωσιν
1311 5637 1403 5690 καὶ
1435 5636 1530 5710 τὴν
1552 5637 1828 5710 ὲκτράνω-

262 5706 344 5762 σιν
386 5709 482 5764 τοῦ
543 5709 758 5776 Λόγου,
805 5706 1188 5776 expressionem
1247 5717 1295 5761 et
1341 5706 1826 5775 manifestationem

276 5781 442 5848 l'erbi,
469 5781 564 5838 ubi
595 5779 824 5835 Allatius
853 5778 1130 5848 imaginem
1156 5778 1350 5848 reddit,
1383 5777 1668 5835 Possinius
1719 5777 1828 5844 for-

1934 5283 2220 5337 transitum
2281 5280 2334 5332 in
2400 5277 2628 5332 Verbum
2679 5277 2890 5348 reddit;
2936 5276 3132 5331 viderit
3189 5276 3306 5348 ipse
3351 5295 3518 5348 quam

1932 5365 2100 5408 recte.
2135 5350 2250 5404 Vox
2280 5348 2473 5420 τρανός
2501 5355 2556 5420 et
2591 5347 2925 5420 τρανωτικός
2953 5362 3018 5420 ac
3041 5347 3251 5420 τρανόω
3275 5349 3328 5402 in
3364 5347 3521 5405 theo-

1935 5424 2097 5493 logia,
2133 5417 2395 5493 Gregorio
2419 5488 2429 5493 _
2442 5417 2674 5493 aliisque
2725 5417 3013 5493 familiaris
3049 5417 3258 5493 {utque
3297 5420 3519 5493 γλῶσσα

1937 5488 2153 5576 τρανός,
2181 5488 2368 5573 ,ίὶιῐριια
2395 5488 2618 5576 diserta,
2644 5505 2765 5557 quae
2793 5488 2992 5568 mentis
3024 5504 3182 5576 sensa
3213 5491 3360 5576 clare
3390 5491 3515 5544 red-

1939 5559 2053 5628 dit,
2079 5563 2234 5618 sicin
2266 5559 2501 5630 imagine
2534 5567 2587 5613 et
2616 5560 2968 5630 expressione
3016 5559 3288 5629 ductaque
3319 5560 3517 5624 forma,

1936 5637 1998 5688 τὸ
2030 5625 2222 5705 τρανόν
2253 5641 2306 5687 ct
2337 5625 2624 5705 τράνωσις,
2680 5625 2844 5684 semel
2882 5625 2935 5705 et
2968 5630 3162 5705 iterum
3197 5625 3519 5698 usurpatum

1937 5701 2246 5828 llletliodio,l
2293 5701 2451 5772 quasi
2497 5703 2642 5758 clara
2674 5701 2954 5771 expressio
2994 5701 3280 5771 lucidaque
3314 5715 3513 5770 reprac-

1938 5785 2189 5828 sentatio.
2254 5790 2304 5828 ι).

1938 5777 2189 5832 sentatio.
2230 5777 2304 5828 In.
