3866 6160
369 225 467 282 Ml
1336 231 1397 289 S.
1439 232 1777 292 METHODII
1821 232 1922 288 ΕΡΙ

2027 231 2134 289 ΟΡΙ
2175 232 2277 287 ET’
2304 230 2667 288 MARTYRIS
3545 242 3650 298 152

365 356 479 401 tute
529 345 871 403 corroborari
920 365 1013 421 per
1042 347 1303 420 Spiritum
1355 354 1525 422 ipsius
1564 354 1618 409 in
1648 355 1922 409 interiorem

2054 352 2262 418 αὐτοῦ,
2291 351 2541 423 δυνάμει
2570 350 3005 422 κραταιωθῆναι
3032 352 3131 409 διὰ
3166 354 3275 410 τοῦ
3298 357 3644 427 Πνεῦματος

363 439 658 504 hominem;
706 439 949 496 habitare
982 440 1253 499 Christum
1292 460 1384 514 per
1417 446 1574 515 ﬁdem
1605 448 1661 500 in
1704 446 1921 501 cordibu

2056 443 2246 498 αὑτοῦ
2291 447 2379 511 εὶς
2431 445 2538 499 τὸν
2588 443 2711 499 ἔσω
2754 444 3089 513 ἄνθρωπον,
3127 446 3488 518 κατοικῆσαι
3533 450 3643 504 τὸν

362 534 572 588 vestris.
598 531 812 588 Etenim
849 546 1079 593 necesse
1106 544 1223 603 est,
1274 537 1329 592 in
1357 546 1801 609 regeneratornm
1830 539 1920 594 ani

2054 535 2316 606 Χριστὸν
2337 536 2437 592 διὰ
2475 535 2589 607 τῆς
2615 537 2877 604 πίστεως
2903 538 2974 591 ἐν
2994 537 3124 605 ταῖς
3152 540 3424 608 καρδίαις
3448 539 3637 611 ὑμῶν.

364 624 490 691 mis,
525 625 689 680 veluti
719 626 886 698 sigilli
923 627 1053 693 ritu,
1075 627 1314 685 Verbum
1351 630 1597 687 veritatis
1637 631 1868 704 exprimi
1896 647 1922 688 e

2060 631 2158 694 Είς
2222 628 2331 701 γὰρ
2396 627 2496 692 τὰς
2562 629 3023 700 ὰναγεννωμένων
3095 628 3273 700 ψυχὰς
3335 628 3641 703 ’ἀναγκαῖον

358 712 653 771 eﬁ'ormari.
2060 720 2526 793 ἐξομοργνύμενον
2571 718 2939 775 ἐκτυποῦσθαι
2992 718 3088 776 τὸν
3135 720 3311 791 Λόγον
3348 720 3451 794 τῆς
3502 722 3642 797 ἀλη-

2058 811 2229 875 Θείας.

719 922 850 979 Csr.
886 921 976 979 IX.
1009 922 1189 979 Filius
1227 924 1348 992 Dei,
1371 926 1461 996 qui
1486 926 1597 995 ipse
1616 941 1818 996 semper
1846 934 1940 992 stt,
1964 924 2120 982 hodie
2150 925 2386 998 gignitur
2405 927 2459 979 in
2493 925 2688 979 animis
2724 940 2980 995 sensuque
3015 925 3276 995 ﬁdelium.

430 1042 658 1102 Videtur
685 1055 867 1102 autem
903 1048 985 1103 vel
1017 1051 1253 1105 maxime
1276 1066 1581 1123 congruere
1627 1066 1753 1106 cum
1786 1051 1916 1107 dicti

2122 1051 2308 1104 Ἔοικε
2334 1050 2393 1102 δὲ
2416 1051 2528 1113 τοῖς
2553 1047 2865 1121 εἰρημένοις
2897 1047 2991 1102 καὶ
3021 1049 3183 1103 τοῦτο
3209 1048 3442 1120 μάλιστα
3467 1069 3642 1125 προσ-

356 1141 518 1212 eique
548 1141 707 1197 aliine
752 1158 898 1209 esse,
933 1143 1081 1214 quod
1127 1159 1193 1200 ex
1226 1159 1461 1214 persona
1515 1144 1697 1201 Patris
1724 1143 1922 1202 ΟΙιτὶειι

2049 1141 2284 1197 εοικέναι
2315 1141 2410 1195 καὶ
2451 1142 2785 1212 συμφωνεῖν,
2808 1139 2870 1193 τὸ
2903 1141 3396 1213 χρησμῳδούμενον
3427 1142 3637 1199 ἄνωθεν

353 1235 596 1290 venienti
626 1235 695 1290 ad
720 1233 1017 1292 Iordanem
1050 1245 1112 1291 ut
1164 1252 1307 1308 aqua
1361 1239 1713 1302 lustraretur,
1740 1254 1772 1294 e
1804 1240 1922 1294 C(Blt

2047 1233 2108 1300 ἐξ
2135 1232 2303 1289 αὐτοῦ
2333 1232 2427 1287 τοῦ
2475 1233 2690 1305 Πατρδς
2741 1231 2822 1303 τῷ
2855 1231 3078 1306 Χριστῷ
3108 1233 3205 1286 ἐπὶ
3230 1233 3324 1287 τὸν
3369 1234 3636 1307 ἁγνισμὸν

353 1327 637 1380 oraculum
669 1325 932 1390 defertur,
965 1325 1145 1383 Filius
1194 1346 1340 1384 meus
1385 1346 1439 1383 es
1496 1338 1552 1383 tu
1582 1346 1601 1383 :
1656 1328 1768 1401 Ego
1794 1330 1922 1385 hodi.

2045 1328 2235 1396 ἥκοντι
2267 1324 2362 1380 τοῦ
2412 1324 2612 1389 ὓδατος
2640 1323 2753 1396 (20)
2800 1326 2858 1377 ὲν
2898 1323 2977 1396 τῷ
3025 1324 3263 1398 Ἰορδάνῃ
3284 1343 3297 1356 ο
3342 1328 3476 1395 Υἱός
3511 1345 3636 1398 μου

349 1415 506 1486 genui
530 1427 579 1470 te
611 1418 679 1470 ".
712 1416 1128 1475 Observandum
1186 1420 1331 1475 enim
1360 1427 1466 1486 est,
1497 1420 1692 1476 Filium
1724 1422 1922 1492 quiden

2043 1412 2104 1471 εἷ
2134 1415 2247 1472 σὺ·
2283 1415 2401 1487 ἐγὼ
2435 1415 2706 1486 σήμερον
2736 1413 3072 1485 γεγέννηκά
3097 1430 3191 1470 σε.
3210 1417 3637 1490 Παρατηρητέον

350 1520 513 1561 suum
540 1521 665 1562 esse
694 1506 976 1563 indeﬁnite
1000 1507 1409 1578 pronuntiasse,
1436 1514 1494 1564 et
1517 1510 1638 1564 sine
1670 1508 1781 1562 ulla
1816 1518 1922 1563 tem

2042 1510 2174 1581 γὰρ,
2201 1510 2281 1564 δτι
2304 1509 2365 1563 τὸ
2397 1509 2497 1580 μὲν
2525 1509 2655 1562 Υίὸν
2682 1507 2848 1564 αὐτοῦ
2870 1504 3010 1562 εἶναι
3033 1507 3301 1581 ἀορίστως
3320 1511 3637 1582 ἀπεφήνατο

348 1598 502 1671 poris
550 1600 1059 1658 determinatione:
1109 1618 1167 1657 es
1224 1602 1391 1667 enim,
1441 1602 1540 1666 ait,
1592 1616 1704 1656 non
1759 1608 1922 1657 auten

2043 1604 2140 1656 xui.
2169 1603 2445 1675 ἀχρόνως’
2474 1602 2548 1656 EI
2594 1599 2705 1674 γὰρ
2758 1600 2908 1673 αὐτῷ
2954 1601 3080 1672 ἔφη,
3122 1600 3218 1657 καὶ
3253 1602 3326 1671 ,οὐ
3361 1602 3630 1673 Γέγοναςν

347 1689 526 1758 fuisti,
563 1701 658 1749 aut
687 1693 863 1750 factus
887 1710 978 1762 es;
1036 1692 1385 1766 signiﬁcans,
1440 1707 1542 1748 nec
1585 1706 1712 1748 cum
1746 1707 1922 1749 recent

2046 1695 2328 1766 ἐμφαίνων
2394 1695 2531 1766 μήτε
2590 1694 2903 1766 πρόσφατον
2960 1693 3124 1749 αὐτὸν
3180 1696 3463 1766 τετυχέναι
3530 1698 3632 1770 τῆς

345 1792 515 1852 esset,
563 1786 621 1839 in
673 1784 1017 1855 adoptionem
1069 1800 1196 1840 eum
1244 1783 1369 1838 Filii
1426 1783 1648 1840 venisse
1698 1802 1714 1839 :
1768 1798 1922 1853 nequi

2048 1786 2341 1853 υἱοθεσίας,
2371 1787 2509 1859 μήτε
2535 1781 2602 1841 αὖ
2635 1785 3081 1860 προῦπάρξαντα,
3115 1788 3253 1859 μετὰ
3282 1788 3455 1843 ταῦτα
3478 1790 3634 1854 τέλος

344 1891 545 1935 rursus
578 1893 704 1933 cum
735 1884 862 1932 ante
883 1877 1211 1941 exstitisset,
1244 1877 1596 1949 postmodum
1635 1874 1799 1931 ﬁnem
1847 1889 1922 1930 ac-

2044 1878 2369 1950 έσχηκέναιυ
2426 1878 2567 1933 ἀλλὰ
2617 1877 3053 1952 προγεννηθέντα
3074 1917 3089 1943 ,
3142 1878 3238 1933 καὶ
3268 1879 3489 1935 ἔσεσθαι
3535 1882 3633 1935 καὶ

344 1972 561 2043 cepisse
593 1989 606 2026 :
639 1971 735 2029 sed
764 1972 859 2042 qui
903 1980 1030 2026 ante
1058 1971 1279 2042 genitus
1309 1972 1398 2034 sit,
1458 1971 1711 2028 eumdem
1737 1977 1793 2025 et
1828 1968 1922 2025 fort

2042 1967 2182 2025 εἷναι
2212 1970 2305 2025 τὸν
2336 1971 2521 2026 αὐτόν.
2555 1972 2630 2027 Τὸ
2675 1971 2753 2037 δὲ,
2795 1973 2944 2042 Ἐγὼ
2984 1972 3256 2042 σήμερον
3298 1972 3634 2045 γεγέννηκὰ

342 2073 398 2120 et
424 2080 567 2121 esse.
595 2063 750 2130 Quod
774 2079 903 2119 vero
928 2064 1101 2128 addit,
1131 2063 1242 2134 Ego
1264 2064 1418 2119 hodie
1436 2065 1592 2135 genui
1613 2073 1679 2128 te,
1701 2063 1806 2119 hoc
1835 2061 1943 2119 sibi

343 2156 500 2213 vult:
533 2153 639 2221 Qui
670 2163 798 2211 ante
830 2155 1034 2211 saecula
1094 2154 1316 2225 illisque
1371 2154 1652 2225 antiquior
1694 2152 1748 2207 in
1783 2151 1942 2208 caelis

341 2267 487 2316 cras,
521 2252 672 2307 volui
704 2259 758 2308 et
807 2248 1016 2305 mundo
1059 2249 1321 2321 gignere:
1352 2248 1458 2305 hoc
1504 2255 1611 2314 est,
1667 2248 1763 2319 qui
1812 2253 1941 2303 ante

343 2344 565 2413 ignotus
604 2357 764 2409 eras,
816 2342 875 2397 in
912 2342 1197 2398 hominum
1240 2341 1614 2413 cognitionem
1665 2340 1940 2397 adducere

340 2445 506 2508 teque
532 2437 643 2492 illis
669 2434 1046 2493 manifestare.
1087 2434 1336 2509 Denique
1390 2434 1593 2507 quibus
1620 2434 1939 2491 hominibus

340 2531 573 2586 necdum
620 2543 820 2586 sensus
870 2529 1056 2586 illatus
1098 2537 1183 2585 est
1236 2526 1595 2584 multiformis
1654 2525 1936 2597 sapientiae

339 2618 459 2686 Dei,
489 2622 558 2677 iis
585 2621 823 2678 necdum
848 2621 1104 2680 Christus
1133 2628 1299 2677 natus
1323 2626 1430 2684 est,
1448 2618 1694 2675 nondum
1722 2619 1934 2676 scilicet

337 2718 595 2789 cognitus
622 2724 727 2781 est,
760 2716 1004 2772 nondum
1040 2715 1450 2779 manifestatus,
1482 2713 1727 2769 nondum
1765 2728 1934 2784 appa—

337 2809 472 2863 ruit.
499 2807 555 2863 Si
594 2824 727 2864 vcro
756 2808 1031 2864 senserint
1062 2815 1118 2863 et
1171 2808 1276 2878 ipsi
1332 2806 1655 2877 mysterium
1703 2807 1927 2878 gratiae,

336 2908 472 2956 tunc
499 2910 553 2956 et
580 2900 710 2965 illis,
729 2916 854 2956 cum
886 2898 1354 2955 fuerintconversi
1375 2897 1648 2969 ﬁdemque
1678 2912 1931 2969 suscepe-

334 2995 469 3058 rint,
517 3007 624 3063 qua
657 2992 886 3048 scicntia
911 3007 977 3046 ac
1020 2990 1377 3061 intelligentia
1405 2988 1704 3054 donantur,
1736 2988 1925 3044 nasci-

2042 2078 2137 2127 σε,
2168 2062 2251 2116 ὅτι
2284 2062 2529 2135 Προόντα
2562 2063 2662 2135 ήδη
2692 2062 2797 2136 πρὸ
2826 2062 2937 2117 τῶν
2968 2062 3182 2118 αἰώνων
3220 2067 3278 2119 ὲν
3313 2067 3426 2128 τοῖς
3461 2067 3629 2137 οὐρα-

2039 2156 2172 2221 νοίς,
2207 2153 2506 2226 ἐϐουλήθην
2538 2154 2633 2208 καὶ
2671 2154 2750 2226 τῷ
2785 2154 2976 2228 κόσμῳ
3009 2156 3294 2228 γεννῆσαν
3323 2157 3352 2209 6
3382 2157 3447 2229 δή
3484 2159 3626 2224 ἐστι,

2041 2245 2278 2319 πρόσθεν
2297 2247 2661 2318 ἀγνοούμενον
2685 2246 2974 2320 γνωρίσαι.
3013 2248 3230 2320 Ἀμέλει
3252 2252 3364 2313 τοῖς
3399 2249 3628 2320 μηδέπω

2037 2340 2148 2395 τῶν
2181 2339 2484 2411 ἀνθρώπων
2519 2338 2950 2413 συνῃσθημένοις
2976 2341 3077 2413 τὴν
3111 2339 3497 2395 πολυποίκιλον
3535 2357 3628 2395 σο-

2038 2433 2168 2503 φίαν
2210 2432 2306 2487 τοῦ
2336 2431 2472 2487 Θεοῦ
2498 2435 2528 2488 6
2564 2433 2798 2503 Χριστὸς
2837 2432 3052 2488 οὐδέπω
3081 2434 3440 2506 γεγέννηταυ
3486 2434 3626 2508 ὅπερ

2034 2524 2220 2590 ἐστὶν,
2249 2524 2463 2579 οὐδέπω
2500 2522 2783 2594 ἐγνώσθη,
2817 2522 3027 2577 οὐδέπω
3065 2522 3488 2596 πεφανέρωται,
3528 2524 3624 2579 ού-

2033 2617 2183 2673 δέπω
2215 2617 2411 2689 ἐφάνη.
2441 2618 2504 2671 Et
2536 2616 2594 2671 δὲ
2630 2615 2903 2671 αἴσθοιντο
2943 2616 3039 2670 καὶ
3080 2611 3225 2672 οὗτοι
3270 2617 3370 2688 τῆς
3400 2616 3625 2689 χάριτος

2031 2710 2093 2764 τὸ
2130 2711 2428 2784 μυστήριον
2450 2749 2466 2775 ,
2499 2710 2620 2763 τότε
2672 2708 2737 2780 δὴ
2777 2708 2872 2762 καὶ
2919 2707 3130 2772 αὐτοῖς,
3159 2708 3322 2762 ὁπότε
3364 2708 3626 2779 ἐπέστρε-

2029 2800 2139 2872 ψαν
2171 2803 2265 2857 καὶ
2298 2802 2646 2866 ἐπίστευσαν,
2681 2799 2823 2854 κατὰ
2856 2798 2954 2871 τὴν
2988 2799 3192 2870 γνῶσιν
3224 2800 3319 2854 καὶ
3350 2799 3448 2871 τὴν
3496 2800 3624 2853 σύν-

2029 2911 2147 2949 εσιν
2168 2896 2442 2964 γεννᾶται.
2469 2893 2562 2947 Διὸ
2601 2891 2989 2967 προσηκόντως
3022 2890 3272 2946 ἐντεῦθεν
3307 2894 3339 2963 ὴ
3384 2892 3618 2964 Ἐκκλη-

2032 2988 2125 3043 σία
2146 2988 2238 3042 τὸν
2259 2987 2465 3060 ἄρσενα
2492 2987 2664 3057 Λόγον
2697 2988 2756 3040 ὲν
2799 2987 2912 3049 τοῖς
2948 2983 3327 3058 ἁγνιζομένοις
3352 2986 3441 3041 ἀεὶ
3481 3004 3620 3059 μορε

337 3094 448 3141 tur.
478 3083 659 3151 Quare
688 3084 818 3139 hinc
847 3082 1237 3138 convenienter
1266 3080 1534 3147 Ecclesia,
1578 3080 1637 3135 in
1672 3079 1782 3136 illis
1827 3079 1922 3151 qui

2030 3080 2165 3151 φοῠν
2205 3057 2422 3152 λέγεται
2467 3081 2563 3134 καὶ
2609 3080 2825 3151 γεννᾷν.
2859 3079 2970 3132 Καὶ
3007 3077 3078 3133 τὰ
3109 3057 3209 3151 μὲν
3246 3078 3312 3149 δὴ
3346 3057 3621 3152 περὶ-τῶν

335 3178 641 3234 lustrantur
670 3176 782 3249 (qui
808 3178 1007 3232 scilicet
1044 3176 1305 3246 baptismo
1358 3175 1654 3246 tinguntur)
1676 3172 1920 3234 Verbum

332 3271 637 3327 masculum
668 3285 886 3342 semper
928 3270 1170 3326 formare
1198 3284 1262 3324 ac
1290 3270 1516 3341 gignere
1567 3268 1792 3325 dicitur.
1853 3265 1921 3322 Et

331 3364 551 3433 quidem
586 3364 852 3419 hactenus
885 3363 952 3419 de
1008 3364 1156 3419 illius
1194 3372 1356 3436 partu
1395 3379 1497 3435 pro
1534 3362 1798 3419 facultate
1837 3360 1923 3416 di-

2029 3174 2233 3229 ὠδίνων
2276 3174 2445 3246 αὐτῆς
2491 3176 2571 3239 είς
2598 3173 2827 3246 δύναμιν
2859 3172 3106 3246 εἴρηται’
3149 3173 3218 3227 τὰ
3258 3173 3315 3228 δὲ
3346 3174 3475 3247 περὶ
3519 3173 3617 3229 τοῦ

2028 3265 2322 3337 δράκοντος
2354 3263 2449 3319 καὶ
2481 3263 2589 3318 τῶν
2612 3263 2787 3320 ἄλλων
2818 3263 2945 3337 τῇδε
2982 3261 3366 3335 μεταϐλητέον.
3404 3262 3620 3321 Οὐκοῦν

2031 3356 2353 3430 πειρώμεθα
2380 3356 2541 3411 πάλιν
2572 3355 2747 3420 ἄλλως
2778 3356 2842 3426 γέ
2872 3374 2988 3421 πως
3011 3355 3226 3429 δηλοῦν,
3248 3351 3293 3411 ὧ
3332 3357 3616 3430 παρθένοι,

330 3465 481 3511 clum
506 3457 600 3512 sit.
650 3455 917 3527 Deinceps
964 3457 1031 3513 de
1064 3458 1324 3525 dracone,
1355 3457 1533 3529 deque
1565 3458 1691 3514 aliis
1737 3457 1796 3513 in
1828 3456 1922 3512 illa

2032 3450 2199 3523 μηδὲν
2239 3448 2625 3505 ἀποδειλιῶσαι
2657 3450 2793 3521 πρὸς
2828 3449 2890 3503 τὸ
2941 3449 3171 3521 μέγεθος
3208 3451 3316 3505 τῶν
3358 3454 3617 3524 αίνιγμά-

333 3544 619 3617 Scriptura
671 3550 1008 3615 memoratis,
1060 3548 1193 3604 ﬁdes
1245 3549 1530 3605 liberanda
1593 3557 1697 3605 est.
1739 3548 1921 3616 Quare

2027 3558 2136 3598 των
2168 3542 2272 3616 τῆς
2317 3542 2577 3615 Γραφῆς·
2613 3544 2662 3597 εί
2693 3542 2750 3596 δέ
2804 3559 2859 3596 τι
2897 3541 3156 3597 δύσκολον
3198 3544 3461 3616 ἐμπίπτει
3500 3549 3617 3611 τοῖς

330 3638 531 3696 iterum
581 3654 845 3696 conemur
899 3656 1005 3709 ea,
1064 3658 1099 3698 o
1151 3643 1432 3714 virgines,
1502 3644 1698 3715 quovis
1756 3642 1918 3698 modo

2027 3637 2206 3707 λόγοις
2230 3679 2245 3703 ,
2304 3634 2416 3707 ἐγὼ
2468 3635 2630 3691 πάλιν
2679 3637 2823 3708 ὑμᾶς
2886 3634 3076 3710 ὥσπερ
3135 3639 3382 3710 ποταμὸν
3439 3638 3615 3693 διασι-

328 3743 623 3799 exponere,
656 3729 794 3783 nihil
825 3730 1175 3801 aenigmatum
1206 3732 1583 3804 magnitudine
1606 3741 1700 3788 aut
1719 3732 1919 3789 obscu-
2028 3731 2202 3785 δάσω.

330 3822 493 3877 ritate
544 3822 840 3879 deterritas.
892 3823 1050 3891 Quod
1106 3825 1155 3882 si
1198 3826 1332 3898 quid
1384 3828 1705 3899 perplexum
1751 3834 1847 3883 aut
1895 3824 2121 3881 difﬁcile
2180 3823 2437 3880 inciderit
2462 3863 2480 3889 ,
2533 3838 2636 3897 ego
2679 3839 2904 3882 rursum
2956 3826 3113 3883 vobis
3166 3827 3326 3898 quasi
3384 3833 3612 3898 pontem

328 3923 595 3983 sternam,
651 3926 745 3974 aut
790 3920 1074 3990 portitoris
1121 3922 1281 3993 quasi
1334 3923 1513 3980 oﬁicio
1547 3933 1700 3980 trans
1731 3937 1948 3980 amnem
1978 3920 2201 3977 veham.

327 4034 460 4090 CAP.
500 4033 566 4090 Χ.
604 4035 803 4101 Draco,
829 4036 1096 4094 diabolus.
1124 4036 1330 4105 Stellae,
1360 4038 1614 4096 draconis
1643 4040 1819 4124 cauda
1840 4039 1969 4124 creto
2009 4054 2270 4099 excussae,
2301 4037 2560 4095 haeretici.
2594 4036 2878 4095 Trinitatis
2906 4038 3134 4103 numeri,
3160 4036 3217 4094 id
3251 4048 3330 4094 est
3364 4052 3606 4108 persona:

1505 4120 1797 4167 numeratte
1818 4129 1838 4168 :
1868 4120 2013 4167 circa
2039 4126 2154 4175 eas,
2185 4125 2407 4165 errores.

2064 4220 2094 4250 '
2096 4229 2159 4283 '0
2189 4227 2427 4300 δράκων,
2471 4230 2500 4282 6
2540 4230 2749 4301 μέγας,
2779 4229 2811 4283 6
2847 4229 3085 4304 πυρρὸς,
3118 4229 3149 4283 6
3181 4227 3539 4301 πολύτροπος,
3571 4228 3607 4281 6

2014 4320 2370 4391 πολυσχιδὴς,
2407 4321 2437 4373 6
2470 4321 2869 4393 ὲπτακέφαλος,
2896 4324 2925 4376 6
2966 4320 3327 4394 κερασφόρος,
3362 4321 3392 4373 6
3420 4318 3604 4391 σύρων

2014 4417 2080 4472 τὸ
2108 4417 2290 4489 τρίτον
2317 4414 2425 4470 τῶν
2465 4414 2736 4489 ἀστέρων,
2773 4417 2834 4479 ὃς
2861 4416 3008 4469 ἔστιν
3040 4412 3366 4485 ἐφεδρεύων,
3413 4412 3499 4467 ἵνα
3535 4409 3605 4467 τὸ

398 4222 578 4279 Draco
611 4225 724 4292 ille,
759 4242 1013 4299 magnus,
1044 4228 1223 4294 rufus,
1257 4237 1535 4295 versutus,
1584 4230 1908 4298 multiﬁdus,

325 4319 618 4390 septiccps,
646 4321 923 4392 corniger.
955 4323 1175 4379 tertiam
1208 4323 1434 4380 trahens
1470 4324 1753 4380 stellarum
1785 4339 1916 4397 par-

324 4422 460 4479 tem,
489 4413 546 4466 in
570 4412 788 4470 insidiis
815 4414 1040 4472 latitans
1077 4423 1139 4470 ut
1168 4415 1415 4473 mulieris
1443 4417 1802 4488 parturientis
1844 4417 1910 4474 ﬁ-

392 4567 442 4600 ⁸⁸
476 4565 632 4623 Psat.
660 4583 722 4634 ιι,
751 4568 841 4628 l7.

395 4721 507 4811 (20)
525 4724 649 4778 Ἐπὶ
671 4724 779 4811 τὸν
797 4724 1097 4811 ἀχνιρνμεξν
1112 4725 1213 4811 τοῦ
1236 4725 1659 4811 ὕδατοςεΝοιίιῐι
1685 4728 1905 4811 σφάλμα

2027 4737 2161 4811 :Itnt.
2220 4728 2406 4811 leam.
2443 4745 2526 4811 ιιι,
2578 4730 2769 4811 ἐὰνιμή
2815 4746 2901 4793 τις
2936 4727 3170 4811 γεννηθῇ
3218 4725 3459 4811 ᾀνωθεγς
3502 4728 3595 4811 alii

322 4791 430 4874 hoc
466 4791 799 4874 μνημονικόν
827 4791 1102 4874 Methodio
1139 4798 1292 4874 dare_,
1326 4798 1485 4874 quasi
1515 4798 1679 4874 verba
1705 4791 1842 4874 p'sall
1866 4815 1903 4874 ιι
2008 4801 2199 4874 denuo,
2222 4801 2337 4863 alii,
2361 4791 2522 4874 forte
2564 4791 2784 4874 melius,
2809 4818 2849 4874 _e
2882 4791 3170 4874 supernis:
3209 4800 3325 4874 sive
3368 4791 3596 4874 degcwto

323 4868 443 4940 ipsa
480 4868 793 4940 evangelica
849 4868 1159 4940 putaverit:
1187 4868 1283 4940 sed
1316 4868 1518 4940 tuatim
1569 4868 1673 4923 sibi
1726 4869 1909 4924 indul-
2008 4871 2268 4940 (superna
2298 4869 2510 4926 scilicet
2540 4878 2597 4925 et
2622 4885 2689 4926 ex
2712 4871 2899 4926 divino
2921 4869 3130 4925 semine
3157 4869 3462 4940 nativitatc)
3494 4884 3595 4924 exe

323 4935 488 4999 sisse,
514 4942 574 4989 ut
630 4935 952 5007 prophetica
989 4938 1179 5003 verba,
1210 4938 1278 4994 de
1300 4937 1534 5011 Christo,
1552 4940 1634 4995 sic
1655 4941 1814 5008 quasi
1838 4956 1901 5011 es
2008 4935 2311 5010 posuerunt
2348 4942 2482 4996 :ubi
2537 4949 2717 4996 tamen
2780 4941 2920 4995 ratio
2966 4941 3148 5010 aliqua
3183 4948 3275 5011 est
3290 4940 3383 5011 _sic
3416 4935 3589 5011 expo-

322 5018 465 5086 aqua
497 5015 778 5086 nascente,
814 5018 1133 5079 exponeret,
1164 5008 1439 5086 quomodo
1468 5010 1637 5086 etiam
1661 5010 1906 5086 Ecclesia
2007 5008 2282 5086 iiend_i,_id
2337 5011 2660 5086 est_den_uo,
2684 5013 2868 5086 “quod
2906 5011 2980 5065 ita
3039 5008 3227 5086 crasse
3258 5008 3591 5071 Nicodemus

322 5078 380 5127 in
409 5078 528 5143 ejus
582 5079 757 5150 natali
796 5094 859 5133 ea
886 5078 1138 5148 usurpat,
1184 5078 1331 5134 velut
1375 5078 1444 5134 de
1482 5095 1549 5134 eo
1587 5081 1731 5135 dicta
1771 5083 1903 5146 sint,
2008 5081 2289 5137 Dominica
2342 5082 2508 5138 verba
2570 5078 2917 5145 intellexerit,
2966 5095 3032 5135 ac
3070 5080 3229 5150 quasi
3272 5094 3469 5136 novam
3519 5091 3589 5138 ex

320 5153 690 5221 aeternamque
713 5148 833 5218 ejus
848 5150 1186 5206 nativitatem
1208 5160 1262 5221 et
1279 5152 1657 5221 temporalem,
1680 5161 1908 5221 paterno
2008 5162 2165 5209 utero
2197 5154 2346 5208 senis
2399 5153 2638 5208 hominis
2681 5154 3021 5209 nativitatem
3071 5148 3300 5214 diceret,
3331 5167 3444 5207 non
3467 5166 3591 5221 qua

2006 5238 2071 5278 ex
2107 5223 2217 5279 Deo
2256 5231 2402 5279 esset
2435 5238 2516 5294 _ac
2564 5223 2858 5293 spiritalis;
2894 5221 3040 5294 quod
3072 5224 3153 5277 sic
3190 5223 3451 5278 adverbio
3480 5226 3587 5280 loci

2006 5309 2106 5364 pro
2124 5301 2312 5348 nostra
2351 5292 3119 5364 ruditate,_praeeunte_divino
3149 5296 3393 5364 oraculo,
3421 5297 3590 5364 expli-

2005 5362 2132 5419 care
2161 5364 2427 5434 cogimur.
2458 5363 2568 5419 Nec
2596 5362 2837 5420 Joannes
2857 5362 3005 5420 aliud
3031 5365 3261 5434 voluerit
3290 5362 3586 5421 Dominum

2004 5436 2212 5493 dixisse
2240 5433 2361 5490 eam
2408 5435 2749 5489 nativitatem
2776 5451 2940 5505 quam
2967 5433 3114 5505 quod
3144 5435 3263 5505 ipse
3291 5451 3410 5490 eam
3445 5437 3586 5492 dixit

318 5499 378 5578 eg
398 5499 662 5578 οὐρανῶν,
701 5501 848 5578 _Luc.
905 5519 990 5578 Ill,
1023 5507 1081 5572 ἐξ
1118 5504 1371 5578 οὐρανοῦ,
1398 5521 1426 5557 e
1455 5506 1617 5569 caelis,
1654 5506 1717 5560 de
1744 5506 1893 5569 ca’lo,

2027 5522 2125 5578 :ap.
2152 5524 2189 5573 ι,
2224 5507 2288 5559 ὲκ
2310 5506 2403 5559 τοῦ
2428 5505 2585 5567 Θεοῦ,
2610 5519 2676 5578 ex
2702 5499 2852 5569 Deo;
2885 5499 3007 5576 ψιιὲ
3037 5499 3427 5578 ipsa-secunda
3461 5509 3585 5577 qui-

319 5571 594 5635 dixerunt,
623 5572 857 5645 indeque
880 5571 1200 5645 idelap’sam'
1240 5576 1460 5630 Christo
1488 5584 1769 5645 paternam
1798 5592 1899 5631 νο-
1948 5612 1951 5613 ν
2005 5571 2128 5632 dein
2159 5571 2316 5632 estet
2343 5592 2510 5643 nova;
2542 5575 2637 5630 sed
2671 5590 2735 5630 ea
2771 5571 2925 5638 voce,
2962 5571 3075 5630 non
3100 5575 3156 5629 id
3182 5576 3359 5645 primo
3387 5571 3569 5645 impor

318 5654 435 5717 ceni
460 5651 564 5717 ;_ut
593 5643 670 5717 si_t_
709 5643 1039 5717 adverbium
1063 5647 1186 5708 loci,
1230 5660 1337 5699 non
1363 5643 1646 5716 temporis,
1681 5662 1745 5701 ac
1775 5647 1902 5701 ἀντὶ
2008 5657 2126 5702 tare
2152 5647 2387 5710 videtur,
2412 5646 2557 5717 quod
2583 5645 2821 5701 secunda
2843 5653 2898 5700 et
2919 5661 3060 5701 nova
3081 5643 3197 5711 est,
3212 5643 3482 5717 sedquod
3502 5661 3557 5702 ta

316 5712 432 5775 τοῦ,
450 5712 762 5783 οὐρανόθεν,
789 5722 850 5768 ιιι
893 5715 980 5769 hic
1024 5717 1275 5783 sumitur,
1302 5717 1445 5787 quod
1476 5712 1527 5772 et
1552 5718 1642 5773 alii
1674 5726 1896 5775 notave-
2010 5719 2075 5775 lis
2099 5718 2327 5790 originis
2354 5712 2445 5790 (ex
2464 5716 2573 5774 Deo
2600 5717 2811 5775 scilicet
2834 5723 2886 5773 et
2907 5732 2938 5773 e
2960 5717 3136 5789 cmlis)
3160 5723 3261 5774 est.
3287 5712 3563 5775 coneris

319 5216 966 5294 quasioraculq‘sonent.
1004 5222 1099 5286 Τὸ,
1131 5220 1336 5294 ἄνωθεν
1382 5216 1896 5294 ᾖρησμῳδούμενον,

320 5286 465 5368 quod
498 5286 676 5368 reddit
698 5288 1017 5368 _Possinius,
1045 5291 1330 5368 _o_raculum
1365 5286 1661 5368 antiquum,
1703 5286 1894 5368 parum

318 5356 462 5431 mihi
504 5359 949 5431 ecclesiasticum
1006 5365 1222 5419 videtur
1281 5373 1334 5416 et
1369 5356 1720 5431 appositum:
1760 5363 1894 5417 Nam

320 5427 464 5497 quod
493 5428 695 5485 ἄνωθεν
724 5431 862 5486 dixit
889 5432 1213 5497 Methodius,
1240 5433 1291 5487 id
1314 5427 1504 5487 Matth.
1530 5435 1829 5499 m,et.\lar.
1854 5450 1894 5496 ι,
