3866 6160
160 300 263 358 153

1233 307 1370 366 (ἒοΝ
1379 307 1621 365 VlVlUM
1662 304 1892 362 DECEM
1932 302 2294 362 VIRGINUM.

3338 305 3443 362 134

153 418 344 472 τέκνον
380 420 478 491 τῆς
510 419 806 490 ὡδινοὺσης
833 423 1088 491 γυναικὸς
1113 425 1430 500 καταφάγῃ,
1462 428 1491 480 6
1515 424 1736 480 διάϐολος

1858 422 1990 477 lium
2021 423 2264 487 devoret,
2294 419 2549 476 diabolus
2589 418 2681 475 hic
2734 425 2842 483 est,
2891 419 2947 475 in
2997 419 3102 476 hoc
3134 419 3350 476 locatus
3382 438 3448 478 ac

152 508 310 576 οὗτός
353 516 505 566 ἐστιν
546 515 574 566 6
615 513 932 586 ἐνεδρεύων,
967 517 996 569 6
1031 516 1205 588 λοχῶν
1245 517 1590 589 λυμήνασθαι
1637 515 1747 570 τῶν

153 604 541 675 φωτισθέντων
583 604 673 658 τὸν
706 606 1102 677 χριστόληπτον
1134 607 1279 674 νοῦν,
1317 611 1412 663 καὶ
1447 609 1547 680 τὴν
1581 607 1745 662 ὲκτύ-

150 710 329 751 πῶσιν
356 697 454 750 καὶ
491 697 762 768 τράνωσιν
793 699 893 771 τὴν
922 703 980 754 ὲν
1021 701 1205 764 αὐτοῖς
1233 699 1624 772 άποτεχθεῖσαν
1649 698 1744 754 τοῦ

149 789 329 857 Λόγου
351 804 365 820 ⁸
399 788 516 843 ἀλλ’
547 791 765 862 ἀστοχεῖ
791 793 886 845 καὶ
930 793 1228 862 σφάλλεται
1271 794 1371 865 τῆς
1399 794 1598 865 ἄγρας,
1633 793 1747 848 ἄνω

149 881 288 952 πρὸς
342 879 480 952 ὕψος
522 881 920 954 ἁρπαζομένων
951 883 1059 938 τῶν
1100 885 1559 956 ἀναγεννωμένων
1609 885 1746 958 πρὸς

147 975 238 1026 τὸν
275 973 473 1046 θρόνον
523 975 618 1028 τοῦ
662 976 818 1029 Θεοῦ.
868 979 934 1030 Ὅ
979 975 1041 1048 δή
1076 979 1256 1043 ἐστιν,
1308 977 1422 1032 ἄνω
1469 979 1596 1050 περὶ
1645 977 1746 1049 τὴν

148 1063 304 1118 θείαν
352 1063 548 1136 ἕδραν,
588 1067 684 1121 καὶ
718 1069 817 1140 τὴν
861 1069 1286 1124 άσκανδάλιστον
1331 1070 1596 1124 ὑπόϐασιν
1645 1071 1745 1142 τῆς

148 1156 438 1229 ἀληθείας,
463 1159 681 1231 αἴρεται
710 1161 771 1214 16
796 1162 1054 1234 φρόνημα
1083 1163 1189 1218 τῶν
1226 1164 1742 1230 ἀνακαινισθέντων,

147 1246 215 1300 τὰ
239 1248 361 1301 ἐκεῖ
397 1247 617 1318 βλέπειν
652 1253 749 1304 καὶ
779 1251 852 1326 ,τὰ
884 1254 1000 1306 ἐκεῖ
1048 1253 1417 1322 φαντάζεσθαι
1463 1255 1741 1325 παιδαγω-

147 1341 460 1412 γουμένων,
491 1343 581 1398 ἵνα
611 1344 689 1414 μὴ
709 1345 964 1416 ἀπατηθῇ
988 1347 1126 1416 πρὸς
1159 1347 1252 1400 τοῦ
1293 1348 1586 1418 δράκοντος
1628 1349 1742 1421 βρί-

147 1434 334 1499 θοντος
366 1437 541 1492 κάτω.
577 1438 652 1491 Οὐ
681 1438 789 1511 γὰρ
820 1439 970 1510 αὐτῷ
997 1439 1158 1512 θέμις
1188 1443 1314 1505 τοὺς
1344 1442 1457 1496 άνω
1488 1443 1742 1508 νεύοντας

148 1529 242 1581 καὶ
273 1529 581 1598 βλέποντας
604 1533 883 1602 ἀφανίσαι.
913 1536 976 1588 Ut
1009 1534 1066 1588 δὲ
1092 1534 1319 1608 ἀστέρες
1349 1534 1509 1599 εἰσὶν,
1541 1535 1636 1599 οὓς
1665 1537 1743 1608 τῷ

147 1622 245 1691 τῆς
277 1622 452 1693 οὐρᾶς
474 1623 630 1695 ἄκρῳ
662 1625 802 1679 κατὰ
844 1627 1089 1698 κορυφῆς
1120 1628 1494 1699 ἐφαπτόμενος
1537 1629 1616 1692 εἰς
1644 1629 1742 1700 τὴν

145 1717 248 1787 γῆν
287 1719 570 1788 κατασπᾷ,
603 1717 712 1771 τῶν
739 1719 1004 1790 αἱρέσεων
1025 1722 1082 1772 αἱ
1122 1721 1446 1791 συστροφαί.
1482 1720 1744 1792 Ἀστέρας

143 1807 254 1880 γὰρ
293 1812 629 1874 σκοτεινούς,
664 1811 940 1882 ἀμυδροὺς
988 1813 1083 1866 καὶ
1110 1814 1610 1884 ταπεινοστρεφεῖς,
1645 1811 1744 1876 τὰς

144 1902 500 1966 ἑπισυνόδους
535 1901 643 1956 τῶν
681 1904 1004 1975 ἑτεροδόξων
1043 1899 1182 1958 εἶναι
1217 1905 1484 1976 φραστέον
1505 1922 1517 1934 ·
1554 1904 1742 1976 ἐπειδὴ

144 1994 257 2048 τῶν
313 1996 581 2067 οὐρανίων
625 2000 985 2070 ἐπιστήμονες
1035 1993 1176 2052 εἶναι
1219 1999 1284 2072 δὴ
1327 1999 1604 2070 βούλονται
1648 1999 1743 2052 καὶ

144 2087 328 2149 αὐτοὶ,
358 2090 456 2141 καὶ
485 2090 564 2153 εἰς
591 2089 824 2160 Χριστὸν
858 2091 1303 2158 πεπιστευκέναι,
1336 2092 1431 2146 καὶ
1457 2092 1557 2163 τὴν
1579 2092 1744 2164 ἕδραν

145 2178 295 2249 ἔχειν
343 2181 445 2252 τῆς
477 2181 657 2253 ψυχῆς
690 2184 748 2237 ἐν
797 2187 908 2247 τοῖς
961 2184 1246 2256 οὐρανοῖς,
1293 2185 1386 2239 καὶ
1422 2185 1743 2256 πλησιάζειν

142 2274 257 2334 τοῖς
289 2272 534 2343 ἄστροις,
565 2273 640 2337 ὡς
673 2273 854 2342 φωτὸς
895 2276 1083 2330 τέκνα.
1131 2276 1290 2330 Ἀλλὰ
1316 2277 1740 2349 κατασύρονται,

142 2362 238 2416 τοῦ
286 2363 582 2434 δράκοντος
642 2367 1015 2432 ὲκσεισθέντες
1051 2373 1170 2433 ταῖς
1222 2369 1478 2434 πλοκαῖς,
1529 2371 1611 2424 ὅτι
1665 2370 1740 2442 μὴ

139 2453 250 2508 τῶν
277 2455 563 2526 τριγώνων
583 2459 715 2512 εἴσω
735 2458 836 2529 τῆς
860 2457 1143 2525 εὐσεϐείας
1163 2461 1400 2522 ἔστησαν
1423 2463 1740 2532 σχημάτων,

144 2547 479 2611 πταίσαντες
527 2550 699 2622 αὐτῆς
747 2553 876 2626 περὶ
925 2553 1025 2625 τὴν
1074 2553 1353 2626 ὀρθόδοξον
1407 2552 1736 2625 θρησκείαν·

141 2637 267 2692 ὅθεν
304 2641 400 2694 καὶ
432 2643 617 2712 τρίτον
650 2644 756 2697 τῶν
789 2647 1036 2718 ἀστέρων
1064 2645 1376 2717 ἐκλήθησαν
1413 2647 1599 2718 μέρος,
1631 2639 1744 2700 οἷον

144 2734 277 2804 περὶ
329 2732 425 2786 ἕνα
459 2734 568 2788 τῶν
608 2737 860 2808 ἀριθμῶν
903 2740 1004 2810 τῆς
1061 2738 1290 2810 Τριάδος
1327 2738 1738 2809 διεσφαλμένοι,

139 2827 229 2879 ὁτὲ
274 2828 376 2897 μὲν
404 2828 496 2880 τὸν
545 2829 641 2882 τοῦ
677 2831 926 2903 Πατρὸς,
959 2831 1036 2896 ὡς
1089 2831 1410 2896 Σαϐέλλιος,
1441 2831 1603 2885 αὐτὸν
1646 2833 1740 2887 τὸν

141 2917 574 2991 Παντοκράτορα
598 2919 712 2990 (21)
738 2921 897 2988 λέξας
922 2923 1284 2978 πεπονθέναι·
1321 2925 1410 2978 ὁτὲ
1439 2924 1494 2977 δὲ
1517 2925 1618 2978 ’τὸν
1641 2927 1737 2980 τοῦ

141 3010 300 3074 Tios,
333 3011 413 3076 ὡς
455 3014 748 3084 Ἀρτεμᾶς,
785 3016 881 3068 καὶ
909 3017 960 3070 οί
1002 3016 1222 3089 δοκήσει
1255 3017 1418 3072 αὐτὸν
1449 3019 1737 3090 ἀποφηνά-

145 3106 680 3208 με·θοι“τίεφυκέναιο
725 3109 814 3162 ὁτὲ
857 3108 914 3162 δὲ
963 3110 1092 3182 περὶ
1137 3111 1230 3164 τὸν
1259 3111 1354 3165 τοῦ
1394 3113 1734 3184 Πνεύματος,
1764 3150 1806 3208 C

141 3195 215 3258 ὡς
287 3196 607 3263 Ἐϐιοναῖοι,
661 3199 722 3263 ἐξ
777 3200 910 3264 ιδίας
942 3202 1210 3273 κινήσεως
1260 3205 1388 3268 τοὺς
1452 3206 1738 3276 προφήτας

138 3287 501 3358 λελαληκὲθαι
561 3292 1010 3360 φιλονεικοῦντες.
1069 3296 1398 3368 Μαρκίωνος
1467 3296 1575 3368 γὰρ
1641 3298 1736 3350 καὶ

139 3383 524 3452 Οὐαλεντίνου,
548 3389 770 3443 καὶτῶν
801 3406 867 3442 πε
877 3391 929 3463 pl.
950 3391 1042 3446 16v
1070 3392 1380 3447 Ἐλκεσαῖον
1405 3393 1497 3446 καὶ
1519 3392 1733 3458 ἄλλους,

141 3475 308 3528 καλὸν
337 3477 476 3548 μηδὲ
513 3496 620 3551 μνη
628 3481 904 3551 μονεῦσαι.

1855 515 2122 581 insidens,
2153 523 2214 570 ut
2239 529 2429 569 eorum
2455 513 2548 584 qui
2585 513 2880 568 illuminati
2935 520 3065 568 sunt
3093 513 3314 569 Christo
3359 514 3447 568 af-

1854 611 2037 664 ﬂatam
2064 610 2312 665 destruat
2342 617 2612 676 mentem,
2661 605 2937 676 Verbique
2986 606 3044 660 in
3093 606 3175 660 eis
3224 615 3446 662 enatam

1856 701 2086 757 formam
2147 715 2212 754 ac
2261 699 2490 771 efﬁgiem
2544 698 2865 770 lucidosque
2913 697 3035 768 ejus
3096 697 3446 754 characteres

1854 793 2089 848 aboleat.
2118 791 2318 848 Verum
2350 793 2556 850 frustra
2611 802 2714 858 est,
2756 789 3060 862 prardteque
3108 791 3185 845 illi
3214 799 3448 848 conatus

1853 887 1910 940 in
1954 901 2172 941 cassqu
2213 885 2436 949 cedunt,
2502 885 2648 955 quod
2689 883 2741 938 hi
2789 883 2884 953 qui
2943 893 3354 954 regeneranlnr,
3386 883 3446 939 in

1853 977 2086 1032 sublime
2113 977 2401 1046 rapiuntur
2421 976 2490 1030 ad
2527 974 2622 1031 Dei
2659 975 2935 1031 thronum.
2971 973 3086 1030 Hoc
3113 983 3219 1043 est,
3253 990 3444 1030 eorum

1852 1086 2008 1126 mens
2037 1079 2092 1125 et
2121 1071 2382 1141 cogitatio
2429 1070 2523 1140 qui
2577 1069 2824 1125 renovati
2887 1077 3056 1134 sunt,
3087 1069 3447 1140 cmlestiaque

1852 1163 2036 1217 animo
2061 1162 2360 1218 informare
2384 1163 2641 1225 instituti,
2674 1163 2782 1217 alte
2813 1162 3022 1216 circum
3081 1162 3322 1217 divinam
3355 1178 3448 1218 se-

1851 1255 1975 1310 dem
2010 1271 2075 1310 ac
2106 1254 2430 1309 inoffensam
2461 1255 2708 1310 veritatis
2756 1255 2966 1320 basim,
3028 1255 3318 1318 attollitur,
3372 1269 3444 1309 ne

1851 1347 2110 1402 draconis
2137 1348 2191 1400 in
2227 1357 2430 1400 terram
2465 1348 2743 1418 gravantis
2785 1362 2850 1402 ac
2911 1347 3208 1402 detinentis
3251 1346 3444 1402 fraude

1851 1439 2088 1511 doloque
2113 1440 2477 1510 decipiantur.
2506 1439 2623 1494 Non
2652 1439 2798 1495 enim
2852 1438 2935 1494 fas
2965 1440 3042 1494 illi
3079 1447 3164 1494 est
3214 1448 3272 1493 ut
3317 1439 3444 1495 illos

1850 1534 2066 1604 perdat,
2091 1533 2183 1604 qui
2219 1534 2448 1589 intentis
2477 1545 2700 1588 sursum
2731 1530 2930 1585 animis
2953 1530 3020 1584 ad
3048 1529 3294 1585 caelestia
3322 1529 3442 1584 eni-

1851 1635 2065 1682 tuntur.
2092 1626 2274 1682 Stella:
2309 1643 2462 1691 vero,
2485 1641 2624 1696 quas
2655 1638 2868 1679 summa
2915 1623 3090 1678 cauda
3115 1623 3282 1678 draco
3307 1639 3444 1679 con-

1853 1719 2089 1790 tingens,
2144 1719 2200 1773 in
2247 1726 2452 1772 terram
2502 1717 2809 1788 prtecipites
2851 1713 3113 1778 detrahit,
3169 1715 3443 1770 baeresum

1776 1800 2118 1881 Bperversa:
2181 1821 2344 1866 secta
2397 1816 2548 1865 sunt.
2609 1808 2809 1863 Stellas
2860 1815 3041 1860 autem
3095 1807 3439 1872 lenehrosas,

1845 1901 2133 1966 obscuras,
2182 1901 2238 1954 in
2273 1900 2500 1954 humilia
2537 1898 2800 1967 deiectas,
2849 1897 3229 1952 conventicula
3290 1895 3446 1952 hete-

1843 1989 2175 2045 rodoxorum
2208 1999 2355 2044 recte
2383 1988 2687 2043 dixerimus
2731 2006 2744 2041 :
2796 1989 3018 2058 quando
3070 1996 3125 2044 et
3171 1989 3278 2058 ipsi
3325 2002 3445 2043 cte-

1844 2082 2062 2137 lestium
2127 2097 2312 2136 rerum
2373 2081 2476 2136 sibi
2543 2081 2830 2134 scientiam
2888 2081 3196 2145 vindicant,
3264 2087 3320 2135 et
3385 2082 3444 2136 in

1842 2175 2124 2233 Christum
2159 2192 2218 2232 se
2252 2175 2558 2231 credidisse
2583 2177 2914 2247 gloriantur,
2949 2176 3354 2244 stationcmque
3385 2174 3443 2228 in

1843 2269 2000 2323 cmlis
2032 2267 2233 2322 habere
2276 2275 2442 2338 atque
2493 2266 2636 2320 inter
2690 2274 2840 2322 astra
2892 2267 3142 2330 versari,
3196 2274 3254 2320 ut
3302 2267 3443 2321 lucis

1843 2362 2005 2418 ﬁlios.
2042 2360 2244 2417 Verum
2284 2361 2649 2415 detrahuntur
2703 2361 2962 2416 draconis
3015 2360 3233 2416 excussi
3288 2359 3444 2414 ﬂexi-

1841 2456 1968 2519 bus,
1999 2455 2144 2527 quod
2175 2454 2322 2509 intra
2346 2453 2712 2526 triangulares
2735 2453 2957 2524 pietatis
2987 2453 3191 2524 ﬁguras
3223 2467 3334 2507 non
3379 2469 3441 2508 se

1841 2547 2254 2610 continuerunt,
2283 2545 2636 2616 prolabentes
2660 2561 2726 2600 ex
2764 2546 2884 2616 ipsa
2936 2551 2992 2599 et
3022 2560 3086 2600 ex
3127 2543 3440 2599 orthmloxo

1841 2635 1938 2693 Dei
1969 2637 2119 2692 cultu
2145 2636 2546 2691 exorbitantes.
2587 2633 2744 2690 Unde
2772 2642 2828 2690 et
2877 2635 3039 2690 tertia
3084 2649 3212 2705 pars
3253 2635 3442 2689 stella-

1841 2744 1965 2783 rum
1996 2728 2176 2783 vocati
2207 2734 2358 2794 sunt,
2392 2728 2558 2783 veluti
2609 2728 2760 2782 circa
2806 2743 2977 2783 unum
3025 2743 3092 2783 ex
3149 2725 3439 2784 Trinitatis

1841 2823 2089 2879 numeris
2147 2822 2488 2877 deerrantes.
2541 2821 2853 2891 Aliquando
2886 2821 3107 2891 quidem
3150 2819 3299 2874 circa
3334 2818 3440 2874 Pa-

1839 2921 1965 2984 tris,
2002 2929 2063 2976 ut
2093 2919 2388 2982 Sabellius,
2414 2922 2507 2989 qui
2544 2919 2722 2989 ipsum
2750 2916 3188 2986 Omnipotentem
3215 2931 3437 2986 passum

1841 3014 2117 3080 asseruit;
2147 3011 2446 3082 aliquando
2466 3025 2596 3065 vero
2627 3011 2775 3064 circa
2803 3006 2946 3074 Filii,
2984 3013 3042 3060 ut
3070 3006 3343 3070 Artemas,
3382 3011 3438 3060 et

1841 3107 1932 3177 qui
1980 3105 2130 3161 nudo
2156 3112 2377 3176 spectro
2410 3119 2508 3160 seu
2545 3101 2867 3172 apparentia
2919 3115 3043 3153 eum
3083 3106 3270 3152 natum
3313 3113 3439 3154 esse

1839 3198 2141 3265 dixerunt;
2189 3195 2520 3268 quandoque
2581 3193 2730 3248 circa
2797 3190 3041 3261 Spiritus
3105 3189 3317 3251 sancti,
3374 3196 3438 3243 ut

1843 3291 2106 3355 Ebionagi,
2150 3291 2244 3360 qui
2279 3288 2576 3359 prophetas
2607 3290 2758 3338 motu
2804 3280 3028 3351 proprio
3072 3279 3286 3334 locutos
3314 3293 3438 3332 esse

1841 3384 2202 3440 contendunt.
2261 3379 2559 3435 Marcionis
2609 3376 2756 3431 enim
2807 3382 2861 3428 et
2909 3370 3220 3431 Valentini,
3279 3367 3436 3420 Elce-

1843 3479 2046 3548 saaique
2085 3485 2140 3530 et
2171 3475 2435 3539 aliorum,
2470 3469 2739 3542 optimum
2788 3465 2955 3521 fuerit
3002 3480 3070 3519 ne
3117 3460 3436 3517 meminisse

1843 3571 2086 3642 quidem.

145 3696 275 3753 Cn.
312 3697 651 3778 Xl._Mulier
673 3719 803 3778 cum_
831 3702 946 3772 ﬁlio
996 3708 1235 3778 mascula
1287 3707 1343 3762 in
1372 3707 1600 3772 deserto,
1633 3707 1898 3764 Ecclesia.
1939 3707 2238 3778 Virginum,
2283 3712 2692 3778 sanctorumque
2715 3691 3432 3778 _deserta‘m.'Nur_nerorum

213 3773 469 3840 pet-lectio
493 3765 978 3851 agmyslerio'ru‘m.
1013 3776 1225 3851 Senarii
1253 3779 1538 3849 inqualitas
1568 3765 1617 3834 et
1643 3779 1918 3851 perfectio.
1971 3765 2235 3834 Sevnarius'
2260 3778 2314 3830 in
2345 3765 2617 3830 Christum
2649 3773 2872 3824 relatus.
2916 3765 3000 3820 Ea:
3031 3765 3128 3819 hoc
3175 3765 3299 3818 item
3331 3779 3434 3817 nu-

212 3857 356 3894 mero
391 3843 578 3895 mundi
599 3847 796 3899 creatio
821 3859 870 3899 et
891 3844 1173 3902 harmonia
1202 3843 1322 3902 tota'
1342 3851 1595 3919 conﬂata.

223 3957 286 4009 Ἦ
319 3954 379 4010 δὲ
428 3959 674 4026 γεννῶσα
711 3962 806 4014 καὶ
846 3963 1157 4034 γεννήσασα
1190 3964 1281 4019 τὸν
1314 3967 1633 4039 ἀρρενωπὸν
1672 3969 1733 4021 ὲν

142 4053 259 4113 ταῖς
290 4049 550 4122 καρδίαις
577 4052 686 4105 τῶν
722 4055 1087 4108 πιστευόντων
1113 4058 1305 4127 Λόγον,
1338 4060 1430 4113 καὶ
1466 4062 1732 4133 ἄχραντος

145 4142 234 4194 καὶ
258 4143 504 4214 ἀϐλαϐὴς
535 4145 643 4197 ἀπὸ
668 4145 763 4198 τοῦ
785 4145 949 4218 θηρὸς
975 4148 1076 4220 τῆς
1100 4150 1270 4221 ὀργῆς
1294 4151 1373 4214 είς
1405 4149 1504 4221 τὴν
1526 4151 1732 4224 ἔρημον

143 4234 637 4306 παραγεγενημένη
660 4277 674 4301 ,
709 4239 742 4307 ή
781 4238 963 4309 μήτηρ
997 4238 1155 4310 ήμῶν
1204 4241 1384 4305 ἐστιν,
1421 4241 1496 4305 ὡς
1539 4242 1733 4296 ἀποδε-

140 4328 412 4402 δώκαμεν,
445 4333 481 4403 ἡ
521 4331 838 4404 Ἐκκλησία.
877 4335 942 4388 Ἢ
967 4335 1024 4388 δὲ
1046 4335 1274 4408 ἔρημος,
1305 4339 1387 4400 είς
1409 4336 1476 4408 ἢν
1501 4337 1732 4393 ἐλθοῦσα

140 4423 398 4492 τρέφεται
427 4423 529 4486 τὰς
555 4423 735 4494 χιλίας
775 4427 868 4480 καὶ
901 4427 1180 4493 διακοσίας
1215 4429 1430 4500 ήμέρας
1460 4431 1555 4484 καὶ
1599 4429 1727 4502 ἐξή-

140 4525 322 4573 κοντα,
343 4513 378 4581 ἡ
411 4511 599 4565 κακῶν
624 4512 721 4585 έρη
731 4532 829 4584 μος
851 4515 1066 4588 άληθῶς
1089 4520 1182 4572 καὶ
1206 4520 1398 4588 ἄγονος
1421 4520 1512 4572 καὶ
1541 4520 1729 4592 στείρα

141 4602 368 4674 φθορᾶς,
404 4606 502 4657 καὶ
542 4605 897 4676 δυσπρόσιτος
932 4609 1025 4662 καὶ
1057 4609 1322 4672 δύσϐατος
1351 4612 1465 4674 τοῖς
1495 4609 1729 4673 πολλοῖς,

141 4691 418 4766 εὖκαρπος
453 4695 533 4760 δὲ,
566 4697 658 4750 καὶ
704 4697 942 4763 εὔϐοτος,
992 4703 1085 4753 καὶ
1123 4701 1375 4772 εὐθαλὴς,
1413 4701 1508 4754 κα)⁹
1550 4701 1734 4754 εὐεπί-

143 4784 301 4851 ϐατος
328 4788 528 4856 ἁγίοις,
560 4791 652 4842 καὶ
681 4791 962 4862 πλήθουσα
996 4795 1188 4863 σοφίας
1216 4796 1310 4848 καὶ
1358 4788 1733 4866 βλαστάνόυσα

144 4874 306 4951 ζωὴν,
339 4881 476 4934 αὐτὸ
514 4881 578 4954 δὴ
606 4882 764 4936 τοῦτο
787 4884 887 4954 τῆς
930 4886 1156 4958 Ἀρετῆς
1189 4888 1304 4941 ἐστι
1342 4887 1402 4942 16
1445 4889 1732 4944 κάλλιστον

144 4972 235 5022 καὶ
273 4971 647 5044 καλλίδενδρον
677 4975 770 5028 καὶ
819 4976 1144 5032 καλλίπνουν
1175 4979 1372 5051 χωρίον
1391 4997 1404 5011 ·
1442 4980 1572 5036 ἔνθα
1605 4981 1730 5047 Ἐξ·-

142 5061 354 5133 ητέρθη
392 5069 425 5119 ό
466 5067 666 5132 νότος,
716 5069 815 5121 καὶ
861 5069 1226 5130 διέπνευσεν
1275 5073 1577 5142 ὀβορῤᾶς,
1630 5074 1730 5129 καὶ

137 5153 343 5219 ῥέουσι
378 5157 450 5211 τὰ
499 5155 810 5227 ἀρώματα,
865 5163 958 5216 καὶ
1019 5165 1196 5219 πάντα
1245 5164 1354 5218 τῶν
1410 5166 1728 5238 ἀμϐροσίων

149 5247 499 5320 πεπλήρωται
527 5251 758 5322 δρόσων,
796 5254 1064 5312 ἀθανάτου
1095 5258 1241 5329 ζωῆς
1281 5258 1542 5329 βλάσταις
1582 5260 1729 5330 ἅμα·

150 5337 353 5404 ράντοις
385 5345 825 5415 κατεστεμμένα,
857 5349 936 5412 είς
963 5349 992 5402 ὃ
1024 5350 1191 5421 ἐσμεν
1215 5351 1378 5421 ἡμεῖς
1406 5349 1728 5420 ἀνθολογοῦ-

212 5495 258 5526 ⁵⁷
296 5495 456 5554 Cant.
488 5515 576 5565 tv,
613 5501 701 5556 l6.

216 5653 326 5720 1'2!)
359 5655 831 5726 Παντοκράτορα.
875 5657 966 5712 Sic
1027 5658 1259 5714 Allatius
1308 5669 1362 5715 et
1406 5656 1714 5717 Possinins.

153 5722 330 5791 Pieque
359 5730 523 5782 aliam
576 5722 751 5783 fuisse
801 5731 1091 5783 lectionem
1125 5731 1331 5786 codicis
1362 5731 1716 5787 Mazariniani

157 5807 326 5855 monet
344 5800 520 5856 editor
556 5796 852 5870 Lupareus.
894 5800 1253 5858 Coznbeﬁsius
1286 5811 1468 5861 tamen
1500 5803 1718 5876 Πατέρα

1907 3967 2039 4034 Quae
2066 3973 2246 4020 antem
2282 3963 2424 4035 parit
2448 3962 2766 4034 peperitque
2801 3958 2856 4012 in
2891 3957 3130 4013 ﬁdelium
3170 3957 3431 4014 cordibus

1835 4057 2076 4114 Verbum
2109 4055 2435 4117 masculum,
2471 4052 2842 4121 inviolataque
2895 4058 2948 4106 et
2979 4051 3148 4105 illaesa
3178 4067 3206 4103 a
3243 4051 3433 4107 bestiae

1835 4150 1917 4206 ira
1961 4151 2016 4204 in
2049 4149 2327 4204 desertum
2353 4145 2578 4210 secedit,
2635 4153 2813 4198 mater
2842 4151 3032 4198 nostra
3086 4151 3191 4205 est,
3228 4142 3305 4196 uti
3332 4159 3432 4196 ex-

1836 4242 2145 4313 posuimus,
2194 4241 2247 4294 id
2279 4247 2364 4294 est
2392 4237 2658 4293 Ecclesia.
2694 4235 2984 4292 Desertum
3015 4251 3146 4290 vero
3177 4236 3231 4288 in
3279 4235 3429 4305 quod

1836 4334 2060 4395 veniens
2087 4332 2333 4403 pascitur
2358 4331 2476 4386 dies
2497 4331 2642 4386 mille
2675 4329 2943 4385 ducentos
2967 4327 3273 4397 sexaginta,
3303 4341 3430 4382 vere

1837 4441 1868 4480 a
1891 4425 2050 4480 malis
2075 4423 2354 4481 desertum
2384 4431 2438 4478 et
2460 4422 2816 4478 infecundum
2840 4441 2852 4476 :
2880 4419 3087 4476 sterilis
3117 4418 3430 4487 corruptio-

1831 4517 1941 4582 nis,
1977 4531 2078 4572 nec
2110 4515 2262 4571 ferax
2299 4522 2446 4569 terra
2476 4513 2765 4568 noxiorum
2796 4512 3135 4583 germinum;
3190 4509 3428 4566 difficilis

1833 4611 1985 4665 aditu
2017 4612 2231 4672 eadem,
2256 4622 2357 4662 nec
2387 4604 2674 4662 commode
2705 4606 2842 4660 satis
2889 4604 3052 4674 vulgo
3105 4602 3424 4667 calcabilis;

1833 4702 2088 4750 caeterum
2118 4692 2370 4764 frugibus
2402 4691 2787 4760 fructibusque
2810 4690 2960 4749 felix,
2979 4687 3112 4758 quin
3132 4694 3184 4740 et
3204 4685 3427 4755 pascuis

1835 4793 2142 4856 abundans,
2174 4799 2229 4846 et
2253 4803 2469 4843 ammne
2498 4787 2698 4843 ﬂorens
2735 4785 3033 4856 perviaquc
3071 4781 3299 4843 sanctis,
3325 4795 3423 4834 co-

1832 4890 1921 4956 pia
1955 4883 2268 4940 redundans
2305 4880 2604 4951 sapientiae,
2643 4895 2706 4932 ac
2755 4877 3070 4949 germinans
3089 4874 3294 4928 vitam:
3333 4872 3426 4928 hic

1836 4980 1954 5051 ipse
1975 4985 2061 5034 est
2084 4978 2141 5032 in
2159 4991 2268 5046 quo
2300 4990 2514 5034 sumus.
2547 4971 2973 5042 pulcherrimus,
2998 4966 3428 5038 speciosissimis

1835 5072 2129 5127 umbrosus
2197 5069 2350 5124 silvis
2401 5065 2856 5133 snavissimisque
2915 5062 3107 5115 halans
3160 5059 3422 5124 ﬁoribus,

1834 5165 2071 5219 Virtutis
2101 5164 2314 5219 hortus.
2339 5158 2442 5224 lbi,
2471 5158 2704 5213 surrexit
2726 5157 2939 5220 Auster,
2965 5163 3014 5208 et
3038 5154 3189 5223 ﬂat-it
3207 5151 3420 5223 Aquilo,

1830 5267 1879 5311 et
1929 5257 2102 5326 ﬂuunt
2146 5265 2392 5308 aromata
2420 5252 2497 5318 '7;
2535 5249 2935 5316 ambrosiisque
2963 5245 3144 5302 omnia
3205 5243 3426 5298 roribus

1832 5351 2076 5417 madent,
2123 5345 2448 5402 immortalis
2500 5343 2626 5398 vita:
2680 5354 2898 5410 semper
2925 5337 3232 5394 virentibus
3265 5352 3426 5391 coro-

1831 5662 2000 5719 tutins
2047 5677 2171 5718 esse
2239 5661 2525 5729 legendum
2579 5657 2816 5714 advertit
2853 5658 2906 5711 in
2960 5653 3319 5715 emendandis
3349 5653 3418 5708 ad

1828 5734 2032 5789 calcem
2062 5745 2191 5790 tom.
2222 5730 2502 5787 lAuctarii
2530 5732 2722 5786 sarisa.
2748 5729 2916 5783 GALL.

3455 5559 3461 5576 λ
