3866 6160
410 317 523 388 ¹155

1367 323 1422 380 S.
1467 320 1802 378 METHODII
1842 319 2154 377 EPISCOPI
2191 318 2280 375 ET
2320 318 2687 376 MARTYRIS

3558 324 3663 380 136

414 456 538 502 nata
567 443 786 516 plantis.
814 443 933 510 Quo
959 443 1017 498 in
1044 441 1204 498 horto
1228 441 1338 512 jam
1364 458 1464 497 nos
1496 457 1685 498 sumus
1709 441 1872 496 ﬂores
1901 420 1980 495 le-

2087 459 2171 495 σαι
2202 439 2311 494 ’νῦν
2360 439 2454 494 καὶ
2507 440 2798 494 πλέκουσαι
2831 441 2898 511 τῇ
2941 411 3225 512 βασιλίσσῃ
3271 439 3367 493 τὸν
3423 439 3663 516 ἁλουργῆ

413 545 624 607 gentes,
655 543 709 592 et
737 551 806 590 ex
852 535 919 590 iis
960 548 1285 604 purpuream
1338 532 1606 602 longeque
1647 531 1985 601 splendidam

416 628 712 698 impollutis
739 626 920 697 digitis
945 625 1146 695 reginae
1192 631 1437 678 texentes
1459 623 1786 693 virginitatis
1828 637 1988 677 coro-

411 735 562 776 nam.
604 718 766 773 Verbi
799 718 942 772 enim
984 731 1208 786 sponsa,
1246 714 1465 769 virtutis
1507 722 1736 768 ornatur
1790 713 1986 768 fructi-

413 812 538 867 bus.
570 811 714 866 Mille
773 825 936 880 porro
967 808 1184 863 ducenti
1244 807 1526 876 sexaginta
1557 805 1675 861 dies
1714 823 1811 877 per
1847 822 1986 876 quos

415 907 505 960 hic
534 919 842 968 versamur,
873 902 1053 958 Patris
1079 910 1185 970 est,
1217 917 1250 956 ο
1276 900 1536 970 virgines,
1567 905 1620 953 et
1645 897 1765 952 Filii
1787 906 1841 953 et
1864 896 1987 968 Spi-

414 998 554 1053 ritus
587 997 760 1053 sancti
794 996 933 1050 citra
973 1009 1189 1049 omnem
1221 993 1498 1063 ambagem
1525 998 1713 1045 exacta
1754 991 1987 1060 Optima-

414 1107 521 1162 que
551 1088 930 1158 intelligentia,
961 1101 1068 1156 qua
1102 1084 1300 1155 gaudet
1332 1092 1505 1139 mater
1527 1092 1731 1147 nostra,
1762 1100 1858 1154 per
1884 1084 1986 1137 hoc

415 1193 629 1252 tempus
659 1194 960 1250 augescens
999 1185 1161 1248 atque
1189 1177 1489 1240 exsultans,
1518 1175 1645 1230 dum
1681 1177 1734 1230 in
1766 1177 1988 1230 restitu-

413 1274 562 1330 tione
612 1288 874 1328 novorum
916 1271 1258 1332 saeculorum,
1317 1270 1371 1323 in
1405 1270 1722 1324 concionem
1767 1285 1885 1337 qua:
1929 1269 1985 1322 in

411 1367 567 1422 C(elis
593 1374 677 1421 est
705 1365 950 1426 veniens,
991 1379 1098 1418 non
1131 1363 1242 1432 jam
1270 1377 1366 1432 per
1396 1363 1634 1416 rationes
1680 1362 1986 1429 montisque

413 1458 754 1512 contentioso
805 1463 1003 1510 conatu
1038 1454 1092 1508 id
1127 1454 1264 1524 quod
1294 1464 1394 1517 est,
1451 1452 1838 1514 considerabit,
1889 1451 1983 1505 sed

412 1551 559 1605 clare
587 1558 641 1603 et
670 1549 981 1618 conspicue,
1019 1562 1126 1601 una
1178 1561 1302 1599 cum
1355 1544 1575 1599 Christo
1625 1543 1691 1596 ad
1726 1542 1984 1597 interiora

412 1637 674 1700 admissa,
705 1636 1051 1706 inspectabit.
1095 1633 1433 1689 Millenarius
1463 1633 1680 1703 quippe,
1708 1649 1770 1687 ex
1801 1640 1985 1686 cente-

413 1730 571 1784 nario
618 1729 799 1783 decies
833 1728 1191 1798 multiplicato
1219 1733 1498 1787 constans,
1533 1724 1830 1795 perfectum
1881 1740 1984 1778 nn-

2090 533 2350 602 στέφανον
2397 533 2492 586 καὶ
2553 532 2867 603 ἔκλαμπρον
2913 532 3014 602 τῆς
3067 533 3365 604 παρθενίας
3419 534 3666 598 ἀθίκτοις

2085 619 2389 684 δακτύλοις.
2430 621 2653 692 Ἀρετῆς
2691 620 2800 690 γὰρ
2833 623 3115 689 κοσμεῖται
3149 625 3379 692 καρποῖς
3407 624 3440 694 ἡ
3475 621 3664 693 νύμφη

2085 712 2180 768 τοῦ
2214 714 2411 785 Λόγου.
2456 714 2522 766 Ai
2569 713 2626 766 δὲ
2664 713 2829 783 χίλιαι
2875 715 2969 768 καὶ
3010 714 3278 768 διακόσιαι
3329 715 3532 785 ἡμέραι
3568 715 3665 768 καὶ

2088 784 2458 876 ἐξήκονταδάς
2487 805 2673 860 ἐνθάδε
2703 806 2871 876 ἐσμὲν
2896 808 2976 869 είς
3001 806 3313 876 ἐπιδημίαν,
3412 784 3540 878 περὶ
3565 807 3660 860 τοῦ

2085 897 2300 968 Πατρός
2332 900 2510 964 ἐστιν,
2557 891 2602 950 ὧ
2635 896 2925 970 παρθένοι,
2967 899 3062 952 xui.
3108 896 3202 951 τοῦ
3254 897 3385 951 Υἱοῦ
3420 898 3512 952 xui.
3564 897 3664 951 τοῦ

2086 989 2402 1060 Πνεύματος
2451 991 2569 1044 κατ’
2604 989 2817 1044 εὐθεῖαν
2869 989 3102 1060 ἀκριϐὴς
3148 989 3258 1060 (2‘2)
3316 990 3411 1042 xui.
3460 989 3660 1061 ἀρίστη

2087 1080 2318 1145 σύνεσις,
2417 1080 2648 1152 γέγηθεν
2689 1081 2843 1152 ήμῶν
2872 1082 2906 1151 ή
2949 1082 3127 1151 μήτηρ
3168 1078 3526 1151 αὐξανομένη,
3564 1079 3663 1133 xui.

2085 1172 2376 1241 ἀγάλλεται
2423 1175 2634 1226 τουτονὶ
2677 1173 2769 1226 τὸν
2829 1173 3056 1243 χρόνον,
3115 1172 3385 1243 μέχριπερ
3430 1171 3494 1225 ἀν
3558 1172 3661 1242 τῆς

2085 1264 2578 1327 ἀποκαταστάσεως
2608 1264 2717 1337 (25)
2763 1265 2872 1317 τῶν
2923 1263 3124 1318 καινῶν
3169 1263 3412 1327 αἰώνων,
3449 1265 3528 1326 είς
3558 1263 3664 1334 τὴν

2084 1357 2278 1427 ἀγυριν
2303 1356 2530 1409 ἐλθοῦσα
2561 1356 2702 1409 κατὰ
2732 1357 2857 1420 τοὺς
2887 1357 3166 1428 οὐρανοὺς,
3210 1357 3404 1427 μηκέτι
3435 1355 3500 1408 δι’
3535 1357 3660 1408 ἐπι-

2087 1451 2300 1521 στήμης
2345 1451 2790 1520 κατασκέπτηται
2831 1449 2916 1512 ,τὸ
2953 1451 3072 1513 Ὃν,
3125 1449 3259 1502 ἀλλὰ
3298 1448 3508 1519 τρανῶς
3554 1447 3659 1500 ὲπ-

2084 1543 2320 1614 οπτεύσῃ
2353 1543 2574 1615 Χριστῷ
2608 1542 2952 1596 συνεισϐᾶσα.
2987 1542 3068 1596 Τὰ
3105 1542 3214 1613 γὰρ
3245 1541 3410 1612 χίλια,
3447 1543 3501 1594 ὲν
3529 1541 3663 1595 ἑκα-

2081 1634 2298 1688 τοντάσι
2376 1633 2943 1696 δεκαπλασιασθέντα,
3011 1632 3211 1686 τέλειον
3263 1632 3492 1704 ἀριθμὸν
3562 1631 3661 1686 καὶ

2085 1725 2266 1798 πλήρη
2329 1726 2601 1797 περιέχει·
2658 1724 2686 1777 ὃ
2737 1725 2800 1795 δή
2866 1727 2980 1777 ἐστι
3034 1723 3300 1795 σύμϐολον
3353 1723 3520 1778 αὐτοῦ
3559 1724 3658 1778 τοῦ

413 1837 623 1875 merum
673 1828 726 1874 et
781 1821 998 1889 plenum
1029 1819 1271 1874 continet
1302 1837 1315 1872 :
1351 1819 1494 1889 quod
1541 1824 1624 1871 est
1677 1817 1981 1887 symbolum

2087 1816 2315 1886 Πατρδς,
2350 1816 2442 1868 τοῦ
2474 1816 2564 1884 ἀφ’
2599 1813 2795 1868 ἑαυτοῦ
2828 1815 3327 1887 δημιουργήσαντος
3353 1815 3447 1868 καὶ
3477 1815 3659 1886 ἑαυτῷ

412 1913 611 1977 Patris,
644 1913 735 1982 qui
790 1928 857 1966 ex
907 1928 966 1967 se
997 1913 1114 1982 ipso
1164 1927 1346 1966 rerum
1399 1911 1538 1964 hanc
1581 1909 1985 1964 universitatem

411 2003 677 2068 condidit,
731 2012 784 2058 et
814 2003 868 2055 in
895 2017 955 2056 se
981 2002 1100 2072 ipso
1146 2003 1389 2057 continet
1435 2017 1499 2055 ac
1531 2007 1837 2055 conservat.
1874 1998 1986 2052 Du-

412 2102 570 2150 centa
599 2109 750 2160 vero,
779 2110 842 2146 ex
870 2093 1082 2148 duobus
1116 2093 1371 2162 perfectis
1405 2107 1666 2146 numerus
1693 2089 1983 2154 conflatus,

413 2188 719 2258 symbolum
747 2196 830 2240 est
866 2187 1101 2256 Spiritus
1127 2187 1300 2240 sancti
1325 2227 1338 2250 ,
1363 2193 1633 2255 quatenus
1667 2185 1714 2239 is
1742 2183 1862 2238 Filii
1887 2200 1977 2239 n0.

413 2283 497 2336 bis
529 2296 591 2334 ac
618 2279 796 2334 Patris
818 2279 1022 2334 notitiae
1052 2286 1241 2332 auctor
1269 2278 1506 2332 exsistit.
1538 2276 1778 2345 Denique
1823 2291 1983 2330 sexa-

412 2373 560 2443 ginta
585 2371 860 2426 senarium
887 2386 1172 2424 numerum
1209 2371 1262 2422 in
1284 2369 1580 2424 decadibus
1617 2368 1796 2431 habet,
1811 2382 1986 2436 eoque

413 2463 717 2533 symbolum
745 2461 946 2516 Christi
975 2469 1060 2516 est
1097 2481 1110 2518 :
1149 2461 1354 2516 idcirco
1391 2459 1682 2526 nimirum,
1716 2458 1859 2529 quod
1893 2475 1984 2514 se-

414 2554 601 2608 narius
630 2569 894 2608 numerus
927 2569 993 2606 ex
1017 2553 1224 2606 unitate
1256 2551 1628 2621 progrediens,
1652 2565 1718 2604 ex
1749 2549 1985 2620 propriis

411 2643 759 2712 componitur
780 2642 1048 2712 partibus,
1067 2641 1140 2694 ita
1173 2648 1232 2693 ut
1263 2639 1314 2693 in
1336 2656 1402 2694 eo
1423 2640 1556 2694 nihil
1586 2639 1802 2694 deﬁciat
1824 2648 1984 2694 autve

414 2733 677 2788 redundet
709 2753 725 2787 τ
763 2735 815 2787 in
863 2749 992 2787 suas
1033 2733 1175 2786 enim
1220 2739 1402 2800 partes
1433 2732 1707 2786 resolutus
1745 2732 1985 2800 comple-

413 2830 524 2877 tur.
567 2823 833 2877 Nimirum
884 2823 929 2878 si
967 2838 1059 2877 sex
1101 2826 1155 2875 in
1198 2822 1334 2876 alios
1373 2831 1533 2890 atque
1582 2821 1718 2877 alios
1747 2821 1984 2891 aequales

415 2930 673 2971 numeros
707 2916 1002 2979 dividatur,
1054 2929 1279 2968 necesse
1306 2921 1488 2968 estex
1537 2913 1729 2968 iisdem
1784 2913 1982 2968 iterum

409 3007 621 3076 junctis
639 3009 932 3077 segmentis
953 3006 1202 3061 eumdem
1248 3021 1530 3059 numerum
1561 3005 1823 3076 reparari.
1864 3005 1986 3059 Pri-

416 3114 564 3153 mum
594 3100 810 3170 quidem
843 3099 889 3153 si
917 3099 1129 3153 medius
1157 3097 1449 3162 dividatur,
1480 3098 1581 3152 tria
1615 3098 1813 3165 elIicit;
1863 3113 1987 3152 rur-

416 3209 512 3249 sus
535 3195 580 3248 si
616 3195 669 3248 in
702 3201 816 3248 tres
843 3201 1025 3263 partes
1052 3192 1346 3254 dividatur,
1395 3189 1558 3245 eilicit
1599 3188 1741 3256 duo;
1791 3189 1838 3244 si
1890 3189 1986 3244 de-

417 3285 582 3355 nique
639 3285 694 3339 in
729 3301 822 3340 sex
856 3292 1039 3354 partes
1071 3284 1460 3346 distribuatur,
1492 3281 1786 3350 unicuique
1841 3279 1985 3348 parti

417 3380 594 3434 solum
627 3379 810 3433 unitas
831 3378 1108 3448 competit;
1143 3378 1394 3446 idemque
1425 3390 1617 3430 rursus
1653 3375 1710 3428 in
1744 3375 1985 3442 seipsum

416 3470 710 3541 colligitur.
733 3468 868 3523 Nam
891 3470 946 3524 in
973 3471 1056 3524 bis
1091 3469 1217 3535 tria,
1247 3479 1328 3526 ter
1347 3469 1476 3529 duo,
1503 3467 1680 3523 sexies
1705 3481 1871 3519 unum
1902 3463 1987 3519 di-

418 3562 590 3626 visus,
613 3561 922 3631 conjunctis
955 3560 1094 3614 inter
1135 3575 1194 3614 se
1225 3559 1398 3613 tribus
1434 3568 1486 3613 et
1536 3558 1749 3612 duobus
1777 3565 1830 3610 et
1855 3569 1983 3618 uno,

418 3667 611 3707 rursus
641 3653 916 3706 senarium
947 3652 1213 3720 integrum
1248 3649 1478 3720 perlicit.
1503 3647 1803 3703 Perfectum
1840 3646 1985 3701 enim

419 3743 730 3797 necessario
759 3751 863 3804 est,
887 3741 1149 3812 quidquid
1179 3756 1352 3807 neque
1379 3741 1484 3793 alio
1524 3738 1591 3792 ad
1636 3739 1720 3792 sui
1749 3737 1989 3806 comple-

419 3843 658 3888 mentum
689 3843 826 3905 eget,
863 3849 964 3888 nec
992 3848 1229 3903 unquam
1269 3832 1534 3888 redundat
1583 3830 1867 3899 majusque
1901 3843 1988 3882 se-

420 3926 540 3994 ipso
605 3933 710 3980 est.
770 3925 1016 3978 Aliorum
1090 3933 1269 3979 autem
1341 3937 1690 3976 numerorum
1765 3917 1987 3989 quidam

419 4018 544 4089 plus
575 4032 737 4087 quam
790 4019 1018 4086 perfecti
1059 4025 1220 4082 sunt,
1252 4025 1311 4070 ut
1358 4013 1747 4069 duodenarius.
1813 4009 1988 4064 Media

417 4109 620 4178 quippe
653 4123 780 4178 pars
810 4108 928 4177 ejus
950 4109 1199 4163 senarius
1229 4114 1334 4170 est,
1360 4105 1518 4159 tertia
1545 4119 1671 4158 vero
1698 4109 1991 4171 quaterna-

417 4204 555 4262 rius,
583 4208 774 4270 quarta
815 4200 1105 4263 ternarius,
1160 4205 1313 4254 sexta
1365 4195 1630 4258 binarius,
1670 4191 1990 4246 duodecima

418 4293 620 4347 unitas.
677 4291 801 4344 Haec
832 4299 1009 4345 autem
1043 4292 1095 4345 in
1129 4306 1249 4361 quae
1279 4286 1643 4343 duodenarius
1675 4292 1854 4353 potest
1906 4281 1990 4336 di-

415 4386 551 4449 vidi,
583 4385 626 4440 si
662 4401 855 4439 rursus
881 4384 932 4438 in
962 4402 1021 4440 se
1052 4390 1469 4454 componantur,
1489 4380 1757 4435 excedunt
1785 4375 1992 4431 duode-

2088 1905 2516 1978 συγκρατοῦντος
2552 1907 2612 1960 τὸ
2648 1908 2785 1961 πᾶν·
2824 1907 2894 1960 τὰ
2937 1907 2994 1960 δὲ
3043 1907 3293 1961 διακόσια
3337 1907 3428 1960 τὸν
3461 1909 3526 1960 ὲκ
3563 1907 3660 1960 δύο

2084 1995 2302 2050 τελείων
2328 1995 2574 2068 ἀριθμῶν
2603 1996 3044 2068 συνεζευγμένον,
3085 1997 3114 2050 ὂ
3139 1997 3202 2067 δή
3232 1999 3348 2050 ἐστι
3389 1996 3660 2067 σύμϐολον

2085 2089 2178 2142 τοῦ
2213 2089 2366 2159 ἁγίου
2410 2089 2755 2161 Πνεύματος,
2790 2090 2927 2144 καθὸ
2969 2089 3065 2162 τῆς
3109 2089 3366 2159 γνώσεώς
3413 2093 3530 2144 ἐστι
3559 2091 3659 2145 τοῦ

2085 2180 2216 2234 Υίοῦ
2278 2181 2434 2235 τοῦτο
2491 2183 2584 2236 xui.
2635 2183 2727 2236 τοῦ
2778 2183 2990 2253 Πατρὸς
3042 2185 3404 2254 περιεκτικόν.
3456 2185 3536 2238 Τά
3597 2183 3658 2238 δὲ

2085 2274 2367 2346 ἐξήκοντα,
2390 2275 2481 2328 τὸν
2515 2275 2573 2340 ἐξ
2601 2276 2830 2348 ἀριθμὸν
2863 2277 2920 2328 ὲν
2949 2275 3169 2330 δεκάσιν
3204 2278 3338 2348 ἔχει,
3364 2277 3393 2329 ὃ
3435 2277 3499 2350 δή
3536 2280 3661 2332 ἐστι

2087 2368 2350 2439 σύμϐολον
2400 2368 2495 2422 τοῦ
2546 2369 2813 2441 Χριστοῦ·
2850 2370 3144 2442 ἐπειδήπερ
3202 2373 3230 2424 6
3281 2368 3388 2423 τῶν
3432 2367 3491 2433 ἒξ
3547 2369 3662 2422 ἀπὸ

2088 2462 2311 2533 μονάδος
2358 2461 2562 2533 προῖὼν
2617 2462 2848 2534 ἀριθμὸς
2903 2464 2968 2516 ὲκ
2998 2453 3106 2516 τῶν
3162 2463 3304 2516 ἰδίων
3351 2462 3662 2516 συντίθεται

2087 2554 2288 2626 μερῶν,
2320 2555 2460 2608 ὥστε
2489 2556 2624 2626 μήτε
2667 2556 2876 2609 λείπειν
2911 2558 2968 2608 ὲν
3005 2555 3182 2626 ἐαυτῷ
3214 2573 3287 2621 τι,
3325 2556 3461 2626 μήτε
3498 2554 3664 2607 πλεο-

2083 2645 2292 2711 νάζειν·
2325 2648 2405 2710 είς
2435 2647 2504 2700 τὰ
2552 2647 2744 2700 ἑαυτοῦ
2774 2647 2883 2718 γὰρ
2920 2647 3060 2720 μέρη
3109 2647 3470 2717 ἀναλυόμενος
3520 2662 3665 2716 συμο

2084 2737 2408 2809 πληροῦται.
2441 2733 2566 2792 Οἷον
2593 2738 2682 2791 τὸν
2707 2737 2766 2802 ἒξ
2797 2740 2876 2802 είς
2911 2738 3000 2790 ῐσα
3038 2739 3176 2810 μέρη
3215 2738 3273 2804 ἐξ
3298 2738 3426 2790 ἴσων
3466 2737 3664 2808 τεμνό-

2089 2848 2246 2901 μενον
2302 2829 2511 2902 μερῶν,
2541 2829 2752 2901 ἀνάγκη
2803 2829 2904 2899 τὴν
2947 2830 3114 2900 αὐτὴν
3152 2832 3215 2884 ἐκ
3251 2831 3358 2884 τῶν
3411 2831 3666 2902 διαμερι-

2089 2922 2321 2976 σθέντων
2360 2922 2688 2993 ’τμημάτων
2754 2921 2916 2975 πάλιν
2970 2923 3243 2994 ποσότητα
3296 2922 3661 2994 πληροῦσθαι.

2086 3013 2309 3084 Πρῶτον
2335 3013 2442 3084 γὰρ
2488 3013 2682 3084 μέρος,
2727 3012 2867 3065 κατά
2925 3011 3086 3083 μέσον
3117 3011 3489 3083 διαιρούμενος
3517 3014 3669 3065 ποιεῖ

2085 3105 2176 3159 τὸν
2202 3107 2326 3178 τρία
2344 3122 2357 3136 ·
2394 3101 2512 3159 εἶτα
2541 3107 2619 3168 είς
2643 3104 2769 3176 τρία
2802 3103 3173 3176 διαιρούμενος
3201 3104 3364 3175 μέρη,
3400 3108 3544 3158 ποιεῖ
3570 3105 3666 3160 τὸν

2085 3196 2206 3250 δύο·
2241 3195 2359 3250 εἶτα
2391 3198 2470 3260 είς
2493 3197 2551 3262 ἓξ
2584 3197 2878 3268 μερισθεὶς,
2923 3199 3066 3250 ποιεῖ
3098 3195 3190 3249 τὸν
3218 3195 3334 3259 ἕνα,
3379 3196 3472 3249 xui.
3519 3214 3665 3268 συμ-

2086 3287 2386 3360 πληροῦται
2443 3287 2604 3342 πάλιν
2636 3290 2715 3352 είς
2759 3287 2967 3341 ἑαυτόν.
3000 3288 3094 3352 Είς
3127 3287 3235 3359 γὰρ
3276 3288 3359 3352 δὶς
3398 3286 3524 3359 τρία
3566 3289 3668 3345 καὶ

2086 3380 2204 3449 τρὶς
2227 3378 2320 3432 δύο
2352 3379 2444 3432 xui.
2478 3377 2664 3442 ἑξάκις
2712 3379 2768 3431 ἓν
2809 3378 3180 3450 διαιρούμενος
3201 3418 3216 3442 ,
3262 3377 3666 3450 συντιθεμένων

2085 3471 2193 3524 τῶν
2224 3470 2389 3542 τριῶν
2409 3471 2502 3523 xui.
2532 3470 2640 3523 τῶν
2667 3469 2759 3523 δύο
2780 3470 2986 3523 καὶτοῦ
3009 3470 3146 3535 ἑνὸς,
3169 3470 3331 3523 πάλιν
3358 3468 3669 3543 ἀναπληροῖ

2085 3563 2177 3614 τὸν
2205 3561 2283 3626 ἐξ.
2304 3561 2517 3614 Τέλειον
2547 3562 2602 3615 δὲ
2621 3563 2727 3615 πᾶν
2749 3561 2809 3626 ἐξ
2836 3561 3077 3632 ἀνάγκης
3107 3563 3222 3615 ἐστὶ
3245 3561 3304 3616 τὸ
3330 3563 3466 3633 μήτε
3489 3580 3666 3633 προσ-

2085 3653 2338 3722 δεόμενον
2369 3655 2448 3716 είς
2497 3652 2891 3723 συμπλήρωσιν
2925 3651 3113 3724 ἐτέρου
3135 3691 3150 3717 ,
3186 3653 3324 3722 μήτε
3366 3651 3667 3714 πλεονάζον

2087 3744 2278 3798 ἑαυτοῦ
2332 3744 2569 3798 πώποτε.
2629 3744 2748 3797 Τῶν
2802 3745 2860 3797 δὲ
2913 3745 3084 3798 ἀλλων
3142 3744 3394 3816 ἀριθμῶν
3450 3745 3498 3797 οἱ
3561 3745 3668 3814 μὲν

2090 3837 2420 3910 ὑπερτέλειοι
2468 3839 2622 3901 εἰσιν,
2666 3837 2740 3900 ὡς
2773 3839 2802 3890 6
2832 3835 3060 3891 δώδεκα.
3096 3837 3170 3889 T6
3210 3838 3318 3909 γὰρ
3345 3838 3458 3890 ίσον
3492 3835 3665 3890 αὐτοῦ

2093 3929 2253 4000 μέρος
2294 3929 2364 3982 τὰ
2395 3929 2474 3995 ἒξ,
2507 3929 2599 3982 xui.
2645 3929 2706 3982 τὸ
2740 3929 2920 4000 τρίτον
2951 3928 3020 3982 τά
3059 3930 3321 4000 τέσσαρα,
3356 3930 3448 3982 xui.
3488 3931 3550 3982 τὸ
3574 3930 3670 3984 τέ-

2088 4038 2285 4092 ταρτον
2317 4020 2384 4074 τὰ
2428 4021 2575 4092 τρία,
2621 4021 2715 4074 xui.
2745 4020 2806 4073 τὸ
2837 4019 2993 4073 ἕκτον
3023 4021 3090 4074 τὰ
3124 4019 3236 4083 δύο,
3269 4020 3362 4073 xui.
3411 4021 3474 4073 τὸ
3499 4021 3668 4075 δωδέ-

2089 4128 2252 4164 κατον
2283 4111 2344 4163 τὸ
2391 4110 2468 4164 έν.
2501 4111 2595 4173 Εἰς
2626 4109 2662 4163 ἀ
2689 4110 2910 4164 δύναται
2957 4109 3302 4181 μερίζεσθαι,
3339 4110 3667 4166 συντεθέντα

2090 4200 2483 4272 ὑπερϐάλλουσι
2535 4201 2624 4254 τὸν
2675 4200 2920 4266 δώδεκα,
2969 4202 3032 4255 ού
3082 4203 3419 4272 τηρήσαντος
3469 4202 3668 4256 ἑαυτὸν

2092 4293 2204 4346 ἴσον
2234 4295 2347 4356 τοῖς
2375 4292 2538 4346 αὐτοῦ
2574 4292 2812 4363 μέρεσιν,
2846 4293 2921 4356 ὡς
2967 4295 2995 4346 6
3026 4292 3106 4359 ἓξ.
3138 4294 3200 4345 Οἱ
3245 4292 3301 4346 δὲ
3336 4293 3663 4359 ὑποτέλειοι,

2089 4384 2166 4448 ὡς
2191 4387 2219 4437 6
2239 4384 2399 4438 ὀκτώ.
2431 4384 2503 4436 Τὸ
2543 4383 2650 4455 γὰρ
2677 4384 2846 4454 ἥμισυ
2877 4382 3042 4437 αὐτοῦ
3073 4383 3139 4437 τά
3167 4385 3426 4454 τέσσαρα,
3472 4386 3570 4439 xui.
3603 4385 3667 4438 τὸ

418 4479 656 4541 narium,
705 4479 799 4547 qui
835 4494 892 4532 se
932 4476 1158 4548 proinde
1199 4491 1304 4530 non
1347 4482 1524 4529 servat
1565 4471 1825 4542 zequalem
1872 4467 1986 4522 suis

2093 4475 2348 4547 τέταρτον
2372 4475 2439 4528 τὰ
2464 4475 2575 4538 δύο,
2607 4473 2700 4527 xui
2727 4474 2787 4527 τὸ
2818 4474 3001 4542 ὄγδοον
3026 4474 3086 4526 τὸ
3114 4475 3189 4528 ἓν.
3223 4476 3315 4538 Εἰς
3340 4475 3375 4528 ἃ
3402 4476 3666 4546 τέμνεται

419 4571 688 4639 partibus,
723 4571 866 4623 sicut
905 4570 1174 4623 senarius.
1223 4567 1326 4621 Alii
1366 4564 1704 4636 imperfecti,
1741 4571 1798 4616 ut
1835 4569 1989 4616 octo-

419 4665 626 4717 narius.
656 4661 828 4732 Ilujus
853 4663 996 4716 enim
1019 4661 1322 4725 dimidium,
1353 4658 1765 4730 quaternarius;
1798 4664 1989 4725 quarta

420 4770 548 4810 vero
597 4769 744 4824 pars,
776 4755 1062 4821 binarius;
1106 4760 1318 4817 octava,
1367 4752 1568 4806 unitas.
1619 4750 1678 4803 ln
1729 4763 1869 4819 quas
1902 4747 1988 4802 di-

385 4911 406 4951 i
492 4908 606 4979 (22)
621 4911 755 4962 Κατ’
771 4909 1007 4963 εὐθεῖαν
1029 4908 1296 4975 ἀκριϐής.
1318 4907 1484 4973 Quasi
1508 4917 1649 4979 recta
1677 4920 1739 4959 ac
1773 4905 1986 4979 directe,

421 4975 512 5041 ac,
541 4975 685 5048 quod
723 4981 1034 5041 reddebam,
1081 4981 1216 5032 citra
1243 4995 1443 5032 onmem
1464 4978 1762 5048 rambagem.
1786 4975 1990 5044 Nempe

420 5050 541 5100 κατ’
556 5047 802 5120 εὐθεῖαν,
843 5050 1397 5120 ειώοιιίιὶ,γραμμήν,
1423 5047 1588 5120 idest
1609 5047 1854 5120 jineami
1880 5061 1990 5120 non

421 5119 566 5182 quod
582 5117 885 5178 Possinius,
901 5115 1184 5172 secundum
1202 5115 1394 5172 rectum
1413 5117 1588 5186 ﬁdem.
1606 5115 1802 5186 Dicunt
1815 5115 1989 5169 Graeci

426 5188 582 5266 fidem
607 5188 790 5308 ὀρθήν,
808 5189 1060 5270 .hincque
1103 5189 1229 5269 illis
1261 5189 1576 5258 ὀρθοτομείν
1603 5196 1655 5239 et
1687 5185 1985 5256 ὁρθοδοξία,

426 5271 488 5307 ac
518 5272 561 5308 sn
609 5273 722 5308 nun
773 5259 1041 5308 eiusmodi
1076 5267 1181 5308 est.
1218 5274 1440 5308 inseque
1487 5257 1622 5308 adeo
1659 5256 1985 5308 Apostolus:

377 5318 380 5321 ‘
423 5257 561 5327 acAsi
609 5256 738 5325 quid
773 5256 1046 5327 ejusmodi
1076 5267 1181 5321 est,
1218 5256 1440 5327 ipseque
1487 5257 1622 5312 adeo
1659 5256 1985 5326 Apostolus:

360 5383 366 5395 .
425 5324 660 5396 εὐθεῖαν,
692 5324 990 5396 nunquam.
1021 5324 1318 5383 Couner'ls.

490 5393 600 5461 (25)
619 5393 930 5462 Μέχριεὶερ.
942 5434 978 5448 ..
997 5396 1101 5463 τῆς
1114 5395 1670 5462 ἀποκαταστάσεως.
1687 5394 1777 5449 Sic
1790 5395 1989 5464 ubique

426 5459 615 5516 Patres
642 5459 1090 5536 ἀποκατάστασιν
1127 5477 1341 5530 vocant,
1383 5469 1541 5536 quasi
1589 5459 1987 5536 reparationei‘n

426 5540 622 5594 status,
653 5541 706 5586 et
742 5534 797 5587 in
831 5535 1098 5604 integrum
1132 5534 1567 5590 restitutionem:
1600 5551 1735 5590 sano
1767 5535 1987 5604 quidem

427 5617 612 5662 sensu,
673 5604 765 5670 qui
823 5619 965 5674 sana
1012 5605 1147 5667 fide,
1195 5607 1403 5673 lapsum
1439 5606 1656 5674 (μιίιιριιι
1711 5606 1986 5658 hominem

428 5681 749 5742 agnoscunt,
799 5673 892 5726 sed
943 5673 1134 5726 Adami
1181 5673 1646 5742 pl‘mvaricatione,
1679 5690 1785 5742 qua
1827 5676 1985 5729 nobis

429 5739 630 5796 annissa
665 5742 930 5800 rectitudo
971 5739 1235 5800 naturalis
1277 5752 1331 5799 et
1365 5743 1452 5799 Dei
1484 5745 1654 5815 gratia
1687 5739 1884 5816 jusque
1918 5745 1984 5799 ad

2096 4566 2257 4640 μέρη,
2305 4567 2624 4620 συντεθέντα
2677 4567 2822 4618 ποιεῖ
2862 4565 2951 4618 τὸν
2984 4564 3162 4630 ἑπτὰ,
3199 4567 3292 4618 καὶ
3347 4567 3667 4638 προσδεῖται

2095 4656 2319 4725 μονάδος
2354 4657 2434 4718 εἰς
2461 4655 2558 4726 τὴν
2603 4653 2795 4707 ἑαυτοῦ
2837 4655 3258 4726 συμπλήρωσιν·
3295 4657 3393 4727 ούχ
3427 4658 3502 4721 ὼς
3542 4661 3572 4710 6
3605 4657 3668 4722 ἓξ

2093 4746 2360 4808 παντοίως
2383 4743 2557 4814 ἑαυτῷ
2590 4743 2876 4814 σύμφωνος
2903 4741 2996 4796 ῶν.
3024 4745 3114 4796 Διὸ
3138 4744 3230 4796 καὶ
3264 4743 3544 4815 ἀναφορὰν
3583 4747 3666 4808 είς

2092 4905 2322 4974 gloriam
2347 4898 2904 4974 ;_quorum_perfecta
2936 4897 3233 4974 restitutio,
3270 4898 3500 4968 ipsaque
3541 4899 3656 4970 glo-

2091 4968 2171 5027 ria
2203 4989 2266 5027 ac
2298 4972 2390 5026 Dei
2415 4968 2694 5041 possessio
2716 4973 2780 5041 in,
2804 4969 2907 5021 line
2941 4968 3099 5022 nobis
3131 4977 3517 5041 exspectetur;
3549 4968 3664 5026 non

2091 5038 2962 5113 Origenianoidelirio,_cujusque
2995 5038 3464 5113 propriodelicto,
3507 5047 3666 5095 ante-

2090 5107 2252 5182 qua'm
2275 5111 2442 5164 animi
2470 5107 2792 5182 corporibus
2815 5107 3188 5178 alligarentur.
3231 5107 3366 5182 Non
3389 5115 3515 5178 apte
3530 5125 3664 5180 ergo

2089 5178 2396 5243 Possinius,
2448 5178 2610 5234 donec
2662 5179 3009 5232 instituantur
3039 5193 3170 5230 nova
3203 5178 3446 5241 sarcula;
3500 5178 3661 5232 resti-

2092 5263 2310 5308 tuantur
2339 5250 2588 5312 dixisset,
2644 5249 2795 5302 nullo
2829 5247 3073 5317 periculo
3113 5246 3371 5317 Methodii
3397 5248 3662 5316 'phrasim

2090 5331 2335 5383 secutus,
2369 5336 2485 5390 qua,
2519 5319 2721 5374 Christi
2757 5316 2928 5387 gratia
2958 5316 3264 5390 re_pa_ra_t_i_va
3313 5325 3367 5390 et
3407 5319 3662 5372 sanativa

2091 5397 2223 5462 (non
2259 5386 2623 5462 ipsa-prima,
2673 5386 2955 5462 primaque
3005 5386 3099 5441 Dei
3144 5387 3472 5442 liberalitate
3520 5403 3662 5462 con-

2091 5457 2514 5533 cessa)'(_3jusque
2544 5461 2810 5513 terminus
2843 5457 3144 5511 indicatur:
3167 5471 3285 5533 _nec_
3309 5472 3411 5533 nos
3444 5459 3664 5525 sapien-

2091 5527 2258 5587 tiores
2287 5530 2544 5584 Patribus
2595 5544 2804 5591 sumus,
2833 5534 2890 5580 ut
2920 5541 3110 5580 eorum
3142 5527 3476 5595 theologiras
3501 5541 3664 5582 voces

2091 5601 2366 5656 communi
2419 5616 2518 5653 usu
2577 5600 2731 5652 tritas
2763 5640 2776 5659 ,
2833 5612 2932 5650 ncc
2976 5596 3234 5651 Ecclesiae
3276 5613 3509 5665 usquam
3561 5597 3665 5651 im-

2090 5671 2368 5794 probaias,
2418 5685 2773 5741 respuamus,
2836 5676 3162 5737 nostrasque
3207 5667 3314 5722 illis
3361 5667 3666 5724 substitua-

2092 5757 2231 5794 llHlS.
2289 5756 2342 5794 D.

2092 5757 2231 5797 ιυυε.
2268 5756 2342 5796 ID.
