3866 6160
185 303 288 362 157

1266 315 1654 372 convmun
1696 270 1929 372 onem
1969 312 2335 372 vmcmuu.

3355 311 3462 367 158

181 429 270 488 τὸν
306 432 438 488 Υίὺν
481 435 738 508 ἀνείληφε
793 434 886 490 τοῦ
907 433 1076 501 -Θεοῦ,
1110 435 1218 490 ἀπὸ
1247 437 1343 490 τοῦ
1402 437 1768 510 πληρώματος

1894 438 2026 492 :isus
2055 444 2240 508 partes
2287 436 2336 490 si
2382 449 2581 492 rursus
2610 450 2680 492 ex
2734 435 2870 506 ipsis
2896 442 3278 508 componatur,
3326 437 3464 491 nihil

182 526 278 596 τῆς
311 527 564 598 θεότητος
593 532 674 594 είς
709 529 801 582 τὸν
836 528 949 600 βίον
982 527 1321 598 ἐληλυθότος.
1358 532 1632 595 Κενωθεὶς
1659 531 1769 603 γὰρ

184 621 275 672 καὶ
325 619 426 690 τὴν
487 621 700 694 μορφὴν
747 621 840 674 τοῦ
900 620 1087 674 δούλου
1132 620 1488 692 προσλαϐὼν,
1543 625 1621 685 εἰς
1673 622 1771 694 τὴν

185 709 378 764 ἑαυτοῦ
407 712 720 783 τελειότητα
748 713 910 766 πάλιν
937 711 1296 782 ἀνεπληρώθη
1334 712 1428 764 καὶ
1458 711 1556 782 τὴν
1589 711 1767 777 ἀξίαν.

181 801 353 865 acea;
383 802 493 874 γὰρ
523 805 580 856 ἐν
603 804 778 874 ἑαυτῷ
807 803 1179 874 σμικρυνθεὶς,
1206 803 1299 855 καὶ
1327 804 1386 854 ὲν
1417 805 1529 866 τοῖς
1577 801 1771 855 ἑαυτοῦ

185 891 409 963 μέρεσιν
441 895 749 960 ἀναλυθεὶς,
780 899 844 948 ὲκ
875 897 974 966 τῆς
1016 895 1206 948 ἑαυτοῦ
1263 895 1623 966 σμικρότητος
1678 895 1772 947 καὶ

182 984 288 1035 τῶν
323 985 517 1038 ἑαυτοῦ
550 986 734 1057 μερῶν
763 987 842 1049 είς
902 986 1001 1058 τὴν
1025 984 1417 1056 συμπλήρωσιν
1462 985 1624 1038 πάλιν
1671 985 1771 1056 τὴν

183 1075 378 1129 ἑαυτοῦ
407 1079 501 1132 καὶ
523 1078 584 1130 τὸ
620 1078 847 1149 μέγεθος
889 1079 1147 1150 κατέστη,
1172 1080 1424 1134 οὐδέποτε
1450 1078 1546 1132 τοῦ
1568 1079 1772 1141 τέλειος

108 1153 112 1155 Α
183 1163 323 1222 εἶναι
359 1169 638 1239 μειωθείς.

1874 530 1982 584 nisi
2018 529 2387 598 septenarium
2438 528 2619 583 reddit
2663 547 2676 582 :
2722 529 2975 600 indigens
3009 530 3239 594 unitate,
3291 541 3352 584 ut
3393 529 3463 584 ad

1876 619 1959 675 sui
1987 620 2448 688 complementum
2485 619 2804 690 perveniat:
2844 636 2951 674 non
3009 622 3168 690 plane
3201 637 3268 675 ex
3313 621 3485 683 omni.

1874 718 2028 777 parte
2051 709 2155 762 sibi
2183 709 2286 778 ipsi
2327 724 2660 772 consonans,
2705 720 2764 762 ut
2815 711 3088 764 senarius.
3121 701 3500 780 Quapropter‘l

1875 801 1966 854 hic
2015 800 2081 853 ad
2113 799 2310 854 Filium
2337 799 2434 856 Dei
2481 800 2737 866 refertur,
2791 801 2884 870 qui
2926 816 2955 854 a
2990 800 3329 870 plenitudine
3376 800 3464 854 di-

1879 892 2122 948 vinitatis
2177 892 2230 946 in
2267 894 2532 947 mundum
2572 895 2800 948 venerit.
2855 893 3181 948 Exinanitus
3227 892 3374 947 enim
3411 901 3469 947 et

1879 984 2053 1038 forma
2111 985 2252 1038 servi
2317 993 2571 1055 suscepta
2609 986 2678 1051 ⁵³,
2747 986 2804 1039 ἱιι
2861 1000 3022 1039 suam
3082 999 3281 1040 rursus
3340 998 3468 1052 per-

1881 1075 2168 1130 fectionem
2209 1091 2275 1130 ac
2311 1077 2630 1148 dignitatem
2665 1078 2985 1147 plenissime
3031 1077 3323 1132 restitutus
3353 1083 3460 1132 est.

1879 1166 2000 1237 lpse
2025 1168 2172 1222 enim
2213 1169 2270 1223 in
2311 1185 2370 1225 se
2408 1169 2527 1238 ipso
2565 1169 2892 1237 diminutus,
2934 1176 2989 1226 et
3021 1170 3078 1224 in
3110 1176 3296 1240 partes
3334 1184 3466 1225 suas

185 1261 460 1316 resolutus
490 1277 557 1316 ex
585 1278 686 1318 sua
719 1263 1082 1318 diminutione
1137 1263 1365 1334 suisque
1413 1263 1683 1334 partibus,
1737 1263 1794 1316 in
1830 1261 2231 1332 plenitudinem
2287 1278 2482 1321 rursus
2537 1265 2777 1336 priorem
2806 1280 2871 1320 ac
2911 1264 3343 1336 magnitudinem
3379 1279 3469 1320 re—

183 1364 409 1427 paratus
429 1355 517 1413 est
541 1377 554 1413 :
592 1374 871 1430 nunquam
894 1360 1218 1424 diminutus,
1246 1369 1303 1413 ut
1321 1360 1596 1431 perfectus
1621 1375 1729 1414 non
1757 1365 1922 1414 esset.

273 1456 440 1510 Ἀλλὰ
459 1458 552 1510 καὶ
579 1459 612 1528 ἡ
637 1457 731 1512 τοῦ
757 1459 962 1528 κόσμου
989 1458 1166 1521 κτίσις
1203 1461 1268 1511 ἐκ
1309 1457 1501 1511 τούτου
1530 1457 1781 1527 φαίνεται

183 1552 333 1604 πᾶσα
363 1551 696 1621 συγκειμένη
722 1549 815 1603 τοῦ
850 1548 1089 1622 ἀριθμοῦ
1128 1551 1223 1602 καὶ
1263 1550 1364 1620 τῆς
1396 1550 1685 1621 ἁρμονίας,
1721 1551 1780 1602 ὲν

184 1641 243 1706 ἓξ
273 1641 512 1714 ἡμέραις
537 1643 867 1712 ποιήσαντος
899 1641 992 1694 τοῦ
1021 1640 1155 1693 Θεοῦ
1184 1642 1275 1694 τὸν
1301 1642 1527 1710 οὐρανὸν
1557 1642 1651 1694 καὶ
1678 1639 1777 1711 τὴν
1811 1675 1852 1730 Β

185 1735 310 1806 γῆν,
340 1737 437 1788 καὶ
467 1736 534 1788 τά
567 1737 625 1789 ὲν
655 1737 840 1800 αὐτοῖς
859 1753 872 1765 ·
907 1735 1008 1806 τῆς
1045 1735 1332 1806 ποιητικῆς
1363 1735 1645 1805 δυνάμεως
1677 1733 1772 1786 τοῦ

185 1825 359 1893 Λόγου
386 1826 478 1877 τὸν
498 1825 557 1892 ἒξ
585 1825 1004 1897 ἐμπεριέχοντος
1024 1825 1278 1896 ἀριθμὸν,
1310 1825 1434 1878 καθ’
1464 1825 1524 1876 ὃν
1557 1826 1590 1895 ἡ
1620 1823 1776 1894 τριὰς

187 1918 455 1988 σωμάτων
482 1919 599 1970 ἐστὶ
628 1920 906 1989 ποιητική.
943 1918 1134 1989 Μῆκος
1165 1919 1274 1989 γὰρ
1318 1918 1412 1970 καὶ
1440 1916 1640 1980 πλάτος
1683 1917 1778 1970 καὶ

186 2012 351 2084 βάθος
387 2013 544 2084 σῶμα
577 2015 889 2086 ἐργάζεται.
926 2014 987 2067 ’0
1035 2014 1093 2066 δὲ
1136 2012 1197 2077 ἓξ
1240 2014 1306 2066 ὲκ
1354 2011 1464 2064 τῶν
1495 2009 1777 2082 τριγώνων

186 2107 305 2159 ἐστὶ
349 2107 726 2177 συγκείμενος.
776 2109 885 2161 Καὶ
931 2107 1061 2177 περὶ
1115 2105 1214 2176 μὲν
1262 2104 1469 2158 τούτων
1513 2104 1613 2157 οὐκ
1661 2103 1776 2156 ἐστι

187 2197 379 2269 καιρὸς
415 2199 639 2270 πρέπων
684 2201 742 2252 ὲν
777 2199 855 2270 τῷ
900 2198 1130 2270 παρόντι
1181 2196 1468 2264 διεξελθεῖν
1508 2196 1575 2249 δι’
1619 2197 1778 2266 ἀκρι-

188 2289 362 2352 ϐείας,
401 2290 487 2344 ἵνα
521 2290 617 2362 μὴ,
645 2291 706 2345 τὸ
733 2291 1098 2364 προκείμενον
1120 2291 1401 2358 ἐάσαντες,
1419 2289 1489 2344 τὰ
1522 2289 1775 2359 πάρεργα

191 2382 510 2454 σκοπῶμεν.

1961 1455 2071 1512 Sed
2098 1463 2154 1512 et
2187 1457 2378 1513 mundi
2413 1459 2620 1514 creatio
2648 1467 2702 1514 et
2750 1460 3034 1514 harmonia
3083 1475 3151 1515 ex
3208 1459 3312 1513 hoc
3341 1458 3468 1512 'nu-

1885 1563 2040 1603 mero
2074 1556 2188 1602 tota
2212 1548 2448 1604 conﬂata
2476 1550 2715 1607 videtur.
2759 1549 2868 1605 Sex
2897 1553 3101 1622 quippe
3128 1551 3341 1605 dierum
3371 1563 3470 1604 nu-

1885 1654 2037 1693 mero
2071 1639 2216 1695 Deus
2248 1642 2448 1696 caelum
2474 1651 2526 1696 et
2561 1650 2766 1696 terram
2797 1642 3043 1697 condidit
3081 1649 3136 1696 et
3161 1657 3224 1697 ea
3265 1656 3386 1712 quae
3409 1640 3468 1695 in

1881 1730 1964 1786 eis
1997 1739 2162 1797 sunt;
2195 1733 2472 1787 senarium
2498 1733 2554 1786 in
2590 1749 2649 1788 se
2669 1749 2959 1788 numerum
2990 1733 3306 1787 continente
3322 1745 3474 1786 crea-

1884 1821 2042 1878 tricis
2073 1822 2295 1879 virtutis
2340 1823 2580 1889 ratione,
2613 1824 2803 1893 inqua
2847 1824 3126 1879 ternarius
3174 1836 3470 1892 corporum

1884 1913 2108 1969 effector
2142 1930 2206 1968 ac
2237 1930 2438 1985 parens
2499 1923 2774 1970 censetur.
2809 1914 3120 1986 Longitudo
3154 1915 3355 1986 quippe
3414 1921 3473 1970 et

1884 2004 2116 2059 latitudo
2172 2012 2228 2060 et
2295 2005 2646 2076 profunditas
2705 2023 2906 2077 corpus
2972 2007 3232 2062 eﬂieiunt.
3296 2005 3474 2064 Porro

1885 2097 2139 2152 senarius
2187 2112 2254 2152 ex
2297 2097 2533 2168 trigonis
2602 2106 2686 2154 est
2735 2098 3096 2168 compositus.
3151 2098 3229 2152 Ac
3273 2099 3339 2153 de
3385 2099 3474 2155 his

1884 2187 2109 2258 quidem
2148 2189 2295 2245 haud
2349 2198 2721 2262 Opportunum
2772 2192 2828 2245 in
2878 2207 3122 2261 praesens
3175 2199 3475 2262 aptumque

1884 2280 2200 2338 accuratius
2257 2282 2569 2338 disserendi
2617 2292 2874 2353 tempus;
2933 2298 3002 2338 ne
3061 2282 3271 2337 omisso
3325 2283 3471 2351 quod

1893 2371 1974 2425 rei
2005 2380 2170 2442 caput
2199 2387 2263 2427 ac
2279 2373 2584 2444 principale
2617 2380 2998 2444 argumentum
3023 2382 3127 2438 est,
3171 2371 3228 2425 in
3262 2371 3328 2426 iis
3353 2386 3476 2440 quae

1889 2464 2131 2518 secunda
2181 2472 2310 2520 sunt
2351 2480 2416 2521 ac
2463 2473 2825 2522 consectanea
2869 2465 3110 2521 studium
3139 2479 3476 2535 operamque

1890 2562 2158 2614 teramus.

259 2669 393 2724 Car.
429 2668 547 2726 XII.
577 2671 661 2724 Ad
687 2673 1044 2729 imitationem
1070 2673 1323 2730 Ecclesia:
1353 2677 1409 2729 in
1436 2673 1723 2730 solitudine
1741 2671 1977 2744 degentis
2010 2686 2060 2729 et
2083 2677 2370 2734 draconem
2403 2680 2725 2750 superantis,
2747 2687 3104 2748 provocantur
3137 2675 3383 2747 virgines.

260 2782 472 2837 Οὐκοῦν
500 2783 659 2855 δεῦρο
686 2787 764 2850 είς
809 2786 908 2859 τὴν
940 2787 1146 2860 ἔρημον
1177 2789 1409 2843 ἐλθοῦσα
1445 2789 1653 2860 ταύτην
1686 2785 1781 2840 καὶ

191 2871 386 2941 ἄγονον
429 2876 617 2928 κακῶν
667 2879 701 2947 ἡ
748 2879 1047 2951 Ἐκκλησία
1097 2880 1394 2952 τρέφεται,
1437 2879 1780 2951 πτερουμένη

1961 2789 2018 2843 In
2050 2792 2193 2847 hanc
2218 2793 2383 2864 igitur
2406 2796 2677 2849 malorum
2717 2793 2960 2850 sterilem
2989 2792 3343 2849 solitudinem
3381 2805 3478 2846 ve—

1890 2884 2049 2938 niens
2080 2883 2329 2941 Ecclesia
2378 2888 2648 2957 pascitur,
2681 2887 2942 2954 celsaque
2993 2885 3119 2940 cceli
3164 2882 3477 2955 petentibus

192 2969 303 3030 τοῖς
338 2968 733 3041 οὐρανοπόροις
764 2973 863 3044 τῆς
903 2975 1206 3047 παρθενίας
1237 2977 1480 3046 πτεροῖς,
1509 2975 1574 3037 ἃς
1600 2973 1781 3028 ἀετοῦ

1894 2977 2201 3047 grandescit
2245 2979 2580 3051 virginitatis
2627 2981 2751 3045 alis,
2793 2995 2933 3050 quas
2966 2978 3252 3048 Scriptura
3293 2978 3338 3009 ⁸⁸
3362 2992 3478 3030 ma-

189 3059 461 3128 μετάλου
490 3062 790 3134 πτέρυγας
825 3067 853 3118 ὁ
881 3067 1039 3136 λόγος
1068 3068 1192 3139 ἔφη,
1215 3069 1484 3140 νικήσασα
1524 3068 1615 3121 τὸν
1637 3067 1780 3136 ὅφιν,

1894 3084 2004 3138 gna:
2034 3069 2227 3139 aquin
2259 3071 2379 3125 alas
2435 3071 2816 3141 nuncupavit:
2852 3078 3007 3141 parta
3060 3069 3176 3140 jam
3231 3069 3299 3124 de
3353 3083 3473 3126 ser-

197 3153 290 3206 καὶ
317 3153 424 3224 τῆς
457 3155 863 3230 πληροσελήνου
897 3161 999 3231 τῆς
1040 3161 1243 3231 ἑαυτῆς
1279 3161 1378 3225 τὰς
1411 3160 1642 3229 νεφέλας
1684 3160 1784 3224 τὰς

193 3242 590 3316 δυσχειμέρους
613 3249 1002 3321 ἀπεωσαμένη.
1022 3250 1241 3304 Τούτων
1267 3251 1376 3322 γὰρ
1399 3251 1556 3322 χάριν
1579 3248 1783 3321 μεταξὺ

193 3334 400 3398 πάντες
425 3334 574 3392 οὗτοι
605 3341 1028 3414 παρηνέχθησαν
1047 3343 1216 3412 λόγοι,
1247 3342 1588 3406 διδάσκοντες
1619 3342 1782 3412 ὑμᾶς,

193 3419 238 3479 ὦ
287 3428 752 3500 καλλιπάρθενοι,
787 3434 928 3488 κατὰ
969 3436 1169 3506 κράτος
1212 3436 1497 3507 μιμεῖσθαι
1542 3435 1640 3507 τὴν
1685 3452 1788 3506 μη-

194 3518 346 3590 τέρα,
395 3520 471 3590 μὴ
511 3523 893 3578 ὲπιθολοῦσθαι
925 3526 983 3579 δὲ
1005 3530 1127 3591 ταῖς
1153 3527 1412 3600 άχθηδόσι
1438 3529 1532 3581 καὶ
1560 3529 1789 3600 τροπαῖς

195 3612 285 3664 καὶ
319 3612 539 3684 θλίψεσι
569 3616 664 3669 τοῦ
714 3617 850 3688 βίου,
890 3618 978 3674 ἵνα
1024 3621 1396 3693 συνεισέλθητε
1431 3620 1627 3693 γαῦροι
1672 3620 1788 3692 μετ’

193 3707 369 3775 αὐτῆς
403 3709 488 3772 είς
515 3708 606 3762 τὸν
633 3712 898 3781 νυμφῶνα
917 3751 933 3776 ,
969 3715 1414 3785 παραφαίνουσαι
1445 3716 1544 3780 τὰς
1569 3716 1790 3786 λαμπά-

192 3796 306 3861 δας.
333 3799 430 3870 Mi]
457 3794 554 3853 οὖν
591 3802 1004 3875 ἀποδειλιάσητε
1047 3807 1186 3878 πρὸς
1214 3807 1314 3870 τὰς
1364 3807 1646 3878 μεθοδείας
1697 3810 1793 3863 καὶ

191 3888 453 3954 διαϐολὰς
497 3893 593 3946 τοῦ
635 3895 832 3968 θηρὸς,
876 3898 1011 3952 ἀλλὰ
1059 3900 1346 3973 καρτερῶς
1389 3902 1791 3956 ὲνσκευάσασθε

195 3983 334 4054 πρὸς
367 3984 474 4056 τὴν
507 3985 710 4059 μάχην,
764 3990 864 4062 τὴν
895 3991 1063 4062 κόρυν
1109 3992 1205 4045 τοῦ
1241 3993 1510 4066 σωτηρίου
1560 3995 1655 4049 καὶ
1701 3995 1794 4049 τὸν

195 4073 428 4148 θώρακα
484 4081 582 4134 καὶ
630 4083 729 4146 τὰς
789 4085 1057 4155 κνημῖδας
1101 4082 1525 4158 ὲξωπλισμέναι.
1573 4088 1794 4158 Μυρίαν

197 4168 306 4240 γάρ
339 4169 496 4240 αὐτῷ
541 4173 881 4244 κατάπληξιν
929 4174 1207 4246 παράξετε
1241 4176 1381 4248 μετὰ
1413 4179 1612 4232 πολλοῦ
1653 4180 1794 4252 λήμ-

201 4277 375 4329 ματος
410 4263 507 4314 καὶ
538 4263 802 4334 εὐψυχίας
853 4266 1323 4336 προσϐάλλουσαν
1368 4268 1489 4321 οὐδὲ
1537 4271 1796 4342 στήσεται

1889 3170 2048 3232 pente
2070 3163 2326 3229 victoria,
2358 3179 2423 3218 ac
2464 3161 2566 3220 suo
2605 3163 2906 3234 plenilunio
2940 3163 3282 3219 brumalibus
3312 3163 3477 3218 nubi-

1890 3253 1995 3309 bus
2030 3253 2359 3326 infestisque
2388 3254 2659 3326 disjectis.
2703 3255 2912 3310 Horum
2945 3256 3090 3310 enim
3118 3255 3478 3325 gratia,quos

1890 3341 2160 3397 hactenus
2196 3343 2588 3414 impendimus,
2625 3361 2819 3400 omnes
2855 3345 2910 3398 hi
2941 3361 2972 3398 a
3008 3345 3168 3399 nobis
3195 3360 3479 3401 sermones

1891 3433 2090 3504 prolati
2123 3441 2252 3489 sunt
2282 3453 2295 3488 :
2333 3435 2688 3491 adhortantes
2717 3451 2837 3503 vos,
2861 3451 2894 3490 ο
2935 3437 3168 3506 egregia:
3211 3435 3477 3505 virgines,

1893 3532 1954 3581 ut
1978 3527 2108 3581 totis
2133 3526 2345 3582 viribus
2375 3535 2608 3583 matrem
2641 3528 2954 3594 imitemini,
2987 3543 3088 3582 nec
3124 3527 3316 3581 mundi
3349 3543 3469 3582 mo—

1892 3619 2068 3675 lestiis
2118 3619 2399 3690 variisque
2439 3628 2494 3676 et
2543 3619 2759 3676 afﬂictis
2807 3621 2934 3675 vita:
2983 3620 3230 3686 casibus,
3276 3620 3479 3676 mentis

1894 3725 2151 3766 serenum
2181 3712 2446 3780 turbetis;
2487 3719 2549 3766 ut
2587 3728 2697 3766 una
2733 3727 2858 3766 cum
2893 3712 2986 3765 illa
3019 3713 3381 3776 exsultantes,
3414 3725 3480 3766 ac

1894 3803 2142 3860 lucentes
2170 3803 2524 3874 praeferentes
2541 3805 2845 3874 lampades,
2866 3805 2921 3859 in
2951 3805 3251 3858 thalamum
3280 3802 3484 3873 Sponsi

1895 3897 2160 3954 subeatis.
2189 3896 2269 3952 Ne
2322 3912 2454 3968 ergo
2509 3907 2734 3969 propter
2777 3897 2958 3952 varias
3008 3897 3282 3968 serpentis
3334 3903 3482 3950 artes

1894 3987 2126 4058 ejusque
2154 3986 2459 4041 calumnias
2489 3986 2732 4040 animum
2768 3985 3176 4055 despondeatis,
3208 3984 3304 4040 sed
3343 3999 3486 4054 prae-

1896 4090 2086 4153 parate
2117 4097 2212 4136 vos
2235 4081 2436 4137 acriter
2465 4081 2531 4134 ad
2567 4095 2828 4151 pugnam,
2863 4081 3072 4150 galeam
3105 4081 3300 4135 salutis
3324 4088 3378 4136 et
3400 4080 3484 4135 lo-

1895 4175 2091 4239 ricam,
2122 4181 2238 4228 tum
2277 4188 2504 4227 crurum
2545 4173 2925 4242 femorumque
2972 4187 3124 4226 arma
3166 4173 3364 4227 bellica
3397 4172 3484 4226 in-

1897 4267 2126 4322 dutae“.
2174 4265 2558 4321 Incredibilem
2601 4266 2748 4320 enim
2779 4265 2854 4318 illi
2903 4272 3185 4335 stuporem
3216 4263 3481 4329 aﬂ‘eretis,

198 4351 444 4416 πάντως,
471 4355 536 4406 ὲκ
559 4354 651 4407 τοῦ
683 4356 992 4426 κρείττονος
1020 4357 1288 4429 ὁρῶνςτὰς
1320 4360 1646 4428 ἀντιπάλους
1691 4381 1782 4417 πα·

1901 4361 2031 4415 dum
2065 4376 2262 4432 magno
2286 4361 2341 4414 in
2378 4361 2556 4430 ipsum
2590 4358 2772 4413 animo
2809 4359 3143 4429 robustaque
3171 4359 3482 4413 constantia

200 4446 652 4516 ρατεταγμένας·
715 4448 830 4501 ἀλλ’
895 4450 1126 4504 αὐτόθεν
1190 4451 1427 4523 ἄρασθαι
1477 4454 1586 4508 τῶν
1650 4456 1790 4510 ἑπτὰ

200 4538 606 4609 παλαισμάτων
631 4541 774 4612 ὑμᾶς
808 4545 1153 4616 συγχωρήσει
1187 4545 1258 4599 τά
1295 4547 1544 4617 ἀριστεῖα
1565 4551 1594 4602 ὁ
1628 4551 1790 4605 πολυ-

201 4629 442 4700 κέφαλος
477 4633 571 4686 καὶ
603 4634 1032 4707 πολυπρόσωπος
1071 4634 1196 4707 θήρ.

1900 4453 2143 4508 irruetis.
2198 4451 2386 4522 Neque
2441 4451 2666 4506 omnino
2719 4451 3012 4506 sustinebit
3066 4451 3354 4520 impetum,
3387 4449 3482 4520 qui

1901 4547 1996 4602 Dei
2022 4547 2182 4617 jussu
2216 4544 2493 4614 ductuque
2531 4543 2832 4599 instructas
2871 4551 3035 4613 atque
3070 4543 3345 4597 accinetas
3380 4541 3480 4595 ad-

1900 4654 2121 4696 versum
2153 4654 2212 4693 se
2245 4637 2544 4708 procedere
2574 4637 2722 4691 acies
2768 4635 2970 4690 videat.
3006 4633 3115 4690 Sed
3157 4635 3340 4690 statim
3374 4635 3482 4688 tul-

206 4725 320 4781 lere
355 4741 456 4781 vos
514 4726 878 4782 certaminum
936 4733 1145 4796 septem
1205 4728 1388 4797 opima
1424 4730 1598 4798 spolia
1630 4735 1984 4806 praemiaque,
2040 4730 2328 4800 multiceps
2379 4737 2437 4783 et
2478 4726 2796 4783 multifrons
2834 4726 3012 4783 bestia
3059 4726 3249 4781 volens
3287 4727 3480 4784 nolens

207 4818 364 4875 feret.

181 4952 192 4992 ί-
277 4955 514 5023 Πρόσθε
537 4953 694 5008 λέων
713 4951 849 5024 (24),
881 4953 1089 5007 ὄπιθεν
1123 4952 1190 5006 δὲ
1215 4952 1468 5024 δράκων,
1491 4953 1696 5023 μέσση
1731 4957 1800 5010 δὲ

280 5096 491 5150 Δεινὸν
525 5097 946 5150 ἀποπνείουσα
977 5097 1167 5164 πυρὸς
1189 5096 1374 5164 μένος
1406 5023 1760 5164 iﬁgﬁgb.

281 5167 393 5220 Καὶ
421 5166 537 5233 τὴν
557 5165 674 5235 μὲν
707 5167 1078 5236 κατέπεφνεν
1093 5169 1125 5221 ὀ
1150 5167 1643 5309 Βελλεροφόῖτῃς
1663 5167 1796 5291 ἐξῆ·

1523 5255 1638 5306 την

1935 4959 2135 5014 Fronte
2161 4960 2263 5026 leo,
2293 4957 2566 5029 caudaque
2585 4955 2768 5021 draco,
2800 4953 3071 5023 mediaque
3091 4952 3341 5007 chimazra

1917 5096 2043 5152 Ore
2071 5110 2280 5150 vomens
2308 5093 2459 5148 struis
2489 5091 2734 5146 incendia
2764 5089 2942 5144 lurida
2963 5089 3196 5157 ﬂammis
3222 5105 3240 5142 :

1938 5167 2008 5222 Et
2037 5168 2189 5221 illam
2233 5163 2444 5235 quidem
2481 5161 2831 5231 Bellerophon
2875 5159 3096 5215 sustulit
3127 5175 3145 5213 :
3181 5159 3317 5213 hanc
3363 5173 3482 5212 vero

280 5395 328 5427 ⁸³
367 5393 516 5448 Phil.
545 5410 607 5462 ιι,
634 5394 686 5448 7.
766 5394 810 5425 ⁵⁸
852 5391 1041 5447 Ezech.
1069 5409 1204 5458 XV",
1247 5393 1303 5448 5.
1380 5393 1424 5425 ⁶⁰
1469 5392 1660 5462 Ephes.
1694 5408 1770 5455 γι,
1808 5392 1899 5448 17.

218 5555 401 5677 Ιιιζ(ει)
432 5557 670 5624 Πρόσθε
703 5558 766 5610 λ.
800 5553 960 5611 Hom.
1027 5554 1191 5609 Iliad.
1233 5553 1294 5618 z,
1328 5553 1453 5614 lSl,
1500 5552 1623 5608 190.
1655 5552 1798 5608 Cou~

286 5643 386 5677 FIS.

286 5643 386 5680 FIS.

287 5697 402 5762 (25)
437 5694 824 5765 Κατέπεφνεν
863 5700 896 5750 ό
941 5696 1446 5764 Βελλεροφόντης.
1483 5693 1681 5748 Leonis
1705 5692 1800 5765 Al-

225 5762 336 5822 latii
369 5762 688 5836 lectionem,
715 5767 889 5839 ipsam
922 5762 1281 5835 laborantem,
1304 5764 1451 5838 quod
1483 5765 1602 5820 loco
1630 5765 1656 5817 ὁ
1684 5762 1806 5815 Βελ-

1851 5599 1855 5604 .
1906 5546 2234 5621 λεροφόντης
2254 5549 2422 5621 esset,
2439 5546 2467 5598 ὁ
2495 5543 2761 5617 Περσεύς,
2785 5542 3003 5621 praefixa
3033 5541 3196 5621 etiam
3216 5538 3484 5621 particula

1907 5610 2138 5686 πρίνόᾱ
2173 5610 2496 5686 explendum
2538 5610 2807 5676 metrum,
2843 5615 2923 5686 si_c
2953 5613 3100 5666 nulla
3135 5612 3207 5686 vi,
3233 5610 3486 5686 exigente

1909 5640 1948 5674 π
1992 5639 2037 5672 ιν
2072 5639 2138 5673 au
2173 5639 2496 5686 υλμιυιιυιιιιι
2538 5639 2807 5676 ιιιυιιυιιι,
2843 5639 2923 5670 διε
2954 5639 3100 5666 ιιιιιιίι
3140 5639 3207 5674 γι,
3233 5639 3482 5679 ῦλιδυιιιῠ

1909 5639 2088 5746 ΐοῗηιιο
2115 5705 2208 5744 seu
2244 5687 2495 5749 historia,
2537 5686 2838 5741 emendavi.
2877 5683 3060 5753 Longe
3084 5683 3251 5753 enim,
3277 5679 3482 5753 distant

1913 5761 2144 5820 Perseus
2176 5767 2229 5815 et
2249 5757 2625 5829 Bellerophon,
2657 5756 2965 5825 diversique
2987 5751 3205 5810 illorum
3240 5751 3478 5812 labores,
