3866 6160
403 311 474 371 59
1328 310 1389 371 3.
1431 308 1766 371 METEODII
1797 308 2113 369 EPISCOPI
2147 308 2238 366 ET
2265 304 2630 365 MABTYRIS

3543 305 3657 362 Ιθῢ

395 429 644 490 Christus
666 445 759 486 rex
781 440 800 486 :
824 429 1009 485 multis
1031 429 1220 502 quippe
1242 430 1410 485 exitio
1448 428 1575 502 fuit.
1606 446 1699 484 nec
1729 428 1932 499 ferendi

2119 424 2378 496 Χριστὸς
2407 422 2564 490 ἄναξ
2586 441 2599 454 ·
2637 419 2911 488 πολλοὺς
2962 420 3076 492 γὰρ
3120 420 3464 502 ἁπώᾼεσετ,
3488 420 3653 502 Δοὐδέ

1596 502 1677 554 uis
1699 510 1812 554 erat

1235 527 1249 541 -
1596 502 1677 554 uis
1699 498 1812 555 erat

396 569 573 639 Quam
605 586 672 626 ea:
699 571 846 642 genis
881 586 1099 625 noxiam
1123 585 1366 640 spumam
1389 498 1694 635 eructhlal;
1820 541 1835 566 ’

359 707 467 764 nisi
498 705 840 779 proﬂigatam
868 704 1124 762 Christus
1142 706 1297 774 prius
1319 701 1670 763 debellasset,
1691 714 1951 770 prorsus-

357 816 468 871 que
513 800 793 855 infirmam
842 808 1009 871 atque
1046 802 1419 867 contemptam
1456 793 1637 861 nobis
1669 792 1948 849 reddidis-

358 902 464 950 εει.

2119 567 2361 637 Λοίγιον
2411 565 2482 620 ἐκ
2529 564 2760 636 γενύων
2798 562 2993 632 ἀφρὸν
3035 491 3572 633 ἐρωγοιξξαξτψ

2056 705 2108 758 εί
2141 700 2216 776 μὴ
2259 702 2527 776 πρότερον
2574 701 2812 767 ὲκλύσας
2854 700 3024 774 αὐτὴν
3066 702 3495 773 κατειργάσατο,
3546 701 3647 755 καὶ

2056 795 2258 867 ἀσθενῆ
2291 795 2388 850 καὶ
2413 794 2892 867 εὐκαταφρόνητον
2917 795 3050 866 ἡμῖν
3090 792 3380 858 παντελῶς
3416 792 3645 865 ἐποίησε

2056 887 2316 961 Χριστός.

353 1009 490 1068 Car.
518 1009 660 1069 XIII.
689 1011 888 1068 Bestia:
910 1011 1221 1068 diademata
1248 1021 1471 1083 septem,
1499 1011 1713 1083 uictrige
1741 1009 1995 1083 castitate
2050 1007 2307 1083 tollenda.
2345 1009 2608 1083 Draconis
2636 1024 2838 1064 cornua
2870 1006 3071 1075 decem,
3104 1006 3369 1078 Decalogo
3400 1006 3645 1077 opposita

1455 1083 1606 1140 uitia.
1640 1079 1772 1136 Fati
1794 1080 1992 1150 opinio,
2024 1081 2229 1135 malum
2258 1081 2575 1136 maximum.

426 1195 610 1264 Quare
641 1197 1219 1284 maseuldsobrioque
1268 1205 1556 1270 assumpto
1588 1199 1793 1264 animo,
1829 1196 1932 1252 fru-

2122 1196 2242 1263 Διὸ,
2277 1195 2451 1268 θυμὸν
2477 1196 2684 1269 ἄρρενα
2711 1191 2974 1248 λαϐοῦσαι
3004 1191 3101 1246 καὶ
3128 1193 3387 1262 νήφοντα,
3422 1190 3645 1247 ἐναντία

352 1295 469 1346 ιιι-ο
504 1288 740 1360 ringenti
768 1281 963 1346 bellua:
993 1305 1058 1345 ac
1078 1292 1310 1347 tumenti
1334 1306 1487 1346 arma
1518 1291 1796 1362 opponite.
1814 1289 1932 1362 Ejus

2052 1288 2211 1343 θέσθε
2255 1286 2333 1359 τῷ
2367 1286 2496 1359 θηρὶ
2537 1285 2836 1358 σφριγῶντι
2874 1283 2943 1337 τὰ
2984 1283 3153 1337 ὅπλα·
3193 1281 3315 1354 μηδ’
3355 1283 3646 1358 ὑποχωρή.

352 1380 491 1436 nihil
523 1382 1027 1451 oppugnationibus
1048 1383 1245 1447 cedite,
1278 1393 1441 1438 autve
1465 1382 1595 1438 hinc
1622 1383 1932 1449 turbemini,

2052 1399 2185 1455 σητε
2235 1381 2296 1435 τὸ
2328 1379 2586 1442 σύνολον,
2633 1380 2717 1448 ἐφ’
2760 1372 2844 1441 οἷς
2889 1376 3217 1449 θρασύνεται
3249 1374 3640 1448 ταραχθεῖσαι·

353 1473 499 1543 quod
532 1471 887 1528 ferocientem
916 1473 1171 1530 videatis.
1209 1471 1487 1528 Inﬁnitam
1519 1473 1666 1530 enim
1690 1473 1932 1532 referetis

2055 1473 2249 1547 μυρίον
2278 1472 2389 1545 γὰρ
2412 1470 2564 1537 ἕξετε
2587 1470 2768 1534 κλέος,
2800 1469 2895 1524 ἐὰν
2930 1467 3167 1540 ἀφέλητε
3197 1469 3489 1539 νικήσασαι
3513 1468 3645 1532 τοὺς

354 1564 607 1635 g‘oriam.
644 1564 692 1621 si
724 1564 951 1620 victoria
977 1565 1183 1635 potitae,
1209 1580 1350 1637 quas
1378 1573 1557 1637 gestat
1600 1574 1810 1638 septem
1842 1581 1932 1643 co;

2048 1568 2135 1621 ἐπ’
2162 1565 2328 1622 αὑτοῦ
2358 1564 2658 1634 στεφάνους
2685 1561 2848 1627 ἑπτὰ,
2883 1561 2952 1615 δι’
2981 1559 3077 1625 οὒς
3102 1562 3130 1614 6
3159 1558 3310 1630 ἀγὼν
3342 1561 3476 1631 ἡμῖν
3508 1559 3645 1633 πρό-

355 1669 526 1710 ronas
547 1669 613 1710 ac
640 1654 976 1721 diademata,
999 1657 1068 1712 ab
1103 1657 1196 1711 illa
1229 1657 1604 1725 abstuleritis;
1641 1658 1710 1715 de
1739 1658 1932 1729 quTbus

2047 1677 2227 1715 κειται
2254 1659 2351 1713 καὶ
2381 1660 2415 1732 ἡ
2440 1657 2609 1729 πάλη,
2642 1654 2783 1711 κατὰ
2809 1655 2902 1708 τὸν
2934 1653 3254 1708 διδάσκαλον
3297 1653 3530 1708 Παῦλον.
3575 1655 3642 1709 Ἦ

354 1746 515 1801 nobis
545 1754 827 1804 certamen
862 1762 928 1803 ac
957 1747 1105 1817 lucta
1144 1750 1427 1821 proposita
1455 1757 1564 1818 est,
1588 1716 1649 1805 ut
1683 1716 1932 1821 magister

2047 1754 2157 1826 γὰρ
2206 1716 2695 1822 καταγωνισαμένη
2746 1745 2839 1801 τοῦ
2885 1745 3135 1803 διαϐόλου
3195 1746 3460 1820 πρότερον
3479 1786 3495 1811 ,
3544 1748 3644 1803 καὶ

354 1848 544 1895 noster
561 1838 767 1896 Paulus
793 1840 979 1898 tradit.
1012 1841 1147 1909 Quae
1174 1844 1321 1899 enim
1343 1844 1616 1900 debellato
1644 1845 1798 1915 prius
1825 1843 1932 1899 dia-

2046 1843 2375 1917 νεκρώσασα
2404 1841 2504 1906 τὰς
2543 1840 2684 1894 ἑπτὰ
2720 1839 2985 1910 κεφαλὰς,
3020 1839 3129 1893 τῶν
3175 1837 3317 1892 ἑπτὰ
3358 1839 3642 1909 στεφάνων

350 1928 500 1995 bolo,
531 1940 739 2003 septem
784 1933 964 2004 capita
996 1938 1293 2001 necaverit,
1321 1945 1529 2008 septem
1573 1936 1794 1992 virtutis
1849 1951 1932 1992 co.

2045 1937 2146 2008 τῆς
2197 1935 2403 2008 ἀρετῆς
2453 1931 2728 2007 ἐγκρατὴς
2784 1933 3026 2001 γίνεται,
3086 1931 3359 2004 μεγάλους
3420 1932 3640 2001 ἀγῶνας

352 2038 519 2079 renas
559 2023 921 2095 adipiscetur,
956 2036 1163 2097 septem
1212 2028 1426 2099 magnis
1452 2027 1740 2099 perfuncta
1774 2028 1932 2084 casti-

2044 2026 2383 2099 διαθλήσασα
2404 2026 2501 2096 τῆς
2537 2024 2781 2093 ἁγνείας.
2811 2023 3038 2095 Κεφαλὴ
3065 2024 3174 2096 γὰρ
3208 2023 3303 2077 τοῦ
3346 2022 3639 2099 δράκοντός

352 2115 483 2170 tatis
504 2117 928 2173 certaminibus.
962 2116 1142 2189 Caput
1165 2119 1311 2174 enim
1343 2119 1606 2176 draconis
1636 2127 1723 2177 est
1745 2120 1932 2176 intem-

2045 2121 2194 2174 ἐστιν
2230 2121 2264 2191 ἡ
2293 2117 2536 2191 ἀκρασία
2574 2118 2671 2172 καὶ
2699 2119 2733 2189 ή
2782 2118 2962 2191 τρυφή
2989 2133 3003 2147 ’
3039 2119 3069 2171 ό
3094 2116 3301 2189 ταύτην
3336 2117 3640 2182 συνθλάσας

351 2210 602 2278 perantia
631 2216 686 2265 et
717 2210 916 2277 luxus;
940 2211 1035 2281 qui
1058 2211 1163 2267 hoc
1189 2219 1357 2283 caput
1386 2212 1743 2285 confregerit,
1774 2213 1932 2269 casti-

2044 2212 2320 2267 ἀναδεῖται
2372 2212 2464 2265 τὸν
2509 2212 2773 2282 στέφανον
2828 2210 2930 2282 τῆς
2978 2210 3352 2284 σωφροσύνης.
3406 2211 3636 2281 Κεφαλή

349 2300 479 2355 tatis
505 2315 709 2355 corona
733 2303 1043 2357 ornabitur.
1078 2303 1252 2374 Caput
1283 2312 1368 2360 est
1389 2312 1444 2360 et
1476 2305 1712 2376 ignavia,
1753 2302 1932 2360 fracti-

2043 2306 2161 2358 ἐστι
2195 2307 2291 2360 καὶ
2320 2307 2353 2377 ή
2385 2304 2559 2358 δειλία
2592 2306 2686 2358 καὶ
2716 2305 2751 2376 ἡ
2795 2303 2993 2377 θρύψις
3013 2319 3028 2335 ο
3073 2306 3103 2357 6
3137 2302 3341 2375 ταύτην
3384 2303 3640 2375 πατήσας

349 2404 459 2460 que
488 2392 661 2446 animi
690 2393 925 2449 imbellis
952 2409 1158 2465 pavor;
1200 2397 1297 2465 qui
1345 2396 1451 2453 hoc
1501 2397 1639 2468 pede
1685 2412 1932 2469 premens

2042 2398 2134 2452 τὸν
2157 2398 2421 2468 στέφανον
2452 2399 2756 2469 ἀναιρεῖται
2784 2397 2876 2453 τοῦ
2913 2397 3235 2470 μαρτυρίου.
3262 2397 3488 2470 Κεφαλή
3517 2398 3637 2450 ἐστι

348 2482 581 2550 eliserit,
613 2497 872 2539 coronam
897 2483 1111 2541 auferet
1145 2487 1415 2559 martyrii.
1458 2486 1637 2558 Caput
1670 2495 1834 2545 estet
1858 2489 1932 2543 in-

2042 2491 2139 2543 καὶ
2163 2491 2196 2562 ἡ
2226 2490 2454 2543 ἀπιστία
2486 2490 2580 2544 καὶ
2603 2491 2637 2562 ὴ
2666 2489 2842 2558 ἄνοια,
2870 2489 2965 2543 καὶ
2986 2488 3054 2542 τὰ
3084 2489 3217 2543 ἄλλα
3244 2489 3505 2553 ὡσαύτως
3534 2488 3637 2561 τῆς

347 2572 588 2630 ﬁdelitas
618 2582 675 2630 et
704 2577 962 2644 stultitia,
987 2587 1042 2634 et
1083 2579 1295 2650 reliqua
1327 2580 1381 2635 id
1410 2596 1585 2652 genus
1615 2582 1932 2653 improbita-

2042 2583 2306 2656 πονηρίας
2350 2583 2831 2655 πλεονεκτήματα·
2868 2582 2897 2636 6
2928 2581 3101 2636 ταῦτα
3153 2581 3636 2654 κατεργασάμενος

346 2657 423 2722 tis
452 2675 734 2743 monstra:
765 2670 861 2740 qui
884 2685 949 2726 ea
986 2669 1286 2727 confecerit
1308 2687 1373 2727 ac
1402 2673 1726 2744 perdiderit,
1755 2674 1932 2745 opima

2040 2677 2137 2732 καὶ
2166 2674 2372 2731 ἀνελὼν
2399 2675 2500 2739 τὰς
2531 2675 2619 2729 ἐπ’
2662 2676 2848 2739 αὐτοῖς
2876 2673 3044 2746 τιμάς
3076 2673 3436 2747 ἀποφέρεται,
3472 2672 3637 2728 πολυ-

344 2755 416 2811 de
448 2758 557 2815 illis
588 2760 830 2816 victoriae
860 2763 1087 2832 praemia
1110 2765 1436 2837 reportabit,
1468 2766 1772 2825 multifarie
1804 2783 1932 2823 con-

2038 2770 2258 2842 τρόπως
2299 2768 2766 2840 ὲκκεραῖζομένης
2806 2765 2903 2821 τοῦ
2950 2766 3244 2839 δράκοντος
3286 2767 3388 2837 τῆς
3427 2766 3630 2838 ίσχύος.

348 2860 472 2906 tusa
498 2855 742 2922 potentia
780 2854 1061 2912 draconis.
1098 2856 1234 2919 Nam
1260 2866 1312 2914 et
1345 2859 1531 2917 decem
1569 2876 1779 2917 cornua
1813 2878 1932 2918 acu-

2039 2863 2152 2917 Καὶ
2175 2860 2285 2934 γὰρ
2323 2858 2508 2914 καὶτὰ
2538 2859 2670 2913 δέκα
2711 2857 2921 2930 κέρατα
2966 2857 3059 2911 καὶ
3093 2856 3319 2929 κέντρα,
3357 2855 3504 2929 ἅπερ
3538 2854 3637 2911 ἐπὶ

345 2941 528 3013 leique
552 2960 675 3015 quae
699 2945 753 3000 in
785 2947 1059 3017 capitibus
1082 2948 1227 3005 ferre
1250 2951 1421 3005 draco
1451 2952 1635 3010 dictus
1674 2961 1781 3019 est,
1803 2969 1932 3009 con-

2038 2958 2158 3020 ταῖς
2183 2952 2444 3023 κεφαλαῖς
2470 2950 2666 3023 ἐλέχθη
2695 2951 2904 3023 φέρειν,
2921 2950 2976 3003 αἱ
2997 2949 3130 3004 δέκα
3148 2947 3451 3011 ἀντιθέσεις
3471 2947 3632 3012 εἰσὶν,

346 3035 520 3089 traria
541 3036 730 3093 decem
766 3037 1038 3111 Decalogo
1065 3051 1392 3113 argumenta
1420 3052 1570 3110 sunt,
1601 3060 1635 3100 ο
1660 3047 1932 3116 prteclaraa

2038 3042 2083 3103 ὦ
2116 3043 2555 3116 καλλιπάρθενοι,
2593 3041 2688 3096 τοῦ
2726 3041 3054 3110 Δεκαλόγου,
3096 3035 3184 3104 αἷς
3217 3038 3635 3111 ἀνακερατίζειν

347 3125 613 3198 virgines,
640 3132 841 3200 quibus
878 3134 1116 3189 arietare
1163 3137 1457 3207 acriusque
1486 3145 1673 3208 petere
1700 3153 1765 3193 ac
1799 3138 1932 3209 deji-

2044 3139 2201 3194 είωθε
2253 3138 2348 3192 καὶ
2395 3134 2609 3205 βάλλειν
2659 3132 2756 3197 τὰς
2805 3132 2914 3185 τῶν
2973 3132 3239 3186 πλείστων
3287 3130 3493 3203 ψυχάς·
3524 3132 3630 3201 τῇ,

348 3232 474 3274 cere
506 3221 869 3291 plurimorum
926 3226 1139 3282 animos
1186 3230 1514 3297 consuevit;
1558 3246 1754 3301 nempe
1801 3231 1932 3286 huic

2058 3229 2443 3303 Ἀγαπήσεις,
2477 3226 2690 3298 ἐντολῇ,
2718 3224 2828 3279 τὸν
2858 3225 3079 3292 Κύριόν
3114 3241 3230 3279 σου
3250 3264 3265 3288 ,
3308 3223 3378 3278 τὰ
3410 3222 3634 3279 ἐναντία

345 3322 619 3383 praecepto
648 3333 661 3370 :
698 3315 894 3387 Diliges
928 3317 1217 3373 Dominum
1238 3320 1405 3375 Deum
1439 3333 1589 3376 tuum
1616 3322 1683 3388 “,
1714 3337 1779 3379 ac
1807 3324 1932 3378 reli-

2046 3324 2257 3397 φρονῶν
2289 3321 2385 3376 καὶ
2424 3320 2861 3389 τεκταινόμενος,
2890 3317 2985 3373 καὶ
3017 3319 3130 3381 τοῖς
3172 3317 3298 3387 ἑξῆς
3337 3317 3635 3390 νομοθετή-

346 3406 472 3474 quis
488 3405 747 3479 deinceps
777 3411 1052 3466 mandatis
1081 3414 1359 3475 contraria
1391 3415 1611 3485 sapiens
1636 3415 1940 3487 ips_e,aliis-

341 3510 454 3566 que
502 3500 798 3557 obtrudere
849 3511 1126 3576 satagens.
1178 3504 1311 3561 Vide
1371 3508 1520 3562 enim
1571 3507 1721 3563 illius
1761 3522 1936 3563 cornu

344 3588 471 3659 igne
495 3608 791 3650 accensum
815 3612 879 3651 ac
913 3599 1337 3663 amarulentum,
1359 3599 1804 3666 fornicationem,
1822 3617 1934 3672 quo

345 3680 778 3754 intemperantes
808 3686 932 3741 ferit
962 3708 974 3743 :
1012 3690 1133 3745 vide
1162 3691 1517 3758 adulterium,
1555 3692 1677 3750 vide
1706 3693 1934 3749 menda-

344 3775 514 3840 cium,
548 3777 673 3833 vide
717 3782 1021 3848 avaritiam,
1062 3784 1188 3839 vide
1241 3784 1472 3852 furtum,
1509 3795 1673 3857 atque
1718 3765 1934 3859 reliqua

341 3862 433 3920 bis
459 3880 717 3938 germana
744 3878 799 3925 et
839 3870 1053 3941 aflinia,
1082 3883 1287 3945 quanta
1334 3876 1485 3933 circa
1523 3878 1672 3934 illius
1704 3877 1936 3949 parrici-

418 4012 465 4045 “
503 4010 664 4069 Deut.
697 4029 774 4080 Vl,
799 4014 856 4071 5.

342 4169 431 4225 vel
460 4170 596 4235 veri,
622 4171 710 4250 vel
739 4172 882 4228 ficti:
920 4187 1023 4250 nec
1052 4180 1201 4250 tanta
1247 4172 1504 4250 Methodii
1547 4175 1922 4250 ἀνιστορῃσία,

344 4250 408 4295 ut
428 4258 548 4316 quae
570 4243 734 4316 unius
759 4246 1004 4316 suntq(re
1022 4246 1102 4316 sic
1122 4246 1272 4309 trita,
1302 4253 1356 4299 et
1384 4245 1448 4316 in
1471 4248 1667 4315 patria.
1696 4243 1927 4316 cui'ipse

345 4313 565 4387 praefuit
606 4313 940 4387 episcopus)
973 4314 1227 4387 tribuerit
1256 4334 1269 4369 :
1302 4315 1398 4371 sed
1445 4313 1737 4387 a‘ntiquarii
1775 4313 1923 4372 istud

347 4384 588 4457 plagiam
613 4384 753 4457 fuit,
769 4383 828 4440 uit
857 4383 914 4457 et
940 4386 1085 4457 quod
1110 4383 1409 4457 Vaticanus
1424 4383 1791 4456 antiquarius,
1807 4388 1925 4457 ipse

351 4453 976 4541 ridiculusl'subdiditf
999 4456 1361 4541 ξ’(ατέτιεφνιῇ¹
1396 4453 1611 4541 ῌατρδς
1635 4453 1926 4541 τεράτέσσι
1959 4484 2003 4538 D

350 4524 590 4599 πιθήσας
617 4526 852 4599 Χριστὸς
892 4524 1078 4599 ἄναξο
1112 4524 1268 4597 quasi
1303 4524 1557 4584 Christus
1588 4524 1722 4599 vere
1754 4530 1928 4599 ipsius

348 4596 624 4667 chimzerte
650 4596 888 4653 domitor
912 4599 1017 4652 l'uci
1034 4596 1076 4650 it
1102 4596 1333 4667 eamque
1361 4598 1647 4663 occiderit,
1676 4596 1792 4654 non
1806 4599 1926 4653 dia—

353 4665 538 4741 bolum
586 4675 641 4723 et
672 4669 992 4741 draconem,
1032 4672 1193 4741 cuius
1220 4665 1310 4741 ille
1335 4678 1463 4741 typo
1489 4670 1805 4741 chimaeram
1835 4685 1928 4725 as-

351 4738 523 4811 sumit
551 4759 564 4794 :
589 4739 685 4811 qui
713 4756 910 4795 sensus
937 4739 1311 4808 perabsurdus
1340 4738 1445 4811 est,
1479 4756 1588 4811 quo
1616 4740 1783 4796 etiam
1819 4741 1931 4811 hiat

350 4809 549 4872 oratio,
581 4810 892 4865 desiderata
914 4812 1085 4865 altera
1110 4821 1264 4879 parte
1298 4809 1624 4865 adversante
1651 4829 1664 4864 :
1698 4826 1823 4864 nam
1845 4810 1928 4874 τὸ,

346 4879 450 4952 τὴν
481 4879 598 4949 μὲν,
626 4882 726 4951 τὴν
764 4881 821 4934 δέ
839 4881 1077 4952 postulat
1099 4882 1214 4936 sive
1238 4880 1402 4934 etiam
1432 4881 1522 4935 τὸν
1550 4882 1627 4943 δέ,
1662 4880 1805 4952 quod
1834 4881 1932 4934 ha-

353 4946 535 5021 buerit
565 4946 745 5006 Alla'tii
768 4946 975 5020 codex;
1009 4962 1200 5019 estque
1239 4952 1465 5012 indicio.
1506 4952 1652 5021 quod
1681 4946 1928 5006 'mascu-

353 5018 468 5094 lino
488 5036 686 5090 genere
716 5018 1076 5094 ἐρευγόμενον
1109 5018 1292 5087 habet,
1318 5023 1476 5091 quasi
1506 5018 1795 5079 referendo
1840 5022 1932 5075 τὸν

352 5090 625 5164 δράκοντα
655 5101 712 5164 et
737 5090 1046 5149 diabolum:
1084 5108 1248 5164 quam
1281 5090 1570 5150 lectionem
1597 5094 1781 5148 minus
1804 5108 1932 5164 pro:

356 5161 451 5216 bat
478 5162 657 5235 editor
688 5161 917 5233 Lupar.,
967 5180 1068 5235 ego
1098 5161 1273 5233 inagis
1317 5165 1511 5233 probo,
1540 5164 1836 5233 malimque
1863 5162 1931 5218 ad

358 5245 479 5311 eam
511 5233 706 5311 omnia
723 5233 1130 5311 componi,'_etsi
1161 5235 1421 5311 feminine
1446 5235 1575 5290 ferri
1603 5242 1803 5311 potest,
1821 5248 1931 5311 qua

354 5301 655 5376 Chimaeras
677 5301 870 5376 figura,
902 5305 1105 5360 Christi
1143 5305 1211 5360 de
1245 5304 1482 5376 dracone
1517 5315 1572 5360 et
1603 5301 1933 5376 diaboio'vi-

360 5372 593 5447 ctoriam
624 5372 908 5442 describit,
943 5377 1036 5445 qui
1080 5377 1153 5447 sit
1181 5372 1414 5447 mystica
1442 5375 1731 5431 Chimaera.
1758 5375 1932 5430 Porro

356 5445 628 5518 Chimaera
683 5459 842 5518 mons
870 5456 955 5518 est
982 5448 1037 5518 in
1084 5445 1251 5516 Lycia
1303 5447 1633 5518 ignivomus,
1676 5447 1734 5500 in
1777 5447 1933 5518 cujus

359 5514 646 5587 cacumine
681 5514 865 5573 leones
893 5514 1234 5587 habitarent,
1276 5514 1347 5571 in'
1370 5517 1548 5573 medio
1587 5518 1679 5572 ubi
1711 5514 1932 5587 pascuis

338 5584 625 5659 ‘abundat,
649 5600 829 5659 capra:
853 5605 873 5659 ;
902 5587 959 5659 in
986 5585 1286 5659 radicibus,
1314 5597 1619 5659 serpentes,
1636 5584 1797 5659 quem
1814 5586 1935 5659 Bel-

362 5655 624 5729 leropbon
674 5656 1027 5729 habitabilem
1075 5655 1426 5724 reddiderit;
1470 5655 1709 5729 hincque
1759 5658 1933 5728 poetis

364 5727 674 5799 edomuisse
695 5726 1021 5783 Chimaeram
1037 5735 1341 5783 monstrum
1362 5745 1459 5799 per
1485 5726 1724 5799 fabulam
1751 5726 1932 5799 dictus

368 5800 458 5856 sit.
493 5797 737 5854 Meminit
763 5801 926 5856 etiam
957 5799 1077 5869 ejus
1112 5799 1314 5856 montis
1337 5797 1597 5872 ignivomi
1625 5797 1932 5856 Mcthodius

2048 3433 2202 3490 μασι.
2255 3414 2352 3469 Ἰδὲ
2380 3413 2490 3485 γὰρ
2537 3412 2705 3484 κέρας
2754 3409 2921 3463 αὐτοῦ
2973 3409 3236 3481 διάπυρον
3268 3411 3364 3464 καὶ
3411 3410 3630 3482 πικρὸν,

2042 3508 2143 3580 τὴν
2174 3506 2470 3579 πορνείαν,
2511 3495 2557 3571 ᾧ
2600 3502 2728 3566 τοὺς
2773 3499 3089 3572 ἀκράτορας
3143 3499 3355 3572 βάλλει’
3411 3500 3486 3555 ἰδὲ
3531 3500 3633 3556 τὴν

2037 3602 2311 3676 μοιχείαν,
2339 3598 2417 3652 ἰδὲ
2445 3597 2506 3652 τὸ
2536 3595 2752 3668 ψεῦδος,
2779 3593 2855 3648 ἰδὲ
2880 3592 2979 3666 τὴν
3009 3592 3392 3666 φιλαργυρίαν,
3428 3593 3504 3647 ίδὲ
3527 3593 3632 3665 τὴν

2032 3694 2263 3767 κλοπὴν,
2309 3692 2404 3746 καὶ
2434 3688 2504 3744 τὰ
2551 3687 2688 3743 ἄλλα
2730 3684 2944 3750 τούτοις
2982 3684 3190 3755 ἀδελφά
3230 3684 3324 3739 καὶ
3367 3684 3627 3755 συγγενῆ,

2030 3788 2207 3843 ὁπόσα
2277 3780 2699 3855 ύπερισχύουσιν
2761 3778 2908 3849 ἀμφὶ
2967 3780 3092 3842 ταῖς
3136 3775 3399 3846 κεφαλαῖς
3458 3774 3628 3857 αὐτοῦ

2031 3877 2153 3939 ταῖς
2202 3869 2670 3955 ἀνθρωποκτόνοις
2730 3866 3050 3939 πεφυκότα·
3109 3865 3177 3931 ἃς
3210 3867 3366 3938 ὑμεῖς
3406 3882 3629 3938 συμμα-

2036 4175 2180 4245 apud
2208 4172 2580 4245 Epiphaniam
2621 4168 2781 4245 ILDe
2808 4169 3228 4245 resurrectione,
3287 4168 3625 4245 plantasque

2035 4238 2182 4316 haud
2218 4238 2410 4316 procul
2442 4245 2513 4316 ab
2537 4241 3078 4316 ebullientibusejus
3112 4238 3347 4316 flammis
3367 4238 3623 4316 miratur.

2034 4314 2175 4371 Nota
2204 4311 2311 4370 alia
2343 4315 2411 4370 de
2442 4313 2884 4383 Bellerophonte,
2921 4311 3176 4380 datisque
3217 4311 3414 4365 litteris
3437 4320 3497 4365 ut
3522 4326 3625 4366 oc-

2035 4386 2332 4450 cideretur,
2391 4401 2516 4441 cum
2561 4382 2893 4455 impudicam
2935 4383 3222 4455 mulierem
3274 4395 3305 4434 a
3360 4395 3420 4435 se
3458 4396 3625 4455 repu-

2035 4457 2232 4539 iisset;
2284 4471 2396 4539 qua
2432 4465 2615 4538 tamen
2642 4454 3278 4539 'molitionelslicrlarus
3324 4454 3618 4539 evaserit";

2034 4527 2180 4598 haud
2206 4522 2433 4598 proinde
2457 4526 2810 4598 importunus
2836 4524 2923 4579 vel
2948 4523 3155 4598 Christi
3184 4522 3512 4598 ligurieLvel
3552 4523 3623 4577 li-

2032 4597 2116 4651 bri
2149 4592 2471 4668 argumento
2500 4592 2566 4651 de
2591 4595 2902 4668 virginitate
2929 4603 2983 4651 et
3009 4592 3361 4668 castimonia.
3382 4592 3622 4649 Perseus

2034 4669 2171 4723 nihil
2200 4663 2661 4739 e]usmodi,_ipse
2681 4663 2908 4721 Danaes
2937 4679 3000 4720 ac
3032 4663 3186 4739 lovis
3238 4671 3430 4739 stupro
3481 4678 3618 4739 con-3

2033 4733 2247 4808 ceptus,
2279 4751 2333 4794 et
2355 4740 2448 4809 qui
2476 4733 2786 4809 Medusam.
2796 4750 2965 4809 unam
2981 4751 3062 4809 ex
3091 4735 3460 4805 Gorgonibus,
3495 4733 3616 4789 orci

2032 4805 2418 4881 clypeotectu's
2435 4808 2715 4881 occiderit.
2740 4805 2845 4862 Ubi
2871 4805 3025 4862 Iovis
3044 4813 3388 4881 assumptum
3413 4818 3619 4881 nomen

2034 4876 2100 4933 ad
2125 4876 2413 4951 tegendam
2434 4879 2591 4951 proci
2628 4892 2943 4951 personam,
2972 4877 3066 4947 qui
3096 4876 3217 4929 auri
3250 4876 3299 4951 vi
3334 4876 3615 4951 corruptis

2033 4946 2380 5012 custodibus,
2430 4946 2485 5002 in
2527 4946 2711 5003 arcem
2762 4964 2870 5019 qua
2909 4946 3097 5019 Danae
3142 4946 3452 5019 tenebatur,
3506 4947 3616 5000 sibi

2033 5022 2176 5074 viam
2212 5021 2401 5075 fecerit
2422 5014 3126 5090 puellamque-eormperit.
3165 5014 3614 5090 Facessantergo

2034 5090 2389 5161 impudicitiae
2411 5087 2694 5161 exempla,
2719 5104 2787 5161 ne
2806 5104 2912 5161 non
2939 5087 3202 5161 illustrari
3226 5087 3484 5161 splendor
3505 5090 3617 5161 vir-

2037 5157 2284 5231 ginitatis
2311 5157 2817 5231 peroranteAThecla
2838 5159 3052 5229 virgine
3079 5172 3380 5228 earumque
3403 5157 3616 5231 princi-

2034 5226 2122 5301 pe,
2154 5226 2424 5297 videatur,
2456 5229 2553 5287 sed
2598 5228 2791 5284 ftedari
2831 5249 2844 5285 :
2881 5226 3248 5301 nfaneantque
3291 5226 3616 5301 quarforti-

2033 5298 2245 5380 tudinis
2260 5318 2414 5373 aeque
2426 5316 2491 5356 ac
2506 5301 2777 5380 castitatis
2784 5300 3303 5380 illustrespecimen
3343 5298 3609 5380 habeant,

2034 5374 2083 5429 ei
2113 5366 2343 5444 prorsus
2383 5372 2620 5444 gemina,
2652 5371 2800 5444 quod
2845 5370 2914 5426 de
2960 5366 3154 5444 divino
3195 5366 3456 5444 Iosepho,
3486 5367 3614 5437 ipso

2034 5437 2237 5499 Christi
2265 5437 2435 5515 ﬁgura
2466 5437 2788 5515 prgenobili,
2829 5439 3279 5515 sacris_oracu_|is
3321 5437 3615 5515 olimﬁpro-

2035 5515 2209 5569 ditum
2235 5506 2328 5571 est
2355 5533 2369 5570 :
2403 5506 2551 5584 quod
2610 5506 2787 5582 ipsum
2825 5512 2963 5584 forte
2990 5510 3162 5566 Graeci
3195 5509 3251 5563 in
3279 5523 3380 5565 suo
3433 5506 3613 5564 Bene-

1996 5618 1999 5619 ν
2036 5586 2303 5655 rophonte
2326 5581 2720 5655 repraesentare
2751 5581 3046 5644 voluerint,
3073 5588 3132 5655 ut
3162 5586 3291 5634 sunt
3333 5585 3525 5655 nostra
3554 5586 3613 5634 et

2037 5648 2194 5712 sacra
2226 5648 2654 5725 longe—profanis
2676 5652 2989 5708 Graecorum
3020 5649 3354 5720 antiquiora,
3385 5648 3611 5719 illisque

2037 5723 2367 5797 praeiverunt
2401 5723 2424 5780 Ξ
2443 5739 2549 5794 qua
2587 5723 2655 5778 de
2695 5739 2756 5778 re
2784 5728 3154 5797 cum_veteres
3184 5728 3299 5776 tum
3330 5726 3384 5777 et
3408 5733 3611 5776 recen-

2036 5790 2205 5856 tiores
2227 5790 2529 5854 luculenter
2562 5801 2882 5851 tractarere.
2913 5790 3204 5848 Generis.
