3866 6160
412 267 520 323 165

1360 259 1420 316 s.
1458 256 1790 316 nernonn
1826 254 2134 313 EPISCOPI
2177 255 2264 310 ET
2303 255 2662 312 nanrvms
2742 233 2747 241 ’
3567 265 3671 321 ιιι

411 380 491 437 ris
518 378 610 442 sit,
639 375 870 434 servatis
899 391 1114 447 semper
1138 374 1331 432 iisdem
1365 375 1605 446 partium
1653 374 1978 440 intervallis,

2093 373 2340 444 ἀνάγκη,
2396 373 2568 442 φασὶ,
2621 373 2761 427 κατά
2813 373 2911 438 τὰς
2951 375 3144 445 ὁμοίας
3207 375 3515 442 διαστάσεις
3561 379 3672 435 τῶν

387 473 647 527 .mediam
693 469 927 538 hujusce
964 483 1145 523 rerum
1179 467 1554 522 universitatis
1576 475 1778 521 terram
1803 465 1990 521 consi-

415 564 547 618 dere
594 577 818 616 necesse
847 569 952 627 est,
983 562 1132 614 circa
1162 575 1327 630 quam
1357 559 1476 627 ipso
1508 558 1780 612 seniorem
1824 555 1992 610 verti-

389 656 507 706 .‘tur
532 651 752 706 costum.
808 648 943 703 Nam
994 649 1042 704 si
1099 663 1163 703 ex
1205 655 1407 716 puncto
1438 655 1494 701 et
1539 653 1730 701 centro
1773 653 1992 700 constat

385 745 639 816 isphzerae
669 740 1119 803 circumductus,"
1149 740 1244 810 qui
1286 740 1473 810 utique
1508 739 1660 794 orbis
1693 754 1816 794 esse
1839 738 1993 794 vide-

412 783 639 816 ,νυυωω
670 783 1101 803 unaunam“,
1150 783 1244 810 Ἰν-
1288 783 1473 810 --.νη
1511 783 1660 794 .,.....,
1694 783 1816 794 ---ν
1852 783 1964 794 ..-ν

383 783 508 896 itur
537 843 592 890 et
623 817 898 890 circulus:
923 847 1047 886 cum
1081 832 1195 885 ﬁeri
1226 846 1334 886 non
1358 831 1532 900 possit
1559 840 1616 884 ut
1645 831 1765 886 sine
1787 838 1992 902 puncto

411 928 658 983 circulus
693 925 1061 987 describatur,
1099 937 1199 976 nec
1231 923 1475 978 circulus
1503 938 1627 978 esse
1658 925 1832 993 possit
1864 927 1993 979 abs-

412 1035 520 1090 que
569 1027 795 1089 puncto,
837 1005 1060 1087 quinam
1119 1015 1235 1069 ﬁeri
1292 1022 1504 1084 potest,
1542 1015 1718 1080 aiunt,
1762 1023 1823 1069 ut
1880 1031 1990 1070 non

412 1109 670 1164 omnibus
698 1109 850 1178 prior
883 1115 1024 1161 terra
1051 1106 1344 1169 exstiterit,
1369 1106 1600 1176 ejusque
1628 1107 1801 1174 ipsius
1822 1105 1990 1161 chaos

412 1208 469 1255 et
494 1200 862 1270 profundum?
889 1198 1054 1251 Plane
1077 1197 1222 1250 enim
1259 1197 1312 1250 in
1348 1200 1553 1253 erroris
1585 1197 1916 1268 profundum
1938 1206 1991 1253 et

413 1293 582 1347 chaos
614 1291 800 1347 miseri
845 1289 1083 1360 prolapsi
1139 1300 1284 1344 sunt.
1323 1289 1478 1355 Quod
1529 1307 1645 1343 cum
1695 1289 1859 1344 Deum
1899 1307 1988 1342 co-

412 1387 734 1456 gnovissent,
763 1403 868 1439 non
907 1386 1043 1446 sicut
1081 1384 1244 1438 Deum
1277 1385 1728 1454 gloriﬁcaverunt.
1753 1396 1842 1438 aut
1865 1403 1990 1455 gra-

416 1479 522 1532 tias
555 1476 919 1548 egerunt;sed
959 1485 1282 1529 evanuerunt
1323 1478 1374 1529 in
1422 1477 1824 1546 cogitationibus
1853 1479 1986 1540 suis,

413 1575 466 1621 et
496 1567 835 1621 obscuratum
882 1574 958 1619 est
996 1565 1248 1633 insipiens
1297 1581 1388 1618 cor
1425 1581 1603 1619 eorum
1625 1567 1701 1629 ‘5';
1752 1567 1836 1620 vel
1887 1566 1989 1621 hoc

415 1659 658 1714 maxime
686 1659 832 1728 quod
866 1674 1056 1714 eorum
1109 1657 1387 1726 sapientes
1415 1657 1550 1710 nihil
1581 1673 1704 1711 esse
1754 1656 1988 1712 terrenis

2092 467 2273 521 αὐτῶν
2317 467 2485 520 ὄντων
2531 466 2946 538 διαστημάτων,
2981 468 3154 538 μέσην
3198 468 3292 520 τοῦ
3346 472 3546 535 παντὸς
3571 474 3673 544 τὴν

2093 562 2197 632 γῆν
2231 560 2538 630 τυγχάνειν,
2575 561 2703 631 περὶ
2757 560 2824 632 ἢν
2854 562 2883 612 ὁ
2914 561 3140 631 οὐρανὸς
3174 562 3503 633 περιδίνεται
3536 583 3672 636 προ-

2093 654 2418 726 γενεστέραν
2448 649 2634 707 οὖσαν.
2677 653 2742 705 Εἰ
2772 654 2881 724 γὰρ
2919 654 2984 705 ὲκ
3032 653 3259 724 σημείου
3305 655 3399 708 καὶ
3444 656 3672 728 κέντρου

2094 745 2416 817 περιφέρεια
2451 745 2801 814 συνέστηκεν,
2835 744 2864 796 ὃ
2889 743 2952 815 δὴ
2979 744 3174 808 κύκλος
3199 745 3310 816 (29)
3344 743 3481 801 εἶναι
3523 749 3676 802 δοκεῖ

2095 837 2372 907 (ἀδύνατον
2417 838 2474 890 δὲ
2520 837 2689 908 χωρὶς
2735 837 2960 906 σημείου
3009 839 3412 909 περιγραφῆναι
3449 840 3670 904 κύκλον,

2093 930 2292 984 κύκλον
2336 929 2380 982 δ’
2409 929 2628 981 ἔσεσθαι
2670 927 2928 981 ἀδύνατον
2973 928 3100 981 ἄνευ
3150 930 3423 1000 σημείου),
3455 931 3573 995 πῶς
3606 932 3671 985 ού

2094 1021 2202 1092 πρὸ
2224 1022 2439 1075 πάντων
2469 1024 2500 1091 ή
2526 1022 2618 1091 γῆ,
2638 1021 2791 1090 φησί,
2817 1020 3133 1089 συνέστηκε,
3157 1021 3332 1073 καὶτὸ
3358 1022 3479 1076 κατ’
3502 1022 3674 1094 αὐτὴν
3767 1013 3772 1018 ’

2094 1114 2223 1183 χάος
2252 1113 2343 1166 καὶ
2367 1112 2564 1182 βάθος;
2595 1113 2688 1175 Εἰς
2715 1111 2878 1180 βάθος
2905 1111 3014 1182 γὰρ
3047 1113 3142 1164 καὶ
3173 1113 3304 1182 χάος
3337 1114 3505 1178 ὄντως
3533 1132 3672 1168 κατ-

2092 1203 2398 1273 ωλίσθησαν
2413 1205 2460 1255 οἰ
2477 1202 2706 1272 σχέτλιοι
2720 1202 2945 1272 πλάνης.
2966 1201 3032 1255 Οἳ
3047 1202 3142 1271 (al.
3163 1203 3288 1269 ὅτι),
3303 1205 3548 1272 γνόντες
3564 1205 3676 1260 τὸν

2096 1297 2271 1361 Θεὸν,
2306 1298 2417 1365 οὺχ
2457 1297 2538 1362 ώς
2573 1295 2721 1348 Θεὸν
2751 1295 3057 1359 ἐδόξασαν
3103 1295 3142 1362 ἣ
3186 1298 3673 1365 εὐχαρίστησαν,

2092 1387 2231 1440 ἀλλ’
2277 1383 2732 1453 ἐματαιώθησαν
2769 1383 2839 1435 ἐν
2891 1381 3017 1448 τοῖς
3074 1383 3517 1452 διαλογισμοῖς,
3570 1383 3673 1438 καί

2091 1479 2415 1544 ἐσκοτίσθη
2449 1478 2488 1544 η
2514 1476 2810 1541 ἀσύνετος
2841 1473 3038 1528 αὐτῶν
3081 1474 3325 1542 καρδία·
3375 1475 3470 1528 καὶ
3497 1475 3675 1529 ταῦτα

2093 1571 2188 1623 καὶ
2231 1569 2339 1622 τῶν
2370 1571 2501 1641 παρ’
2535 1569 2719 1631 αὐτοῖς
2773 1567 3070 1638 εἰρηκότων
3115 1567 3330 1635 σοφῶν,
3384 1569 3459 1632 ὡς
3519 1568 3674 1623 οὐδὲν

2107 1661 2416 1732 Ὀλυμπίων
2477 1661 2824 1731 ἐντιμότερον
2889 1657 3120 1729 γηγενὲς
3169 1657 3202 1727 ἦ
3279 1659 3672 1732 πρεσϐύτερον.

412 1747 471 1803 in
489 1749 654 1804 rebus
675 1725 992 1805 cinlestibus
1017 1725 1256 1804 nobilius
1289 1755 1382 1801 aut
1406 1749 1680 1818 antiquius
1706 1750 1983 1804 dixerunt.

2094 1725 2256 1803 Ὅθεν
2285 1751 2384 1804 ούκ
2425 1750 2513 1802 ἀεὶ
2549 1725 2747 1813 παῖδες.
2773 1725 3020 1814 ὄντωςνοὶ
3063 1725 3298 1823 Χριστὸν
3322 1725 3670 1819 -ὲγνωκότες,

410 1838 582 1898 Plane
616 1842 782 1912 igitur
809 1857 920 1896 non
953 1857 1172 1912 semper
1196 1841 1349 1911 pueri
1389 1841 1481 1907 qui
1518 1841 1799 1895 Christum
1825 1856 1991 1912 agno-

413 1948 566 1998 vere,
595 1933 745 1988 velut
777 1932 950 1987 Grazci
982 1933 1077 2002 qui
1124 1931 1322 1986 fabulis
1354 1932 1536 2000 potius
1578 1947 1642 1986 ae
1697 1932 1989 2002 ﬁgmentis,

412 2039 578 2094 quam
614 2023 944 2080 eruditionis
985 2030 1104 2078 arte
1137 2024 1246 2077 ulla
1277 2031 1370 2076 aut
1405 2022 1661 2078 facundia
1704 2026 1990 2080 veritatem

415 2114 749 2178 obruentes,
782 2113 1543 2187 humanasquecalamitates
1583 2113 1737 2168 ccelis
1781 2114 1994 2169 adseri-

411 2203 627 2270 bentes,
659 2219 762 2258 nec
783 2204 1136 2269 erubescunt,
1153 2205 1282 2258 dum
1303 2211 1466 2259 terra:
1493 2204 1757 2258 ambitum
1781 2221 1994 2275 geome-

412 2297 570 2352 tricis
616 2296 854 2352 inventis
882 2296 1184 2366 ﬁgurisque
1215 2295 1626 2364 describentes,
1649 2297 1848 2352 caelum
1891 2298 1993 2353 do-

411 2396 561 2455 cent,
605 2391 896 2444 volucrum
929 2389 1353 2460 natatiliumque
1394 2405 1457 2444 ac
1497 2391 1839 2446 terrestrium
1871 2393 1990 2446 ani-

419 2482 648 2536 malium
697 2483 1010 2538 simulacris
1073 2492 1328 2536 ornatum
1380 2497 1538 2547 esse,
1599 2483 1992 2553 stellarumque

409 2574 706 2647 qualitates
734 2577 818 2643 fex
862 2575 1169 2646 priscorum
1216 2574 1496 2628 hominum
1532 2573 1779 2630 cladibus
1813 2590 1876 2629 ac
1904 2577 1991 2629 in-

411 2666 672 2723 fortuniis
705 2666 964 2722 habuisse
1008 2675 1189 2722 ortum
1220 2684 1233 2719 :
1264 2666 1399 2721 adeo
1430 2673 1490 2720 ut
1526 2681 1594 2722 ex
1639 2666 1834 2720 horum
1873 2684 1994 2724 sen-

409 2759 604 2824 tentia,
631 2759 734 2828 ipsi
765 2759 1104 2828 planetarum
1137 2765 1317 2811 motus
1355 2772 1423 2811 ex
1455 2757 1725 2826 ejusmodi
1753 2761 1994 2830 corpori-

313 2839 324 2848 ’
411 2847 518 2903 bus
540 2848 832 2918 pendeant.
859 2847 1066 2919 Gyrare
1095 2846 1350 2901 videlicet
1381 2847 1528 2900 circa
1554 2849 1838 2920 signorum
1862 2852 1994 2905 duo-

412 2941 593 2996 decim
633 2945 883 2993 naturam
907 2938 1094 2994 stellas
1127 2937 1298 3000 aiunt,
1338 2939 1528 3007 rapida
1560 2941 1770 2995 zodiaci
1797 2942 1990 2998 circuli

414 3040 623 3087 tractas
667 3028 978 3099 vertigine:
1027 3037 1192 3098 atque
1229 3043 1296 3083 ex
1345 3028 1540 3083 harum
1601 3035 1990 3102 temperatione

2093 1839 2342 1911 καθάπερ
2369 1839 2646 1909 Ἕλληνες,
2678 1839 2750 1902 οἳ,
2781 1839 2970 1910 μύθοις
3002 1839 3199 1909 μᾶλλον
3234 1842 3325 1894 καὶ
3358 1841 3672 1912 πλάσμασιν

2092 1931 2126 2002 ἦ
2163 1931 2325 2002 τέχνῃ
2359 1931 2467 1985 τῶν
2495 1931 2668 1999 λόγων
2700 1931 2797 2002 τὴν
2821 1931 3076 2002 ἀλήθειαν
3103 1933 3400 2002 χώσαντες,
3428 1934 3523 1987 καὶ
3552 1937 3673 1996 τοῖς

2090 2025 2340 2096 οὐρανοῖς
2373 2023 2471 2086 τὰς
2500 2023 2608 2076 τῶν
2653 2023 2956 2096 ἀνθρώπων
3001 2025 3486 2096 προσαρμόσαντες
3532 2043 3673 2096 συμ-

2093 2115 2293 2186 φορὰς,
2351 2115 2502 2168 οὐδὲν
2551 2096 2895 2186 αἰσχύνονταί
2928 2118 3370 2188 καταγράφοντες
3420 2119 3519 2190 τὴν
3566 2117 3670 2188 τῆς

2090 2207 2415 2278 οἰκουμένης
2445 2207 2748 2278 περιφορὰν
2775 2212 3166 2279 γεωμετρικοῖς
3207 2210 3521 2281 θεωρήμασι
3569 2211 3672 2263 καὶ

2095 2303 2358 2368 σχήμασι,
2393 2299 2490 2351 καὶ
2525 2299 2618 2351 τὸν
2657 2299 2885 2369 οὐρανὸν
2913 2298 3150 2363 εἰδώλοις
3188 2300 3407 2371 πτηνῶν
3440 2300 3531 2353 καὶ
3569 2317 3670 2369 νη-

2091 2388 2237 2440 κτῶν
2272 2389 2366 2442 καί¹
2392 2390 2660 2460 χερσαίων
2701 2389 3079 2460 εἰσηγούμενοι
3129 2390 3534 2462 κεκοσμῆσθαι,
3571 2389 3672 2443 καὶ

2093 2479 2192 2542 τάς
2229 2480 2519 2550 ποιότητας
2564 2481 2673 2534 τῶν
2714 2481 2959 2554 ἀστέρων
2993 2483 3056 2535 ὲκ
3085 2482 3192 2534 τῶν
3242 2483 3370 2552 περὶ
3393 2481 3519 2545 τοὺς
3564 2482 3670 2552 ἀρ-

2091 2570 2278 2640 χαίους
2324 2570 2642 2640 ἀνθρώπους
2688 2573 2978 2643 συμφορῶν
3017 2571 3478 2639 κατεσκευάσθαι,
3523 2571 3670 2624 ὥστε

2091 2663 2190 2726 τὰς
2216 2663 2323 2716 τῶν
2347 2662 2631 2734 πλανητῶν
2659 2664 2842 2727 αὐτοῖς
2866 2667 3105 2736 κινήσεις
3129 2665 3194 2719 ἐκ
3214 2665 3470 2718 τοιούτων
3497 2665 3674 2736 ἠρτῆν

2094 2753 2218 2807 σθαι
2253 2756 2552 2825 σωμάτων
2587 2755 2916 2810 εἰλίσσεσθαι
2948 2757 3054 2828 γὰρ
3098 2757 3226 2828 περὶ
3267 2755 3365 2828 τὴν
3413 2757 3519 2809 τῶν
3563 2757 3673 2810 δώ·-

2091 2845 2217 2901 δεκα
2256 2845 2460 2910 ζωδίων
2494 2844 2654 2913 φύσιν
2687 2845 2822 2914 φασὶ
2878 2847 3005 2910 τοὺς
3037 2848 3294 2919 ἀστέρας,
3343 2847 3673 2918 ἑλκομένους

2091 2934 2185 2987 τοῦ
2229 2932 2492 2997 ζωδιακοῦ
2524 2933 2724 2987 κύκλου
2763 2937 2830 3005 τῇ
2871 2936 3032 3005 φορᾷ,
3061 2935 3137 2999 ὡς
3170 2936 3263 2989 καὶ
3298 2936 3386 2988 διὰ
3423 2937 3672 3008 συγκρά-

2095 3041 2232 3087 σεως
2269 3022 2446 3076 αὐτῶν
2495 3024 2721 3097 ὁρᾶσθαι
2751 3025 2819 3079 τά
2861 3027 3226 3080 ἀποϐαίνοντα
3262 3026 3496 3093 πολλοῖς,
3523 3028 3672 3082 κατὰ

413 3121 690 3192 provideri
725 3136 849 3190 qua:
877 3120 1036 3190 vulgo
1067 3125 1328 3174 eventura
1365 3127 1494 3174 sunt
1528 3137 1541 3172 :
1571 3135 1670 3189 pro
1689 3136 1874 3175 earum
1905 3124 1987 3178 in-

2093 3115 2190 3177 τάς
2237 3115 2374 3185 πρὸς
2401 3114 2663 3186 ἀλλήλους
2691 3117 2874 3170 αὐτῶν
2927 3119 3220 3187 συναφείας
3257 3135 3318 3171 τε
3360 3119 3453 3172 καὶ
3491 3120 3674 3190 ἀπορο

414 3219 498 3266 ter
525 3227 583 3268 se
611 3212 829 3267 diversa
856 3210 1204 3277 cohazrentia,
1238 3210 1455 3280 alioque
1502 3217 1556 3265 et
1603 3210 1713 3267 alio
1759 3213 1988 3285 intluxu,

413 3309 648 3372 ortuque
676 3309 731 3356 et
755 3317 982 3356 occasu.

483 3393 622 3450 Cum
650 3394 797 3448 enim
827 3395 1028 3448 coelum
1077 3407 1240 3447 omne
1293 3392 1351 3446 in
1381 3391 1570 3448 orbem
1601 3394 1989 3463 conglobatum

412 3486 507 3551 sit,
553 3494 854 3556 centroque
897 3501 961 3539 ac
992 3492 1198 3555 puncto
1230 3492 1376 3539 terra
1404 3492 1612 3549 utatur,
1655 3492 1714 3538 ut
1757 3485 1837 3538 illi
1873 3485 1990 3539 exi-

413 3577 662 3640 stimant,
692 3575 840 3646 quod
871 3590 1062 3630 omnes
1092 3574 1249 3629 linea:
1274 3581 1437 3628 recta:
1456 3573 1524 3628 ab
1554 3573 1762 3628 ambitu
1795 3575 1850 3628 in
1879 3586 1985 3629 Ier-

413 3682 532 3720 ram
573 3667 902 3732 incidentes,
932 3666 1078 3722 inter
1117 3681 1176 3721 se
1211 3665 1452 3735 aequales
1486 3665 1617 3732 sint,
1652 3666 1720 3720 ab
1751 3667 1988 3721 ambien-

413 3757 562 3812 tibus
598 3758 776 3828 ipsum
825 3760 1049 3816 circulis
1107 3761 1354 3817 dominio
1405 3765 1663 3833 praevalet
1708 3779 1986 3834 :quorum

413 3849 751 3905 meridianus
779 3850 922 3906 inter
943 3852 1211 3908 maximos
1243 3857 1500 3911 emineat.
1545 3857 1626 3911 Ab
1660 3857 1764 3910 hoc
1793 3871 1990 3911 secun-

413 3939 519 3994 dus
550 3941 642 4004 sit,
669 3941 764 4011 qui
799 3949 854 3996 et
903 3943 1019 4011 ipse
1066 3944 1120 3997 in
1171 3954 1356 4013 partes
1397 3949 1634 4018 aequales
1665 3949 1981 4003 universum

411 4042 582 4097 secet,
608 4049 770 4102 quem
801 4033 1141 4089 horizontem
1179 4037 1255 4105 (id
1303 4048 1388 4092 est
1425 4041 1712 4108 ﬁnitorem)
1741 4048 1978 4095 vocant:

417 4123 612 4179 tertius
646 4125 746 4181 hos
770 4126 1130 4190 intersecans,
1153 4128 1570 4197 aaquinoctialis.
1606 4130 1835 4185 Istorum
1861 4145 1985 4199 por-

418 4230 480 4268 ro
520 4215 645 4270 hinc
688 4215 813 4270 inde
843 4215 911 4270 ad
956 4217 1129 4271 latera
1160 4219 1354 4288 tropici
1390 4219 1520 4285 duo,
1554 4222 1779 4276 aestivus
1817 4231 1870 4275 et
1902 4221 1983 4275 hi-

419 4304 653 4373 bernus;
690 4305 777 4360 hic
805 4322 835 4361 a
868 4306 1274 4378 Septentrione,
1294 4311 1384 4366 ille
1415 4312 1484 4365 ah
1517 4311 1740 4368 Austro.
1773 4311 1854 4367 Ad
1880 4314 1981 4367 hos

486 4462 534 4495 “
567 4461 720 4516 Rom.
752 4479 793 4528 ι,
821 4462 912 4518 21.

2091 3206 2262 3277 ῥοίας,
2289 3207 2553 3271 ἀνατολάς
2582 3226 2641 3262 τε
2670 3208 2765 3262 καὶ
2793 3207 2992 3274 δύσεις.

2156 3389 2510 3463 Σφαιροειδὴς
2565 3389 2672 3461 γάρ
2721 3389 2980 3460 ὑπάρχων
3027 3391 3056 3443 ό
3103 3391 3212 3453 πᾶς
3249 3390 3514 3463 οὐρανὸς,
3569 3393 3673 3446 καὶ

2087 3484 2298 3556 κέντρῳ
2353 3485 2446 3538 καὶ
2487 3483 2697 3554 σημείῳ
2743 3484 2863 3536 κατ’
2905 3485 3101 3546 αὐτοὺς
3137 3487 3204 3554 τῇ
3248 3487 3320 3555 γῇ
3361 3483 3670 3556 χρώμενος,

2087 3576 2175 3629 διὰ
2199 3577 2258 3629 τὸ
2281 3576 2458 3638 πάσας
2497 3575 2603 3627 ἀπὸ
2632 3575 2729 3644 τῆς
2767 3575 3122 3646 περιφερείας
3148 3576 3255 3646 (50)
3295 3575 3394 3638 τὰς
3428 3593 3669 3646 προσπι-

2092 3671 2330 3732 πτούσας
2383 3668 2594 3732 εὐθείας
2638 3669 2730 3721 ἐπὶ
2759 3667 2857 3740 τὴν
2892 3668 2996 3739 γῆν
3036 3671 3156 3733 ῐσας
3197 3669 3455 3742 ἀλλήλαις
3500 3667 3669 3734 εἶναι,

2093 3765 2202 3817 ἀπὸ
2227 3763 2336 3816 τῶν
2373 3761 2735 3832 περιεχόντων
2765 3761 2928 3814 αὑτὸν
2977 3761 3258 3833 διακρατεῖ
3306 3762 3554 3816 κύκλων·
3589 3759 3672 3819 ὧν

2097 3853 2298 3924 μείζων
2356 3852 2452 3923 μὲν
2496 3853 2533 3929 ό.
2579 3851 2944 3922 μεσημερινὸς
2985 3852 3166 3904 δοκεῖ’
3204 3852 3297 3906 καὶ
3341 3853 3587 3926 δεύτερος
3635 3856 3673 3907 ὁ

2089 3947 2169 4008 είς
2204 3945 2292 3997 ἴσα
2320 3945 2530 4012 τέμνων
2567 3943 2728 4014 μέρη,
2761 3943 3093 4012 καλούμενος
3125 3944 3322 4015 ὁρίζων
3343 3962 3357 3976 °
3393 3948 3575 4016 τρίτος
3606 3947 3671 4000 δὲ

2091 4039 2120 4090 ό
2157 4037 2378 4098 τούτους
2419 4034 2733 4103 ὲπιδιαιρῶν
2775 4034 3112 4106 ἰσημερινός·
3161 4037 3292 4106 παρ’
3335 4037 3568 4108 ἑκάτερα
3607 4037 3672 4090 δὲ

2090 4129 2279 4182 τούτου
2328 4127 2578 4198 τροπικοὶ
2611 4126 2723 4191 δύο,
2755 4126 2964 4198 θερινὸς
3002 4127 3096 4179 καὶ
3124 4129 3430 4199 χειμερινός
3450 4145 3463 4158 ·
3508 4128 3602 4182 καὶ
3635 4131 3673 4182 ὁ

2094 4219 2191 4290 μὲν
2238 4218 2374 4288 πρὸς
2419 4219 2529 4280 τοῖς
2561 4216 2824 4287 ἀρκτίοις,
2851 4219 2880 4270 ὁ
2920 4216 2977 4270 δὲ
3003 4217 3142 4288 πρὸς
3187 4221 3298 4280 τοῖς
3330 4219 3524 4282 νοτίοις
3568 4219 3678 4289 μέ-

2092 4327 2228 4380 ρεσι.
2249 4307 2463 4362 Τούτων
2480 4310 2508 4362 ὁ
2528 4307 2816 4379 λεγόμενος
2831 4307 2994 4374 ἄξων,
3014 4309 3142 4378 περὶ
3169 4308 3226 4362 ὃν
3252 4309 3313 4363 αῖ
3334 4327 3392 4362 τε
3415 4310 3669 4382 Ἀρκτοι,

416 4581 562 4652 enim
586 4590 733 4652 certe
765 4597 960 4638 sensus
989 4581 1246 4652 postulat,
1273 4579 1625 4652 habebatque
1643 4577 1764 4633 Vat.
1793 4585 1847 4652 et
1871 4586 1989 4631 reu-
2019 4591 2064 4650 ι)
2091 4579 2438 4652 συνέστηκεν,
2473 4581 2542 4636 ad
2581 4583 2809 4636 alterum
2837 4581 2979 4652 quod
3013 4597 3138 4636 mox
3168 4579 3673 4652 subsequiturLin-

417 4651 553 4705 didit
581 4651 887 4715 Possinius,
923 4650 1026 4708 etsi
1061 4653 1221 4720 longo
1255 4653 1546 4704 verborum
1581 4650 1982 4720 circumductu,

417 4723 554 4775 nihil
585 4723 704 4792 ipso
733 4724 1064 4777 necessario.
1102 4719 1463 4792 Allatioivero
1497 4721 1589 4792 qui
1619 4719 1880 4790 γηγενοῦς
1909 4721 1986 4772 lc-

457 4801 529 4852 at,
554 4790 672 4844 ἀντὶ
694 4793 786 4845 τοῦ
807 4793 1057 4861 γηγενές,
1087 4791 1394 4846 contrarius
1423 4790 1644 4844 omnino
1665 4806 1858 4844 sensus
1880 4798 1984 4854 est,

480 4862 572 4914 iliil
592 4879 765 4916 rerum
783 4862 1067 4917 cwlestium
1097 4862 1312 4915 terrenis
1340 4877 1449 4915 esse
1477 4862 1755 4929 pretiosius
1776 4868 1866 4912 aut
1889 4876 1988 4911 an-

420 4934 649 5002 tiquius;
683 4935 828 5002 quod
864 4933 1050 4988 nescio
1082 4949 1150 4986 an
1186 4932 1280 4985 ulli
1311 4933 1588 4999 sapientiae
1623 4929 1778 5002 laude
1806 4930 1986 5002 aliqua

419 5001 623 5058 Graecis
654 5001 928 5058 celebrato
964 5003 1020 5056 in
1062 5012 1297 5056 mentem
1343 5003 1569 5062 venerit,
1605 5009 1698 5053 aut
1737 5001 1810 5052 ita
1844 5001 1984 5052 scri-

416 5073 607 5142 pserit.
637 5073 796 5128 Certe
824 5091 932 5128 non
957 5071 1190 5137 Platoni,
1220 5088 1330 5125 non
1357 5071 1631 5142 Aristoteli
1660 5070 1848 5142 aliisve
1874 5070 1988 5142 phi-

419 5140 699 5210 losophis;
731 5160 831 5198 nec
861 5160 959 5212 par
1003 5143 1236 5206 videtur,
1274 5141 1378 5197 levi
1431 5144 1512 5197 vel
1562 5140 1854 5210 antiquarii
1899 5141 1981 5194 vel

417 5213 778 5267 exseribentis
809 5211 984 5282 lapsu,
1022 5223 1114 5266 aut
1146 5214 1305 5267 etiam
1335 5211 1550 5267 fallente
1583 5213 1760 5272 oculo,
1788 5213 1842 5264 in
1871 5219 1980 5282 tam

418 5282 575 5353 devia
598 5281 949 5352 interpretem
978 5284 1085 5353 agi,
1117 5296 1210 5336 aut
1232 5301 1293 5339 ea
1317 5283 1525 5352 magnis
1543 5282 1796 5353 Patribns
1817 5281 1985 5334 ascri-

417 5351 546 5406 bere
575 5368 695 5421 quae
721 5369 879 5406 nemo
900 5351 1047 5408 sanae
1069 5356 1267 5408 mentis
1297 5351 1664 5406 somniaverit.
1689 5351 1976 5405 Conueris.

487 5422 601 5491 (29)
647 5425 706 5472 ’Ὀ
741 5422 816 5490 δὴ
850 5426 1090 5489 κύκλος,
1119 5441 1171 5477 κ.
1200 5441 1251 5476 τ.
1277 5422 1326 5476 λ.
1372 5421 1626 5491 Snppleta
1671 5422 1758 5474 hic
1794 5421 1982 5473 nnitila

416 5490 742 5545 exLeontio
773 5501 826 5548 et
849 5493 1058 5547 Joanne
1085 5493 1276 5546 Rerum
1309 5490 1582 5546 sacrarum
1616 5493 1706 5546 lib.
1746 5507 1798 5543 n.
1838 5493 1984 5543 Alla-

417 5563 526 5615 tius
547 5570 599 5634 et
616 5561 900 5618 Possinius
920 5580 985 5618 ex
1008 5562 1301 5634 cod._Yat.,
1327 5564 1646 5634 περιφέρεια
1666 5562 1979 5634 συνέστηκε,

418 5633 593 5704 καὶτὸ
619 5634 735 5685 κατ’
770 5634 935 5704 αὐτὴν
963 5633 1110 5703 χάος.
1135 5632 1408 5686 Nimirum
1430 5632 1686 5687 librarius
1716 5633 1860 5684 illius
1888 5647 1982 5704 eo-

411 5702 560 5782 ldicis
587 5702 912 5774 exscriptor‘,
951 5702 1139 5759 Oculos
1179 5713 1513 5772 convertens
1541 5721 1569 5757 a
1601 5706 1781 5772 priore
1816 5703 1980 5756 verbo

2091 4649 2350 4722 ter-media
2377 4653 2654 4720 praeteriit.
2689 4649 2942 4722 Idemque
2971 4653 3161 4706 vitium
3197 4653 3251 4704 in
3281 4649 3525 4722 codicem
3550 4649 3675 4722 Ma-

2088 4721 2430 4793 zarmianum
2479 4724 2764 4793 irrepsisse
2809 4721 3022 4793 videtur
3055 4741 3067 4776 :
3098 4737 3273 4793 neque
3316 4722 3460 4776 enim
3498 4721 3675 4792 hujus

2087 4791 2401 4862 omissionis
2426 4791 2670 4862 meminit
2699 4793 2876 4847 editor
2909 4791 3203 4862 anareus.
3231 4791 3309 4845 lo.

2160 4861 2271 4930 (50)
2314 4861 2446 4914 Ἀπὸ
2469 4861 2575 4929 τῆς
2597 4861 3001 4931 περιφερείαςξ
3021 4862 3084 4915 Ει
3103 4863 3189 4916 hic
3218 4861 3554 4930 ineptissime
3577 4880 3673 4916 πε-

2090 4933 2318 5001 ριφορᾶς
2348 4941 2485 4993 erat,
2520 4934 2759 5001 mihique
2795 4933 3116 4986 mutandum
3139 4933 3372 4986 indulsi:
3403 4932 3676 5002 graviori-

2087 5017 2193 5069 qne
2212 5002 2654 5074 InendoAllatius
2679 5003 2857 5066 πάσας
2886 5004 2982 5066 τὰς
3007 5002 3326 5074 περιφοράς,
3352 5002 3492 5074 ac_si
3518 5019 3678 5073 περι-

2089 5069 2252 5139 φοραί
2285 5071 2437 5124 lineae
2462 5080 2667 5135 essent,
2694 5088 2814 5142 qua:
2837 5075 2916 5127 sic
2945 5069 3105 5126 recta:
3132 5069 3368 5142 aequales
3395 5071 3525 5138 sint,
3553 5069 3672 5128 non

2088 5142 2385 5211 circulares
2418 5144 2518 5210 ipsi
2546 5153 2726 5198 motus
2748 5151 2800 5197 et
2833 5143 3084 5197 lationes.
3123 5142 3200 5196 Ex
3230 5158 3295 5196 eo
3325 5142 3492 5211 igitur
3519 5144 3673 5210 quod

2089 5210 2170 5264 sic
2204 5211 2352 5263 circa
2386 5220 2584 5265 terram
2615 5224 2673 5266 ut
2707 5222 2951 5266 centrum
2982 5214 3179 5267 malum
3215 5210 3378 5266 omne
3407 5214 3670 5276 volvitur,

2087 5280 2450 5353 cujusincam
2474 5291 2532 5335 ut
2552 5283 2620 5336 ad
2651 5291 2897 5338 centrum
2917 5286 3151 5353 aequales
3174 5285 3284 5336 sint
3301 5283 3475 5353 lineae,
3502 5290 3675 5350 atque

2088 5351 2225 5405 adeo
2251 5350 2568 5425 inﬂuentize,
2592 5353 2708 5425 ἀπὸ
2735 5353 2845 5425 τῶν
2873 5350 3232 5425 περιεχόντων
3255 5353 3416 5425 αὑτὸν
3437 5352 3672 5425 διακρα-

2087 5425 2172 5474 τεῖ
2199 5421 2410 5494 κύκλων
2441 5423 2606 5494 (quod
2636 5425 2814 5492 ipsum
2836 5423 2906 5476 ita
2935 5421 3219 5477 emendavi
3252 5423 3378 5491 ὑπό)
3409 5421 3668 5494 continet,

2090 5493 2418 5557 dontinatur,
2445 5491 2734 5560 inﬂuent’iis
2759 5494 2908 5562 regit,
2931 5511 2963 5546 a
2985 5494 3197 5546 circulis
3227 5494 3398 5560 ipsum
3429 5491 3672 5544 ambien-

2087 5563 2268 5618 tibus:
2296 5577 2417 5631 qua:
2451 5563 2957 5617 mathematicorum
2997 5563 3245 5616 doctrina
3296 5571 3404 5615 tam
3453 5562 3675 5616 erudite

2087 5632 2362 5704 lllethodio
2399 5633 2688 5704 explicata,
2739 5648 2901 5704 quam
2953 5636 3154 5690 misere
3183 5632 3448 5688 Vaticano
3492 5634 3674 5688 inter-

2087 5703 2224 5772 preti
2254 5704 2548 5773 discerpta.
2591 5703 2663 5757 ln.
2757 5703 2772 5704 ί
3681 5717 3689 5734 '
