3866 6160
193 281 302 348 165

1263 296 1646 356 CONVIVIUM
1684 299 1914 356 DECEM
1956 298 2316 361 VIRGINUM.

3351 310 3459 368 166

187 414 218 466 ὃ
260 430 323 466 τε
364 414 627 486 ἀρκτικὸς
660 415 860 483 ἔξωθεν
911 417 1050 488 ἔχων
1107 418 1200 472 τὸν
1244 421 1522 492 τροπικόν.
1574 420 1681 476 Καὶ
1727 439 1760 475 α

1887 425 2121 493 pertinet
2168 426 2263 496 qui
2321 425 2440 482 axis
2488 427 2708 493 dicitur,
2739 427 2888 484 circa
2941 441 3102 500 quem
3134 437 3459 502 torquentur

191 505 292 575 μὲν
328 507 580 578 ’Δρκτοι,
626 510 755 581 περὶ
783 508 953 573 αὑτὰς
985 510 1345 581 στρεφόμεναι
1377 512 1478 577 καὶ,
1497 511 1778 584 βρίθουσαι

1884 513 2038 571 Ursae
2071 532 2134 571 ac
2163 519 2405 574 circulus
2442 521 2706 584 arcticus,
2736 528 2891 576 extra
2927 538 3089 592 quem
3129 528 3342 593 positus
3376 532 3460 578 est

185 597 280 649 τὸν
309 598 400 652 διὰ
435 600 546 653 τῶν
579 601 756 655 πόλων
798 600 984 668 ἄξονα,
1015 603 1116 674 τὴν
1162 603 1258 656 τοῦ
1299 603 1502 668 παντὸς
1533 607 1760 676 ἀπεργά-

1881 608 2146 675 tropicus.
2184 607 2251 662 Et
2293 608 2444 664 Ursae
2477 610 2698 680 quidem
2755 627 2879 667 sese
2922 620 3114 667 mutuo
3155 629 3290 684 gyro
3334 629 3457 683 per;

188 687 376 753 ζονται
421 692 636 764 κίνησιν
687 693 933 764 κόσμου,
995 695 1138 750 κατὰ
1179 695 1278 760 τὰς
1323 695 1569 768 ἀλλήλων
1625 696 1775 762 ἰξύας

189 780 414 850 ἔχουσαι
448 784 547 847 τὰς
585 785 849 854 κεφαλὰς,
885 787 981 841 καὶ
1034 789 1292 861 ἄχραντοι
1324 789 1418 844 τοῦ
1463 790 1585 844 καθ’
1627 793 1775 863 ἡμᾶς

189 874 466 944 ὁρίζοντος
498 872 675 930 οὖσαι.

1881 706 2048 769 petuo
2082 708 2398 771 sequentes,
2439 703 2600 773 quasi
2653 703 2867 773 pondus
2914 706 3056 760 mole
3101 721 3200 760 sua
3247 709 3456 762 motum

1879 792 2000 846 orbi
2059 794 2319 850 universo
2374 794 2714 864 imprimunt,
2770 797 2930 866 cujus
2982 799 3131 853 velut
3187 799 3458 868 gravitate

1879 886 2028 942 circa
2061 886 2246 956 polum
2278 902 2541 959 axemque
2565 899 2778 945 rotatur
2808 909 2821 945 :
2848 907 3044 962 nempe
3081 893 3272 956 altera,
3299 893 3456 962 juxta

193 970 418 1026 alterius
445 973 565 1040 ilia,
593 974 775 1044 capita
817 974 1127 1043 habentes;
1162 978 1388 1032 intactae
1415 992 1571 1049 aeque
1595 978 1768 1034 ambae
1799 995 1830 1034 a
1863 982 2194 1052 pervadente
2216 983 2402 1038 orbem
2427 984 2516 1038 cui
2541 999 2643 1040 nos
2694 983 3024 1051 insistimus,
3077 985 3289 1042 circulo
3337 985 3456 1040 ﬁni-

189 1072 331 1123 tore.

263 1161 367 1214 Τδν
396 1162 662 1228 ζωδιακὸν
685 1165 742 1218 δέ
776 1167 993 1221 πάντων
1025 1167 1364 1236 ἐφάπτεσθαι
1392 1169 1502 1225 τῶν
1530 1171 1766 1237 κύκλων,

188 1251 348 1324 λοξὴν
391 1257 711 1328 ποιούμενον
760 1260 858 1332 τὴν
913 1263 1155 1333 κίνησιν·
1209 1259 1350 1317 εἶναί
1399 1282 1458 1317 τε
1508 1267 1567 1318 ἐν
1621 1265 1770 1337 αὑτῷ

188 1345 399 1408 ζωδίων
427 1349 681 1421 ἀριθμὸν,
711 1352 748 1406 ἃ
779 1353 1022 1408 καλεῖται
1058 1355 1332 1427 δωδεκατη
1344 1357 1506 1428 μόρια
1541 1357 1768 1422 δώδεκα,

188 1439 299 1491 ἀπὸ
346 1441 518 1511 Κριοῦ
543 1441 642 1514 τὴν
685 1445 859 1517 ἀρχὴν
896 1446 1088 1517 ἔχοντα
1122 1449 1283 1521 μέχρι
1318 1450 1425 1518 τῷν
1466 1451 1707 1521 Ἰχθύων,
1736 1451 1774 1505 ἃ

186 1532 612 1617 κατηστερίσθαι
665 1540 994 1608 παριστᾶσιν
1047 1541 1332 1610 ἐχεμύθοις
1396 1543 1628 1606 αἰτίαις*
1679 1543 1772 1598 τὸν

189 1612 298 1689 μὲν
322 1612 492 1692 Κριὸν
521 1625 821 1694 φάσκοντες
842 1631 932 1684 τὸν
959 1631 1058 1703 τὴν
1090 1633 1289 1706 Ἕλλην
1319 1629 1580 1707 εἶναιτὴν
1619 1635 1772 1690 Ἀθά-

190 1729 398 1781 μαντος
429 1715 817 1788 διακομίσαντα
847 1723 941 1776 καὶ
967 1723 1172 1795 Φρύξον
1219 1727 1301 1790 εἰς
1341 1727 1571 1790 Σκύθας·
1605 1729 1667 1781 τὸ
1713 1729 1771 1782 δέ

187 1802 499 1875 Βούκρανον
529 1810 609 1872 εἰς
635 1811 800 1882 τιμὴν
830 1814 972 1878 Διὸς,
1004 1815 1098 1868 τοῦ
1127 1815 1224 1888 τὴν
1251 1817 1522 1890 Εὐρώπην
1553 1819 1768 1892 Ταύρου

183 1894 688 1968 διαπεραιώσαντος
719 1907 798 1968 εἰς
825 1905 922 1977 τὴν
953 1909 1209 1989 Κρήτηνο
1243 1911 1334 1964 καὶ
1371 1911 1464 1966 τὸν
1497 1913 1768 1984 καλούμε-

183 2005 278 2040 νον
309 1990 369 2042 δὲ
397 1992 659 2059 Γαλαξίαν
689 1995 908 2062 κύκλον,
947 1999 1006 2063 ὃς
1035 2001 1135 2072 τὴν
1168 2003 1344 2073 ἀρχὴν
1388 2003 1497 2056 ἀπὸ
1524 2004 1616 2058 τοῦ
1644 2021 1768 2060 συν-

183 2080 391 2154 δέσμου
436 2085 542 2139 τῶν
595 2088 816 2159 ’ἰχθύων
847 2090 940 2143 ἐπὶ
983 2091 1076 2144 τὸν
1111 2093 1282 2164 Κριὸν
1326 2097 1491 2158 ποιεῖ,
1521 2095 1630 2149 ἀπὸ
1656 2097 1765 2150 τῶν

180 2168 284 2238 τῆς
324 2171 504 2242 “Ηρας
553 2174 740 2242 μαζῶν
785 2176 1043 2247 Ἠρακλεῖ
1076 2180 1414 2251 προχῦθῆναι
1445 2182 1602 2252 λόγος
1641 2184 1764 2249 Διὸς

180 2263 403 2327 ταγαίς.
441 2263 600 2317 Ὥστε
631 2265 753 2318 κατ’
785 2268 982 2332 αὐτοὺς
1013 2269 1118 2340 πρὸ
1143 2271 1242 2341 τῆς
1266 2271 1536 2344 Εὐρώπης
1563 2275 1596 2346 ἢ
1622 2274 1764 2345 Φρύ-

181 2349 298 2418 Eon,
342 2353 438 2404 καὶ
485 2357 598 2408 τοῖν
641 2357 1004 2430 Διοσκούροιν,
1036 2360 1274 2414 καὶτῶν
1315 2362 1488 2416 ἄλλων
1532 2363 1757 2431 ζωδίων,

179 2439 289 2492 τῶν
327 2440 391 2506 ἐξ
443 2442 747 2514 ἀνθρώπων
811 2448 906 2500 καὶ
955 2447 1136 2520 θηρῶν
1203 2455 1758 2524 καταστερισθέντων,

179 2533 340 2588 οὔπω
394 2537 606 2605 γένεσις
652 2535 752 2612 ἦν·
799 2542 936 2596 ἀλλὰ
992 2545 1161 2616 χωρὶς
1217 2547 1483 2614 γενέσεως
1529 2549 1762 2602 ἐϐίωσαν

178 2627 342 2696 ἡμῶν
377 2630 426 2680 οἰ
469 2629 828 2702 παλαιότεροι.
873 2635 1278 2707 Ἐπιχειρητέον
1311 2639 1420 2710 γὰρ
1465 2639 1662 2710 μήπως
1700 2639 1762 2692 τὸ

175 2716 378 2786 ψεῦδος
431 2721 762 2794 ἰσχύσωμεν,
806 2724 993 2796 ὥσπερ
1049 2728 1240 2800 ἰατροὶ,
1285 2734 1598 2803 φαρμάκοις
1649 2733 1758 2786 τῶν

176 2806 358 2875 λόγων
390 2812 762 2881 ἁμϐλύναντες
781 2817 1043 2888 ἰατρικοῖς
1065 2819 1274 2886 σϐέσαι,
1300 2822 1425 2891 τῇδε
1456 2824 1754 2878 σκοποῦσαι

176 2900 276 2971 τὴν
309 2901 589 2973 ἀλήθειαν.

1943 1169 2062 1224 Jam
2116 1169 2394 1224 zodiacum
2430 1187 2527 1242 per
2553 1187 2744 1228 omnes
2784 1187 2843 1227 se
2870 1174 3150 1244 porrigere
3177 1179 3416 1232 Circulos
3435 1217 3452 1244 ,

1874 1275 2077 1330 eosque
2110 1261 2360 1330 amplexu
2388 1263 2722 1331 contingere,
2747 1263 2968 1332 obliquo
2989 1265 3097 1318 late
3123 1273 3302 1320 meatu
3325 1283 3455 1338 pro-

1876 1352 2157 1407 cedentem
2190 1372 2203 1406 :
2249 1367 2479 1422 esseque
2514 1353 2567 1406 in
2605 1353 2696 1407 illo
2721 1353 3041 1407 animalium
3073 1355 3317 1426 insignes
3341 1357 3455 1412 for-

1875 1458 2018 1509 mas,
2048 1459 2168 1513 qua:
2199 1444 2353 1514 signa
2379 1444 2667 1499 duodecim
2712 1453 2996 1511 vocantur,
3034 1446 3100 1500 ab
3143 1447 3325 1503 Ariete
3349 1449 3454 1503 du-

1874 1542 1963 1590 cto
1993 1536 2263 1606 principio
2287 1537 2340 1590 in
2364 1535 2550 1591 Pisces
2582 1537 2888 1592 desinentia
2918 1557 2929 1592 :
2982 1553 3102 1607 quae
3122 1538 3176 1592 in
3210 1539 3451 1594 siderum

1871 1628 2183 1697 pervenisse
2204 1643 2429 1682 censum
2456 1634 2702 1695 narrant,
2723 1628 2986 1683 fabulosis
3006 1644 3073 1682 ex
3089 1629 3293 1683 causis.
3313 1629 3448 1684 Nam

1869 1718 2109 1774 Arietem
2145 1720 2296 1774 illum
2337 1720 2515 1789 ipsum
2559 1735 2682 1775 esse
2728 1720 2881 1774 aiunt
2915 1721 3006 1790 qui
3045 1719 3234 1775 llellen
3281 1721 3456 1775 Atha-

1872 1811 2072 1866 mantis
2117 1811 2279 1864 filiam
2309 1827 2434 1865 cum
2483 1811 2698 1882 Phryxo
2725 1828 2821 1884 per
2851 1812 3009 1867 Ponti
3039 1812 3236 1868 fretum
3267 1821 3452 1870 trans—

1872 1903 2020 1957 vexit
2069 1905 2136 1958 ad
2197 1903 2448 1974 Scythas.
2495 1904 2663 1958 Tauri
2695 1913 2896 1975 caput,
2929 1903 3080 1961 Jovis
3119 1907 3294 1977 gratia
3323 1909 3451 1961 coeli

1873 1994 2081 2050 honore
2129 2011 2194 2050 ac
2240 1999 2473 2052 statione
2523 1998 2784 2051 donatum
2821 2037 2836 2063 ,
2873 1999 3020 2068 quod
3060 1999 3107 2054 is
3152 1999 3243 2052 illa
3276 1999 3451 2054 forma

1870 2083 2122 2158 Europen
2158 2089 2213 2142 in
2243 2088 2463 2144 Cretam
2495 2090 2789 2159 trajecerit.
2815 2089 3074 2145 Lacteum
3102 2107 3323 2161 quoque
3343 2092 3453 2146 cir-

1869 2181 2054 2235 culum
2090 2181 2306 2235 initium
2340 2180 2631 2236 ducentem
2658 2198 2688 2234 a
2713 2181 2857 2236 nodo
2884 2181 3146 2248 Piscium,
3169 2183 3299 2236 hinc
3329 2193 3451 2239 sese

1867 2273 2108 2329 Arietem
2155 2290 2348 2330 versus
2396 2275 2784 2344 porrigentem,
2831 2288 2861 2326 a
2908 2271 3140 2328 Junonis
3187 2273 3450 2329 uberibus

1867 2366 2161 2420 candorem
2219 2366 2419 2420 habere
2463 2371 2788 2428 memorant,
2832 2380 2958 2417 cum
3008 2366 3123 2417 hac
3159 2362 3449 2418 Herculem

1869 2457 2074 2512 lactare
2095 2456 2247 2512 Jovis
2285 2456 2532 2526 imperiis
2566 2456 2756 2510 adacta
2787 2463 2951 2512 esset.
2988 2454 3350 2525 ltaquejuxta
3379 2455 3448 2508 il-

1868 2549 1972 2614 los,
2016 2557 2143 2603 ante
2178 2548 2433 2618 Europen
2457 2557 2511 2603 et
2534 2548 2811 2619 Phryxum
2839 2555 2892 2602 et
2919 2548 3198 2611 Castores,
3232 2548 3449 2617 aliaque

1871 2649 2062 2711 postea
2093 2641 2149 2696 in
2194 2641 2480 2695 zodiacum
2501 2656 2569 2695 ex
2599 2640 2914 2694 hominibus
2943 2647 3036 2693 aut
3079 2639 3270 2694 bestiis
3315 2655 3449 2694 con-

1867 2734 2106 2798 stellata,
2141 2734 2291 2788 nulla
2325 2733 2503 2786 adhuc
2536 2740 2653 2787 erat
2680 2733 2881 2788 natalis
2903 2731 3169 2798 fatalitas;
3223 2739 3279 2786 et
3329 2731 3449 2785 sine

1862 2821 2084 2878 fortuna
2141 2823 2404 2879 nascendi
2442 2821 2697 2877 vixerunt
2730 2821 2891 2892 primi
2935 2821 3012 2874 illi
3046 2821 3221 2876 nostri
3253 2835 3448 2891 proge-

1859 2917 2086 2973 nitores.
2115 2917 2313 2984 Quaeso
2341 2917 2510 2982 enim,
2535 2915 2874 2987 argumentis
2903 2922 3198 2977 tentemus,
3241 2910 3287 2967 si
3319 2925 3445 2980 'quo

177 2993 346 3057 modo
379 2994 539 3048 liceat
561 2995 896 3053 medicorum
932 3014 1084 3055 more
1113 2999 1426 3058 salubribus
1464 3017 1778 3060 sermonum
1817 3007 2098 3073 remediis,
2148 3007 2420 3062 mendacii
2483 3005 2595 3059 vim
2651 3018 3025 3076 compressam
3059 3005 3444 3071 exstinguere,

177 3087 307 3142 hinc
338 3087 456 3143 fere
484 3089 797 3147 adoriendo.

171 3203 307 3261 Car.
333 3205 456 3262 XV.
490 3208 811 3277 Argumenta
841 3229 874 3266 a
905 3210 1008 3281 fati
1048 3221 1121 3278 et.
1139 3229 1384 3286 geneseos
1413 3217 1666 3339 nguitate.
1698 3216 1933 3271 Aureum
1963 3231 2145 3339 geln‘tlts,
2182 3213 2345 3283 prisci
2380 3213 2635 3266 homines.
2664 3212 2992 3281 Argumenta
3024 3208 3279 3262 adversus
3323 3226 3443 3263 ma-

1424 3297 1442 3339 t
1479 3289 1751 3339 ematicos.
1783 3303 1912 3339 sane
1951 3287 2053 3339 soi
2092 3304 2146 3338 a.

1424 3287 1751 3353 thematicos,
1783 3303 1912 3343 sane
1951 3287 2146 3340 solida.

245 3396 313 3450 Εἰ
343 3399 599 3469 κρεῖσσον
625 3394 693 3470 ἦν
724 3401 784 3454 τὺ
816 3401 922 3455 ὑπὸ
951 3402 1162 3471 γένεσιν
1191 3399 1330 3458 εἶναι
1374 3407 1500 3469 τοὺς
1551 3405 1760 3478 ἀνθρώ-

1939 3405 1996 3460 Si
2027 3405 2223 3460 melius
2257 3411 2394 3470 erat,
2430 3417 2464 3457 o
2495 3400 2708 3465 miseri,
2735 3399 2890 3454 nasci
2909 3399 3160 3454 homines
3192 3399 3444 3456 subditos

179 3507 338 3556 πως,
388 3485 435 3545 ὦ
486 3493 741 3561 σχέτλιοι,
775 3493 870 3546 τοῦ
920 3496 995 3565 μὴ
1031 3491 1192 3560 εἶναι,
1221 3498 1288 3550 δι’
1323 3498 1390 3569 ἣν
1429 3499 1610 3553 αἰτίαν
1657 3501 1761 3554 οὐκ

177 3582 432 3647 αὐτόθεν,
487 3583 579 3652 ἀφ’
627 3578 798 3653 οῦπερ
837 3583 939 3652 ἔφυ
989 3585 1049 3638 τὸ
1090 3586 1246 3654 γένος
1274 3588 1384 3640 τῶν
1436 3589 1758 3660 ἀνθρώπων,

177 3675 399 3742 γένεσις
428 3672 529 3744 ἧν;
559 3675 622 3727 Εἰ
658 3674 714 3726 δὲ
743 3670 834 3746 ἦν,
867 3675 952 3739 τίς
981 3677 1014 3747 ἡ
1044 3678 1202 3750 χρεία
1226 3675 1333 3728 τῶν
1356 3673 1615 3742 ὑπόγυιον
1633 3691 1757 3727 κατ-

176 3767 616 3840 αστερισθέντων
639 3809 655 3835 ,
705 3766 954 3831 Λέοντος,
990 3769 1288 3840 Καρκίνου,
1319 3770 1586 3841 Διδύμων,
1610 3773 1761 3843 Παρ-

176 3855 358 3923 θένου,
403 3857 642 3928 Ταύρου,
694 3860 889 3928 Ζυγοῦ,
932 3861 1223 3932 Σκορπίου,
1275 3862 1467 3932 Κριοῦ,
1507 3863 1755 3931 Τοξότου,

190 3947 436 4017 Ἰχθύων,
486 3949 786 4021 Αἰγόκερω,
834 3951 1141 4022 ’Υδροχόου,
1193 3954 1465 4027 Περσέως,
1517 3957 1757 4010 Κασσιο-

177 4041 361 4104 πείας,
392 4042 652 4112 Κηφέως,
685 4045 963 4113 Πηγάσου,
1003 4047 1225 4117 ”Υδρου,
1281 4047 1551 4118 Κόρακος,
1605 4050 1758 4120 Κρα-

173 4131 366 4203 ῆρος,
411 4133 616 4204 Δύρας,
669 4137 988 4207 Δράκοντος,
1041 4141 1136 4192 καὶ
1184 4139 1292 4192 τῶν
1338 4140 1534 4203 ἄλλων,
1571 4140 1628 4207 ἐξ
1679 4133 1754 4194 ὧν

177 4223 492 4292 εἰσηγεῖσθε
522 4227 1042 4297 κατακοσμηθέντας
1085 4229 1211 4293 τοὺς
1247 4229 1474 4294 πολλοὺς
1507 4231 1758 4303 κατειλη-

177 4315 337 4382 φέναι
387 4314 489 4386 τὴν
533 4315 917 4387 μαθηματικὴν
967 4317 1191 4388 ταύτην,
1244 4319 1444 4390 μᾶλλον
1486 4319 1543 4372 δὲ
1591 4339 1758 4375 κατα-

176 4404 484 4475 θεματικὴν
524 4405 864 4476 πρόγνωσινς
910 4407 1067 4460 Ἤτοι
1096 4402 1189 4460 οῦν
1243 4408 1337 4460 καὶ
1387 4408 1611 4461 ἐπὶτῶν
1658 4408 1756 4478 ἐμ-

175 4495 418 4568 προσθεν
450 4495 662 4565 γένεσις
686 4493 775 4567 ἦν,
800 4499 893 4550 καὶ
923 4497 1149 4568 μάταιος
1181 4501 1215 4570 ἡ
1242 4498 1446 4553 τούτων
1473 4499 1752 4563 σύστασιςο

171 4590 207 4658 ἢ
254 4590 351 4642 οὐκ
385 4585 476 4660 ἦν,
513 4590 608 4642 καὶ
656 4591 736 4653 εἰς
781 4591 880 4660 τὴν
931 4590 1219 4662 κρείσσονα
1276 4591 1611 4645 κατάστασιν
1661 4592 1755 4644 καὶ

174 4682 450 4752 διαγωγὴν
485 4685 513 4734 ὁ
542 4681 674 4746 Θεὸς
697 4683 788 4735 τὸν
824 4683 936 4752 βίον
967 4683 1285 4753 μετέστησε,
1311 4682 1418 4735 τῶν
1449 4681 1754 4754 ἔμπροσθεν

1861 3500 2031 3554 natali
2061 3496 2333 3561 fatalitati,
2353 3511 2517 3566 quam
2543 3494 2611 3548 ab
2641 3494 2734 3548 illa
2760 3493 2985 3559 liberos,
3010 3493 3200 3562 quidni
3233 3493 3301 3548 ab
3322 3493 3444 3562 ipso

1860 3591 2114 3662 protinus
2159 3589 2351 3653 initio,
2391 3603 2516 3642 cum
2557 3587 2795 3656 primum
2837 3585 3084 3639 homines
3111 3599 3233 3640 esse
3261 3600 3444 3655 .ccepe-

1859 3690 2010 3748 runt,
2064 3681 2261 3735 natalis
2309 3680 2402 3733 illa
2440 3679 2555 3748 jam
2600 3676 2838 3732 fatalitas
2878 3676 3020 3729 fuit?
3057 3675 3214 3741 Quod
3238 3677 3282 3730 si
3326 3677 3439 3744 jam

1859 3780 2012 3836 erat,
2046 3772 2176 3842 quid
2207 3771 2317 3826 illis
2349 3786 2485 3840 opus
2505 3810 2520 3833 ,
2549 3785 2670 3842 qua:
2711 3784 2859 3822 nunc
2894 3781 3086 3821 recens
3117 3765 3261 3819 inter
3293 3775 3442 3820 astra

1859 3865 2066 3921 relata:
2097 3862 2227 3927 Leo,
2247 3861 2477 3926 Cancer,
2499 3859 2738 3927 Gemini,
2760 3859 2948 3930 Virgo,
2981 3856 3219 3920 Taurus,
3253 3856 3437 3923 Libra,

1861 3951 2144 4022 Scorpius,
2172 3953 2352 4015 Aries,
2399 3951 2752 4021 Sagittarius,
2791 3949 3002 4010 Pisces,
3034 3947 3436 4015 Capricornus,

1857 4045 2157 4116 Aquarius,
2202 4044 2471 4108 Perseus,
2507 4044 2824 4113 Cassiopea,
2858 4041 3130 4110 Cepheus,
3157 4038 3437 4109 Pegasus,

1858 4137 2060 4210 Hydra,
2089 4139 2322 4203 Corvus,
2354 4137 2566 4200 Crater,
2602 4136 2764 4207 Lyra,
2791 4134 3000 4197 Draco,
3049 4142 3103 4188 et
3135 4133 3241 4186 alia
3285 4133 3437 4202 ejus-

1856 4230 2038 4293 modi,
2098 4245 2330 4299 quorum
2363 4227 2843 4284 observationibus
2885 4225 3132 4280 eruditos
3164 4241 3274 4279 non
3303 4241 3439 4295 pau-

1857 4334 1952 4374 cos
1979 4319 2188 4374 docetis
2218 4319 2659 4375 mathematicam
2695 4318 2854 4372 istam
2885 4317 3034 4389 (imo
3073 4316 3255 4386 potius
3289 4327 3438 4370 cata-

1854 4411 2201 4466 thematicam
2231 4411 2475 4480 dirisque
2495 4410 2750 4463 omnibus
2781 4407 3187 4477 devovendam)
3218 4423 3435 4477 praeno-

1856 4504 2060 4558 tionem
2104 4511 2294 4559 nactos
2332 4504 2495 4558 esse?
2541 4502 2650 4554 Aut
2689 4502 2852 4574 igitur
2912 4502 3211 4571 primorum
3269 4501 3434 4556 etiam

1854 4595 2168 4649 mortalium
2213 4610 2328 4649 aevo
2356 4595 2556 4650 natalis
2584 4595 2698 4663 jam
2729 4602 2847 4649 erat
2878 4593 3146 4659 fatalitas;
3177 4592 3434 4662 proinde-

1855 4698 1960 4752 que
2005 4684 2213 4740 inutilis
2254 4685 2356 4738 fuit
2395 4686 2510 4741 haec
2543 4686 2862 4740 animalium
2895 4687 2950 4740 in
2977 4687 3146 4741 caelos
3173 4687 3382 4740 evectio
3414 4705 3428 4739 :

175 4775 394 4844 χείρονα
425 4773 739 4843 βιωσάντων
774 4774 982 4844 χρόνον.
1030 4772 1191 4826 Ἀλλὰ
1237 4773 1519 4843 κρείττους
1562 4774 1611 4825 οἰ
1646 4789 1750 4824 πα-

1867 4781 1949 4827 aut
1971 4790 2100 4831 sane
2128 4790 2236 4829 non
2266 4784 2419 4841 erat,
2455 4764 2652 4847 resque
2712 4776 2857 4832 Deus
2908 4779 3175 4831 humanas
3223 4776 3433 4830 meliori

173 4863 446 4934 λαιότεροι
505 4862 616 4916 τῶν
671 4862 795 4916 νῦν·
847 4864 969 4916 ὅθεν
1023 4865 1118 4918 καὶ
1163 4863 1396 4935 χρυσοῦν
1447 4863 1752 4935 ἐκλήθησαν

175 4956 352 5023 γένος.
377 4956 496 5009 Οὐκ
525 4955 633 5028 ἄρα
658 4957 692 5026 ἡ
723 4953 956 5024 γένεσις.

1857 4871 2002 4919 statu
2026 4865 2256 4922 subinde
2282 4869 2532 4931 mutavit,
2566 4883 2630 4922 ac
2662 4869 2873 4939 potiore
2910 4871 3302 4941 gubernatione
3329 4874 3431 4925 do—

1858 4958 2043 5025 navit,
2091 4974 2216 5013 cum
2253 4959 2420 5028 prisci
2461 4961 2560 5014 aevi
2598 4961 2848 5017 homines
2881 4963 3332 5018 miserabiliorem
3360 4963 3436 5017 vi-

176 5057 281 5103 tam
319 5049 655 5108 duxissent,
705 5047 870 5118 Atqui
916 5047 1126 5104 felicior
1166 5048 1382 5103 illorum
1429 5047 1561 5115 fuit,
1619 5061 1784 5119 quam
1837 5059 2028 5106 nostra
2072 5059 2332 5122 nepotum
2380 5055 2662 5108 conditio:
2714 5053 2858 5109 unde
2890 5062 2945 5108 et
2985 5069 3210 5109 aureum
3261 5066 3436 5124 genus

178 5146 488 5200 audierunt.
517 5141 638 5198 Non
694 5157 824 5214 ergo
860 5151 944 5200 est
974 5145 1170 5200 natalis
1209 5145 1470 5201 fatalitas.

243 5236 305 5287 Εἰ
355 5237 384 5288 ὁ
426 5235 602 5304 ἥλιος,
650 5235 1006 5288 καθιππεύων
1052 5236 1180 5300 τοὺς
1230 5236 1461 5300 κύκλους
1498 5235 1609 5307 (51)
1655 5237 1751 5290 καὶ

180 5329 639 5401 ἐπιπορευόμενος
688 5328 925 5399 ἐτησίοις
975 5330 1043 5383 τὰ
1087 5329 1252 5395 ζὼδια
1306 5331 1596 5401 περιόδοις,
1649 5330 1750 5396 τὰς

243 5467 354 5537 (51)
381 5465 760 5537 Καθιππεύων
776 5465 903 5529 τοὺς
918 5465 1171 5530 κύκλους.
1189 5465 1554 5537 Perequitans,
1574 5464 1752 5537 obiens

182 5531 356 5592 mas;
381 5537 591 5618 Insigni
612 5535 898 5618 Possinius
931 5537 1217 5618 μαθήσεως
1242 5531 1497 5618 ακριὸείᾳ
1517 5577 1532 5600 ,
1583 5536 1752 5618 sinsol

181 5609 571 5678 superequitans
602 5606 873 5678 circulos,
913 5606 1072 5678 quasi
1107 5607 1298 5678 circuli
1321 5606 1375 5660 et
1397 5606 1547 5678 zonae
1568 5646 1584 5672 ,
1618 5607 1752 5662 illis-

179 5693 276 5744 que
298 5676 552 5747 ascriptaa
568 5677 754 5742 stellaz,
775 5677 876 5747 soli
901 5676 1140 5738 subsint,
1155 5677 1376 5746 haecque
1399 5677 1481 5732 sol
1505 5679 1558 5731 in
1581 5692 1750 5746 equo-

180 5761 291 5804 rum
320 5746 533 5806 morem
561 5746 871 5819 inscendat,
898 5747 1241 5818 subindeque
1269 5749 1374 5804 alia
1395 5757 1450 5805 et
1478 5748 1586 5804 alia
1624 5763 1746 5804 mu-

1929 5231 1987 5287 Si
2009 5233 2091 5287 sol
2108 5234 2456 5304 perequitans
2474 5233 2729 5299 circulos,
2751 5241 2806 5287 et
2821 5233 3018 5288 annuis
3047 5233 3203 5303 signa
3236 5234 3432 5293 obiens

1855 5324 2094 5395 periodis
2115 5363 2131 5390 ,
2164 5325 2494 5381 mutationes
2521 5324 2700 5390 efﬁcit,
2735 5325 3232 5394 conversionesque
3255 5333 3432 5386 statas

1859 5472 1956 5531 tet,
1994 5465 2071 5518 nti
2114 5464 2226 5520 fere
2255 5479 2535 5528 cursores,
2569 5479 2666 5534 per
2694 5463 2832 5518 alias
2867 5463 3111 5534 aliasque
3141 5463 3430 5519 stationes.

1855 5536 1926 5589 At
1947 5539 2069 5604 quis
2089 5537 2255 5589 solem
2275 5538 2546 5605 planelam
2566 5533 2797 5594 nesciat,
2830 5533 3090 5588 stellifero
3118 5534 3238 5605 orbi
3274 5535 3434 5602 longe

1856 5603 2184 5675 subjectum,
2203 5603 2406 5674 quique
2429 5605 2565 5658 adeo
2585 5621 2692 5658 non
2717 5605 3112 5675 superequitet,
3138 5603 3232 5658 sed
3258 5619 3433 5675 magis

1854 5673 2164 5744 subequitet
2205 5673 2464 5738 circulos,
2512 5683 2903 5744 percurratque
2940 5673 3160 5744 oblique
3201 5673 3305 5727 sub
3349 5676 3432 5730 eis

1853 5743 2097 5820 gyrando
2123 5747 2337 5818 aliaque
2364 5761 2434 5805 ex
2462 5743 2586 5802 aliis
2615 5746 2770 5817 signa
2804 5745 3066 5818 legendo!
3100 5743 3390 5804 Coranus.
