3866 6160
397 263 498 320 16⁸1

1331 262 1390 319 S.
1435 262 1768 320 METRODlI
1810 265 2120 326 EPISCOPI
2163 269 2250 325 ΕΤ
2297 269 2662 325 MARTYRIS

3585 270 3693 327 {63

396 388 703 454 temporum
745 383 987 452 reducit;
1023 382 1248 454 quinam
1273 398 1404 455 ergo
1425 422 1441 448 ,
1473 359 1567 453 qui
1601 392 1894 455 antequam
1920 387 1987 442 si-

2103 368 2406 460 μεταϐολάς
2441 387 2696 442 ἀποτελεῖ
2725 386 2820 441 καὶ
2852 387 2952 450 τὰς
2982 387 3192 458 τροπάς
3226 383 3337 438 τῶν
3375 385 3604 458 καιρῶν,
3639 386 3694 441 οι

395 491 502 547 gna
526 475 581 529 in
607 475 748 530 caalo
763 476 1190 541 collocarentur,
1222 475 1401 546 iisque
1425 476 1558 530 illud
1577 488 1989 546 perornaretur,

395 568 746 633 exstiterunt,
791 568 973 624 vivere
1012 577 1338 638 potuerunt;
1372 585 1498 624 cum
1529 570 1762 625 necdum
1793 581 1990 638 aestas,

395 667 719 723 autumnus,
755 659 951 725 hiems,
979 676 1076 716 ver
1097 661 1335 716 discreta
1351 668 1560 728 essent,
1585 677 1817 731 quorum
1851 671 1995 718 tem-

396 761 656 824 peratura
690 753 938 824 corporis
985 754 1198 808 indoles
1225 761 1459 825 augetur
1483 769 1548 808 ac
1601 755 1994 810 conﬁrmatur?

397 846 562 917 Atqui
579 848 854 909 vixerunt,
880 847 1343 916 longmvioresque
1365 862 1430 901 ac
1455 846 1799 902 robustiores
1825 847 1997 902 dura-

399 947 552 1003 runt,
585 956 748 1011 quam
775 939 870 1010 qui
922 955 1071 994 nunc
1118 939 1354 995 vivimus
1384 959 1397 995 :
1429 940 1593 995 simili
1625 941 1836 995 ratione
1879 949 1992 994 tum

399 1047 619 1102 quoque
651 1032 761 1088 Deo
797 1040 1043 1102 tempora
1071 1032 1413 1102 disponente.
1447 1031 1564 1087 Non
1594 1032 1762 1103 igitur
1793 1033 1992 1087 cadum

398 1124 734 1194 ejuscemodi
756 1124 945 1195 ﬁguris
964 1139 1028 1180 ac
1054 1139 1152 1195 per
1169 1140 1262 1180 eas
1285 1125 1624 1191 occasiones,
1648 1125 1880 1181 subinde
1909 1124 1996 1178 in-

401 1217 747 1272 terstinctum
775 1230 839 1269 ac
872 1216 1144 1270 variatum
1175 1217 1298 1272 fuit.

474 1303 530 1359 Si
565 1306 648 1360 sol
677 1313 732 1360 et
758 1306 888 1359 luna
915 1321 980 1360 ac
1009 1307 1180 1362 stellae
1200 1307 1320 1362 alia:
1341 1315 1621 1378 astraque,
1639 1307 1704 1363 ad
1730 1309 1995 1378 temporis

398 1396 822 1469 distinguendos
873 1399 1286 1469 servandosque
1315 1415 1572 1454 numeros
1590 1400 1656 1462 ⁸³,
1691 1411 1747 1454 ct
1775 1401 1840 1454 ad
1869 1399 1996 1455 coeli

398 1498 656 1546 ornatum
681 1492 941 1562 vicesque
971 1499 1359 1561 tempestatum
1386 1491 1723 1546 inducendas
1752 1492 1992 1554 condita,

399 1581 585 1637 divina
618 1592 770 1648 sunt,
809 1595 863 1639 et
896 1599 1061 1653 quam
1094 1600 1193 1653 pro
1238 1584 1476 1638 humana
1519 1584 1834 1638 conditione
1857 1600 1997 1654 prae-

398 1677 702 1744 stantiora;
733 1677 1048 1732 necessario
1069 1676 1144 1742 tit,
1170 1677 1606 1746 praestantiorem
1632 1677 1745 1732 haec
1775 1693 1995 1748 quoque

396 1767 566 1823 vitam
603 1777 658 1824 et
695 1768 911 1823 beatam
939 1778 1105 1839 atque
1133 1769 1506 1839 tranquillam,
1532 1771 1798 1840 longeque
1822 1770 1990 1839 justi-
2024 1761 2065 1816 Β

397 1861 488 1916 tiae
503 1876 568 1915 ac
585 1861 802 1916 virtutis
825 1863 1069 1929 dotibus,
1094 1871 1287 1918 nostra
1305 1863 1409 1918 hac
1426 1863 1727 1927 meliorem,
1757 1864 1952 1934 degere
1975 1884 1986 1919 :

399 1968 522 2022 qua:
549 1953 856 2022 composito
889 1952 1144 2022 l'elicique
1181 1961 1332 2007 motu
1370 1969 1429 2009 se
1461 1962 1734 2009 moveant.
1771 1953 1865 2008 Sin
1901 1971 1993 2009 au-

399 2052 509 2098 tem
547 2043 878 2100 mortalibus
920 2043 1161 2098 cladium
1205 2045 1586 2114 malorumque
1631 2047 1989 2101 consiliorum

397 2142 651 2192 auctores
673 2147 822 2200 sunt,
855 2145 1162 2208 vacantque
1185 2137 1544 2207 impudicitiis
1575 2154 1640 2192 ac
1661 2140 1786 2194 vitae
1817 2151 1992 2194 muta-

399 2227 642 2285 tionibus
680 2229 1020 2300 tragicisque
1049 2229 1274 2284 casibus
1316 2228 1663 2300 ingerendis;
1697 2233 1857 2302 plane
1889 2233 1994 2287 mi-

397 2321 718 2378 serabiliore
752 2322 1068 2378 hominibus
1095 2330 1242 2377 sorte
1268 2329 1419 2386 sunt,
1451 2339 1574 2394 qua:
1597 2326 1650 2378 in
1677 2333 1879 2381 terram
1908 2324 1990 2380 fa-

399 2412 647 2483 talesque
666 2427 730 2468 ac
757 2411 998 2470 nefarios
1037 2422 1194 2471 actus
1227 2416 1529 2480 attendant,
1559 2432 1659 2471 nec
1690 2417 1988 2487 quidquam

399 2506 596 2562 melius
616 2506 775 2563 nobis
797 2507 964 2562 vitam
987 2517 1202 2579 regant,
1226 2508 1670 2579 quandoquidem
1700 2510 1769 2565 ab
1796 2525 1986 2567 eorum

395 2595 618 2653 deﬂuxu
645 2613 710 2654 ac
738 2607 891 2654 motu
923 2607 1114 2656 nostra
1143 2599 1416 2670 dependet
1430 2601 1565 2656 vita.

2101 479 2210 551 πρὸ
2253 479 2349 533 τοῦ
2398 477 2895 551 καταστερισθῆναι
2936 477 3005 532 τά
3040 476 3206 540 ceam
3240 477 3546 547 γεγονότες,
3593 480 3694 533 καὶ

2095 571 2440 642 κοσμηθῆναι
2485 569 2694 634 τούτοις
2736 570 2828 624 τὸν
2883 569 3132 642 ούρανὸν,
3202 569 3321 634 πῶς
3369 570 3689 643 διήρκεσαν,

2097 662 2325 734 μηδέπω
2369 662 2582 734 θέρους,
2637 662 2980 734 μετοπώρου,
3035 661 3326 734 χειμῶνος,
3368 662 3532 736 ἔαρος
3574 663 3695 718 δια-

2095 755 2458 828 κεκριμένων,
2493 755 2560 808 δι’
2583 748 2658 809 ὧν
2690 757 2722 826 ἡ
2761 754 2854 808 τοῦ
2891 754 3141 825 σώματος
3175 754 3400 819 αὔξεται
3437 756 3532 810 καὶ
3560 773 3693 825 συγ-

2095 851 2378 921 κρατεῖται
2413 849 2611 918 etiam;
2667 848 2790 902 Ἀλλ
2842 846 3166 919 ἐξήρκεσαν,
3201 848 3296 902 καὶ
3326 849 3697 920 πολυχρονιώ-

2095 959 2244 1014 τεροι
2283 944 2542 1012 γεγόνασι
2587 942 2684 996 καὶ
2733 939 3156 1013 ῥωμαλεώτεροι
3207 940 3362 1013 παρὰ
3406 943 3534 1005 τοὺς
3565 942 3687 1006 νῦν,

2095 1033 2298 1102 ὁμοίως
2331 1033 2427 1086 καὶ
2455 1033 2579 1087 τότε
2600 1032 2975 1096 διευθύναντος
3001 1033 3126 1095 τοὺς
3157 1034 3382 1101 καιροὺς
3406 1033 3498 1086 τοῦ
3527 1033 3689 1088 Θεοῦ.

2097 1126 2212 1178 υὺκ
2245 1126 2354 1196 ἄρα
2383 1127 2448 1180 ἐκ
2476 1126 2737 1180 τοιούτων
2767 1128 2796 1180 ὁ
2828 1125 3055 1196 οὐρανὸς
3086 1125 3436 1180 πεποίκιλται
3471 1127 3691 1198 σχημά-

2095 1234 2204 1271 των
2211 1257 2225 1271 ο

2169 1313 2232 1368 Et
2275 1313 2304 1364 ὁ
2345 1311 2494 1382 ἥλιος
2537 1313 2632 1366 καὶ
2664 1313 2696 1384 ἡ
2736 1313 2931 1385 σελήνη
2967 1312 3063 1367 καλ⁸
3092 1313 3160 1366 τά
3208 1313 3346 1368 ἄλλα
3389 1313 3585 1385 ἄστρα,
3619 1313 3695 1369 τὰ

2096 1406 2176 1468 εἰς
2199 1404 2478 1477 διορισμὸν
2504 1406 2596 1459 καὶ
2626 1405 2872 1478 φυλακὴν
2903 1405 3153 1478 ἀριθμῶν
3174 1406 3365 1477 χρόνου
3399 1405 3690 1475 γεγονότα,

2098 1499 2192 1552 καὶ
2219 1499 2423 1569 κόσμον
2470 1498 2726 1571 οὐρανοῦ,
2761 1501 2854 1553 καὶ
2887 1499 3094 1570 τροπὰς
3142 1498 3372 1570 καιρῶν,
3407 1498 3527 1552 θεῖά
3568 1500 3692 1553 ἐστι

2097 1593 2192 1646 καὶ
2225 1593 2459 1664 κρείττω
2491 1593 2598 1646 τῶν
2631 1592 2933 1666 ἀνθρώπων
2952 1635 2968 1657 ,
3013 1593 3228 1663 ἀνάγκη
3259 1593 3354 1647 καὶ
3399 1593 3694 1665 κρείττονα.

2101 1685 2216 1756 βίον
2267 1687 2360 1739 καὶ
2402 1685 2674 1757 μακάριον
2714 1685 2859 1740 αὐτὰ
2901 1687 2995 1739 καὶ
3037 1685 3338 1756 εἰρηνικὸν,
3375 1686 3470 1739 καὶ
3505 1683 3691 1756 πολλῷ

2093 1776 2188 1829 τοῦ
2219 1777 2486 1850 ἡμετέρου
2513 1778 2628 1849 βίου
2650 1778 3032 1832 διαλλάττοντα
3053 1776 3369 1848 δικαιοσύνῃ
3393 1777 3487 1831 καὶ
3514 1779 3691 1850 ἀρετῇ

2091 1869 2319 1938 διάγειν,
2355 1871 2649 1942 κινούμενα
2677 1871 2894 1943 κίνησιν
2924 1870 3186 1925 εὔτακτον
3233 1873 3328 1923 καὶ
3357 1870 3652 1941 εὐδαίμονα
3671 1885 3690 1900 θ

2094 1965 2142 2016 εί
2171 1963 2225 2015 δὲ
2249 1963 2358 2016 τῶν
2391 1963 2603 2034 θνητῶν
2635 1963 2922 2034 συμφορὰς
2952 1963 3043 2016 καὶ
3088 1961 3504 2034 κακοφροσύνας
3549 1960 3696 2015 αὐτὰ

2093 2055 2456 2119 τεκταίνεται,
2501 2056 2597 2110 καὶ
2640 2058 2856 2126 ἐνεργεῖ
2899 2056 3026 2128 περὶ
3059 2057 3158 2120 τὰς
3205 2054 3492 2124 ἀσελγείας
3526 2053 3696 2123 ἀσχο-

2092 2146 2350 2217 λούμενα,
2402 2149 2498 2202 καὶ
2538 2147 2637 2211 τὰς
2683 2147 2986 2218 μεταϐολὰς
3029 2149 3124 2202 καὶ
3156 2148 3361 2219 τροπὰς
3404 2145 3499 2200 τοῦ
3535 2144 3690 2216 βίου,

2095 2238 2204 2310 ἄρα
2249 2237 2555 2311 ἀθλιώτερα
2585 2238 2695 2292 τῶν
2739 2237 3043 2310 ἀνθρώπων
3089 2240 3259 2303 ἐστὶν,
3307 2240 3387 2300 είς
3430 2238 3531 2307 τὴν
3577 2235 3693 2305 γῆν

2099 2329 2386 2401 βλέποντα,
2417 2330 2513 2384 καὶ
2543 2330 2644 2394 τὰς
2676 2331 2977 2402 ἐπικήρους
3000 2331 3096 2384 καὶ
3119 2330 3393 2400 ἀθέσμους
3424 2327 3685 2399 πράξεις,

2098 2422 2194 2475 καὶ
2236 2413 2404 2492 μηδὲν
2449 2425 2695 2495 κρεῖττον
2744 2421 2852 2475 τῶν
2890 2421 3195 2494 ἀνθρώπων
3244 2421 3517 2489 διάγοντα,
3567 2419 3693 2488 εῐγε

2095 2515 2195 2586 τῆς
2223 2515 2445 2569 ἐκείνων
2475 2515 2774 2588 ἀπορροίας
2802 2515 2897 2570 καὶ
2920 2517 3190 2588 κινήσεως
3227 2516 3256 2568 ὁ
3285 2514 3553 2587 ἡμέτερος
3585 2514 3694 2585 ἧρ-

2093 2623 2254 2679 τηται
2286 2607 2418 2679 βίος.

1137 2715 1271 2770 CAP.
1304 2713 1447 2771 XVI.
1477 2715 1605 2770 Alia
1644 2718 1919 2786 complura
1943 2717 1999 2771 in
2027 2721 2236 2776 eosdem
2269 2722 2672 2779 mathematicos
2702 2725 2924 2778 intorta.

471 2807 610 2863 Cum
637 2807 824 2866 nullus
853 2809 1062 2882 absque
1090 2811 1295 2881 praevio
1324 2811 1645 2881 cupiditatis
1671 2811 1866 2868 aﬂ‘ectu
1896 2827 1991 2867 ac-

395 2907 492 2956 tus
519 2899 612 2956 liat
632 2941 647 2967 ,
680 2916 856 2972 neque
880 2917 1013 2957 vero
1053 2902 1330 2974 cupiditas
1371 2903 1592 2958 aliunde
1621 2904 1693 2958 sit
1723 2920 1887 2975 quam
1921 2905 1991 2960 ab

2167 2819 2232 2873 Εἰ
2260 2821 2410 2874 πᾶσα
2444 2820 2645 2893 πρᾶξις
2673 2820 2846 2892 χωρὶς
2874 2817 3170 2890 ἐπιθυμίας
3201 2819 3263 2874 οὐ
3299 2819 3528 2888 γίνεται,
3558 2821 3691 2876 οὐδὲ

2099 2911 2204 2984 μὴν
2236 2913 2502 2985 ἐπιθυμία
2543 2913 2710 2986 χωρὶς
2743 2913 2986 2977 ἐνδείας·
3032 2912 3280 2976 ἀνενδεὲς
3306 2911 3362 2965 δὲ
3393 2911 3454 2965 τὸ
3483 2912 3643 2966 Θεῖον
3668 2931 3681 2942 ·

397 2989 737 3062 indigentia;
803 2989 946 3046 Deus
998 2999 1182 3047 autem
1206 2993 1323 3062 ipse
1383 2993 1592 3048 nullius
1639 3001 1826 3064 egeat,
1887 3008 1987 3049 nec

2098 3005 2415 3077 ἀνεννόητον
2464 3006 2573 3077 ἄρα
2620 3005 2922 3078 πονηρίας·
2976 3005 3072 3058 καὶ
3123 3005 3172 3059 εί
3217 3006 3250 3076 ἡ
3306 3003 3415 3058 τῶν
3462 3004 3689 3077 ἄστρων

395 3080 626 3152 proinde
651 3081 822 3136 ullius
861 3089 1054 3137 auctor
1079 3093 1173 3138 aut
1203 3085 1548 3140 machinator
1582 3086 1869 3155 pravitatis
1894 3103 1991 3141 ex-

396 3173 592 3241 sistat;
613 3188 851 3244 cumque
874 3190 1070 3231 rursus
1099 3175 1342 3231 siderum
1367 3186 1560 3232 natura
1583 3177 1782 3232 divinae
1812 3178 1990 3234 allinis

395 3266 469 3320 sit
503 3265 696 3335 illique
718 3266 953 3322 vicinior
980 3269 1204 3340 '(nempe
1235 3271 1675 3339 prazstantiorum
1705 3271 1989 3324 hominum

393 3358 597 3413 virtute
646 3360 1055 3434 praestantior),
1093 3378 1196 3418 nec
1238 3363 1359 3434 ipsa
1403 3365 1547 3418 mala
1579 3365 1872 3420 molientur
1894 3372 1990 3422 aut

394 3451 582 3522 aliquo
610 3451 958 3525 indigebunt.

463 3541 754 3609 Praeterea,
781 3561 946 3601 nemo
970 3561 1159 3602 eorum
1181 3547 1386 3618 quibus
1409 3557 1590 3604 ratum
1620 3558 1705 3607 est
1730 3551 1902 3607 solem
1933 3559 1989 3608 et

390 3632 580 3689 lunam
618 3644 673 3691 et
715 3637 904 3694 stellas
926 3637 1145 3694 divinas
1174 3653 1264 3694 res
1297 3654 1440 3704 esse,
1473 3649 1563 3694 eat
1593 3641 1841 3710 profecto
1867 3641 1991 3696 inli-
2020 3710 2033 3728 ί

392 3729 520 3794 tias,
543 3731 734 3800 procul
766 3731 933 3786 etiam
963 3747 994 3786 a
1018 3732 1227 3788 malitia
1254 3732 1369 3788 haec
1393 3732 1712 3798 abhorrere,
1741 3743 1796 3790 et
1824 3751 1853 3788 a
1886 3744 1992 3791 ter-

392 3837 654 3877 renarum
680 3824 897 3880 actibus
922 3835 1132 3880 remota
1161 3841 1306 3891 esse,
1339 3826 1396 3881 in
1414 3841 1537 3898 quae
1566 3843 1667 3882 nec
1693 3827 1989 3897 voluptatis

391 3914 631 3980 aﬂ'ectio,
661 3931 764 3972 nec
789 3917 996 3974 doloris
1019 3919 1180 3974 cadat
1209 3939 1222 3974 :
1256 3937 1360 3976 nec
1382 3922 1528 3977 enim
1553 3923 1866 3977 coelestibus
1894 3938 1990 3993 pu-

393 4005 577 4062 denda
605 4007 723 4062 haec
753 4008 1028 4065 desideria
1055 4021 1382 4082 competunt
1412 4022 1467 4069 et
1499 4016 1856 4071 exsecranda;
1898 4031 1992 4085 ap-

393 4099 706 4170 petitiones.
735 4099 792 4154 Si
823 4111 1006 4158 autem
1031 4113 1187 4159 extra
1209 4120 1273 4161 ea
1299 4117 1448 4169 sunt,
1476 4123 1576 4162 nec
1598 4109 1708 4162 ulla
1736 4109 1990 4164 laborant

391 4201 656 4263 egestate,
683 4195 812 4265 quid
848 4211 1032 4252 causae
1062 4205 1147 4252 est
1178 4213 1278 4253 cur
1310 4200 1638 4254 mortalibus
1669 4217 1859 4255 eorum
1889 4216 1989 4255 au-

389 4294 576 4343 ctores
614 4288 746 4351 sint,
792 4305 914 4360 quae
948 4306 1051 4346 nec
1095 4292 1204 4347 illis
1254 4292 1534 4348 arrideant
1562 4301 1616 4348 et
1668 4304 1824 4350 extra
1866 4309 1986 4365 quae

392 4377 572 4449 posita
600 4380 871 4436 nobiliore
901 4381 1086 4437 indole
1111 4392 1370 4452 praestent

463 4467 528 4523 Hi
562 4485 730 4541 porro
752 4470 846 4541 qui
871 4470 1144 4526 hominem
1177 4472 1392 4527 arbitrii
1427 4471 1683 4527 facultate
1706 4487 1816 4527 non
1842 4487 1983 4541 prae-

388 4561 566 4618 ditum
597 4577 720 4618 esse
741 4570 1030 4629 statuunt,
1067 4563 1164 4620 sed
1197 4565 1494 4620 inevitabili
1524 4564 1621 4618 fati
1653 4566 1981 4621 necessitate

385 4656 671 4729 iussisque
703 4673 814 4712 non
845 4659 1071 4731 scriptis
1100 4657 1233 4714 ferri
1261 4660 1457 4730 agique
1485 4660 1781 4713 humanam
1811 4659 1978 4712 vitam

391 4751 660 4815 sentiunt,
695 4749 750 4804 in
775 4750 952 4821 ipsum
976 4751 1128 4822 impii
1162 4766 1227 4806 ac
1248 4751 1436 4822 injurii
1455 4759 1584 4806 sunt
1601 4749 1792 4814 Deum,
1811 4764 1978 4820 quem

389 4845 664 4900 malorum
725 4845 1093 4900 humanorum
1149 4852 1431 4900 auctorem
1459 4852 1514 4900 et
1540 4845 1852 4900 elTectorem
1893 4843 1977 4898 fa-

387 4936 562 4993 ciunt.
609 4935 667 4992 Si
699 4938 848 4992 enim
877 4937 1122 4994 siderum
1151 4939 1473 4995 universum
1503 4938 1830 4992 circularem
1862 4951 1981 4991 mo-

388 5032 542 5092 tum,
594 5026 739 5082 Deus
780 5027 932 5098 ipse,
975 5044 1084 5098 qua
1114 5044 1278 5083 nemo
1308 5027 1579 5097 sapientia
1623 5026 1773 5081 dicat
1801 5035 1895 5080 aut
1923 5027 1975 5079 vi

386 5118 588 5173 mentis
616 5118 904 5190 intelligat,
941 5117 1218 5173 modulate
1249 5117 1558 5189 dispensat,
1593 5115 1835 5172 universi
1862 5115 1976 5169 cla—

385 5226 513 5266 vum
530 5212 840 5267 rectissime
856 5213 1199 5282 gubernans;
1225 5219 1373 5266 astra
1388 5226 1517 5266 vero
1538 5210 1653 5265 vitii
1676 5214 1840 5280 atque
1864 5206 1976 5263 vir—

382 5304 522 5360 tutis
551 5303 846 5374 qualitates
883 5309 1137 5359 humanaa
1165 5305 1292 5359 vitae
1327 5303 1604 5374 ingerunt,
1635 5317 1757 5372 quae
1781 5299 1973 5356 videli-

383 5405 470 5452 cet
504 5397 851 5452 necessitatis
872 5396 1108 5451 vinculis
1136 5395 1385 5450 homines
1416 5396 1468 5449 in
1497 5411 1562 5450 ea
1593 5394 1837 5458 trahant,
1865 5393 1975 5446 uti-

384 5506 492 5561 que
550 5489 822 5544 malorum
871 5499 1152 5546 auctorem
1193 5505 1258 5544 ac
1299 5488 1567 5559 originem
1599 5485 1769 5542 Deum
1801 5485 1966 5541 ascri‘

384 5579 552 5647 bunt;
592 5579 840 5634 omnium
893 5586 1078 5636 tamen
1107 5579 1353 5650 judicio,
1384 5580 1592 5634 nullius
1641 5593 1797 5632 noxa:
1832 5576 1975 5633 Deus

385 5679 579 5726 auctor
611 5677 716 5727 est.
752 5670 1091 5741 Explodatur
1117 5685 1246 5742 ergo
1275 5668 1457 5725 fatalis
1484 5669 1804 5725 necessitas.

454 5789 500 5819 ⁸³
530 5784 656 5839 Cen.
684 5800 723 5851 ι,
759 5784 848 5841 l7.

2093 3098 2257 3169 φύσις
2299 3098 2580 3171 ἐγγυτέρω
2622 3098 2880 3152 τέτακται
2909 3096 3066 3161 Θεοῦ,
3105 3095 3367 3168 κρείττων
3405 3091 3540 3150 οὖσα
3578 3096 3688 3165 τῆς

2090 3190 2200 3244 τῶν
2226 3190 2553 3261 κρειττόνων
2569 3187 2872 3261 ἀνθρώπων
2897 3187 3127 3260 ἀρετῆςο
3159 3185 3455 3256 ἀνεννόητα
3481 3184 3688 3248 κακίας

2091 3283 2210 3336 ἐστὶ
2234 3284 2329 3338 καὶ
2360 3283 2579 3354 ἀνενδεῆ
2613 3282 2681 3336 τὰ
2710 3283 2906 3352 ἄστρα.

2163 3550 2274 3606 Καὶ
2306 3549 2502 3612 ἄλλως,
2544 3547 2653 3608 πᾶς
2696 3546 2828 3616 ἡμῖν
2871 3541 3197 3613 ὁμολογήσει
3224 3538 3332 3594 τῶν
3367 3539 3686 3610 πεπεισμέ-
3751 3583 3757 3590 .

2090 3661 2197 3698 νων
2225 3642 2315 3696 τὸν
2360 3640 2511 3711 ἥλιον
2559 3638 2654 3691 καὶ
2696 3635 2794 3706 τὴν
2840 3634 3071 3706 σελήνην
3125 3633 3218 3686 καὶ
3267 3633 3394 3695 τοὺς
3441 3629 3686 3702 ἀστέρας

2089 3732 2228 3789 εἶναι
2259 3735 2398 3798 θεῖα,
2437 3731 2530 3786 καὶ
2571 3728 2789 3800 μακρὰν
2824 3724 3133 3798 ἀπῳκίσθαι
3167 3723 3385 3788 κακίας,
3428 3723 3522 3776 καὶ
3564 3722 3682 3776 τῶν

2089 3824 2339 3896 γηγενῶν
2384 3820 2638 3894 πράξεων
2681 3818 3011 3873 ἀνεπίδεκτα
3054 3815 3260 3879 πάθους
3305 3815 3502 3886 ἡδονῆς
3549 3814 3686 3868 ὄντα

2089 3915 2184 3969 καὶ
2207 3913 2411 3984 λύπης·
2442 3913 2504 3966 ού
2529 3910 2638 3982 γὰρ
2667 3911 2948 3982 προσεῖναι
2975 3910 3089 3972 τοῖς
3118 3905 3390 3978 οὐρανίοις
3421 3903 3687 3968 τοιαύτας

2088 4005 2296 4079 ὀρέξεις
2332 4004 2642 4076 βδελυκτάς.
2689 4003 2752 4055 Ei
2783 4002 2840 4054 δὲ
2886 3999 3092 4054 τούτων
3135 3998 3295 4061 ἐκτὸς
3326 3998 3420 4050 καὶ
3451 3995 3683 4069 ἀνενδεῆ

2089 4099 2390 4169 πεφύκασι,
2424 4097 2542 4161 πῶς
2571 4099 2684 4160 τοῖς
2713 4092 3042 4166 ἀνθρώποις,
3082 4091 3119 4146 ἀ
3153 4091 3228 4162 μὴ
3266 4090 3420 4144 αὐτοὶ
3457 4087 3687 4160 βούλον-

2087 4208 2199 4254 ται,
2236 4191 2331 4244 καὶ
2361 4182 2435 4242 ὧν
2463 4188 2620 4249 ἐκτός
2645 4187 2773 4250 εἰσι,
2809 4182 3213 4244 τεκταίνονται-ς

2161 4458 2224 4512 Οἱ
2254 4456 2311 4510 δέ
2343 4453 2651 4526 ὁριζόμενοι
2679 4449 2770 4503 τὸν
2802 4448 3087 4521 ἄνθρωπον
3136 4446 3209 4518 μὴ
3247 4441 3386 4500 εἶναι
3421 4443 3684 4508 αὐτεξούο

2091 4567 2226 4613 σιον,
2265 4545 2378 4600 ἀλλ’
2410 4545 2678 4612 ἀνάγκαις
2718 4540 2983 4611 ἀφύκτοις
3030 4537 3386 4610 Είμαρμένης
3425 4536 3684 4605 λέγοντες

2087 4637 2424 4704 οἰακίζεσθαι
2464 4637 2558 4690 καὶ
2601 4631 2873 4706 ἀγράφοις
2911 4630 3350 4702 προστάγμασιν,
3399 4629 3479 4691 είς
3513 4626 3684 4681 αὑτὸν

2087 4737 2346 4794 ἀσεϐοῦσι
2385 4735 2475 4788 τὸν
2513 4731 2668 4795 Θεὸν,
2717 4725 3050 4801 παρεκτικὸν
3100 4723 3263 4778 αὐτὸν
3307 4721 3415 4775 τῶν
3464 4719 3681 4792 ἀνθρω-

2090 4830 2259 4884 πίνων
2295 4826 2479 4882 κακῶν
2507 4823 2599 4877 καὶ
2633 4819 2862 4892 ποιητὴν
2888 4815 3292 4888 εἰσηγούμενοι.
3329 4814 3394 4867 Ei
3427 4810 3537 4884 γὰρ
3564 4810 3682 4864 τῶν

2087 4923 2333 4996 ἀστέρων
2383 4922 2601 4976 ἅπασαν
2644 4913 2910 4984 κυκλικὴν
2957 4911 3170 4982 κίνησιν
3204 4905 3458 4978 ἐμμελῶς
3509 4903 3679 4996 αύτὸς

2085 4995 2350 5089 ἀφράστῳ
2389 5012 2552 5084 σοφίᾳ
2601 5011 2698 5063 καὶ
2740 5005 3045 5074 ἀνεννοήτῳ
3084 5001 3280 5062 διέπει,
3327 4995 3679 5051 κατευθύνων

2083 5113 2174 5165 τὸν
2205 5109 2369 5164 οῐακα
2404 5107 2505 5178 τῆς
2536 5101 2895 5174 οἰκουμένης·
2930 5099 2979 5151 οἱ
3023 5096 3080 5150 δὲ
3109 5093 3340 5166 ἀστέρες
3385 5091 3486 5155 τὰς
3516 5091 3674 5144 ποιό-

2084 5223 2252 5278 τητας
2281 5204 2383 5274 τῆς
2417 5201 2616 5262 κακίας
2655 5197 2748 5252 καὶ
2777 5195 2879 5265 τῆς
2909 5191 3113 5265 ἀρετῆς
3141 5185 3520 5256 ἐκτελοῦσιτῷ
3544 5184 3671 5278 βίῳ,

2083 5301 2329 5369 ἀνάγκης
2354 5295 2574 5366 δεσμοῖς
2601 5291 2726 5354 τοὺς
2751 5285 3072 5358 ἀνθρώπους
3095 5283 3344 5344 ἕλκοντες
3367 5282 3446 5342 εἰς
3474 5277 3666 5331 ταῦτα·

2081 5391 2252 5446 αἴτιον
2281 5387 2389 5441 τῶν
2419 5384 2604 5440 κακῶν
2636 5383 2725 5436 τὸν
2765 5379 2897 5434 Θεὸν
2936 5377 3328 5447 ἀποφαίνονται
3361 5375 3456 5427 καὶ
3486 5372 3666 5442 δῦτηνο

2082 5483 2196 5537 ἀλλ’
2232 5481 2474 5544 ἀναίτιος
2508 5479 2640 5532 πᾶσι
2675 5475 2856 5546 πάσης
2905 5469 3110 5544 βλάϐης
3143 5471 3171 5524 ό
3209 5466 3362 5530 Θεός.
3408 5465 3523 5520 Οὐκ
3561 5464 3672 5538 ἄρα

2082 5577 2318 5650 γένεσις.
3711 5593 3726 5604 ‘-
