  <div class='ocr_page' id='page_1' title='image "/cluster/home/n/w/nwhite01/storage/ocr_20150623/18/nnc1.0046978550/092.png"; bbox 0 0 3866 6160; ppageno 0'>
   <div class='ocr_carea' id='block_1_1' title="bbox 174 265 278 323">
    <p class='ocr_par' dir='ltr' id='par_1_1' title="bbox 174 265 278 323">
     <span class='ocr_line' id='line_1_1' title="bbox 174 265 278 323; baseline 0 0"><span class='ocrx_word' id='word_1_1' title='bbox 174 265 278 323; x_wconf 75' lang='lat'><strong>169</strong></span> 
     </span>
    </p>
   </div>
   <div class='ocr_carea' id='block_1_2' title="bbox 1261 255 2320 320">
    <p class='ocr_par' dir='ltr' id='par_1_2' title="bbox 1261 255 2320 320">
     <span class='ocr_line' id='line_1_2' title="bbox 1261 255 2320 320; baseline -0.006 -2"><span class='ocrx_word' id='word_1_2' title='bbox 1261 261 1645 320; x_wconf 64' lang='lat' dir='ltr'><strong>CONVIVIUM</strong></span> <span class='ocrx_word' id='word_1_3' title='bbox 1689 257 1918 316; x_wconf 80' lang='lat' dir='ltr'><strong>DECEM</strong></span> <span class='ocrx_word' id='word_1_4' title='bbox 1956 255 2320 314; x_wconf 76' lang='lat' dir='ltr'><strong>VIRGINUM.</strong></span> 
     </span>
    </p>
   </div>
   <div class='ocr_carea' id='block_1_3' title="bbox 3333 264 3437 319">
    <p class='ocr_par' dir='ltr' id='par_1_3' title="bbox 3333 264 3437 319">
     <span class='ocr_line' id='line_1_3' title="bbox 3333 264 3437 319; baseline 0 0"><span class='ocrx_word' id='word_1_5' title='bbox 3333 264 3437 319; x_wconf 78' lang='grc' dir='ltr'><strong>ΠΟ</strong></span> 
     </span>
    </p>
   </div>
   <div class='ocr_carea' id='block_1_4' title="bbox 240 370 1757 453">
    <p class='ocr_par' dir='ltr' id='par_1_4' title="bbox 240 378 1749 453">
     <span class='ocr_line' id='line_1_4' title="bbox 240 378 1749 453; baseline -0.005 -17"><span class='ocrx_word' id='word_1_6' title='bbox 240 384 357 447; x_wconf 77' lang='grc' dir='ltr'><strong>Πᾶς</strong></span> <span class='ocrx_word' id='word_1_7' title='bbox 388 383 536 445; x_wconf 86' lang='grc' dir='ltr'>ὅστις</span> <span class='ocrx_word' id='word_1_8' title='bbox 560 380 664 436; x_wconf 80' lang='grc' dir='ltr'><strong>κᾶν</strong></span> <span class='ocrx_word' id='word_1_9' title='bbox 700 380 875 453; x_wconf 85' lang='grc' dir='ltr'>βραχὺ</span> <span class='ocrx_word' id='word_1_10' title='bbox 910 378 1129 442; x_wconf 78' lang='grc' dir='ltr'>συνετὸς</span> <span class='ocrx_word' id='word_1_11' title='bbox 1148 379 1474 450; x_wconf 84' lang='grc' dir='ltr'><strong>ὁμολογήσει</strong></span> <span class='ocrx_word' id='word_1_12' title='bbox 1497 378 1588 433; x_wconf 86' lang='grc' dir='ltr'><strong>τὸν</strong></span> <span class='ocrx_word' id='word_1_13' title='bbox 1618 378 1749 431; x_wconf 76' lang='grc' dir='ltr'>Θεὸν</span> 
     </span>
    </p>
   </div>
   <div class='ocr_carea' id='block_1_5' title="bbox 1864 370 3440 453">
    <p class='ocr_par' dir='ltr' id='par_1_5' title="bbox 1922 370 3440 451">
     <span class='ocr_line' id='line_1_5' title="bbox 1922 370 3440 451; baseline 0.008 -27"><span class='ocrx_word' id='word_1_14' title='bbox 1922 370 2183 441; x_wconf 86' lang='lat' dir='ltr'><strong>Quisquis</strong></span> <span class='ocrx_word' id='word_1_15' title='bbox 2204 371 2288 426; x_wconf 87' lang='lat' dir='ltr'><strong>vel</strong></span> <span class='ocrx_word' id='word_1_16' title='bbox 2317 370 2543 427; x_wconf 90' lang='lat' dir='ltr'><strong>minima</strong></span> <span class='ocrx_word' id='word_1_17' title='bbox 2570 372 2701 427; x_wconf 89' lang='lat' dir='ltr'><strong>boni</strong></span> <span class='ocrx_word' id='word_1_18' title='bbox 2725 388 2921 430; x_wconf 85' lang='lat' dir='ltr'><strong>sensus</strong></span> <span class='ocrx_word' id='word_1_19' title='bbox 2954 377 3218 446; x_wconf 82' lang='lat' dir='ltr'><strong>particula</strong></span> <span class='ocrx_word' id='word_1_20' title='bbox 3250 393 3440 451; x_wconf 77' lang='lat' dir='ltr'><strong>asper-</strong></span> 
     </span>
    </p>
   </div>
   <div class='ocr_carea' id='block_1_6' title="bbox 166 469 1757 543">
    <p class='ocr_par' dir='ltr' id='par_1_6' title="bbox 166 469 1757 543">
     <span class='ocr_line' id='line_1_6' title="bbox 166 469 1757 543; baseline -0.006 -12"><span class='ocrx_word' id='word_1_21' title='bbox 166 476 396 543; x_wconf 76' lang='grc' dir='ltr'>ἀγαθὸν,</span> <span class='ocrx_word' id='word_1_22' title='bbox 445 474 672 537; x_wconf 87' lang='grc' dir='ltr'>δίκαιον,</span> <span class='ocrx_word' id='word_1_23' title='bbox 722 472 906 541; x_wconf 79' lang='grc' dir='ltr'>σοφὸν,</span> <span class='ocrx_word' id='word_1_24' title='bbox 959 469 1154 541; x_wconf 79' lang='grc' dir='ltr'>ἀληθῆ,</span> <span class='ocrx_word' id='word_1_25' title='bbox 1188 470 1485 541; x_wconf 79' lang='grc' dir='ltr'>ὠφέλιμον,</span> <span class='ocrx_word' id='word_1_26' title='bbox 1517 469 1757 524; x_wconf 89' lang='grc' dir='ltr'>ἀναίτιον</span> 
     </span>
    </p>
   </div>
   <div class='ocr_carea' id='block_1_7' title="bbox 168 562 1757 638">
    <p class='ocr_par' dir='ltr' id='par_1_7' title="bbox 168 562 1757 638">
     <span class='ocr_line' id='line_1_7' title="bbox 168 562 1757 638; baseline -0.004 -16"><span class='ocrx_word' id='word_1_27' title='bbox 168 568 378 631; x_wconf 83' lang='grc' dir='ltr'>κακῶν,</span> <span class='ocrx_word' id='word_1_28' title='bbox 406 566 756 638; x_wconf 85' lang='grc' dir='ltr'>ἀσύμπλοκον</span> <span class='ocrx_word' id='word_1_29' title='bbox 778 566 1005 629; x_wconf 83' lang='grc' dir='ltr'><strong>πάθους,</strong></span> <span class='ocrx_word' id='word_1_30' title='bbox 1034 567 1130 620; x_wconf 73' lang='grc' dir='ltr'>καὶ</span> <span class='ocrx_word' id='word_1_31' title='bbox 1157 567 1263 618; x_wconf 78' lang='grc' dir='ltr'>πᾶν</span> <span class='ocrx_word' id='word_1_32' title='bbox 1290 565 1341 619; x_wconf 80' lang='grc' dir='ltr'><strong>εἴ</strong></span> <span class='ocrx_word' id='word_1_33' title='bbox 1365 582 1419 617; x_wconf 82' lang='grc' dir='ltr'><strong>τι</strong></span> <span class='ocrx_word' id='word_1_34' title='bbox 1446 562 1556 635; x_wconf 76' lang='grc'>(52)</span> <span class='ocrx_word' id='word_1_35' title='bbox 1576 562 1757 617; x_wconf 84' lang='grc' dir='ltr'>τοιοῦ-</span> 
     </span>
    </p>
   </div>
   <div class='ocr_carea' id='block_1_8' title="bbox 166 657 1758 732">
    <p class='ocr_par' dir='ltr' id='par_1_8' title="bbox 166 657 1758 732">
     <span class='ocr_line' id='line_1_8' title="bbox 166 657 1758 732; baseline -0.002 -19"><span class='ocrx_word' id='word_1_36' title='bbox 166 678 278 717; x_wconf 82' lang='grc' dir='ltr'>τον.</span> <span class='ocrx_word' id='word_1_37' title='bbox 308 661 423 714; x_wconf 73' lang='grc' dir='ltr'>Καὶ</span> <span class='ocrx_word' id='word_1_38' title='bbox 448 662 499 713; x_wconf 83' lang='grc' dir='ltr'><strong>εί</strong></span> <span class='ocrx_word' id='word_1_39' title='bbox 524 661 572 713; x_wconf 83' lang='grc' dir='ltr'>οἱ</span> <span class='ocrx_word' id='word_1_40' title='bbox 602 658 798 712; x_wconf 86' lang='grc' dir='ltr'>δίκαιοι</span> <span class='ocrx_word' id='word_1_41' title='bbox 827 657 1114 732; x_wconf 82' lang='grc' dir='ltr'>κρείσσους</span> <span class='ocrx_word' id='word_1_42' title='bbox 1144 658 1249 711; x_wconf 82' lang='grc' dir='ltr'>εἰσὶ</span> <span class='ocrx_word' id='word_1_43' title='bbox 1271 658 1380 712; x_wconf 86' lang='grc' dir='ltr'><strong>τῶν</strong></span> <span class='ocrx_word' id='word_1_44' title='bbox 1414 657 1635 719; x_wconf 85' lang='grc' dir='ltr'>ἀδίκων,</span> <span class='ocrx_word' id='word_1_45' title='bbox 1664 658 1758 711; x_wconf 80' lang='grc' dir='ltr'><strong>καὶ</strong></span> 
     </span>
    </p>
   </div>
   <div class='ocr_carea' id='block_1_9' title="bbox 169 747 1754 822">
    <p class='ocr_par' dir='ltr' id='par_1_9' title="bbox 169 747 1754 822">
     <span class='ocr_line' id='line_1_9' title="bbox 169 747 1754 822; baseline -0.005 -15"><span class='ocrx_word' id='word_1_46' title='bbox 169 752 313 806; x_wconf 73' lang='grc' dir='ltr'>ἐστιν</span> <span class='ocrx_word' id='word_1_47' title='bbox 340 753 530 815; x_wconf 76' lang='grc' dir='ltr'>αὐτοῖς</span> <span class='ocrx_word' id='word_1_48' title='bbox 561 753 596 822; x_wconf 78' lang='grc' dir='ltr'><strong>ἡ</strong></span> <span class='ocrx_word' id='word_1_49' title='bbox 631 750 816 805; x_wconf 78' lang='grc' dir='ltr'>ἀδικία</span> <span class='ocrx_word' id='word_1_50' title='bbox 843 750 1104 821; x_wconf 78' lang='grc' dir='ltr'>βδελυκτή</span> <span class='ocrx_word' id='word_1_51' title='bbox 1127 767 1140 779; x_wconf 94' lang='grc'><strong>·</strong></span> <span class='ocrx_word' id='word_1_52' title='bbox 1173 749 1355 821; x_wconf 81' lang='grc' dir='ltr'>χαίρει</span> <span class='ocrx_word' id='word_1_53' title='bbox 1389 748 1446 801; x_wconf 80' lang='grc' dir='ltr'><strong>δὲ</strong></span> <span class='ocrx_word' id='word_1_54' title='bbox 1474 750 1503 801; x_wconf 98' lang='lat'><strong>6</strong></span> <span class='ocrx_word' id='word_1_55' title='bbox 1531 747 1662 810; x_wconf 79' lang='grc' dir='ltr'>Θεὸς</span> <span class='ocrx_word' id='word_1_56' title='bbox 1688 748 1754 818; x_wconf 80' lang='grc' dir='ltr'>τῇ</span> 
     </span>
    </p>
   </div>
   <div class='ocr_carea' id='block_1_10' title="bbox 166 840 1754 920">
    <p class='ocr_par' dir='ltr' id='par_1_10' title="bbox 166 840 1754 920">
     <span class='ocr_line' id='line_1_10' title="bbox 166 840 1754 920; baseline -0.006 -18"><span class='ocrx_word' id='word_1_57' title='bbox 166 847 489 920; x_wconf 80' lang='grc' dir='ltr'>δικαιοσύνῃ</span> <span class='ocrx_word' id='word_1_58' title='bbox 535 843 739 908; x_wconf 87' lang='grc' dir='ltr'>δίκαιος</span> <span class='ocrx_word' id='word_1_59' title='bbox 790 844 899 909; x_wconf 86' lang='grc' dir='ltr'><strong>ῶν,</strong></span> <span class='ocrx_word' id='word_1_60' title='bbox 963 844 1204 915; x_wconf 81' lang='grc' dir='ltr'>στυγητὴ</span> <span class='ocrx_word' id='word_1_61' title='bbox 1257 840 1405 912; x_wconf 84' lang='grc' dir='ltr'>αύτῷ</span> <span class='ocrx_word' id='word_1_62' title='bbox 1458 842 1495 911; x_wconf 83' lang='grc' dir='ltr'><strong>ὴ</strong></span> <span class='ocrx_word' id='word_1_63' title='bbox 1551 840 1754 905; x_wconf 80' lang='grc' dir='ltr'>ἀδικία,</span> 
     </span>
    </p>
   </div>
   <div class='ocr_carea' id='block_1_11' title="bbox 167 933 1757 1009">
    <p class='ocr_par' dir='ltr' id='par_1_11' title="bbox 167 933 1757 1009">
     <span class='ocr_line' id='line_1_11' title="bbox 167 933 1757 1009; baseline -0.006 -15"><span class='ocrx_word' id='word_1_64' title='bbox 167 940 412 994; x_wconf 77' lang='grc' dir='ltr'>ἐναντίον</span> <span class='ocrx_word' id='word_1_65' title='bbox 451 934 589 993; x_wconf 76' lang='grc' dir='ltr'>οὖσα</span> <span class='ocrx_word' id='word_1_66' title='bbox 628 939 721 991; x_wconf 73' lang='grc' dir='ltr'><strong>καὶ</strong></span> <span class='ocrx_word' id='word_1_67' title='bbox 767 935 958 1009; x_wconf 77' lang='grc' dir='ltr'>ἐχθρὸν</span> <span class='ocrx_word' id='word_1_68' title='bbox 1002 938 1069 1008; x_wconf 80' lang='grc' dir='ltr'>τῇ</span> <span class='ocrx_word' id='word_1_69' title='bbox 1112 934 1425 1005; x_wconf 76' lang='grc' dir='ltr'>δικαιοσύνῃ</span> <span class='ocrx_word' id='word_1_70' title='bbox 1447 950 1461 963; x_wconf 84' lang='grc'><strong>·</strong></span> <span class='ocrx_word' id='word_1_71' title='bbox 1503 934 1603 987; x_wconf 84' lang='grc' dir='ltr'><strong>οὐκ</strong></span> <span class='ocrx_word' id='word_1_72' title='bbox 1647 933 1757 1005; x_wconf 83' lang='grc' dir='ltr'>ἄρα</span> 
     </span>
    </p>
   </div>
   <div class='ocr_carea' id='block_1_12' title="bbox 165 1029 819 1095">
    <p class='ocr_par' dir='ltr' id='par_1_12' title="bbox 165 1029 819 1095">
     <span class='ocr_line' id='line_1_12' title="bbox 165 1029 819 1095; baseline -0.009 -8"><span class='ocrx_word' id='word_1_73' title='bbox 165 1030 382 1095; x_wconf 78' lang='grc' dir='ltr'>ἀδικίας</span> <span class='ocrx_word' id='word_1_74' title='bbox 412 1030 584 1094; x_wconf 78' lang='grc' dir='ltr'>αἴτιος</span> <span class='ocrx_word' id='word_1_75' title='bbox 612 1031 640 1084; x_wconf 80' lang='grc' dir='ltr'><strong><em>ὁ</em></strong></span> <span class='ocrx_word' id='word_1_76' title='bbox 667 1029 819 1094; x_wconf 86' lang='grc' dir='ltr'>Θεός.</span> 
     </span>
    </p>
   </div>
   <div class='ocr_carea' id='block_1_13' title="bbox 232 1290 1755 1362">
    <p class='ocr_par' dir='ltr' id='par_1_13' title="bbox 232 1290 1755 1362">
     <span class='ocr_line' id='line_1_13' title="bbox 232 1290 1755 1362; baseline -0.002 -14"><span class='ocrx_word' id='word_1_77' title='bbox 232 1297 301 1349; x_wconf 81' lang='grc' dir='ltr'><strong>Εἰ</strong></span> <span class='ocrx_word' id='word_1_78' title='bbox 330 1295 395 1348; x_wconf 84' lang='grc' dir='ltr'><strong>τὸ</strong></span> <span class='ocrx_word' id='word_1_79' title='bbox 429 1293 676 1362; x_wconf 76' lang='grc' dir='ltr'>ὠφελοῦν</span> <span class='ocrx_word' id='word_1_80' title='bbox 707 1293 922 1356; x_wconf 80' lang='grc' dir='ltr'>πάντως</span> <span class='ocrx_word' id='word_1_81' title='bbox 955 1292 1103 1346; x_wconf 77' lang='grc' dir='ltr'>ἐστὶν</span> <span class='ocrx_word' id='word_1_82' title='bbox 1130 1290 1362 1359; x_wconf 82' lang='grc' dir='ltr'>ἀγαθόν·</span> <span class='ocrx_word' id='word_1_83' title='bbox 1395 1291 1670 1361; x_wconf 70' lang='grc' dir='ltr'>ὠφέλιμον</span> <span class='ocrx_word' id='word_1_84' title='bbox 1699 1291 1755 1345; x_wconf 88' lang='grc' dir='ltr'>δὲ</span> 
     </span>
    </p>
   </div>
   <div class='ocr_carea' id='block_1_14' title="bbox 165 1382 1755 1458">
    <p class='ocr_par' dir='ltr' id='par_1_14' title="bbox 165 1382 1755 1458">
     <span class='ocr_line' id='line_1_14' title="bbox 165 1382 1755 1458; baseline -0.003 -17"><span class='ocrx_word' id='word_1_85' title='bbox 165 1385 499 1458; x_wconf 74' lang='grc' dir='ltr'>σωφροσύνη</span> <span class='ocrx_word' id='word_1_86' title='bbox 543 1385 637 1438; x_wconf 77' lang='grc' dir='ltr'><strong>καὶ</strong></span> <span class='ocrx_word' id='word_1_87' title='bbox 683 1383 837 1452; x_wconf 79' lang='grc' dir='ltr'>οἴκῳ,</span> <span class='ocrx_word' id='word_1_88' title='bbox 888 1384 982 1438; x_wconf 75' lang='grc' dir='ltr'><strong>καὶ</strong></span> <span class='ocrx_word' id='word_1_89' title='bbox 1029 1383 1127 1454; x_wconf 85' lang='grc' dir='ltr'><strong>βίῳ</strong></span> <span class='ocrx_word' id='word_1_90' title='bbox 1169 1384 1263 1437; x_wconf 77' lang='grc' dir='ltr'>καὶ</span> <span class='ocrx_word' id='word_1_91' title='bbox 1303 1382 1512 1452; x_wconf 83' lang='grc' dir='ltr'>φίλοις·</span> <span class='ocrx_word' id='word_1_92' title='bbox 1553 1382 1755 1451; x_wconf 82' lang='grc' dir='ltr'>ἀγαθὸν</span> 
     </span>
    </p>
   </div>
   <div class='ocr_carea' id='block_1_15' title="bbox 165 1474 1755 1552">
    <p class='ocr_par' dir='ltr' id='par_1_15' title="bbox 165 1474 1755 1552">
     <span class='ocr_line' id='line_1_15' title="bbox 165 1474 1755 1552; baseline -0.004 -18"><span class='ocrx_word' id='word_1_93' title='bbox 165 1479 278 1552; x_wconf 70' lang='grc' dir='ltr'>ἄρα.</span> <span class='ocrx_word' id='word_1_94' title='bbox 301 1481 451 1533; x_wconf 70' lang='grc' dir='ltr'>ἐστὶν</span> <span class='ocrx_word' id='word_1_95' title='bbox 478 1482 512 1549; x_wconf 88' lang='grc' dir='ltr'><strong>ή</strong></span> <span class='ocrx_word' id='word_1_96' title='bbox 553 1477 897 1550; x_wconf 72' lang='grc' dir='ltr'>σωφροσύνη.</span> <span class='ocrx_word' id='word_1_97' title='bbox 940 1479 1051 1530; x_wconf 70' lang='grc' dir='ltr'>Καὶ</span> <span class='ocrx_word' id='word_1_98' title='bbox 1091 1479 1140 1530; x_wconf 82' lang='grc' dir='ltr'>εἰ</span> <span class='ocrx_word' id='word_1_99' title='bbox 1173 1479 1204 1548; x_wconf 81' lang='grc' dir='ltr'>ἡ</span> <span class='ocrx_word' id='word_1_100' title='bbox 1240 1474 1562 1549; x_wconf 70' lang='grc' dir='ltr'>σωφροσύνη</span> <span class='ocrx_word' id='word_1_101' title='bbox 1596 1475 1755 1544; x_wconf 83' lang='grc' dir='ltr'>φύσει</span> 
     </span>
    </p>
   </div>
   <div class='ocr_carea' id='block_1_16' title="bbox 160 1568 1757 1641">
    <p class='ocr_par' dir='ltr' id='par_1_16' title="bbox 160 1568 1757 1641">
     <span class='ocr_line' id='line_1_16' title="bbox 160 1568 1757 1641; baseline -0.004 -15"><span class='ocrx_word' id='word_1_102' title='bbox 160 1571 394 1641; x_wconf 77' lang='grc' dir='ltr'>ἀγαθὸν,</span> <span class='ocrx_word' id='word_1_103' title='bbox 419 1569 683 1624; x_wconf 87' lang='grc' dir='ltr'>ἀκολασία</span> <span class='ocrx_word' id='word_1_104' title='bbox 708 1569 763 1622; x_wconf 78' lang='grc' dir='ltr'>δὲ</span> <span class='ocrx_word' id='word_1_105' title='bbox 789 1570 1029 1623; x_wconf 79' lang='grc' dir='ltr'>ἐναντίον</span> <span class='ocrx_word' id='word_1_106' title='bbox 1064 1569 1407 1641; x_wconf 72' lang='grc' dir='ltr'>σωφροσύνῃ·</span> <span class='ocrx_word' id='word_1_107' title='bbox 1434 1568 1495 1622; x_wconf 82' lang='grc' dir='ltr'><strong>τὸ</strong></span> <span class='ocrx_word' id='word_1_108' title='bbox 1523 1569 1581 1622; x_wconf 86' lang='grc' dir='ltr'><strong>δὲ</strong></span> <span class='ocrx_word' id='word_1_109' title='bbox 1607 1571 1757 1622; x_wconf 76' lang='grc' dir='ltr'>ἐναν-</span> 
     </span>
    </p>
   </div>
   <div class='ocr_carea' id='block_1_17' title="bbox 157 1662 1755 1735">
    <p class='ocr_par' dir='ltr' id='par_1_17' title="bbox 157 1662 1755 1735">
     <span class='ocr_line' id='line_1_17' title="bbox 157 1662 1755 1735; baseline -0.002 -18"><span class='ocrx_word' id='word_1_110' title='bbox 157 1664 278 1719; x_wconf 81' lang='grc' dir='ltr'>τίον</span> <span class='ocrx_word' id='word_1_111' title='bbox 318 1663 400 1735; x_wconf 81' lang='grc' dir='ltr'>τῷ</span> <span class='ocrx_word' id='word_1_112' title='bbox 433 1662 622 1733; x_wconf 81' lang='grc' dir='ltr'>ἀγαθῷ</span> <span class='ocrx_word' id='word_1_113' title='bbox 663 1663 858 1716; x_wconf 91' lang='grc' dir='ltr'>κακόν·</span> <span class='ocrx_word' id='word_1_114' title='bbox 906 1663 1075 1716; x_wconf 77' lang='grc' dir='ltr'>κακὸν</span> <span class='ocrx_word' id='word_1_115' title='bbox 1118 1662 1224 1735; x_wconf 83' lang='grc' dir='ltr'>ἄρα</span> <span class='ocrx_word' id='word_1_116' title='bbox 1258 1664 1290 1734; x_wconf 84' lang='grc' dir='ltr'>ἡ</span> <span class='ocrx_word' id='word_1_117' title='bbox 1326 1662 1609 1716; x_wconf 88' lang='grc' dir='ltr'>ἀκολασία.</span> <span class='ocrx_word' id='word_1_118' title='bbox 1645 1662 1755 1715; x_wconf 77' lang='grc' dir='ltr'><strong>Καὶ</strong></span> 
     </span>
    </p>
   </div>
   <div class='ocr_carea' id='block_1_18' title="bbox 1862 460 3436 535">
    <p class='ocr_par' dir='ltr' id='par_1_18' title="bbox 1862 460 3436 535">
     <span class='ocr_line' id='line_1_18' title="bbox 1862 460 3436 535; baseline 0.007 -18"><span class='ocrx_word' id='word_1_119' title='bbox 1862 478 1956 517; x_wconf 93' lang='lat' dir='ltr'><strong>sus</strong></span> <span class='ocrx_word' id='word_1_120' title='bbox 1971 472 2076 526; x_wconf 87' lang='lat' dir='ltr'><strong>est,</strong></span> <span class='ocrx_word' id='word_1_121' title='bbox 2098 460 2357 517; x_wconf 75' lang='lat' dir='ltr'><strong>fatebitur</strong></span> <span class='ocrx_word' id='word_1_122' title='bbox 2375 464 2558 519; x_wconf 82' lang='lat' dir='ltr'><strong>statim</strong></span> <span class='ocrx_word' id='word_1_123' title='bbox 2577 462 2789 518; x_wconf 80' lang='lat' dir='ltr'><strong>Numen</strong></span> <span class='ocrx_word' id='word_1_124' title='bbox 2802 465 3042 522; x_wconf 87' lang='lat' dir='ltr'><strong>divinum</strong></span> <span class='ocrx_word' id='word_1_125' title='bbox 3068 469 3268 524; x_wconf 87' lang='lat' dir='ltr'><strong>bonum</strong></span> <span class='ocrx_word' id='word_1_126' title='bbox 3292 488 3436 535; x_wconf 86' lang='lat' dir='ltr'><strong>esse,</strong></span> 
     </span>
    </p>
   </div>
   <div class='ocr_carea' id='block_1_19' title="bbox 1855 554 3440 625">
    <p class='ocr_par' dir='ltr' id='par_1_19' title="bbox 1855 554 3440 625">
     <span class='ocr_line' id='line_1_19' title="bbox 1855 554 3440 625; baseline 0.008 -17"><span class='ocrx_word' id='word_1_127' title='bbox 1855 555 2065 625; x_wconf 89' lang='lat' dir='ltr'><strong>justum</strong></span> <span class='ocrx_word' id='word_1_128' title='bbox 2085 594 2099 617; x_wconf 87' lang='lat'><strong>,</strong></span> <span class='ocrx_word' id='word_1_129' title='bbox 2138 554 2358 624; x_wconf 84' lang='lat' dir='ltr'><strong>sapiens</strong></span> <span class='ocrx_word' id='word_1_130' title='bbox 2380 595 2395 619; x_wconf 95' lang='lat'><strong>,</strong></span> <span class='ocrx_word' id='word_1_131' title='bbox 2424 570 2589 610; x_wconf 79' lang='lat' dir='ltr'><strong>verax</strong></span> <span class='ocrx_word' id='word_1_132' title='bbox 2612 596 2627 620; x_wconf 98' lang='lat'><strong>,</strong></span> <span class='ocrx_word' id='word_1_133' title='bbox 2657 572 2843 611; x_wconf 88' lang='lat' dir='ltr'><strong>rerum</strong></span> <span class='ocrx_word' id='word_1_134' title='bbox 2881 559 3207 616; x_wconf 71' lang='lat' dir='ltr'><strong>utilitatibus</strong></span> <span class='ocrx_word' id='word_1_135' title='bbox 3237 578 3440 619; x_wconf 77' lang='lat' dir='ltr'><strong>consu-</strong></span> 
     </span>
    </p>
   </div>
   <div class='ocr_carea' id='block_1_20' title="bbox 1859 645 3440 718">
    <p class='ocr_par' dir='ltr' id='par_1_20' title="bbox 1859 645 3440 718">
     <span class='ocr_line' id='line_1_20' title="bbox 1859 645 3440 718; baseline 0.008 -20"><span class='ocrx_word' id='word_1_136' title='bbox 1859 646 1999 709; x_wconf 86' lang='lat' dir='ltr'><strong>lens,</strong></span> <span class='ocrx_word' id='word_1_137' title='bbox 2034 645 2460 717; x_wconf 81' lang='lat' dir='ltr'><strong>haudquaquam</strong></span> <span class='ocrx_word' id='word_1_138' title='bbox 2492 649 2761 703; x_wconf 86' lang='lat' dir='ltr'><strong>malorum</strong></span> <span class='ocrx_word' id='word_1_139' title='bbox 2795 657 3074 706; x_wconf 87' lang='lat' dir='ltr'><strong>auctorem</strong></span> <span class='ocrx_word' id='word_1_140' title='bbox 3095 694 3111 718; x_wconf 88' lang='lat'><strong>,</strong></span> <span class='ocrx_word' id='word_1_141' title='bbox 3140 655 3308 710; x_wconf 90' lang='lat' dir='ltr'><strong>nullis</strong></span> <span class='ocrx_word' id='word_1_142' title='bbox 3337 656 3440 710; x_wconf 67' lang='lat' dir='ltr'><strong>im«</strong></span> 
     </span>
    </p>
   </div>
   <div class='ocr_carea' id='block_1_21' title="bbox 1858 737 3441 814">
    <p class='ocr_par' dir='ltr' id='par_1_21' title="bbox 1858 737 3441 814">
     <span class='ocr_line' id='line_1_21' title="bbox 1858 737 3441 814; baseline 0.008 -25"><span class='ocrx_word' id='word_1_143' title='bbox 1858 737 2118 806; x_wconf 87' lang='lat' dir='ltr'><strong>plicatum</strong></span> <span class='ocrx_word' id='word_1_144' title='bbox 2150 738 2366 793; x_wconf 84' lang='lat' dir='ltr'><strong>vitiosis</strong></span> <span class='ocrx_word' id='word_1_145' title='bbox 2398 739 2715 804; x_wconf 81' lang='lat' dir='ltr'><strong>affectibus,</strong></span> <span class='ocrx_word' id='word_1_146' title='bbox 2752 756 2817 795; x_wconf 91' lang='lat' dir='ltr'><strong>ac</strong></span> <span class='ocrx_word' id='word_1_147' title='bbox 2847 742 2891 797; x_wconf 93' lang='lat' dir='ltr'><strong>si</strong></span> <span class='ocrx_word' id='word_1_148' title='bbox 2917 744 3047 813; x_wconf 89' lang='lat' dir='ltr'><strong>quid</strong></span> <span class='ocrx_word' id='word_1_149' title='bbox 3076 745 3195 812; x_wconf 86' lang='lat' dir='ltr'><strong>ejus</strong></span> <span class='ocrx_word' id='word_1_150' title='bbox 3224 748 3441 814; x_wconf 82' lang='lat' dir='ltr'><strong>generis</strong></span> 
     </span>
    </p>
   </div>
   <div class='ocr_carea' id='block_1_22' title="bbox 1858 828 3442 909">
    <p class='ocr_par' dir='ltr' id='par_1_22' title="bbox 1858 828 3442 909">
     <span class='ocr_line' id='line_1_22' title="bbox 1858 828 3442 909; baseline 0.007 -24"><span class='ocrx_word' id='word_1_151' title='bbox 1858 839 1962 885; x_wconf 92' lang='lat' dir='ltr'><strong>est.</strong></span> <span class='ocrx_word' id='word_1_152' title='bbox 1991 828 2109 883; x_wconf 80' lang='lat' dir='ltr'><strong>Jam</strong></span> <span class='ocrx_word' id='word_1_153' title='bbox 2139 831 2185 885; x_wconf 89' lang='lat' dir='ltr'><strong>si</strong></span> <span class='ocrx_word' id='word_1_154' title='bbox 2207 831 2407 899; x_wconf 89' lang='lat' dir='ltr'><strong>etjusti</strong></span> <span class='ocrx_word' id='word_1_155' title='bbox 2426 833 2680 889; x_wconf 82' lang='lat' dir='ltr'><strong>meliores</strong></span> <span class='ocrx_word' id='word_1_156' title='bbox 2702 835 2924 904; x_wconf 89' lang='lat' dir='ltr'><strong>injustis</strong></span> <span class='ocrx_word' id='word_1_157' title='bbox 2957 845 3105 903; x_wconf 86' lang='lat' dir='ltr'><strong>sunt,</strong></span> <span class='ocrx_word' id='word_1_158' title='bbox 3131 839 3322 909; x_wconf 88' lang='lat' dir='ltr'><strong>eisque</strong></span> <span class='ocrx_word' id='word_1_159' title='bbox 3343 856 3442 896; x_wconf 82' lang='lat' dir='ltr'><strong>ex-</strong></span> 
     </span>
    </p>
   </div>
   <div class='ocr_carea' id='block_1_23' title="bbox 1859 921 3440 1002">
    <p class='ocr_par' dir='ltr' id='par_1_23' title="bbox 1859 921 3440 1002">
     <span class='ocr_line' id='line_1_23' title="bbox 1859 921 3440 1002; baseline 0.007 -26"><span class='ocrx_word' id='word_1_160' title='bbox 1859 921 2155 976; x_wconf 88' lang='lat' dir='ltr'><strong>secrationi</strong></span> <span class='ocrx_word' id='word_1_161' title='bbox 2189 922 2458 992; x_wconf 76' lang='lat' dir='ltr'><strong>iujustitia</strong></span> <span class='ocrx_word' id='word_1_162' title='bbox 2511 923 2773 993; x_wconf 83' lang='lat' dir='ltr'><strong>habetur;</strong></span> <span class='ocrx_word' id='word_1_163' title='bbox 2809 926 3079 998; x_wconf 85' lang='lat' dir='ltr'><strong>Deusque,</strong></span> <span class='ocrx_word' id='word_1_164' title='bbox 3113 930 3313 1000; x_wconf 88' lang='lat' dir='ltr'><strong>quippe</strong></span> <span class='ocrx_word' id='word_1_165' title='bbox 3344 933 3440 1002; x_wconf 87' lang='lat' dir='ltr'><strong>qui</strong></span> 
     </span>
    </p>
   </div>
   <div class='ocr_carea' id='block_1_24' title="bbox 1852 1013 3438 1089">
    <p class='ocr_par' dir='ltr' id='par_1_24' title="bbox 1852 1013 3438 1089">
     <span class='ocr_line' id='line_1_24' title="bbox 1852 1013 3438 1089; baseline 0.011 -23"><span class='ocrx_word' id='word_1_166' title='bbox 1852 1013 2037 1082; x_wconf 91' lang='lat' dir='ltr'><strong>justus</strong></span> <span class='ocrx_word' id='word_1_167' title='bbox 2060 1013 2154 1079; x_wconf 88' lang='lat' dir='ltr'><strong>sit,</strong></span> <span class='ocrx_word' id='word_1_168' title='bbox 2173 1016 2370 1085; x_wconf 80' lang='lat' dir='ltr'><strong>gaudet</strong></span> <span class='ocrx_word' id='word_1_169' title='bbox 2396 1017 2641 1087; x_wconf 87' lang='lat' dir='ltr'><strong>justitia;</strong></span> <span class='ocrx_word' id='word_1_170' title='bbox 2673 1021 2833 1089; x_wconf 87' lang='lat' dir='ltr'><strong>plane</strong></span> <span class='ocrx_word' id='word_1_171' title='bbox 2860 1021 3186 1088; x_wconf 89' lang='lat' dir='ltr'><strong>injustitiam</strong></span> <span class='ocrx_word' id='word_1_172' title='bbox 3218 1041 3438 1082; x_wconf 80' lang='lat' dir='ltr'><strong>exesam</strong></span> 
     </span>
    </p>
   </div>
   <div class='ocr_carea' id='block_1_25' title="bbox 1858 1103 3438 1181">
    <p class='ocr_par' dir='ltr' id='par_1_25' title="bbox 1858 1103 3438 1181">
     <span class='ocr_line' id='line_1_25' title="bbox 1858 1103 3438 1181; baseline 0.008 -25"><span class='ocrx_word' id='word_1_173' title='bbox 1858 1103 2045 1168; x_wconf 84' lang='lat' dir='ltr'><strong>habet,</strong></span> <span class='ocrx_word' id='word_1_174' title='bbox 2071 1120 2192 1174; x_wconf 85' lang='lat' dir='ltr'><strong>quae</strong></span> <span class='ocrx_word' id='word_1_175' title='bbox 2220 1104 2448 1174; x_wconf 76' lang='lat' dir='ltr'><strong>justitia:</strong></span> <span class='ocrx_word' id='word_1_176' title='bbox 2478 1108 2820 1172; x_wconf 71' lang='lat' dir='ltr'><strong>adversetur,</strong></span> <span class='ocrx_word' id='word_1_177' title='bbox 2851 1111 3031 1181; x_wconf 84' lang='lat' dir='ltr'><strong>sitque</strong></span> <span class='ocrx_word' id='word_1_178' title='bbox 3062 1111 3140 1166; x_wconf 86' lang='lat' dir='ltr'><strong>illi</strong></span> <span class='ocrx_word' id='word_1_179' title='bbox 3175 1112 3396 1170; x_wconf 86' lang='lat' dir='ltr'><strong>inimica</strong></span> <span class='ocrx_word' id='word_1_180' title='bbox 3423 1131 3438 1168; x_wconf 88' lang='lat'><strong>:</strong></span> 
     </span>
    </p>
   </div>
   <div class='ocr_carea' id='block_1_26' title="bbox 1858 1196 3061 1271">
    <p class='ocr_par' dir='ltr' id='par_1_26' title="bbox 1858 1196 3061 1271">
     <span class='ocr_line' id='line_1_26' title="bbox 1858 1196 3061 1271; baseline 0.009 -21"><span class='ocrx_word' id='word_1_181' title='bbox 1858 1210 1969 1250; x_wconf 91' lang='lat' dir='ltr'><strong>non</strong></span> <span class='ocrx_word' id='word_1_182' title='bbox 2000 1205 2085 1251; x_wconf 89' lang='lat' dir='ltr'><strong>est</strong></span> <span class='ocrx_word' id='word_1_183' title='bbox 2120 1197 2285 1267; x_wconf 83' lang='lat' dir='ltr'><strong>igitur</strong></span> <span class='ocrx_word' id='word_1_184' title='bbox 2311 1196 2455 1255; x_wconf 91' lang='lat' dir='ltr'><strong>Deus</strong></span> <span class='ocrx_word' id='word_1_185' title='bbox 2482 1210 2676 1255; x_wconf 84' lang='lat' dir='ltr'><strong>auctor</strong></span> <span class='ocrx_word' id='word_1_186' title='bbox 2710 1203 3012 1271; x_wconf 65' lang='lat' dir='ltr'><strong>injustitize.</strong></span> <span class='ocrx_word' id='word_1_187' title='bbox 3056 1240 3061 1245; x_wconf 61' lang='grc' dir='ltr'><strong><em>ο</em></strong></span> 
     </span>
    </p>
   </div>
   <div class='ocr_carea' id='block_1_27' title="bbox 1933 1286 3438 1367">
    <p class='ocr_par' dir='ltr' id='par_1_27' title="bbox 1933 1286 3438 1367">
     <span class='ocr_line' id='line_1_27' title="bbox 1933 1286 3438 1367; baseline 0.013 -26"><span class='ocrx_word' id='word_1_188' title='bbox 1933 1286 1991 1342; x_wconf 92' lang='lat' dir='ltr'><strong>Si</strong></span> <span class='ocrx_word' id='word_1_189' title='bbox 2042 1288 2191 1358; x_wconf 91' lang='lat' dir='ltr'><strong>quod</strong></span> <span class='ocrx_word' id='word_1_190' title='bbox 2240 1290 2530 1346; x_wconf 80' lang='lat' dir='ltr'><strong>utilitatem</strong></span> <span class='ocrx_word' id='word_1_191' title='bbox 2568 1301 2816 1363; x_wconf 74' lang='lat' dir='ltr'><strong>prazstat,</strong></span> <span class='ocrx_word' id='word_1_192' title='bbox 2848 1298 3036 1367; x_wconf 87' lang='lat' dir='ltr'><strong>utique</strong></span> <span class='ocrx_word' id='word_1_193' title='bbox 3080 1300 3281 1356; x_wconf 82' lang='lat' dir='ltr'><strong>bonum</strong></span> <span class='ocrx_word' id='word_1_194' title='bbox 3312 1311 3438 1361; x_wconf 89' lang='lat' dir='ltr'><strong>est:</strong></span> 
     </span>
    </p>
   </div>
   <div class='ocr_carea' id='block_1_28' title="bbox 1856 1386 3435 1464">
    <p class='ocr_par' dir='ltr' id='par_1_28' title="bbox 1856 1386 3435 1464">
     <span class='ocr_line' id='line_1_28' title="bbox 1856 1386 3435 1464; baseline 0.011 -29"><span class='ocrx_word' id='word_1_195' title='bbox 1856 1390 2077 1452; x_wconf 69' lang='lat' dir='ltr'><strong>prmstat</strong></span> <span class='ocrx_word' id='word_1_196' title='bbox 2094 1392 2272 1464; x_wconf 84' lang='lat' dir='ltr'><strong>autem</strong></span> <span class='ocrx_word' id='word_1_197' title='bbox 2296 1386 2527 1440; x_wconf 88' lang='lat' dir='ltr'><strong>castitas</strong></span> <span class='ocrx_word' id='word_1_198' title='bbox 2549 1395 2603 1441; x_wconf 90' lang='lat' dir='ltr'><strong>et</strong></span> <span class='ocrx_word' id='word_1_199' title='bbox 2624 1387 2811 1443; x_wconf 91' lang='lat' dir='ltr'><strong>domui</strong></span> <span class='ocrx_word' id='word_1_200' title='bbox 2835 1398 2889 1445; x_wconf 89' lang='lat' dir='ltr'><strong>et</strong></span> <span class='ocrx_word' id='word_1_201' title='bbox 2912 1394 3117 1448; x_wconf 91' lang='lat' dir='ltr'><strong>mundo</strong></span> <span class='ocrx_word' id='word_1_202' title='bbox 3134 1402 3187 1448; x_wconf 89' lang='lat' dir='ltr'><strong>et</strong></span> <span class='ocrx_word' id='word_1_203' title='bbox 3208 1396 3435 1453; x_wconf 88' lang='lat' dir='ltr'><strong>amicis:</strong></span> 
     </span>
    </p>
   </div>
   <div class='ocr_carea' id='block_1_29' title="bbox 1858 1473 3444 1547">
    <p class='ocr_par' dir='ltr' id='par_1_29' title="bbox 1858 1473 3444 1547">
     <span class='ocr_line' id='line_1_29' title="bbox 1858 1473 3444 1547; baseline 0.011 -19"><span class='ocrx_word' id='word_1_204' title='bbox 1858 1473 2004 1528; x_wconf 91' lang='lat' dir='ltr'><strong>bona</strong></span> <span class='ocrx_word' id='word_1_205' title='bbox 2052 1475 2242 1546; x_wconf 91' lang='lat' dir='ltr'><strong>utique</strong></span> <span class='ocrx_word' id='word_1_206' title='bbox 2288 1485 2373 1532; x_wconf 89' lang='lat' dir='ltr'><strong>est</strong></span> <span class='ocrx_word' id='word_1_207' title='bbox 2409 1480 2658 1535; x_wconf 90' lang='lat' dir='ltr'><strong>castitas.</strong></span> <span class='ocrx_word' id='word_1_208' title='bbox 2709 1481 2864 1547; x_wconf 85' lang='lat' dir='ltr'><strong>Quod</strong></span> <span class='ocrx_word' id='word_1_209' title='bbox 2888 1482 2935 1537; x_wconf 91' lang='lat' dir='ltr'><strong>si</strong></span> <span class='ocrx_word' id='word_1_210' title='bbox 2963 1492 3158 1540; x_wconf 90' lang='lat' dir='ltr'><strong>natura</strong></span> <span class='ocrx_word' id='word_1_211' title='bbox 3187 1487 3327 1542; x_wconf 90' lang='lat' dir='ltr'><strong>bona</strong></span> <span class='ocrx_word' id='word_1_212' title='bbox 3356 1494 3444 1545; x_wconf 89' lang='lat' dir='ltr'><strong>est</strong></span> 
     </span>
    </p>
   </div>
   <div class='ocr_carea' id='block_1_30' title="bbox 1856 1565 3441 1641">
    <p class='ocr_par' dir='ltr' id='par_1_30' title="bbox 1856 1565 3441 1641">
     <span class='ocr_line' id='line_1_30' title="bbox 1856 1565 3441 1641; baseline 0.01 -23"><span class='ocrx_word' id='word_1_213' title='bbox 1856 1565 2102 1630; x_wconf 81' lang='lat' dir='ltr'><strong>castitas,</strong></span> <span class='ocrx_word' id='word_1_214' title='bbox 2122 1567 2363 1622; x_wconf 85' lang='lat' dir='ltr'><strong>castitati</strong></span> <span class='ocrx_word' id='word_1_215' title='bbox 2385 1584 2515 1624; x_wconf 87' lang='lat' dir='ltr'><strong>vero</strong></span> <span class='ocrx_word' id='word_1_216' title='bbox 2531 1570 2745 1625; x_wconf 79' lang='lat' dir='ltr'><strong>luxuria</strong></span> <span class='ocrx_word' id='word_1_217' title='bbox 2760 1575 3035 1629; x_wconf 84' lang='lat' dir='ltr'><strong>contraria</strong></span> <span class='ocrx_word' id='word_1_218' title='bbox 3057 1584 3159 1641; x_wconf 91' lang='lat' dir='ltr'><strong>est,</strong></span> <span class='ocrx_word' id='word_1_219' title='bbox 3180 1578 3232 1633; x_wconf 92' lang='lat' dir='ltr'><strong>id</strong></span> <span class='ocrx_word' id='word_1_220' title='bbox 3258 1588 3441 1637; x_wconf 90' lang='lat' dir='ltr'><strong>autem</strong></span> 
     </span>
    </p>
   </div>
   <div class='ocr_carea' id='block_1_31' title="bbox 1858 1658 3445 1740">
    <p class='ocr_par' dir='ltr' id='par_1_31' title="bbox 1858 1658 3445 1740">
     <span class='ocr_line' id='line_1_31' title="bbox 1858 1658 3445 1740; baseline 0.01 -29"><span class='ocrx_word' id='word_1_221' title='bbox 1858 1663 1942 1713; x_wconf 90' lang='lat' dir='ltr'><strong>est</strong></span> <span class='ocrx_word' id='word_1_222' title='bbox 1968 1658 2195 1725; x_wconf 89' lang='lat' dir='ltr'><strong>malum,</strong></span> <span class='ocrx_word' id='word_1_223' title='bbox 2224 1660 2371 1728; x_wconf 93' lang='lat' dir='ltr'><strong>quod</strong></span> <span class='ocrx_word' id='word_1_224' title='bbox 2399 1661 2545 1716; x_wconf 91' lang='lat' dir='ltr'><strong>bono</strong></span> <span class='ocrx_word' id='word_1_225' title='bbox 2575 1665 2910 1719; x_wconf 89' lang='lat' dir='ltr'><strong>contrarium</strong></span> <span class='ocrx_word' id='word_1_226' title='bbox 2932 1675 3036 1733; x_wconf 88' lang='lat' dir='ltr'><strong>est,</strong></span> <span class='ocrx_word' id='word_1_227' title='bbox 3065 1670 3311 1740; x_wconf 89' lang='lat' dir='ltr'><strong>sequitur</strong></span> <span class='ocrx_word' id='word_1_228' title='bbox 3326 1687 3445 1727; x_wconf 82' lang='lat' dir='ltr'><strong>ma-</strong></span> 
     </span>
    </p>
   </div>
   <div class='ocr_carea' id='block_1_32' title="bbox 159 1748 1757 1831">
    <p class='ocr_par' dir='ltr' id='par_1_32' title="bbox 159 1750 1757 1824">
     <span class='ocr_line' id='line_1_32' title="bbox 159 1750 1757 1824; baseline -0.004 -14"><span class='ocrx_word' id='word_1_229' title='bbox 159 1757 211 1810; x_wconf 83' lang='grc' dir='ltr'><strong>εί</strong></span> <span class='ocrx_word' id='word_1_230' title='bbox 249 1757 287 1824; x_wconf 81' lang='grc' dir='ltr'><strong>ή</strong></span> <span class='ocrx_word' id='word_1_231' title='bbox 316 1754 586 1809; x_wconf 82' lang='grc' dir='ltr'>ἀκολασία</span> <span class='ocrx_word' id='word_1_232' title='bbox 628 1753 788 1824; x_wconf 86' lang='grc' dir='ltr'>φύσει</span> <span class='ocrx_word' id='word_1_233' title='bbox 831 1752 1021 1815; x_wconf 85' lang='grc' dir='ltr'>κακὸν,</span> <span class='ocrx_word' id='word_1_234' title='bbox 1051 1752 1192 1806; x_wconf 75' lang='grc' dir='ltr'>κατὰ</span> <span class='ocrx_word' id='word_1_235' title='bbox 1221 1751 1515 1806; x_wconf 86' lang='grc' dir='ltr'>ἀκολασίαν</span> <span class='ocrx_word' id='word_1_236' title='bbox 1547 1750 1604 1805; x_wconf 83' lang='grc' dir='ltr'><strong>δὲ</strong></span> <span class='ocrx_word' id='word_1_237' title='bbox 1642 1769 1757 1822; x_wconf 88' lang='grc' dir='ltr'>μοι-</span> 
     </span>
    </p>
   </div>
   <div class='ocr_carea' id='block_1_33' title="bbox 1864 1748 3443 1831">
    <p class='ocr_par' dir='ltr' id='par_1_33' title="bbox 1864 1748 3443 1831">
     <span class='ocr_line' id='line_1_33' title="bbox 1864 1748 3443 1831; baseline 0.012 -31"><span class='ocrx_word' id='word_1_238' title='bbox 1864 1748 1968 1802; x_wconf 91' lang='lat' dir='ltr'><strong>lam</strong></span> <span class='ocrx_word' id='word_1_239' title='bbox 1989 1765 2113 1806; x_wconf 87' lang='lat' dir='ltr'><strong>esse</strong></span> <span class='ocrx_word' id='word_1_240' title='bbox 2135 1751 2428 1807; x_wconf 81' lang='lat' dir='ltr'><strong>luxuriam.</strong></span> <span class='ocrx_word' id='word_1_241' title='bbox 2449 1752 2603 1819; x_wconf 84' lang='lat' dir='ltr'><strong>Quod</strong></span> <span class='ocrx_word' id='word_1_242' title='bbox 2633 1756 2678 1809; x_wconf 91' lang='lat' dir='ltr'><strong>si</strong></span> <span class='ocrx_word' id='word_1_243' title='bbox 2708 1757 2925 1812; x_wconf 86' lang='lat' dir='ltr'><strong>luxuria</strong></span> <span class='ocrx_word' id='word_1_244' title='bbox 2943 1769 3138 1814; x_wconf 87' lang='lat' dir='ltr'><strong>natura</strong></span> <span class='ocrx_word' id='word_1_245' title='bbox 3161 1763 3303 1817; x_wconf 88' lang='lat' dir='ltr'><strong>mala</strong></span> <span class='ocrx_word' id='word_1_246' title='bbox 3326 1770 3443 1831; x_wconf 91' lang='lat' dir='ltr'><strong>est;</strong></span> 
     </span>
    </p>
   </div>
   <div class='ocr_carea' id='block_1_34' title="bbox 159 1843 1749 1920">
    <p class='ocr_par' dir='ltr' id='par_1_34' title="bbox 159 1843 1749 1920">
     <span class='ocr_line' id='line_1_34' title="bbox 159 1843 1749 1920; baseline -0.003 -19"><span class='ocrx_word' id='word_1_247' title='bbox 159 1851 313 1920; x_wconf 87' lang='grc' dir='ltr'>χεῖαι</span> <span class='ocrx_word' id='word_1_248' title='bbox 378 1849 618 1915; x_wconf 82' lang='grc' dir='ltr'>γίνονται</span> <span class='ocrx_word' id='word_1_249' title='bbox 662 1846 754 1900; x_wconf 77' lang='grc' dir='ltr'><strong>καὶ</strong></span> <span class='ocrx_word' id='word_1_250' title='bbox 808 1845 1007 1899; x_wconf 70' lang='grc' dir='ltr'>κλοπαὶ</span> <span class='ocrx_word' id='word_1_251' title='bbox 1051 1844 1145 1899; x_wconf 76' lang='grc' dir='ltr'><strong>καὶ</strong></span> <span class='ocrx_word' id='word_1_252' title='bbox 1195 1844 1356 1917; x_wconf 73' lang='grc' dir='ltr'>ὀργαὶ</span> <span class='ocrx_word' id='word_1_253' title='bbox 1414 1844 1508 1897; x_wconf 74' lang='grc' dir='ltr'>καὶ</span> <span class='ocrx_word' id='word_1_254' title='bbox 1566 1843 1749 1914; x_wconf 88' lang='grc' dir='ltr'>φόνοι·</span> 
     </span>
    </p>
   </div>
   <div class='ocr_carea' id='block_1_35' title="bbox 160 1933 1754 2010">
    <p class='ocr_par' dir='ltr' id='par_1_35' title="bbox 160 1933 1754 2010">
     <span class='ocr_line' id='line_1_35' title="bbox 160 1933 1754 2010; baseline -0.004 -17"><span class='ocrx_word' id='word_1_255' title='bbox 160 1940 328 2009; x_wconf 80' lang='grc' dir='ltr'>φύσει</span> <span class='ocrx_word' id='word_1_256' title='bbox 359 1939 469 2010; x_wconf 84' lang='grc' dir='ltr'>ἄρα</span> <span class='ocrx_word' id='word_1_257' title='bbox 499 1938 667 1992; x_wconf 86' lang='grc' dir='ltr'>κακόν</span> <span class='ocrx_word' id='word_1_258' title='bbox 694 1940 839 1990; x_wconf 70' lang='grc' dir='ltr'>ἐστιν</span> <span class='ocrx_word' id='word_1_259' title='bbox 864 1940 891 1990; x_wconf 92' lang='lat'><strong>6</strong></span> <span class='ocrx_word' id='word_1_260' title='bbox 926 1936 1224 1999; x_wconf 85' lang='grc' dir='ltr'>ἀκόλαστος</span> <span class='ocrx_word' id='word_1_261' title='bbox 1254 1934 1387 2006; x_wconf 84' lang='grc' dir='ltr'>βίος.</span> <span class='ocrx_word' id='word_1_262' title='bbox 1420 1933 1493 1987; x_wconf 83' lang='grc' dir='ltr'>Τὸ</span> <span class='ocrx_word' id='word_1_263' title='bbox 1522 1934 1577 1987; x_wconf 79' lang='grc' dir='ltr'><strong>δὲ</strong></span> <span class='ocrx_word' id='word_1_264' title='bbox 1599 1934 1754 1988; x_wconf 87' lang='grc' dir='ltr'>Θεῖον</span> 
     </span>
    </p>
   </div>
   <div class='ocr_carea' id='block_1_36' title="bbox 160 2026 1564 2101">
    <p class='ocr_par' dir='ltr' id='par_1_36' title="bbox 160 2026 1564 2101">
     <span class='ocr_line' id='line_1_36' title="bbox 160 2026 1564 2101; baseline -0.003 -17"><span class='ocrx_word' id='word_1_265' title='bbox 160 2030 357 2084; x_wconf 80' lang='grc' dir='ltr'>κακῶν</span> <span class='ocrx_word' id='word_1_266' title='bbox 387 2030 741 2101; x_wconf 84' lang='grc' dir='ltr'>ἀσύμπλοκον</span> <span class='ocrx_word' id='word_1_267' title='bbox 771 2029 1035 2098; x_wconf 79' lang='grc' dir='ltr'>πέφυκεν.</span> <span class='ocrx_word' id='word_1_268' title='bbox 1073 2028 1186 2081; x_wconf 83' lang='grc' dir='ltr'>Ούκ</span> <span class='ocrx_word' id='word_1_269' title='bbox 1211 2026 1319 2099; x_wconf 84' lang='grc' dir='ltr'>ἄρα</span> <span class='ocrx_word' id='word_1_270' title='bbox 1351 2026 1564 2096; x_wconf 82' lang='grc' dir='ltr'>γένεσις</span> 
     </span>
    </p>
   </div>
   <div class='ocr_carea' id='block_1_37' title="bbox 234 2207 1753 2283">
    <p class='ocr_par' dir='ltr' id='par_1_37' title="bbox 234 2207 1753 2283">
     <span class='ocr_line' id='line_1_37' title="bbox 234 2207 1753 2283; baseline -0.001 -19"><span class='ocrx_word' id='word_1_271' title='bbox 234 2211 303 2264; x_wconf 72' lang='lat' dir='ltr'><strong>Ei</strong></span> <span class='ocrx_word' id='word_1_272' title='bbox 336 2212 387 2264; x_wconf 82' lang='grc' dir='ltr'>οἱ</span> <span class='ocrx_word' id='word_1_273' title='bbox 423 2209 702 2283; x_wconf 81' lang='grc' dir='ltr'>σώφρονες</span> <span class='ocrx_word' id='word_1_274' title='bbox 736 2209 977 2281; x_wconf 80' lang='grc' dir='ltr'>βελτίους</span> <span class='ocrx_word' id='word_1_275' title='bbox 1018 2209 1125 2262; x_wconf 76' lang='grc' dir='ltr'>εἰσὶ</span> <span class='ocrx_word' id='word_1_276' title='bbox 1168 2207 1277 2262; x_wconf 87' lang='grc' dir='ltr'><strong>τῶν</strong></span> <span class='ocrx_word' id='word_1_277' title='bbox 1324 2209 1599 2283; x_wconf 88' lang='grc' dir='ltr'>ἀκρατῶν,</span> <span class='ocrx_word' id='word_1_278' title='bbox 1661 2210 1753 2263; x_wconf 72' lang='grc' dir='ltr'><strong>καὶ</strong></span> 
     </span>
    </p>
   </div>
   <div class='ocr_carea' id='block_1_38' title="bbox 160 2300 1754 2374">
    <p class='ocr_par' dir='ltr' id='par_1_38' title="bbox 160 2300 1754 2374">
     <span class='ocr_line' id='line_1_38' title="bbox 160 2300 1754 2374; baseline -0.001 -18"><span class='ocrx_word' id='word_1_279' title='bbox 160 2302 315 2356; x_wconf 75' lang='grc' dir='ltr'>ἔστιν</span> <span class='ocrx_word' id='word_1_280' title='bbox 360 2303 544 2366; x_wconf 77' lang='grc' dir='ltr'>αὐτοῖς</span> <span class='ocrx_word' id='word_1_281' title='bbox 576 2304 610 2374; x_wconf 78' lang='grc' dir='ltr'><strong>ἡ</strong></span> <span class='ocrx_word' id='word_1_282' title='bbox 651 2303 891 2374; x_wconf 82' lang='grc' dir='ltr'>ἀκρασία</span> <span class='ocrx_word' id='word_1_283' title='bbox 921 2301 1181 2372; x_wconf 87' lang='grc' dir='ltr'>βδελυκτή</span> <span class='ocrx_word' id='word_1_284' title='bbox 1202 2318 1216 2331; x_wconf 89' lang='grc'><strong>·</strong></span> <span class='ocrx_word' id='word_1_285' title='bbox 1246 2300 1436 2373; x_wconf 81' lang='grc' dir='ltr'>χαίρει</span> <span class='ocrx_word' id='word_1_286' title='bbox 1464 2302 1521 2355; x_wconf 85' lang='grc' dir='ltr'><strong>δὲ</strong></span> <span class='ocrx_word' id='word_1_287' title='bbox 1562 2303 1589 2354; x_wconf 90' lang='grc' dir='ltr'>ὀ</span> <span class='ocrx_word' id='word_1_288' title='bbox 1622 2302 1754 2366; x_wconf 83' lang='grc' dir='ltr'>Θεὸς</span> 
     </span>
    </p>
   </div>
   <div class='ocr_carea' id='block_1_39' title="bbox 158 2393 1755 2469">
    <p class='ocr_par' dir='ltr' id='par_1_39' title="bbox 158 2393 1755 2469">
     <span class='ocr_line' id='line_1_39' title="bbox 158 2393 1755 2469; baseline -0.001 -20"><span class='ocrx_word' id='word_1_289' title='bbox 158 2401 227 2469; x_wconf 80' lang='grc' dir='ltr'>τῇ</span> <span class='ocrx_word' id='word_1_290' title='bbox 261 2396 612 2468; x_wconf 76' lang='grc' dir='ltr'>σωφροσύνῃ,</span> <span class='ocrx_word' id='word_1_291' title='bbox 643 2394 830 2449; x_wconf 85' lang='grc' dir='ltr'>παθῶν</span> <span class='ocrx_word' id='word_1_292' title='bbox 865 2395 1182 2467; x_wconf 80' lang='grc' dir='ltr'>ἀνεννόητος</span> <span class='ocrx_word' id='word_1_293' title='bbox 1222 2393 1295 2447; x_wconf 84' lang='grc' dir='ltr'><strong>ῶν</strong></span> <span class='ocrx_word' id='word_1_294' title='bbox 1316 2411 1329 2424; x_wconf 96' lang='grc'><strong>·</strong></span> <span class='ocrx_word' id='word_1_295' title='bbox 1376 2393 1618 2465; x_wconf 84' lang='grc' dir='ltr'>στυγητὴ</span> <span class='ocrx_word' id='word_1_296' title='bbox 1646 2393 1755 2467; x_wconf 82' lang='grc' dir='ltr'><strong>ἄρα</strong></span> 
     </span>
    </p>
   </div>
   <div class='ocr_carea' id='block_1_40' title="bbox 160 2484 1755 2561">
    <p class='ocr_par' dir='ltr' id='par_1_40' title="bbox 160 2484 1755 2561">
     <span class='ocr_line' id='line_1_40' title="bbox 160 2484 1755 2561; baseline -0.004 -16"><span class='ocrx_word' id='word_1_297' title='bbox 160 2491 261 2545; x_wconf 71' lang='grc' dir='ltr'><strong>καὶ</strong></span> <span class='ocrx_word' id='word_1_298' title='bbox 284 2489 365 2561; x_wconf 82' lang='grc' dir='ltr'><strong>τῷ</strong></span> <span class='ocrx_word' id='word_1_299' title='bbox 390 2487 511 2560; x_wconf 81' lang='grc' dir='ltr'>Θεῷ</span> <span class='ocrx_word' id='word_1_300' title='bbox 538 2492 572 2560; x_wconf 79' lang='grc' dir='ltr'>ἡ</span> <span class='ocrx_word' id='word_1_301' title='bbox 612 2490 875 2560; x_wconf 80' lang='grc' dir='ltr'>ἀκρασία.</span> <span class='ocrx_word' id='word_1_302' title='bbox 917 2489 1039 2543; x_wconf 85' lang='grc' dir='ltr'>Ὅτι</span> <span class='ocrx_word' id='word_1_303' title='bbox 1066 2489 1124 2543; x_wconf 83' lang='grc' dir='ltr'>δὲ</span> <span class='ocrx_word' id='word_1_304' title='bbox 1156 2490 1189 2561; x_wconf 83' lang='grc' dir='ltr'>ὴ</span> <span class='ocrx_word' id='word_1_305' title='bbox 1227 2486 1371 2543; x_wconf 79' lang='grc' dir='ltr'>κατὰ</span> <span class='ocrx_word' id='word_1_306' title='bbox 1397 2484 1755 2558; x_wconf 78' lang='grc' dir='ltr'>σωφροσύνην</span> 
     </span>
    </p>
   </div>
   <div class='ocr_carea' id='block_1_41' title="bbox 157 2576 1756 2652">
    <p class='ocr_par' dir='ltr' id='par_1_41' title="bbox 157 2576 1756 2652">
     <span class='ocr_line' id='line_1_41' title="bbox 157 2576 1756 2652; baseline -0.004 -18"><span class='ocrx_word' id='word_1_307' title='bbox 157 2579 395 2652; x_wconf 74' lang='grc' dir='ltr'>πρᾶξις,</span> <span class='ocrx_word' id='word_1_308' title='bbox 432 2578 603 2652; x_wconf 79' lang='grc' dir='ltr'>ἀρετὴ</span> <span class='ocrx_word' id='word_1_309' title='bbox 644 2577 800 2646; x_wconf 80' lang='grc' dir='ltr'>οὖσα,</span> <span class='ocrx_word' id='word_1_310' title='bbox 830 2579 1096 2651; x_wconf 83' lang='grc' dir='ltr'>κρείττων</span> <span class='ocrx_word' id='word_1_311' title='bbox 1134 2580 1251 2633; x_wconf 75' lang='grc' dir='ltr'>ἐστὶ</span> <span class='ocrx_word' id='word_1_312' title='bbox 1280 2578 1380 2649; x_wconf 82' lang='grc' dir='ltr'>τῆς</span> <span class='ocrx_word' id='word_1_313' title='bbox 1411 2576 1552 2630; x_wconf 85' lang='grc' dir='ltr'><strong>κατά</strong></span> <span class='ocrx_word' id='word_1_314' title='bbox 1584 2577 1756 2646; x_wconf 89' lang='grc' dir='ltr'>ἀκρα-</span> 
     </span>
    </p>
   </div>
   <div class='ocr_carea' id='block_1_42' title="bbox 161 2664 1756 2740">
    <p class='ocr_par' dir='ltr' id='par_1_42' title="bbox 161 2664 1756 2740">
     <span class='ocr_line' id='line_1_42' title="bbox 161 2664 1756 2740; baseline -0.005 -15"><span class='ocrx_word' id='word_1_315' title='bbox 161 2672 308 2734; x_wconf 78' lang='grc' dir='ltr'>σίαν,</span> <span class='ocrx_word' id='word_1_316' title='bbox 340 2670 545 2732; x_wconf 85' lang='grc' dir='ltr'>κακίας</span> <span class='ocrx_word' id='word_1_317' title='bbox 574 2668 765 2739; x_wconf 68' lang='grc' dir='ltr'>οὔσης,</span> <span class='ocrx_word' id='word_1_318' title='bbox 804 2668 996 2740; x_wconf 83' lang='grc' dir='ltr'>μαθεῖν</span> <span class='ocrx_word' id='word_1_319' title='bbox 1026 2668 1174 2722; x_wconf 78' lang='grc' dir='ltr'>ἔστιν</span> <span class='ocrx_word' id='word_1_320' title='bbox 1199 2667 1306 2722; x_wconf 86' lang='grc' dir='ltr'><strong>ἀπὸ</strong></span> <span class='ocrx_word' id='word_1_321' title='bbox 1340 2665 1622 2738; x_wconf 77' lang='grc' dir='ltr'>βασιλέων,</span> <span class='ocrx_word' id='word_1_322' title='bbox 1647 2664 1756 2718; x_wconf 85' lang='grc' dir='ltr'>ἀπὸ</span> 
     </span>
    </p>
   </div>
   <div class='ocr_carea' id='block_1_43' title="bbox 158 2756 1756 2833">
    <p class='ocr_par' dir='ltr' id='par_1_43' title="bbox 158 2756 1756 2833">
     <span class='ocr_line' id='line_1_43' title="bbox 158 2756 1756 2833; baseline -0.004 -18"><span class='ocrx_word' id='word_1_323' title='bbox 158 2762 472 2833; x_wconf 75' lang='grc' dir='ltr'>ἀρχόντων,</span> <span class='ocrx_word' id='word_1_324' title='bbox 507 2759 619 2813; x_wconf 76' lang='grc' dir='ltr'><strong>ἀπὸ</strong></span> <span class='ocrx_word' id='word_1_325' title='bbox 662 2760 1000 2832; x_wconf 80' lang='grc' dir='ltr'>στρατηγῶν,</span> <span class='ocrx_word' id='word_1_326' title='bbox 1039 2760 1148 2815; x_wconf 82' lang='grc' dir='ltr'><strong>ἀπὸ</strong></span> <span class='ocrx_word' id='word_1_327' title='bbox 1187 2758 1482 2830; x_wconf 82' lang='grc' dir='ltr'>γυναικῶν,</span> <span class='ocrx_word' id='word_1_328' title='bbox 1517 2756 1625 2812; x_wconf 72' lang='grc' dir='ltr'><strong>ἀπὸ</strong></span> <span class='ocrx_word' id='word_1_329' title='bbox 1664 2756 1756 2809; x_wconf 83' lang='grc' dir='ltr'><strong>τὲ-</strong></span> 
     </span>
    </p>
   </div>
   <div class='ocr_carea' id='block_1_44' title="bbox 162 2849 1756 2919">
    <p class='ocr_par' dir='ltr' id='par_1_44' title="bbox 162 2849 1756 2919">
     <span class='ocr_line' id='line_1_44' title="bbox 162 2849 1756 2919; baseline -0.004 -11"><span class='ocrx_word' id='word_1_330' title='bbox 162 2872 331 2919; x_wconf 83' lang='grc' dir='ltr'>κνων,</span> <span class='ocrx_word' id='word_1_331' title='bbox 359 2854 474 2907; x_wconf 83' lang='grc' dir='ltr'>ἀπὺ</span> <span class='ocrx_word' id='word_1_332' title='bbox 496 2853 749 2917; x_wconf 79' lang='grc' dir='ltr'>πολιτῶν,</span> <span class='ocrx_word' id='word_1_333' title='bbox 781 2854 889 2907; x_wconf 78' lang='grc' dir='ltr'>ἀπὸ</span> <span class='ocrx_word' id='word_1_334' title='bbox 911 2853 1209 2919; x_wconf 83' lang='grc' dir='ltr'>δεσποτῶν,</span> <span class='ocrx_word' id='word_1_335' title='bbox 1239 2852 1347 2906; x_wconf 75' lang='grc' dir='ltr'>ἀπὸ</span> <span class='ocrx_word' id='word_1_336' title='bbox 1372 2850 1619 2917; x_wconf 79' lang='grc' dir='ltr'>οἰκετῶν,</span> <span class='ocrx_word' id='word_1_337' title='bbox 1647 2849 1756 2904; x_wconf 83' lang='grc' dir='ltr'><strong>ἀπὸ</strong></span> 
     </span>
    </p>
   </div>
   <div class='ocr_carea' id='block_1_45' title="bbox 161 2943 1754 3018">
    <p class='ocr_par' dir='ltr' id='par_1_45' title="bbox 161 2943 1754 3018">
     <span class='ocr_line' id='line_1_45' title="bbox 161 2943 1754 3018; baseline -0.002 -18"><span class='ocrx_word' id='word_1_338' title='bbox 161 2945 560 3016; x_wconf 71' lang='grc' dir='ltr'>παιδαγωγῶν,</span> <span class='ocrx_word' id='word_1_339' title='bbox 589 2945 698 2999; x_wconf 74' lang='grc' dir='ltr'><strong>ἀπὸ</strong></span> <span class='ocrx_word' id='word_1_340' title='bbox 732 2945 1065 2999; x_wconf 81' lang='grc' dir='ltr'>διδασκάλων</span> <span class='ocrx_word' id='word_1_341' title='bbox 1088 2962 1101 2976; x_wconf 94' lang='grc'><strong>·</strong></span> <span class='ocrx_word' id='word_1_342' title='bbox 1153 2946 1384 3009; x_wconf 77' lang='grc' dir='ltr'>ἕκαστος</span> <span class='ocrx_word' id='word_1_343' title='bbox 1408 2946 1517 3018; x_wconf 88' lang='grc' dir='ltr'><strong>γάρ</strong></span> <span class='ocrx_word' id='word_1_344' title='bbox 1547 2943 1754 2998; x_wconf 85' lang='grc' dir='ltr'>τούτων</span> 
     </span>
    </p>
   </div>
   <div class='ocr_carea' id='block_1_46' title="bbox 162 3036 1751 3110">
    <p class='ocr_par' dir='ltr' id='par_1_46' title="bbox 162 3036 1751 3110">
     <span class='ocr_line' id='line_1_46' title="bbox 162 3036 1751 3110; baseline -0.001 -16"><span class='ocrx_word' id='word_1_345' title='bbox 162 3042 262 3094; x_wconf 72' lang='grc' dir='ltr'>καὶ</span> <span class='ocrx_word' id='word_1_346' title='bbox 281 3039 467 3109; x_wconf 80' lang='grc' dir='ltr'>ἑαυτῷ</span> <span class='ocrx_word' id='word_1_347' title='bbox 490 3040 584 3093; x_wconf 76' lang='grc' dir='ltr'><strong>καὶ</strong></span> <span class='ocrx_word' id='word_1_348' title='bbox 610 3038 688 3109; x_wconf 81' lang='grc' dir='ltr'>τῷ</span> <span class='ocrx_word' id='word_1_349' title='bbox 714 3037 875 3108; x_wconf 82' lang='grc' dir='ltr'>κοινῷ</span> <span class='ocrx_word' id='word_1_350' title='bbox 903 3037 1178 3108; x_wconf 81' lang='grc' dir='ltr'>ὠφέλιμος</span> <span class='ocrx_word' id='word_1_351' title='bbox 1203 3036 1412 3106; x_wconf 87' lang='grc' dir='ltr'>γίνεται</span> <span class='ocrx_word' id='word_1_352' title='bbox 1436 3037 1751 3110; x_wconf 86' lang='grc' dir='ltr'>σωφρονῶν·</span> 
     </span>
    </p>
   </div>
   <div class='ocr_carea' id='block_1_47' title="bbox 1855 1846 3448 1924">
    <p class='ocr_par' dir='ltr' id='par_1_47' title="bbox 1855 1846 3448 1924">
     <span class='ocr_line' id='line_1_47' title="bbox 1855 1846 3448 1924; baseline 0.009 -28"><span class='ocrx_word' id='word_1_353' title='bbox 1855 1858 1953 1912; x_wconf 89' lang='lat' dir='ltr'><strong>per</strong></span> <span class='ocrx_word' id='word_1_354' title='bbox 1982 1859 2103 1899; x_wconf 90' lang='lat' dir='ltr'><strong>eam</strong></span> <span class='ocrx_word' id='word_1_355' title='bbox 2135 1855 2317 1901; x_wconf 89' lang='lat' dir='ltr'><strong>autem</strong></span> <span class='ocrx_word' id='word_1_356' title='bbox 2352 1846 2489 1902; x_wconf 87' lang='lat' dir='ltr'><strong>ﬁunt</strong></span> <span class='ocrx_word' id='word_1_357' title='bbox 2541 1849 2809 1904; x_wconf 87' lang='lat' dir='ltr'><strong>adulteria</strong></span> <span class='ocrx_word' id='word_1_358' title='bbox 2831 1890 2844 1912; x_wconf 90' lang='lat'><strong>,</strong></span> <span class='ocrx_word' id='word_1_359' title='bbox 2882 1850 3026 1905; x_wconf 86' lang='lat' dir='ltr'><strong>furta</strong></span> <span class='ocrx_word' id='word_1_360' title='bbox 3047 1892 3062 1915; x_wconf 94' lang='lat'><strong>,</strong></span> <span class='ocrx_word' id='word_1_361' title='bbox 3088 1853 3268 1924; x_wconf 84' lang='lat' dir='ltr'><strong>jurgia</strong></span> <span class='ocrx_word' id='word_1_362' title='bbox 3289 1896 3305 1921; x_wconf 87' lang='lat'><strong>,</strong></span> <span class='ocrx_word' id='word_1_363' title='bbox 3337 1870 3448 1910; x_wconf 64' lang='lat' dir='ltr'><strong>caa-</strong></span> 
     </span>
    </p>
   </div>
   <div class='ocr_carea' id='block_1_48' title="bbox 1854 1934 3447 2010">
    <p class='ocr_par' dir='ltr' id='par_1_48' title="bbox 1854 1934 3447 2010">
     <span class='ocr_line' id='line_1_48' title="bbox 1854 1934 3447 2010; baseline 0.008 -20"><span class='ocrx_word' id='word_1_364' title='bbox 1854 1934 1990 1991; x_wconf 88' lang='lat' dir='ltr'><strong>des:</strong></span> <span class='ocrx_word' id='word_1_365' title='bbox 2044 1944 2241 1992; x_wconf 89' lang='lat' dir='ltr'><strong>natura</strong></span> <span class='ocrx_word' id='word_1_366' title='bbox 2284 1953 2413 2010; x_wconf 87' lang='lat' dir='ltr'><strong>ergo</strong></span> <span class='ocrx_word' id='word_1_367' title='bbox 2468 1941 2672 1995; x_wconf 88' lang='lat' dir='ltr'><strong>malum</strong></span> <span class='ocrx_word' id='word_1_368' title='bbox 2714 1943 2940 1997; x_wconf 88' lang='lat' dir='ltr'><strong>estvita</strong></span> <span class='ocrx_word' id='word_1_369' title='bbox 2974 1945 3255 2001; x_wconf 79' lang='lat' dir='ltr'><strong>luxuriosa</strong></span> <span class='ocrx_word' id='word_1_370' title='bbox 3276 1954 3327 2002; x_wconf 91' lang='lat' dir='ltr'><strong>et</strong></span> <span class='ocrx_word' id='word_1_371' title='bbox 3358 1949 3447 2002; x_wconf 83' lang='lat' dir='ltr'><strong>in-</strong></span> 
     </span>
    </p>
   </div>
   <div class='ocr_carea' id='block_1_49' title="bbox 1854 2026 3445 2107">
    <p class='ocr_par' dir='ltr' id='par_1_49' title="bbox 1854 2026 3445 2107">
     <span class='ocr_line' id='line_1_49' title="bbox 1854 2026 3445 2107; baseline 0.01 -30"><span class='ocrx_word' id='word_1_372' title='bbox 1854 2031 2189 2095; x_wconf 89' lang='lat' dir='ltr'><strong>temperans.</strong></span> <span class='ocrx_word' id='word_1_373' title='bbox 2242 2026 2498 2082; x_wconf 89' lang='lat' dir='ltr'><strong>Divinum</strong></span> <span class='ocrx_word' id='word_1_374' title='bbox 2539 2038 2721 2085; x_wconf 90' lang='lat' dir='ltr'><strong>autem</strong></span> <span class='ocrx_word' id='word_1_375' title='bbox 2763 2029 2976 2088; x_wconf 87' lang='lat' dir='ltr'><strong>Numen</strong></span> <span class='ocrx_word' id='word_1_376' title='bbox 3006 2035 3165 2090; x_wconf 90' lang='lat' dir='ltr'><strong>malis</strong></span> <span class='ocrx_word' id='word_1_377' title='bbox 3196 2037 3445 2107; x_wconf 87' lang='lat' dir='ltr'><strong>implica-</strong></span> 
     </span>
    </p>
   </div>
   <div class='ocr_carea' id='block_1_50' title="bbox 1857 2115 3349 2193">
    <p class='ocr_par' dir='ltr' id='par_1_50' title="bbox 1857 2115 3349 2193">
     <span class='ocr_line' id='line_1_50' title="bbox 1857 2115 3349 2193; baseline 0.009 -24"><span class='ocrx_word' id='word_1_378' title='bbox 1857 2121 1973 2170; x_wconf 91' lang='lat' dir='ltr'><strong>tum</strong></span> <span class='ocrx_word' id='word_1_379' title='bbox 2005 2134 2115 2173; x_wconf 92' lang='lat' dir='ltr'><strong>non</strong></span> <span class='ocrx_word' id='word_1_380' title='bbox 2147 2126 2253 2175; x_wconf 89' lang='lat' dir='ltr'><strong>est.</strong></span> <span class='ocrx_word' id='word_1_381' title='bbox 2282 2115 2623 2189; x_wconf 82' lang='lat' dir='ltr'><strong>Explodatur</strong></span> <span class='ocrx_word' id='word_1_382' title='bbox 2650 2136 2784 2193; x_wconf 86' lang='lat' dir='ltr'><strong>ergo</strong></span> <span class='ocrx_word' id='word_1_383' title='bbox 2812 2121 2997 2179; x_wconf 86' lang='lat' dir='ltr'><strong>fatalis</strong></span> <span class='ocrx_word' id='word_1_384' title='bbox 3027 2129 3349 2185; x_wconf 88' lang='lat' dir='ltr'><strong>necessitas.</strong></span> 
     </span>
    </p>
   </div>
   <div class='ocr_carea' id='block_1_51' title="bbox 1931 2205 3445 2287">
    <p class='ocr_par' dir='ltr' id='par_1_51' title="bbox 1931 2205 3445 2287">
     <span class='ocr_line' id='line_1_51' title="bbox 1931 2205 3445 2287; baseline 0.009 -26"><span class='ocrx_word' id='word_1_385' title='bbox 1931 2205 1987 2261; x_wconf 91' lang='lat' dir='ltr'><strong>Si</strong></span> <span class='ocrx_word' id='word_1_386' title='bbox 2015 2210 2154 2264; x_wconf 89' lang='lat' dir='ltr'><strong>casti</strong></span> <span class='ocrx_word' id='word_1_387' title='bbox 2191 2211 2446 2267; x_wconf 89' lang='lat' dir='ltr'><strong>meliores</strong></span> <span class='ocrx_word' id='word_1_388' title='bbox 2474 2223 2603 2267; x_wconf 89' lang='lat' dir='ltr'><strong>sunt</strong></span> <span class='ocrx_word' id='word_1_389' title='bbox 2627 2212 2960 2280; x_wconf 80' lang='lat' dir='ltr'><strong>luxuriosis,</strong></span> <span class='ocrx_word' id='word_1_390' title='bbox 2989 2217 3206 2287; x_wconf 89' lang='lat' dir='ltr'><strong>illisque</strong></span> <span class='ocrx_word' id='word_1_391' title='bbox 3234 2220 3445 2275; x_wconf 89' lang='lat' dir='ltr'><strong>abomi-</strong></span> 
     </span>
    </p>
   </div>
   <div class='ocr_carea' id='block_1_52' title="bbox 1855 2298 3442 2376">
    <p class='ocr_par' dir='ltr' id='par_1_52' title="bbox 1855 2298 3442 2376">
     <span class='ocr_line' id='line_1_52' title="bbox 1855 2298 3442 2376; baseline 0.009 -24"><span class='ocrx_word' id='word_1_392' title='bbox 1855 2298 2057 2354; x_wconf 88' lang='lat' dir='ltr'><strong>nabilis</strong></span> <span class='ocrx_word' id='word_1_393' title='bbox 2098 2310 2184 2356; x_wconf 89' lang='lat' dir='ltr'><strong>est</strong></span> <span class='ocrx_word' id='word_1_394' title='bbox 2239 2301 2481 2366; x_wconf 80' lang='lat' dir='ltr'><strong>luxuria,</strong></span> <span class='ocrx_word' id='word_1_395' title='bbox 2517 2303 2828 2374; x_wconf 76' lang='lat' dir='ltr'><strong>gaudetque</strong></span> <span class='ocrx_word' id='word_1_396' title='bbox 2880 2304 3024 2362; x_wconf 90' lang='lat' dir='ltr'><strong>Deus</strong></span> <span class='ocrx_word' id='word_1_397' title='bbox 3056 2310 3339 2376; x_wconf 85' lang='lat' dir='ltr'><strong>castitate,</strong></span> <span class='ocrx_word' id='word_1_398' title='bbox 3383 2311 3442 2366; x_wconf 90' lang='lat' dir='ltr'><strong>in</strong></span> 
     </span>
    </p>
   </div>
   <div class='ocr_carea' id='block_1_53' title="bbox 1856 2391 3447 2473">
    <p class='ocr_par' dir='ltr' id='par_1_53' title="bbox 1856 2391 3447 2473">
     <span class='ocr_line' id='line_1_53' title="bbox 1856 2391 3447 2473; baseline 0.008 -29"><span class='ocrx_word' id='word_1_399' title='bbox 1856 2406 2019 2461; x_wconf 86' lang='lat' dir='ltr'><strong>quem</strong></span> <span class='ocrx_word' id='word_1_400' title='bbox 2068 2391 2218 2445; x_wconf 89' lang='lat' dir='ltr'><strong>nulla</strong></span> <span class='ocrx_word' id='word_1_401' title='bbox 2269 2393 2430 2446; x_wconf 91' lang='lat' dir='ltr'><strong>cadat</strong></span> <span class='ocrx_word' id='word_1_402' title='bbox 2476 2394 2770 2450; x_wconf 89' lang='lat' dir='ltr'><strong>libidinosa</strong></span> <span class='ocrx_word' id='word_1_403' title='bbox 2804 2410 2868 2449; x_wconf 92' lang='lat' dir='ltr'><strong>ac</strong></span> <span class='ocrx_word' id='word_1_404' title='bbox 2897 2397 3027 2452; x_wconf 87' lang='lat' dir='ltr'><strong>vitio</strong></span> <span class='ocrx_word' id='word_1_405' title='bbox 3061 2398 3273 2454; x_wconf 63' lang='lat' dir='ltr'><strong>haerens</strong></span> <span class='ocrx_word' id='word_1_406' title='bbox 3294 2401 3447 2473; x_wconf 86' lang='lat' dir='ltr'><strong>cogi-</strong></span> 
     </span>
    </p>
   </div>
   <div class='ocr_carea' id='block_1_54' title="bbox 1856 2479 3442 2551">
    <p class='ocr_par' dir='ltr' id='par_1_54' title="bbox 1856 2479 3442 2551">
     <span class='ocr_line' id='line_1_54' title="bbox 1856 2479 3442 2551; baseline 0.01 -20"><span class='ocrx_word' id='word_1_407' title='bbox 1856 2479 2011 2544; x_wconf 88' lang='lat' dir='ltr'><strong>tatio,</strong></span> <span class='ocrx_word' id='word_1_408' title='bbox 2066 2495 2233 2534; x_wconf 83' lang='lat' dir='ltr'><strong>exosa</strong></span> <span class='ocrx_word' id='word_1_409' title='bbox 2282 2482 2474 2551; x_wconf 89' lang='lat' dir='ltr'><strong>utique</strong></span> <span class='ocrx_word' id='word_1_410' title='bbox 2509 2483 2673 2537; x_wconf 87' lang='lat' dir='ltr'><strong>etiam</strong></span> <span class='ocrx_word' id='word_1_411' title='bbox 2726 2482 2838 2540; x_wconf 87' lang='lat' dir='ltr'><strong>Deo</strong></span> <span class='ocrx_word' id='word_1_412' title='bbox 2886 2484 3284 2543; x_wconf 87' lang='lat' dir='ltr'><strong>incontinentia</strong></span> <span class='ocrx_word' id='word_1_413' title='bbox 3333 2496 3442 2547; x_wconf 86' lang='lat' dir='ltr'><strong>est.</strong></span> 
     </span>
    </p>
   </div>
   <div class='ocr_carea' id='block_1_55' title="bbox 1855 2569 3446 2654">
    <p class='ocr_par' dir='ltr' id='par_1_55' title="bbox 1855 2569 3446 2654">
     <span class='ocr_line' id='line_1_55' title="bbox 1855 2569 3446 2654; baseline 0.009 -30"><span class='ocrx_word' id='word_1_414' title='bbox 1855 2569 2030 2626; x_wconf 89' lang='lat' dir='ltr'><strong>Porro</strong></span> <span class='ocrx_word' id='word_1_415' title='bbox 2061 2573 2334 2628; x_wconf 89' lang='lat' dir='ltr'><strong>actionem</strong></span> <span class='ocrx_word' id='word_1_416' title='bbox 2367 2589 2490 2644; x_wconf 82' lang='lat' dir='ltr'><strong>quae</strong></span> <span class='ocrx_word' id='word_1_417' title='bbox 2518 2590 2585 2629; x_wconf 80' lang='lat' dir='ltr'><strong>ex</strong></span> <span class='ocrx_word' id='word_1_418' title='bbox 2621 2577 2838 2631; x_wconf 87' lang='lat' dir='ltr'><strong>ratione</strong></span> <span class='ocrx_word' id='word_1_419' title='bbox 2877 2580 3148 2637; x_wconf 89' lang='lat' dir='ltr'><strong>castitatis</strong></span> <span class='ocrx_word' id='word_1_420' title='bbox 3183 2583 3246 2637; x_wconf 85' lang='lat' dir='ltr'><strong>tit</strong></span> <span class='ocrx_word' id='word_1_421' title='bbox 3284 2582 3446 2654; x_wconf 63' lang='lat' dir='ltr'><strong>(qua;</strong></span> 
     </span>
    </p>
   </div>
   <div class='ocr_carea' id='block_1_56' title="bbox 1857 2663 3447 2738">
    <p class='ocr_par' dir='ltr' id='par_1_56' title="bbox 1857 2663 3447 2738">
     <span class='ocr_line' id='line_1_56' title="bbox 1857 2663 3447 2738; baseline 0.009 -22"><span class='ocrx_word' id='word_1_422' title='bbox 1857 2671 2003 2717; x_wconf 90' lang='lat' dir='ltr'><strong>certe</strong></span> <span class='ocrx_word' id='word_1_423' title='bbox 2041 2663 2217 2718; x_wconf 81' lang='lat' dir='ltr'><strong>virtus</strong></span> <span class='ocrx_word' id='word_1_424' title='bbox 2255 2664 2373 2736; x_wconf 89' lang='lat' dir='ltr'><strong>est)</strong></span> <span class='ocrx_word' id='word_1_425' title='bbox 2414 2666 2684 2736; x_wconf 90' lang='lat' dir='ltr'><strong>potiorem</strong></span> <span class='ocrx_word' id='word_1_426' title='bbox 2718 2683 2843 2723; x_wconf 89' lang='lat' dir='ltr'><strong>esse</strong></span> <span class='ocrx_word' id='word_1_427' title='bbox 2874 2669 2965 2722; x_wconf 90' lang='lat' dir='ltr'><strong>illa</strong></span> <span class='ocrx_word' id='word_1_428' title='bbox 2991 2685 3112 2738; x_wconf 70' lang='lat' dir='ltr'><strong>qua:</strong></span> <span class='ocrx_word' id='word_1_429' title='bbox 3153 2686 3221 2726; x_wconf 79' lang='lat' dir='ltr'><strong>ex</strong></span> <span class='ocrx_word' id='word_1_430' title='bbox 3250 2673 3447 2729; x_wconf 87' lang='lat' dir='ltr'><strong>incon-</strong></span> 
     </span>
    </p>
   </div>
   <div class='ocr_carea' id='block_1_57' title="bbox 1856 2752 3446 2833">
    <p class='ocr_par' dir='ltr' id='par_1_57' title="bbox 1856 2752 3446 2833">
     <span class='ocr_line' id='line_1_57' title="bbox 1856 2752 3446 2833; baseline 0.01 -27"><span class='ocrx_word' id='word_1_431' title='bbox 1856 2752 2085 2808; x_wconf 86' lang='lat' dir='ltr'><strong>tinentia</strong></span> <span class='ocrx_word' id='word_1_432' title='bbox 2133 2762 2218 2811; x_wconf 89' lang='lat' dir='ltr'><strong>est</strong></span> <span class='ocrx_word' id='word_1_433' title='bbox 2256 2762 2311 2810; x_wconf 90' lang='lat' dir='ltr'><strong>et</strong></span> <span class='ocrx_word' id='word_1_434' title='bbox 2344 2756 2411 2810; x_wconf 93' lang='lat' dir='ltr'><strong>ad</strong></span> <span class='ocrx_word' id='word_1_435' title='bbox 2443 2758 2635 2812; x_wconf 88' lang='lat' dir='ltr'><strong>vitium</strong></span> <span class='ocrx_word' id='word_1_436' title='bbox 2667 2759 2907 2828; x_wconf 89' lang='lat' dir='ltr'><strong>pertinet</strong></span> <span class='ocrx_word' id='word_1_437' title='bbox 2936 2778 2951 2814; x_wconf 90' lang='lat'><strong>:</strong></span> <span class='ocrx_word' id='word_1_438' title='bbox 2985 2761 3287 2833; x_wconf 83' lang='lat' dir='ltr'><strong>intelligere</strong></span> <span class='ocrx_word' id='word_1_439' title='bbox 3315 2765 3446 2822; x_wconf 86' lang='lat' dir='ltr'><strong>licet</strong></span> 
     </span>
    </p>
   </div>
   <div class='ocr_carea' id='block_1_58' title="bbox 1857 2847 3442 2925">
    <p class='ocr_par' dir='ltr' id='par_1_58' title="bbox 1857 2847 3442 2925">
     <span class='ocr_line' id='line_1_58' title="bbox 1857 2847 3442 2925; baseline 0.009 -25"><span class='ocrx_word' id='word_1_440' title='bbox 1857 2860 1924 2900; x_wconf 79' lang='lat' dir='ltr'><strong>ex</strong></span> <span class='ocrx_word' id='word_1_441' title='bbox 1954 2847 2194 2917; x_wconf 82' lang='lat' dir='ltr'><strong>regibus,</strong></span> <span class='ocrx_word' id='word_1_442' title='bbox 2223 2864 2289 2903; x_wconf 89' lang='lat' dir='ltr'><strong>ex</strong></span> <span class='ocrx_word' id='word_1_443' title='bbox 2314 2849 2553 2919; x_wconf 87' lang='lat' dir='ltr'><strong>politicis</strong></span> <span class='ocrx_word' id='word_1_444' title='bbox 2569 2856 2623 2905; x_wconf 87' lang='lat' dir='ltr'><strong>et</strong></span> <span class='ocrx_word' id='word_1_445' title='bbox 2648 2850 2982 2909; x_wconf 88' lang='lat' dir='ltr'><strong>militaribus</strong></span> <span class='ocrx_word' id='word_1_446' title='bbox 3007 2854 3442 2925; x_wconf 84' lang='lat' dir='ltr'><strong>magistratibus,</strong></span> 
     </span>
    </p>
   </div>
   <div class='ocr_carea' id='block_1_59' title="bbox 1858 2939 3447 3014">
    <p class='ocr_par' dir='ltr' id='par_1_59' title="bbox 1858 2939 3447 3014">
     <span class='ocr_line' id='line_1_59' title="bbox 1858 2939 3447 3014; baseline 0.009 -24"><span class='ocrx_word' id='word_1_447' title='bbox 1858 2952 1924 2991; x_wconf 82' lang='lat' dir='ltr'><strong>ex</strong></span> <span class='ocrx_word' id='word_1_448' title='bbox 1976 2939 2297 2995; x_wconf 89' lang='lat' dir='ltr'><strong>mulieribus</strong></span> <span class='ocrx_word' id='word_1_449' title='bbox 2320 2981 2334 3006; x_wconf 90' lang='lat'><strong>,</strong></span> <span class='ocrx_word' id='word_1_450' title='bbox 2368 2957 2433 2995; x_wconf 78' lang='lat' dir='ltr'><strong>ex</strong></span> <span class='ocrx_word' id='word_1_451' title='bbox 2464 2941 2683 3007; x_wconf 86' lang='lat' dir='ltr'><strong>liberis,</strong></span> <span class='ocrx_word' id='word_1_452' title='bbox 2710 2959 2777 2998; x_wconf 80' lang='lat' dir='ltr'><strong>ex</strong></span> <span class='ocrx_word' id='word_1_453' title='bbox 2803 2943 3036 3009; x_wconf 89' lang='lat' dir='ltr'><strong>civibus,</strong></span> <span class='ocrx_word' id='word_1_454' title='bbox 3064 2962 3131 3002; x_wconf 77' lang='lat' dir='ltr'><strong>ex</strong></span> <span class='ocrx_word' id='word_1_455' title='bbox 3166 2946 3314 3004; x_wconf 87' lang='lat' dir='ltr'><strong>heris</strong></span> <span class='ocrx_word' id='word_1_456' title='bbox 3334 2987 3352 3014; x_wconf 86' lang='lat'><strong>,</strong></span> <span class='ocrx_word' id='word_1_457' title='bbox 3377 2964 3447 3004; x_wconf 77' lang='lat' dir='ltr'><strong>ex</strong></span> 
     </span>
    </p>
   </div>
   <div class='ocr_carea' id='block_1_60' title="bbox 1858 3027 3447 3113">
    <p class='ocr_par' dir='ltr' id='par_1_60' title="bbox 1858 3027 3447 3113">
     <span class='ocr_line' id='line_1_60' title="bbox 1858 3027 3447 3113; baseline 0.009 -30"><span class='ocrx_word' id='word_1_458' title='bbox 1858 3027 2102 3097; x_wconf 80' lang='lat' dir='ltr'><strong>famulis,</strong></span> <span class='ocrx_word' id='word_1_459' title='bbox 2130 3046 2197 3086; x_wconf 83' lang='lat' dir='ltr'><strong>ex</strong></span> <span class='ocrx_word' id='word_1_460' title='bbox 2230 3031 2562 3103; x_wconf 67' lang='lat' dir='ltr'><strong>paedagogis,</strong></span> <span class='ocrx_word' id='word_1_461' title='bbox 2601 3050 2668 3089; x_wconf 83' lang='lat' dir='ltr'><strong>ex</strong></span> <span class='ocrx_word' id='word_1_462' title='bbox 2697 3036 2977 3107; x_wconf 82' lang='lat' dir='ltr'><strong>magistris</strong></span> <span class='ocrx_word' id='word_1_463' title='bbox 3010 3056 3022 3092; x_wconf 93' lang='lat'>:</span> <span class='ocrx_word' id='word_1_464' title='bbox 3063 3040 3447 3113; x_wconf 88' lang='lat' dir='ltr'><strong>unusquisque</strong></span> 
     </span>
    </p>
   </div>
   <div class='ocr_carea' id='block_1_61' title="bbox 163 3117 1757 3203">
    <p class='ocr_par' dir='ltr' id='par_1_61' title="bbox 163 3129 1747 3203">
     <span class='ocr_line' id='line_1_61' title="bbox 163 3129 1747 3203; baseline -0.003 -16"><span class='ocrx_word' id='word_1_465' title='bbox 163 3132 579 3187; x_wconf 78' lang='grc' dir='ltr'>ἀκολασταίνων</span> <span class='ocrx_word' id='word_1_466' title='bbox 601 3132 677 3194; x_wconf 75' lang='grc' dir='ltr'><strong>δὲ,</strong></span> <span class='ocrx_word' id='word_1_467' title='bbox 715 3132 808 3184; x_wconf 58' lang='grc' dir='ltr'><strong>καὶ⁹</strong></span> <span class='ocrx_word' id='word_1_468' title='bbox 833 3130 1009 3202; x_wconf 78' lang='grc' dir='ltr'>ἑαυτῷ</span> <span class='ocrx_word' id='word_1_469' title='bbox 1037 3132 1131 3185; x_wconf 77' lang='grc' dir='ltr'>καὶ</span> <span class='ocrx_word' id='word_1_470' title='bbox 1154 3130 1233 3203; x_wconf 80' lang='grc' dir='ltr'>τῷ</span> <span class='ocrx_word' id='word_1_471' title='bbox 1265 3129 1429 3202; x_wconf 85' lang='grc' dir='ltr'>κοινῷ</span> <span class='ocrx_word' id='word_1_472' title='bbox 1462 3129 1747 3203; x_wconf 77' lang='grc' dir='ltr'>βλαϐερός.</span> 
     </span>
    </p>
   </div>
   <div class='ocr_carea' id='block_1_62' title="bbox 1864 3117 3448 3203">
    <p class='ocr_par' dir='ltr' id='par_1_62' title="bbox 1864 3122 3448 3199">
     <span class='ocr_line' id='line_1_62' title="bbox 1864 3122 3448 3199; baseline 0.008 -22"><span class='ocrx_word' id='word_1_473' title='bbox 1864 3122 2006 3178; x_wconf 82' lang='lat' dir='ltr'><strong>enim</strong></span> <span class='ocrx_word' id='word_1_474' title='bbox 2058 3124 2254 3179; x_wconf 91' lang='lat' dir='ltr'><strong>horum</strong></span> <span class='ocrx_word' id='word_1_475' title='bbox 2310 3132 2416 3180; x_wconf 90' lang='lat' dir='ltr'><strong>tam</strong></span> <span class='ocrx_word' id='word_1_476' title='bbox 2470 3126 2576 3180; x_wconf 85' lang='lat' dir='ltr'><strong>sibi</strong></span> <span class='ocrx_word' id='word_1_477' title='bbox 2631 3142 2794 3197; x_wconf 90' lang='lat' dir='ltr'><strong>quam</strong></span> <span class='ocrx_word' id='word_1_478' title='bbox 2826 3129 3048 3199; x_wconf 87' lang='lat' dir='ltr'><strong>publico</strong></span> <span class='ocrx_word' id='word_1_479' title='bbox 3071 3132 3221 3188; x_wconf 90' lang='lat' dir='ltr'><strong>utilis</strong></span> <span class='ocrx_word' id='word_1_480' title='bbox 3247 3133 3448 3198; x_wconf 84' lang='lat' dir='ltr'><strong>est,si</strong></span> 
     </span>
    </p>
   </div>
   <div class='ocr_carea' id='block_1_63' title="bbox 162 3223 1759 3295">
    <p class='ocr_par' dir='ltr' id='par_1_63' title="bbox 162 3223 1759 3295">
     <span class='ocr_line' id='line_1_63' title="bbox 162 3223 1759 3295; baseline -0.002 -17"><span class='ocrx_word' id='word_1_481' title='bbox 162 3225 277 3278; x_wconf 69' lang='grc' dir='ltr'><strong>Καὶ</strong></span> <span class='ocrx_word' id='word_1_482' title='bbox 300 3227 349 3277; x_wconf 80' lang='grc' dir='ltr'><strong>εί</strong></span> <span class='ocrx_word' id='word_1_483' title='bbox 378 3224 498 3277; x_wconf 76' lang='grc' dir='ltr'>ἔστι</span> <span class='ocrx_word' id='word_1_484' title='bbox 532 3223 768 3294; x_wconf 86' lang='grc' dir='ltr'>διαφορά</span> <span class='ocrx_word' id='word_1_485' title='bbox 798 3240 883 3286; x_wconf 83' lang='grc' dir='ltr'><strong>τις</strong></span> <span class='ocrx_word' id='word_1_486' title='bbox 909 3224 1164 3277; x_wconf 82' lang='grc' dir='ltr'>κιναίδων</span> <span class='ocrx_word' id='word_1_487' title='bbox 1194 3223 1287 3277; x_wconf 73' lang='grc' dir='ltr'><strong>καὶ</strong></span> <span class='ocrx_word' id='word_1_488' title='bbox 1315 3224 1595 3295; x_wconf 77' lang='grc' dir='ltr'>ἀνδρείων,</span> <span class='ocrx_word' id='word_1_489' title='bbox 1625 3224 1759 3276; x_wconf 85' lang='grc' dir='ltr'>ἀκο-</span> 
     </span>
    </p>
   </div>
   <div class='ocr_carea' id='block_1_64' title="bbox 160 3310 1758 3385">
    <p class='ocr_par' dir='ltr' id='par_1_64' title="bbox 160 3310 1758 3385">
     <span class='ocr_line' id='line_1_64' title="bbox 160 3310 1758 3385; baseline -0.004 -15"><span class='ocrx_word' id='word_1_490' title='bbox 160 3314 381 3370; x_wconf 78' lang='grc' dir='ltr'>λάστων</span> <span class='ocrx_word' id='word_1_491' title='bbox 430 3313 531 3367; x_wconf 72' lang='grc' dir='ltr'>καὶ</span> <span class='ocrx_word' id='word_1_492' title='bbox 576 3313 869 3385; x_wconf 79' lang='grc' dir='ltr'>σωφρόνων</span> <span class='ocrx_word' id='word_1_493' title='bbox 893 3330 907 3342; x_wconf 94' lang='grc'><strong>·</strong></span> <span class='ocrx_word' id='word_1_494' title='bbox 957 3313 1052 3366; x_wconf 68' lang='grc' dir='ltr'><strong>καὶ</strong></span> <span class='ocrx_word' id='word_1_495' title='bbox 1094 3311 1212 3366; x_wconf 75' lang='grc' dir='ltr'>ἔστι</span> <span class='ocrx_word' id='word_1_496' title='bbox 1258 3312 1527 3385; x_wconf 88' lang='grc' dir='ltr'>κρείσσων</span> <span class='ocrx_word' id='word_1_497' title='bbox 1570 3313 1604 3382; x_wconf 83' lang='grc' dir='ltr'>ἠ</span> <span class='ocrx_word' id='word_1_498' title='bbox 1650 3310 1758 3364; x_wconf 85' lang='grc' dir='ltr'><strong>τῶν</strong></span> 
     </span>
    </p>
   </div>
   <div class='ocr_carea' id='block_1_65' title="bbox 161 3404 1755 3479">
    <p class='ocr_par' dir='ltr' id='par_1_65' title="bbox 161 3404 1755 3479">
     <span class='ocr_line' id='line_1_65' title="bbox 161 3404 1755 3479; baseline -0.004 -17"><span class='ocrx_word' id='word_1_499' title='bbox 161 3407 430 3479; x_wconf 76' lang='grc' dir='ltr'>ἀνδρείων</span> <span class='ocrx_word' id='word_1_500' title='bbox 468 3405 565 3460; x_wconf 74' lang='grc' dir='ltr'><strong>καὶ</strong></span> <span class='ocrx_word' id='word_1_501' title='bbox 600 3405 911 3475; x_wconf 85' lang='grc' dir='ltr'>σωφρόνων,</span> <span class='ocrx_word' id='word_1_502' title='bbox 952 3405 1152 3476; x_wconf 86' lang='grc' dir='ltr'>χείρων</span> <span class='ocrx_word' id='word_1_503' title='bbox 1174 3404 1233 3457; x_wconf 83' lang='grc' dir='ltr'>δὲ</span> <span class='ocrx_word' id='word_1_504' title='bbox 1266 3404 1430 3474; x_wconf 80' lang='grc' dir='ltr'>ἡτῶν</span> <span class='ocrx_word' id='word_1_505' title='bbox 1464 3404 1755 3457; x_wconf 82' lang='grc' dir='ltr'>ἐναντίων·</span> 
     </span>
    </p>
   </div>
   <div class='ocr_carea' id='block_1_66' title="bbox 163 3492 1760 3568">
    <p class='ocr_par' dir='ltr' id='par_1_66' title="bbox 163 3492 1760 3568">
     <span class='ocr_line' id='line_1_66' title="bbox 163 3492 1760 3568; baseline -0.004 -15"><span class='ocrx_word' id='word_1_506' title='bbox 163 3501 214 3553; x_wconf 76' lang='grc' dir='ltr'>οἱ</span> <span class='ocrx_word' id='word_1_507' title='bbox 242 3500 302 3553; x_wconf 78' lang='grc' dir='ltr'>δὲ</span> <span class='ocrx_word' id='word_1_508' title='bbox 331 3499 435 3568; x_wconf 86' lang='grc' dir='ltr'>τῆς</span> <span class='ocrx_word' id='word_1_509' title='bbox 468 3495 786 3568; x_wconf 88' lang='grc' dir='ltr'>κρείσσονος</span> <span class='ocrx_word' id='word_1_510' title='bbox 820 3494 986 3563; x_wconf 80' lang='grc' dir='ltr'>ἐγγύς</span> <span class='ocrx_word' id='word_1_511' title='bbox 1018 3497 1126 3548; x_wconf 84' lang='grc' dir='ltr'>εἰσι</span> <span class='ocrx_word' id='word_1_512' title='bbox 1172 3494 1268 3548; x_wconf 80' lang='grc' dir='ltr'><strong>καὶ</strong></span> <span class='ocrx_word' id='word_1_513' title='bbox 1296 3494 1438 3564; x_wconf 86' lang='grc' dir='ltr'>φίλοι</span> <span class='ocrx_word' id='word_1_514' title='bbox 1479 3492 1636 3558; x_wconf 80' lang='grc' dir='ltr'>Θεοῦ,</span> <span class='ocrx_word' id='word_1_515' title='bbox 1667 3495 1760 3547; x_wconf 76' lang='grc' dir='ltr'><strong>καὶ</strong></span> 
     </span>
    </p>
   </div>
   <div class='ocr_carea' id='block_1_67' title="bbox 162 3585 1762 3663">
    <p class='ocr_par' dir='ltr' id='par_1_67' title="bbox 162 3585 1762 3663">
     <span class='ocr_line' id='line_1_67' title="bbox 162 3585 1762 3663; baseline -0.004 -18"><span class='ocrx_word' id='word_1_516' title='bbox 162 3592 216 3645; x_wconf 79' lang='grc' dir='ltr'>οι</span> <span class='ocrx_word' id='word_1_517' title='bbox 242 3591 347 3663; x_wconf 78' lang='grc' dir='ltr'>τῆς</span> <span class='ocrx_word' id='word_1_518' title='bbox 376 3589 626 3661; x_wconf 81' lang='grc' dir='ltr'>χείρονος</span> <span class='ocrx_word' id='word_1_519' title='bbox 670 3587 887 3660; x_wconf 80' lang='grc' dir='ltr'>μακρὰν</span> <span class='ocrx_word' id='word_1_520' title='bbox 915 3588 1011 3642; x_wconf 75' lang='grc' dir='ltr'><strong>καὶ</strong></span> <span class='ocrx_word' id='word_1_521' title='bbox 1042 3587 1260 3658; x_wconf 78' lang='grc' dir='ltr'>ἐχθροί·</span> <span class='ocrx_word' id='word_1_522' title='bbox 1305 3586 1354 3638; x_wconf 86' lang='grc' dir='ltr'><strong>οί</strong></span> <span class='ocrx_word' id='word_1_523' title='bbox 1391 3585 1641 3655; x_wconf 77' lang='grc' dir='ltr'>λέγοντες</span> <span class='ocrx_word' id='word_1_524' title='bbox 1668 3585 1762 3655; x_wconf 81' lang='grc' dir='ltr'><strong>γέ-</strong></span> 
     </span>
    </p>
   </div>
   <div class='ocr_carea' id='block_1_68' title="bbox 164 3676 1757 3753">
    <p class='ocr_par' dir='ltr' id='par_1_68' title="bbox 164 3676 1757 3753">
     <span class='ocr_line' id='line_1_68' title="bbox 164 3676 1757 3753; baseline -0.004 -15"><span class='ocrx_word' id='word_1_525' title='bbox 164 3700 310 3738; x_wconf 79' lang='grc' dir='ltr'>νεσιν</span> <span class='ocrx_word' id='word_1_526' title='bbox 334 3683 398 3737; x_wconf 82' lang='grc' dir='ltr'>τὸ</span> <span class='ocrx_word' id='word_1_527' title='bbox 430 3681 566 3736; x_wconf 76' lang='grc' dir='ltr'>αὐτὸ</span> <span class='ocrx_word' id='word_1_528' title='bbox 599 3681 694 3753; x_wconf 82' lang='grc' dir='ltr'><strong>τὴν</strong></span> <span class='ocrx_word' id='word_1_529' title='bbox 728 3680 939 3734; x_wconf 87' lang='grc' dir='ltr'>ἀδικίαν</span> <span class='ocrx_word' id='word_1_530' title='bbox 972 3676 1110 3735; x_wconf 81' lang='grc' dir='ltr'>εἶναι</span> <span class='ocrx_word' id='word_1_531' title='bbox 1144 3680 1237 3732; x_wconf 75' lang='grc' dir='ltr'><strong>καὶ</strong></span> <span class='ocrx_word' id='word_1_532' title='bbox 1265 3678 1364 3752; x_wconf 81' lang='grc' dir='ltr'>τὴν</span> <span class='ocrx_word' id='word_1_533' title='bbox 1392 3679 1757 3749; x_wconf 87' lang='grc' dir='ltr'>δικαιοσύνην,</span> 
     </span>
    </p>
   </div>
   <div class='ocr_carea' id='block_1_69' title="bbox 165 3770 1761 3846">
    <p class='ocr_par' dir='ltr' id='par_1_69' title="bbox 165 3770 1761 3846">
     <span class='ocr_line' id='line_1_69' title="bbox 165 3770 1761 3846; baseline -0.003 -17"><span class='ocrx_word' id='word_1_534' title='bbox 165 3775 226 3829; x_wconf 76' lang='grc' dir='ltr'>οὐ</span> <span class='ocrx_word' id='word_1_535' title='bbox 251 3775 589 3846; x_wconf 74' lang='grc' dir='ltr'>διορίζονται</span> <span class='ocrx_word' id='word_1_536' title='bbox 622 3773 887 3827; x_wconf 83' lang='grc' dir='ltr'>κιναιδίαν</span> <span class='ocrx_word' id='word_1_537' title='bbox 917 3773 1010 3826; x_wconf 72' lang='grc' dir='ltr'><strong>καὶ</strong></span> <span class='ocrx_word' id='word_1_538' title='bbox 1042 3771 1316 3843; x_wconf 86' lang='grc' dir='ltr'>ἀνδρείαν,</span> <span class='ocrx_word' id='word_1_539' title='bbox 1351 3770 1623 3843; x_wconf 85' lang='grc' dir='ltr'>ἀκρασίαν</span> <span class='ocrx_word' id='word_1_540' title='bbox 1666 3772 1761 3824; x_wconf 77' lang='grc' dir='ltr'><strong>καὶ</strong></span> 
     </span>
    </p>
   </div>
   <div class='ocr_carea' id='block_1_70' title="bbox 169 3862 1761 3940">
    <p class='ocr_par' dir='ltr' id='par_1_70' title="bbox 169 3862 1761 3940">
     <span class='ocr_line' id='line_1_70' title="bbox 169 3862 1761 3940; baseline -0.003 -20"><span class='ocrx_word' id='word_1_541' title='bbox 169 3866 553 3940; x_wconf 75' lang='grc' dir='ltr'>σωφροσύνην,</span> <span class='ocrx_word' id='word_1_542' title='bbox 584 3867 721 3937; x_wconf 80' lang='grc' dir='ltr'>ὅπερ</span> <span class='ocrx_word' id='word_1_543' title='bbox 751 3864 1029 3918; x_wconf 86' lang='grc' dir='ltr'>ἀδύνατον.</span> <span class='ocrx_word' id='word_1_544' title='bbox 1070 3864 1134 3916; x_wconf 76' lang='lat' dir='ltr'><strong>EE</strong></span> <span class='ocrx_word' id='word_1_545' title='bbox 1164 3864 1274 3936; x_wconf 76' lang='grc' dir='ltr'><strong>γὰρ</strong></span> <span class='ocrx_word' id='word_1_546' title='bbox 1306 3862 1384 3934; x_wconf 83' lang='grc' dir='ltr'>τῷ</span> <span class='ocrx_word' id='word_1_547' title='bbox 1409 3862 1565 3934; x_wconf 82' lang='grc' dir='ltr'>κακῷ</span> <span class='ocrx_word' id='word_1_548' title='bbox 1592 3863 1761 3930; x_wconf 85' lang='grc' dir='ltr'>τάγα-</span> 
     </span>
    </p>
   </div>
   <div class='ocr_carea' id='block_1_71' title="bbox 169 3955 1760 4022">
    <p class='ocr_par' dir='ltr' id='par_1_71' title="bbox 169 3955 1760 4022">
     <span class='ocr_line' id='line_1_71' title="bbox 169 3955 1760 4022; baseline -0.005 -8"><span class='ocrx_word' id='word_1_549' title='bbox 169 3958 259 4013; x_wconf 72' lang='grc' dir='ltr'>θὸν</span> <span class='ocrx_word' id='word_1_550' title='bbox 294 3960 568 4022; x_wconf 80' lang='grc' dir='ltr'>ἐναντίον,</span> <span class='ocrx_word' id='word_1_551' title='bbox 599 3959 661 4011; x_wconf 80' lang='grc' dir='ltr'>τὸ</span> <span class='ocrx_word' id='word_1_552' title='bbox 687 3958 746 4011; x_wconf 84' lang='grc' dir='ltr'>δὲ</span> <span class='ocrx_word' id='word_1_553' title='bbox 776 3957 962 4011; x_wconf 80' lang='grc' dir='ltr'>ἄδικον</span> <span class='ocrx_word' id='word_1_554' title='bbox 989 3956 1193 4010; x_wconf 87' lang='grc' dir='ltr'>κακόν·</span> <span class='ocrx_word' id='word_1_555' title='bbox 1232 3955 1391 4009; x_wconf 78' lang='grc' dir='ltr'>τοῦτο</span> <span class='ocrx_word' id='word_1_556' title='bbox 1419 3955 1475 4009; x_wconf 82' lang='grc' dir='ltr'>δὲ</span> <span class='ocrx_word' id='word_1_557' title='bbox 1516 3955 1760 4010; x_wconf 80' lang='grc' dir='ltr'>ἐναντίον</span> 
     </span>
    </p>
   </div>
   <div class='ocr_carea' id='block_1_72' title="bbox 168 4045 1760 4122">
    <p class='ocr_par' dir='ltr' id='par_1_72' title="bbox 168 4045 1760 4122">
     <span class='ocr_line' id='line_1_72' title="bbox 168 4045 1760 4122; baseline -0.005 -16"><span class='ocrx_word' id='word_1_558' title='bbox 168 4052 242 4122; x_wconf 77' lang='grc' dir='ltr'>τῷ</span> <span class='ocrx_word' id='word_1_559' title='bbox 261 4052 463 4121; x_wconf 83' lang='grc' dir='ltr'>δικαίῳ</span> <span class='ocrx_word' id='word_1_560' title='bbox 480 4067 494 4080; x_wconf 98' lang='grc'><strong>·</strong></span> <span class='ocrx_word' id='word_1_561' title='bbox 522 4049 586 4103; x_wconf 83' lang='grc' dir='ltr'><strong>τὸ</strong></span> <span class='ocrx_word' id='word_1_562' title='bbox 605 4050 661 4102; x_wconf 81' lang='grc' dir='ltr'><strong>δὲ</strong></span> <span class='ocrx_word' id='word_1_563' title='bbox 680 4049 904 4114; x_wconf 87' lang='grc' dir='ltr'>δίκαιον,</span> <span class='ocrx_word' id='word_1_564' title='bbox 936 4048 1160 4119; x_wconf 83' lang='grc' dir='ltr'>ἀγαθόν·</span> <span class='ocrx_word' id='word_1_565' title='bbox 1185 4047 1246 4101; x_wconf 84' lang='grc' dir='ltr'><strong>τὸ</strong></span> <span class='ocrx_word' id='word_1_566' title='bbox 1261 4047 1315 4100; x_wconf 81' lang='grc' dir='ltr'>δὲ</span> <span class='ocrx_word' id='word_1_567' title='bbox 1336 4046 1538 4114; x_wconf 86' lang='grc' dir='ltr'>ἀγαθὸν</span> <span class='ocrx_word' id='word_1_568' title='bbox 1566 4045 1760 4117; x_wconf 76' lang='grc' dir='ltr'>ἐχθρὸν</span> 
     </span>
    </p>
   </div>
   <div class='ocr_carea' id='block_1_73' title="bbox 168 4136 1761 4213">
    <p class='ocr_par' dir='ltr' id='par_1_73' title="bbox 168 4136 1761 4213">
     <span class='ocr_line' id='line_1_73' title="bbox 168 4136 1761 4213; baseline -0.006 -15"><span class='ocrx_word' id='word_1_569' title='bbox 168 4144 261 4198; x_wconf 69' lang='grc' dir='ltr'>τοῦ</span> <span class='ocrx_word' id='word_1_570' title='bbox 297 4143 476 4198; x_wconf 73' lang='grc' dir='ltr'>κακοῦ</span> <span class='ocrx_word' id='word_1_571' title='bbox 496 4159 509 4172; x_wconf 88' lang='grc'><strong>·</strong></span> <span class='ocrx_word' id='word_1_572' title='bbox 546 4141 800 4213; x_wconf 84' lang='grc' dir='ltr'>ἀνόμοιον</span> <span class='ocrx_word' id='word_1_573' title='bbox 838 4141 895 4195; x_wconf 80' lang='grc' dir='ltr'>δὲ</span> <span class='ocrx_word' id='word_1_574' title='bbox 923 4140 984 4194; x_wconf 84' lang='grc' dir='ltr'>τὸ</span> <span class='ocrx_word' id='word_1_575' title='bbox 1015 4141 1187 4195; x_wconf 82' lang='grc' dir='ltr'>κακὸν</span> <span class='ocrx_word' id='word_1_576' title='bbox 1219 4138 1296 4210; x_wconf 83' lang='grc' dir='ltr'><strong>τῷ</strong></span> <span class='ocrx_word' id='word_1_577' title='bbox 1323 4136 1509 4208; x_wconf 86' lang='grc' dir='ltr'>ἀγαθῴ</span> <span class='ocrx_word' id='word_1_578' title='bbox 1530 4154 1542 4167; x_wconf 92' lang='grc'><strong>·</strong></span> <span class='ocrx_word' id='word_1_579' title='bbox 1575 4136 1761 4208; x_wconf 75' lang='grc' dir='ltr'>ἕτερον</span> 
     </span>
    </p>
   </div>
   <div class='ocr_carea' id='block_1_74' title="bbox 170 4227 1761 4309">
    <p class='ocr_par' dir='ltr' id='par_1_74' title="bbox 170 4227 1761 4309">
     <span class='ocr_line' id='line_1_74' title="bbox 170 4227 1761 4309; baseline -0.005 -19"><span class='ocrx_word' id='word_1_580' title='bbox 170 4237 281 4309; x_wconf 75' lang='grc' dir='ltr'>ἄρα</span> <span class='ocrx_word' id='word_1_581' title='bbox 311 4236 375 4289; x_wconf 74' lang='grc' dir='ltr'>τὸ</span> <span class='ocrx_word' id='word_1_582' title='bbox 402 4236 615 4289; x_wconf 90' lang='grc' dir='ltr'>δίκαιον</span> <span class='ocrx_word' id='word_1_583' title='bbox 644 4232 740 4287; x_wconf 80' lang='grc' dir='ltr'>τοῦ</span> <span class='ocrx_word' id='word_1_584' title='bbox 768 4233 978 4287; x_wconf 89' lang='grc' dir='ltr'>ἀδίκου.</span> <span class='ocrx_word' id='word_1_585' title='bbox 1027 4234 1143 4286; x_wconf 79' lang='grc' dir='ltr'>Οὐκ</span> <span class='ocrx_word' id='word_1_586' title='bbox 1183 4232 1289 4305; x_wconf 79' lang='grc' dir='ltr'>ἄρα</span> <span class='ocrx_word' id='word_1_587' title='bbox 1320 4232 1492 4294; x_wconf 74' lang='grc' dir='ltr'>αἴτιος</span> <span class='ocrx_word' id='word_1_588' title='bbox 1518 4227 1704 4283; x_wconf 85' lang='grc' dir='ltr'>κακῶν</span> <span class='ocrx_word' id='word_1_589' title='bbox 1732 4230 1761 4282; x_wconf 86' lang='grc' dir='ltr'>ὁ</span> 
     </span>
    </p>
   </div>
   <div class='ocr_carea' id='block_1_75' title="bbox 171 4322 1763 4398">
    <p class='ocr_par' dir='ltr' id='par_1_75' title="bbox 171 4322 1763 4398">
     <span class='ocr_line' id='line_1_75' title="bbox 171 4322 1763 4398; baseline -0.005 -15"><span class='ocrx_word' id='word_1_590' title='bbox 171 4327 328 4392; x_wconf 68' lang='grc' dir='ltr'>Θεὸς,</span> <span class='ocrx_word' id='word_1_591' title='bbox 360 4328 487 4381; x_wconf 76' lang='grc' dir='ltr'>οὐδὲ</span> <span class='ocrx_word' id='word_1_592' title='bbox 517 4327 698 4398; x_wconf 88' lang='grc' dir='ltr'>χαίρει</span> <span class='ocrx_word' id='word_1_593' title='bbox 731 4329 842 4390; x_wconf 88' lang='grc' dir='ltr'>τοῖς</span> <span class='ocrx_word' id='word_1_594' title='bbox 864 4329 1078 4390; x_wconf 86' lang='grc' dir='ltr'>κακοῖς.</span> <span class='ocrx_word' id='word_1_595' title='bbox 1116 4326 1191 4379; x_wconf 84' lang='grc' dir='ltr'>Ού</span> <span class='ocrx_word' id='word_1_596' title='bbox 1226 4325 1537 4394; x_wconf 81' lang='grc' dir='ltr'>συνίστησιν</span> <span class='ocrx_word' id='word_1_597' title='bbox 1565 4322 1763 4384; x_wconf 78' lang='grc' dir='ltr'>αὐτοὺς</span> 
     </span>
    </p>
   </div>
   <div class='ocr_carea' id='block_1_76' title="bbox 171 4411 1761 4490">
    <p class='ocr_par' dir='ltr' id='par_1_76' title="bbox 171 4411 1761 4490">
     <span class='ocr_line' id='line_1_76' title="bbox 171 4411 1761 4490; baseline -0.007 -14"><span class='ocrx_word' id='word_1_598' title='bbox 171 4421 205 4475; x_wconf 78' lang='grc' dir='ltr'><strong>ὁ</strong></span> <span class='ocrx_word' id='word_1_599' title='bbox 242 4421 440 4490; x_wconf 75' lang='grc' dir='ltr'>Λόγος,</span> <span class='ocrx_word' id='word_1_600' title='bbox 470 4418 677 4488; x_wconf 80' lang='grc' dir='ltr'>ἀγαθὸς</span> <span class='ocrx_word' id='word_1_601' title='bbox 709 4418 806 4472; x_wconf 81' lang='grc' dir='ltr'><strong>ῶν.</strong></span> <span class='ocrx_word' id='word_1_602' title='bbox 840 4418 911 4472; x_wconf 77' lang='grc' dir='ltr'><strong>Εἴ</strong></span> <span class='ocrx_word' id='word_1_603' title='bbox 934 4420 1042 4472; x_wconf 83' lang='grc' dir='ltr'>εἰσι</span> <span class='ocrx_word' id='word_1_604' title='bbox 1071 4419 1129 4471; x_wconf 84' lang='grc' dir='ltr'><strong>δὲ</strong></span> <span class='ocrx_word' id='word_1_605' title='bbox 1167 4417 1392 4489; x_wconf 78' lang='grc' dir='ltr'>πονηροί</span> <span class='ocrx_word' id='word_1_606' title='bbox 1420 4433 1583 4479; x_wconf 81' lang='grc' dir='ltr'>τινες,</span> <span class='ocrx_word' id='word_1_607' title='bbox 1620 4411 1761 4467; x_wconf 82' lang='grc' dir='ltr'>κατὰ</span> 
     </span>
    </p>
   </div>
   <div class='ocr_carea' id='block_1_77' title="bbox 1864 3216 3447 3294">
    <p class='ocr_par' dir='ltr' id='par_1_77' title="bbox 1864 3216 3447 3294">
     <span class='ocr_line' id='line_1_77' title="bbox 1864 3216 3447 3294; baseline 0.008 -23"><span class='ocrx_word' id='word_1_608' title='bbox 1864 3223 2052 3272; x_wconf 87' lang='lat' dir='ltr'><strong>castus</strong></span> <span class='ocrx_word' id='word_1_609' title='bbox 2087 3216 2195 3282; x_wconf 89' lang='lat' dir='ltr'><strong>sit;</strong></span> <span class='ocrx_word' id='word_1_610' title='bbox 2249 3218 2333 3273; x_wconf 90' lang='lat' dir='ltr'><strong>sin</strong></span> <span class='ocrx_word' id='word_1_611' title='bbox 2369 3217 2715 3285; x_wconf 82' lang='lat' dir='ltr'><strong>luxuriosus,</strong></span> <span class='ocrx_word' id='word_1_612' title='bbox 2754 3226 2868 3273; x_wconf 88' lang='lat' dir='ltr'><strong>tam</strong></span> <span class='ocrx_word' id='word_1_613' title='bbox 2904 3220 3009 3275; x_wconf 90' lang='lat' dir='ltr'><strong>sibi</strong></span> <span class='ocrx_word' id='word_1_614' title='bbox 3042 3238 3205 3292; x_wconf 90' lang='lat' dir='ltr'><strong>quam</strong></span> <span class='ocrx_word' id='word_1_615' title='bbox 3226 3225 3447 3294; x_wconf 87' lang='lat' dir='ltr'><strong>publico</strong></span> 
     </span>
    </p>
   </div>
   <div class='ocr_carea' id='block_1_78' title="bbox 1863 3307 3448 3381">
    <p class='ocr_par' dir='ltr' id='par_1_78' title="bbox 1863 3307 3448 3381">
     <span class='ocr_line' id='line_1_78' title="bbox 1863 3307 3448 3381; baseline 0.01 -20"><span class='ocrx_word' id='word_1_616' title='bbox 1863 3308 2084 3364; x_wconf 79' lang='lat' dir='ltr'><strong>noxius.</strong></span> <span class='ocrx_word' id='word_1_617' title='bbox 2112 3307 2178 3361; x_wconf 84' lang='lat' dir='ltr'><strong>Et</strong></span> <span class='ocrx_word' id='word_1_618' title='bbox 2203 3310 2250 3364; x_wconf 91' lang='lat' dir='ltr'><strong>si</strong></span> <span class='ocrx_word' id='word_1_619' title='bbox 2279 3317 2362 3365; x_wconf 91' lang='lat' dir='ltr'><strong>est</strong></span> <span class='ocrx_word' id='word_1_620' title='bbox 2394 3309 2694 3365; x_wconf 89' lang='lat' dir='ltr'><strong>discrimen</strong></span> <span class='ocrx_word' id='word_1_621' title='bbox 2724 3311 2997 3381; x_wconf 90' lang='lat' dir='ltr'><strong>quoddam</strong></span> <span class='ocrx_word' id='word_1_622' title='bbox 3033 3313 3176 3370; x_wconf 69' lang='lat' dir='ltr'><strong>inter</strong></span> <span class='ocrx_word' id='word_1_623' title='bbox 3207 3316 3448 3377; x_wconf 66' lang='lat' dir='ltr'><strong>cinaedos</strong></span> 
     </span>
    </p>
   </div>
   <div class='ocr_carea' id='block_1_79' title="bbox 1863 3384 3449 3473">
    <p class='ocr_par' dir='ltr' id='par_1_79' title="bbox 1863 3384 3449 3473">
     <span class='ocr_line' id='line_1_79' title="bbox 1863 3384 3449 3473; baseline 0.006 -17"><span class='ocrx_word' id='word_1_624' title='bbox 1863 3400 2122 3471; x_wconf 84' lang='lat' dir='ltr'><strong>virosque</strong></span> <span class='ocrx_word' id='word_1_625' title='bbox 2154 3400 2323 3456; x_wconf 86' lang='lat' dir='ltr'><strong>fortes</strong></span> <span class='ocrx_word' id='word_1_626' title='bbox 2346 3442 2361 3468; x_wconf 92' lang='lat'><strong>,</strong></span> <span class='ocrx_word' id='word_1_627' title='bbox 2394 3401 2648 3471; x_wconf 88' lang='lat' dir='ltr'><strong>interque</strong></span> <span class='ocrx_word' id='word_1_628' title='bbox 2673 3402 2980 3473; x_wconf 91' lang='lat' dir='ltr'><strong>impudicos</strong></span> <span class='ocrx_word' id='word_1_629' title='bbox 3010 3384 3072 3459; x_wconf 35' lang='lat' dir='ltr'><strong>et.</strong></span> <span class='ocrx_word' id='word_1_630' title='bbox 3096 3414 3303 3473; x_wconf 91' lang='lat' dir='ltr'><strong>castos,</strong></span> <span class='ocrx_word' id='word_1_631' title='bbox 3332 3417 3449 3466; x_wconf 89' lang='lat' dir='ltr'><strong>est-</strong></span> 
     </span>
    </p>
   </div>
   <div class='ocr_carea' id='block_1_80' title="bbox 1862 3496 3451 3570">
    <p class='ocr_par' dir='ltr' id='par_1_80' title="bbox 1862 3496 3451 3570">
     <span class='ocr_line' id='line_1_80' title="bbox 1862 3496 3451 3570; baseline 0.006 -21"><span class='ocrx_word' id='word_1_632' title='bbox 1862 3510 1970 3565; x_wconf 88' lang='lat' dir='ltr'><strong>que</strong></span> <span class='ocrx_word' id='word_1_633' title='bbox 1995 3497 2189 3551; x_wconf 89' lang='lat' dir='ltr'><strong>melior</strong></span> <span class='ocrx_word' id='word_1_634' title='bbox 2218 3496 2439 3550; x_wconf 78' lang='lat' dir='ltr'><strong>fortium</strong></span> <span class='ocrx_word' id='word_1_635' title='bbox 2470 3506 2634 3567; x_wconf 85' lang='lat' dir='ltr'><strong>atque</strong></span> <span class='ocrx_word' id='word_1_636' title='bbox 2662 3506 2939 3554; x_wconf 91' lang='lat' dir='ltr'><strong>castorum</strong></span> <span class='ocrx_word' id='word_1_637' title='bbox 2974 3500 3157 3570; x_wconf 88' lang='lat' dir='ltr'><strong>natio,</strong></span> <span class='ocrx_word' id='word_1_638' title='bbox 3206 3499 3451 3558; x_wconf 84' lang='lat' dir='ltr'><strong>deterior</strong></span> 
     </span>
    </p>
   </div>
   <div class='ocr_carea' id='block_1_81' title="bbox 1861 3589 3445 3666">
    <p class='ocr_par' dir='ltr' id='par_1_81' title="bbox 1861 3589 3445 3666">
     <span class='ocr_line' id='line_1_81' title="bbox 1861 3589 3445 3666; baseline 0.005 -24"><span class='ocrx_word' id='word_1_639' title='bbox 1861 3603 1994 3642; x_wconf 87' lang='lat' dir='ltr'><strong>vero</strong></span> <span class='ocrx_word' id='word_1_640' title='bbox 2039 3603 2228 3642; x_wconf 89' lang='lat' dir='ltr'><strong>eorum</strong></span> <span class='ocrx_word' id='word_1_641' title='bbox 2258 3589 2353 3658; x_wconf 91' lang='lat' dir='ltr'><strong>qui</strong></span> <span class='ocrx_word' id='word_1_642' title='bbox 2403 3589 2766 3645; x_wconf 84' lang='lat' dir='ltr'><strong>adversantur</strong></span> <span class='ocrx_word' id='word_1_643' title='bbox 2800 3610 2811 3645; x_wconf 92' lang='lat'><strong>:</strong></span> <span class='ocrx_word' id='word_1_644' title='bbox 2849 3592 3119 3662; x_wconf 89' lang='lat' dir='ltr'><strong>siquidem</strong></span> <span class='ocrx_word' id='word_1_645' title='bbox 3155 3594 3320 3648; x_wconf 91' lang='lat' dir='ltr'><strong>etiam</strong></span> <span class='ocrx_word' id='word_1_646' title='bbox 3349 3597 3445 3666; x_wconf 91' lang='lat' dir='ltr'><strong>qui</strong></span> 
     </span>
    </p>
   </div>
   <div class='ocr_carea' id='block_1_82' title="bbox 1861 3680 3446 3756">
    <p class='ocr_par' dir='ltr' id='par_1_82' title="bbox 1861 3680 3446 3756">
     <span class='ocr_line' id='line_1_82' title="bbox 1861 3680 3446 3756; baseline 0.006 -23"><span class='ocrx_word' id='word_1_647' title='bbox 1861 3681 2035 3749; x_wconf 86' lang='lat' dir='ltr'><strong>partis</strong></span> <span class='ocrx_word' id='word_1_648' title='bbox 2067 3680 2311 3735; x_wconf 90' lang='lat' dir='ltr'><strong>melioris</strong></span> <span class='ocrx_word' id='word_1_649' title='bbox 2358 3689 2507 3746; x_wconf 89' lang='lat' dir='ltr'><strong>sunt,</strong></span> <span class='ocrx_word' id='word_1_650' title='bbox 2558 3681 2668 3738; x_wconf 92' lang='lat' dir='ltr'><strong>Deo</strong></span> <span class='ocrx_word' id='word_1_651' title='bbox 2696 3683 2859 3737; x_wconf 93' lang='lat' dir='ltr'><strong>vicini</strong></span> <span class='ocrx_word' id='word_1_652' title='bbox 2896 3684 3054 3755; x_wconf 89' lang='lat' dir='ltr'><strong>eique</strong></span> <span class='ocrx_word' id='word_1_653' title='bbox 3084 3686 3250 3741; x_wconf 88' lang='lat' dir='ltr'><strong>amici</strong></span> <span class='ocrx_word' id='word_1_654' title='bbox 3282 3694 3446 3756; x_wconf 78' lang='lat' dir='ltr'><strong>sunt;</strong></span> 
     </span>
    </p>
   </div>
   <div class='ocr_carea' id='block_1_83' title="bbox 1865 3773 3450 3849">
    <p class='ocr_par' dir='ltr' id='par_1_83' title="bbox 1865 3773 3450 3849">
     <span class='ocr_line' id='line_1_83' title="bbox 1865 3773 3450 3849; baseline 0.008 -24"><span class='ocrx_word' id='word_1_655' title='bbox 1865 3773 1959 3842; x_wconf 88' lang='lat' dir='ltr'><strong>qui</strong></span> <span class='ocrx_word' id='word_1_656' title='bbox 1990 3787 2116 3825; x_wconf 81' lang='lat' dir='ltr'><strong>vero</strong></span> <span class='ocrx_word' id='word_1_657' title='bbox 2149 3773 2215 3827; x_wconf 92' lang='lat' dir='ltr'><strong>ad</strong></span> <span class='ocrx_word' id='word_1_658' title='bbox 2247 3774 2557 3844; x_wconf 88' lang='lat' dir='ltr'><strong>sequiorem</strong></span> <span class='ocrx_word' id='word_1_659' title='bbox 2602 3776 2915 3846; x_wconf 88' lang='lat' dir='ltr'><strong>pertinent,</strong></span> <span class='ocrx_word' id='word_1_660' title='bbox 2970 3778 3130 3849; x_wconf 86' lang='lat' dir='ltr'><strong>longe</strong></span> <span class='ocrx_word' id='word_1_661' title='bbox 3163 3794 3194 3833; x_wconf 91' lang='lat' dir='ltr'><strong>a</strong></span> <span class='ocrx_word' id='word_1_662' title='bbox 3227 3777 3338 3835; x_wconf 90' lang='lat' dir='ltr'><strong>Deo</strong></span> <span class='ocrx_word' id='word_1_663' title='bbox 3369 3780 3450 3837; x_wconf 90' lang='lat' dir='ltr'><strong>di-</strong></span> 
     </span>
    </p>
   </div>
   <div class='ocr_carea' id='block_1_84' title="bbox 1863 3866 3449 3937">
    <p class='ocr_par' dir='ltr' id='par_1_84' title="bbox 1863 3866 3449 3937">
     <span class='ocr_line' id='line_1_84' title="bbox 1863 3866 3449 3937; baseline 0.007 -18"><span class='ocrx_word' id='word_1_664' title='bbox 1863 3870 2046 3928; x_wconf 90' lang='lat' dir='ltr'><strong>stant,</strong></span> <span class='ocrx_word' id='word_1_665' title='bbox 2076 3873 2290 3920; x_wconf 89' lang='lat' dir='ltr'><strong>etsunt</strong></span> <span class='ocrx_word' id='word_1_666' title='bbox 2326 3866 2532 3921; x_wconf 90' lang='lat' dir='ltr'><strong>inimici</strong></span> <span class='ocrx_word' id='word_1_667' title='bbox 2568 3886 2581 3921; x_wconf 93' lang='lat'>:</span> <span class='ocrx_word' id='word_1_668' title='bbox 2617 3867 2711 3937; x_wconf 91' lang='lat' dir='ltr'><strong>qui</strong></span> <span class='ocrx_word' id='word_1_669' title='bbox 2740 3867 2931 3923; x_wconf 91' lang='lat' dir='ltr'><strong>dicunt</strong></span> <span class='ocrx_word' id='word_1_670' title='bbox 2981 3871 3148 3925; x_wconf 88' lang='lat' dir='ltr'><strong>natali</strong></span> <span class='ocrx_word' id='word_1_671' title='bbox 3184 3870 3449 3929; x_wconf 76' lang='lat' dir='ltr'><strong>fataiitate</strong></span> 
     </span>
    </p>
   </div>
   <div class='ocr_carea' id='block_1_85' title="bbox 1861 3954 3449 4029">
    <p class='ocr_par' dir='ltr' id='par_1_85' title="bbox 1861 3954 3449 4029">
     <span class='ocr_line' id='line_1_85' title="bbox 1861 3954 3449 4029; baseline 0.009 -21"><span class='ocrx_word' id='word_1_672' title='bbox 1861 3954 2087 4026; x_wconf 85' lang='lat' dir='ltr'><strong>perinde</strong></span> <span class='ocrx_word' id='word_1_673' title='bbox 2126 3956 2453 4026; x_wconf 91' lang='lat' dir='ltr'><strong>injustitiam</strong></span> <span class='ocrx_word' id='word_1_674' title='bbox 2484 3966 2647 4029; x_wconf 88' lang='lat' dir='ltr'><strong>atque</strong></span> <span class='ocrx_word' id='word_1_675' title='bbox 2668 3959 2941 4029; x_wconf 90' lang='lat' dir='ltr'><strong>justitiam</strong></span> <span class='ocrx_word' id='word_1_676' title='bbox 2981 3960 3176 4027; x_wconf 85' lang='lat' dir='ltr'><strong>alllari,</strong></span> <span class='ocrx_word' id='word_1_677' title='bbox 3199 3980 3309 4019; x_wconf 90' lang='lat' dir='ltr'><strong>non</strong></span> <span class='ocrx_word' id='word_1_678' title='bbox 3333 3965 3449 4022; x_wconf 89' lang='lat' dir='ltr'><strong>dis-</strong></span> 
     </span>
    </p>
   </div>
   <div class='ocr_carea' id='block_1_86' title="bbox 1859 4047 3452 4118">
    <p class='ocr_par' dir='ltr' id='par_1_86' title="bbox 1859 4047 3452 4118">
     <span class='ocr_line' id='line_1_86' title="bbox 1859 4047 3452 4118; baseline 0.007 -19"><span class='ocrx_word' id='word_1_679' title='bbox 1859 4047 2119 4117; x_wconf 90' lang='lat' dir='ltr'><strong>tinguunt</strong></span> <span class='ocrx_word' id='word_1_680' title='bbox 2153 4047 2489 4102; x_wconf 65' lang='lat' dir='ltr'><strong>cinaedorum</strong></span> <span class='ocrx_word' id='word_1_681' title='bbox 2524 4048 2809 4105; x_wconf 88' lang='lat' dir='ltr'><strong>mollitiem</strong></span> <span class='ocrx_word' id='word_1_682' title='bbox 2853 4066 2884 4104; x_wconf 92' lang='lat' dir='ltr'><strong>a</strong></span> <span class='ocrx_word' id='word_1_683' title='bbox 2915 4048 3265 4118; x_wconf 88' lang='lat' dir='ltr'><strong>fortitudine,</strong></span> <span class='ocrx_word' id='word_1_684' title='bbox 3292 4063 3346 4109; x_wconf 89' lang='lat' dir='ltr'><strong>et</strong></span> <span class='ocrx_word' id='word_1_685' title='bbox 3372 4054 3452 4110; x_wconf 87' lang='lat' dir='ltr'><strong>lu-</strong></span> 
     </span>
    </p>
   </div>
   <div class='ocr_carea' id='block_1_87' title="bbox 1860 4138 3451 4213">
    <p class='ocr_par' dir='ltr' id='par_1_87' title="bbox 1860 4138 3451 4213">
     <span class='ocr_line' id='line_1_87' title="bbox 1860 4138 3451 4213; baseline 0.005 -21"><span class='ocrx_word' id='word_1_686' title='bbox 1860 4138 2077 4192; x_wconf 82' lang='lat' dir='ltr'><strong>xuriam</strong></span> <span class='ocrx_word' id='word_1_687' title='bbox 2098 4153 2127 4192; x_wconf 90' lang='lat' dir='ltr'><strong>a</strong></span> <span class='ocrx_word' id='word_1_688' title='bbox 2163 4140 2447 4195; x_wconf 86' lang='lat' dir='ltr'><strong>castitate:</strong></span> <span class='ocrx_word' id='word_1_689' title='bbox 2477 4154 2599 4210; x_wconf 75' lang='lat' dir='ltr'><strong>quae</strong></span> <span class='ocrx_word' id='word_1_690' title='bbox 2638 4146 2699 4194; x_wconf 89' lang='lat' dir='ltr'><strong>ut</strong></span> <span class='ocrx_word' id='word_1_691' title='bbox 2743 4140 2799 4195; x_wconf 89' lang='lat' dir='ltr'><strong>in</strong></span> <span class='ocrx_word' id='word_1_692' title='bbox 2819 4156 2990 4195; x_wconf 91' lang='lat' dir='ltr'><strong>unum</strong></span> <span class='ocrx_word' id='word_1_693' title='bbox 3019 4150 3305 4213; x_wconf 76' lang='lat' dir='ltr'><strong>cogantur,</strong></span> <span class='ocrx_word' id='word_1_694' title='bbox 3330 4144 3451 4201; x_wconf 84' lang='lat' dir='ltr'><strong>ﬁeri</strong></span> 
     </span>
    </p>
   </div>
   <div class='ocr_carea' id='block_1_88' title="bbox 1861 4230 3447 4303">
    <p class='ocr_par' dir='ltr' id='par_1_88' title="bbox 1861 4230 3447 4303">
     <span class='ocr_line' id='line_1_88' title="bbox 1861 4230 3447 4303; baseline 0.004 -20"><span class='ocrx_word' id='word_1_695' title='bbox 1861 4243 1973 4283; x_wconf 92' lang='lat' dir='ltr'><strong>non</strong></span> <span class='ocrx_word' id='word_1_696' title='bbox 2005 4236 2208 4300; x_wconf 89' lang='lat' dir='ltr'><strong>potest.</strong></span> <span class='ocrx_word' id='word_1_697' title='bbox 2249 4230 2309 4285; x_wconf 87' lang='lat' dir='ltr'><strong>Si</strong></span> <span class='ocrx_word' id='word_1_698' title='bbox 2358 4230 2506 4286; x_wconf 90' lang='lat' dir='ltr'><strong>enim</strong></span> <span class='ocrx_word' id='word_1_699' title='bbox 2554 4231 2761 4286; x_wconf 90' lang='lat' dir='ltr'><strong>bonum</strong></span> <span class='ocrx_word' id='word_1_700' title='bbox 2786 4233 2930 4288; x_wconf 90' lang='lat' dir='ltr'><strong>malo</strong></span> <span class='ocrx_word' id='word_1_701' title='bbox 2961 4235 3303 4290; x_wconf 91' lang='lat' dir='ltr'><strong>contrarium</strong></span> <span class='ocrx_word' id='word_1_702' title='bbox 3329 4244 3447 4303; x_wconf 89' lang='lat' dir='ltr'><strong>est,</strong></span> 
     </span>
    </p>
   </div>
   <div class='ocr_carea' id='block_1_89' title="bbox 1862 4321 3452 4399">
    <p class='ocr_par' dir='ltr' id='par_1_89' title="bbox 1862 4321 3452 4399">
     <span class='ocr_line' id='line_1_89' title="bbox 1862 4321 3452 4399; baseline 0.006 -23"><span class='ocrx_word' id='word_1_703' title='bbox 1862 4321 2132 4395; x_wconf 90' lang='lat' dir='ltr'><strong>injustum</strong></span> <span class='ocrx_word' id='word_1_704' title='bbox 2172 4332 2354 4382; x_wconf 89' lang='lat' dir='ltr'><strong>autem</strong></span> <span class='ocrx_word' id='word_1_705' title='bbox 2400 4327 2601 4381; x_wconf 91' lang='lat' dir='ltr'><strong>malum</strong></span> <span class='ocrx_word' id='word_1_706' title='bbox 2644 4334 2728 4382; x_wconf 87' lang='lat' dir='ltr'><strong>est</strong></span> <span class='ocrx_word' id='word_1_707' title='bbox 2764 4347 2776 4382; x_wconf 90' lang='lat'>:</span> <span class='ocrx_word' id='word_1_708' title='bbox 2809 4329 3017 4394; x_wconf 86' lang='lat' dir='ltr'><strong>ethoc,</strong></span> <span class='ocrx_word' id='word_1_709' title='bbox 3047 4337 3200 4399; x_wconf 77' lang='lat' dir='ltr'><strong>justo</strong></span> <span class='ocrx_word' id='word_1_710' title='bbox 3230 4342 3452 4386; x_wconf 90' lang='lat' dir='ltr'><strong>contra-</strong></span> 
     </span>
    </p>
   </div>
   <div class='ocr_carea' id='block_1_90' title="bbox 1860 4416 3448 4490">
    <p class='ocr_par' dir='ltr' id='par_1_90' title="bbox 1860 4416 3448 4490">
     <span class='ocr_line' id='line_1_90' title="bbox 1860 4416 3448 4490; baseline 0.004 -20"><span class='ocrx_word' id='word_1_711' title='bbox 1860 4416 2005 4471; x_wconf 89' lang='lat' dir='ltr'><strong>rium</strong></span> <span class='ocrx_word' id='word_1_712' title='bbox 2034 4437 2046 4471; x_wconf 92' lang='lat'><strong>:</strong></span> <span class='ocrx_word' id='word_1_713' title='bbox 2072 4433 2239 4490; x_wconf 89' lang='lat' dir='ltr'><strong>porro</strong></span> <span class='ocrx_word' id='word_1_714' title='bbox 2259 4417 2405 4488; x_wconf 93' lang='lat' dir='ltr'><strong>quod</strong></span> <span class='ocrx_word' id='word_1_715' title='bbox 2425 4418 2660 4488; x_wconf 90' lang='lat' dir='ltr'><strong>justum,</strong></span> <span class='ocrx_word' id='word_1_716' title='bbox 2686 4419 2829 4473; x_wconf 89' lang='lat' dir='ltr'><strong>idem</strong></span> <span class='ocrx_word' id='word_1_717' title='bbox 2858 4419 3093 4476; x_wconf 89' lang='lat' dir='ltr'><strong>bonum:</strong></span> <span class='ocrx_word' id='word_1_718' title='bbox 3118 4422 3323 4476; x_wconf 91' lang='lat' dir='ltr'><strong>bonum</strong></span> <span class='ocrx_word' id='word_1_719' title='bbox 3349 4438 3448 4476; x_wconf 90' lang='lat' dir='ltr'><strong>au-</strong></span> 
     </span>
    </p>
   </div>
   <div class='ocr_carea' id='block_1_91' title="bbox 172 4505 1757 4585">
    <p class='ocr_par' dir='ltr' id='par_1_91' title="bbox 172 4505 1757 4585">
     <span class='ocr_line' id='line_1_91' title="bbox 172 4505 1757 4585; baseline -0.005 -19"><span class='ocrx_word' id='word_1_720' title='bbox 172 4511 384 4567; x_wconf 74' lang='grc' dir='ltr'>ενδειαν</span> <span class='ocrx_word' id='word_1_721' title='bbox 441 4510 657 4585; x_wconf 78' lang='grc' dir='ltr'>φρενῶν</span> <span class='ocrx_word' id='word_1_722' title='bbox 700 4512 837 4565; x_wconf 80' lang='grc' dir='ltr'>εἰσιν</span> <span class='ocrx_word' id='word_1_723' title='bbox 878 4505 1022 4565; x_wconf 71' lang='grc' dir='ltr'>οὗτοι</span> <span class='ocrx_word' id='word_1_724' title='bbox 1071 4509 1320 4581; x_wconf 75' lang='grc' dir='ltr'>πονηροὶ,</span> <span class='ocrx_word' id='word_1_725' title='bbox 1376 4507 1470 4561; x_wconf 75' lang='grc' dir='ltr'>καὶ</span> <span class='ocrx_word' id='word_1_726' title='bbox 1514 4507 1574 4560; x_wconf 89' lang='grc' dir='ltr'><strong>οὐ</strong></span> <span class='ocrx_word' id='word_1_727' title='bbox 1620 4505 1757 4559; x_wconf 86' lang='grc' dir='ltr'><strong>κατά</strong></span> 
     </span>
    </p>
   </div>
   <div class='ocr_carea' id='block_1_92' title="bbox 1864 4505 3444 4585">
    <p class='ocr_par' dir='ltr' id='par_1_92' title="bbox 1867 4509 3444 4568">
     <span class='ocr_line' id='line_1_92' title="bbox 1867 4509 3444 4568; baseline 0.004 -6"><span class='ocrx_word' id='word_1_728' title='bbox 1867 4516 1977 4564; x_wconf 92' lang='lat' dir='ltr'><strong>tem</strong></span> <span class='ocrx_word' id='word_1_729' title='bbox 2009 4509 2296 4564; x_wconf 86' lang='lat' dir='ltr'><strong>inimicum</strong></span> <span class='ocrx_word' id='word_1_730' title='bbox 2328 4510 2473 4564; x_wconf 89' lang='lat' dir='ltr'><strong>malo</strong></span> <span class='ocrx_word' id='word_1_731' title='bbox 2503 4530 2515 4566; x_wconf 90' lang='lat'><strong>:</strong></span> <span class='ocrx_word' id='word_1_732' title='bbox 2565 4511 2831 4566; x_wconf 89' lang='lat' dir='ltr'><strong>dissimile</strong></span> <span class='ocrx_word' id='word_1_733' title='bbox 2870 4527 2999 4567; x_wconf 90' lang='lat' dir='ltr'><strong>vero</strong></span> <span class='ocrx_word' id='word_1_734' title='bbox 3026 4513 3229 4567; x_wconf 89' lang='lat' dir='ltr'><strong>malum</strong></span> <span class='ocrx_word' id='word_1_735' title='bbox 3258 4514 3403 4568; x_wconf 93' lang='lat' dir='ltr'><strong>bono</strong></span> <span class='ocrx_word' id='word_1_736' title='bbox 3431 4533 3444 4567; x_wconf 94' lang='lat'>:</span> 
     </span>
    </p>
   </div>
   <div class='ocr_carea' id='block_1_93' title="bbox 172 4604 411 4675">
    <p class='ocr_par' dir='ltr' id='par_1_93' title="bbox 172 4604 411 4675">
     <span class='ocr_line' id='line_1_93' title="bbox 172 4604 411 4675; baseline 0.004 -17"><span class='ocrx_word' id='word_1_737' title='bbox 172 4604 411 4675; x_wconf 75' lang='grc' dir='ltr'>γένεσιν.</span> 
     </span>
    </p>
   </div>
   <div class='ocr_carea' id='block_1_94' title="bbox 1871 4600 3446 4674">
    <p class='ocr_par' dir='ltr' id='par_1_94' title="bbox 1871 4600 3446 4674">
     <span class='ocr_line' id='line_1_94' title="bbox 1871 4600 3446 4674; baseline 0.004 -21"><span class='ocrx_word' id='word_1_738' title='bbox 1871 4600 2018 4655; x_wconf 89' lang='lat' dir='ltr'><strong>aliud</strong></span> <span class='ocrx_word' id='word_1_739' title='bbox 2054 4600 2279 4656; x_wconf 91' lang='lat' dir='ltr'><strong>omnino</strong></span> <span class='ocrx_word' id='word_1_740' title='bbox 2302 4602 2407 4656; x_wconf 90' lang='lat' dir='ltr'><strong>erit</strong></span> <span class='ocrx_word' id='word_1_741' title='bbox 2435 4602 2702 4674; x_wconf 81' lang='lat' dir='ltr'><strong>longeque</strong></span> <span class='ocrx_word' id='word_1_742' title='bbox 2721 4602 2995 4658; x_wconf 85' lang='lat' dir='ltr'><strong>diversum</strong></span> <span class='ocrx_word' id='word_1_743' title='bbox 3013 4604 3226 4673; x_wconf 91' lang='lat' dir='ltr'><strong>justum</strong></span> <span class='ocrx_word' id='word_1_744' title='bbox 3261 4605 3330 4659; x_wconf 89' lang='lat' dir='ltr'><strong>ab</strong></span> <span class='ocrx_word' id='word_1_745' title='bbox 3357 4604 3446 4659; x_wconf 90' lang='lat' dir='ltr'><strong>in-</strong></span> 
     </span>
    </p>
   </div>
   <div class='ocr_carea' id='block_1_95' title="bbox 170 4692 3449 4768">
    <p class='ocr_par' dir='ltr' id='par_1_95' title="bbox 170 4692 3449 4768">
     <span class='ocr_line' id='line_1_95' title="bbox 170 4692 3449 4768; baseline 0 -16"><span class='ocrx_word' id='word_1_746' title='bbox 170 4697 346 4768; x_wconf 90' lang='lat' dir='ltr'><strong>justo.</strong></span> <span class='ocrx_word' id='word_1_747' title='bbox 379 4696 501 4751; x_wconf 78' lang='lat' dir='ltr'><strong>Non</strong></span> <span class='ocrx_word' id='word_1_748' title='bbox 528 4696 696 4768; x_wconf 82' lang='lat' dir='ltr'><strong>igitur</strong></span> <span class='ocrx_word' id='word_1_749' title='bbox 728 4705 922 4750; x_wconf 89' lang='lat' dir='ltr'><strong>auctor</strong></span> <span class='ocrx_word' id='word_1_750' title='bbox 951 4694 1218 4749; x_wconf 90' lang='lat' dir='ltr'><strong>malorum</strong></span> <span class='ocrx_word' id='word_1_751' title='bbox 1260 4692 1404 4748; x_wconf 92' lang='lat' dir='ltr'><strong>Deus</strong></span> <span class='ocrx_word' id='word_1_752' title='bbox 1427 4732 1442 4757; x_wconf 89' lang='lat'><strong>,</strong></span> <span class='ocrx_word' id='word_1_753' title='bbox 1477 4708 1580 4747; x_wconf 90' lang='lat' dir='ltr'><strong>nec</strong></span> <span class='ocrx_word' id='word_1_754' title='bbox 1605 4692 1764 4748; x_wconf 89' lang='lat' dir='ltr'><strong>malis</strong></span> <span class='ocrx_word' id='word_1_755' title='bbox 1798 4693 2120 4750; x_wconf 87' lang='lat' dir='ltr'><strong>delectatur.</strong></span> <span class='ocrx_word' id='word_1_756' title='bbox 2146 4694 2332 4765; x_wconf 83' lang='lat' dir='ltr'><strong>Neque</strong></span> <span class='ocrx_word' id='word_1_757' title='bbox 2364 4696 2504 4750; x_wconf 90' lang='lat' dir='ltr'><strong>ratio</strong></span> <span class='ocrx_word' id='word_1_758' title='bbox 2534 4696 2656 4752; x_wconf 91' lang='lat' dir='ltr'><strong>illos</strong></span> <span class='ocrx_word' id='word_1_759' title='bbox 2700 4696 3075 4765; x_wconf 90' lang='lat' dir='ltr'><strong>commendat,</strong></span> <span class='ocrx_word' id='word_1_760' title='bbox 3124 4711 3245 4767; x_wconf 83' lang='lat' dir='ltr'><strong>quae</strong></span> <span class='ocrx_word' id='word_1_761' title='bbox 3303 4697 3449 4753; x_wconf 88' lang='lat' dir='ltr'><strong>bona</strong></span> 
     </span>
    </p>
   </div>
   <div class='ocr_carea' id='block_1_96' title="bbox 175 4789 2752 4864">
    <p class='ocr_par' dir='ltr' id='par_1_96' title="bbox 175 4789 2752 4864">
     <span class='ocr_line' id='line_1_96' title="bbox 175 4789 2752 4864; baseline -0.002 -15"><span class='ocrx_word' id='word_1_762' title='bbox 175 4795 268 4850; x_wconf 86' lang='lat' dir='ltr'><strong>sit.</strong></span> <span class='ocrx_word' id='word_1_763' title='bbox 306 4792 471 4860; x_wconf 85' lang='lat' dir='ltr'><strong>Quod</strong></span> <span class='ocrx_word' id='word_1_764' title='bbox 494 4796 539 4849; x_wconf 90' lang='lat' dir='ltr'><strong>si</strong></span> <span class='ocrx_word' id='word_1_765' title='bbox 572 4793 794 4864; x_wconf 83' lang='lat' dir='ltr'><strong>quidam</strong></span> <span class='ocrx_word' id='word_1_766' title='bbox 824 4792 953 4846; x_wconf 89' lang='lat' dir='ltr'><strong>mali</strong></span> <span class='ocrx_word' id='word_1_767' title='bbox 987 4801 1150 4856; x_wconf 89' lang='lat' dir='ltr'><strong>sunt,</strong></span> <span class='ocrx_word' id='word_1_768' title='bbox 1209 4790 1408 4845; x_wconf 90' lang='lat' dir='ltr'><strong>mentis</strong></span> <span class='ocrx_word' id='word_1_769' title='bbox 1434 4789 1614 4860; x_wconf 88' lang='lat' dir='ltr'><strong>inopia</strong></span> <span class='ocrx_word' id='word_1_770' title='bbox 1640 4791 1772 4845; x_wconf 89' lang='lat' dir='ltr'><strong>mali</strong></span> <span class='ocrx_word' id='word_1_771' title='bbox 1813 4798 1963 4855; x_wconf 88' lang='lat' dir='ltr'><strong>sunt,</strong></span> <span class='ocrx_word' id='word_1_772' title='bbox 1994 4806 2103 4846; x_wconf 92' lang='lat' dir='ltr'><strong>non</strong></span> <span class='ocrx_word' id='word_1_773' title='bbox 2136 4793 2302 4847; x_wconf 89' lang='lat' dir='ltr'><strong>natali</strong></span> <span class='ocrx_word' id='word_1_774' title='bbox 2327 4793 2438 4847; x_wconf 89' lang='lat' dir='ltr'><strong>ulla</strong></span> <span class='ocrx_word' id='word_1_775' title='bbox 2468 4792 2752 4847; x_wconf 84' lang='lat' dir='ltr'><strong>fatalitate.</strong></span> 
     </span>
    </p>
   </div>
   <div class='ocr_carea' id='block_1_97' title="bbox 248 4882 1768 4959">
    <p class='ocr_par' dir='ltr' id='par_1_97' title="bbox 248 4882 1768 4959">
     <span class='ocr_line' id='line_1_97' title="bbox 248 4882 1768 4959; baseline -0.003 -15"><span class='ocrx_word' id='word_1_776' title='bbox 248 4887 496 4959; x_wconf 54' lang='grc' dir='ltr'><strong>Σειρῆσιν</strong></span> <span class='ocrx_word' id='word_1_777' title='bbox 545 4888 992 4957; x_wconf 69' lang='grc' dir='ltr'>ἀτασθαλίῃσιν</span> <span class='ocrx_word' id='word_1_778' title='bbox 1031 4884 1369 4955; x_wconf 72' lang='grc' dir='ltr'>ὑπέρμορον</span> <span class='ocrx_word' id='word_1_779' title='bbox 1401 4882 1565 4953; x_wconf 80' lang='grc' dir='ltr'>ἄλγε’</span> <span class='ocrx_word' id='word_1_780' title='bbox 1593 4885 1768 4953; x_wconf 80' lang='grc' dir='ltr'><strong>ἕχον-</strong></span> 
     </span>
    </p>
   </div>
   <div class='ocr_carea' id='block_1_98' title="bbox 180 4984 446 5057">
    <p class='ocr_par' dir='ltr' id='par_1_98' title="bbox 180 4984 446 5057">
     <span class='ocr_line' id='line_1_98' title="bbox 180 4984 446 5057; baseline 0 -19"><span class='ocrx_word' id='word_1_781' title='bbox 180 5000 275 5051; x_wconf 70' lang='grc' dir='ltr'><strong>τες</strong></span> <span class='ocrx_word' id='word_1_782' title='bbox 309 4984 446 5057; x_wconf 77' lang='lat'><strong>(&#39;55).</strong></span> 
     </span>
    </p>
   </div>
   <div class='ocr_carea' id='block_1_99' title="bbox 246 5070 1764 5143">
    <p class='ocr_par' dir='ltr' id='par_1_99' title="bbox 246 5070 1764 5143">
     <span class='ocr_line' id='line_1_99' title="bbox 246 5070 1764 5143; baseline -0.003 -15"><span class='ocrx_word' id='word_1_783' title='bbox 246 5076 315 5128; x_wconf 82' lang='grc' dir='ltr'><strong>Εἰ</strong></span> <span class='ocrx_word' id='word_1_784' title='bbox 345 5075 405 5128; x_wconf 84' lang='grc' dir='ltr'>δὲ</span> <span class='ocrx_word' id='word_1_785' title='bbox 449 5074 657 5128; x_wconf 84' lang='grc' dir='ltr'>ἀνελεῖν</span> <span class='ocrx_word' id='word_1_786' title='bbox 680 5090 821 5137; x_wconf 87' lang='grc' dir='ltr'>τινα,</span> <span class='ocrx_word' id='word_1_787' title='bbox 863 5072 957 5127; x_wconf 78' lang='grc' dir='ltr'><strong>καὶ</strong></span> <span class='ocrx_word' id='word_1_788' title='bbox 1000 5071 1144 5143; x_wconf 83' lang='grc' dir='ltr'>φόνῳ</span> <span class='ocrx_word' id='word_1_789' title='bbox 1181 5070 1278 5134; x_wconf 83' lang='grc' dir='ltr'>τὰς</span> <span class='ocrx_word' id='word_1_790' title='bbox 1312 5072 1497 5143; x_wconf 76' lang='grc' dir='ltr'>χεῖρας</span> <span class='ocrx_word' id='word_1_791' title='bbox 1532 5070 1764 5141; x_wconf 82' lang='grc' dir='ltr'>αἱμάξαι</span> 
     </span>
    </p>
   </div>
   <div class='ocr_carea' id='block_1_100' title="bbox 174 5154 1763 5237">
    <p class='ocr_par' dir='ltr' id='par_1_100' title="bbox 174 5154 1763 5237">
     <span class='ocr_line' id='line_1_100' title="bbox 174 5154 1763 5237; baseline -0.004 -16"><span class='ocrx_word' id='word_1_792' title='bbox 174 5166 396 5235; x_wconf 79' lang='grc' dir='ltr'>γένεσις</span> <span class='ocrx_word' id='word_1_793' title='bbox 421 5166 750 5237; x_wconf 74' lang='grc' dir='ltr'>ἐργάζεται·</span> <span class='ocrx_word' id='word_1_794' title='bbox 786 5162 943 5217; x_wconf 79' lang='grc' dir='ltr'>τοῦτο</span> <span class='ocrx_word' id='word_1_795' title='bbox 980 5154 1038 5216; x_wconf 82' lang='grc' dir='ltr'>δὲ</span> <span class='ocrx_word' id='word_1_796' title='bbox 1067 5163 1230 5233; x_wconf 86' lang='grc' dir='ltr'>νόμος</span> <span class='ocrx_word' id='word_1_797' title='bbox 1266 5161 1484 5229; x_wconf 87' lang='grc' dir='ltr'>κωλύει,</span> <span class='ocrx_word' id='word_1_798' title='bbox 1519 5160 1763 5226; x_wconf 78' lang='grc' dir='ltr'>κολάζων</span> 
     </span>
    </p>
   </div>
   <div class='ocr_carea' id='block_1_101' title="bbox 175 5249 1764 5327">
    <p class='ocr_par' dir='ltr' id='par_1_101' title="bbox 175 5249 1764 5327">
     <span class='ocr_line' id='line_1_101' title="bbox 175 5249 1764 5327; baseline -0.003 -17"><span class='ocrx_word' id='word_1_799' title='bbox 175 5259 306 5320; x_wconf 74' lang='grc' dir='ltr'>τοὺς</span> <span class='ocrx_word' id='word_1_800' title='bbox 349 5255 678 5327; x_wconf 84' lang='grc' dir='ltr'>ἀλάστορας,</span> <span class='ocrx_word' id='word_1_801' title='bbox 725 5255 820 5308; x_wconf 70' lang='grc' dir='ltr'><strong>καὶ</strong></span> <span class='ocrx_word' id='word_1_802' title='bbox 862 5253 927 5306; x_wconf 87' lang='grc' dir='ltr'>δι’</span> <span class='ocrx_word' id='word_1_803' title='bbox 975 5252 1204 5322; x_wconf 86' lang='grc' dir='ltr'>ἀπειλῆς</span> <span class='ocrx_word' id='word_1_804' title='bbox 1249 5251 1525 5323; x_wconf 78' lang='grc' dir='ltr'>ἀπείργων</span> <span class='ocrx_word' id='word_1_805' title='bbox 1554 5249 1624 5305; x_wconf 83' lang='grc' dir='ltr'>τὰ</span> <span class='ocrx_word' id='word_1_806' title='bbox 1662 5252 1764 5322; x_wconf 82' lang='grc' dir='ltr'>τῆς</span> 
     </span>
    </p>
   </div>
   <div class='ocr_carea' id='block_1_102' title="bbox 177 5341 1762 5419">
    <p class='ocr_par' dir='ltr' id='par_1_102' title="bbox 177 5341 1762 5419">
     <span class='ocr_line' id='line_1_102' title="bbox 177 5341 1762 5419; baseline -0.003 -17"><span class='ocrx_word' id='word_1_807' title='bbox 177 5350 449 5419; x_wconf 81' lang='grc' dir='ltr'>γενέσεως</span> <span class='ocrx_word' id='word_1_808' title='bbox 477 5348 720 5418; x_wconf 82' lang='grc' dir='ltr'>δόγματα</span> <span class='ocrx_word' id='word_1_809' title='bbox 748 5363 761 5376; x_wconf 96' lang='grc'><strong>·</strong></span> <span class='ocrx_word' id='word_1_810' title='bbox 806 5341 917 5400; x_wconf 80' lang='grc' dir='ltr'>οἷον</span> <span class='ocrx_word' id='word_1_811' title='bbox 952 5345 1015 5398; x_wconf 86' lang='grc' dir='ltr'>τὸ</span> <span class='ocrx_word' id='word_1_812' title='bbox 1045 5345 1321 5416; x_wconf 79' lang='grc' dir='ltr'>ἀδικῆσαι,</span> <span class='ocrx_word' id='word_1_813' title='bbox 1353 5341 1762 5415; x_wconf 85' lang='grc' dir='ltr'>μοιχεύσασθαι,</span> 
     </span>
    </p>
   </div>
   <div class='ocr_carea' id='block_1_103' title="bbox 179 5436 1760 5511">
    <p class='ocr_par' dir='ltr' id='par_1_103' title="bbox 179 5436 1760 5511">
     <span class='ocr_line' id='line_1_103' title="bbox 179 5436 1760 5511; baseline -0.003 -17"><span class='ocrx_word' id='word_1_814' title='bbox 179 5440 401 5511; x_wconf 70' lang='grc' dir='ltr'>κλέψαι,</span> <span class='ocrx_word' id='word_1_815' title='bbox 427 5438 850 5511; x_wconf 80' lang='grc' dir='ltr'>φαρμακεῦσαι·</span> <span class='ocrx_word' id='word_1_816' title='bbox 874 5438 1116 5492; x_wconf 81' lang='grc' dir='ltr'>ἐναντίον</span> <span class='ocrx_word' id='word_1_817' title='bbox 1140 5438 1248 5509; x_wconf 82' lang='grc' dir='ltr'>ἄρα</span> <span class='ocrx_word' id='word_1_818' title='bbox 1271 5439 1300 5490; x_wconf 92' lang='lat'><strong>6</strong></span> <span class='ocrx_word' id='word_1_819' title='bbox 1331 5437 1492 5508; x_wconf 85' lang='grc' dir='ltr'>νόμος</span> <span class='ocrx_word' id='word_1_820' title='bbox 1520 5436 1760 5505; x_wconf 80' lang='grc' dir='ltr'>γενέσει.</span> 
     </span>
    </p>
   </div>
   <div class='ocr_carea' id='block_1_104' title="bbox 182 5527 1761 5604">
    <p class='ocr_par' dir='ltr' id='par_1_104' title="bbox 182 5527 1761 5604">
     <span class='ocr_line' id='line_1_104' title="bbox 182 5527 1761 5604; baseline -0.003 -19"><span class='ocrx_word' id='word_1_821' title='bbox 182 5532 326 5587; x_wconf 83' lang='grc' dir='ltr'>Ὅσα</span> <span class='ocrx_word' id='word_1_822' title='bbox 368 5533 468 5603; x_wconf 81' lang='grc' dir='ltr'><strong>μὲν</strong></span> <span class='ocrx_word' id='word_1_823' title='bbox 495 5531 607 5604; x_wconf 79' lang='grc' dir='ltr'>γὰρ</span> <span class='ocrx_word' id='word_1_824' title='bbox 642 5532 857 5600; x_wconf 83' lang='grc' dir='ltr'>γένεσις</span> <span class='ocrx_word' id='word_1_825' title='bbox 894 5530 1082 5601; x_wconf 84' lang='grc' dir='ltr'>ὥρισε,</span> <span class='ocrx_word' id='word_1_826' title='bbox 1114 5529 1287 5584; x_wconf 80' lang='grc' dir='ltr'>ταῦτα</span> <span class='ocrx_word' id='word_1_827' title='bbox 1325 5529 1488 5600; x_wconf 84' lang='grc' dir='ltr'>νόμος</span> <span class='ocrx_word' id='word_1_828' title='bbox 1529 5527 1761 5583; x_wconf 87' lang='grc' dir='ltr'>κωλύει·</span> 
     </span>
    </p>
   </div>
   <div class='ocr_carea' id='block_1_105' title="bbox 256 5661 1758 5739">
    <p class='ocr_par' dir='ltr' id='par_1_105' title="bbox 256 5661 1758 5739">
     <span class='ocr_line' id='line_1_105' title="bbox 256 5661 1758 5739; baseline -0.004 -17"><span class='ocrx_word' id='word_1_829' title='bbox 256 5668 370 5739; x_wconf 73' lang='lat'><strong>(32)</strong></span> <span class='ocrx_word' id='word_1_830' title='bbox 399 5667 470 5723; x_wconf 79' lang='grc' dir='ltr'><em>ΕΙ</em></span> <span class='ocrx_word' id='word_1_831' title='bbox 492 5684 572 5721; x_wconf 85' lang='grc' dir='ltr'>τι.</span> <span class='ocrx_word' id='word_1_832' title='bbox 594 5668 678 5739; x_wconf 85' lang='lat' dir='ltr'><strong>l_l_.a</strong></span> <span class='ocrx_word' id='word_1_833' title='bbox 698 5666 867 5739; x_wconf 75' lang='lat' dir='ltr'><strong>codex</strong></span> <span class='ocrx_word' id='word_1_834' title='bbox 888 5664 1093 5739; x_wconf 74' lang='lat' dir='ltr'><strong>Mazar.</strong></span> <span class='ocrx_word' id='word_1_835' title='bbox 1120 5672 1174 5719; x_wconf 87' lang='lat' dir='ltr'><strong>et</strong></span> <span class='ocrx_word' id='word_1_836' title='bbox 1195 5663 1445 5722; x_wconf 74' lang='lat' dir='ltr'><strong>Allatius.</strong></span> <span class='ocrx_word' id='word_1_837' title='bbox 1469 5661 1758 5720; x_wconf 85' lang='lat' dir='ltr'><strong>Possinius</strong></span> 
     </span>
    </p>
   </div>
   <div class='ocr_carea' id='block_1_106' title="bbox 180 5735 1227 5807">
    <p class='ocr_par' dir='ltr' id='par_1_106' title="bbox 180 5735 1227 5807">
     <span class='ocr_line' id='line_1_106' title="bbox 180 5735 1227 5807; baseline -0.003 -13"><span class='ocrx_word' id='word_1_838' title='bbox 180 5735 428 5807; x_wconf 42' lang='lat' dir='ltr'><strong>vero,“</strong></span> <span class='ocrx_word' id='word_1_839' title='bbox 456 5753 565 5794; x_wconf 83' lang='lat' dir='ltr'><strong>ms.</strong></span> <span class='ocrx_word' id='word_1_840' title='bbox 597 5735 750 5801; x_wconf 58' lang='grc' dir='ltr'>ναι,</span> <span class='ocrx_word' id='word_1_841' title='bbox 781 5738 811 5790; x_wconf 84' lang='grc' dir='ltr'><strong>ὃ</strong></span> <span class='ocrx_word' id='word_1_842' title='bbox 840 5752 912 5791; x_wconf 83' lang='grc' dir='ltr'><strong>τι.</strong></span> <span class='ocrx_word' id='word_1_843' title='bbox 935 5736 1227 5791; x_wconf 67' lang='grc' dir='ltr'>(Ζοιιιεειε.</span> 
     </span>
    </p>
   </div>
   <div class='ocr_carea' id='block_1_107' title="bbox 506 5830 1208 5899">
    <p class='ocr_par' dir='ltr' id='par_1_107' title="bbox 506 5830 1208 5899">
     <span class='ocr_line' id='line_1_107' title="bbox 506 5830 1208 5899; baseline 0 -6"><span class='ocrx_word' id='word_1_844' title='bbox 506 5833 790 5899; x_wconf 60' lang='lat' dir='ltr'><strong>Pauca.</strong></span> <span class='ocrx_word' id='word_1_845' title='bbox 821 5832 939 5898; x_wconf 76' lang='lat' dir='ltr'><strong>Gn.</strong></span> <span class='ocrx_word' id='word_1_846' title='bbox 975 5830 1208 5895; x_wconf 79' lang='lat' dir='ltr'><strong>XVIII.</strong></span> 
     </span>
    </p>
   </div>
   <div class='ocr_carea' id='block_1_108' title="bbox 1947 4883 3373 4957">
    <p class='ocr_par' dir='ltr' id='par_1_108' title="bbox 1947 4883 3373 4957">
     <span class='ocr_line' id='line_1_108' title="bbox 1947 4883 3373 4957; baseline 0.002 -20"><span class='ocrx_word' id='word_1_847' title='bbox 1947 4883 2213 4957; x_wconf 79' lang='lat' dir='ltr'><strong>Nequitiis</strong></span> <span class='ocrx_word' id='word_1_848' title='bbox 2256 4889 2356 4943; x_wconf 84' lang='lat' dir='ltr'><strong>sibi</strong></span> <span class='ocrx_word' id='word_1_849' title='bbox 2388 4887 2587 4941; x_wconf 83' lang='lat' dir='ltr'><strong>damna</strong></span> <span class='ocrx_word' id='word_1_850' title='bbox 2627 4888 2739 4940; x_wconf 78' lang='lat' dir='ltr'><strong>suis</strong></span> <span class='ocrx_word' id='word_1_851' title='bbox 2771 4894 3088 4954; x_wconf 77' lang='lat' dir='ltr'><strong>mortemque</strong></span> <span class='ocrx_word' id='word_1_852' title='bbox 3117 4889 3373 4941; x_wconf 80' lang='lat' dir='ltr'><strong>creantes.</strong></span> 
     </span>
    </p>
   </div>
   <div class='ocr_carea' id='block_1_109' title="bbox 1945 5062 3447 5122">
    <p class='ocr_par' dir='ltr' id='par_1_109' title="bbox 1945 5062 3447 5122">
     <span class='ocr_line' id='line_1_109' title="bbox 1945 5062 3447 5122; baseline -0.003 -2"><span class='ocrx_word' id='word_1_853' title='bbox 1945 5062 2003 5120; x_wconf 90' lang='lat' dir='ltr'><strong>Si</strong></span> <span class='ocrx_word' id='word_1_854' title='bbox 2046 5066 2319 5122; x_wconf 89' lang='lat' dir='ltr'><strong>hominem</strong></span> <span class='ocrx_word' id='word_1_855' title='bbox 2368 5064 2678 5120; x_wconf 71' lang='lat' dir='ltr'><strong>interﬁcere</strong></span> <span class='ocrx_word' id='word_1_856' title='bbox 2724 5071 2778 5117; x_wconf 90' lang='lat' dir='ltr'><strong>et</strong></span> <span class='ocrx_word' id='word_1_857' title='bbox 2820 5076 2967 5117; x_wconf 79' lang='lat' dir='ltr'><strong>caece</strong></span> <span class='ocrx_word' id='word_1_858' title='bbox 3001 5076 3199 5116; x_wconf 91' lang='lat' dir='ltr'><strong>manus</strong></span> <span class='ocrx_word' id='word_1_859' title='bbox 3247 5074 3447 5115; x_wconf 82' lang='lat' dir='ltr'><strong>cruen-</strong></span> 
     </span>
    </p>
   </div>
   <div class='ocr_carea' id='block_1_110' title="bbox 1868 5153 3443 5227">
    <p class='ocr_par' dir='ltr' id='par_1_110' title="bbox 1868 5153 3443 5227">
     <span class='ocr_line' id='line_1_110' title="bbox 1868 5153 3443 5227; baseline -0.005 -15"><span class='ocrx_word' id='word_1_860' title='bbox 1868 5164 2008 5222; x_wconf 84' lang='lat' dir='ltr'><strong>tare,</strong></span> <span class='ocrx_word' id='word_1_861' title='bbox 2045 5158 2246 5214; x_wconf 89' lang='lat' dir='ltr'><strong>natalis</strong></span> <span class='ocrx_word' id='word_1_862' title='bbox 2280 5157 2517 5212; x_wconf 88' lang='lat' dir='ltr'><strong>fatalitas</strong></span> <span class='ocrx_word' id='word_1_863' title='bbox 2547 5156 2750 5227; x_wconf 86' lang='lat' dir='ltr'><strong>adigit;</strong></span> <span class='ocrx_word' id='word_1_864' title='bbox 2776 5154 2920 5209; x_wconf 91' lang='lat' dir='ltr'><strong>idem</strong></span> <span class='ocrx_word' id='word_1_865' title='bbox 2948 5161 3132 5209; x_wconf 88' lang='lat' dir='ltr'><strong>autem</strong></span> <span class='ocrx_word' id='word_1_866' title='bbox 3165 5153 3252 5206; x_wconf 83' lang='lat' dir='ltr'><strong>lex</strong></span> <span class='ocrx_word' id='word_1_867' title='bbox 3273 5158 3443 5215; x_wconf 85' lang='lat' dir='ltr'><strong>vetat,</strong></span> 
     </span>
    </p>
   </div>
   <div class='ocr_carea' id='block_1_111' title="bbox 1867 5241 3442 5319">
    <p class='ocr_par' dir='ltr' id='par_1_111' title="bbox 1867 5241 3442 5319">
     <span class='ocr_line' id='line_1_111' title="bbox 1867 5241 3442 5319; baseline -0.007 -13"><span class='ocrx_word' id='word_1_868' title='bbox 1867 5250 2082 5306; x_wconf 90' lang='lat' dir='ltr'><strong>sicariis</strong></span> <span class='ocrx_word' id='word_1_869' title='bbox 2111 5249 2378 5319; x_wconf 89' lang='lat' dir='ltr'><strong>supplicia</strong></span> <span class='ocrx_word' id='word_1_870' title='bbox 2409 5249 2734 5306; x_wconf 88' lang='lat' dir='ltr'><strong>decernens.</strong></span> <span class='ocrx_word' id='word_1_871' title='bbox 2759 5244 3034 5313; x_wconf 90' lang='lat' dir='ltr'><strong>minisque</strong></span> <span class='ocrx_word' id='word_1_872' title='bbox 3056 5242 3314 5314; x_wconf 88' lang='lat' dir='ltr'><strong>gravibus</strong></span> <span class='ocrx_word' id='word_1_873' title='bbox 3344 5241 3442 5296; x_wconf 87' lang='lat' dir='ltr'><strong>de-</strong></span> 
     </span>
    </p>
   </div>
   <div class='ocr_carea' id='block_1_112' title="bbox 1873 5336 3446 5411">
    <p class='ocr_par' dir='ltr' id='par_1_112' title="bbox 1873 5336 3446 5411">
     <span class='ocr_line' id='line_1_112' title="bbox 1873 5336 3446 5411; baseline -0.006 -15"><span class='ocrx_word' id='word_1_874' title='bbox 1873 5350 2088 5398; x_wconf 85' lang='lat' dir='ltr'><strong>terrens</strong></span> <span class='ocrx_word' id='word_1_875' title='bbox 2111 5342 2179 5396; x_wconf 93' lang='lat' dir='ltr'><strong>ab</strong></span> <span class='ocrx_word' id='word_1_876' title='bbox 2212 5342 2281 5396; x_wconf 91' lang='lat' dir='ltr'><strong>iis</strong></span> <span class='ocrx_word' id='word_1_877' title='bbox 2308 5356 2428 5411; x_wconf 71' lang='lat' dir='ltr'><strong>qua:</strong></span> <span class='ocrx_word' id='word_1_878' title='bbox 2468 5338 2667 5395; x_wconf 90' lang='lat' dir='ltr'><strong>natalis</strong></span> <span class='ocrx_word' id='word_1_879' title='bbox 2720 5336 2960 5391; x_wconf 82' lang='lat' dir='ltr'><strong>fatalitas</strong></span> <span class='ocrx_word' id='word_1_880' title='bbox 2996 5337 3266 5407; x_wconf 82' lang='lat' dir='ltr'><strong>injungit;</strong></span> <span class='ocrx_word' id='word_1_881' title='bbox 3312 5342 3446 5405; x_wconf 88' lang='lat' dir='ltr'><strong>puta</strong></span> 
     </span>
    </p>
   </div>
   <div class='ocr_carea' id='block_1_113' title="bbox 1871 5426 3447 5504">
    <p class='ocr_par' dir='ltr' id='par_1_113' title="bbox 1871 5426 3447 5504">
     <span class='ocr_line' id='line_1_113' title="bbox 1871 5426 3447 5504; baseline -0.006 -16"><span class='ocrx_word' id='word_1_882' title='bbox 1871 5435 1939 5489; x_wconf 90' lang='lat' dir='ltr'><strong>ab</strong></span> <span class='ocrx_word' id='word_1_883' title='bbox 1965 5434 2166 5504; x_wconf 87' lang='lat' dir='ltr'><strong>injuria</strong></span> <span class='ocrx_word' id='word_1_884' title='bbox 2204 5433 2506 5495; x_wconf 89' lang='lat' dir='ltr'><strong>inferenda,</strong></span> <span class='ocrx_word' id='word_1_885' title='bbox 2551 5430 2620 5485; x_wconf 89' lang='lat' dir='ltr'><strong>ab</strong></span> <span class='ocrx_word' id='word_1_886' title='bbox 2661 5428 2954 5494; x_wconf 88' lang='lat' dir='ltr'><strong>adulterio,</strong></span> <span class='ocrx_word' id='word_1_887' title='bbox 3002 5442 3034 5481; x_wconf 89' lang='lat' dir='ltr'><strong>a</strong></span> <span class='ocrx_word' id='word_1_888' title='bbox 3068 5426 3240 5491; x_wconf 89' lang='lat' dir='ltr'><strong>furto,</strong></span> <span class='ocrx_word' id='word_1_889' title='bbox 3284 5439 3316 5479; x_wconf 90' lang='lat' dir='ltr'><strong>a</strong></span> <span class='ocrx_word' id='word_1_890' title='bbox 3354 5439 3447 5480; x_wconf 78' lang='lat' dir='ltr'><strong>ve-</strong></span> 
     </span>
    </p>
   </div>
   <div class='ocr_carea' id='block_1_114' title="bbox 1874 5518 3447 5594">
    <p class='ocr_par' dir='ltr' id='par_1_114' title="bbox 1874 5518 3447 5594">
     <span class='ocr_line' id='line_1_114' title="bbox 1874 5518 3447 5594; baseline -0.001 -14"><span class='ocrx_word' id='word_1_891' title='bbox 1874 5526 2086 5583; x_wconf 84' lang='lat' dir='ltr'><strong>neﬁciis</strong></span> <span class='ocrx_word' id='word_1_892' title='bbox 2131 5544 2144 5580; x_wconf 92' lang='lat'><strong>:</strong></span> <span class='ocrx_word' id='word_1_893' title='bbox 2182 5525 2459 5581; x_wconf 87' lang='lat' dir='ltr'><strong>contraria</strong></span> <span class='ocrx_word' id='word_1_894' title='bbox 2508 5537 2637 5594; x_wconf 83' lang='lat' dir='ltr'><strong>ergo</strong></span> <span class='ocrx_word' id='word_1_895' title='bbox 2683 5521 2884 5577; x_wconf 89' lang='lat' dir='ltr'><strong>natalis</strong></span> <span class='ocrx_word' id='word_1_896' title='bbox 2940 5519 3181 5577; x_wconf 82' lang='lat' dir='ltr'><strong>fatalitas</strong></span> <span class='ocrx_word' id='word_1_897' title='bbox 3228 5526 3284 5577; x_wconf 82' lang='lat' dir='ltr'><strong>et</strong></span> <span class='ocrx_word' id='word_1_898' title='bbox 3331 5518 3447 5578; x_wconf 78' lang='lat' dir='ltr'><strong>iex.</strong></span> 
     </span>
    </p>
   </div>
   <div class='ocr_carea' id='block_1_115' title="bbox 1937 5649 2786 5731">
    <p class='ocr_par' dir='ltr' id='par_1_115' title="bbox 1937 5649 2786 5731">
     <span class='ocr_line' id='line_1_115' title="bbox 1937 5649 2786 5731; baseline -0.005 -17"><span class='ocrx_word' id='word_1_899' title='bbox 1937 5657 2050 5731; x_wconf 78' lang='lat'><strong>(55)</strong></span> <span class='ocrx_word' id='word_1_900' title='bbox 2086 5656 2342 5730; x_wconf 72' lang='grc' dir='ltr'>Σφῇσιν.</span> <span class='ocrx_word' id='word_1_901' title='bbox 2388 5656 2599 5713; x_wconf 85' lang='grc' dir='ltr'>ὐδυσσ.</span> <span class='ocrx_word' id='word_1_902' title='bbox 2630 5649 2699 5720; x_wconf 77' lang='grc' dir='ltr'>Α,</span> <span class='ocrx_word' id='word_1_903' title='bbox 2734 5649 2786 5710; x_wconf 92' lang='lat'><strong>7.</strong></span> 
     </span>
    </p>
   </div>
  </div>
