3864 6162
448 267 545 323 Hi

1433 264 1493 323 S.
1534 262 1867 319 METHODll
1908 262 2218 320 EPlSCOPl
2258 263 2345 318 ET
2390 261 2751 319 MARTYRIS

3593 268 3705 324 179.

445 384 797 455 Quaecunque
832 384 975 441 enim
1007 384 1205 441 natalis
1245 383 1484 440 fatalitas
1515 385 1730 449 statuit,
1775 386 1859 440 lex
1892 400 1991 456 pro

2118 388 2217 441 ὅσα
2251 387 2308 440 δὲ
2341 387 2503 456 νόμος
2528 385 2747 449 κωλύει,
2786 383 2963 440 ταῦτα
2986 386 3199 455 γένεσις
3235 389 3406 441 ποιεῖν
3434 386 3704 459 βιάζεται·

444 478 633 542 hibet;
667 493 1011 548 quaecunque
1044 493 1175 532 vero
1208 478 1295 533 lex
1338 476 1613 547 prohibet,
1650 477 1849 531 natalis
1881 477 2020 531 fata-

444 570 567 624 litas
595 569 775 624 facere
806 569 976 639 adigit
1009 587 1022 625 :
1058 569 1375 624 adversaria
1410 584 1538 639 ergo
1569 569 1735 622 natali
1764 569 2017 625 falalitati

442 663 550 717 lex.
584 661 642 717 Si
671 670 850 718 autem
896 664 972 716 illi
1017 663 1354 727 adversaria,
1388 677 1498 717 non
1530 661 1700 731 igitur
1731 677 1828 731 per
1860 670 2018 716 nata-

439 755 548 813 lem
604 756 925 812 fatalitatem
979 756 1365 826 legumlatores
1417 764 1628 827 agunt,
1677 756 1878 826 quippe
1920 756 2014 825 qui

439 847 718 902 contraria
761 846 930 900 natali
976 845 1233 900 fatalitati
1280 847 1599 909 sanciendo,
1643 847 1889 901 eamdem
1920 845 2017 899 de-

441 947 683 996 struunt.
745 939 854 993 Aut
909 939 1077 1010 igitur
1136 938 1337 993 natalis
1395 939 1703 993 admittitur
1751 937 2012 1003 fatalitas,

439 1033 699 1102 nullaque
723 1032 903 1103 legum
927 1039 1045 1086 erat
1069 1032 1374 1087 necessitas
1403 1049 1415 1083 :
1446 1037 1540 1085 aut
1568 1031 1716 1101 leges
1739 1038 1888 1094 sunt,
1915 1046 2015 1086 nec

438 1141 507 1181 ex
540 1126 710 1181 natali
752 1126 843 1179 illa
876 1124 1167 1189 fatalitale,
1201 1132 1256 1178 et
1285 1124 1445 1194 quasi
1493 1124 1585 1177 illa
1614 1132 1838 1179 auctore
1863 1132 2010 1179 sunt.

440 1218 606 1288 Atqui
635 1217 753 1273 ﬁeri
780 1232 889 1272 non
920 1223 1103 1287 potest
1139 1225 1199 1270 ut
1233 1217 1443 1287 absque
1469 1215 1563 1270 illa
1590 1215 1717 1285 quis
1751 1222 2014 1271 nascatur

436 1318 533 1366 aut
567 1310 773 1380 aliquid
805 1320 1082 1380 operetur.
1119 1307 1254 1362 Nam
1289 1323 1357 1363 ne
1387 1307 1620 1378 digitum
1645 1306 1867 1378 quidem
1892 1307 2013 1363 sine

436 1403 551 1459 fato
581 1419 742 1474 posse
772 1403 1007 1474 aliquem
1040 1416 1260 1457 movere
1302 1402 1477 1456 aiunt.
1513 1400 1590 1455 Ex
1627 1401 1793 1455 natali
1826 1401 2011 1470 itaque

439 1497 703 1552 fatalitate
735 1497 936 1566 illaque
965 1502 1191 1550 auctore
1227 1494 1339 1549 nati
1374 1494 1781 1565 legumlatores,
1810 1492 2006 1558 Minos,

434 1588 631 1652 Draco,
679 1586 983 1659 Lycurgus,
1038 1585 1227 1650 Solon,
1280 1585 1570 1651 Zaleucus,
1618 1584 1762 1655 leges
1810 1599 2010 1639 sanxe-

432 1690 564 1737 runt
603 1682 954 1752 prohibentes
999 1678 1287 1742 adulteria,
1337 1677 1535 1741 caedes,
1576 1676 1828 1746 injurias,
1863 1677 2009 1746 rapi-

2126 478 2385 550 πολέμιον
2414 478 2520 550 ἄρα
2540 476 2751 547 γενέσει
2773 476 2955 547 νόμος.
2989 479 3053 531 Εἰ
3080 479 3136 532 δὲ
3153 478 3431 549 πολέμιον,
3461 479 3561 532 οὐκ
3590 479 3703 550 ἄρα

2119 568 2261 622 κατὰ
2285 569 2497 638 γένεσιν
2525 569 2574 621 οἱ
2601 567 2889 639 νομοθέται
2912 585 2925 598 ·
2957 569 3025 622 τὰ
3056 569 3166 642 γὰρ
3194 571 3414 624 ἐναντία
3441 571 3708 642 δογματί-

2120 662 2302 726 ζοντες
2349 661 2583 730 γενέσει,
2618 661 2834 730 γένεσιν
2872 661 3111 715 λύουσιν.
3152 664 3310 717 Ἤτοι
3354 659 3447 717 οὖν
3482 663 3705 731 γένεσίς

2116 756 2252 821 ἐστι,
2292 756 2385 808 καὶ
2424 756 2525 808 οὐκ
2559 755 2727 827 ὲχρῆν
2758 750 2898 809 εἶναι
2923 755 3120 826 νόμους
3141 772 3153 786 ’
3187 757 3221 827 ἦ
3248 760 3353 811 εἰσι
3399 758 3575 827 νόμοι,
3606 758 3705 811 καὶ

2116 848 2215 900 οὐκ
2256 847 2362 901 είσὶ
2392 847 2535 902 κατά
2565 847 2797 917 γένεσιν.
2854 847 2993 900 Ἀλλ’
3024 850 3305 920 ἀμήχανον
3345 851 3517 921 χωρὶς
3542 850 3707 918 γενέ-

2118 955 2256 1002 σεως
2285 938 2450 1008 φῦναί
2480 957 2622 1003 τινα,
2657 940 2751 993 καὶ
2777 939 3178 1012 διαπράξασθαί
3205 958 3278 994 τι·
3303 942 3424 995 οὐδὲ
3450 941 3559 1014 γὰρ
3604 941 3701 996 τὸν

2114 1030 2372 1085 δάκτυλον
2422 1030 2622 1096 ἐξεῖναί
2666 1049 2797 1101 φασι
2843 1034 3012 1105 χωρὶς
3068 1032 3426 1107 Εἱμαρμένης
3474 1034 3699 1106 κινῆσαι

2113 1140 2239 1183 τινι.
2273 1124 2432 1178 Κατὰ
2465 1125 2679 1194 γένεσιν
2709 1126 2816 1197 ἄρα
2860 1127 2955 1180 καὶ
2990 1126 3176 1189 Μίνως
3204 1127 3298 1180 καὶ
3327 1128 3557 1198 Δράκων
3601 1127 3704 1182 καὶ

2113 1216 2427 1286 Λυκοῦργος
2470 1218 2563 1270 καὶ
2590 1216 2766 1271 Σόλων
2804 1219 2898 1271 καὶ
2940 1218 3211 1283 Ζάλευκος
3240 1204 3528 1290 νομοθέται
3562 1219 3704 1290 φύν-

2112 1325 2222 1373 τες,
2245 1309 2558 1376 διετάξαντο
2576 1310 2702 1374 τοὺς
2725 1308 2942 1381 νόμους,
2964 1310 3402 1382 ἀπαγορεύοντες
3426 1311 3698 1383 μοιχείας,

2113 1403 2327 1472 φόνους,
2361 1402 2502 1473 βίας,
2546 1404 2822 1475 ἁρπαγὰς,
2861 1403 3089 1471 κλοπὰς,
3120 1405 3197 1466 ὡς
3226 1405 3325 1457 οὐκ
3370 1404 3539 1458 ὄντων
3570 1403 3701 1457 τούο

2111 1512 2218 1548 των
2248 1497 2342 1549 καὶ
2373 1496 2671 1567 γινομένων
2697 1497 2841 1551 κατά
2865 1496 3099 1565 γένεσιν.
3137 1497 3201 1549 Εἰ
3233 1496 3290 1549 δὲ
3314 1496 3456 1550 κατά
3478 1496 3700 1565 γένεσιν

2111 1587 2204 1640 καὶ
2249 1585 2444 1655 ταῦτα,
2497 1589 2573 1642 οὐ·
2604 1588 2747 1642 κατά
2784 1589 2997 1658 γένεσιν
3048 1591 3095 1642 οἱ
3135 1588 3313 1659 νόμοι.
3373 1590 3448 1643 Οὐ
3483 1588 3593 1661 γὰρ
3626 1588 3699 1643 ἂν

2110 1680 2248 1753 αὐτὴ
2269 1681 2360 1750 ἀφ’
2392 1681 2594 1752 ἑαυτῆς
2620 1682 2872 1754 ἀνῃρεῖτο
2899 1683 3135 1752 γένεσις,
3164 1682 3302 1754 αὐτὴ
3333 1682 3533 1754 ἑαυτὴν
3557 1684 3702 1737 ἀκυ-

434 1790 557 1837 nas,
594 1774 767 1839 furta;
793 1774 939 1828 haud
966 1772 1130 1827 dubie
1167 1771 1437 1833 arbitrati,
1464 1784 1639 1840 neque
1661 1784 1803 1833 esse,
1829 1784 1991 1839 neque

2114 1772 2303 1845 ροῦσα,
2338 1773 2432 1828 καὶ
2460 1774 2598 1846 αὑτὴ
2628 1776 2795 1846 ἑαυτῇ
2837 1775 3155 1847 μαχομένη·
3184 1776 3278 1829 καὶ
3312 1775 3547 1829 ἐνταῦθα
3591 1775 3700 1846 μὲν

433 1866 550 1923 ﬁeri
592 1868 720 1921 talia
747 1882 842 1937 per
882 1866 1121 1921 natalem
1152 1862 1498 1918 fatalitatem.
1533 1860 1630 1917 Sin
1662 1869 1844 1917 autem
1892 1863 2007 1918 haec

431 1975 649 2031 quoque
688 1975 784 2030 per
825 1959 1060 2014 natalem
1100 1956 1421 2012 fatalitatem
1448 1996 1463 2019 ,
1522 1970 1631 2009 non
1681 1964 1813 2012 sunt
1859 1957 2006 2028 leges

431 2066 530 2122 per
556 2052 793 2107 natalem
825 2050 1149 2105 fatalitatem
1181 2068 1194 2105 :
1229 2064 1408 2118 neque
1437 2048 1582 2103 enim
1606 2050 1725 2120 ipsa
1750 2064 1808 2105 se
1832 2050 2005 2120 ipsam

430 2144 631 2199 natalis
665 2142 904 2198 fatalitas
948 2143 1278 2206 destrueret,
1308 2142 1425 2211 ipsa
1473 2141 1577 2195 sibi
1624 2142 2006 2197 auctoritatem

427 2237 745 2301 detrahens,
796 2250 860 2289 ac
888 2248 1074 2292 secum
1124 2234 1243 2304 ipsa
1291 2249 1544 2306 pugnans
1576 2255 1588 2288 ι
1620 2234 1748 2288 hinc
1780 2233 2000 2303 quidem

426 2328 574 2400 leges
612 2336 881 2392 statuens,
914 2328 1182 2383 adulteria
1222 2328 1507 2398 caedesque
1539 2327 1910 2397 prohibentes,
1949 2335 2003 2382 et

2108 1867 2575 1938 ἀπαγορευτικοὺς
2603 1866 2849 1937 μοιχείας
2870 1867 2965 1921 καὶ
2988 1868 3163 1938 φόνων
3185 1867 3384 1937 νόμους
3404 1866 3693 1938 τιθεμένη,

2109 1959 2203 2011 καὶ
2223 1959 2607 2031 τιμωρουμένη
2675 1960 2768 2012 καὶ
2815 1959 3216 2032 ἐπεξερχομένη
3276 1961 3404 2023 τοὺς
3460 1958 3691 2023 κακούς⁶

2108 2049 2343 2104 ἐνταῦθα
2375 2050 2433 2104 δὲ
2468 2052 2660 2121 φόνους
2691 2053 2785 2106 καὶ
2821 2054 3066 2124 μοιχείας
3101 2053 3467 2125 ἐργαζομένη.
3528 2051 3699 2107 Ἀλλὰ

2107 2143 2266 2197 τοῦτο
2302 2144 2585 2202 ἀδύνατον.
2626 2147 2793 2201 Οὐδὲν
2831 2148 2940 2220 γὰρ
2973 2149 3260 2203 ἀλλόκοτον
3293 2149 3425 2203 αὐτὸ
3468 2146 3694 2212 ἑαυτοῦ,

2107 2237 2202 2290 καὶ
2226 2237 2358 2290 αὐτὸ
2382 2237 2560 2309 ἑαυτῷ
2581 2240 3037 2310 ἀπεχθανόμενον,
3071 2241 3163 2296 καὶ
3189 2241 3318 2295 αὐτὸ
3335 2242 3495 2294 ἑαυτὸ
3519 2257 3699 2295 κατα-

2109 2328 2255 2393 λύον,
2289 2332 2381 2383 καὶ
2411 2330 2736 2402 ἀσύμφωνον
2771 2334 2901 2387 αὐτὸ
2925 2332 3118 2404 ἐαυτῷ.
3148 2335 3261 2388 Οὐκ
3290 2335 3399 2406 ἄρα
3424 2335 3661 2404 γένεσις.

424 2423 700 2479 ulciscens
722 2423 990 2492 malisque
1012 2423 1285 2478 mulctans
1332 2423 1524 2477 talium
1549 2422 1843 2478 criminum
1894 2438 2019 2478 reos
2059 2442 2071 2476 :
2114 2424 2337 2481 aliunde
2374 2434 2554 2481 autem
2587 2428 2655 2482 ad
2705 2429 2882 2484 caedes
2916 2439 3079 2500 atque
3125 2431 3393 2486 adulteria
3431 2432 3696 2488 homines

424 2519 685 2592 adigens;
716 2520 862 2591 quod
887 2519 1003 2575 ﬁeri
1027 2521 1178 2574 nullo
1211 2519 1372 2574 modo
1402 2528 1601 2589 potem.
1655 2519 1968 2574 Nihilenim
2021 2536 2051 2574 a
2083 2538 2141 2576 se
2187 2522 2309 2593 ipso
2358 2524 2596 2580 alienum
2634 2535 2799 2598 atque
2849 2528 3176 2591 abhorrens,
3234 2530 3525 2601 ipsumque
3580 2529 3694 2587 sibi

422 2613 528 2685 ipsi
572 2611 861 2669 adversum
903 2627 967 2666 ac
1010 2627 1069 2666 se
1107 2611 1419 2673 destruens,
1470 2611 1682 2681 sibique
1731 2609 2165 2666 dissentaneum.
2208 2610 2365 2667 Nulla
2398 2625 2481 2670 est
2517 2615 2683 2686 igitur
2717 2617 2917 2672 natalis
2944 2616 3202 2674 fatalitas.

496 2707 555 2763 Si
603 2724 700 2779 per
740 2706 977 2761 natalem
1020 2704 1349 2761 fatalitatem
1385 2703 1739 2775 ﬁtquidquid
1780 2704 2000 2758 tandem

421 2809 528 2868 est,
574 2815 679 2855 nec
718 2798 838 2854 sine
881 2798 974 2851 illa
1017 2796 1312 2868 quidquam
1354 2812 1582 2867 prorsus
1631 2795 1867 2859 exsistit,
1905 2810 1999 2850 ne-

421 2905 577 2946 cesse
606 2896 691 2945 est
715 2896 769 2945 et
799 2889 972 2958 legem
1004 2888 1097 2942 illa
1137 2895 1363 2944 auctore
1390 2902 1535 2942 esse.
1570 2885 1736 2956 Atqui
1768 2886 1854 2940 lex
1879 2900 2000 2940 eam

421 2983 585 3048 tollit,
618 2996 740 3053 quae
785 2980 995 3037 addisci
1039 2982 1298 3036 virtutem
1344 2995 1408 3034 ac
1459 2978 1679 3035 suaderi
1710 2993 1874 3048 posse
1901 2977 2003 3031 do-

420 3081 563 3142 ceat,
612 3071 999 3142 diligentiaque
1037 3086 1100 3125 ac
1134 3070 1441 3126 attentione
1485 3084 1605 3126 eam
1652 3070 1993 3140 comparari;
2023 3109 2067 3166 Ο

418 3168 583 3227 vitari
626 3183 846 3239 quoque
889 3182 1050 3237 posse
1105 3166 1317 3232 vilium,
1371 3173 1427 3221 et
1474 3181 1544 3219 ex
1588 3163 1996 3234 indisciplinata

415 3270 601 3316 mente
623 3258 899 3330 proﬁcisci
925 3277 941 3325 ;
978 3257 1127 3311 nulla
1156 3272 1286 3327 ergo
1311 3264 1395 3311 est
1420 3255 1637 3310 .natalis
1660 3254 1919 3310 fatalitas.

490 3352 549 3407 Si
578 3361 637 3406 ut
676 3351 767 3405 alii
796 3351 934 3405 alios
964 3350 1163 3419 injuria
1193 3347 1513 3416 adiciamus,
1541 3364 1605 3403 ac
1630 3348 1874 3403 vicissim
1905 3346 1993 3401 af-

415 3445 687 3508 ﬁciamur,
735 3449 959 3513 praestat
1005 3441 1207 3496 natalis
1263 3439 1542 3504 fatalitas,
1600 3438 1732 3510 quid
1780 3438 1991 3509 legibus

413 3537 597 3608 opus?
629 3535 726 3590 Sin
765 3544 946 3590 autem
976 3549 1043 3589 eo
1084 3534 1228 3605 leges
1258 3539 1506 3602 spectant
1535 3540 1596 3585 ut
1624 3531 1993 3602 delinquenti-

411 3628 518 3685 bus
545 3643 706 3699 pmna
738 3627 1075 3698 imponatur,
1112 3625 1226 3681 Deo
1266 3625 1375 3680 illis
1406 3624 1727 3696 providente
1764 3625 1857 3696 qui
1901 3624 1988 3678 in-

408 3721 556 3791 juria
600 3719 873 3775 laeduntur
911 3735 924 3772 :
959 3733 1091 3773 sane
1127 3718 1420 3787 prmstabat
1462 3716 1615 3770 fatali
1662 3717 1989 3772 necessitate

410 3813 589 3867 malos
619 3826 730 3866 non
757 3811 894 3876 ﬁeri,
926 3824 1089 3880 quam
1120 3809 1212 3863 ubi
1240 3807 1366 3864 facti
1389 3817 1539 3873 sunt,
1564 3808 1777 3880 legibus
1802 3823 1989 3863 emen-

411 3905 554 3963 dari.
587 3905 748 3973 Atqui
790 3901 936 3958 Deus
976 3904 1155 3956 bonus
1199 3908 1284 3955 est
1322 3908 1376 3955 et
1421 3899 1666 3970 sapiens,
1706 3900 1871 3970 idque
1900 3900 1986 3953 fa-

414 4002 569 4057 ciens
597 4000 744 4071 quod
778 3999 1146 4071 praestabilius
1178 3999 1249 4054 sit
1274 4018 1288 4066 ;
1317 3999 1466 4053 nulla
1509 4013 1641 4070 ergo
1666 4007 1751 4054 est
1786 3999 1987 4055 natalis

413 4091 671 4146 fatalitas.

479 4185 588 4238 Aut
626 4183 968 4239 educationis
1013 4197 1184 4253 genus
1213 4183 1594 4253 contractique
1642 4197 1845 4248 mores,
1887 4198 1984 4239 seu

407 4277 616 4334 imbuta
649 4276 883 4339 indoles,
910 4291 1093 4330 causae
1115 4283 1244 4330 sunt
1267 4288 1651 4345 peccatorum;
1686 4283 1781 4330 aut
1814 4276 1984 4330 animi

405 4368 869 4440 perturbationes,
912 4375 965 4422 et
997 4383 1117 4437 qua:
1156 4382 1254 4437 per
1282 4381 1484 4438 corpus
1519 4366 1791 4422 desideria
1824 4382 1983 4422 exer-

2173 2705 2236 2759 Εί
2268 2706 2410 2761 κατά
2452 2709 2664 2778 γένεσιν
2696 2711 2801 2763 πᾶν
2830 2711 2858 2764 ὅ
2878 2728 2931 2763 τι
2951 2710 3147 2764 ποτοῦν
3183 2712 3414 2781 γίνεται,
3444 2715 3540 2768 καὶ
3565 2715 3692 2769 ἔστι

2098 2797 2221 2869 δίχα
2252 2800 2517 2868 γενέσεως
2547 2800 2697 2854 οὐδέν
2717 2819 2729 2834 ·
2770 2802 2981 2874 ἀνάγκη
3019 2803 3110 2856 καὶ
3140 2804 3232 2857 τὸν
3274 2805 3438 2876 νόμον
3472 2807 3692 2876 γενέσει

2099 2893 2401 2961 γεγονέναι.
2464 2894 2625 2949 Ἀλλὰ
2667 2895 2829 2967 νόμος
2866 2897 3080 2965 γένεσιν
3127 2898 3362 2971 ἀναιρεῖ,
3423 2899 3689 2974 διδακτὴν

2096 2986 2365 3041 διδάσκων
2396 2988 2494 3060 τὴν
2538 2989 2759 3060 ἀρετὴν,
2784 2993 2879 3044 καὶ
2927 2988 2988 3055 ἐξ
3031 2991 3349 3063 ἐπιμελείας
3387 3011 3692 3067 προσγινοο

2102 3074 2298 3146 μένην·
2341 3077 2580 3149 φευκτὴν
2627 3078 2685 3131 δὲ
2720 3078 2818 3150 τὴν
2846 3080 3062 3146 κακίαν,
3094 3083 3187 3135 καὶ
3221 3082 3282 3150 ἐξ
3323 3084 3690 3151 ἀπαιδευσίας

2100 3166 2397 3238 φυομένην.
2426 3169 2538 3223 υύκ
2567 3169 2676 3242 ἄρα
2703 3172 2938 3240 γένεσις.

2166 3352 2230 3406 Εἰ
2271 3354 2332 3406 τὸ
2361 3353 2622 3426 ἀλλήλους
2663 3356 2870 3411 ἀδικεῖν
2909 3360 3004 3412 καὶ
3043 3361 3106 3413 τὸ
3145 3361 3237 3415 ὑπ’
3288 3363 3532 3435 ἀλλήλων
3568 3366 3691 3421 ἀδι-

2096 3444 2310 3498 κεῖσθαι
2342 3446 2555 3515 γένεσις
2600 3451 2765 3514 ποιεῖ,
2809 3450 2893 3514 τίς
2927 3451 3086 3524 χρεία
3131 3454 3444 3527 νόμωνςιΕί
3485 3456 3542 3510 δὲ
3589 3458 3689 3513 ἵνα.

2093 3538 2219 3602 τοὺς
2283 3539 2698 3611 ἁμαρτάνοντας
2761 3542 3095 3613 ἀμύνωνται,
3156 3549 3534 3618 φροντίζοντος
3579 3550 3687 3605 τοῦ

2091 3627 2226 3683 Θεοῦ
2248 3630 2357 3714 τῶν
2387 3632 2755 3704 ἀδικουμένων
2777 3650 2791 3665 ’
2830 3634 3051 3705 ἄμεινον
3084 3632 3152 3709 ἦν
3180 3640 3384 3704 κακοὺς
3412 3639 3485 3712 μὴ
3519 3641 3690 3714 ποιῆ-

2093 3730 2182 3766 σαι
2226 3713 2348 3768 καθ’
2408 3717 2771 3788 εἱμαρμένην,
2810 3718 2843 3789 ἢ
2903 3721 3044 3790 μετά
3090 3722 3152 3775 τὸ
3191 3724 3439 3794 ποιῆσαι,
3483 3713 3685 3796 νόμοις

2091 3806 2541 3878 ἐπανορθοῦσθαι.
2585 3809 2722 3863 Ἀλλ’
2759 3811 2962 3880 ἀγαθὸς
3002 3814 3030 3865 ὁ
3065 3812 3199 3878 Θεὸς
3236 3817 3330 3869 καὶ
3360 3816 3544 3886 σοφὸς,
3576 3816 3679 3872 και

2088 3897 2157 3952 τὰ
2180 3898 2419 3952 κοείσσω
2443 3900 2630 3957 ποιῶν.
2663 3903 2776 3956 Οὐκ
2802 3903 2909 3975 ἄρα
2943 3903 3175 3968 γένεσις.

2161 4187 2317 4240 Ἤτοι
2359 4188 2662 4260 ἀνατροφαὶ
2710 4190 2804 4242 καὶ
2847 4190 2915 4242 τὰ
2955 4188 3052 4260 ἔθη
3094 4190 3204 4243 τῶν
3250 4192 3681 4264 ἁμαρτημάτων

2085 4280 2223 4333 εἰσὶν
2245 4279 2415 4343 αἴτια,
2448 4280 2481 4351 ἢ
2512 4278 2580 4332 τὰ
2613 4278 2759 4351 πάθη
2789 4279 2888 4351 τῆς
2920 4279 3122 4351 ψυχῆς,
3152 4283 3246 4334 καὶ
3271 4282 3325 4334 αἱ
3357 4282 3444 4337 διά
3475 4282 3679 4356 σώμα-

2085 4393 2177 4440 τος
2214 4376 2519 4447 ἐπιθυμίαι.
2565 4375 2854 4447 Ὀπότερον
2886 4376 2932 4430 δ’
2976 4378 3042 4431 ἂν
3070 4372 3337 4449 τούτωνῇ
3375 4377 3435 4430 τὸ
3463 4377 3671 4443 αἴτιον,

404 4471 619 4525 centur,
676 4476 773 4516 seu
826 4460 1174 4529 cupiditates.
1216 4458 1494 4529 Quidquid
1551 4466 1735 4514 autem
1782 4460 1978 4514 horum

2107 4464 2165 4533 νίς
2193 4467 2259 4524 ἂν
2364 4467 2558 4533 αἴτιον,
2584 4467 2716 4530 Θεὸς
2748 4468 3008 4530 ἀναίτιος.

403 4569 571 4610 causa
601 4554 692 4615 sit,
727 4561 876 4608 certe
908 4552 1050 4608 Deus
1072 4560 1265 4607 auctor
1287 4568 1351 4607 ac
1373 4567 1537 4607 causa
1568 4553 1793 4608 minime
1814 4552 1903 4609 sit.

474 4646 532 4702 Si
563 4646 760 4702 melius
789 4647 1099 4716 estjustum
1130 4661 1253 4702 esse
1274 4660 1437 4716 quam
1463 4644 1754 4713 injustum,
1786 4644 1976 4715 quidni

398 4739 528 4795 talis
576 4738 645 4793 ab
702 4738 823 4808 ipso
874 4739 1129 4808 protinus
1171 4748 1295 4792 ortu
1346 4752 1521 4807 exque
1575 4736 1763 4807 genesi
1814 4737 1978 4791 homo

400 4830 666 4886 creatur?
696 4828 795 4885 Sin
829 4841 1012 4886 autem
1045 4839 1256 4901 postea,
1296 4837 1354 4883 ut
1378 4829 1447 4883 ad
1472 4830 1752 4884 meliorem
1783 4827 1978 4882 evadat

398 4921 635 4993 frugem,
660 4922 970 4993 disciplinis
1000 4923 1220 4993 cogitur
1245 4933 1409 4991 atque
1431 4920 1645 4990 legibus
1681 4938 1693 4973 :
1723 4918 1885 4988 plane
1916 4926 1977 4973 ut

398 5015 608 5069 arbitrii
640 5014 897 5070 facultate
930 5015 1192 5085 praeditus
1221 5014 1290 5069 iis
1322 5013 1537 5084 cogitur
1570 5017 1623 5066 et
1652 5010 1971 5081 castigatur,

396 5118 507 5157 non
543 5105 690 5158 velut
723 5104 818 5175 qui
843 5107 1020 5160 malus
1047 5120 1079 5158 a
1110 5112 1308 5159 natura
1337 5104 1429 5159 sit.

470 5190 531 5245 Si
552 5193 700 5257 mali,
732 5195 900 5249 natali
930 5194 1218 5258 falalitate,
1253 5193 1592 5248 ineluctabili
1618 5192 1973 5264 providentia

396 5282 619 5339 decreto
667 5285 795 5338 mali
835 5294 1162 5349 nascuntur,
1211 5285 1360 5338 omni
1413 5286 1575 5355 culpa
1607 5294 1828 5348 vacant,
1870 5301 1971 5340 nec

395 5372 547 5442 digni
583 5382 714 5429 sunt
757 5376 851 5445 qui
897 5376 1079 5446 legum
1123 5376 1302 5446 poenis
1337 5386 1728 5445 coerceantur;
1768 5379 1968 5448 quippe

394 5464 489 5532 qui
514 5463 700 5519 vivant
740 5472 802 5519 ut
847 5466 957 5521 illis
991 5482 1021 5519 a
1049 5475 1248 5522 natura
1277 5476 1654 5538 comparatum
1684 5479 1804 5533 est;
1839 5485 1964 5524 nam

393 5577 494 5617 nec
527 5577 585 5616 se
608 5562 759 5633 ipsos
784 5571 994 5617 mutare
1023 5572 1340 5634 potuerunt.

464 5652 701 5719 Rursus,
756 5654 801 5709 si
845 5654 995 5719 boni,
1026 5670 1091 5709 eo
1134 5656 1280 5725 quod
1321 5656 1473 5715 iuxta
1516 5666 1769 5712 naturam
1809 5670 1963 5711 suam

393 5745 514 5799 vitae
545 5747 784 5802 rationes
810 5746 1127 5814 instituunt,
1162 5747 1322 5803 laude
1349 5749 1497 5818 digni
1522 5758 1670 5816 sunt,
1708 5763 1832 5804 cum
1863 5765 1964 5802 nao

2150 4650 2214 4702 Εἰ
2255 4648 2508 4721 κρεῖσσόν
2549 4648 2664 4701 ἐστι
2701 4645 2762 4699 τὸ
2793 4645 2999 4700 δίκαιον
3034 4641 3172 4698 εἶναι
3198 4644 3294 4698 τοῦ
3330 4644 3542 4709 ἀδίκου,
3574 4643 3673 4698 διὰ

2078 4740 2132 4795 τί
2168 4740 2407 4803 τοιοῦτος
2453 4737 2676 4793 αὐτόθεν
2712 4738 2741 4789 ό
2768 4735 3055 4808 ἄνθρωπος
3096 4735 3204 4788 ἀπὸ
3251 4733 3352 4804 τῆς
3390 4732 3671 4802 γενέσεως

2077 4834 2138 4886 ού
2180 4832 2417 4903 γίνεται;
2463 4831 2527 4883 Et
2555 4829 2612 4882 δὲ
2659 4828 2904 4901 ὕστερον,
2946 4828 3094 4890 ὅπως
3136 4826 3376 4897 ἀμείνων
3427 4825 3665 4896 γενηθῇ,

2078 4923 2468 4995 σωφρονίςεται
2514 4921 2797 4993 μαθήμασι
2828 4921 2921 4973 καὶ
2960 4919 3172 4990 νόμοις·
3203 4917 3280 4982 ὡς
3308 4917 3669 4982 αύτεξούσιος

2075 5014 2184 5089 ἄρα
2226 5012 2636 5088 σωφρονίζεται,
2664 5012 2760 5068 καὶ
2783 5014 2882 5066 οὐκ
2907 5014 2973 5064 ἐκ
2996 5010 3211 5080 φύσεως
3241 5008 3318 5061 ὢν
3354 5008 3550 5074 κακός.

2144 5199 2208 5251 Εἰ
2233 5198 2283 5250 οἱ
2309 5196 2535 5267 πονηροὶ
2559 5194 2783 5266 πονηρώ¹
2806 5192 2947 5246 κατά
2970 5193 3180 5260 γένεσιν
3202 5190 3362 5260 φύσει
3386 5190 3666 5270 Προνοίας

2070 5293 2283 5358 ταγαῖς,
2317 5290 2415 5341 οὐκ
2441 5288 2548 5341 εἰσὶ
2587 5286 2825 5357 μεμπτοῖ⁸
2856 5285 2951 5337 καὶ
2983 5282 3122 5349 ἄξιοι
3155 5282 3428 5352 τιμωρίας
3457 5281 3561 5353 τῆς
3592 5284 3667 5336 ὲκ

2071 5385 2179 5437 τῶν
2226 5383 2427 5459 νόμων,
2471 5380 2670 5445 ζῶντες
2712 5380 2829 5433 κατ’
2871 5377 3039 5448 αὐτὴν
3075 5376 3173 5447 τὴν
3215 5375 3425 5429 οἰκείαν
3465 5374 3660 5443 φύσινο

2070 5476 2192 5529 ἐπεὶ
2220 5475 2293 5546 μὴ
2324 5472 2632 5543 δεδύνηνται
2661 5469 3078 5541 μεταϐληθῆναι.

2138 5652 2248 5704 Kal.
2280 5649 2486 5712 ἄλλως·
2516 5649 2566 5700 εἰ
2605 5648 2653 5700 οἱ
2700 5645 2894 5714 ἀγαθοὶ
2933 5643 3074 5698 κατὰ
3101 5643 3199 5715 τὴν
3235 5642 3447 5697 οἰκείαν
3487 5641 3661 5714 φύσιν

2068 5745 2268 5811 ζῶντές
2306 5747 2444 5798 εἰσιν
2486 5741 2780 5804 ὲπαινετοὶ,
2815 5739 2916 5811 τῆς
2957 5737 3225 5807 γενέσεως
3264 5735 3433 5808 οὔσης
3467 5736 3661 5803 αἰτίας
