  <div class='ocr_page' id='page_1' title='image "/cluster/home/n/w/nwhite01/storage/ocr_20150623/18/nnc1.0046978550/094.png"; bbox 0 0 3864 6162; ppageno 0'>
   <div class='ocr_carea' id='block_1_1' title="bbox 178 295 274 351">
    <p class='ocr_par' dir='ltr' id='par_1_1' title="bbox 178 295 274 351">
     <span class='ocr_line' id='line_1_1' title="bbox 178 295 274 351; baseline 0 0"><span class='ocrx_word' id='word_1_1' title='bbox 178 295 274 351; x_wconf 75' lang='grc'><strong>175</strong></span> 
     </span>
    </p>
   </div>
   <div class='ocr_carea' id='block_1_2' title="bbox 1257 292 2313 350">
    <p class='ocr_par' dir='ltr' id='par_1_2' title="bbox 1257 292 2313 350">
     <span class='ocr_line' id='line_1_2' title="bbox 1257 292 2313 350; baseline 0 -1"><span class='ocrx_word' id='word_1_2' title='bbox 1257 293 1643 350; x_wconf 79' lang='lat' dir='ltr'><strong>CONVIVIUM</strong></span> <span class='ocrx_word' id='word_1_3' title='bbox 1682 292 1912 350; x_wconf 79' lang='lat' dir='ltr'><strong>DECEM</strong></span> <span class='ocrx_word' id='word_1_4' title='bbox 1953 292 2313 349; x_wconf 80' lang='lat' dir='ltr'><strong>VIRGINUM.</strong></span> 
     </span>
    </p>
   </div>
   <div class='ocr_carea' id='block_1_3' title="bbox 3324 293 3429 348">
    <p class='ocr_par' dir='ltr' id='par_1_3' title="bbox 3324 293 3429 348">
     <span class='ocr_line' id='line_1_3' title="bbox 3324 293 3429 348; baseline -0.01 0"><span class='ocrx_word' id='word_1_5' title='bbox 3324 293 3429 348; x_wconf 69' lang='grc'><strong>174</strong></span> 
     </span>
    </p>
   </div>
   <div class='ocr_carea' id='block_1_4' title="bbox 173 401 1751 486">
    <p class='ocr_par' dir='ltr' id='par_1_4' title="bbox 173 401 1751 486">
     <span class='ocr_line' id='line_1_4' title="bbox 173 401 1751 486; baseline 0.001 -20"><span class='ocrx_word' id='word_1_6' title='bbox 173 411 258 466; x_wconf 81' lang='grc' dir='ltr'>τοῦ</span> <span class='ocrx_word' id='word_1_7' title='bbox 291 407 431 465; x_wconf 81' lang='grc' dir='ltr'>εἶναι</span> <span class='ocrx_word' id='word_1_8' title='bbox 461 413 588 476; x_wconf 84' lang='grc' dir='ltr'>τοὺς</span> <span class='ocrx_word' id='word_1_9' title='bbox 622 411 879 480; x_wconf 88' lang='grc' dir='ltr'>ἀγαθους·</span> <span class='ocrx_word' id='word_1_10' title='bbox 927 413 1051 467; x_wconf 82' lang='grc' dir='ltr'>οὐδὲ</span> <span class='ocrx_word' id='word_1_11' title='bbox 1092 413 1143 466; x_wconf 87' lang='grc' dir='ltr'>οἱ</span> <span class='ocrx_word' id='word_1_12' title='bbox 1176 401 1403 486; x_wconf 77' lang='grc' dir='ltr'>πονηροὶ</span> <span class='ocrx_word' id='word_1_13' title='bbox 1439 414 1568 486; x_wconf 84' lang='grc' dir='ltr'>ἄρα,</span> <span class='ocrx_word' id='word_1_14' title='bbox 1615 413 1751 469; x_wconf 81' lang='grc' dir='ltr'>κατὰ</span> 
     </span>
    </p>
   </div>
   <div class='ocr_carea' id='block_1_5' title="bbox 1861 401 3433 486">
    <p class='ocr_par' dir='ltr' id='par_1_5' title="bbox 1863 412 3433 484">
     <span class='ocr_line' id='line_1_5' title="bbox 1863 412 3433 484; baseline 0.002 -17"><span class='ocrx_word' id='word_1_15' title='bbox 1863 413 1988 467; x_wconf 87' lang='lat' dir='ltr'><strong>talis</strong></span> <span class='ocrx_word' id='word_1_16' title='bbox 2010 412 2249 468; x_wconf 79' lang='lat' dir='ltr'><strong>fatalitas</strong></span> <span class='ocrx_word' id='word_1_17' title='bbox 2288 413 2396 469; x_wconf 86' lang='lat' dir='ltr'><strong>illis</strong></span> <span class='ocrx_word' id='word_1_18' title='bbox 2426 422 2618 469; x_wconf 91' lang='lat' dir='ltr'><strong>auctor</strong></span> <span class='ocrx_word' id='word_1_19' title='bbox 2643 413 2713 470; x_wconf 89' lang='lat' dir='ltr'><strong>sit</strong></span> <span class='ocrx_word' id='word_1_20' title='bbox 2738 420 2798 468; x_wconf 92' lang='lat' dir='ltr'><strong>ut</strong></span> <span class='ocrx_word' id='word_1_21' title='bbox 2830 413 2958 468; x_wconf 91' lang='lat' dir='ltr'><strong>boni</strong></span> <span class='ocrx_word' id='word_1_22' title='bbox 2987 413 3097 469; x_wconf 89' lang='lat' dir='ltr'><strong>sint</strong></span> <span class='ocrx_word' id='word_1_23' title='bbox 3123 432 3137 468; x_wconf 90' lang='lat'>:</span> <span class='ocrx_word' id='word_1_24' title='bbox 3171 413 3331 484; x_wconf 86' lang='lat' dir='ltr'><strong>plane</strong></span> <span class='ocrx_word' id='word_1_25' title='bbox 3364 430 3433 470; x_wconf 86' lang='lat' dir='ltr'><strong>ne</strong></span> 
     </span>
    </p>
   </div>
   <div class='ocr_carea' id='block_1_6' title="bbox 172 505 1754 578">
    <p class='ocr_par' dir='ltr' id='par_1_6' title="bbox 172 505 1754 578">
     <span class='ocr_line' id='line_1_6' title="bbox 172 505 1754 578; baseline 0.002 -21"><span class='ocrx_word' id='word_1_26' title='bbox 172 505 261 577; x_wconf 74' lang='grc' dir='ltr'>τὴν</span> <span class='ocrx_word' id='word_1_27' title='bbox 307 506 518 560; x_wconf 81' lang='grc' dir='ltr'><strong>οἰκείαν</strong></span> <span class='ocrx_word' id='word_1_28' title='bbox 561 506 724 576; x_wconf 82' lang='grc' dir='ltr'>φύσιν</span> <span class='ocrx_word' id='word_1_29' title='bbox 771 507 993 573; x_wconf 80' lang='grc' dir='ltr'>ζῶντες,</span> <span class='ocrx_word' id='word_1_30' title='bbox 1042 506 1305 561; x_wconf 77' lang='grc' dir='ltr'>αἰτιατέοι</span> <span class='ocrx_word' id='word_1_31' title='bbox 1359 507 1510 577; x_wconf 76' lang='grc' dir='ltr'>παρὰ</span> <span class='ocrx_word' id='word_1_32' title='bbox 1560 507 1754 578; x_wconf 82' lang='grc' dir='ltr'>δικαίῳ</span> 
     </span>
    </p>
   </div>
   <div class='ocr_carea' id='block_1_7' title="bbox 175 597 1752 671">
    <p class='ocr_par' dir='ltr' id='par_1_7' title="bbox 175 597 1752 671">
     <span class='ocr_line' id='line_1_7' title="bbox 175 597 1752 671; baseline 0.001 -22"><span class='ocrx_word' id='word_1_33' title='bbox 175 600 348 670; x_wconf 80' lang='grc' dir='ltr'>κριτῇ.</span> <span class='ocrx_word' id='word_1_34' title='bbox 411 598 523 651; x_wconf 83' lang='lat' dir='ltr'><strong>Kal.</strong></span> <span class='ocrx_word' id='word_1_35' title='bbox 579 599 629 651; x_wconf 82' lang='grc' dir='ltr'><strong>εἰ</strong></span> <span class='ocrx_word' id='word_1_36' title='bbox 673 599 778 669; x_wconf 65' lang='grc' dir='ltr'><strong>χρὴ</strong></span> <span class='ocrx_word' id='word_1_37' title='bbox 830 597 1127 670; x_wconf 76' lang='grc' dir='ltr'>διαρῤήδην</span> <span class='ocrx_word' id='word_1_38' title='bbox 1166 600 1360 661; x_wconf 84' lang='grc' dir='ltr'>εἰπεῖν,</span> <span class='ocrx_word' id='word_1_39' title='bbox 1407 600 1436 650; x_wconf 88' lang='grc' dir='ltr'>ὁ</span> <span class='ocrx_word' id='word_1_40' title='bbox 1470 599 1611 651; x_wconf 86' lang='grc' dir='ltr'><strong>κατά</strong></span> <span class='ocrx_word' id='word_1_41' title='bbox 1653 599 1752 671; x_wconf 80' lang='grc' dir='ltr'>τὴν</span> 
     </span>
    </p>
   </div>
   <div class='ocr_carea' id='block_1_8' title="bbox 173 688 1750 763">
    <p class='ocr_par' dir='ltr' id='par_1_8' title="bbox 173 688 1750 763">
     <span class='ocr_line' id='line_1_8' title="bbox 173 688 1750 763; baseline 0.001 -22"><span class='ocrx_word' id='word_1_42' title='bbox 173 688 477 760; x_wconf 77' lang='grc' dir='ltr'>προσοῦσαν</span> <span class='ocrx_word' id='word_1_43' title='bbox 506 688 655 759; x_wconf 72' lang='grc' dir='ltr'>αὐτῷ</span> <span class='ocrx_word' id='word_1_44' title='bbox 679 688 840 758; x_wconf 79' lang='grc' dir='ltr'>φύσιν</span> <span class='ocrx_word' id='word_1_45' title='bbox 863 688 970 754; x_wconf 79' lang='grc' dir='ltr'><strong>ζῶν</strong></span> <span class='ocrx_word' id='word_1_46' title='bbox 998 689 1152 743; x_wconf 82' lang='grc' dir='ltr'>οὐδὲν</span> <span class='ocrx_word' id='word_1_47' title='bbox 1180 689 1505 763; x_wconf 85' lang='grc' dir='ltr'>ἁμαρτάνει.</span> <span class='ocrx_word' id='word_1_48' title='bbox 1545 691 1618 743; x_wconf 83' lang='grc' dir='ltr'><strong>Οὐ</strong></span> <span class='ocrx_word' id='word_1_49' title='bbox 1642 690 1750 762; x_wconf 84' lang='grc' dir='ltr'>γάρ</span> 
     </span>
    </p>
   </div>
   <div class='ocr_carea' id='block_1_9' title="bbox 172 779 1748 855">
    <p class='ocr_par' dir='ltr' id='par_1_9' title="bbox 172 779 1748 855">
     <span class='ocr_line' id='line_1_9' title="bbox 172 779 1748 855; baseline 0.014 -22"><span class='ocrx_word' id='word_1_50' title='bbox 172 779 358 834; x_wconf 80' lang='grc' dir='ltr'>ἑαυτὸν</span> <span class='ocrx_word' id='word_1_51' title='bbox 387 780 611 850; x_wconf 76' lang='grc' dir='ltr'>ἐποίησε</span> <span class='ocrx_word' id='word_1_52' title='bbox 640 780 902 845; x_wconf 76' lang='grc' dir='ltr'>τοιοῦτον,</span> <span class='ocrx_word' id='word_1_53' title='bbox 953 780 1067 835; x_wconf 80' lang='grc' dir='ltr'>ἀλλ’</span> <span class='ocrx_word' id='word_1_54' title='bbox 1108 783 1141 852; x_wconf 86' lang='grc' dir='ltr'><strong>ἡ</strong></span> <span class='ocrx_word' id='word_1_55' title='bbox 1182 782 1517 854; x_wconf 82' lang='grc' dir='ltr'><strong>εἱμαρμένη·</strong></span> <span class='ocrx_word' id='word_1_56' title='bbox 1563 785 1657 836; x_wconf 60' lang='grc' dir='ltr'><strong>καὶ</strong></span> <span class='ocrx_word' id='word_1_57' title='bbox 1682 784 1748 855; x_wconf 68' lang='grc' dir='ltr'><strong>ζῇ</strong></span> 
     </span>
    </p>
   </div>
   <div class='ocr_carea' id='block_1_10' title="bbox 172 872 1749 945">
    <p class='ocr_par' dir='ltr' id='par_1_10' title="bbox 172 872 1749 945">
     <span class='ocr_line' id='line_1_10' title="bbox 172 872 1749 945; baseline 0.003 -20"><span class='ocrx_word' id='word_1_58' title='bbox 172 872 307 925; x_wconf 86' lang='grc' dir='ltr'><strong>κατά</strong></span> <span class='ocrx_word' id='word_1_59' title='bbox 341 872 444 943; x_wconf 81' lang='grc' dir='ltr'>τὴν</span> <span class='ocrx_word' id='word_1_60' title='bbox 478 872 681 945; x_wconf 79' lang='grc' dir='ltr'>ταύτης</span> <span class='ocrx_word' id='word_1_61' title='bbox 724 872 958 943; x_wconf 89' lang='grc' dir='ltr'>κίνησιν,</span> <span class='ocrx_word' id='word_1_62' title='bbox 1002 873 1265 944; x_wconf 82' lang='grc' dir='ltr'><strong>ἀγόμενος</strong></span> <span class='ocrx_word' id='word_1_63' title='bbox 1289 872 1551 942; x_wconf 79' lang='grc' dir='ltr'><strong>ἀφύκτοις</strong></span> <span class='ocrx_word' id='word_1_64' title='bbox 1583 875 1749 944; x_wconf 84' lang='grc' dir='ltr'>ἀνάγ-</span> 
     </span>
    </p>
   </div>
   <div class='ocr_carea' id='block_1_11' title="bbox 170 961 1747 1039">
    <p class='ocr_par' dir='ltr' id='par_1_11' title="bbox 170 961 1747 1039">
     <span class='ocr_line' id='line_1_11' title="bbox 170 961 1747 1039; baseline 0.003 -22"><span class='ocrx_word' id='word_1_65' title='bbox 170 976 310 1029; x_wconf 84' lang='grc' dir='ltr'>καις.</span> <span class='ocrx_word' id='word_1_66' title='bbox 363 964 552 1028; x_wconf 72' lang='grc' dir='ltr'>Οὐδεὶς</span> <span class='ocrx_word' id='word_1_67' title='bbox 597 961 690 1019; x_wconf 78' lang='grc' dir='ltr'><strong>οὖν</strong></span> <span class='ocrx_word' id='word_1_68' title='bbox 740 965 929 1028; x_wconf 86' lang='grc' dir='ltr'>κακός.</span> <span class='ocrx_word' id='word_1_69' title='bbox 987 964 1126 1017; x_wconf 85' lang='grc' dir='ltr'>Ἀλλ’</span> <span class='ocrx_word' id='word_1_70' title='bbox 1170 966 1278 1019; x_wconf 74' lang='grc' dir='ltr'>εἰσὶ</span> <span class='ocrx_word' id='word_1_71' title='bbox 1332 966 1521 1020; x_wconf 87' lang='grc' dir='ltr'>κακοί·</span> <span class='ocrx_word' id='word_1_72' title='bbox 1562 969 1675 1022; x_wconf 73' lang='grc' dir='ltr'>καὶ</span> <span class='ocrx_word' id='word_1_73' title='bbox 1714 970 1747 1039; x_wconf 82' lang='grc' dir='ltr'><strong>ἡ</strong></span> 
     </span>
    </p>
   </div>
   <div class='ocr_carea' id='block_1_12' title="bbox 174 1055 1749 1132">
    <p class='ocr_par' dir='ltr' id='par_1_12' title="bbox 174 1055 1749 1132">
     <span class='ocr_line' id='line_1_12' title="bbox 174 1055 1749 1132; baseline 0.006 -27"><span class='ocrx_word' id='word_1_74' title='bbox 174 1056 271 1125; x_wconf 76' lang='grc' dir='ltr'>μὲν</span> <span class='ocrx_word' id='word_1_75' title='bbox 308 1056 481 1110; x_wconf 83' lang='grc' dir='ltr'>κακία</span> <span class='ocrx_word' id='word_1_76' title='bbox 512 1056 710 1129; x_wconf 77' lang='grc' dir='ltr'>ψεκτὴ,</span> <span class='ocrx_word' id='word_1_77' title='bbox 738 1058 832 1111; x_wconf 80' lang='grc' dir='ltr'><strong>καὶ</strong></span> <span class='ocrx_word' id='word_1_78' title='bbox 865 1055 958 1127; x_wconf 65' lang='lat' dir='ltr'><strong>exe</strong></span> <span class='ocrx_word' id='word_1_79' title='bbox 969 1056 1036 1129; x_wconf 84' lang='grc' dir='ltr'><strong>ρά</strong></span> <span class='ocrx_word' id='word_1_80' title='bbox 1056 1055 1293 1129; x_wconf 68' lang='grc' dir='ltr'>τῷεΘεῷ,</span> <span class='ocrx_word' id='word_1_81' title='bbox 1319 1058 1395 1122; x_wconf 84' lang='grc' dir='ltr'><strong>ὡς</strong></span> <span class='ocrx_word' id='word_1_82' title='bbox 1422 1059 1749 1132; x_wconf 81' lang='grc' dir='ltr'><strong>συνέστησεν</strong></span> 
     </span>
    </p>
   </div>
   <div class='ocr_carea' id='block_1_13' title="bbox 169 1148 1746 1225">
    <p class='ocr_par' dir='ltr' id='par_1_13' title="bbox 169 1148 1746 1225">
     <span class='ocr_line' id='line_1_13' title="bbox 169 1148 1746 1225; baseline 0.004 -25"><span class='ocrx_word' id='word_1_83' title='bbox 169 1149 197 1200; x_wconf 86' lang='grc' dir='ltr'><strong>ό</strong></span> <span class='ocrx_word' id='word_1_84' title='bbox 218 1148 408 1217; x_wconf 83' lang='grc' dir='ltr'>λόγος’</span> <span class='ocrx_word' id='word_1_85' title='bbox 457 1152 490 1219; x_wconf 76' lang='grc' dir='ltr'>ἡ</span> <span class='ocrx_word' id='word_1_86' title='bbox 519 1150 575 1204; x_wconf 83' lang='grc' dir='ltr'><strong>δὲ</strong></span> <span class='ocrx_word' id='word_1_87' title='bbox 622 1149 788 1223; x_wconf 84' lang='grc' dir='ltr'>ἁρετὴ</span> <span class='ocrx_word' id='word_1_88' title='bbox 818 1150 1121 1222; x_wconf 80' lang='grc' dir='ltr'>προσφιλὴς</span> <span class='ocrx_word' id='word_1_89' title='bbox 1155 1151 1251 1204; x_wconf 73' lang='grc' dir='ltr'>καὶ</span> <span class='ocrx_word' id='word_1_90' title='bbox 1290 1153 1570 1225; x_wconf 78' lang='grc' dir='ltr'>ἐπαινετὴ,</span> <span class='ocrx_word' id='word_1_91' title='bbox 1613 1153 1746 1207; x_wconf 83' lang='grc' dir='ltr'><strong>Θεοῦ</strong></span> 
     </span>
    </p>
   </div>
   <div class='ocr_carea' id='block_1_14' title="bbox 168 1241 1753 1318">
    <p class='ocr_par' dir='ltr' id='par_1_14' title="bbox 168 1241 1753 1318">
     <span class='ocr_line' id='line_1_14' title="bbox 168 1241 1753 1318; baseline 0.003 -24"><span class='ocrx_word' id='word_1_92' title='bbox 168 1241 518 1307; x_wconf 75' lang='grc' dir='ltr'>διατάξαντος</span> <span class='ocrx_word' id='word_1_93' title='bbox 553 1242 720 1313; x_wconf 90' lang='grc' dir='ltr'>νόμον</span> <span class='ocrx_word' id='word_1_94' title='bbox 749 1242 989 1314; x_wconf 81' lang='grc' dir='ltr'>τιμωρὸν</span> <span class='ocrx_word' id='word_1_95' title='bbox 1028 1241 1233 1297; x_wconf 85' lang='grc' dir='ltr'>κακῶν.</span> <span class='ocrx_word' id='word_1_96' title='bbox 1264 1243 1377 1296; x_wconf 84' lang='grc' dir='ltr'>Οὐκ</span> <span class='ocrx_word' id='word_1_97' title='bbox 1415 1243 1525 1314; x_wconf 80' lang='grc' dir='ltr'><strong>ἄρα</strong></span> <span class='ocrx_word' id='word_1_98' title='bbox 1560 1246 1753 1318; x_wconf 82' lang='grc' dir='ltr'>εἱμαρ-</span> 
     </span>
    </p>
   </div>
   <div class='ocr_carea' id='block_1_15' title="bbox 170 1334 329 1406">
    <p class='ocr_par' dir='ltr' id='par_1_15' title="bbox 170 1334 329 1406">
     <span class='ocr_line' id='line_1_15' title="bbox 170 1334 329 1406; baseline 0.013 -2"><span class='ocrx_word' id='word_1_99' title='bbox 170 1334 329 1406; x_wconf 64' lang='grc' dir='ltr'>μένη-</span> 
     </span>
    </p>
   </div>
   <div class='ocr_carea' id='block_1_16' title="bbox 1859 504 3431 576">
    <p class='ocr_par' dir='ltr' id='par_1_16' title="bbox 1859 504 3431 576">
     <span class='ocr_line' id='line_1_16' title="bbox 1859 504 3431 576; baseline 0.003 -19"><span class='ocrx_word' id='word_1_100' title='bbox 1859 504 1985 558; x_wconf 90' lang='lat' dir='ltr'><strong>mali</strong></span> <span class='ocrx_word' id='word_1_101' title='bbox 2012 504 2257 574; x_wconf 86' lang='lat' dir='ltr'><strong>quidem,</strong></span> <span class='ocrx_word' id='word_1_102' title='bbox 2293 505 2388 575; x_wconf 88' lang='lat' dir='ltr'><strong>qui</strong></span> <span class='ocrx_word' id='word_1_103' title='bbox 2433 505 2535 575; x_wconf 88' lang='lat' dir='ltr'><strong>ipsi</strong></span> <span class='ocrx_word' id='word_1_104' title='bbox 2566 520 2785 576; x_wconf 87' lang='lat' dir='ltr'><strong>quoque</strong></span> <span class='ocrx_word' id='word_1_105' title='bbox 2816 507 2896 562; x_wconf 88' lang='lat' dir='ltr'><strong>sic</strong></span> <span class='ocrx_word' id='word_1_106' title='bbox 2936 506 3122 561; x_wconf 88' lang='lat' dir='ltr'><strong>vivant</strong></span> <span class='ocrx_word' id='word_1_107' title='bbox 3154 514 3212 561; x_wconf 91' lang='lat' dir='ltr'><strong>ut</strong></span> <span class='ocrx_word' id='word_1_108' title='bbox 3240 521 3431 561; x_wconf 90' lang='lat' dir='ltr'><strong>earum</strong></span> 
     </span>
    </p>
   </div>
   <div class='ocr_carea' id='block_1_17' title="bbox 1854 597 3433 670">
    <p class='ocr_par' dir='ltr' id='par_1_17' title="bbox 1854 597 3433 670">
     <span class='ocr_line' id='line_1_17' title="bbox 1854 597 3433 670; baseline 0.004 -22"><span class='ocrx_word' id='word_1_109' title='bbox 1854 601 2055 649; x_wconf 89' lang='lat' dir='ltr'><strong>natura</strong></span> <span class='ocrx_word' id='word_1_110' title='bbox 2085 602 2252 666; x_wconf 89' lang='lat' dir='ltr'><strong>atque</strong></span> <span class='ocrx_word' id='word_1_111' title='bbox 2284 597 2499 654; x_wconf 86' lang='lat' dir='ltr'><strong>indoles</strong></span> <span class='ocrx_word' id='word_1_112' title='bbox 2529 600 2729 669; x_wconf 90' lang='lat' dir='ltr'><strong>poscit,</strong></span> <span class='ocrx_word' id='word_1_113' title='bbox 2761 598 3022 670; x_wconf 86' lang='lat' dir='ltr'><strong>culpandi</strong></span> <span class='ocrx_word' id='word_1_114' title='bbox 3048 608 3209 654; x_wconf 88' lang='lat' dir='ltr'><strong>erunt</strong></span> <span class='ocrx_word' id='word_1_115' title='bbox 3231 615 3262 652; x_wconf 91' lang='lat' dir='ltr'><strong>a</strong></span> <span class='ocrx_word' id='word_1_116' title='bbox 3285 598 3433 668; x_wconf 86' lang='lat' dir='ltr'><strong>justo</strong></span> 
     </span>
    </p>
   </div>
   <div class='ocr_carea' id='block_1_18' title="bbox 1849 688 3436 764">
    <p class='ocr_par' dir='ltr' id='par_1_18' title="bbox 1849 688 3436 764">
     <span class='ocr_line' id='line_1_18' title="bbox 1849 688 3436 764; baseline 0.003 -22"><span class='ocrx_word' id='word_1_117' title='bbox 1849 688 2055 757; x_wconf 85' lang='lat' dir='ltr'><strong>judice.</strong></span> <span class='ocrx_word' id='word_1_118' title='bbox 2088 688 2323 754; x_wconf 85' lang='lat' dir='ltr'><strong>Etenim,</strong></span> <span class='ocrx_word' id='word_1_119' title='bbox 2360 691 2405 746; x_wconf 90' lang='lat' dir='ltr'><strong>si</strong></span> <span class='ocrx_word' id='word_1_120' title='bbox 2445 691 2593 747; x_wconf 88' lang='lat' dir='ltr'><strong>clare</strong></span> <span class='ocrx_word' id='word_1_121' title='bbox 2626 692 2960 764; x_wconf 89' lang='lat' dir='ltr'><strong>loquendum</strong></span> <span class='ocrx_word' id='word_1_122' title='bbox 2991 697 3098 754; x_wconf 88' lang='lat' dir='ltr'><strong>est,</strong></span> <span class='ocrx_word' id='word_1_123' title='bbox 3129 692 3223 763; x_wconf 88' lang='lat' dir='ltr'><strong>qui</strong></span> <span class='ocrx_word' id='word_1_124' title='bbox 3252 692 3327 746; x_wconf 87' lang='lat' dir='ltr'><strong>ita</strong></span> <span class='ocrx_word' id='word_1_125' title='bbox 3352 693 3436 746; x_wconf 75' lang='lat' dir='ltr'><strong>vi-</strong></span> 
     </span>
    </p>
   </div>
   <div class='ocr_carea' id='block_1_19' title="bbox 1856 781 3437 856">
    <p class='ocr_par' dir='ltr' id='par_1_19' title="bbox 1856 781 3437 856">
     <span class='ocr_line' id='line_1_19' title="bbox 1856 781 3437 856; baseline 0.004 -22"><span class='ocrx_word' id='word_1_126' title='bbox 1856 781 1929 835; x_wconf 84' lang='lat' dir='ltr'><strong>vit</strong></span> <span class='ocrx_word' id='word_1_127' title='bbox 1967 789 2027 835; x_wconf 87' lang='lat' dir='ltr'><strong>ut</strong></span> <span class='ocrx_word' id='word_1_128' title='bbox 2068 781 2149 835; x_wconf 89' lang='lat' dir='ltr'><strong>illi</strong></span> <span class='ocrx_word' id='word_1_129' title='bbox 2193 798 2262 838; x_wconf 81' lang='lat' dir='ltr'><strong>ex</strong></span> <span class='ocrx_word' id='word_1_130' title='bbox 2298 790 2496 838; x_wconf 89' lang='lat' dir='ltr'><strong>natura</strong></span> <span class='ocrx_word' id='word_1_131' title='bbox 2536 785 2771 841; x_wconf 87' lang='lat' dir='ltr'><strong>inditum</strong></span> <span class='ocrx_word' id='word_1_132' title='bbox 2805 793 2911 853; x_wconf 90' lang='lat' dir='ltr'><strong>est,</strong></span> <span class='ocrx_word' id='word_1_133' title='bbox 2948 785 3083 839; x_wconf 81' lang='lat' dir='ltr'><strong>nihil</strong></span> <span class='ocrx_word' id='word_1_134' title='bbox 3112 785 3229 856; x_wconf 90' lang='lat' dir='ltr'><strong>ipse</strong></span> <span class='ocrx_word' id='word_1_135' title='bbox 3257 785 3437 841; x_wconf 88' lang='lat' dir='ltr'><strong>delin-</strong></span> 
     </span>
    </p>
   </div>
   <div class='ocr_carea' id='block_1_20' title="bbox 1857 871 3435 948">
    <p class='ocr_par' dir='ltr' id='par_1_20' title="bbox 1857 871 3435 948">
     <span class='ocr_line' id='line_1_20' title="bbox 1857 871 3435 948; baseline 0.006 -22"><span class='ocrx_word' id='word_1_136' title='bbox 1857 872 1996 943; x_wconf 89' lang='lat' dir='ltr'><strong>quit.</strong></span> <span class='ocrx_word' id='word_1_137' title='bbox 2029 871 2149 929; x_wconf 67' lang='lat' dir='ltr'><strong>Non</strong></span> <span class='ocrx_word' id='word_1_138' title='bbox 2184 875 2330 929; x_wconf 89' lang='lat' dir='ltr'><strong>enim</strong></span> <span class='ocrx_word' id='word_1_139' title='bbox 2363 876 2478 946; x_wconf 92' lang='lat' dir='ltr'><strong>ipse</strong></span> <span class='ocrx_word' id='word_1_140' title='bbox 2503 892 2561 932; x_wconf 92' lang='lat' dir='ltr'><strong>se</strong></span> <span class='ocrx_word' id='word_1_141' title='bbox 2598 878 2800 948; x_wconf 89' lang='lat' dir='ltr'><strong>ipsum,</strong></span> <span class='ocrx_word' id='word_1_142' title='bbox 2841 879 2936 934; x_wconf 86' lang='lat' dir='ltr'><strong>sed</strong></span> <span class='ocrx_word' id='word_1_143' title='bbox 2964 877 3136 933; x_wconf 86' lang='lat' dir='ltr'><strong>fatum</strong></span> <span class='ocrx_word' id='word_1_144' title='bbox 3159 879 3324 934; x_wconf 80' lang='lat' dir='ltr'><strong>talem</strong></span> <span class='ocrx_word' id='word_1_145' title='bbox 3351 878 3435 935; x_wconf 84' lang='lat' dir='ltr'><strong>fe-</strong></span> 
     </span>
    </p>
   </div>
   <div class='ocr_carea' id='block_1_21' title="bbox 1855 966 3438 1040">
    <p class='ocr_par' dir='ltr' id='par_1_21' title="bbox 1855 966 3438 1040">
     <span class='ocr_line' id='line_1_21' title="bbox 1855 966 3438 1040; baseline 0.003 -19"><span class='ocrx_word' id='word_1_146' title='bbox 1855 966 1929 1021; x_wconf 93' lang='lat' dir='ltr'><strong>cit</strong></span> <span class='ocrx_word' id='word_1_147' title='bbox 1957 987 1968 1020; x_wconf 94' lang='lat'>:</span> <span class='ocrx_word' id='word_1_148' title='bbox 2004 981 2182 1037; x_wconf 80' lang='lat' dir='ltr'><strong>exque</strong></span> <span class='ocrx_word' id='word_1_149' title='bbox 2202 967 2350 1024; x_wconf 91' lang='lat' dir='ltr'><strong>illius</strong></span> <span class='ocrx_word' id='word_1_150' title='bbox 2374 978 2555 1025; x_wconf 89' lang='lat' dir='ltr'><strong>motus</strong></span> <span class='ocrx_word' id='word_1_151' title='bbox 2587 970 2962 1040; x_wconf 88' lang='lat' dir='ltr'><strong>compulsione</strong></span> <span class='ocrx_word' id='word_1_152' title='bbox 2984 971 3137 1040; x_wconf 90' lang='lat' dir='ltr'><strong>vivit,</strong></span> <span class='ocrx_word' id='word_1_153' title='bbox 3166 972 3438 1027; x_wconf 88' lang='lat' dir='ltr'><strong>inelucta-</strong></span> 
     </span>
    </p>
   </div>
   <div class='ocr_carea' id='block_1_22' title="bbox 1854 1058 3433 1132">
    <p class='ocr_par' dir='ltr' id='par_1_22' title="bbox 1854 1058 3433 1132">
     <span class='ocr_line' id='line_1_22' title="bbox 1854 1058 3433 1132; baseline 0.003 -19"><span class='ocrx_word' id='word_1_154' title='bbox 1854 1058 1951 1113; x_wconf 92' lang='lat' dir='ltr'><strong>bili</strong></span> <span class='ocrx_word' id='word_1_155' title='bbox 2005 1060 2333 1116; x_wconf 85' lang='lat' dir='ltr'><strong>necessitate</strong></span> <span class='ocrx_word' id='word_1_156' title='bbox 2384 1068 2613 1116; x_wconf 88' lang='lat' dir='ltr'><strong>tractus.</strong></span> <span class='ocrx_word' id='word_1_157' title='bbox 2654 1061 2827 1117; x_wconf 87' lang='lat' dir='ltr'><strong>Nemo</strong></span> <span class='ocrx_word' id='word_1_158' title='bbox 2873 1062 3039 1132; x_wconf 79' lang='lat' dir='ltr'><strong>igitur</strong></span> <span class='ocrx_word' id='word_1_159' title='bbox 3095 1071 3181 1119; x_wconf 88' lang='lat' dir='ltr'><strong>est</strong></span> <span class='ocrx_word' id='word_1_160' title='bbox 3233 1063 3433 1120; x_wconf 89' lang='lat' dir='ltr'><strong>malus.</strong></span> 
     </span>
    </p>
   </div>
   <div class='ocr_carea' id='block_1_23' title="bbox 1855 1150 3435 1224">
    <p class='ocr_par' dir='ltr' id='par_1_23' title="bbox 1855 1150 3435 1224">
     <span class='ocr_line' id='line_1_23' title="bbox 1855 1150 3435 1224; baseline 0.002 -21"><span class='ocrx_word' id='word_1_161' title='bbox 1855 1150 2020 1220; x_wconf 83' lang='lat' dir='ltr'><strong>Atqui</strong></span> <span class='ocrx_word' id='word_1_162' title='bbox 2078 1152 2206 1205; x_wconf 91' lang='lat' dir='ltr'><strong>mali</strong></span> <span class='ocrx_word' id='word_1_163' title='bbox 2254 1160 2402 1206; x_wconf 89' lang='lat' dir='ltr'><strong>sunt.</strong></span> <span class='ocrx_word' id='word_1_164' title='bbox 2442 1152 2508 1205; x_wconf 86' lang='lat' dir='ltr'><strong>Et</strong></span> <span class='ocrx_word' id='word_1_165' title='bbox 2566 1154 2776 1208; x_wconf 88' lang='lat' dir='ltr'><strong>malitia</strong></span> <span class='ocrx_word' id='word_1_166' title='bbox 2831 1152 3052 1224; x_wconf 87' lang='lat' dir='ltr'><strong>quidem</strong></span> <span class='ocrx_word' id='word_1_167' title='bbox 3103 1154 3435 1224; x_wconf 87' lang='lat' dir='ltr'><strong>vituperium</strong></span> 
     </span>
    </p>
   </div>
   <div class='ocr_carea' id='block_1_24' title="bbox 1857 1242 3436 1314">
    <p class='ocr_par' dir='ltr' id='par_1_24' title="bbox 1857 1242 3436 1314">
     <span class='ocr_line' id='line_1_24' title="bbox 1857 1242 3436 1314; baseline -0.001 -17"><span class='ocrx_word' id='word_1_168' title='bbox 1857 1243 2044 1309; x_wconf 83' lang='lat' dir='ltr'><strong>habet,</strong></span> <span class='ocrx_word' id='word_1_169' title='bbox 2077 1259 2142 1298; x_wconf 89' lang='lat' dir='ltr'><strong>ac</strong></span> <span class='ocrx_word' id='word_1_170' title='bbox 2181 1242 2292 1299; x_wconf 92' lang='lat' dir='ltr'><strong>Deo</strong></span> <span class='ocrx_word' id='word_1_171' title='bbox 2325 1244 2545 1299; x_wconf 85' lang='lat' dir='ltr'><strong>inimica</strong></span> <span class='ocrx_word' id='word_1_172' title='bbox 2590 1251 2699 1309; x_wconf 83' lang='lat' dir='ltr'><strong>est,</strong></span> <span class='ocrx_word' id='word_1_173' title='bbox 2721 1251 2782 1299; x_wconf 93' lang='lat' dir='ltr'><strong>ut</strong></span> <span class='ocrx_word' id='word_1_174' title='bbox 2827 1244 3081 1314; x_wconf 83' lang='lat' dir='ltr'><strong>superius</strong></span> <span class='ocrx_word' id='word_1_175' title='bbox 3116 1243 3294 1299; x_wconf 83' lang='lat' dir='ltr'><strong>evici:</strong></span> <span class='ocrx_word' id='word_1_176' title='bbox 3327 1243 3436 1298; x_wconf 88' lang='lat' dir='ltr'><strong>vir-</strong></span> 
     </span>
    </p>
   </div>
   <div class='ocr_carea' id='block_1_25' title="bbox 1858 1334 3435 1407">
    <p class='ocr_par' dir='ltr' id='par_1_25' title="bbox 1858 1334 3435 1407">
     <span class='ocr_line' id='line_1_25' title="bbox 1858 1334 3435 1407; baseline 0.002 -18"><span class='ocrx_word' id='word_1_177' title='bbox 1858 1343 1951 1391; x_wconf 90' lang='lat' dir='ltr'><strong>tus</strong></span> <span class='ocrx_word' id='word_1_178' title='bbox 1982 1350 2115 1389; x_wconf 85' lang='lat' dir='ltr'><strong>vero</strong></span> <span class='ocrx_word' id='word_1_179' title='bbox 2144 1336 2395 1391; x_wconf 83' lang='lat' dir='ltr'><strong>amabilis</strong></span> <span class='ocrx_word' id='word_1_180' title='bbox 2432 1342 2487 1391; x_wconf 91' lang='lat' dir='ltr'><strong>et</strong></span> <span class='ocrx_word' id='word_1_181' title='bbox 2518 1335 2679 1391; x_wconf 88' lang='lat' dir='ltr'><strong>laude</strong></span> <span class='ocrx_word' id='word_1_182' title='bbox 2711 1335 2894 1405; x_wconf 88' lang='lat' dir='ltr'><strong>digna,</strong></span> <span class='ocrx_word' id='word_1_183' title='bbox 2935 1350 3060 1391; x_wconf 90' lang='lat' dir='ltr'><strong>cum</strong></span> <span class='ocrx_word' id='word_1_184' title='bbox 3093 1334 3236 1391; x_wconf 89' lang='lat' dir='ltr'><strong>Deus</strong></span> <span class='ocrx_word' id='word_1_185' title='bbox 3261 1337 3435 1407; x_wconf 89' lang='lat' dir='ltr'><strong>legem</strong></span> 
     </span>
    </p>
   </div>
   <div class='ocr_carea' id='block_1_26' title="bbox 1856 1424 3434 1498">
    <p class='ocr_par' dir='ltr' id='par_1_26' title="bbox 1856 1424 3434 1498">
     <span class='ocr_line' id='line_1_26' title="bbox 1856 1424 3434 1498; baseline 0.003 -19"><span class='ocrx_word' id='word_1_186' title='bbox 1856 1426 2189 1482; x_wconf 85' lang='lat' dir='ltr'><strong>ulciscendis</strong></span> <span class='ocrx_word' id='word_1_187' title='bbox 2210 1427 2370 1493; x_wconf 80' lang='lat' dir='ltr'><strong>malis</strong></span> <span class='ocrx_word' id='word_1_188' title='bbox 2394 1426 2762 1481; x_wconf 88' lang='lat' dir='ltr'><strong>constituerit.</strong></span> <span class='ocrx_word' id='word_1_189' title='bbox 2792 1424 2912 1481; x_wconf 89' lang='lat' dir='ltr'><strong>Non</strong></span> <span class='ocrx_word' id='word_1_190' title='bbox 2942 1426 3109 1498; x_wconf 82' lang='lat' dir='ltr'><strong>igitur</strong></span> <span class='ocrx_word' id='word_1_191' title='bbox 3130 1434 3215 1483; x_wconf 86' lang='lat' dir='ltr'><strong>est</strong></span> <span class='ocrx_word' id='word_1_192' title='bbox 3238 1425 3434 1483; x_wconf 81' lang='lat' dir='ltr'><strong>fatum.</strong></span> 
     </span>
    </p>
   </div>
   <div class='ocr_carea' id='block_1_27' title="bbox 839 1539 2725 1613">
    <p class='ocr_par' dir='ltr' id='par_1_27' title="bbox 839 1539 2725 1613">
     <span class='ocr_line' id='line_1_27' title="bbox 839 1539 2725 1613; baseline 0.002 -19"><span class='ocrx_word' id='word_1_193' title='bbox 839 1539 968 1596; x_wconf 65' lang='lat' dir='ltr'><strong>Car.</strong></span> <span class='ocrx_word' id='word_1_194' title='bbox 1005 1539 1171 1596; x_wconf 76' lang='lat' dir='ltr'><strong>XVII.</strong></span> <span class='ocrx_word' id='word_1_195' title='bbox 1205 1542 1645 1612; x_wconf 80' lang='lat' dir='ltr'><strong>Concupiscentia</strong></span> <span class='ocrx_word' id='word_1_196' title='bbox 1681 1545 1859 1599; x_wconf 83' lang='lat' dir='ltr'><strong>carnis</strong></span> <span class='ocrx_word' id='word_1_197' title='bbox 1882 1554 1931 1599; x_wconf 80' lang='lat' dir='ltr'><strong>et</strong></span> <span class='ocrx_word' id='word_1_198' title='bbox 1959 1545 2178 1613; x_wconf 79' lang='lat' dir='ltr'><strong>spiritus</strong></span> <span class='ocrx_word' id='word_1_199' title='bbox 2204 1561 2220 1598; x_wconf 93' lang='lat'><em>:</em></span> <span class='ocrx_word' id='word_1_200' title='bbox 2256 1545 2441 1599; x_wconf 82' lang='lat' dir='ltr'><strong>vitium</strong></span> <span class='ocrx_word' id='word_1_201' title='bbox 2462 1554 2511 1597; x_wconf 87' lang='lat' dir='ltr'><strong>et</strong></span> <span class='ocrx_word' id='word_1_202' title='bbox 2539 1545 2725 1599; x_wconf 79' lang='lat' dir='ltr'><strong>virtus.</strong></span> 
     </span>
    </p>
   </div>
   <div class='ocr_carea' id='block_1_28' title="bbox 232 1657 1751 1733">
    <p class='ocr_par' dir='ltr' id='par_1_28' title="bbox 232 1657 1751 1733">
     <span class='ocr_line' id='line_1_28' title="bbox 232 1657 1751 1733; baseline 0.003 -24"><span class='ocrx_word' id='word_1_203' title='bbox 232 1657 348 1710; x_wconf 80' lang='lat' dir='ltr'><strong>Kal.</strong></span> <span class='ocrx_word' id='word_1_204' title='bbox 372 1659 426 1711; x_wconf 84' lang='grc' dir='ltr'><strong>τί</strong></span> <span class='ocrx_word' id='word_1_205' title='bbox 452 1657 709 1713; x_wconf 76' lang='grc' dir='ltr'>τοσοῦτον</span> <span class='ocrx_word' id='word_1_206' title='bbox 756 1660 1200 1733; x_wconf 77' lang='grc' dir='ltr'>ὲπιδιατρίὸουσα</span> <span class='ocrx_word' id='word_1_207' title='bbox 1237 1665 1350 1719; x_wconf 82' lang='grc' dir='ltr'>τοῖς</span> <span class='ocrx_word' id='word_1_208' title='bbox 1378 1663 1639 1732; x_wconf 75' lang='grc' dir='ltr'><strong>ἐλέγχοις,</strong></span> <span class='ocrx_word' id='word_1_209' title='bbox 1680 1664 1751 1726; x_wconf 86' lang='grc' dir='ltr'><strong>είς</strong></span> 
     </span>
    </p>
   </div>
   <div class='ocr_carea' id='block_1_29' title="bbox 1861 1657 3439 1733">
    <p class='ocr_par' dir='ltr' id='par_1_29' title="bbox 1933 1658 3439 1732">
     <span class='ocr_line' id='line_1_29' title="bbox 1933 1658 3439 1732; baseline 0.001 -18"><span class='ocrx_word' id='word_1_210' title='bbox 1933 1661 2002 1715; x_wconf 85' lang='lat' dir='ltr'><strong>At</strong></span> <span class='ocrx_word' id='word_1_211' title='bbox 2040 1661 2171 1731; x_wconf 87' lang='lat' dir='ltr'><strong>quid</strong></span> <span class='ocrx_word' id='word_1_212' title='bbox 2224 1677 2325 1732; x_wconf 88' lang='lat' dir='ltr'><strong>ego</strong></span> <span class='ocrx_word' id='word_1_213' title='bbox 2382 1661 2716 1732; x_wconf 83' lang='lat' dir='ltr'><strong>stringendis</strong></span> <span class='ocrx_word' id='word_1_214' title='bbox 2759 1660 3114 1715; x_wconf 88' lang='lat' dir='ltr'><strong>elenchorum</strong></span> <span class='ocrx_word' id='word_1_215' title='bbox 3165 1658 3439 1715; x_wconf 73' lang='lat' dir='ltr'><strong>machinis</strong></span> 
     </span>
    </p>
   </div>
   <div class='ocr_carea' id='block_1_30' title="bbox 166 1749 1756 1827">
    <p class='ocr_par' dir='ltr' id='par_1_30' title="bbox 166 1749 1756 1827">
     <span class='ocr_line' id='line_1_30' title="bbox 166 1749 1756 1827; baseline 0.003 -25"><span class='ocrx_word' id='word_1_216' title='bbox 166 1750 343 1821; x_wconf 76' lang='grc' dir='ltr'>μῆκος</span> <span class='ocrx_word' id='word_1_217' title='bbox 372 1749 551 1819; x_wconf 72' lang='grc' dir='ltr'>ἐξάγω</span> <span class='ocrx_word' id='word_1_218' title='bbox 573 1752 667 1805; x_wconf 86' lang='grc' dir='ltr'><strong>τὸν</strong></span> <span class='ocrx_word' id='word_1_219' title='bbox 698 1751 875 1820; x_wconf 89' lang='grc' dir='ltr'>λόγον,</span> <span class='ocrx_word' id='word_1_220' title='bbox 903 1753 974 1806; x_wconf 80' lang='grc' dir='ltr'>τὰ</span> <span class='ocrx_word' id='word_1_221' title='bbox 996 1754 1398 1827; x_wconf 85' lang='grc' dir='ltr'>ἀναγκαιότερα</span> <span class='ocrx_word' id='word_1_222' title='bbox 1423 1756 1560 1826; x_wconf 85' lang='grc' dir='ltr'>πρὸς</span> <span class='ocrx_word' id='word_1_223' title='bbox 1584 1754 1756 1809; x_wconf 86' lang='grc' dir='ltr'>πειθὼ</span> 
     </span>
    </p>
   </div>
   <div class='ocr_carea' id='block_1_31' title="bbox 165 1842 1756 1919">
    <p class='ocr_par' dir='ltr' id='par_1_31' title="bbox 165 1842 1756 1919">
     <span class='ocr_line' id='line_1_31' title="bbox 165 1842 1756 1919; baseline 0.002 -23"><span class='ocrx_word' id='word_1_224' title='bbox 165 1843 260 1896; x_wconf 79' lang='grc' dir='ltr'>καὶ</span> <span class='ocrx_word' id='word_1_225' title='bbox 300 1842 703 1911; x_wconf 77' lang='grc' dir='ltr'>συγκατάθεσιν</span> <span class='ocrx_word' id='word_1_226' title='bbox 748 1844 841 1897; x_wconf 80' lang='grc' dir='ltr'>τοῦ</span> <span class='ocrx_word' id='word_1_227' title='bbox 894 1846 1264 1918; x_wconf 77' lang='grc' dir='ltr'>συμφέροντος</span> <span class='ocrx_word' id='word_1_228' title='bbox 1310 1847 1615 1919; x_wconf 81' lang='grc' dir='ltr'>ἐκθεμένη;</span> <span class='ocrx_word' id='word_1_229' title='bbox 1661 1848 1756 1901; x_wconf 74' lang='grc' dir='ltr'><strong>καὶ</strong></span> 
     </span>
    </p>
   </div>
   <div class='ocr_carea' id='block_1_32' title="bbox 162 1934 1754 2009">
    <p class='ocr_par' dir='ltr' id='par_1_32' title="bbox 162 1934 1754 2009">
     <span class='ocr_line' id='line_1_32' title="bbox 162 1934 1754 2009; baseline 0.004 -24"><span class='ocrx_word' id='word_1_230' title='bbox 162 1934 439 2006; x_wconf 75' lang='grc' dir='ltr'>πρόδηλον</span> <span class='ocrx_word' id='word_1_231' title='bbox 483 1936 640 2000; x_wconf 80' lang='grc' dir='ltr'>πᾶσι,</span> <span class='ocrx_word' id='word_1_232' title='bbox 687 1936 784 1989; x_wconf 78' lang='grc' dir='ltr'><strong>καὶ</strong></span> <span class='ocrx_word' id='word_1_233' title='bbox 826 1936 886 2001; x_wconf 80' lang='grc' dir='ltr'>ἐξ</span> <span class='ocrx_word' id='word_1_234' title='bbox 927 1936 1144 2003; x_wconf 86' lang='grc' dir='ltr'><strong>ὀλίγων,</strong></span> <span class='ocrx_word' id='word_1_235' title='bbox 1190 1939 1289 2009; x_wconf 84' lang='grc' dir='ltr'><strong>τὴν</strong></span> <span class='ocrx_word' id='word_1_236' title='bbox 1333 1939 1632 2008; x_wconf 76' lang='grc' dir='ltr'>διαφωνίαν</span> <span class='ocrx_word' id='word_1_237' title='bbox 1659 1938 1754 1992; x_wconf 78' lang='grc' dir='ltr'>τοῦ</span> 
     </span>
    </p>
   </div>
   <div class='ocr_carea' id='block_1_33' title="bbox 160 2028 1755 2104">
    <p class='ocr_par' dir='ltr' id='par_1_33' title="bbox 160 2028 1755 2104">
     <span class='ocr_line' id='line_1_33' title="bbox 160 2028 1755 2104; baseline 0.006 -27"><span class='ocrx_word' id='word_1_238' title='bbox 160 2028 324 2096; x_wconf 80' lang='grc' dir='ltr'>τεχνή</span> <span class='ocrx_word' id='word_1_239' title='bbox 335 2041 511 2096; x_wconf 86' lang='grc' dir='ltr'>ματος</span> <span class='ocrx_word' id='word_1_240' title='bbox 543 2028 723 2082; x_wconf 77' lang='grc' dir='ltr'>αὐτῶν</span> <span class='ocrx_word' id='word_1_241' title='bbox 751 2029 1185 2102; x_wconf 79' lang='grc' dir='ltr'>ὲξεργασαμένη,</span> <span class='ocrx_word' id='word_1_242' title='bbox 1214 2030 1354 2085; x_wconf 79' lang='grc' dir='ltr'>ὥστε</span> <span class='ocrx_word' id='word_1_243' title='bbox 1380 2033 1567 2104; x_wconf 82' lang='grc' dir='ltr'>διορᾷν</span> <span class='ocrx_word' id='word_1_244' title='bbox 1616 2032 1755 2100; x_wconf 76' lang='grc' dir='ltr'>ἐξεῖ-</span> 
     </span>
    </p>
   </div>
   <div class='ocr_carea' id='block_1_34' title="bbox 162 2118 1753 2194">
    <p class='ocr_par' dir='ltr' id='par_1_34' title="bbox 162 2118 1753 2194">
     <span class='ocr_line' id='line_1_34' title="bbox 162 2118 1753 2194; baseline 0.003 -25"><span class='ocrx_word' id='word_1_245' title='bbox 162 2132 249 2170; x_wconf 86' lang='grc' dir='ltr'>ναι</span> <span class='ocrx_word' id='word_1_246' title='bbox 279 2118 381 2170; x_wconf 77' lang='grc' dir='ltr'>καὶ</span> <span class='ocrx_word' id='word_1_247' title='bbox 420 2119 848 2173; x_wconf 83' lang='grc' dir='ltr'>ὲπαισθάνεσθαι</span> <span class='ocrx_word' id='word_1_248' title='bbox 879 2120 977 2192; x_wconf 76' lang='grc' dir='ltr'><strong>τὴν</strong></span> <span class='ocrx_word' id='word_1_249' title='bbox 1018 2121 1229 2193; x_wconf 81' lang='grc' dir='ltr'>πλάνην</span> <span class='ocrx_word' id='word_1_250' title='bbox 1277 2122 1379 2194; x_wconf 76' lang='grc' dir='ltr'>ήδη</span> <span class='ocrx_word' id='word_1_251' title='bbox 1418 2123 1513 2176; x_wconf 77' lang='grc' dir='ltr'><strong>καὶ</strong></span> <span class='ocrx_word' id='word_1_252' title='bbox 1539 2123 1753 2194; x_wconf 82' lang='grc' dir='ltr'><strong>παιδίῳ,</strong></span> 
     </span>
    </p>
   </div>
   <div class='ocr_carea' id='block_1_35' title="bbox 158 2208 1758 2287">
    <p class='ocr_par' dir='ltr' id='par_1_35' title="bbox 158 2208 1758 2287">
     <span class='ocr_line' id='line_1_35' title="bbox 158 2208 1758 2287; baseline 0.005 -25"><span class='ocrx_word' id='word_1_253' title='bbox 158 2208 237 2273; x_wconf 83' lang='grc' dir='ltr'>ὡς</span> <span class='ocrx_word' id='word_1_254' title='bbox 265 2212 356 2281; x_wconf 76' lang='grc' dir='ltr'><strong>ἐφ’</strong></span> <span class='ocrx_word' id='word_1_255' title='bbox 386 2214 521 2283; x_wconf 78' lang='grc' dir='ltr'>ἡμῖν</span> <span class='ocrx_word' id='word_1_256' title='bbox 546 2215 662 2266; x_wconf 76' lang='grc' dir='ltr'>ἐστι</span> <span class='ocrx_word' id='word_1_257' title='bbox 694 2214 756 2268; x_wconf 85' lang='grc' dir='ltr'><strong>τὸ</strong></span> <span class='ocrx_word' id='word_1_258' title='bbox 785 2214 1186 2285; x_wconf 82' lang='grc' dir='ltr'>διαπράξασθαι</span> <span class='ocrx_word' id='word_1_259' title='bbox 1213 2215 1274 2268; x_wconf 81' lang='grc' dir='ltr'><strong>τὸ</strong></span> <span class='ocrx_word' id='word_1_260' title='bbox 1302 2216 1484 2279; x_wconf 78' lang='grc' dir='ltr'>καλὸν,</span> <span class='ocrx_word' id='word_1_261' title='bbox 1523 2215 1556 2287; x_wconf 77' lang='grc' dir='ltr'>ἢ</span> <span class='ocrx_word' id='word_1_262' title='bbox 1581 2217 1642 2270; x_wconf 85' lang='grc' dir='ltr'>τὸ</span> <span class='ocrx_word' id='word_1_263' title='bbox 1666 2234 1758 2270; x_wconf 90' lang='grc' dir='ltr'>κα-</span> 
     </span>
    </p>
   </div>
   <div class='ocr_carea' id='block_1_36' title="bbox 158 2301 1755 2378">
    <p class='ocr_par' dir='ltr' id='par_1_36' title="bbox 158 2301 1755 2378">
     <span class='ocr_line' id='line_1_36' title="bbox 158 2301 1755 2378; baseline 0.003 -23"><span class='ocrx_word' id='word_1_264' title='bbox 158 2301 278 2366; x_wconf 80' lang='grc' dir='ltr'>κὸν,</span> <span class='ocrx_word' id='word_1_265' title='bbox 315 2304 415 2357; x_wconf 80' lang='grc' dir='ltr'>καὶ</span> <span class='ocrx_word' id='word_1_266' title='bbox 446 2304 546 2357; x_wconf 85' lang='grc' dir='ltr'><strong>οὐκ</strong></span> <span class='ocrx_word' id='word_1_267' title='bbox 593 2307 651 2360; x_wconf 77' lang='grc' dir='ltr'>ὲν</span> <span class='ocrx_word' id='word_1_268' title='bbox 684 2308 798 2370; x_wconf 88' lang='grc' dir='ltr'>τοῖς</span> <span class='ocrx_word' id='word_1_269' title='bbox 836 2306 1087 2378; x_wconf 84' lang='grc' dir='ltr'>ἀστράσι.</span> <span class='ocrx_word' id='word_1_270' title='bbox 1138 2304 1242 2359; x_wconf 81' lang='grc' dir='ltr'>Δύο</span> <span class='ocrx_word' id='word_1_271' title='bbox 1285 2304 1392 2376; x_wconf 87' lang='grc' dir='ltr'>γὰρ</span> <span class='ocrx_word' id='word_1_272' title='bbox 1443 2309 1660 2378; x_wconf 84' lang='grc' dir='ltr'>κινήσεε</span> <span class='ocrx_word' id='word_1_273' title='bbox 1698 2309 1755 2361; x_wconf 83' lang='grc' dir='ltr'>ὲν</span> 
     </span>
    </p>
   </div>
   <div class='ocr_carea' id='block_1_37' title="bbox 158 2396 1752 2472">
    <p class='ocr_par' dir='ltr' id='par_1_37' title="bbox 158 2396 1752 2472">
     <span class='ocr_line' id='line_1_37' title="bbox 158 2396 1752 2472; baseline 0.004 -25"><span class='ocrx_word' id='word_1_274' title='bbox 158 2396 293 2466; x_wconf 77' lang='grc' dir='ltr'>ἡμῖν</span> <span class='ocrx_word' id='word_1_275' title='bbox 314 2396 501 2462; x_wconf 80' lang='grc' dir='ltr'>ἐστὸν,</span> <span class='ocrx_word' id='word_1_276' title='bbox 524 2398 787 2469; x_wconf 77' lang='grc' dir='ltr'>ἐπιθυμία</span> <span class='ocrx_word' id='word_1_277' title='bbox 804 2400 1074 2468; x_wconf 80' lang='grc' dir='ltr'>πεφυκότε</span> <span class='ocrx_word' id='word_1_278' title='bbox 1094 2400 1207 2470; x_wconf 63' lang='grc'><strong>(54)</strong></span> <span class='ocrx_word' id='word_1_279' title='bbox 1228 2401 1428 2472; x_wconf 81' lang='grc' dir='ltr'>σαρκὸς</span> <span class='ocrx_word' id='word_1_280' title='bbox 1445 2399 1539 2453; x_wconf 77' lang='grc' dir='ltr'>καὶ</span> <span class='ocrx_word' id='word_1_281' title='bbox 1552 2399 1752 2470; x_wconf 72' lang='grc' dir='ltr'>ψυχῆς,</span> 
     </span>
    </p>
   </div>
   <div class='ocr_carea' id='block_1_38' title="bbox 154 2484 1751 2560">
    <p class='ocr_par' dir='ltr' id='par_1_38' title="bbox 154 2484 1751 2560">
     <span class='ocr_line' id='line_1_38' title="bbox 154 2484 1751 2560; baseline 0 -21"><span class='ocrx_word' id='word_1_282' title='bbox 154 2484 485 2559; x_wconf 67' lang='grc' dir='ltr'>διαφέρετον</span> <span class='ocrx_word' id='word_1_283' title='bbox 513 2487 783 2559; x_wconf 82' lang='grc' dir='ltr'><strong>ἀλλήλοιν·</strong></span> <span class='ocrx_word' id='word_1_284' title='bbox 811 2489 932 2542; x_wconf 83' lang='grc' dir='ltr'>ὅθεν</span> <span class='ocrx_word' id='word_1_285' title='bbox 967 2490 1063 2542; x_wconf 75' lang='lat' dir='ltr'><strong>xal.</strong></span> <span class='ocrx_word' id='word_1_286' title='bbox 1095 2488 1189 2542; x_wconf 83' lang='grc' dir='ltr'><strong>δύο</strong></span> <span class='ocrx_word' id='word_1_287' title='bbox 1217 2488 1449 2560; x_wconf 77' lang='grc' dir='ltr'>λαϐέτην</span> <span class='ocrx_word' id='word_1_288' title='bbox 1484 2489 1716 2557; x_wconf 86' lang='grc' dir='ltr'>ὀνόματε</span> <span class='ocrx_word' id='word_1_289' title='bbox 1736 2504 1751 2518; x_wconf 86' lang='grc'><strong>·</strong></span> 
     </span>
    </p>
   </div>
   <div class='ocr_carea' id='block_1_39' title="bbox 153 2578 1754 2652">
    <p class='ocr_par' dir='ltr' id='par_1_39' title="bbox 153 2578 1754 2652">
     <span class='ocr_line' id='line_1_39' title="bbox 153 2578 1754 2652; baseline -0.001 -19"><span class='ocrx_word' id='word_1_290' title='bbox 153 2579 189 2650; x_wconf 82' lang='grc' dir='ltr'><strong>ἡ</strong></span> <span class='ocrx_word' id='word_1_291' title='bbox 220 2579 325 2648; x_wconf 80' lang='grc' dir='ltr'><strong>μὲν</strong></span> <span class='ocrx_word' id='word_1_292' title='bbox 361 2581 474 2650; x_wconf 82' lang='grc' dir='ltr'><strong>γὰρ</strong></span> <span class='ocrx_word' id='word_1_293' title='bbox 510 2581 737 2652; x_wconf 80' lang='grc' dir='ltr'>ἀρετῆς,</span> <span class='ocrx_word' id='word_1_294' title='bbox 767 2581 879 2652; x_wconf 81' lang='grc' dir='ltr'><strong>ἠδὲ</strong></span> <span class='ocrx_word' id='word_1_295' title='bbox 913 2581 1131 2645; x_wconf 79' lang='grc' dir='ltr'>κακίας.</span> <span class='ocrx_word' id='word_1_296' title='bbox 1172 2582 1292 2634; x_wconf 86' lang='grc' dir='ltr'>Δεῖν</span> <span class='ocrx_word' id='word_1_297' title='bbox 1318 2580 1375 2632; x_wconf 88' lang='grc' dir='ltr'>δὲ</span> <span class='ocrx_word' id='word_1_298' title='bbox 1402 2582 1467 2651; x_wconf 83' lang='grc' dir='ltr'>τῇ</span> <span class='ocrx_word' id='word_1_299' title='bbox 1495 2578 1754 2651; x_wconf 87' lang='grc' dir='ltr'>καλλίστῃ</span> 
     </span>
    </p>
   </div>
   <div class='ocr_carea' id='block_1_40' title="bbox 153 2673 1755 2747">
    <p class='ocr_par' dir='ltr' id='par_1_40' title="bbox 153 2673 1755 2747">
     <span class='ocr_line' id='line_1_40' title="bbox 153 2673 1755 2747; baseline 0.002 -21"><span class='ocrx_word' id='word_1_300' title='bbox 153 2673 251 2726; x_wconf 75' lang='grc' dir='ltr'>καὶ</span> <span class='ocrx_word' id='word_1_301' title='bbox 299 2675 524 2744; x_wconf 83' lang='grc' dir='ltr'>χρηστῇ</span> <span class='ocrx_word' id='word_1_302' title='bbox 569 2674 666 2727; x_wconf 74' lang='grc' dir='ltr'>καὶ</span> <span class='ocrx_word' id='word_1_303' title='bbox 713 2674 996 2728; x_wconf 88' lang='grc' dir='ltr'>πείθεσθαι</span> <span class='ocrx_word' id='word_1_304' title='bbox 1038 2675 1142 2746; x_wconf 80' lang='grc' dir='ltr'>τῆς</span> <span class='ocrx_word' id='word_1_305' title='bbox 1186 2675 1391 2747; x_wconf 86' lang='grc' dir='ltr'>ἀρετῆς</span> <span class='ocrx_word' id='word_1_306' title='bbox 1433 2677 1643 2746; x_wconf 82' lang='grc' dir='ltr'><strong>ἀγωγῇ,</strong></span> <span class='ocrx_word' id='word_1_307' title='bbox 1686 2675 1755 2729; x_wconf 81' lang='grc' dir='ltr'>τὰ</span> 
     </span>
    </p>
   </div>
   <div class='ocr_carea' id='block_1_41' title="bbox 156 2762 1755 2839">
    <p class='ocr_par' dir='ltr' id='par_1_41' title="bbox 156 2762 1755 2839">
     <span class='ocr_line' id='line_1_41' title="bbox 156 2762 1755 2839; baseline 0.003 -24"><span class='ocrx_word' id='word_1_308' title='bbox 156 2762 422 2835; x_wconf 76' lang='grc' dir='ltr'>βέλτιστα</span> <span class='ocrx_word' id='word_1_309' title='bbox 453 2764 561 2835; x_wconf 79' lang='grc' dir='ltr'>πρὸ</span> <span class='ocrx_word' id='word_1_310' title='bbox 592 2765 701 2818; x_wconf 85' lang='grc' dir='ltr'>τῶν</span> <span class='ocrx_word' id='word_1_311' title='bbox 744 2765 961 2834; x_wconf 72' lang='grc' dir='ltr'>φαύλων</span> <span class='ocrx_word' id='word_1_312' title='bbox 988 2768 1372 2839; x_wconf 79' lang='grc' dir='ltr'>αἱρουμένους.</span> <span class='ocrx_word' id='word_1_313' title='bbox 1431 2767 1590 2821; x_wconf 80' lang='grc' dir='ltr'>Ἀλλὰ</span> <span class='ocrx_word' id='word_1_314' title='bbox 1626 2767 1755 2839; x_wconf 60' lang='grc' dir='ltr'><strong>’πτερῖ⁹</strong></span> 
     </span>
    </p>
   </div>
   <div class='ocr_carea' id='block_1_42' title="bbox 154 2855 1753 2931">
    <p class='ocr_par' dir='ltr' id='par_1_42' title="bbox 154 2855 1753 2931">
     <span class='ocr_line' id='line_1_42' title="bbox 154 2855 1753 2931; baseline 0.003 -23"><span class='ocrx_word' id='word_1_315' title='bbox 154 2855 370 2909; x_wconf 81' lang='grc' dir='ltr'>τούτων</span> <span class='ocrx_word' id='word_1_316' title='bbox 401 2855 525 2920; x_wconf 74' lang='grc' dir='ltr'>ἃλις</span> <span class='ocrx_word' id='word_1_317' title='bbox 562 2857 686 2929; x_wconf 66' lang='grc' dir='ltr'>ἤδη,</span> <span class='ocrx_word' id='word_1_318' title='bbox 718 2859 812 2911; x_wconf 79' lang='grc' dir='ltr'><strong>καὶ</strong></span> <span class='ocrx_word' id='word_1_319' title='bbox 838 2858 1015 2927; x_wconf 80' lang='grc' dir='ltr'>ὲφέξω</span> <span class='ocrx_word' id='word_1_320' title='bbox 1038 2859 1129 2913; x_wconf 84' lang='grc' dir='ltr'><strong>τὸν</strong></span> <span class='ocrx_word' id='word_1_321' title='bbox 1158 2859 1334 2929; x_wconf 88' lang='grc' dir='ltr'>λόγον.</span> <span class='ocrx_word' id='word_1_322' title='bbox 1366 2858 1626 2931; x_wconf 77' lang='grc' dir='ltr'><strong>Αἰδοῦμαι</strong></span> <span class='ocrx_word' id='word_1_323' title='bbox 1646 2859 1753 2931; x_wconf 86' lang='grc' dir='ltr'><strong>γὰρ</strong></span> 
     </span>
    </p>
   </div>
   <div class='ocr_carea' id='block_1_43' title="bbox 159 2946 1751 3023">
    <p class='ocr_par' dir='ltr' id='par_1_43' title="bbox 159 2946 1751 3023">
     <span class='ocr_line' id='line_1_43' title="bbox 159 2946 1751 3023; baseline 0.003 -24"><span class='ocrx_word' id='word_1_324' title='bbox 159 2946 302 3015; x_wconf 82' lang='grc' dir='ltr'><strong>μετά</strong></span> <span class='ocrx_word' id='word_1_325' title='bbox 347 2949 480 3012; x_wconf 86' lang='grc' dir='ltr'>τοὺς</span> <span class='ocrx_word' id='word_1_326' title='bbox 517 2948 617 3019; x_wconf 83' lang='grc' dir='ltr'>τῆς</span> <span class='ocrx_word' id='word_1_327' title='bbox 663 2951 884 3018; x_wconf 82' lang='grc' dir='ltr'>ἁγνείας</span> <span class='ocrx_word' id='word_1_328' title='bbox 926 2950 1140 3019; x_wconf 86' lang='grc' dir='ltr'>λόγους,</span> <span class='ocrx_word' id='word_1_329' title='bbox 1185 2952 1281 3004; x_wconf 72' lang='grc' dir='ltr'><strong>καὶ</strong></span> <span class='ocrx_word' id='word_1_330' title='bbox 1316 2951 1751 3023; x_wconf 81' lang='grc' dir='ltr'>ἐγκαλύπτομαι,</span> 
     </span>
    </p>
   </div>
   <div class='ocr_carea' id='block_1_44' title="bbox 1860 1753 3441 1823">
    <p class='ocr_par' dir='ltr' id='par_1_44' title="bbox 1860 1753 3441 1823">
     <span class='ocr_line' id='line_1_44' title="bbox 1860 1753 3441 1823; baseline -0.001 -15"><span class='ocrx_word' id='word_1_331' title='bbox 1860 1753 2069 1808; x_wconf 89' lang='lat' dir='ltr'><strong>diutius</strong></span> <span class='ocrx_word' id='word_1_332' title='bbox 2101 1754 2387 1819; x_wconf 87' lang='lat' dir='ltr'><strong>immoror,</strong></span> <span class='ocrx_word' id='word_1_333' title='bbox 2440 1769 2565 1807; x_wconf 87' lang='lat' dir='ltr'><strong>cum</strong></span> <span class='ocrx_word' id='word_1_334' title='bbox 2598 1753 2667 1807; x_wconf 89' lang='lat' dir='ltr'><strong>ad</strong></span> <span class='ocrx_word' id='word_1_335' title='bbox 2699 1753 3040 1809; x_wconf 88' lang='lat' dir='ltr'><strong>suadendum</strong></span> <span class='ocrx_word' id='word_1_336' title='bbox 3078 1767 3141 1806; x_wconf 92' lang='lat' dir='ltr'><strong>ac</strong></span> <span class='ocrx_word' id='word_1_337' title='bbox 3178 1760 3441 1823; x_wconf 68' lang='lat' dir='ltr'><strong>praestan-</strong></span> 
     </span>
    </p>
   </div>
   <div class='ocr_carea' id='block_1_45' title="bbox 1858 1845 3441 1917">
    <p class='ocr_par' dir='ltr' id='par_1_45' title="bbox 1858 1845 3441 1917">
     <span class='ocr_line' id='line_1_45' title="bbox 1858 1845 3441 1917; baseline -0.001 -14"><span class='ocrx_word' id='word_1_338' title='bbox 1858 1848 1986 1903; x_wconf 91' lang='lat' dir='ltr'><strong>dum</strong></span> <span class='ocrx_word' id='word_1_339' title='bbox 2034 1861 2320 1903; x_wconf 85' lang='lat' dir='ltr'><strong>assensum</strong></span> <span class='ocrx_word' id='word_1_340' title='bbox 2376 1846 2553 1917; x_wconf 85' lang='lat' dir='ltr'><strong>magis</strong></span> <span class='ocrx_word' id='word_1_341' title='bbox 2589 1848 2903 1903; x_wconf 88' lang='lat' dir='ltr'><strong>necessaria</strong></span> <span class='ocrx_word' id='word_1_342' title='bbox 2952 1845 3441 1917; x_wconf 89' lang='lat' dir='ltr'><strong>commodioraque</strong></span> 
     </span>
    </p>
   </div>
   <div class='ocr_carea' id='block_1_46' title="bbox 1858 1938 3440 2010">
    <p class='ocr_par' dir='ltr' id='par_1_46' title="bbox 1858 1938 3440 2010">
     <span class='ocr_line' id='line_1_46' title="bbox 1858 1938 3440 2010; baseline 0 -15"><span class='ocrx_word' id='word_1_343' title='bbox 1858 1940 2160 2006; x_wconf 86' lang='lat' dir='ltr'><strong>ediderim;</strong></span> <span class='ocrx_word' id='word_1_344' title='bbox 2191 1939 2438 2010; x_wconf 86' lang='lat' dir='ltr'><strong>artisque</strong></span> <span class='ocrx_word' id='word_1_345' title='bbox 2469 1939 2783 1996; x_wconf 79' lang='lat' dir='ltr'><strong>vanissimae</strong></span> <span class='ocrx_word' id='word_1_346' title='bbox 2823 1954 2853 1993; x_wconf 92' lang='lat' dir='ltr'><strong>a</strong></span> <span class='ocrx_word' id='word_1_347' title='bbox 2894 1938 3103 2009; x_wconf 91' lang='lat' dir='ltr'><strong>se.ipsa</strong></span> <span class='ocrx_word' id='word_1_348' title='bbox 3136 1938 3440 1995; x_wconf 83' lang='lat' dir='ltr'><strong>dissensio-</strong></span> 
     </span>
    </p>
   </div>
   <div class='ocr_carea' id='block_1_47' title="bbox 1857 2031 3440 2105">
    <p class='ocr_par' dir='ltr' id='par_1_47' title="bbox 1857 2031 3440 2105">
     <span class='ocr_line' id='line_1_47' title="bbox 1857 2031 3440 2105; baseline -0.003 -15"><span class='ocrx_word' id='word_1_349' title='bbox 1857 2050 2005 2099; x_wconf 88' lang='lat' dir='ltr'><strong>nem,</strong></span> <span class='ocrx_word' id='word_1_350' title='bbox 2042 2034 2294 2105; x_wconf 84' lang='lat' dir='ltr'><strong>quamvis</strong></span> <span class='ocrx_word' id='word_1_351' title='bbox 2316 2034 2508 2104; x_wconf 92' lang='lat' dir='ltr'><strong>paucis</strong></span> <span class='ocrx_word' id='word_1_352' title='bbox 2539 2048 2606 2088; x_wconf 80' lang='lat' dir='ltr'><strong>ex</strong></span> <span class='ocrx_word' id='word_1_353' title='bbox 2634 2033 2908 2103; x_wconf 89' lang='lat' dir='ltr'><strong>capitibus</strong></span> <span class='ocrx_word' id='word_1_354' title='bbox 2945 2031 3153 2086; x_wconf 87' lang='lat' dir='ltr'><strong>nemini</strong></span> <span class='ocrx_word' id='word_1_355' title='bbox 3186 2046 3297 2085; x_wconf 91' lang='lat' dir='ltr'><strong>non</strong></span> <span class='ocrx_word' id='word_1_356' title='bbox 3318 2046 3440 2086; x_wconf 90' lang='lat' dir='ltr'><strong>ma-</strong></span> 
     </span>
    </p>
   </div>
   <div class='ocr_carea' id='block_1_48' title="bbox 1855 2123 3439 2192">
    <p class='ocr_par' dir='ltr' id='par_1_48' title="bbox 1855 2123 3439 2192">
     <span class='ocr_line' id='line_1_48' title="bbox 1855 2123 3439 2192; baseline -0.001 -14"><span class='ocrx_word' id='word_1_357' title='bbox 1855 2124 2114 2180; x_wconf 84' lang='lat' dir='ltr'><strong>nifestam</strong></span> <span class='ocrx_word' id='word_1_358' title='bbox 2170 2124 2510 2180; x_wconf 91' lang='lat' dir='ltr'><strong>reddiderim</strong></span> <span class='ocrx_word' id='word_1_359' title='bbox 2552 2144 2565 2179; x_wconf 95' lang='lat'>:</span> <span class='ocrx_word' id='word_1_360' title='bbox 2612 2134 2672 2178; x_wconf 87' lang='lat' dir='ltr'><strong>ut</strong></span> <span class='ocrx_word' id='word_1_361' title='bbox 2730 2123 2844 2192; x_wconf 88' lang='lat' dir='ltr'><strong>jam</strong></span> <span class='ocrx_word' id='word_1_362' title='bbox 2901 2137 3144 2178; x_wconf 88' lang='lat' dir='ltr'><strong>errorem</strong></span> <span class='ocrx_word' id='word_1_363' title='bbox 3203 2123 3439 2178; x_wconf 89' lang='lat' dir='ltr'><strong>istorum</strong></span> 
     </span>
    </p>
   </div>
   <div class='ocr_carea' id='block_1_49' title="bbox 1859 2215 3441 2289">
    <p class='ocr_par' dir='ltr' id='par_1_49' title="bbox 1859 2215 3441 2289">
     <span class='ocr_line' id='line_1_49' title="bbox 1859 2215 3441 2289; baseline 0.001 -19"><span class='ocrx_word' id='word_1_364' title='bbox 1859 2218 2021 2289; x_wconf 90' lang='lat' dir='ltr'><strong>plane</strong></span> <span class='ocrx_word' id='word_1_365' title='bbox 2059 2218 2265 2274; x_wconf 83' lang='lat' dir='ltr'><strong>sentire</strong></span> <span class='ocrx_word' id='word_1_366' title='bbox 2297 2232 2363 2272; x_wconf 91' lang='lat' dir='ltr'><strong>ac</strong></span> <span class='ocrx_word' id='word_1_367' title='bbox 2408 2217 2717 2287; x_wconf 83' lang='lat' dir='ltr'><strong>perspicere</strong></span> <span class='ocrx_word' id='word_1_368' title='bbox 2754 2216 2840 2270; x_wconf 88' lang='lat' dir='ltr'><strong>vel</strong></span> <span class='ocrx_word' id='word_1_369' title='bbox 2872 2215 3025 2285; x_wconf 90' lang='lat' dir='ltr'><strong>pueri</strong></span> <span class='ocrx_word' id='word_1_370' title='bbox 3071 2216 3318 2285; x_wconf 85' lang='lat' dir='ltr'><strong>possint;</strong></span> <span class='ocrx_word' id='word_1_371' title='bbox 3354 2217 3441 2271; x_wconf 86' lang='lat' dir='ltr'><strong>in-</strong></span> 
     </span>
    </p>
   </div>
   <div class='ocr_carea' id='block_1_50' title="bbox 1864 2306 3437 2379">
    <p class='ocr_par' dir='ltr' id='par_1_50' title="bbox 1864 2306 3437 2379">
     <span class='ocr_line' id='line_1_50' title="bbox 1864 2306 3437 2379; baseline -0.002 -16"><span class='ocrx_word' id='word_1_372' title='bbox 1864 2309 2238 2379; x_wconf 83' lang='lat' dir='ltr'><strong>telligereque,</strong></span> <span class='ocrx_word' id='word_1_373' title='bbox 2270 2313 2327 2362; x_wconf 92' lang='lat' dir='ltr'><strong>in</strong></span> <span class='ocrx_word' id='word_1_374' title='bbox 2373 2317 2566 2363; x_wconf 88' lang='lat' dir='ltr'><strong>nostra</strong></span> <span class='ocrx_word' id='word_1_375' title='bbox 2602 2307 2829 2363; x_wconf 87' lang='lat' dir='ltr'><strong>omnino</strong></span> <span class='ocrx_word' id='word_1_376' title='bbox 2858 2307 3023 2362; x_wconf 90' lang='lat' dir='ltr'><strong>situm</strong></span> <span class='ocrx_word' id='word_1_377' title='bbox 3055 2307 3230 2363; x_wconf 76' lang='lat' dir='ltr'><strong>libera</strong></span> <span class='ocrx_word' id='word_1_378' title='bbox 3261 2306 3437 2361; x_wconf 80' lang='lat' dir='ltr'><strong>facul-</strong></span> 
     </span>
    </p>
   </div>
   <div class='ocr_carea' id='block_1_51' title="bbox 1855 2399 3438 2465">
    <p class='ocr_par' dir='ltr' id='par_1_51' title="bbox 1855 2399 3438 2465">
     <span class='ocr_line' id='line_1_51' title="bbox 1855 2399 3438 2465; baseline -0.001 -10"><span class='ocrx_word' id='word_1_379' title='bbox 1855 2410 1970 2456; x_wconf 89' lang='lat' dir='ltr'><strong>tate</strong></span> <span class='ocrx_word' id='word_1_380' title='bbox 1998 2417 2142 2465; x_wconf 81' lang='lat' dir='ltr'><strong>esse,</strong></span> <span class='ocrx_word' id='word_1_381' title='bbox 2170 2417 2277 2457; x_wconf 87' lang='lat' dir='ltr'><strong>non</strong></span> <span class='ocrx_word' id='word_1_382' title='bbox 2306 2409 2487 2457; x_wconf 88' lang='lat' dir='ltr'><strong>autem</strong></span> <span class='ocrx_word' id='word_1_383' title='bbox 2526 2401 2582 2454; x_wconf 93' lang='lat' dir='ltr'><strong>in</strong></span> <span class='ocrx_word' id='word_1_384' title='bbox 2627 2401 2822 2464; x_wconf 89' lang='lat' dir='ltr'><strong>stellis,</strong></span> <span class='ocrx_word' id='word_1_385' title='bbox 2860 2400 3067 2455; x_wconf 88' lang='lat' dir='ltr'><strong>bonum</strong></span> <span class='ocrx_word' id='word_1_386' title='bbox 3102 2408 3198 2453; x_wconf 91' lang='lat' dir='ltr'><strong>aut</strong></span> <span class='ocrx_word' id='word_1_387' title='bbox 3232 2399 3438 2454; x_wconf 90' lang='lat' dir='ltr'><strong>malum</strong></span> 
     </span>
    </p>
   </div>
   <div class='ocr_carea' id='block_1_52' title="bbox 1856 2492 3436 2564">
    <p class='ocr_par' dir='ltr' id='par_1_52' title="bbox 1856 2492 3436 2564">
     <span class='ocr_line' id='line_1_52' title="bbox 1856 2492 3436 2564; baseline -0.003 -15"><span class='ocrx_word' id='word_1_388' title='bbox 1856 2493 2105 2549; x_wconf 84' lang='lat' dir='ltr'><strong>ellicere?</strong></span> <span class='ocrx_word' id='word_1_389' title='bbox 2137 2493 2255 2549; x_wconf 87' lang='lat' dir='ltr'><strong>Duo</strong></span> <span class='ocrx_word' id='word_1_390' title='bbox 2283 2494 2486 2564; x_wconf 88' lang='lat' dir='ltr'><strong>quippe</strong></span> <span class='ocrx_word' id='word_1_391' title='bbox 2512 2501 2696 2547; x_wconf 89' lang='lat' dir='ltr'><strong>motus</strong></span> <span class='ocrx_word' id='word_1_392' title='bbox 2741 2492 2796 2546; x_wconf 91' lang='lat' dir='ltr'><strong>in</strong></span> <span class='ocrx_word' id='word_1_393' title='bbox 2828 2493 2990 2547; x_wconf 91' lang='lat' dir='ltr'><strong>nobis</strong></span> <span class='ocrx_word' id='word_1_394' title='bbox 3020 2498 3168 2553; x_wconf 87' lang='lat' dir='ltr'><strong>sunt,</strong></span> <span class='ocrx_word' id='word_1_395' title='bbox 3202 2498 3436 2561; x_wconf 87' lang='lat' dir='ltr'><strong>uterque</strong></span> 
     </span>
    </p>
   </div>
   <div class='ocr_carea' id='block_1_53' title="bbox 1856 2582 3440 2655">
    <p class='ocr_par' dir='ltr' id='par_1_53' title="bbox 1856 2582 3440 2655">
     <span class='ocr_line' id='line_1_53' title="bbox 1856 2582 3440 2655; baseline -0.003 -15"><span class='ocrx_word' id='word_1_396' title='bbox 1856 2585 2303 2655; x_wconf 89' lang='lat' dir='ltr'><strong>concupiscentia</strong></span> <span class='ocrx_word' id='word_1_397' title='bbox 2344 2585 2553 2646; x_wconf 82' lang='lat' dir='ltr'><strong>vocati;</strong></span> <span class='ocrx_word' id='word_1_398' title='bbox 2583 2585 2758 2638; x_wconf 81' lang='lat' dir='ltr'><strong>altera</strong></span> <span class='ocrx_word' id='word_1_399' title='bbox 2798 2584 3007 2648; x_wconf 88' lang='lat' dir='ltr'><strong>carnis,</strong></span> <span class='ocrx_word' id='word_1_400' title='bbox 3057 2584 3229 2637; x_wconf 91' lang='lat' dir='ltr'><strong>altera</strong></span> <span class='ocrx_word' id='word_1_401' title='bbox 3273 2582 3440 2653; x_wconf 89' lang='lat' dir='ltr'><strong>spiri-</strong></span> 
     </span>
    </p>
   </div>
   <div class='ocr_carea' id='block_1_54' title="bbox 1856 2673 3439 2739">
    <p class='ocr_par' dir='ltr' id='par_1_54' title="bbox 1856 2673 3439 2739">
     <span class='ocr_line' id='line_1_54' title="bbox 1856 2673 3439 2739; baseline -0.002 -7"><span class='ocrx_word' id='word_1_402' title='bbox 1856 2685 1951 2732; x_wconf 86' lang='lat' dir='ltr'><strong>tus</strong></span> <span class='ocrx_word' id='word_1_403' title='bbox 1979 2678 2024 2709; x_wconf 76' lang='lat'><strong>“</strong></span> <span class='ocrx_word' id='word_1_404' title='bbox 2052 2697 2063 2731; x_wconf 93' lang='lat'><strong>:</strong></span> <span class='ocrx_word' id='word_1_405' title='bbox 2100 2676 2245 2733; x_wconf 91' lang='lat' dir='ltr'><strong>unde</strong></span> <span class='ocrx_word' id='word_1_406' title='bbox 2278 2684 2333 2731; x_wconf 92' lang='lat' dir='ltr'><strong>et</strong></span> <span class='ocrx_word' id='word_1_407' title='bbox 2363 2676 2681 2731; x_wconf 86' lang='lat' dir='ltr'><strong>nominibus</strong></span> <span class='ocrx_word' id='word_1_408' title='bbox 2708 2674 3185 2739; x_wconf 85' lang='lat' dir='ltr'><strong>discriminantur,</strong></span> <span class='ocrx_word' id='word_1_409' title='bbox 3215 2673 3439 2729; x_wconf 88' lang='lat' dir='ltr'><strong>virtutis</strong></span> 
     </span>
    </p>
   </div>
   <div class='ocr_carea' id='block_1_55' title="bbox 1856 2766 3437 2842">
    <p class='ocr_par' dir='ltr' id='par_1_55' title="bbox 1856 2766 3437 2842">
     <span class='ocr_line' id='line_1_55' title="bbox 1856 2766 3437 2842; baseline -0.002 -17"><span class='ocrx_word' id='word_1_410' title='bbox 1856 2780 2022 2842; x_wconf 90' lang='lat' dir='ltr'><strong>atque</strong></span> <span class='ocrx_word' id='word_1_411' title='bbox 2053 2770 2188 2825; x_wconf 86' lang='lat' dir='ltr'><strong>vitii.</strong></span> <span class='ocrx_word' id='word_1_412' title='bbox 2218 2768 2409 2840; x_wconf 71' lang='lat' dir='ltr'><strong>Opera:</strong></span> <span class='ocrx_word' id='word_1_413' title='bbox 2438 2769 2674 2840; x_wconf 84' lang='lat' dir='ltr'><strong>pretium</strong></span> <span class='ocrx_word' id='word_1_414' title='bbox 2701 2778 2882 2824; x_wconf 89' lang='lat' dir='ltr'><strong>autem</strong></span> <span class='ocrx_word' id='word_1_415' title='bbox 2928 2775 3096 2823; x_wconf 87' lang='lat' dir='ltr'><strong>estut</strong></span> <span class='ocrx_word' id='word_1_416' title='bbox 3127 2766 3437 2838; x_wconf 88' lang='lat' dir='ltr'><strong>pulcherri-</strong></span> 
     </span>
    </p>
   </div>
   <div class='ocr_carea' id='block_1_56' title="bbox 1854 2859 3438 2932">
    <p class='ocr_par' dir='ltr' id='par_1_56' title="bbox 1854 2859 3438 2932">
     <span class='ocr_line' id='line_1_56' title="bbox 1854 2859 3438 2932; baseline -0.003 -14"><span class='ocrx_word' id='word_1_417' title='bbox 1854 2879 1957 2918; x_wconf 69' lang='lat' dir='ltr'><strong>mae</strong></span> <span class='ocrx_word' id='word_1_418' title='bbox 2001 2871 2058 2918; x_wconf 89' lang='lat' dir='ltr'><strong>et</strong></span> <span class='ocrx_word' id='word_1_419' title='bbox 2107 2878 2287 2921; x_wconf 74' lang='lat' dir='ltr'><strong>aureae</strong></span> <span class='ocrx_word' id='word_1_420' title='bbox 2325 2863 2766 2932; x_wconf 90' lang='lat' dir='ltr'><strong>obtemperemus</strong></span> <span class='ocrx_word' id='word_1_421' title='bbox 2815 2861 3038 2916; x_wconf 84' lang='lat' dir='ltr'><strong>virtutis</strong></span> <span class='ocrx_word' id='word_1_422' title='bbox 3081 2859 3438 2922; x_wconf 88' lang='lat' dir='ltr'><strong>institutioni.</strong></span> 
     </span>
    </p>
   </div>
   <div class='ocr_carea' id='block_1_57' title="bbox 1857 2950 3434 3025">
    <p class='ocr_par' dir='ltr' id='par_1_57' title="bbox 1857 2950 3434 3025">
     <span class='ocr_line' id='line_1_57' title="bbox 1857 2950 3434 3025; baseline -0.003 -15"><span class='ocrx_word' id='word_1_423' title='bbox 1857 2955 2063 3025; x_wconf 83' lang='lat' dir='ltr'><strong>Optima</strong></span> <span class='ocrx_word' id='word_1_424' title='bbox 2106 2970 2207 3025; x_wconf 90' lang='lat' dir='ltr'><strong>pro</strong></span> <span class='ocrx_word' id='word_1_425' title='bbox 2251 2954 2430 3019; x_wconf 89' lang='lat' dir='ltr'><strong>malis,</strong></span> <span class='ocrx_word' id='word_1_426' title='bbox 2461 2961 2516 3009; x_wconf 93' lang='lat' dir='ltr'><strong>et</strong></span> <span class='ocrx_word' id='word_1_427' title='bbox 2556 2969 2678 3024; x_wconf 75' lang='lat' dir='ltr'><strong>quae</strong></span> <span class='ocrx_word' id='word_1_428' title='bbox 2706 2954 2832 3009; x_wconf 68' lang='lat' dir='ltr'><strong>vitae</strong></span> <span class='ocrx_word' id='word_1_429' title='bbox 2864 2953 3127 3017; x_wconf 59' lang='lat' dir='ltr'><strong>hatreant,</strong></span> <span class='ocrx_word' id='word_1_430' title='bbox 3161 2950 3434 3021; x_wconf 84' lang='lat' dir='ltr'><strong>eligendo.</strong></span> 
     </span>
    </p>
   </div>
   <div class='ocr_carea' id='block_1_58' title="bbox 152 3030 1751 3117">
    <p class='ocr_par' dir='ltr' id='par_1_58' title="bbox 152 3039 1751 3117">
     <span class='ocr_line' id='line_1_58' title="bbox 152 3039 1751 3117; baseline 0.004 -25"><span class='ocrx_word' id='word_1_431' title='bbox 152 3040 257 3104; x_wconf 78' lang='grc' dir='ltr'>τὰς</span> <span class='ocrx_word' id='word_1_432' title='bbox 295 3039 414 3093; x_wconf 81' lang='grc' dir='ltr'><strong>τῶν</strong></span> <span class='ocrx_word' id='word_1_433' title='bbox 464 3043 883 3115; x_wconf 85' lang='grc' dir='ltr'>μετεωρολόγων</span> <span class='ocrx_word' id='word_1_434' title='bbox 925 3043 958 3115; x_wconf 81' lang='grc' dir='ltr'><strong>ἢ</strong></span> <span class='ocrx_word' id='word_1_435' title='bbox 1006 3044 1420 3115; x_wconf 83' lang='grc' dir='ltr'>ματαιοσκόπων</span> <span class='ocrx_word' id='word_1_436' title='bbox 1458 3043 1751 3117; x_wconf 63' lang='grc' dir='ltr'>ἀνθρώπων</span> 
     </span>
    </p>
   </div>
   <div class='ocr_carea' id='block_1_59' title="bbox 1861 3030 3442 3117">
    <p class='ocr_par' dir='ltr' id='par_1_59' title="bbox 1865 3042 3442 3117">
     <span class='ocr_line' id='line_1_59' title="bbox 1865 3042 3442 3117; baseline -0.003 -16"><span class='ocrx_word' id='word_1_437' title='bbox 1865 3045 1973 3103; x_wconf 86' lang='lat' dir='ltr'><strong>Sed</strong></span> <span class='ocrx_word' id='word_1_438' title='bbox 1999 3046 2068 3102; x_wconf 92' lang='lat' dir='ltr'><strong>de</strong></span> <span class='ocrx_word' id='word_1_439' title='bbox 2100 3047 2193 3102; x_wconf 88' lang='lat' dir='ltr'><strong>his</strong></span> <span class='ocrx_word' id='word_1_440' title='bbox 2218 3047 2332 3117; x_wconf 87' lang='lat' dir='ltr'><strong>jam</strong></span> <span class='ocrx_word' id='word_1_441' title='bbox 2364 3047 2517 3103; x_wconf 90' lang='lat' dir='ltr'><strong>satis.</strong></span> <span class='ocrx_word' id='word_1_442' title='bbox 2541 3045 2761 3102; x_wconf 91' lang='lat' dir='ltr'><strong>Tenebo</strong></span> <span class='ocrx_word' id='word_1_443' title='bbox 2788 3046 2932 3100; x_wconf 91' lang='lat' dir='ltr'><strong>enim</strong></span> <span class='ocrx_word' id='word_1_444' title='bbox 2962 3061 3049 3101; x_wconf 88' lang='lat' dir='ltr'><strong>me</strong></span> <span class='ocrx_word' id='word_1_445' title='bbox 3071 3061 3140 3101; x_wconf 93' lang='lat' dir='ltr'><strong>ne</strong></span> <span class='ocrx_word' id='word_1_446' title='bbox 3165 3045 3323 3115; x_wconf 88' lang='lat' dir='ltr'><strong>plura</strong></span> <span class='ocrx_word' id='word_1_447' title='bbox 3355 3042 3442 3098; x_wconf 91' lang='lat' dir='ltr'><strong>di-</strong></span> 
     </span>
    </p>
   </div>
   <div class='ocr_carea' id='block_1_60' title="bbox 157 3133 1760 3207">
    <p class='ocr_par' dir='ltr' id='par_1_60' title="bbox 157 3133 1760 3207">
     <span class='ocr_line' id='line_1_60' title="bbox 157 3133 1760 3207; baseline 0.004 -21"><span class='ocrx_word' id='word_1_448' title='bbox 157 3133 595 3206; x_wconf 80' lang='grc' dir='ltr'>ἀναγκαζομένη</span> <span class='ocrx_word' id='word_1_449' title='bbox 635 3134 793 3199; x_wconf 82' lang='grc' dir='ltr'><strong>δόξας</strong></span> <span class='ocrx_word' id='word_1_450' title='bbox 830 3135 1223 3207; x_wconf 74' lang='grc' dir='ltr'>ἐξηγήσασθαι,</span> <span class='ocrx_word' id='word_1_451' title='bbox 1259 3135 1309 3189; x_wconf 78' lang='grc' dir='ltr'>οἳ</span> <span class='ocrx_word' id='word_1_452' title='bbox 1348 3138 1441 3190; x_wconf 87' lang='grc' dir='ltr'><strong>τὸν</strong></span> <span class='ocrx_word' id='word_1_453' title='bbox 1478 3136 1578 3207; x_wconf 82' lang='grc' dir='ltr'>τῆς</span> <span class='ocrx_word' id='word_1_454' title='bbox 1616 3135 1760 3207; x_wconf 83' lang='grc' dir='ltr'><strong>ζωῆς</strong></span> 
     </span>
    </p>
   </div>
   <div class='ocr_carea' id='block_1_61' title="bbox 157 3226 1757 3300">
    <p class='ocr_par' dir='ltr' id='par_1_61' title="bbox 157 3226 1757 3300">
     <span class='ocr_line' id='line_1_61' title="bbox 157 3226 1757 3300; baseline 0.002 -22"><span class='ocrx_word' id='word_1_455' title='bbox 157 3226 280 3296; x_wconf 75' lang='grc' dir='ltr'>μετ’</span> <span class='ocrx_word' id='word_1_456' title='bbox 322 3227 561 3299; x_wconf 77' lang='grc' dir='ltr'>οἰήσεως</span> <span class='ocrx_word' id='word_1_457' title='bbox 601 3227 953 3281; x_wconf 77' lang='grc' dir='ltr'>ἀναλίσκουσι</span> <span class='ocrx_word' id='word_1_458' title='bbox 993 3228 1205 3299; x_wconf 84' lang='grc' dir='ltr'>χρόνον,</span> <span class='ocrx_word' id='word_1_459' title='bbox 1239 3229 1475 3300; x_wconf 77' lang='grc' dir='ltr'>οὐδενὶῆ</span> <span class='ocrx_word' id='word_1_460' title='bbox 1510 3228 1757 3300; x_wconf 83' lang='grc' dir='ltr'>μυθικοῖς</span> 
     </span>
    </p>
   </div>
   <div class='ocr_carea' id='block_1_62' title="bbox 153 3318 1753 3396">
    <p class='ocr_par' dir='ltr' id='par_1_62' title="bbox 153 3318 1753 3396">
     <span class='ocr_line' id='line_1_62' title="bbox 153 3318 1753 3396; baseline 0.004 -26"><span class='ocrx_word' id='word_1_461' title='bbox 153 3318 597 3391; x_wconf 72' lang='grc' dir='ltr'>ἐνδιατρίϐοντες</span> <span class='ocrx_word' id='word_1_462' title='bbox 618 3322 921 3394; x_wconf 86' lang='grc' dir='ltr'>πλάσμασι.</span> <span class='ocrx_word' id='word_1_463' title='bbox 966 3323 1153 3378; x_wconf 78' lang='grc' dir='ltr'>Ταῦτά</span> <span class='ocrx_word' id='word_1_464' title='bbox 1191 3342 1271 3378; x_wconf 89' lang='grc' dir='ltr'><strong>σοι</strong></span> <span class='ocrx_word' id='word_1_465' title='bbox 1316 3325 1411 3378; x_wconf 81' lang='grc' dir='ltr'><strong>καὶ</strong></span> <span class='ocrx_word' id='word_1_466' title='bbox 1440 3325 1549 3377; x_wconf 84' lang='grc' dir='ltr'><strong>τῶν</strong></span> <span class='ocrx_word' id='word_1_467' title='bbox 1576 3325 1753 3396; x_wconf 82' lang='grc' dir='ltr'>ἡμῶν,</span> 
     </span>
    </p>
   </div>
   <div class='ocr_carea' id='block_1_63' title="bbox 153 3399 1755 3488">
    <p class='ocr_par' dir='ltr' id='par_1_63' title="bbox 153 3399 1755 3488">
     <span class='ocr_line' id='line_1_63' title="bbox 153 3399 1755 3488; baseline 0.004 -26"><span class='ocrx_word' id='word_1_468' title='bbox 153 3403 201 3463; x_wconf 77' lang='grc' dir='ltr'><strong>ὦ</strong></span> <span class='ocrx_word' id='word_1_469' title='bbox 232 3410 502 3464; x_wconf 77' lang='grc' dir='ltr'>δέσποινα</span> <span class='ocrx_word' id='word_1_470' title='bbox 542 3414 759 3485; x_wconf 80' lang='grc' dir='ltr'>Ἀρετὴ,</span> <span class='ocrx_word' id='word_1_471' title='bbox 781 3414 887 3467; x_wconf 82' lang='grc' dir='ltr'><strong>ἀπὸ</strong></span> <span class='ocrx_word' id='word_1_472' title='bbox 908 3415 1219 3488; x_wconf 80' lang='grc' dir='ltr'>θεορρἡων</span> <span class='ocrx_word' id='word_1_473' title='bbox 1255 3399 1755 3487; x_wconf 79' lang='grc' dir='ltr'>συγκαθυφασμένα</span> 
     </span>
    </p>
   </div>
   <div class='ocr_carea' id='block_1_64' title="bbox 153 3499 1149 3581">
    <p class='ocr_par' dir='ltr' id='par_1_64' title="bbox 153 3499 1149 3581">
     <span class='ocr_line' id='line_1_64' title="bbox 153 3499 1149 3581; baseline 0.004 -24"><span class='ocrx_word' id='word_1_474' title='bbox 153 3499 359 3572; x_wconf 78' lang='grc' dir='ltr'>λόγων,</span> <span class='ocrx_word' id='word_1_475' title='bbox 385 3505 845 3576; x_wconf 65' lang='grc' dir='ltr'>προπομιζὲσθω</span> <span class='ocrx_word' id='word_1_476' title='bbox 879 3506 949 3560; x_wconf 86' lang='grc' dir='ltr'>τὰ</span> <span class='ocrx_word' id='word_1_477' title='bbox 978 3508 1149 3581; x_wconf 82' lang='grc' dir='ltr'>δῶρα.</span> 
     </span>
    </p>
   </div>
   <div class='ocr_carea' id='block_1_65' title="bbox 1866 3134 3444 3210">
    <p class='ocr_par' dir='ltr' id='par_1_65' title="bbox 1866 3134 3444 3210">
     <span class='ocr_line' id='line_1_65' title="bbox 1866 3134 3444 3210; baseline -0.003 -16"><span class='ocrx_word' id='word_1_478' title='bbox 1866 3153 2006 3204; x_wconf 90' lang='lat' dir='ltr'><strong>cam,</strong></span> <span class='ocrx_word' id='word_1_479' title='bbox 2037 3139 2370 3194; x_wconf 83' lang='lat' dir='ltr'><strong>verecundia</strong></span> <span class='ocrx_word' id='word_1_480' title='bbox 2402 3138 2639 3210; x_wconf 84' lang='lat' dir='ltr'><strong>quadam</strong></span> <span class='ocrx_word' id='word_1_481' title='bbox 2674 3138 2861 3203; x_wconf 86' lang='lat' dir='ltr'><strong>ducta,</strong></span> <span class='ocrx_word' id='word_1_482' title='bbox 2893 3153 2964 3193; x_wconf 91' lang='lat' dir='ltr'><strong>ne</strong></span> <span class='ocrx_word' id='word_1_483' title='bbox 2997 3138 3261 3193; x_wconf 91' lang='lat' dir='ltr'><strong>hactenus</strong></span> <span class='ocrx_word' id='word_1_484' title='bbox 3292 3134 3444 3192; x_wconf 85' lang='lat' dir='ltr'><strong>habi-</strong></span> 
     </span>
    </p>
   </div>
   <div class='ocr_carea' id='block_1_66' title="bbox 1862 3231 3443 3302">
    <p class='ocr_par' dir='ltr' id='par_1_66' title="bbox 1862 3231 3443 3302">
     <span class='ocr_line' id='line_1_66' title="bbox 1862 3231 3443 3302; baseline 0 -18"><span class='ocrx_word' id='word_1_485' title='bbox 1862 3238 1951 3287; x_wconf 91' lang='lat' dir='ltr'><strong>tos</strong></span> <span class='ocrx_word' id='word_1_486' title='bbox 1976 3231 2043 3286; x_wconf 91' lang='lat' dir='ltr'><strong>de</strong></span> <span class='ocrx_word' id='word_1_487' title='bbox 2069 3231 2387 3302; x_wconf 82' lang='lat' dir='ltr'><strong>virginitate</strong></span> <span class='ocrx_word' id='word_1_488' title='bbox 2411 3246 2716 3295; x_wconf 88' lang='lat' dir='ltr'><strong>sermones,</strong></span> <span class='ocrx_word' id='word_1_489' title='bbox 2745 3231 2848 3285; x_wconf 92' lang='lat' dir='ltr'><strong>hac</strong></span> <span class='ocrx_word' id='word_1_490' title='bbox 2876 3245 3069 3301; x_wconf 88' lang='lat' dir='ltr'><strong>parum</strong></span> <span class='ocrx_word' id='word_1_491' title='bbox 3103 3239 3443 3301; x_wconf 77' lang='lat' dir='ltr'><strong>congruente</strong></span> 
     </span>
    </p>
   </div>
   <div class='ocr_carea' id='block_1_67' title="bbox 1861 3310 3444 3396">
    <p class='ocr_par' dir='ltr' id='par_1_67' title="bbox 1861 3310 3444 3396">
     <span class='ocr_line' id='line_1_67' title="bbox 1861 3310 3444 3396; baseline -0.004 -17"><span class='ocrx_word' id='word_1_492' title='bbox 1861 3339 2131 3396; x_wconf 78' lang='lat' dir='ltr'><strong>nugarum</strong></span> <span class='ocrx_word' id='word_1_493' title='bbox 2171 3310 2695 3379; x_wconf 78' lang='lat' dir='ltr'><strong>commemoratione</strong></span> <span class='ocrx_word' id='word_1_494' title='bbox 2739 3322 3130 3377; x_wconf 88' lang='lat' dir='ltr'><strong>contaminem.</strong></span> <span class='ocrx_word' id='word_1_495' title='bbox 3184 3320 3250 3373; x_wconf 93' lang='lat' dir='ltr'><strong>Et</strong></span> <span class='ocrx_word' id='word_1_496' title='bbox 3292 3330 3444 3375; x_wconf 89' lang='lat' dir='ltr'><strong>certe</strong></span> 
     </span>
    </p>
   </div>
   <div class='ocr_carea' id='block_1_68' title="bbox 1861 3412 3443 3484">
    <p class='ocr_par' dir='ltr' id='par_1_68' title="bbox 1861 3412 3443 3484">
     <span class='ocr_line' id='line_1_68' title="bbox 1861 3412 3443 3484; baseline -0.002 -16"><span class='ocrx_word' id='word_1_497' title='bbox 1861 3414 2051 3484; x_wconf 85' lang='lat' dir='ltr'><strong>pudet,</strong></span> <span class='ocrx_word' id='word_1_498' title='bbox 2083 3413 2232 3484; x_wconf 89' lang='lat' dir='ltr'><strong>quod</strong></span> <span class='ocrx_word' id='word_1_499' title='bbox 2276 3414 2564 3468; x_wconf 91' lang='lat' dir='ltr'><strong>hominum</strong></span> <span class='ocrx_word' id='word_1_500' title='bbox 2610 3421 2977 3467; x_wconf 89' lang='lat' dir='ltr'><strong>meleororum</strong></span> <span class='ocrx_word' id='word_1_501' title='bbox 3025 3412 3443 3480; x_wconf 69' lang='lat' dir='ltr'><strong>cwlestiumque</strong></span> 
     </span>
    </p>
   </div>
   <div class='ocr_carea' id='block_1_69' title="bbox 1862 3504 3443 3577">
    <p class='ocr_par' dir='ltr' id='par_1_69' title="bbox 1862 3504 3443 3577">
     <span class='ocr_line' id='line_1_69' title="bbox 1862 3504 3443 3577; baseline -0.004 -15"><span class='ocrx_word' id='word_1_502' title='bbox 1862 3506 2151 3562; x_wconf 87' lang='lat' dir='ltr'><strong>scientiam</strong></span> <span class='ocrx_word' id='word_1_503' title='bbox 2184 3504 2304 3575; x_wconf 90' lang='lat' dir='ltr'><strong>(seu</strong></span> <span class='ocrx_word' id='word_1_504' title='bbox 2336 3507 2511 3576; x_wconf 89' lang='lat' dir='ltr'><strong>magis</strong></span> <span class='ocrx_word' id='word_1_505' title='bbox 2542 3506 2763 3559; x_wconf 89' lang='lat' dir='ltr'><strong>inanem</strong></span> <span class='ocrx_word' id='word_1_506' title='bbox 2808 3504 3275 3577; x_wconf 88' lang='lat' dir='ltr'><strong>observationem)</strong></span> <span class='ocrx_word' id='word_1_507' title='bbox 3313 3517 3443 3573; x_wconf 90' lang='lat' dir='ltr'><strong>pro-</strong></span> 
     </span>
    </p>
   </div>
   <div class='ocr_carea' id='block_1_70' title="bbox 154 3597 3445 3674">
    <p class='ocr_par' dir='ltr' id='par_1_70' title="bbox 154 3597 3445 3674">
     <span class='ocr_line' id='line_1_70' title="bbox 154 3597 3445 3674; baseline -0.001 -17"><span class='ocrx_word' id='word_1_508' title='bbox 154 3597 462 3667; x_wconf 68' lang='lat' dir='ltr'><strong>mentium,</strong></span> <span class='ocrx_word' id='word_1_509' title='bbox 491 3602 780 3673; x_wconf 84' lang='lat' dir='ltr'><strong>Opiniones</strong></span> <span class='ocrx_word' id='word_1_510' title='bbox 808 3603 1013 3660; x_wconf 69' lang='lat' dir='ltr'><strong>referre</strong></span> <span class='ocrx_word' id='word_1_511' title='bbox 1063 3620 1291 3662; x_wconf 89' lang='lat' dir='ltr'><strong>necesse</strong></span> <span class='ocrx_word' id='word_1_512' title='bbox 1350 3605 1673 3671; x_wconf 86' lang='lat' dir='ltr'><strong>habuerim;</strong></span> <span class='ocrx_word' id='word_1_513' title='bbox 1710 3604 1806 3674; x_wconf 88' lang='lat' dir='ltr'><strong>qui</strong></span> <span class='ocrx_word' id='word_1_514' title='bbox 1855 3602 2113 3658; x_wconf 91' lang='lat' dir='ltr'><strong>videlicet</strong></span> <span class='ocrx_word' id='word_1_515' title='bbox 2157 3602 2290 3658; x_wconf 85' lang='lat' dir='ltr'><strong>solis</strong></span> <span class='ocrx_word' id='word_1_516' title='bbox 2337 3602 2537 3656; x_wconf 85' lang='lat' dir='ltr'><strong>fabulis</strong></span> <span class='ocrx_word' id='word_1_517' title='bbox 2569 3608 2734 3671; x_wconf 88' lang='lat' dir='ltr'><strong>atque</strong></span> <span class='ocrx_word' id='word_1_518' title='bbox 2770 3600 3044 3670; x_wconf 85' lang='lat' dir='ltr'><strong>ﬁgmentis</strong></span> <span class='ocrx_word' id='word_1_519' title='bbox 3078 3599 3270 3654; x_wconf 87' lang='lat' dir='ltr'><strong>dantes</strong></span> <span class='ocrx_word' id='word_1_520' title='bbox 3310 3611 3445 3668; x_wconf 86' lang='lat' dir='ltr'><strong>ope-</strong></span> 
     </span>
    </p>
   </div>
   <div class='ocr_carea' id='block_1_71' title="bbox 156 3690 3445 3771">
    <p class='ocr_par' dir='ltr' id='par_1_71' title="bbox 156 3690 3445 3771">
     <span class='ocr_line' id='line_1_71' title="bbox 156 3690 3445 3771; baseline -0.001 -22"><span class='ocrx_word' id='word_1_521' title='bbox 156 3709 299 3760; x_wconf 79' lang='lat' dir='ltr'><strong>ram,</strong></span> <span class='ocrx_word' id='word_1_522' title='bbox 344 3697 502 3750; x_wconf 89' lang='lat' dir='ltr'><strong>inani</strong></span> <span class='ocrx_word' id='word_1_523' title='bbox 551 3696 698 3752; x_wconf 81' lang='lat' dir='ltr'><strong>fastu</strong></span> <span class='ocrx_word' id='word_1_524' title='bbox 748 3714 813 3753; x_wconf 91' lang='lat' dir='ltr'><strong>ac</strong></span> <span class='ocrx_word' id='word_1_525' title='bbox 840 3698 1126 3767; x_wconf 90' lang='lat' dir='ltr'><strong>jactantia,</strong></span> <span class='ocrx_word' id='word_1_526' title='bbox 1162 3702 1286 3757; x_wconf 62' lang='lat' dir='ltr'><strong>vitai</strong></span> <span class='ocrx_word' id='word_1_527' title='bbox 1319 3709 1536 3771; x_wconf 89' lang='lat' dir='ltr'><strong>tempus</strong></span> <span class='ocrx_word' id='word_1_528' title='bbox 1591 3702 1901 3757; x_wconf 89' lang='lat' dir='ltr'><strong>insumunt.</strong></span> <span class='ocrx_word' id='word_1_529' title='bbox 1937 3698 2118 3767; x_wconf 83' lang='lat' dir='ltr'><strong>Atque</strong></span> <span class='ocrx_word' id='word_1_530' title='bbox 2145 3698 2262 3753; x_wconf 67' lang='lat' dir='ltr'><strong>haec</strong></span> <span class='ocrx_word' id='word_1_531' title='bbox 2291 3697 2391 3752; x_wconf 89' lang='lat' dir='ltr'><strong>tibi</strong></span> <span class='ocrx_word' id='word_1_532' title='bbox 2431 3712 2462 3750; x_wconf 85' lang='lat' dir='ltr'><strong>a</strong></span> <span class='ocrx_word' id='word_1_533' title='bbox 2488 3696 2668 3762; x_wconf 90' lang='lat' dir='ltr'><strong>nobis,</strong></span> <span class='ocrx_word' id='word_1_534' title='bbox 2702 3711 2736 3750; x_wconf 95' lang='lat' dir='ltr'><strong>o</strong></span> <span class='ocrx_word' id='word_1_535' title='bbox 2765 3695 2986 3750; x_wconf 89' lang='lat' dir='ltr'><strong>domina</strong></span> <span class='ocrx_word' id='word_1_536' title='bbox 3030 3696 3215 3759; x_wconf 87' lang='lat' dir='ltr'><strong>Arete,</strong></span> <span class='ocrx_word' id='word_1_537' title='bbox 3237 3707 3306 3748; x_wconf 80' lang='lat' dir='ltr'><strong>ex</strong></span> <span class='ocrx_word' id='word_1_538' title='bbox 3356 3690 3445 3748; x_wconf 89' lang='lat' dir='ltr'><strong>di-</strong></span> 
     </span>
    </p>
   </div>
   <div class='ocr_carea' id='block_1_72' title="bbox 151 3790 1674 3860">
    <p class='ocr_par' dir='ltr' id='par_1_72' title="bbox 151 3790 1674 3860">
     <span class='ocr_line' id='line_1_72' title="bbox 151 3790 1674 3860; baseline 0.001 -12"><span class='ocrx_word' id='word_1_539' title='bbox 151 3790 304 3848; x_wconf 73' lang='lat' dir='ltr'><strong>vinis</strong></span> <span class='ocrx_word' id='word_1_540' title='bbox 332 3799 595 3846; x_wconf 83' lang='lat' dir='ltr'><strong>contexta</strong></span> <span class='ocrx_word' id='word_1_541' title='bbox 617 3795 982 3860; x_wconf 89' lang='lat' dir='ltr'><strong>sermonibus,</strong></span> <span class='ocrx_word' id='word_1_542' title='bbox 1007 3810 1074 3850; x_wconf 89' lang='lat' dir='ltr'><strong>en</strong></span> <span class='ocrx_word' id='word_1_543' title='bbox 1102 3797 1195 3853; x_wconf 90' lang='lat' dir='ltr'><strong>tibi</strong></span> <span class='ocrx_word' id='word_1_544' title='bbox 1220 3799 1487 3854; x_wconf 86' lang='lat' dir='ltr'><strong>sistantur</strong></span> <span class='ocrx_word' id='word_1_545' title='bbox 1507 3797 1674 3852; x_wconf 87' lang='lat' dir='ltr'><strong>dona.</strong></span> 
     </span>
    </p>
   </div>
   <div class='ocr_carea' id='block_1_73' title="bbox 229 3886 1753 3965">
    <p class='ocr_par' dir='ltr' id='par_1_73' title="bbox 229 3886 1753 3965">
     <span class='ocr_line' id='line_1_73' title="bbox 229 3886 1753 3965; baseline 0.004 -27"><span class='ocrx_word' id='word_1_546' title='bbox 229 3886 536 3940; x_wconf 79' lang='grc' dir='ltr'><strong>ΕΥΒΟΥΛ.</strong></span> <span class='ocrx_word' id='word_1_547' title='bbox 622 3887 710 3951; x_wconf 78' lang='grc' dir='ltr'>Ὠς</span> <span class='ocrx_word' id='word_1_548' title='bbox 760 3888 879 3941; x_wconf 87' lang='grc' dir='ltr'>λίαν</span> <span class='ocrx_word' id='word_1_549' title='bbox 924 3891 1297 3959; x_wconf 81' lang='grc' dir='ltr'>ἀγωνιστικῶς</span> <span class='ocrx_word' id='word_1_550' title='bbox 1350 3895 1384 3965; x_wconf 84' lang='grc' dir='ltr'>ὴ</span> <span class='ocrx_word' id='word_1_551' title='bbox 1430 3892 1608 3947; x_wconf 83' lang='grc' dir='ltr'>Θέκλα</span> <span class='ocrx_word' id='word_1_552' title='bbox 1659 3891 1753 3946; x_wconf 75' lang='grc' dir='ltr'>καὶ</span> 
     </span>
    </p>
   </div>
   <div class='ocr_carea' id='block_1_74' title="bbox 154 3972 873 4051">
    <p class='ocr_par' dir='ltr' id='par_1_74' title="bbox 154 3972 873 4051">
     <span class='ocr_line' id='line_1_74' title="bbox 154 3972 873 4051; baseline 0.007 -22"><span class='ocrx_word' id='word_1_553' title='bbox 154 3976 414 4041; x_wconf 76' lang='grc' dir='ltr'>ἐνδόξως,</span> <span class='ocrx_word' id='word_1_554' title='bbox 451 3972 499 4031; x_wconf 83' lang='grc' dir='ltr'><strong>ὦ</strong></span> <span class='ocrx_word' id='word_1_555' title='bbox 536 3978 873 4051; x_wconf 83' lang='grc' dir='ltr'>Γρηγόριον;</span> 
     </span>
    </p>
   </div>
   <div class='ocr_carea' id='block_1_75' title="bbox 229 4066 1750 4144">
    <p class='ocr_par' dir='ltr' id='par_1_75' title="bbox 229 4066 1750 4144">
     <span class='ocr_line' id='line_1_75' title="bbox 229 4066 1750 4144; baseline 0.004 -24"><span class='ocrx_word' id='word_1_556' title='bbox 229 4067 528 4121; x_wconf 85' lang='grc' dir='ltr'><strong>ῙῬΗΓΟΡ.</strong></span> <span class='ocrx_word' id='word_1_557' title='bbox 566 4069 630 4121; x_wconf 88' lang='grc' dir='ltr'>Τί</span> <span class='ocrx_word' id='word_1_558' title='bbox 669 4066 782 4133; x_wconf 74' lang='grc' dir='ltr'>οὖν,</span> <span class='ocrx_word' id='word_1_559' title='bbox 827 4070 860 4142; x_wconf 82' lang='grc' dir='ltr'>ἢ</span> <span class='ocrx_word' id='word_1_560' title='bbox 892 4072 1062 4142; x_wconf 78' lang='grc' dir='ltr'>αὐτῆς</span> <span class='ocrx_word' id='word_1_561' title='bbox 1098 4072 1313 4144; x_wconf 82' lang='grc' dir='ltr'>ἐκείνης</span> <span class='ocrx_word' id='word_1_562' title='bbox 1341 4073 1618 4144; x_wconf 87' lang='grc' dir='ltr'>ἀκηκόεις,</span> <span class='ocrx_word' id='word_1_563' title='bbox 1652 4074 1750 4144; x_wconf 76' lang='grc' dir='ltr'><strong>ῥύ-</strong></span> 
     </span>
    </p>
   </div>
   <div class='ocr_carea' id='block_1_76' title="bbox 151 4158 1752 4236">
    <p class='ocr_par' dir='ltr' id='par_1_76' title="bbox 151 4158 1752 4236">
     <span class='ocr_line' id='line_1_76' title="bbox 151 4158 1752 4236; baseline 0.003 -25"><span class='ocrx_word' id='word_1_564' title='bbox 151 4158 256 4231; x_wconf 79' lang='grc' dir='ltr'><strong>δην</strong></span> <span class='ocrx_word' id='word_1_565' title='bbox 283 4160 384 4212; x_wconf 70' lang='grc' dir='ltr'>καὶ</span> <span class='ocrx_word' id='word_1_566' title='bbox 416 4159 661 4230; x_wconf 78' lang='grc' dir='ltr'>εὐτρόχῳ</span> <span class='ocrx_word' id='word_1_567' title='bbox 684 4164 748 4233; x_wconf 81' lang='grc' dir='ltr'>τῇ</span> <span class='ocrx_word' id='word_1_568' title='bbox 774 4161 986 4236; x_wconf 76' lang='grc' dir='ltr'>γλώττῃ</span> <span class='ocrx_word' id='word_1_569' title='bbox 1018 4162 1155 4234; x_wconf 88' lang='grc' dir='ltr'><strong>μετά</strong></span> <span class='ocrx_word' id='word_1_570' title='bbox 1182 4163 1381 4234; x_wconf 83' lang='grc' dir='ltr'>πολλῆς</span> <span class='ocrx_word' id='word_1_571' title='bbox 1411 4164 1629 4234; x_wconf 84' lang='grc' dir='ltr'>χάριτος</span> <span class='ocrx_word' id='word_1_572' title='bbox 1657 4162 1752 4217; x_wconf 74' lang='grc' dir='ltr'><strong>καὶ</strong></span> 
     </span>
    </p>
   </div>
   <div class='ocr_carea' id='block_1_77' title="bbox 1932 3882 3445 3957">
    <p class='ocr_par' dir='ltr' id='par_1_77' title="bbox 1932 3882 3445 3957">
     <span class='ocr_line' id='line_1_77' title="bbox 1932 3882 3445 3957; baseline 0 -17"><span class='ocrx_word' id='word_1_573' title='bbox 1932 3882 2186 3940; x_wconf 90' lang='lat' dir='ltr'><strong>EUBUL.</strong></span> <span class='ocrx_word' id='word_1_574' title='bbox 2230 3885 2403 3951; x_wconf 85' lang='lat' dir='ltr'><strong>Quam</strong></span> <span class='ocrx_word' id='word_1_575' title='bbox 2432 3884 2776 3955; x_wconf 87' lang='lat' dir='ltr'><strong>pugnaciter,</strong></span> <span class='ocrx_word' id='word_1_576' title='bbox 2813 3898 2847 3938; x_wconf 90' lang='grc' dir='ltr'><strong>ο</strong></span> <span class='ocrx_word' id='word_1_577' title='bbox 2877 3882 3220 3957; x_wconf 78' lang='lat' dir='ltr'><strong>Gregorium,</strong></span> <span class='ocrx_word' id='word_1_578' title='bbox 3246 3900 3445 3956; x_wconf 85' lang='lat' dir='ltr'><strong>quam-</strong></span> 
     </span>
    </p>
   </div>
   <div class='ocr_carea' id='block_1_78' title="bbox 1858 3977 2876 4050">
    <p class='ocr_par' dir='ltr' id='par_1_78' title="bbox 1858 3977 2876 4050">
     <span class='ocr_line' id='line_1_78' title="bbox 1858 3977 2876 4050; baseline 0 -19"><span class='ocrx_word' id='word_1_579' title='bbox 1858 3992 1966 4050; x_wconf 82' lang='lat' dir='ltr'><strong>que</strong></span> <span class='ocrx_word' id='word_1_580' title='bbox 1997 3978 2286 4048; x_wconf 78' lang='lat' dir='ltr'><strong>magniﬁce</strong></span> <span class='ocrx_word' id='word_1_581' title='bbox 2311 3978 2612 4048; x_wconf 79' lang='lat' dir='ltr'><strong>disputavit</strong></span> <span class='ocrx_word' id='word_1_582' title='bbox 2637 3977 2876 4031; x_wconf 84' lang='lat' dir='ltr'><strong>Thecla?</strong></span> 
     </span>
    </p>
   </div>
   <div class='ocr_carea' id='block_1_79' title="bbox 1929 4067 3442 4139">
    <p class='ocr_par' dir='ltr' id='par_1_79' title="bbox 1929 4067 3442 4139">
     <span class='ocr_line' id='line_1_79' title="bbox 1929 4067 3442 4139; baseline -0.001 -13"><span class='ocrx_word' id='word_1_583' title='bbox 1929 4070 2137 4126; x_wconf 80' lang='lat' dir='ltr'><strong>GREG.</strong></span> <span class='ocrx_word' id='word_1_584' title='bbox 2171 4070 2313 4138; x_wconf 85' lang='lat' dir='ltr'><strong>Quid</strong></span> <span class='ocrx_word' id='word_1_585' title='bbox 2365 4070 2411 4125; x_wconf 90' lang='lat' dir='ltr'><strong>si</strong></span> <span class='ocrx_word' id='word_1_586' title='bbox 2464 4084 2581 4125; x_wconf 89' lang='lat' dir='ltr'><strong>eam</strong></span> <span class='ocrx_word' id='word_1_587' title='bbox 2634 4068 2809 4139; x_wconf 90' lang='lat' dir='ltr'><strong>ipsam</strong></span> <span class='ocrx_word' id='word_1_588' title='bbox 2844 4068 3065 4137; x_wconf 90' lang='lat' dir='ltr'><strong>copiosa</strong></span> <span class='ocrx_word' id='word_1_589' title='bbox 3089 4067 3442 4139; x_wconf 89' lang='lat' dir='ltr'><strong>versatilique</strong></span> 
     </span>
    </p>
   </div>
   <div class='ocr_carea' id='block_1_80' title="bbox 1858 4158 3444 4233">
    <p class='ocr_par' dir='ltr' id='par_1_80' title="bbox 1858 4158 3444 4233">
     <span class='ocr_line' id='line_1_80' title="bbox 1858 4158 3444 4233; baseline -0.002 -16"><span class='ocrx_word' id='word_1_590' title='bbox 1858 4163 2190 4233; x_wconf 87' lang='lat' dir='ltr'><strong>eloquentia,</strong></span> <span class='ocrx_word' id='word_1_591' title='bbox 2245 4178 2368 4216; x_wconf 89' lang='lat' dir='ltr'><strong>cum</strong></span> <span class='ocrx_word' id='word_1_592' title='bbox 2428 4175 2639 4215; x_wconf 91' lang='lat' dir='ltr'><strong>summa</strong></span> <span class='ocrx_word' id='word_1_593' title='bbox 2697 4158 2870 4230; x_wconf 89' lang='lat' dir='ltr'><strong>gratia</strong></span> <span class='ocrx_word' id='word_1_594' title='bbox 2909 4166 2963 4213; x_wconf 91' lang='lat' dir='ltr'><strong>et</strong></span> <span class='ocrx_word' id='word_1_595' title='bbox 2991 4159 3270 4228; x_wconf 88' lang='lat' dir='ltr'><strong>voluptate</strong></span> <span class='ocrx_word' id='word_1_596' title='bbox 3308 4174 3444 4214; x_wconf 88' lang='lat' dir='ltr'><strong>con-</strong></span> 
     </span>
    </p>
   </div>
   <div class='ocr_carea' id='block_1_81' title="bbox 153 4248 1751 4353">
    <p class='ocr_par' dir='ltr' id='par_1_81' title="bbox 153 4250 1751 4330">
     <span class='ocr_line' id='line_1_81' title="bbox 153 4250 1751 4330; baseline 0.004 -28"><span class='ocrx_word' id='word_1_597' title='bbox 153 4250 361 4321; x_wconf 79' lang='grc' dir='ltr'>ἡδονῆς</span> <span class='ocrx_word' id='word_1_598' title='bbox 401 4250 824 4325; x_wconf 76' lang='grc' dir='ltr'>διαλεγομένης;</span> <span class='ocrx_word' id='word_1_599' title='bbox 865 4253 1004 4308; x_wconf 80' lang='grc' dir='ltr'>ὥστε</span> <span class='ocrx_word' id='word_1_600' title='bbox 1053 4255 1360 4325; x_wconf 77' lang='grc' dir='ltr'>ἀγασθῆναι</span> <span class='ocrx_word' id='word_1_601' title='bbox 1390 4273 1513 4310; x_wconf 89' lang='grc' dir='ltr'>τινα</span> <span class='ocrx_word' id='word_1_602' title='bbox 1557 4256 1751 4330; x_wconf 80' lang='grc' dir='ltr'>προσέ-</span> 
     </span>
    </p>
   </div>
   <div class='ocr_carea' id='block_1_82' title="bbox 1861 4248 3442 4353">
    <p class='ocr_par' dir='ltr' id='par_1_82' title="bbox 1861 4248 3442 4323">
     <span class='ocr_line' id='line_1_82' title="bbox 1861 4248 3442 4323; baseline -0.004 -14"><span class='ocrx_word' id='word_1_603' title='bbox 1861 4254 2071 4323; x_wconf 86' lang='lat' dir='ltr'><strong>iuncta,</strong></span> <span class='ocrx_word' id='word_1_604' title='bbox 2122 4252 2515 4307; x_wconf 87' lang='lat' dir='ltr'><strong>edisserentem</strong></span> <span class='ocrx_word' id='word_1_605' title='bbox 2550 4249 2857 4306; x_wconf 87' lang='lat' dir='ltr'><strong>audiisses?</strong></span> <span class='ocrx_word' id='word_1_606' title='bbox 2890 4256 2950 4302; x_wconf 90' lang='lat' dir='ltr'><strong>ut</strong></span> <span class='ocrx_word' id='word_1_607' title='bbox 2977 4248 3330 4303; x_wconf 89' lang='lat' dir='ltr'><strong>admirationi</strong></span> <span class='ocrx_word' id='word_1_608' title='bbox 3358 4255 3442 4303; x_wconf 81' lang='lat' dir='ltr'><strong>at.-</strong></span> 
     </span>
    </p>
   </div>
   <div class='ocr_carea' id='block_1_83' title="bbox 152 4341 1751 4418">
    <p class='ocr_par' dir='ltr' id='par_1_83' title="bbox 152 4341 1751 4418">
     <span class='ocr_line' id='line_1_83' title="bbox 152 4341 1751 4418; baseline 0.006 -25"><span class='ocrx_word' id='word_1_609' title='bbox 152 4357 361 4412; x_wconf 78' lang='grc' dir='ltr'>χοντα,</span> <span class='ocrx_word' id='word_1_610' title='bbox 391 4341 490 4395; x_wconf 69' lang='grc' dir='ltr'>καὶ</span> <span class='ocrx_word' id='word_1_611' title='bbox 528 4343 628 4412; x_wconf 80' lang='grc' dir='ltr'>τῆς</span> <span class='ocrx_word' id='word_1_612' title='bbox 676 4344 885 4415; x_wconf 68' lang='grc' dir='ltr'>μορφῆς</span> <span class='ocrx_word' id='word_1_613' title='bbox 925 4345 1264 4418; x_wconf 80' lang='grc' dir='ltr'>ἐπανθούσης</span> <span class='ocrx_word' id='word_1_614' title='bbox 1295 4350 1410 4411; x_wconf 87' lang='grc' dir='ltr'>τοῖς</span> <span class='ocrx_word' id='word_1_615' title='bbox 1448 4348 1645 4417; x_wconf 89' lang='grc' dir='ltr'>λόγοις,</span> <span class='ocrx_word' id='word_1_616' title='bbox 1674 4348 1751 4413; x_wconf 87' lang='grc' dir='ltr'>ὡς</span> 
     </span>
    </p>
   </div>
   <div class='ocr_carea' id='block_1_84' title="bbox 153 4431 1756 4512">
    <p class='ocr_par' dir='ltr' id='par_1_84' title="bbox 153 4431 1756 4512">
     <span class='ocr_line' id='line_1_84' title="bbox 153 4431 1756 4512; baseline 0.007 -28"><span class='ocrx_word' id='word_1_617' title='bbox 153 4431 493 4496; x_wconf 75' lang='grc' dir='ltr'>ἑνδιαθὲτως</span> <span class='ocrx_word' id='word_1_618' title='bbox 514 4434 619 4505; x_wconf 35' lang='grc' dir='ltr'>,καὶ</span> <span class='ocrx_word' id='word_1_619' title='bbox 653 4431 730 4502; x_wconf 82' lang='grc' dir='ltr'><strong>τῷ</strong></span> <span class='ocrx_word' id='word_1_620' title='bbox 758 4434 868 4487; x_wconf 78' lang='grc' dir='ltr'>ὖντι</span> <span class='ocrx_word' id='word_1_621' title='bbox 904 4436 1323 4508; x_wconf 77' lang='grc' dir='ltr'>φανταζομένως</span> <span class='ocrx_word' id='word_1_622' title='bbox 1349 4440 1478 4510; x_wconf 74' lang='grc' dir='ltr'>περὶ</span> <span class='ocrx_word' id='word_1_623' title='bbox 1505 4434 1579 4494; x_wconf 84' lang='grc' dir='ltr'>ὦν</span> <span class='ocrx_word' id='word_1_624' title='bbox 1612 4443 1756 4512; x_wconf 84' lang='grc' dir='ltr'>ἀφη-</span> 
     </span>
    </p>
   </div>
   <div class='ocr_carea' id='block_1_85' title="bbox 152 4524 1756 4608">
    <p class='ocr_par' dir='ltr' id='par_1_85' title="bbox 152 4524 1756 4608">
     <span class='ocr_line' id='line_1_85' title="bbox 152 4524 1756 4608; baseline 0.009 -33"><span class='ocrx_word' id='word_1_625' title='bbox 152 4526 312 4592; x_wconf 85' lang='grc' dir='ltr'>γεῖτο</span> <span class='ocrx_word' id='word_1_626' title='bbox 366 4524 619 4590; x_wconf 82' lang='grc' dir='ltr'>διετέλει,</span> <span class='ocrx_word' id='word_1_627' title='bbox 678 4526 1215 4601; x_wconf 79' lang='grc' dir='ltr'>ὑπερυθραινομένης</span> <span class='ocrx_word' id='word_1_628' title='bbox 1273 4533 1409 4604; x_wconf 83' lang='grc' dir='ltr'>αὐτῇ</span> <span class='ocrx_word' id='word_1_629' title='bbox 1468 4536 1606 4589; x_wconf 89' lang='grc' dir='ltr'>αίδοῖ</span> <span class='ocrx_word' id='word_1_630' title='bbox 1656 4537 1756 4608; x_wconf 81' lang='grc' dir='ltr'>τῆς</span> 
     </span>
    </p>
   </div>
   <div class='ocr_carea' id='block_1_86' title="bbox 152 4611 1753 4695">
    <p class='ocr_par' dir='ltr' id='par_1_86' title="bbox 152 4611 1753 4695">
     <span class='ocr_line' id='line_1_86' title="bbox 152 4611 1753 4695; baseline 0.009 -32"><span class='ocrx_word' id='word_1_631' title='bbox 152 4611 371 4680; x_wconf 69' lang='grc' dir='ltr'>ὅψεως·</span> <span class='ocrx_word' id='word_1_632' title='bbox 415 4613 515 4684; x_wconf 80' lang='grc' dir='ltr'><strong>ὅλη</strong></span> <span class='ocrx_word' id='word_1_633' title='bbox 555 4613 666 4687; x_wconf 82' lang='grc' dir='ltr'><strong>γὰρ</strong></span> <span class='ocrx_word' id='word_1_634' title='bbox 695 4611 833 4669; x_wconf 79' lang='grc' dir='ltr'>εἶναι</span> <span class='ocrx_word' id='word_1_635' title='bbox 868 4617 1078 4686; x_wconf 73' lang='grc' dir='ltr'>πέφυκε</span> <span class='ocrx_word' id='word_1_636' title='bbox 1118 4617 1288 4692; x_wconf 81' lang='grc' dir='ltr'>λευκὴ</span> <span class='ocrx_word' id='word_1_637' title='bbox 1332 4624 1426 4676; x_wconf 63' lang='grc' dir='ltr'><strong>καὶ¹</strong></span> <span class='ocrx_word' id='word_1_638' title='bbox 1469 4623 1627 4695; x_wconf 85' lang='grc' dir='ltr'>σῶμα</span> <span class='ocrx_word' id='word_1_639' title='bbox 1659 4625 1753 4680; x_wconf 76' lang='grc' dir='ltr'><strong>καὶ</strong></span> 
     </span>
    </p>
   </div>
   <div class='ocr_carea' id='block_1_87' title="bbox 156 4703 372 4775">
    <p class='ocr_par' dir='ltr' id='par_1_87' title="bbox 156 4703 372 4775">
     <span class='ocr_line' id='line_1_87' title="bbox 156 4703 372 4775; baseline 0.005 -1"><span class='ocrx_word' id='word_1_640' title='bbox 156 4703 372 4775; x_wconf 65' lang='grc' dir='ltr'><strong>ψυχήν-</strong></span> 
     </span>
    </p>
   </div>
   <div class='ocr_carea' id='block_1_88' title="bbox 229 4883 1755 4967">
    <p class='ocr_par' dir='ltr' id='par_1_88' title="bbox 229 4883 1755 4967">
     <span class='ocr_line' id='line_1_88' title="bbox 229 4883 1755 4967; baseline 0.009 -30"><span class='ocrx_word' id='word_1_641' title='bbox 229 4884 536 4938; x_wconf 82' lang='grc' dir='ltr'><strong>ΕΥΒΟΥΛ.</strong></span> <span class='ocrx_word' id='word_1_642' title='bbox 589 4886 816 4957; x_wconf 79' lang='grc' dir='ltr'>Ὀρθῶς,</span> <span class='ocrx_word' id='word_1_643' title='bbox 844 4883 889 4943; x_wconf 82' lang='grc' dir='ltr'><strong>ὦ</strong></span> <span class='ocrx_word' id='word_1_644' title='bbox 920 4891 1243 4965; x_wconf 86' lang='grc' dir='ltr'>Γρηγόριον,</span> <span class='ocrx_word' id='word_1_645' title='bbox 1280 4894 1453 4948; x_wconf 78' lang='grc' dir='ltr'>ταῦτα</span> <span class='ocrx_word' id='word_1_646' title='bbox 1501 4897 1627 4967; x_wconf 73' lang='grc' dir='ltr'>φῂς,</span> <span class='ocrx_word' id='word_1_647' title='bbox 1660 4898 1755 4951; x_wconf 74' lang='grc' dir='ltr'><strong>καὶ</strong></span> 
     </span>
    </p>
   </div>
   <div class='ocr_carea' id='block_1_89' title="bbox 150 4975 1754 5055">
    <p class='ocr_par' dir='ltr' id='par_1_89' title="bbox 150 4975 1754 5055">
     <span class='ocr_line' id='line_1_89' title="bbox 150 4975 1754 5055; baseline 0.009 -27"><span class='ocrx_word' id='word_1_648' title='bbox 150 4975 313 5031; x_wconf 74' lang='grc' dir='ltr'>οὐδὲν</span> <span class='ocrx_word' id='word_1_649' title='bbox 344 4976 531 5030; x_wconf 78' lang='grc' dir='ltr'>αὐτῶν</span> <span class='ocrx_word' id='word_1_650' title='bbox 556 4977 771 5048; x_wconf 78' lang='grc' dir='ltr'>ψεῦδος.</span> <span class='ocrx_word' id='word_1_651' title='bbox 802 4982 1012 5051; x_wconf 90' lang='grc' dir='ltr'>Ἔγνων</span> <span class='ocrx_word' id='word_1_652' title='bbox 1042 4983 1152 5055; x_wconf 81' lang='grc' dir='ltr'><strong>γὰρ</strong></span> <span class='ocrx_word' id='word_1_653' title='bbox 1180 4985 1274 5037; x_wconf 80' lang='grc' dir='ltr'>καὶ</span> <span class='ocrx_word' id='word_1_654' title='bbox 1309 4985 1416 5037; x_wconf 80' lang='grc' dir='ltr'>ἀπὸ</span> <span class='ocrx_word' id='word_1_655' title='bbox 1439 4985 1547 5039; x_wconf 85' lang='grc' dir='ltr'><strong>τῶν</strong></span> <span class='ocrx_word' id='word_1_656' title='bbox 1581 4987 1754 5042; x_wconf 84' lang='grc' dir='ltr'>ἄλλων</span> 
     </span>
    </p>
   </div>
   <div class='ocr_carea' id='block_1_90' title="bbox 150 5067 1756 5161">
    <p class='ocr_par' dir='ltr' id='par_1_90' title="bbox 150 5067 1756 5161">
     <span class='ocr_line' id='line_1_90' title="bbox 150 5067 1756 5161; baseline 0.008 -42"><span class='ocrx_word' id='word_1_657' title='bbox 150 5067 679 5141; x_wconf 80' lang='grc' dir='ltr'>ἀνδραγαθημάτων</span> <span class='ocrx_word' id='word_1_658' title='bbox 727 5072 889 5143; x_wconf 84' lang='grc' dir='ltr'>μῆτιν</span> <span class='ocrx_word' id='word_1_659' title='bbox 932 5074 1123 5147; x_wconf 82' lang='grc' dir='ltr'>αὐτῆς,</span> <span class='ocrx_word' id='word_1_660' title='bbox 1159 5076 1253 5129; x_wconf 63' lang='grc' dir='ltr'><strong>καὶ¹</strong></span> <span class='ocrx_word' id='word_1_661' title='bbox 1301 5075 1476 5145; x_wconf 85' lang='grc' dir='ltr'>λέγειν</span> <span class='ocrx_word' id='word_1_662' title='bbox 1503 5079 1614 5151; x_wconf 36' lang='grc' dir='ltr'>,ὅσα</span> <span class='ocrx_word' id='word_1_663' title='bbox 1664 5081 1756 5161; x_wconf 65' lang='grc' dir='ltr'><strong>καῖ</strong></span> 
     </span>
    </p>
   </div>
   <div class='ocr_carea' id='block_1_91' title="bbox 232 5224 651 5294">
    <p class='ocr_par' dir='ltr' id='par_1_91' title="bbox 232 5224 651 5294">
     <span class='ocr_line' id='line_1_91' title="bbox 232 5224 651 5294; baseline 0.01 -14"><span class='ocrx_word' id='word_1_664' title='bbox 232 5226 281 5258; x_wconf 75' lang='grc'><strong>⁸⁸</strong></span> <span class='ocrx_word' id='word_1_665' title='bbox 312 5224 439 5283; x_wconf 86' lang='lat' dir='ltr'><strong>Gal.</strong></span> <span class='ocrx_word' id='word_1_666' title='bbox 475 5244 532 5294; x_wconf 90' lang='lat' dir='ltr'><strong>v,</strong></span> <span class='ocrx_word' id='word_1_667' title='bbox 561 5228 651 5284; x_wconf 82' lang='grc'><strong>17.</strong></span> 
     </span>
    </p>
   </div>
   <div class='ocr_carea' id='block_1_92' title="bbox 233 5382 1753 5459">
    <p class='ocr_par' dir='ltr' id='par_1_92' title="bbox 233 5382 1753 5459">
     <span class='ocr_line' id='line_1_92' title="bbox 233 5382 1753 5459; baseline 0.006 -24"><span class='ocrx_word' id='word_1_668' title='bbox 233 5382 353 5459; x_wconf 62' lang='grc' dir='ltr'>(ει)</span> <span class='ocrx_word' id='word_1_669' title='bbox 384 5385 716 5451; x_wconf 60' lang='grc' dir='ltr'>Πεφυκότε.</span> <span class='ocrx_word' id='word_1_670' title='bbox 741 5383 845 5459; x_wconf 68' lang='grc' dir='ltr'><strong>Δεἰς</strong></span> <span class='ocrx_word' id='word_1_671' title='bbox 871 5385 1164 5457; x_wconf 87' lang='lat' dir='ltr'><strong>aliquando</strong></span> <span class='ocrx_word' id='word_1_672' title='bbox 1196 5402 1261 5442; x_wconf 84' lang='lat' dir='ltr'><strong>ex</strong></span> <span class='ocrx_word' id='word_1_673' title='bbox 1288 5388 1604 5459; x_wconf 88' lang='lat' dir='ltr'><strong>conjectura</strong></span> <span class='ocrx_word' id='word_1_674' title='bbox 1631 5400 1753 5446; x_wconf 76' lang='lat' dir='ltr'><strong>cur-</strong></span> 
     </span>
    </p>
   </div>
   <div class='ocr_carea' id='block_1_93' title="bbox 153 5454 1751 5528">
    <p class='ocr_par' dir='ltr' id='par_1_93' title="bbox 153 5454 1751 5528">
     <span class='ocr_line' id='line_1_93' title="bbox 153 5454 1751 5528; baseline 0.004 -20"><span class='ocrx_word' id='word_1_675' title='bbox 153 5454 482 5528; x_wconf 73' lang='lat' dir='ltr'><strong>rigebamus</strong></span> <span class='ocrx_word' id='word_1_676' title='bbox 535 5455 839 5528; x_wconf 49' lang='grc' dir='ltr'>πεφυκότες</span> <span class='ocrx_word' id='word_1_677' title='bbox 895 5454 978 5509; x_wconf 61' lang='grc' dir='ltr'>υ(</span> <span class='ocrx_word' id='word_1_678' title='bbox 1004 5473 1202 5528; x_wconf 74' lang='lat' dir='ltr'><strong>genere</strong></span> <span class='ocrx_word' id='word_1_679' title='bbox 1255 5454 1579 5525; x_wconf 72' lang='lat' dir='ltr'><strong>congrueret</strong></span> <span class='ocrx_word' id='word_1_680' title='bbox 1626 5478 1751 5517; x_wconf 91' lang='lat' dir='ltr'><strong>cum</strong></span> 
     </span>
    </p>
   </div>
   <div class='ocr_carea' id='block_1_94' title="bbox 154 5524 1755 5597">
    <p class='ocr_par' dir='ltr' id='par_1_94' title="bbox 154 5524 1755 5597">
     <span class='ocr_line' id='line_1_94' title="bbox 154 5524 1755 5597; baseline 0.007 -22"><span class='ocrx_word' id='word_1_681' title='bbox 154 5524 311 5597; x_wconf 73' lang='lat' dir='ltr'><strong>dnali</strong></span> <span class='ocrx_word' id='word_1_682' title='bbox 348 5527 696 5594; x_wconf 72' lang='lat' dir='ltr'><strong>pmcedente</strong></span> <span class='ocrx_word' id='word_1_683' title='bbox 724 5524 1145 5597; x_wconf 59' lang='grc' dir='ltr'>ὲπιθυμίαξὸεά</span> <span class='ocrx_word' id='word_1_684' title='bbox 1178 5538 1323 5597; x_wconf 89' lang='lat' dir='ltr'><strong>post,</strong></span> <span class='ocrx_word' id='word_1_685' title='bbox 1361 5529 1640 5585; x_wconf 85' lang='lat' dir='ltr'><strong>Mazarino</strong></span> <span class='ocrx_word' id='word_1_686' title='bbox 1666 5546 1755 5585; x_wconf 55' lang='lat' dir='ltr'><strong>con</strong></span> 
     </span>
    </p>
   </div>
   <div class='ocr_carea' id='block_1_95' title="bbox 153 5595 1752 5667">
    <p class='ocr_par' dir='ltr' id='par_1_95' title="bbox 153 5595 1752 5667">
     <span class='ocr_line' id='line_1_95' title="bbox 153 5595 1752 5667; baseline 0.003 -18"><span class='ocrx_word' id='word_1_687' title='bbox 153 5595 286 5667; x_wconf 73' lang='lat' dir='ltr'><strong>dice</strong></span> <span class='ocrx_word' id='word_1_688' title='bbox 321 5605 378 5650; x_wconf 91' lang='lat' dir='ltr'><strong>et</strong></span> <span class='ocrx_word' id='word_1_689' title='bbox 420 5597 557 5667; x_wconf 14' lang='lat' dir='ltr'><strong>ipso,</strong></span> <span class='ocrx_word' id='word_1_690' title='bbox 579 5598 858 5665; x_wconf 78' lang='grc' dir='ltr'>πεφυκότε</span> <span class='ocrx_word' id='word_1_691' title='bbox 893 5595 1236 5667; x_wconf 69' lang='lat' dir='ltr'><strong>pmferente,</strong></span> <span class='ocrx_word' id='word_1_692' title='bbox 1268 5602 1752 5656; x_wconf 89' lang='lat' dir='ltr'><strong>animadvertimus</strong></span> 
     </span>
    </p>
   </div>
   <div class='ocr_carea' id='block_1_96' title="bbox 154 5665 1753 5742">
    <p class='ocr_par' dir='ltr' id='par_1_96' title="bbox 154 5665 1753 5742">
     <span class='ocr_line' id='line_1_96' title="bbox 154 5665 1753 5742; baseline 0.006 -27"><span class='ocrx_word' id='word_1_693' title='bbox 154 5665 457 5742; x_wconf 51' lang='lat' dir='ltr'><strong>ejusmodi</strong></span> <span class='ocrx_word' id='word_1_694' title='bbox 482 5666 860 5742; x_wconf 48' lang='lat' dir='ltr'><strong>qolougooavﬁ</strong></span> <span class='ocrx_word' id='word_1_695' title='bbox 894 5665 1131 5740; x_wconf 82' lang='lat' dir='ltr'><strong>antiquis</strong></span> <span class='ocrx_word' id='word_1_696' title='bbox 1170 5685 1278 5742; x_wconf 89' lang='lat' dir='ltr'><strong>non</strong></span> <span class='ocrx_word' id='word_1_697' title='bbox 1326 5671 1638 5742; x_wconf 86' lang='lat' dir='ltr'><strong>displicere.</strong></span> <span class='ocrx_word' id='word_1_698' title='bbox 1661 5669 1753 5742; x_wconf 64' lang='lat' dir='ltr'><strong>ita</strong></span> 
     </span>
    </p>
   </div>
   <div class='ocr_carea' id='block_1_97' title="bbox 154 5733 1752 5812">
    <p class='ocr_par' dir='ltr' id='par_1_97' title="bbox 154 5733 1752 5812">
     <span class='ocr_line' id='line_1_97' title="bbox 154 5733 1752 5812; baseline 0.004 -21"><span class='ocrx_word' id='word_1_699' title='bbox 154 5733 394 5794; x_wconf 85' lang='lat' dir='ltr'><strong>Photius</strong></span> <span class='ocrx_word' id='word_1_700' title='bbox 418 5738 603 5809; x_wconf 80' lang='lat' dir='ltr'><strong>primo</strong></span> <span class='ocrx_word' id='word_1_701' title='bbox 632 5733 980 5794; x_wconf 64' lang='lat' dir='ltr'><strong>Bibliotheca:</strong></span> <span class='ocrx_word' id='word_1_702' title='bbox 1011 5733 1123 5796; x_wconf 66' lang='lat' dir='ltr'><strong>sua:</strong></span> <span class='ocrx_word' id='word_1_703' title='bbox 1156 5741 1344 5798; x_wconf 90' lang='lat' dir='ltr'><strong>codice</strong></span> <span class='ocrx_word' id='word_1_704' title='bbox 1372 5733 1563 5799; x_wconf 73' lang='lat' dir='ltr'><strong>scribit</strong></span> <span class='ocrx_word' id='word_1_705' title='bbox 1583 5740 1752 5812; x_wconf 78' lang='grc' dir='ltr'>αὐξη-</span> 
     </span>
    </p>
   </div>
   <div class='ocr_carea' id='block_1_98' title="bbox 1853 4340 3441 4413">
    <p class='ocr_par' dir='ltr' id='par_1_98' title="bbox 1853 4340 3441 4413">
     <span class='ocr_line' id='line_1_98' title="bbox 1853 4340 3441 4413; baseline -0.002 -14"><span class='ocrx_word' id='word_1_706' title='bbox 1853 4345 2205 4400; x_wconf 87' lang='lat' dir='ltr'><strong>tendentibus</strong></span> <span class='ocrx_word' id='word_1_707' title='bbox 2221 4353 2385 4409; x_wconf 90' lang='lat' dir='ltr'><strong>esset,</strong></span> <span class='ocrx_word' id='word_1_708' title='bbox 2406 4342 2663 4413; x_wconf 88' lang='lat' dir='ltr'><strong>splendor</strong></span> <span class='ocrx_word' id='word_1_709' title='bbox 2679 4341 2824 4395; x_wconf 91' lang='lat' dir='ltr'><strong>omni</strong></span> <span class='ocrx_word' id='word_1_710' title='bbox 2841 4347 3035 4396; x_wconf 88' lang='lat' dir='ltr'><strong>ornatu</strong></span> <span class='ocrx_word' id='word_1_711' title='bbox 3050 4340 3441 4396; x_wconf 81' lang='lat' dir='ltr'><strong>eiliorescentis</strong></span> 
     </span>
    </p>
   </div>
   <div class='ocr_carea' id='block_1_99' title="bbox 1861 4431 3440 4502">
    <p class='ocr_par' dir='ltr' id='par_1_99' title="bbox 1861 4431 3440 4502">
     <span class='ocr_line' id='line_1_99' title="bbox 1861 4431 3440 4502; baseline -0.003 -11"><span class='ocrx_word' id='word_1_712' title='bbox 1861 4436 2152 4502; x_wconf 91' lang='lat' dir='ltr'><strong>dictionis;</strong></span> <span class='ocrx_word' id='word_1_713' title='bbox 2187 4437 2263 4490; x_wconf 89' lang='lat' dir='ltr'><strong>ita</strong></span> <span class='ocrx_word' id='word_1_714' title='bbox 2307 4451 2375 4489; x_wconf 84' lang='lat' dir='ltr'><strong>ex</strong></span> <span class='ocrx_word' id='word_1_715' title='bbox 2408 4434 2591 4488; x_wconf 91' lang='lat' dir='ltr'><strong>animo</strong></span> <span class='ocrx_word' id='word_1_716' title='bbox 2642 4448 2706 4488; x_wconf 94' lang='lat' dir='ltr'><strong>ac</strong></span> <span class='ocrx_word' id='word_1_717' title='bbox 2755 4433 2956 4489; x_wconf 87' lang='lat' dir='ltr'><strong>mentis</strong></span> <span class='ocrx_word' id='word_1_718' title='bbox 2984 4448 3150 4502; x_wconf 88' lang='lat' dir='ltr'><strong>penu,</strong></span> <span class='ocrx_word' id='word_1_719' title='bbox 3182 4431 3440 4500; x_wconf 88' lang='lat' dir='ltr'><strong>verisque</strong></span> 
     </span>
    </p>
   </div>
   <div class='ocr_carea' id='block_1_100' title="bbox 1858 4522 3439 4599">
    <p class='ocr_par' dir='ltr' id='par_1_100' title="bbox 1858 4522 3439 4599">
     <span class='ocr_line' id='line_1_100' title="bbox 1858 4522 3439 4599; baseline -0.004 -15"><span class='ocrx_word' id='word_1_720' title='bbox 1858 4528 2190 4599; x_wconf 86' lang='lat' dir='ltr'><strong>imaginibus</strong></span> <span class='ocrx_word' id='word_1_721' title='bbox 2249 4540 2557 4583; x_wconf 85' lang='lat' dir='ltr'><strong>sermonem</strong></span> <span class='ocrx_word' id='word_1_722' title='bbox 2612 4524 3057 4593; x_wconf 82' lang='lat' dir='ltr'><strong>exsequebatur,</strong></span> <span class='ocrx_word' id='word_1_723' title='bbox 3115 4522 3184 4577; x_wconf 90' lang='lat' dir='ltr'><strong>de</strong></span> <span class='ocrx_word' id='word_1_724' title='bbox 3236 4523 3439 4593; x_wconf 92' lang='lat' dir='ltr'><strong>quibus</strong></span> 
     </span>
    </p>
   </div>
   <div class='ocr_carea' id='block_1_101' title="bbox 1859 4616 3438 4687">
    <p class='ocr_par' dir='ltr' id='par_1_101' title="bbox 1859 4616 3438 4687">
     <span class='ocr_line' id='line_1_101' title="bbox 1859 4616 3438 4687; baseline -0.006 -9"><span class='ocrx_word' id='word_1_725' title='bbox 1859 4623 2228 4679; x_wconf 86' lang='lat' dir='ltr'><strong>narrationem</strong></span> <span class='ocrx_word' id='word_1_726' title='bbox 2266 4620 2602 4684; x_wconf 87' lang='lat' dir='ltr'><strong>instituerat,</strong></span> <span class='ocrx_word' id='word_1_727' title='bbox 2624 4632 2749 4674; x_wconf 92' lang='lat' dir='ltr'><strong>cum</strong></span> <span class='ocrx_word' id='word_1_728' title='bbox 2776 4617 2992 4671; x_wconf 89' lang='lat' dir='ltr'><strong>interim</strong></span> <span class='ocrx_word' id='word_1_729' title='bbox 3023 4616 3171 4671; x_wconf 91' lang='lat' dir='ltr'><strong>illius</strong></span> <span class='ocrx_word' id='word_1_730' title='bbox 3216 4632 3438 4687; x_wconf 91' lang='lat' dir='ltr'><strong>quoque</strong></span> 
     </span>
    </p>
   </div>
   <div class='ocr_carea' id='block_1_102' title="bbox 1856 4708 3435 4771">
    <p class='ocr_par' dir='ltr' id='par_1_102' title="bbox 1856 4708 3435 4771">
     <span class='ocr_line' id='line_1_102' title="bbox 1856 4708 3435 4771; baseline -0.006 -1"><span class='ocrx_word' id='word_1_731' title='bbox 1856 4715 2025 4771; x_wconf 78' lang='lat' dir='ltr'><strong>facies</strong></span> <span class='ocrx_word' id='word_1_732' title='bbox 2054 4713 2124 4769; x_wconf 94' lang='lat' dir='ltr'><strong>ob</strong></span> <span class='ocrx_word' id='word_1_733' title='bbox 2155 4711 2541 4768; x_wconf 90' lang='lat' dir='ltr'><strong>verecundiam</strong></span> <span class='ocrx_word' id='word_1_734' title='bbox 2572 4710 2775 4765; x_wconf 89' lang='lat' dir='ltr'><strong>rubore</strong></span> <span class='ocrx_word' id='word_1_735' title='bbox 2816 4708 3260 4765; x_wconf 71' lang='lat' dir='ltr'><strong>suliunderetur:</strong></span> <span class='ocrx_word' id='word_1_736' title='bbox 3319 4714 3435 4761; x_wconf 86' lang='lat' dir='ltr'><strong>tota</strong></span> 
     </span>
    </p>
   </div>
   <div class='ocr_carea' id='block_1_103' title="bbox 1855 4799 3326 4876">
    <p class='ocr_par' dir='ltr' id='par_1_103' title="bbox 1855 4799 3326 4876">
     <span class='ocr_line' id='line_1_103' title="bbox 1855 4799 3326 4876; baseline -0.004 -16"><span class='ocrx_word' id='word_1_737' title='bbox 1855 4821 2090 4876; x_wconf 91' lang='lat' dir='ltr'><strong>namque</strong></span> <span class='ocrx_word' id='word_1_738' title='bbox 2123 4813 2178 4861; x_wconf 92' lang='lat' dir='ltr'><strong>et</strong></span> <span class='ocrx_word' id='word_1_739' title='bbox 2204 4820 2433 4876; x_wconf 86' lang='lat' dir='ltr'><strong>corpore</strong></span> <span class='ocrx_word' id='word_1_740' title='bbox 2448 4811 2502 4859; x_wconf 91' lang='lat' dir='ltr'><strong>et</strong></span> <span class='ocrx_word' id='word_1_741' title='bbox 2529 4803 2711 4857; x_wconf 89' lang='lat' dir='ltr'><strong>animo</strong></span> <span class='ocrx_word' id='word_1_742' title='bbox 2734 4802 2972 4857; x_wconf 90' lang='lat' dir='ltr'><strong>candore</strong></span> <span class='ocrx_word' id='word_1_743' title='bbox 2998 4799 3326 4856; x_wconf 90' lang='lat' dir='ltr'><strong>collucebat.</strong></span> 
     </span>
    </p>
   </div>
   <div class='ocr_carea' id='block_1_104' title="bbox 1928 4894 3440 4965">
    <p class='ocr_par' dir='ltr' id='par_1_104' title="bbox 1928 4894 3440 4965">
     <span class='ocr_line' id='line_1_104' title="bbox 1928 4894 3440 4965; baseline -0.003 -14"><span class='ocrx_word' id='word_1_744' title='bbox 1928 4896 2179 4952; x_wconf 86' lang='lat' dir='ltr'><strong>EUBUL.</strong></span> <span class='ocrx_word' id='word_1_745' title='bbox 2238 4896 2405 4953; x_wconf 82' lang='lat' dir='ltr'><strong>Recte</strong></span> <span class='ocrx_word' id='word_1_746' title='bbox 2442 4897 2558 4951; x_wconf 76' lang='lat' dir='ltr'><strong>haec</strong></span> <span class='ocrx_word' id='word_1_747' title='bbox 2595 4894 2799 4959; x_wconf 78' lang='lat' dir='ltr'><strong>eli‘aris,</strong></span> <span class='ocrx_word' id='word_1_748' title='bbox 2857 4894 3201 4965; x_wconf 89' lang='lat' dir='ltr'><strong>Gregorium,</strong></span> <span class='ocrx_word' id='word_1_749' title='bbox 3260 4904 3440 4962; x_wconf 83' lang='lat' dir='ltr'><strong>neque</strong></span> 
     </span>
    </p>
   </div>
   <div class='ocr_carea' id='block_1_105' title="bbox 1857 4972 3440 5063">
    <p class='ocr_par' dir='ltr' id='par_1_105' title="bbox 1857 4972 3440 5063">
     <span class='ocr_line' id='line_1_105' title="bbox 1857 4972 3440 5063; baseline -0.002 -18"><span class='ocrx_word' id='word_1_750' title='bbox 1857 4991 1947 5046; x_wconf 91' lang='lat' dir='ltr'><strong>hic</strong></span> <span class='ocrx_word' id='word_1_751' title='bbox 1969 4992 2240 5048; x_wconf 87' lang='lat' dir='ltr'><strong>mendacii</strong></span> <span class='ocrx_word' id='word_1_752' title='bbox 2274 4991 2537 5063; x_wconf 88' lang='lat' dir='ltr'><strong>prehendi</strong></span> <span class='ocrx_word' id='word_1_753' title='bbox 2566 4991 2792 5061; x_wconf 89' lang='lat' dir='ltr'><strong>poteris.</strong></span> <span class='ocrx_word' id='word_1_754' title='bbox 2817 4972 2954 5044; x_wconf 73' lang='lat' dir='ltr'><strong>Novi</strong></span> <span class='ocrx_word' id='word_1_755' title='bbox 2985 4988 3128 5044; x_wconf 90' lang='lat' dir='ltr'><strong>enim</strong></span> <span class='ocrx_word' id='word_1_756' title='bbox 3153 4995 3208 5042; x_wconf 92' lang='lat' dir='ltr'><strong>et</strong></span> <span class='ocrx_word' id='word_1_757' title='bbox 3233 5001 3299 5040; x_wconf 82' lang='lat' dir='ltr'><strong>ex</strong></span> <span class='ocrx_word' id='word_1_758' title='bbox 3333 4998 3440 5042; x_wconf 65' lang='lat' dir='ltr'><strong>ca-</strong></span> 
     </span>
    </p>
   </div>
   <div class='ocr_carea' id='block_1_106' title="bbox 1857 5081 3437 5154">
    <p class='ocr_par' dir='ltr' id='par_1_106' title="bbox 1857 5081 3437 5154">
     <span class='ocr_line' id='line_1_106' title="bbox 1857 5081 3437 5154; baseline -0.001 -19"><span class='ocrx_word' id='word_1_759' title='bbox 1857 5083 1992 5139; x_wconf 88' lang='lat' dir='ltr'><strong>teris</strong></span> <span class='ocrx_word' id='word_1_760' title='bbox 2014 5083 2251 5139; x_wconf 91' lang='lat' dir='ltr'><strong>heroicis</strong></span> <span class='ocrx_word' id='word_1_761' title='bbox 2281 5086 2418 5139; x_wconf 87' lang='lat' dir='ltr'><strong>actis</strong></span> <span class='ocrx_word' id='word_1_762' title='bbox 2458 5082 2607 5138; x_wconf 91' lang='lat' dir='ltr'><strong>illius</strong></span> <span class='ocrx_word' id='word_1_763' title='bbox 2651 5081 2976 5154; x_wconf 86' lang='lat' dir='ltr'><strong>sapientiam</strong></span> <span class='ocrx_word' id='word_1_764' title='bbox 2998 5120 3012 5145; x_wconf 95' lang='lat'><strong>,</strong></span> <span class='ocrx_word' id='word_1_765' title='bbox 3043 5087 3099 5135; x_wconf 86' lang='lat' dir='ltr'><strong>et</strong></span> <span class='ocrx_word' id='word_1_766' title='bbox 3150 5094 3271 5150; x_wconf 72' lang='lat' dir='ltr'><strong>qua:</strong></span> <span class='ocrx_word' id='word_1_767' title='bbox 3299 5093 3437 5149; x_wconf 92' lang='lat' dir='ltr'><strong>qua-</strong></span> 
     </span>
    </p>
   </div>
   <div class='ocr_carea' id='block_1_107' title="bbox 1857 5390 3437 5465">
    <p class='ocr_par' dir='ltr' id='par_1_107' title="bbox 1857 5390 3437 5465">
     <span class='ocr_line' id='line_1_107' title="bbox 1857 5390 3437 5465; baseline -0.001 -18"><span class='ocrx_word' id='word_1_768' title='bbox 1857 5394 2061 5448; x_wconf 83' lang='grc' dir='ltr'>Θέντων</span> <span class='ocrx_word' id='word_1_769' title='bbox 2095 5395 2462 5465; x_wconf 86' lang='grc' dir='ltr'>παραδόσεων.</span> <span class='ocrx_word' id='word_1_770' title='bbox 2498 5397 2670 5463; x_wconf 85' lang='lat' dir='ltr'><strong>Quem</strong></span> <span class='ocrx_word' id='word_1_771' title='bbox 2706 5394 2763 5449; x_wconf 92' lang='lat' dir='ltr'><strong>in</strong></span> <span class='ocrx_word' id='word_1_772' title='bbox 2795 5394 2975 5448; x_wconf 93' lang='lat' dir='ltr'><strong>locum</strong></span> <span class='ocrx_word' id='word_1_773' title='bbox 3008 5391 3352 5448; x_wconf 74' lang='lat' dir='ltr'><strong>Hceschelius</strong></span> <span class='ocrx_word' id='word_1_774' title='bbox 3380 5390 3437 5465; x_wconf 77' lang='lat' dir='ltr'><strong>in</strong></span> 
     </span>
    </p>
   </div>
   <div class='ocr_carea' id='block_1_108' title="bbox 1854 5462 3435 5539">
    <p class='ocr_par' dir='ltr' id='par_1_108' title="bbox 1854 5462 3435 5539">
     <span class='ocr_line' id='line_1_108' title="bbox 1854 5462 3435 5539; baseline -0.003 -20"><span class='ocrx_word' id='word_1_775' title='bbox 1854 5462 2403 5539; x_wconf 55' lang='lat' dir='ltr'><strong>not_i_s_sui_s&#39;si_milia</strong></span> <span class='ocrx_word' id='word_1_776' title='bbox 2448 5462 2803 5539; x_wconf 84' lang='lat' dir='ltr'><strong>probatorum</strong></span> <span class='ocrx_word' id='word_1_777' title='bbox 2849 5475 3136 5539; x_wconf 80' lang='lat' dir='ltr'><strong>auctorum</strong></span> <span class='ocrx_word' id='word_1_778' title='bbox 3187 5462 3435 5531; x_wconf 84' lang='lat' dir='ltr'><strong>exempla</strong></span> 
     </span>
    </p>
   </div>
   <div class='ocr_carea' id='block_1_109' title="bbox 1856 5534 3436 5607">
    <p class='ocr_par' dir='ltr' id='par_1_109' title="bbox 1856 5534 3436 5607">
     <span class='ocr_line' id='line_1_109' title="bbox 1856 5534 3436 5607; baseline -0.001 -18"><span class='ocrx_word' id='word_1_779' title='bbox 1856 5534 2085 5607; x_wconf 83' lang='lat' dir='ltr'><strong>colligit.</strong></span> <span class='ocrx_word' id='word_1_780' title='bbox 2125 5535 2294 5590; x_wconf 90' lang='lat' dir='ltr'><strong>Paulo</strong></span> <span class='ocrx_word' id='word_1_781' title='bbox 2342 5534 2467 5607; x_wconf 72' lang='lat' dir='ltr'><strong>posi</strong></span> <span class='ocrx_word' id='word_1_782' title='bbox 2506 5538 2615 5591; x_wconf 86' lang='grc' dir='ltr'>δεῖν</span> <span class='ocrx_word' id='word_1_783' title='bbox 2660 5535 2899 5606; x_wconf 89' lang='lat' dir='ltr'><strong>positum</strong></span> <span class='ocrx_word' id='word_1_784' title='bbox 2926 5550 3027 5605; x_wconf 89' lang='lat' dir='ltr'><strong>pro</strong></span> <span class='ocrx_word' id='word_1_785' title='bbox 3053 5534 3153 5599; x_wconf 89' lang='grc' dir='ltr'>δεῖ,</span> <span class='ocrx_word' id='word_1_786' title='bbox 3199 5541 3258 5607; x_wconf 63' lang='lat' dir='ltr'><strong>ut</strong></span> <span class='ocrx_word' id='word_1_787' title='bbox 3294 5546 3436 5607; x_wconf 48' lang='lat' dir='ltr'><strong>saepe</strong></span> 
     </span>
    </p>
   </div>
   <div class='ocr_carea' id='block_1_110' title="bbox 1855 5600 3434 5679">
    <p class='ocr_par' dir='ltr' id='par_1_110' title="bbox 1855 5600 3434 5679">
     <span class='ocr_line' id='line_1_110' title="bbox 1855 5600 3434 5679; baseline -0.003 -21"><span class='ocrx_word' id='word_1_788' title='bbox 1855 5600 2076 5663; x_wconf 63' lang='lat' dir='ltr'><strong>alias&#39;in</strong></span> <span class='ocrx_word' id='word_1_789' title='bbox 2107 5607 2212 5664; x_wconf 91' lang='lat' dir='ltr'><strong>hoc</strong></span> <span class='ocrx_word' id='word_1_790' title='bbox 2248 5600 2411 5679; x_wconf 70' lang='lat' dir='ltr'><strong>opere</strong></span> <span class='ocrx_word' id='word_1_791' title='bbox 2444 5600 2745 5665; x_wconf 76' lang='lat' dir='ltr'><strong>inﬁnitivus</strong></span> <span class='ocrx_word' id='word_1_792' title='bbox 2768 5621 2867 5676; x_wconf 91' lang='lat' dir='ltr'><strong>pro</strong></span> <span class='ocrx_word' id='word_1_793' title='bbox 2894 5600 3169 5676; x_wconf 69' lang='lat' dir='ltr'><strong>praesenti.</strong></span> <span class='ocrx_word' id='word_1_794' title='bbox 3201 5602 3301 5656; x_wconf 82' lang='lat' dir='ltr'><strong>En.</strong></span> <span class='ocrx_word' id='word_1_795' title='bbox 3329 5600 3434 5656; x_wconf 76' lang='lat' dir='ltr'><strong>Lu-</strong></span> 
     </span>
    </p>
   </div>
   <div class='ocr_carea' id='block_1_111' title="bbox 1856 5691 1978 5732">
    <p class='ocr_par' dir='ltr' id='par_1_111' title="bbox 1856 5691 1978 5732">
     <span class='ocr_line' id='line_1_111' title="bbox 1856 5691 1978 5732; baseline 0.008 -1"><span class='ocrx_word' id='word_1_796' title='bbox 1856 5691 1978 5732; x_wconf 77' lang='lat' dir='ltr'><strong>PAR.</strong></span> 
     </span>
    </p>
   </div>
  </div>
