3864 6162
430 298 531 358 1Ἱὸ

1422 302 1478 355 S.
1522 300 1856 358 METHODII
1898 299 2207 358 EPISCOPI
2248 300 2335 356 ET
2378 302 2739 360 MABTYRIS

3579 313 3685 369 176

423 426 603 496 linque
631 423 780 477 illam
805 436 1063 494 perorare
1093 420 1404 490 contigerit,
1436 419 1757 476 excellentis
1787 434 2000 488 semper

2112 412 2194 474 οἷα
2245 418 2629 491 κατώρθωσεν,
2675 423 3117 496 ὑπερϐαλλούσης
3167 426 3387 516 ἀγάπης
3427 429 3687 497 ἐπίδειξιν

425 522 481 575 in
530 518 810 573 Christum
859 516 1145 571 charitatis
1194 519 1522 569 documenta
1565 513 2001 569 luculentissima

421 609 640 667 cdenti:
668 616 839 678 utque
861 607 1030 663 decus
1054 621 1161 660 una
1192 605 1510 675 multiplicis
1535 604 1780 676 martyrii
1802 604 2002 673 smpius

422 699 638 754 iteratis
670 699 972 769 ingentium
1012 695 1371 751 certaminum
1400 694 1569 749 claris
1604 693 1851 749 victoriis
1881 692 2003 764 glo-

421 792 571 848 riose
591 791 801 855 tulerit,
829 791 885 845 in
907 789 1106 860 quibus
1132 796 1187 843 et
1213 786 1635 858 magnanimitas
1653 785 2003 857 aggrediendi

422 893 478 941 et
508 885 671 940 ardor
698 899 813 939 rem
852 882 1096 954 gerendi,
1135 880 1288 952 paria
1331 879 1576 942 fuerunt,
1608 878 2002 949 magnitudini-

422 996 530 1050 que
557 977 912 1034 consiliorum
942 984 999 1029 et
1030 975 1248 1038 mentis,
1268 990 1332 1029 ex
1360 988 1516 1044 aequo
1539 988 1754 1043 semper
1782 986 2004 1042 respon-

422 1071 504 1126 dit
536 1070 765 1126 ﬁrmitas
794 1069 1073 1138 roburque
1110 1068 1378 1147 corporis.

493 1161 701 1218 GREG.
739 1161 1038 1217 Verissime
1072 1172 1125 1214 et
1155 1170 1210 1214 tu
1245 1174 1468 1224 narras;
1523 1158 1621 1214 sed
1664 1172 1733 1213 ne
1784 1156 1871 1211 bis
1901 1156 2005 1209 im-

422 1272 720 1315 moremur.
754 1255 889 1310 Nam
919 1256 987 1312 de
1012 1255 1210 1309 talibus
1258 1260 1313 1307 et
1352 1252 1487 1307 alias
1516 1267 1678 1322 saepe,
1710 1265 1837 1306 cum
1870 1250 2003 1305 lice~

418 1350 523 1415 bit,
556 1365 717 1422 agere
766 1350 911 1404 inter
942 1363 1042 1402 nos
1069 1346 1389 1417 poterimus.
1435 1344 1594 1399 Nunc
1637 1352 1764 1398 ante
1819 1341 2005 1397 omnia

419 1442 651 1499 reddere
688 1458 777 1497 me
828 1441 926 1495 tibi
969 1440 1146 1504 decet,
1183 1454 1321 1508 quos
1362 1437 1622 1508 promisi.
1668 1435 2003 1505 reliquarum

420 1551 640 1608 quoque
676 1536 947 1605 virginum
995 1548 1296 1599 sermones,
1340 1531 1600 1586 nimirum
1632 1527 1884 1600 Tysianae
1900 1526 2006 1582 Do-

421 1630 770 1700 mninaeque:
809 1628 891 1681 ba:
920 1626 1188 1697 siquidem
1221 1632 1431 1680 restant
1464 1624 1612 1680 solas.
1641 1620 1711 1676 Ut
1746 1621 1912 1691 igitur
1941 1618 2005 1673 ﬁ»

421 1740 547 1780 nem
570 1720 787 1777 dicendi
813 1719 1013 1773 Thecla
1038 1718 1186 1781 fecit,
1215 1718 1281 1771 iis
1310 1726 1417 1771 tam
1457 1715 1644 1770 multis
1674 1729 1792 1785 quae
1814 1728 1995 1767 recen-

2106 514 2402 586 ποιουμένη
2456 515 2710 586 Χριστῷο
2766 516 2861 568 καὶ
2931 516 3008 581 ὡς
3060 514 3366 592 διαπρεπὴς
3427 522 3688 588 πολλάκις

2104 605 2277 676 ἐφάνη
2307 610 2419 672 τοῖς
2459 609 2717 678 μεγάλοις
2752 611 2846 664 καὶ
2879 610 3115 684 πρώτοις
3147 611 3328 677 ἄθλοις
3366 614 3684 681 ὑπαντῶσα,

2102 696 2211 751 τῶν
2253 701 2547 772 μαρτύρων
2588 701 2709 773 ἴσην
2754 705 2821 774 τῇ
2868 702 3145 775 προθυμίᾳ
3178 703 3275 777 τὴν
3311 705 3547 779 σπουδὴν
3594 724 3688 762 κε-

2104 788 2371 860 κτημένη,
2400 791 2495 843 καὶ
2525 793 2590 862 τῇ
2634 792 2785 864 ἀκμῇ
2811 791 2921 845 τῶν
2956 793 3337 867 βουλευμάτων
3360 796 3461 870 τὴν
3492 794 3687 872 ῥώμην

2104 900 2199 937 του
2230 900 2501 954 σωματος.

2175 1171 2353 1224 ΓΡΗΓ
2356 1171 2463 1224 ΟΡ.
2511 1169 2875 1243 Ἀληθέστατα
2910 1173 3004 1226 καλ⁵
3034 1172 3099 1225 σὺ
3131 1170 3235 1243 φῄς
3255 1188 3270 1201 ⁶
3292 1169 3430 1225 ἀλλά
3460 1168 3535 1243 μὴ
3564 1169 3685 1225 δια-

2104 1262 2400 1334 τρίϐωμεν.
2443 1262 2661 1317 Τούτων
2701 1262 2810 1334 γὰρ
2853 1263 2980 1335 πέρι
3025 1264 3117 1317 καὶ
3162 1263 3270 1318 τῶν
3318 1259 3473 1327 αὖθις
3530 1263 3686 1319 ἔσται

2106 1353 2365 1418 πολλάκις
2395 1356 2541 1426 ἡμᾶς
2570 1355 2932 1420 διαλέξασθαι.
2966 1354 3081 1410 Νῦν
3113 1356 3170 1410 δὲ
3203 1354 3419 1428 πρῶτον
3448 1357 3542 1410 καὶ
3573 1354 3688 1412 τῶν

2106 1446 2234 1518 ἑξῆς
2274 1447 2557 1516 παρθένων
2597 1446 2910 1516 ἐξαγγεῖλαι
2953 1465 3021 1519 με
3051 1448 3134 1501 δεῖ
3171 1464 3253 1501 σοι
3293 1449 3418 1512 τοὺς
3466 1447 3684 1517 λόγους,

2107 1538 2291 1604 καθὼς
2324 1540 2598 1611 ὑπέστην·
2637 1538 2835 1610 μᾶλλον
2866 1539 2924 1593 δὲ
2957 1539 3229 1609 Τυσιανῆς
3264 1539 3360 1592 καὶ
3384 1537 3682 1612 Δομνίνηςο

2106 1624 2265 1687 αὗται
2312 1633 2421 1705 γὰρ
2460 1633 2539 1687 ἔτι
2594 1632 3020 1703 περιλείπονται.
3075 1634 3161 1698 Ὡς
3194 1629 3288 1687 οὖν
3328 1631 3688 1688 ἀπεπαύσατο

2106 1728 2203 1782 καὶ
2246 1728 2279 1798 ή
2312 1726 2489 1781 Θέκλα
2531 1727 2769 1781 τοσαῦτα
2806 1725 3063 1792 εἰποῦσα,
3100 1726 3204 1798 ἔφη
3240 1725 3542 1797 προστάξαι
3586 1725 3687 1800 τὴν

422 1815 508 1873 sui
542 1813 832 1884 peroratis,
877 1809 1145 1866 referebat
1174 1808 1483 1878 Theopatra
1536 1808 1835 1878 imperasse
1865 1804 1999 1861 Are-

2119 1795 2343 1890 Ἀρετὴν
2382 1819 2416 1889 ἡ
2464 1816 2751 1889 Θεοπάτρα
2798 1819 2864 1888 τῇ
2899 1795 3152 1888 Τυσιανῇ⁷
3190 1795 3409 1885 λέγειν·
3458 1817 3558 1888 τὴν

422 1917 514 1964 ten
557 1906 829 1980 Tysianm,
862 1912 920 1960 ut
956 1905 1135 1959 locum
1192 1901 1385 1958 orandi
1426 1909 1678 1973 caperet;
1709 1900 1845 1955 bant
1878 1911 2008 1954 vero

422 1999 597 2055 levius
623 1995 996 2054 subridentem
1023 2003 1149 2049 ante
1172 1994 1347 2066 ipsam
1378 2006 1749 2065 progressam,
1792 1991 1847 2045 in
1889 1990 2005 2045 haec

419 2091 586 2147 verba
615 2088 839 2145 dixisse.

859 2257 1321 2352 ORATIO
1406 2261 1572 2348 [Χ.

1048 2386 1375 2444 TYSIANA.

2108 1908 2484 1983 μειδιάσασαν,
2518 1907 2827 1982 ἔμπροσθεν
2853 1908 3023 1981 αὐτῆς
3049 1908 3361 1982 παρελθεῖν,
3381 1910 3477 1964 καὶ
3496 1909 3685 1980 φάναι.

2618 2261 2986 2349 ΛΟΓΟΣ
3043 2262 3154 2353 Θ.

2737 2388 3064 2445 ΤΥΣΙΔΝΗ.

418 2487 550 2545 CAP.
582 2482 625 2540 l.
658 2481 918 2554 castitas,
951 2480 1064 2554 veri
1095 2478 1431 2554 tabernaculi
1460 2488 1681 2554 ornatus
1708 2476 2154 2554 prlec_ipuus._Ad
2193 2478 2658 2533 tabernaculorum
2692 2478 2887 2554 festum
2917 2479 3308 2544 celebrandum,
3349 2491 3545 2554 septem
3572 2482 3690 2554 dies

494 2555 679 2612 indicti
712 2552 941 2625 Juda'is,
977 2548 1105 2625 quid
1134 2551 1456 2625 signiﬁcent.
1500 2547 1797 2625 septenarii
1837 2548 1996 2625 hujus
2034 2550 2234 2602 incerta
2274 2564 2485 2603 summa
2512 2566 2531 2605 .'
2561 2566 2653 2604 nec
2691 2547 2790 2605 ulli
2823 2552 3005 2623 liquet,
3031 2554 3244 2625 quando
3276 2547 3462 2624 futura
3499 2553 3689 2611 mundi

489 2626 876 2683 consummatio
899 2618 1000 2678 sit;
1024 2618 1211 2675 Mundi
1241 2618 1447 2690 fabrica
1474 2621 1763 2674 etiamnum
1787 2618 2096 2689 completur.

487 2722 535 2777 Ο
584 2719 787 2783 Areto,
822 2717 1219 2772 amabilissima
1271 2715 1605 2787 virginitatis
1654 2714 1996 2769 amatoribus

417 2812 691 2886 gloriatio,
727 2824 829 2880 ego
857 2823 1075 2880 quoque
1114 2806 1376 2861 auxilium
1404 2814 1557 2860 tuum
1600 2806 1656 2860 in
1690 2821 1801 2877 rem
1832 2819 1997 2875 quam

414 2906 597 2976 jubes,
632 2903 897 2972 imploro:
929 2916 999 2953 ne
1029 2898 1161 2952 mihi
1183 2897 1329 2968 quod
1350 2896 1526 2951 dicam
1547 2897 1709 2960 desit,
1730 2897 1999 2952 exhausto

2174 2709 2245 2768 Ὧ
2302 2716 2518 2788 Ἀρετὴ,
2562 2717 2862 2790 παρθενίας
2909 2719 3168 2792 ἐρασταῖς
3206 2720 3510 2794 ἐπέραστον
3551 2721 3689 2776 καύ-

2104 2825 2257 2880 χημα
2299 2810 2429 2883 (55),
2462 2810 2618 2881 κάγὼ
2652 2812 3183 2885 συναντιληψομένην
3215 2832 3305 2886 μοι
3336 2815 3687 2888 παραστῆναί

2108 2918 2163 2954 σε
2209 2903 2533 2972 παρακαλῶ,
2578 2906 2773 2979 μήπως
2802 2906 3067 2978 ἀπορήσω
3110 2906 3307 2977 λόγων,
3337 2907 3434 2962 ἅτε
3477 2907 3690 2962 πολλῶν

416 3006 499 3053 tot
526 3005 749 3066 tamque
793 2992 1033 3065 copiosis
1075 2991 1307 3045 aliorum
1348 2992 1692 3047 orationibus
1739 2992 2000 3061 subjectae

2112 2995 2208 3068 ἤδη
2266 2998 2359 3050 καὶ⁵
2414 2998 2770 3052 παντοδαπῶν
2823 2999 3148 3071 εἰρημένων.
3200 2999 3293 3053 Διὸ
3338 3000 3433 3055 καὶ
3481 3018 3687 3074 παραι-

415 3088 754 3145 laudationis
789 3095 1134 3158 argumento.
1172 3083 1354 3149 Quare
1382 3084 1438 3138 in
1469 3084 1752 3154 prommiis
1793 3097 2002 3138 sermo-

419 3185 612 3254 nisque
650 3180 1118 3238 insinuationibus
1158 3190 1368 3248 tempus
1395 3176 1646 3247 equidem
1672 3191 2003 3247 operamque

415 3292 527 3333 non
548 3275 794 3347 perdam,
820 3289 888 3328 ne
914 3272 1041 3327 dum
1064 3271 1397 3341 exornandis
1415 3284 1536 3339 qua:
1565 3269 1672 3325 illis
1697 3275 2003 3339 congruant

416 3381 625 3424 moram
658 3372 901 3427 traxero,
932 3361 1075 3433 quod
1109 3362 1443 3431 praecipuum
1469 3365 1552 3414 est
1597 3357 1869 3425 elabatur,
1904 3372 2001 3411 ac-

417 3459 664 3515 cessoria
696 3470 1101 3527 supervacanee
1131 3453 1397 3523 captanti,
1429 3452 1565 3507 adeo
1596 3451 1855 3506 nimirum
1885 3450 2000 3521 glo-

416 3553 587 3617 riosa,
609 3551 977 3623 praeclaraque
1000 3564 1065 3602 ac
1094 3546 1382 3618 magniﬁca
1414 3561 1504 3600 res
1532 3551 1616 3601 est
1641 3543 1951 3623 uirginitas.

488 3644 655 3707 Deus,
692 3658 815 3697 cum
840 3640 1181 3696 celebrandae
1209 3654 1351 3693 vera:
1383 3614 2005 3695 festivitatisTaberna-

417 3736 666 3791 culorum
696 3735 841 3791 veris
865 3732 1128 3789 lsraelitis
1155 3732 1459 3803 legitimum
1482 3733 1649 3787 ritum
1681 3731 1736 3786 in
1757 3730 2002 3786 Levitico

415 3827 820 3898 praescriberet.
863 3841 973 3896 prae
1017 3826 1245 3895 reliquis
1277 3825 1655 3882 exornandam
1696 3826 1894 3895 cuique
1920 3831 2003 3877 ta-

419 3919 772 3974 bernaculum
829 3933 988 3974 suum
1030 3920 1282 3973 castitate
1322 3919 1517 3972 sancit.
1568 3918 1852 3987 Apponam
1883 3917 2001 3988 ipsa

419 4010 719 4083 Scriptura:
739 4011 925 4077 verba,
961 4027 1025 4066 ex
1050 4010 1251 4081 quibus
1276 4012 1397 4067 sine
1420 4012 1529 4065 ulla
1550 4011 1891 4067 dubitatione
1914 4012 2004 4067 de-

415 4104 815 4160 monstrabitur
862 4118 1025 4174 quam
1070 4102 1181 4157 Deo
1235 4104 1567 4160 conveniens
1619 4104 1807 4175 illique
1845 4119 2003 4159 acce—

416 4204 570 4269 plum
622 4198 693 4254 sit
730 4197 831 4252 hoc
874 4194 1208 4267 virginitatis
1261 4212 1482 4252 munus.
1544 4197 1741 4264 Quinto
1798 4198 2000 4251 decimo

415 4292 501 4348 die
527 4293 717 4348 mensis
730 4294 963 4362 septimi,
986 4294 1199 4364 quando
1222 4292 1715 4347 cansummaveritis
1731 4292 2000 4362 genimina

2104 3090 2196 3143 τοῦ
2206 3108 2303 3162 μαι
2330 3090 2398 3145 τὰ
2422 3089 2756 3164 πρωιμιιῦδη
2787 3090 2957 3145 ταῦτα
2986 3092 3080 3146 καὶ
3101 3096 3691 3165 προκατασκευαστικά

2103 3178 2213 3234 τῶν
2244 3181 2438 3250 λόγων,
2472 3184 2559 3236 ἵνα
2589 3182 2685 3255 μὴ,
2730 3182 3053 3254 χρονίζουσα
3089 3186 3436 3256 προσήκοντα
3478 3185 3688 3250 τούτοις

2104 3272 2488 3344 ἐφαρμόττειν,
2510 3274 2685 3327 αὐτῶν
2706 3272 2926 3327 ὲκπὲσω
2950 3273 3056 3326 τῶν
3083 3274 3458 3348 προκειμένων
3478 3292 3490 3305 ·
3515 3274 3689 3342 οὕτως

2103 3363 2310 3430 ἔνδοξόν
2342 3366 2488 3417 ἐστιν
2516 3366 2549 3436 ή
2584 3364 2851 3437 παρθενία
2880 3364 2976 3419 καὶ
3008 3365 3187 3438 τίμιον
3222 3366 3314 3421 καὶ
3347 3366 3691 3439 μεγαλοπρε-

2105 3453 2225 3517 πές.
2498 3480 2505 3487 ·

2186 3636 2245 3688 '0
2294 3634 2426 3699 Θεὸς
2468 3636 2567 3708 τὴν
2617 3636 2811 3708 ἑορτὴν
2857 3636 2956 3708 τῆς
3002 3636 3388 3708 Σκηνοπηγίας
3420 3635 3694 3691 διδάσκων

2102 3729 2201 3800 τῆς
2237 3728 2499 3800 ἀληθινῆς
2528 3729 2653 3794 τοὺς
2689 3728 2977 3801 ἀληθινοὺς
3020 3730 3380 3802 Ἰσραηλίτας,
3422 3730 3540 3796 πῶς
3570 3731 3693 3802 ἑορ-

2102 3822 2287 3887 τάζειν
2335 3825 2417 3877 δεῖ
2459 3825 2551 3878 καὶ¹
2590 3825 2776 3896 τιμᾷν,
2810 3825 2868 3879 ὲν
2911 3823 2989 3895 τῷ
3033 3824 3320 3891 Λευῖτικῷ
3369 3825 3668 3897 παρίστησι

2106 3918 2307 3990 μᾶλλον
2343 3918 2450 3972 τῶν
2482 3917 2656 3972 ἄλλων
2704 3918 2897 3991 ἁγνείᾳ
2944 3920 3169 3989 φάσκων
3198 3919 3308 3973 δεῖν
3342 3917 3443 3991 τὴν
3487 3920 3685 3973 ὲαυτοι

2104 4011 2309 4082 σκηνὴν
2354 4010 2584 4064 ἕκαστον
2635 4012 2881 4081 κοσμεῖν.
2927 4009 3326 4082 Παραθήσομαι
3377 4008 3435 4063 δὲ
3484 4009 3580 4063 καὶ
3619 4008 3694 4065 τὰ

2101 4103 2210 4157 ἀπὸ
2230 4104 2330 4175 τῆς
2360 4103 2603 4175 Γραφῆς,
2647 4101 2739 4172 ἀφ’
2768 4097 2843 4159 ὧν
2879 4101 3378 4174 ἀναμφισϐητήτως
3406 4101 3694 4173 δειχθήσε-

2101 4214 2191 4251 ται
2232 4197 2416 4264 πᾶσιν,
2439 4197 2562 4250 ὅσον
2582 4195 2676 4249 καὶ
2708 4194 2828 4266 Θεῷ
2859 4194 3166 4268 πρόσφορ6ν
3192 4198 3307 4248 ἐστι
3336 4195 3430 4249 καὶ
3456 4211 3694 4267 προσφι-

2102 4288 2191 4355 λὲς
2218 4290 2282 4343 τὸ
2310 4288 2646 4362 κατόρθωμα
2669 4286 2828 4342 τοῦτο
2856 4288 2958 4359 τῆς
3002 4286 3245 4357 ἁγνείας.
3284 4287 3399 4341 Καὶ
3434 4285 3510 4357 τῇ
3544 4303 3692 4341 πεν-

416 4397 595 4451 terraz,
646 4384 837 4455 festum
878 4385 1210 4440 celebrabitis
1264 4384 1495 4438 Domino
1535 4394 1731 4454 septem
1763 4383 1947 4438 diebus
1980 4401 1998 4439 :

2112 4380 2492 4450 τεκαιδεκάτῃ
2522 4380 2714 4451 ἡμέρᾳ
2745 4379 2851 4434 τοῦ
2872 4381 3066 4451 μηνὸς
3101 4380 3211 4436 τοῦ
3236 4380 3511 4452 ἑϐδόμου,
3542 4379 3694 4435 ὅταν

414 4488 462 4532 ει
487 4476 571 4531 die
597 4485 779 4532 octavo
803 4477 903 4531 erit
933 4480 1154 4549 requies.
1193 4476 1259 4531 Et
1289 4478 1506 4532 sumetis
1539 4477 1623 4530 die
1648 4477 1820 4545 primo
1880 4478 1999 4548 fru-

2102 4473 2518 4543 συντελέσητε
2554 4472 2628 4528 τὰ
2659 4470 3003 4544 γεννήματα
3035 4470 3144 4540 τῆς
3189 4469 3322 4542 τῆς,
3372 4470 3694 4541 ἐορτὰσετε

422 4577 564 4621 ctum
578 4565 705 4639 ligni
724 4571 1036 4637 speciosum,
1053 4581 1102 4626 et
1126 4569 1367 4640 spatulas
1391 4570 1715 4640 palmarum,
1745 4579 1794 4623 et
1817 4586 1995 4623 ramos

2112 4567 2298 4635 Κυρίῳ
2326 4567 2479 4622 ἐπτά
2498 4565 2722 4638 ἡμέρας
2739 4584 2753 4597 ο
2788 4565 2889 4620 καὶ
2909 4563 2987 4634 τῇ
3014 4564 3206 4635 ἡμέρᾳ
3232 4562 3308 4633 τῇ
3334 4562 3516 4633 ὀγδόῃ
3545 4563 3693 4619 ἀνά-

415 4659 544 4743 Ιψιιί
567 4658 782 4725 densos,
811 4669 859 4714 et
883 4661 1096 4725 salices,
1128 4672 1178 4715 et
1200 4678 1379 4716 ramos
1408 4662 1534 4732 agni
1556 4661 1620 4716 de
1654 4672 1906 4725 torrente,
1928 4661 1997 4714 ad

2112 4677 2327 4729 παυσις
2385 4662 2576 4717 ἔσται.
2636 4660 2747 4716 Kal
2793 4659 3071 4730 λήψεσθε
3119 4657 3195 4727 τῇ
3251 4656 3453 4727 πρώτῃ
3499 4657 3694 4728 ἡμέρᾳ

416 4749 707 4805 lwtandum
738 4767 918 4806 coram
957 4753 1180 4807 Domino
1211 4752 1320 4806 Deo
1348 4766 1519 4807 vestro
1569 4763 1762 4821 septem
1811 4753 1993 4806 diebus

2112 4753 2336 4823 καρπόν
2370 4754 2561 4820 ξύλου
2588 4752 2824 4823 ὡραῖον,
2863 4750 2964 4806 καὶ
2994 4750 3344 4819 κάλλυντρα
3376 4751 3690 4819 φοινίκων,

415 4845 589 4897 anni':
624 4843 918 4914 legitimum
950 4846 1326 4915 sempiternum
1356 4845 1422 4916 .in
1456 4847 1726 4916 progenies
1770 4855 1993 4900 vestras.

2112 4849 2198 4903 καὶ
2229 4847 2494 4915 κλάδους
2530 4847 2722 4914 ξύλου
2762 4845 2993 4913 δασεῖς,
3034 4844 3134 4899 καὶ
3158 4843 3338 4911 ἰτέας,
3365 4843 3464 4898 καὶ
3502 4843 3693 4914 ἄγνου

414 4933 593 4990 Mense
621 4937 841 5005 septimo
871 4937 1203 4993 celebrabitis
1233 4938 1619 4992 solemnitatem
1650 4939 1831 4993 istam.
1865 4937 1997 5007 Sep-

2112 4939 2367 5007 ιιλιίδους
2395 4940 2465 4993 ἐκ
2503 4938 2849 5009 χειμάρρου,
2886 4936 3297 5008 εὐφρανθῆναι
3333 4937 3537 4991 ἔναντι
3571 4940 3691 4991 Κυ-

413 5036 515 5080 tem
536 5025 720 5081 diebus
751 5028 805 5081 in
835 5031 1193 5084 tabernaculis
1242 5027 1579 5082 habitabilis.
1613 5027 1806 5084 Omnis
1854 5028 1996 5083 indi-

2112 5032 2232 5086 σίου
2259 5032 2366 5087 τοῦ
2404 5031 2552 5087 Θεοῦ
2586 5030 2755 5102 ὑμῶν
2785 5030 2937 5085 ἑπτὰ
2975 5028 3202 5100 ἡμέρας
3232 5028 3340 5083 τοῦ
3368 5025 3654 5081 ἐνιαυτοῦ
3674 5044 3706 5118 ’γ

410 5136 543 5191 gena
580 5121 637 5175 in
667 5120 843 5176 Israel
892 5122 1157 5177 habitabit
1197 5123 1253 5176 in
1283 5121 1641 5177 tabernaculis
1673 5137 1691 5176 :
1723 5131 1781 5175 ut
1825 5123 1996 5176 sciant

2112 5125 2354 5193 νόμιμον
2379 5124 2622 5179 αἰώνιον
2644 5126 2732 5192 εὶς
2755 5123 2862 5192 τὰς
2881 5124 3089 5195 γενεὰς
3113 5121 3301 5193 ὑμῶν.
3333 5122 3431 5174 Ἐν
3445 5118 3527 5185 τῷ
3540 5118 3691 5189 μηνὶ

409 5216 679 5285 progenies
704 5225 910 5281 eestrte,
942 5215 1080 5287 quod
1113 5216 1168 5269 in
1199 5214 1556 5269 tabernaculis
1598 5212 1839 5268 habitare
1862 5214 1998 5284 fece-

2112 5214 2182 5281 τῷ
2210 5215 2439 5287 ἑϐδόμῳ
2465 5217 2784 5287 ἐορτὰσετε
2825 5217 3041 5286 αὑτήν.
3073 5217 3177 5271 Ἐν
3194 5211 3455 5283 σκηναῖς
3490 5196 3701 5266 uarat;

412 5309 513 5361 rint
537 5311 678 5378 filios
703 5306 897 5373 Israel,
922 5325 1041 5363 cum
1063 5309 1335 5363 educerem
1369 5325 1456 5363 eos
1482 5306 1547 5363 de
1570 5316 1713 5361 terra
1749 5306 1994 5380 .Egypti.

2112 5307 2326 5376 κήσετε
2354 5310 2507 5365 ἑπτὰ
2538 5312 2783 5382 ἡμέρας.
2813 5308 2941 5377 Πᾶς
2979 5310 3291 5379 αὐτόχθων
3326 5307 3398 5362 ἐν
3439 5303 3695 5374 Ἰσραὴλ

413 5396 526 5470 Ego
551 5398 812 5454 Dominus
850 5400 993 5455 Deus
1018 5411 1184 5454 vester
1216 5401 1282 5453 ⁵⁵.

2112 5402 2582 5472 κατοικήσουσιν
2619 5405 2689 5457 ἐν
2731 5403 3011 5472 σκηναῖς,
3051 5401 3213 5469 ὅπως
3250 5399 3465 5454 ἴδωσιν
3499 5400 3560 5452 al
3592 5413 3692 5467 τε·

408 5497 539 5551 νεαὶ
573 5495 761 5563 ὑμῶν,
792 5494 881 5550 ὅτι
926 5497 998 5550 ἐν
1027 5494 1286 5564 σκηναῖς
1319 5494 1623 5562 κατῴκισα
1650 5497 1792 5564 τοὺς
1822 5495 1993 5562 υἱοὺς
2039 5497 2297 5568 Ἰσραὴλ,
2327 5500 2398 5553 ἐν
2429 5499 2741 5571 ἐξαγαγεῖν
2767 5517 2843 5570 με
2881 5498 3037 5571 ὑμᾶς
3068 5498 3137 5553 ὲκ
3196 5494 3309 5567 τῆς
3359 5495 3692 5568 Αίγύπτου.

422 5594 572 5661 Ἐτὼ
601 5594 819 5661 Κύριος
855 5595 887 5645 ό
926 5588 1070 5656 Θεὸς
1106 5589 1291 5660 ὑμῶν.

471 5711 517 5743 α
541 5708 707 5764 Levit.
742 5722 898 5769 nul,
929 5705 1119 5761 3945.

484 5808 594 5879 (55)
623 5807 934 5877 Καύχημα.
965 5802 1058 5859 Sic
1090 5801 1340 5857 Allatius.
1374 5798 1499 5856 Vat.
1526 5802 1696 5858 codex
1730 5809 1782 5857 et
1817 5798 2000 5858 Possim

2112 5838 2122 5867 ,
2156 5798 2367 5863 κάλλος.
2402 5796 2693 5856 Conesrrs.
