3864 6162
190 341 299 398 ΓΠ

1294 336 1682 396 CONVIVIUM
1720 335 1951 391 DECEM
1990 334 2350 392 VIRGINUM.

3353 335 3457 393 178

262 461 491 526 Πάντως
519 459 882 533 ὑπολήψονται
927 460 1037 531 (56)
1067 462 1117 514 οἱ
1174 459 1414 515 Ἰουδαῖοι
1459 458 1633 532 (ψιλῷ
1676 461 1775 532 τῆς

1947 456 2046 512 Hic
2064 472 2285 527 prorsus
2302 454 2472 511 Judasi
2500 455 2669 529 (circa
2685 455 2886 510 nudam
2907 454 3203 524 Scriptum
3222 456 3457 511 litteram

188 552 418 625 Γραφῆς
447 551 527 623 τῷ
557 563 848 624 γράμματι
884 552 1326 624 περιπετόμενοι,
1355 551 1545 623 ῶσπερ
1587 551 1683 605 καὶ
1711 551 1780 604 τά

186 643 505 715 καλούμενα
548 642 740 713 φύκια,
783 640 893 695 τῶν
924 641 1172 713 λαχάνων
1217 644 1331 706 τοῖς
1365 641 1604 711 φύλλοις,
1640 639 1780 695 ἀλλά

191 737 268 810 μὴ
298 741 415 801 τοῖς
444 735 631 790 ἄνθεσι
656 735 753 789 καὶ
783 736 1037 806 καρποῖς,
1069 734 1145 799 ὡς
1171 735 1205 806 ἡ
1238 733 1484 805 μέλισσα,
1508 733 1525 804 )
1555 733 1779 796 τούτους

185 830 318 894 τοὺς
350 830 545 898 λόγους
577 829 671 882 καὶ
705 826 806 891 τὰς
837 825 1157 898 νομοθεσίας
1195 827 1324 899 περὶ
1353 827 1561 897 σκηνῆς
1590 824 1776 879 τοιαύ-

186 940 308 994 της,
343 923 463 985 οἵας
492 915 637 975 οὗτοι
669 921 1061 985 τεκταίνονται,
1096 920 1366 991 λελέχθαι,
1402 920 1478 984 ὡς
1508 920 1604 974 τοῦ
1639 918 1775 973 Θεοῦ

186 1015 474 1086 χαίροντος
512 1015 634 1077 ταῖς
676 1011 938 1083 ὲξιτήλοις
970 1012 1473 1083 κατακοσμήσεσιν,
1508 1004 1597 1074 αἷς
1624 1010 1779 1063 αὐτοὶ

187 1104 667 1177 κατακοσμοῦντες
688 1102 1111 1168 συσκευάζουσιν
1134 1107 1197 1158 ὲκ
1220 1104 1331 1157 τῶν
1354 1102 1693 1176 ἀκροδρύων,
1714 1102 1775 1155 οὐ

188 1198 431 1272 συνῃσθη
442 1199 594 1271 μένοι
638 1197 744 1252 τῶν
781 1198 1082 1270 μελλόντων
1120 1197 1341 1267 ἀγαθῶν
1370 1197 1462 1254 τὸν
1512 1196 1772 1251 πλοῦτονο

183 1292 260 1355 ὡς
293 1287 441 1364 αὖρα
486 1292 661 1345 ταῦτα
699 1292 794 1346 καὶ
848 1291 999 1346 σκιαὶ
1032 1291 1449 1362 φασματώδεις,
1504 1288 1775 1363 προεξαγ-

182 1381 478 1451 γέλλουσαι
519 1382 620 1454 τὴν
648 1383 945 1437 ἀνάστασιν
976 1383 1073 1436 καὶ
1103 1381 1268 1453 πῆξιν
1297 1380 1393 1435 τοῦ
1426 1381 1775 1444 πεπτωκότος

182 1478 266 1539 είς
290 1476 398 1547 γῆν
432 1475 591 1547 ἡμῶν
627 1474 1003 1548 σκηνώματοςο
1039 1477 1068 1530 ὃ
1089 1479 1156 1548 τῇ
1186 1476 1389 1551 ἑϐδόμῃ
1416 1475 1777 1547 χιλιονταετη-

184 1569 293 1642 ρίδι
338 1570 503 1624 πάλιν
549 1568 815 1624 ἀθάνατον
856 1570 1244 1642 ἀπειληφότες,
1297 1571 1628 1643 έορτάσομεν
1676 1571 1775 1641 τὴν

182 1659 434 1732 μεγάλην
484 1659 676 1732 ἑορτὴν
712 1660 815 1731 τῆς
859 1659 1118 1732 ἀληθινῆς
1172 1661 1552 1733 Σκηνοπηγίας
1597 1663 1654 1714 ὲν
1703 1662 1772 1732 τῇ

180 1756 349 1825 καινῇ
398 1755 493 1807 καὶ
538 1754 719 1826 ἀλύτῳ
762 1753 936 1807 κτίσει
972 1754 1107 1826 (57),
1155 1753 1613 1808 συντελεσθέντων
1663 1752 1775 1807 τῶν

177 1846 285 1916 τῆς
312 1847 421 1917 γῆς
450 1846 700 1919 καρπῶν,
731 1847 828 1900 καὶ
854 1846 964 1900 τῶν
995 1845 1298 1919 ἀνθρώπων
1326 1845 1522 1918 μηκέτι
1544 1845 1775 1915 γεννών-

178 1956 293 1993 των
318 1939 414 1992 nl.
444 1939 798 2010 γεννωμένων
816 1956 831 1970 ⁸
864 1938 1001 1994 άλλά
1033 1937 1487 2003 καταπαύσαντος
1528 1937 1637 1991 ἀπὸ
1666 1936 1773 1993 τῶν

179 2031 365 2104 ἔργων
398 2032 499 2102 τῆς
528 2033 889 2103 κοσμοποιίας
923 2032 1017 2087 τοῦ
1052 2032 1207 2087 θεοῦ.

268 2123 494 2194 Ἐπειδὴ
533 2122 641 2196 γὰρ
676 2124 735 2177 ὲν
784 2120 844 2189 ἓξ
881 2124 1117 2197 ἡμέραις
1163 2127 1192 2179 ὁ
1231 2124 1364 2188 Θεος
1405 2125 1774 2180 κατεσκεύασε

177 2218 275 2272 τὸν
310 2217 545 2289 οὐρανὸν
572 2219 666 2271 καὶ
698 2217 800 2289 τὴν
833 2218 960 2289 γῆν,
995 2220 1090 2271 καὶ¹
1120 2217 1433 2271 συνετέλεσε
1474 2218 1653 2272 πάντα
1682 2219 1774 2272 τὸν

181 2313 412 2383 κόσμον,
457 2312 555 2365 καὶ
600 2312 913 2365 κατέπαυσε
949 2316 1016 2384 τῇ
1061 2311 1247 2385 ἡμέρᾳ.
1287 2316 1354 2386 τῇ
1411 2314 1614 2387 ἑϐδόμῃ
1668 2314 1777 2367 ἀπὸ

179 2404 288 2458 τῶν
314 2404 496 2479 ἔργων
522 2402 687 2459 αὐτοῦ
718 2399 794 2459 ὧν
820 2405 1065 2475 ἐποίησε,
1097 2407 1191 2459 καὶ
1221 2406 1483 2477 εύλόγησε
1517 2407 1614 2479 τὴν
1641 2407 1777 2479 ἠμέ-

182 2514 285 2570 ραν
317 2498 420 2569 τὴν
450 2497 708 2570 ἑϐδόμην,
746 2498 840 2552 καὶ
862 2498 1088 2569 ἡγίασεν
1122 2498 1294 2568 αύτήν
1315 2516 1328 2529 ο
1359 2498 1608 2553 ἐντεῦθεν
1637 2516 1776 2570 συμ-

177 2591 420 2655 6ολικῶς
451 2591 530 2661 τῷ
565 2593 695 2664 μηνὶ
728 2591 959 2663 ἑϐδόμῳ,
988 2591 1190 2646 ὁπόταν
1222 2592 1325 2664 ἥδη
1349 2591 1774 2646 συντελεσθῶσιν

176 2683 232 2739 οἱ
257 2684 467 2755 καρποὶ
493 2683 594 2755 τῆς
614 2682 741 2753 γῆς,
766 2681 1043 2756 ἑορτάζειν
1070 2682 1527 2755 προστασσόμεθα
1550 2683 1631 2755 τῷ
1659 2686 1773 2737 Κυ-

180 2776 316 2849 ρίῳ·
353 2776 382 2828 ὃ
417 2776 483 2847 δή
517 2778 686 2838 ἐστιν,
721 2766 977 2828 ὁπόταν’ὁ
1023 2774 1228 2846 κόσμος
1260 2768 1414 2839 οὗτος
1452 2773 1774 2845 συντελεσθῇ

178 2872 247 2941 τῇ
284 2868 494 2940 ἐϐδόμῃ
540 2867 1022 2939 χιλιονταετηρίδι’
1068 2867 1180 2931 ὅτε,
1213 2866 1287 2930 ὡς
1331 2864 1546 2937 ἀληθῶς
1577 2866 1605 2918 ὁ
1643 2865 1777 2930 Θεὸς

182 2962 516 3025 συντελέσας
537 2960 638 3032 τὴν
666 2960 1014 3031 οἰκουμένην,
1046 2961 1131 3030 ἐφ’
1158 2962 1289 3032 ἡμῖν
1315 2958 1772 3031 εὐφρανθήσεται.

179 3052 295 3111 Νῦν
319 3054 433 3127 γὰρ
464 3052 650 3125 ἀκμὴν
672 3052 754 3106 ἔτι
776 3052 845 3107 τὰ
872 3053 1049 3107 πάντα
1080 3053 1498 3125 δημιουργεῖται
1521 3055 1589 3124 τῇ
1618 3053 1776 3126 διαρ-

180 3148 269 3199 κεῖ
303 3144 561 3216 βουλήσει
608 3143 778 3198 αὐτοῦ
825 3146 918 3198 καὶ
964 3146 1268 3217 ἀνεννοήτῳ
1301 3145 1551 3216 δυνάμει,
1588 3145 1774 3199 ἀναδι-

180 3235 385 3307 δούσης
432 3234 517 3288 ἔτι
548 3234 651 3306 τῆς
688 3234 792 3304 γῆς
825 3236 952 3299 τοὺς
986 3237 1267 3308 καρποὺς,
1302 3236 1398 3290 καὶ
1428 3235 1536 3289 τῶν
1569 3235 1778 3291 ὑδάτων

181 3325 571 3398 συναγομένων
598 3327 676 3390 εἰς
710 3325 812 3390 τὰς
846 3327 1196 3397 συναγωγάς·
1229 3329 1324 3382 καὶ
1360 3327 1457 3382 τοῦ
1488 3328 1667 3397 φωτὸς
1693 3328 1775 3384 ἔτι

177 3417 647 3491 διαχωριζομένου
666 3459 682 3484 ,
715 3420 809 3473 καὶ
833 3418 927 3472 τοῦ
957 3418 1194 3491 ἀριθμοῦ
1223 3419 1333 3471 τῶν
1360 3417 1663 3491 ἀνθρώπων
1693 3418 1773 3473 ἔτι

180 3511 693 3585 δημιουργουμένου
718 3528 733 3542 ο
770 3510 985 3564 καὶτοῦ
1027 3510 1177 3582 ἡλίου
1222 3512 1302 3576 είς
1346 3511 1522 3583 ἀρχάς
1554 3510 1778 3565 ἀνατέλ-

179 3606 367 3670 λοντος
387 3605 487 3676 τῆς
507 3605 745 3677 ἡμέρας,
767 3605 860 3658 καὶ
887 3604 987 3675 τῆς
1012 3604 1242 3675 σελήνης
1266 3604 1348 3668 εἷς
1371 3603 1547 3676 ἀρχὰς
1570 3603 1651 3657 ἔτι
1674 3604 1775 3677 τῆς

182 3699 409 3762 νυκτόςο
448 3698 547 3752 καὶ
584 3697 693 3751 τῶν
723 3696 1071 3769 τετραπόδων
1110 3697 1205 3751 καὶ
1238 3696 1441 3767 θηρίων
1481 3697 1577 3750 καὶ
1610 3698 1775 3769 ἑρπε-

183 3794 290 3844 τῶν
318 3793 387 3844 ἐκ
413 3790 518 3860 τῆς
551 3790 658 3860 γῆς
688 3788 1104 3860 ἀναδιδομένων,
1147 3790 1240 3843 καὶ
1273 3788 1490 3861 πτηνῶν
1534 3791 1629 3843 καὶ
1675 3807 1772 3862 νη-

183 3882 330 3937 κτῶν
365 3886 433 3936 ἐκ
465 3883 564 3954 τῆς
604 3883 777 3953 ὑγρᾶς
803 3881 1010 3946 ούσίας.
1042 3881 1176 3935 Τότε
1212 3880 1275 3954 δὴ
1300 3882 1503 3937 ὁπόταν
1530 3883 1775 3937 συντελε-

244 4042 294 4076 ⁸⁴
316 4038 455 4097 Gen.
486 4056 549 4104 ιι.
581 4040 635 4094 1.
704 4038 748 4070 ⁸⁷
774 4036 927 4094 Psal.
961 4053 1083 4103 cm,
1118 4037 1208 4092 5|.

256 4156 373 4229 ('56)
405 4154 651 4220 Πάντως
675 4153 1118 4229 ὐπολήψῳςται.
1142 4153 1258 4209 Meo
1279 4149 1523 4229 periculo
1543 4146 1771 4229 mutavi,

185 4224 670 4300 quod'ediderunt
693 4240 776 4300 Aac
812 4224 1171 4300 reddiderunt
1210 4224 1376 4300 ambo
1404 4224 1772 4300 _i_nterpretes.

186 4292 412 4361 πάντες.
465 4297 577 4351 Nec
618 4295 765 4351 enim
815 4297 896 4350 sic
945 4297 1179 4352 inscitus
1208 4292 1628 4361 MethodiusLut
1657 4304 1776 4342 om—

184 4373 342 4426 nium
374 4359 444 4423 id
484 4366 987 4441 Judworumvelit,
1035 4383 1147 4441 non
1189 4366 1417 4441 omnino
1462 4359 1777 4441 Judaiorum

185 4444 390 4514 quibus
408 4439 639 4514 necdum
656 4429 1058 4514 allulsit‘lunien
1075 4436 1298 4514 Christi.
1324 4435 1546 4514 Unaquc
1564 4431 1677 4485 haec
1699 4429 1777 4482 illi

1882 550 2197 613 volitantes,
2224 551 2372 605 velut
2396 548 2506 603 fuci
2539 550 2688 604 circa
2716 549 2927 604 olerum
2960 548 3111 604 folia:
3138 565 3248 604 non
3267 550 3460 620 utapis

1881 643 2029 698 circa
2055 642 2215 698 liores
2265 649 2319 697 et
2349 640 2563 696 fructus
2591 642 2740 711 operi
2776 641 2989 712 sedula)
3038 640 3458 705 existimabunt,

1880 735 2045 789 verba
2078 732 2194 787 haec
2245 733 2451 803 hasque
2495 732 2938 803 praescriptiones
2969 732 3035 786 ad
3079 733 3200 800 ejus
3242 733 3453 803 generis

1879 827 2291 882 tabernaculum
2316 836 2583 897 spectare,
2601 827 2762 897 quale
2779 827 2882 896 ipsi
2908 834 3271 883 construunt:
3299 826 3458 897 quasi

1880 921 2023 977 Deus
2055 920 2291 975 exilibus
2341 921 2461 975 istis
2515 919 2791 974 frondium
2850 933 3239 988 ramorumque
3292 932 3460 973 orna-

1879 1013 2078 1069 mentis
2103 1011 2291 1083 qualia
2322 1012 2400 1066 illi
2426 1028 2490 1066 ex
2510 1012 2804 1067 arboribus
2829 1012 3193 1075 concinnant,
3220 1010 3461 1066 delecte-

1879 1113 1989 1167 tur,
2011 1117 2123 1158 non
2156 1103 2521 1174 intelligentes
2546 1102 2855 1157 futurorum
2885 1102 3155 1157 bonorum
3190 1102 3414 1157 divitias
3441 1119 3456 1156 :

1877 1205 1932 1253 et
1968 1196 2075 1252 ista
2104 1197 2239 1252 nihil
2269 1213 2391 1253 esse
2414 1199 2522 1252 nisi
2553 1198 2724 1252 levem
2747 1212 2936 1251 auram
2958 1195 3290 1267 umbrasque
3320 1198 3459 1251 ima-

1879 1292 2121 1364 ginarias
2150 1292 2576 1363 praenuntiantes
2597 1292 3074 1354 resurrectionem,
3095 1291 3460 1345 erectionem-

1878 1404 1985 1460 que
2018 1389 2267 1446 stabilem
2317 1389 2457 1459 lapsi
2496 1388 2651 1458 prius
2682 1387 2734 1440 in
2768 1393 2972 1439 terram
3002 1385 3176 1441 nostri
3202 1385 3460 1439 taberna-

1878 1483 1989 1539 culi
2026 1502 2040 1539 :
2102 1484 2248 1555 quod
2308 1484 2542 1553 septimo
2580 1482 2802 1536 demum
2831 1480 3139 1535 millenario
3186 1494 3459 1535 annorum

1877 1591 2073 1632 rursus
2119 1577 2427 1631 immortale
2461 1583 2827 1637 resumentes,
2861 1588 3113 1652 magnam
3145 1587 3289 1628 verae
3322 1571 3459 1628 Sce-

1878 1669 2119 1740 nopegiae
2149 1669 2572 1731 solemnitatem,
2622 1667 2676 1721 in
2728 1681 2867 1722 nova
2900 1681 2964 1719 ac
2989 1664 3271 1720 insolubili
3305 1679 3462 1720 crea~

1877 1762 2048 1828 tione,
2097 1761 2491 1816 consummatis
2548 1760 2907 1829 collectisque
2967 1765 3130 1812 terrai
3166 1756 3456 1819 fructibus.

1876 1855 2310 1921 celebrabimus;
2364 1854 2583 1908 nemine
2636 1852 2920 1906 hominum
2976 1851 3212 1921 amplius
3252 1858 3347 1903 aut
3379 1849 3463 1921 gi-

1873 1956 2071 2021 gnente
2099 1955 2194 2003 aut
2222 1948 2315 2019 qui
2344 1947 2623 2019 gignatur,
2657 1945 2750 2000 sed
2783 1944 3023 2015 Dcojam
3051 1944 3209 2015 plene
3232 1941 3462 1997 feriante

1874 2057 1905 2096 a
1931 2042 2119 2097 mundi
2146 2042 2367 2097 fabrica:
2386 2055 2572 2112 opere.

1942 2135 2211 2202 Quoniam
2250 2136 2396 2191 enim
2430 2134 2575 2191 Deus
2602 2151 2697 2189 sex
2720 2134 2915 2190 diebus
2946 2134 3146 2189 caelum
3173 2143 3228 2188 et
3253 2142 3459 2188 terram

1876 2225 2175 2283 fabricatus
2200 2236 2309 2292 est,
2344 2242 2409 2281 ac
2458 2227 2722 2281 mundum
2757 2226 3074 2281 universum
3104 2225 3357 2288 absolvit,
3382 2239 3464 2280 re-

1874 2319 2189 2391 quievitque
2215 2321 2302 2374 die
2320 2319 2553 2389 septimo
2579 2320 2647 2371 ab
2663 2318 2921 2388 operibus
2938 2318 3055 2371 suis
3082 2331 3202 2386 qua:
3233 2316 3459 2383 fecerat,

1874 2422 1929 2467 et
1977 2411 2258 2466 benedixit
2291 2410 2380 2466 die
2424 2410 2679 2480 septimo,
2728 2417 2779 2465 et
2813 2408 3172 2466 sanctiﬁcavit
3211 2424 3336 2465 eum
3370 2408 3457 2465 “:

1874 2503 2001 2559 inde
2016 2503 2319 2575 symbolice
2340 2518 2525 2558 mense
2556 2503 2812 2573 septimo,
2832 2500 3175 2572 quandojam
3200 2516 3461 2556 consum-

1876 2596 2007 2649 mati
2041 2596 2366 2667 collectique
2396 2601 2523 2650 sunt
2557 2594 2768 2651 fructus
2798 2602 2977 2654 terrre,
3006 2592 3170 2649 ferias
3203 2593 3463 2665 agereju-

1874 2686 2069 2740 bemur
2103 2684 2367 2752 Domino;
2398 2684 2503 2737 hoc
2533 2692 2617 2738 est
2647 2697 2775 2737 cum
2812 2683 3050 2738 mundus
3079 2681 3196 2752 ipse
3225 2680 3462 2751 septimo

1877 2792 2148 2831 annorum
2184 2776 2493 2832 millenario
2540 2783 2957 2831 consummatus
2990 2773 3153 2830 fuerit
3184 2790 3198 2825 :
3238 2771 3461 2844 quando

1877 2868 2021 2927 Deus
2051 2872 2304 2927 absoluto
2338 2886 2463 2925 vere
2509 2869 2700 2925 mundi
2739 2884 2926 2940 opere,
2964 2868 3019 2922 in
3050 2867 3209 2924 nobis
3253 2864 3463 2921 laetabi-

1877 2972 1968 3020 tur
1995 2966 2062 3019 ⁸⁷.
2097 2965 2257 3021 Nunc
2289 2965 2435 3021 enim
2460 2965 2640 3020 adhuc
2668 2965 2852 3019 omnia
2875 2970 3209 3034 praepotente
3230 2968 3366 3015 nutu
3395 2959 3460 3014 il-

1878 3054 1985 3112 lius
2016 3065 2377 3122 procreantur
2400 3095 2414 3120 ,
2447 3068 2778 3124 omnemque
2810 3053 3007 3108 mentis
3040 3053 3337 3124 cogitatum
3366 3065 3462 3105 su-

1878 3153 2105 3217 perante
2128 3147 2373 3217 potentia
2391 3147 2448 3201 in
2468 3147 2645 3202 lucem
2677 3147 2936 3209 eduntur,
2969 3151 3115 3199 terra
3148 3142 3255 3197 huc
3284 3155 3462 3212 usque

1884 3237 2097 3295 fructus
2125 3239 2463 3309 producente
2484 3239 2751 3309 aquisque
2769 3239 2909 3292 intra
2938 3251 3037 3292 sua
3069 3232 3462 3306 conceptacula

1854 3321 1936 3386 'et
1967 3337 2191 3401 paratos
2223 3331 2463 3387 alveolos
2494 3345 2553 3385 se
2580 3329 2971 3399 recipientibus
3011 3348 3023 3382 :
3061 3326 3203 3381 lucis
3240 3339 3463 3396 quoque

1881 3421 2153 3480 divisione
2186 3438 2218 3477 a
2245 3424 2492 3481 tenebris
2530 3423 2795 3477 hactenus
2826 3422 3080 3485 durante,
3123 3430 3465 3488 numeroque

1882 3521 2090 3569 statuto
2116 3514 2400 3570 hominum
2425 3513 2670 3570 nondum
2700 3512 2938 3583 expleto,
2959 3509 3055 3567 sed
3084 3508 3207 3565 aliis
3229 3507 3465 3577 aliisque

1882 3605 2125 3676 quotidie
2161 3604 2229 3659 ad
2260 3618 2531 3660 summam
2562 3602 2946 3659 absolvendam
2965 3598 3461 3657 subuascentibus:

1881 3699 1997 3757 sole
2018 3714 2237 3769 quoque
2258 3698 2368 3753 diei
2395 3698 2562 3762 ortui,
2585 3706 2639 3754 et
2664 3698 2790 3751 luna
2805 3695 2983 3751 noctis
3004 3691 3459 3764 praesidentibus:

1879 3808 1910 3849 e
1945 3801 2091 3848 terra
2116 3792 2243 3847 item
2265 3792 2664 3863 prodeuntibus
2686 3788 3132 3862 quadrupedibus
3162 3785 3465 3855 bestiisque

1880 3892 1934 3940 et
1966 3884 2278 3955 reptilibus,
2312 3884 2736 3956 volucribusque
2765 3892 2820 3939 et
2848 3882 3164 3938 natatilibus
3187 3894 3253 3935 ex
3282 3876 3466 3933 humi-

1880 4154 2266 4226 cepturos‘nos
2291 4149 2444 4226 dicit,
2479 4150 2730 4226 αίωνίους
2756 4154 2961 4226 σκηνὰς
2982 4154 3165 4208 οὐκέτι
3198 4151 3464 4226 θνηξομέ-

1883 4234 1979 4299 νας
2013 4218 2453 4299 ᾒλλυθησομένας
2490 4223 2572 4299 είς
2604 4222 2723 4299 γῆν⁸
2739 4218 2994 4296 χώματος
3021 4240 3205 4299 :_quae_
3225 4218 3467 4292 est'c'jus

1884 4287 1975 4341 hic
2014 4287 2210 4353 ἄλυτος
2246 4287 2481 4355 creatio;
2526 4287 2643 4362 ipsa
2663 4287 2896 4359 άλῦπὸς,
2943 4287 2997 4350 in
3048 4287 3136 4351 his
3175 4287 3465 4357 duntaxat,

1885 4374 2117 4442 quorum}
2141 4369 2517 4442 eruntprnata
2541 4364 2914 4442 tabernacula,
2939 4376 2992 4442 et
3012 4369 3106 4438 qui
3129 4367 3277 4442 digni
3303 4373 3468 4442 erunt

1888 4446 2012 4483 cum
2044 4430 2269 4506 Christo
2308 4432 2510 4506 leriari.
2550 4449 2825 4503 praeeunte
2864 4430 3074 4501 judicio
3108 4457 3120 4492 :
3153 4430 3275 4493 aliis
3303 4437 3466 4506 plena

187 4502 313 4585 apta
341 4510 647 4590 expressio,
690 4507 1102 4593 τάριαλούμενα
1133 4507 1321 4588 φύκιοι,
1362 4502 1653 4593 facitque-8
1683 4515 1775 4593 ηο-

1888 4506 2186 4593 ῑοινῐξιρηξοὶ
2239 4502 2315 4558 De
2360 4502 2963 4593 sclptim’onmilleuario,
3010 4523 3119 4579 quo
3149 4502 3465 4589 suscitanda

185 4573 311 4639 οᾶηι
333 4600 350 4637 :
376 4573 567 4636 notum
597 4578 791 4635 insecti
818 4573 1012 4647 genus,
1047 4573 1226 4649 ipsum
1256 4573 1425 4649 iners,
1466 4583 1521 4629 et
1547 4574 1667 4649 apis
1696 4573 1781 4649 la-

186 4656 417 4711 boribus
470 4650 749 4706 int‘estum.
799 4644 1174 4711 A'llatiusf'rdt
1220 4647 1531 4718 καλούμενα
1585 4644 1774 4716 ψυχία,

188 4725 502 4794 redditque,
550 4737 671 4794 qua;
709 4719 927 4794 psychia
973 4733 1370 4794 "aucupemus;
1400 4720 1467 4794 _in
1518 4731 1629 4787 quo
1667 4729 1778 4769 non

188 4798 327 4852 satis
368 4788 534 4848 laudo
563 4788 678 4845 ’viri
712 4788 1052 4861 religionem.
1099 4788 1313 4843 Nullius
1359 4789 1450 4842 hic
1483 4802 1679 4861 sensus
1715 4800 1779 4861 ea

188 4883 318 4929 vox,
367 4881 471 4920 nec
518 4864 625 4918 nisi
674 4856 842 4932 pueri
873 4861 1262 4926 exscribcntis,
1306 4859 1602 4932 seuqetiam
1633 4856 1781 4932 anti-

189 4928 369 5008 quarii
405 4934 650 5004 σφάλμα.
674 4928 915 5002 Ψυχεῖα,
949 4948 1045 4987 seu
1066 4934 1237 5008 etiam
1289 4930 1546 5008 spoliaret
1576 4928 1778 5008 ψυγεία

189 4998 299 5063 ἑιὶο
344 4998 618 5076 spectant,
665 4998 963 5076 nec:'sunt_
992 4998 1330 5060 animalium.
1369 4998 1476 5057 sed
1525 5000 1652 5063 loci,
1695 4998 1779 5053 vel

189 5080 356 5135 etiam
374 5072 610 5131 Tomenti
644 5072 887 5128 nomina.
925 5072 1214 5129 COXBEFIS.

262 5149 376 5219 ('57)
404 5148 516 5201 Kal
571 5145 1034 5219 adseruit/tea.
1092 5142 1159 5219 Et
1208 5142 1314 5205 hic,
1346 5139 1775 5219 _r_neo_pe_riculo,

190 5211 373 5291 ἀλύτῳ
397 5227 549 5272 muto
575 5232 672 5287 pro
702 5214 912 5286 ἀλύπῳ.
946 5214 1020 5269 De
1046 5212 1384 5291 tabernaculi
1406 5214 1550 5291 enim
1575 5211 1781 5291 instau-

191 5282 407 5348 ratione
448 5282 633 5344 seruio
671 5295 779 5344 est.
815 5282 877 5340 et'
915 5301 1054 5339 nova
1079 5288 1357 5340 creatione
1405 5283 1472 5336 ad
1517 5296 1680 5352 quam
1716 5282 1778 5334 τὸ

191 5364 408 5425 ἄλυτον,
437 5362 555 5414 sive
586 5356 923 5412 ἁκατάλυτον
960 5371 1058 5425 per
1097 5372 1157 5411 se
1200 5360 1430 5425 spectat,
1467 5355 1777 5425 oppositum

191 5435 268 5506 τῷ
290 5423 771 5506 καταπεπτωκότι,
799 5423 1090 5506 insolubile
1116 5423 1528 5506 etiis—ninoﬂalc,
1553 5423 1775 5506 mortali

192 5494 250 5559 εἰ
282 5506 334 5557 ei
364 5501 513 5572 quod
557 5499 785 5572 decidit,
817 5498 985 5572 Amos
1018 5513 1094 5560 ix,
1142 5498 1199 5550 ll
1225 5513 1240 5563 ;
1270 5497 1401 5572 Act._
1425 5510 1514 5557 xv,
1546 5494 1777 5572 l6,_non

194 5576 266 5628 ita
296 5575 359 5627 τὺ
384 5566 614 5633 Ξλυπον,
638 5569 734 5625 sed
762 5568 923 5637 quasi
953 5584 1022 5622 ex
1047 5566 1402 5637 consequenti
1431 5585 1443 5620 :
1470 5572 1524 5620 et
1556 5572 1613 5619 ut
1632 5566 1780 5637 Apo-

195 5647 368 5701 stolus
416 5645 658 5713 loquitur
710 5636 873 5713 Hebr.
921 5654 1018 5713 vir,
1072 5638 1158 5700 16,
1202 5636 1779 5713 κατάᾐδύναμινηζωῆς

197 5706 555 5777 ἀκαταλύτου,
599 5708 890 5765 secundum
920 5710 1163 5763 virtutem
1204 5710 1323 5762 uita:
1360 5706 1682 5777 insolubilis.
1714 5723 1778 5761 ac

196 5789 329 5840 sicut
355 5786 464 5841 die:
496 5781 848 5852 mternjtatis:
890 5778 1069 5843 καθὼς
1099 5781 1153 5833 αἱ
1181 5778 1391 5852 Αημέραι
1424 5776 1518 5852 τοῦ
1536 5778 1772 5852 εαίῶνος.

198 5860 360 5914 Amos
390 5864 613 5913 citatus.
656 5849 749 5908 Sic
791 5853 907 5923 ipse
948 5848 1312 5923 postmodum
1340 5848 1646 5906 Methodius
1687 5864 1775 5904 re-

1885 4580 2072 4625 nostra
2113 4574 2465 4628 tabernacula
2496 4590 2561 4629 ac
2605 4578 2841 4632 futuram
2874 4574 3330 4636 resurrectionem
3368 4593 3467 4631 au-

1884 4651 2115 4721 gurat_ur
2147 4643 2453 4721 Mctlmdius
2487 4661 2555 4699 ex
2582 4649 2840 4719 mysterio
2870 4659 2922 4706 et
2951 4652 3137 4721 requie
3166 4649 3272 4721 diei
3302 4649 3468 4711 septi-

1883 4713 2277 4795 nnenhumana
2318 4713 2653 4795 conjectura
2674 4728 2776 4795 est.
2818 4722 2905 4775 cui
2941 4713 3055 4791 ipse
3085 4719 3348 4795 Dominus
3372 4734 3467 4795 o_c-

1882 4786 2075 4865 currit,
2122 4786 2252 4839 dum
2295 4795 2511 4865 tempus
2539 4790 2691 4865 illud
2741 4786 2987 4865 ignotum
3032 4807 3156 4865 csse
3200 4790 3463 4865 decrevit,

1880 4858 2110 4930 ejusque
2137 4858 2414 4930 noscendi
2436 4858 2782 4915 desiderium
2805 4863 2859 4916 in
2894 4863 3157 4929 apostolis
3181 4861 3462 4930 repressit.

1881 4926 2039 4980 Certe
2073 4930 2219 4996 quod
2247 4929 2367 4983 illos
2401 4927 2541 4984 Deus
2582 4932 2797 4994 celavit,
2844 4926 3081 4986 humana
3122 4926 3324 4986 temere
3354 4931 3467 4985 dis-

1882 4997 2051 5067 quirit
2074 4999 2359 5054 sedulitas.
2406 4999 2546 5055 Fore
2590 5003 2708 5057 dies
2739 5002 2862 5059 illos
2895 5020 3003 5057 non
3043 5020 3167 5057 cum
3207 5002 3468 5057 observa-

1883 5070 2052 5141 tione,
2082 5070 2195 5140 ipse
2218 5070 2483 5125 Dominus
2513 5075 2868 5141 praemonuit;
2903 5075 2995 5129 sed
3023 5083 3153 5128 tunc
3179 5089 3303 5127 cum
3331 5073 3467 5127 nihil

1883 5140 2120 5194 mundus
2152 5141 2220 5195 de
2253 5144 2361 5195 illis
2402 5144 2684 5212 cogitabit,
2731 5145 2824 5198 sed
2866 5153 3013 5201 totus
3048 5145 3278 5200 terrenis
3309 5145 3466 5199 addi-

1881 5218 2004 5266 ctus
2034 5212 2159 5274 erit,
2192 5213 2269 5266 uti
2302 5229 2361 5267 se
2393 5229 2481 5268 res
2510 5215 2566 5267 in
2597 5214 3041 5281 diluvioJiabuit.
3070 5215 3326 5272 N.:strum
3357 5225 3463 5280 est,

1883 5289 1941 5335 ut
1973 5283 2093 5349 ejus
2126 5281 2393 5357 adventus
2425 5288 2832 5354 exspectatione
2863 5304 3074 5355 semper
3106 5286 3361 5357 suspensi
3391 5288 3469 5343 si-

1883 5369 2025 5415 mus,
2063 5353 2209 5422 quod
2247 5356 2349 5409 etsi
2380 5353 2751 5411 forte’niundi
2787 5353 3326 5414 consummatio—nos
3357 5373 3469 5413 non

1881 5424 2283 5499 apprehendet;
2333 5433 2390 5480 at
2435 5427 2805 5495 apprehendet
2852 5431 3095 5498 proxima
3141 5445 3314 5493 mors,
3359 5443 3468 5499 qua

1880 5496 2100 5550 demum
2146 5497 2375 5551 subruta
2418 5506 2607 5552 nostra
2649 5496 3021 5567 tabernacula,
3057 5501 3110 5555 id
3142 5496 3471 5555 nanciscen-

1880 5573 1990 5629 tur,
2024 5574 2082 5619 ut
2111 5569 2194 5621 vel
2234 5568 2300 5621 ad
2341 5570 2506 5621 vitam
2552 5570 2767 5632 ἄλυτον,
2815 5577 2895 5625 vcl
2948 5562 3017 5625 ad
3048 5582 3281 5627 mortem
3315 5562 3509 5633 mter-‘2

1881 5653 2093 5714 nosque
2116 5639 2407 5714 cruciatus
2426 5641 2536 5714 sint
2566 5642 2888 5714 reparanda,
2917 5659 3027 5714 quo
3055 5651 3300 5714 tempore
3322 5641 3471 5714 Deus
3506 5640 3509 5643 ’

1880 5709 2185 5833 pralcliiiivit,
2222 5726 2283 5763 ae
2318 5710 2408 5765 ubi
2434 5710 2544 5781 jam
2572 5709 2874 5768 electorum
2907 5709 3146 5769 mundus
3169 5709 3470 5770 absolutus

1880 5797 1958 5833 8H
1992 5822 2003 5833 .
2056 5796 2084 5833 Ι)

1879 5796 2003 5835 θΓιι.
2032 5796 2084 5833 ιι)
