3864 6162
199 296 300 352 £31

1299 298 1679 355 CONVIVIUM
1724 298 1952 355 DECEM
1992 301 2370 359 VIRGINUM‘.‘

3361 303 3465 360 ΗΒ

195 412 346 468 δέτυω
370 412 433 465 τὸ
463 412 667 466 τέλειον
697 408 828 483 ἧκεν
856 412 876 486 (
918 416 951 486 ἡ
992 414 1237 485 βασιλεία
1266 414 1373 470 τῶν
1405 418 1648 489 οὐρανῶν
1688 418 1780 471 καὶ

1888 419 2186 487 perfectum
2216 429 2300 475 est
2331 420 2608 490 (nimirum
2639 420 2901 478 caelorum
2930 435 3156 491 regnum
3190 427 3245 476 et
3277 436 3463 476 resur~

194 507 231 575 ἡ
264 505 621 572 ἀνάστασις,)
657 507 736 569 είς
781 508 947 577 ἡμᾶς,
984 508 1083 562 ὅτε
1129 509 1565 580 καταργήσεται
1615 510 1680 565 τὸ
1713 512 1782 565 ἐκ

187 595 441 667 μέρους.
491 597 626 650 Τότε
673 599 782 670 γὰρ
833 602 890 654 at
948 602 1145 673 σκηναὶ
1206 603 1507 675 πήγνυνται
1564 604 1780 658 πάντων

195 690 381 761 ἡμῶν,
407 691 592 757 ὁπότε,
619 694 727 746 τῶν
755 694 926 748 ὀστῶν
954 696 1416 769 συγκολλωμὲνων
1440 700 1536 755 καὶ
1573 718 1785 773 συμπη-

195 780 487 850 γνυμένων
536 785 656 847 ταῖς
698 784 907 855 σαρξὶν,
948 786 1234 843 ἀνίσταται
1284 788 1462 861 σῶμα.
1521 791 1653 844 Τότε
1687 792 1783 864 τὴν

195 871 417 944 ἡμέραν
466 873 567 945 τῆς
617 877 794 946 χαρᾶς
846 878 1178 950 ἑορτάζομεν
1219 881 1412 952 Κυρίῳ
1452 882 1779 955 εἰλικρινῶς,

193 964 361 1017 ὁπότε
382 964 486 1029 τὰς
511 967 715 1037 σκηνάς
738 969 988 1035 αἰωνίους
1015 972 1427 1044 ἀποληψόμεθα,
1447 975 1631 1029 οὐκέτι
1658 974 1784 1046 θνη-

197 1054 438 1125 Εομένας
484 1058 517 1129 ἢ
552 1057 927 1131 λυθησομὲνας
957 1064 1038 1125 εἰς
1070 1064 1174 1135 γῆν
1222 1064 1497 1137 χώματος.
1529 1063 1641 1143 ΪΗν
1674 1068 1783 1140 γάρ

192 1148 355 1219 ἡμῶν
393 1152 489 1203 καὶ
519 1151 751 1224 πρόσθεν
778 1154 1027 1218 ἄπτωτος
1066 1158 1098 1225 ἡ
1131 1158 1303 1228 σκηνή
1345 1157 1490 1229 (40)·
1523 1143 1661 1213 ἀλλᾶ
1696 1160 1782 1213 διὰ

194 1241 295 1311 τὴν
351 1242 664 1313 παράϐασιν
702 1246 966 1319 ἐσαλεύθη
1014 1248 1107 1301 καὶ
1144 1247 1353 1320 ἐκλίθη,
1410 1250 1503 1303 τοῦ
1550 1251 1685 1305 Θεοῦ
1723 1252 1785 1305 τὸ

190 1332 505 1402 ἁμάρτημα
526 1333 781 1399 λύσαντος
806 1335 1040 1407 θανάτῳ,
1068 1339 1152 1391 ἴνα
1180 1338 1275 1409 μὴ,
1300 1338 1581 1404 ἀθανάτως
1604 1341 1785 1411 ἁμαρ-

189 1425 366 1489 τωλὸς
393 1429 422 1480 ὁ
448 1428 732 1500 ἄνθρωπος
759 1428 857 1493 ῶν,
886 1430 1069 1503 ζώσης
1093 1435 1153 1485 ἐν
1180 1431 1329 1502 αύτῷ
1353 1433 1455 1502 τῆς
1486 1434 1781 1504 ἁμαρτίας,

190 1519 435 1582 αἰωνίοις
459 1521 787 1592 κατάκριτος
808 1522 1033 1595 γενηθῇ.
1057 1524 1163 1577 Kal
1189 1524 1276 1578 διὰ
1301 1525 1459 1579 τοῦτο
1476 1528 1570 1581 καὶ
1589 1527 1783 1599 τέθνη-

189 1628 289 1664 κεν
328 1612 394 1663 ού
438 1613 731 1683 γενόμενος
768 1613 959 1686 θνητὸς
1005 1616 1038 1687 ἢ
1092 1616 1351 1689 φθαρτὸς,
1399 1619 1494 1673 καὶ
1537 1620 1781 1692 διεκρίθη

186 1703 291 1775 τῆς
324 1704 589 1777 σαρκὸςή
617 1706 785 1777 ψυχὴ,
820 1708 906 1759 ἵνα
932 1709 1179 1780 νεκρωθῇ
1210 1709 1298 1765 διὰ
1336 1710 1429 1764 τοῦ
1464 1710 1693 1766 θανάτου
1722 1715 1782 1769 τὸ

1883 514 2076 579 reetio)
2110 511 2318 585 quando
2355 512 2697 567 evacuabitur
2726 512 2864 584 quod
2904 528 2968 568 ex
3010 522 3160 582 parte
3183 522 3282 568 est.
3309 512 3465 570 Tunc

1884 608 2027 660 enim
2059 604 2215 659 ﬁrma
2242 606 2360 661 basi
2408 606 2666 675 erigenda
2700 605 2943 660 omnium
2974 612 3225 662 nostrum
3279 605 3465 662 taber-

1883 697 2100 762 nacula,
2139 696 2378 767 quando,
2412 697 2608 752 iterum
2662 696 3013 768 agglutinatis
3069 702 3124 752 et
3161 696 3465 767 compactis

1883 803 2009 844 cum
2049 805 2215 845 carne
2240 790 2481 854 ossibus,
2511 796 2761 859 resurget
2812 802 3034 858 corpus.
3078 786 3233 842 Tunc
3266 787 3461 844 festam

1884 879 2067 951 gaudii
2098 880 2272 936 lucem
2302 882 2515 937 sincere
2552 879 2784 934 Domino
2838 879 3274 944 celebrabimus,
3334 891 3462 933 cum

1882 980 2085 1030 aeterna
2115 974 2467 1029 tabernacula
2494 975 2886 1044 receperimus,
2917 989 3027 1029 non
3074 972 3310 1042 amplius
3339 984 3464 1024 me-

1883 1066 2057 1119 ritura
2084 1070 2179 1118 aut
2205 1062 2549 1119 dissolvenda
2582 1063 2637 1117 in
2678 1064 2958 1132 pulverem
3014 1062 3212 1116 tumuli
3232 1061 3300 1113 7'.
3330 1057 3466 1113 Erat

1882 1156 2028 1211 enim
2060 1162 2307 1209 nostrum
2340 1154 2601 1209 immobili
2630 1155 2782 1224 prius
2828 1162 2971 1210 statu
3008 1153 3177 1208 ﬁxum
3207 1152 3465 1212 taberna-

1883 1248 2066 1301 culum
2099 1267 2110 1300 :
2143 1246 2237 1301 sed
2287 1262 2381 1315 per
2412 1247 2905 1317 transgressionem
2933 1253 3164 1310 motum,
3194 1251 3248 1299 et
3274 1243 3329 1297 in
3357 1251 3465 1298 ter-

1883 1357 1998 1396 ram
2021 1341 2343 1395 inclinatum
2368 1348 2487 1408 est;
2520 1340 2629 1396 Deo
2656 1356 2754 1411 per
2782 1348 3007 1395 mortem
3032 1346 3317 1409 peccatum
3348 1335 3463 1393 dis-

1884 1437 2146 1501 solvente,
2172 1450 2242 1490 ne
2273 1435 2596 1490 immortalis
2634 1435 2799 1490 homo
2837 1442 3092 1505 peccator
3138 1430 3351 1499 vivens,
3379 1429 3463 1484 vi-

1880 1535 2041 1582 vente
2070 1527 2125 1581 in
2152 1542 2217 1582 eo
2248 1535 2471 1598 peccato
2495 1568 2505 1589 ,
2539 1525 2595 1581 in
2624 1526 3017 1598 sempiternum
3046 1520 3336 1576 maledicto
3362 1519 3464 1575 ob-

1883 1618 2081 1674 noxius
2103 1617 2262 1673 foret.
2293 1617 2587 1688 Propterea
2610 1618 2774 1672 etiam
2824 1624 3052 1669 mortem
3102 1612 3276 1676 obiit,
3335 1626 3460 1665 cum

1885 1714 2044 1768 morti
2069 1713 2340 1768 obnoxius
2368 1721 2589 1767 creatus
2614 1725 2725 1764 non
2759 1708 2949 1764 fuisset
2974 1713 3067 1761 aut
3090 1704 3461 1775 corruptioni:

187 1794 574 1866 παράπτωμα,
606 1798 801 1868 μηκέτι
820 1798 1114 1869 δυνάμενον
1139 1801 1237 1873 ζῇν
1280 1803 1339 1856 ὲν
1369 1803 1446 1875 τῷ
1477 1804 1779 1877 τεθνηκότι.

1888 1809 2242 1878 sejunctaque
2267 1815 2351 1864 est
2379 1822 2410 1860 a
2439 1820 2605 1873 carne
2630 1802 2834 1865 anima,
2851 1809 2909 1855 ut
2936 1799 3185 1855 interiret
3209 1812 3305 1868 per
3324 1811 3467 1853 mor-

188 1884 385 1946 Ὅθεν,
408 1886 770 1952 ἀποθανόντος
801 1889 895 1942 τοῦ
931 1893 1378 1964 παραπτώματος
1399 1898 1494 1950 καὶ
1524 1897 1781 1970 διεφθαρ-

191 1976 384 2046 μένου,
410 1980 569 2033 πάλιν
589 1980 853 2049 ἀθάνατος
875 1986 1190 2061 ἀνίσταμαι,
1220 1980 1321 2044 καῖ
1340 1990 1492 2062 ὑμνῶ
1512 1992 1602 2044 τὸν
1624 1992 1776 2056 Θεὸν,

186 2070 280 2123 τὸν
307 2072 404 2126 διὰ
434 2073 665 2129 θανάτου
699 2077 769 2131 τά
805 2079 970 2134 τέκνα
1001 2085 1064 2136 ὲκ
1107 2082 1338 2138 θανάτου
1380 2083 1646 2149 σώζοντα’
1684 2087 1779 2140 καὶ

185 2162 442 2234 ἑορτάζω
470 2167 716 2237 νομίμως
739 2170 908 2240 αύτῷ,
938 2175 1262 2244 κοσμήσασα
1286 2176 1385 2247 τὴν
1422 2177 1628 2248 σκηνήν
1654 2194 1776 2248 μου,

183 2254 287 2326 τὴν
318 2257 524 2329 σάρκα,
558 2263 671 2323 τοῖς
711 2262 915 2325 καλοῖς,
944 2263 1133 2337 ὥσπερ
1152 2267 1314 2320 κάκεῖ
1342 2271 1462 2332 ταῖς
1497 2268 1783 2338 πενταφώ-

183 2363 303 2412 an;
330 2352 396 2403 αἱ
426 2353 687 2423 παρθένοι
720 2356 999 2428 λαμπάσιν
1035 2358 1166 2429 (ll).

1885 1912 1992 1957 tem
2027 1906 2333 1972 peccatum,
2367 1913 2475 1953 non
2507 1896 2696 1951 valens
2725 1893 2958 1964 amplius
2988 1892 3043 1947 in
3067 1889 3353 1946 demortuo
3382 1888 3468 1945 vi-

1888 2012 2031 2054 vere.
2066 1995 2220 2051 Unde
2247 2003 2461 2050 mortuo
2494 1998 2719 2062 peccato
2751 1997 2805 2045 et
2830 1994 3109 2057 corrupto,
3139 1999 3334 2041 rursus
3361 1982 3466 2037 im-

1886 2091 2135 2146 mortalis
2160 2104 2411 2158 resurgo,
2440 2086 2721 2158 Deumque
2749 2084 2912 2140 laudo
2933 2122 2947 2146 ,
2970 2081 3065 2153 qui
3102 2095 3199 2150 per
3230 2083 3464 2133 mortem

1883 2184 2023 2239 lilios
2055 2199 2086 2236 a
2120 2191 2295 2237 morte
2325 2180 2559 2235 liberet:
2591 2180 2754 2249 inque
2781 2178 2901 2247 ejus
2929 2176 3194 2229 honorem
3224 2170 3467 2243 legitime

1883 2276 2026 2331 diem
2064 2273 2263 2330 festum
2289 2272 2504 2329 celebro
2525 2312 2542 2336 ,
2586 2286 2791 2326 ornans
2836 2266 3248 2345 tabernaculum
3281 2276 3467 2318 meum

1884 2369 2126 2438 (carnem
2159 2366 2390 2437 scilicet)
2413 2364 2669 2434 operibus
2699 2363 2880 2423 bonis,
2900 2368 2960 2416 ut
2986 2367 3041 2415 et
3063 2359 3175 2413 illic
3199 2356 3465 2429 virgines,

1884 2462 2126 2534 quinque
2153 2462 2500 2516 lucernarum
2526 2457 2775 2513 accensis
2806 2452 3152 2523 lampadibus
3181 2449 3249 2506 ⁷³.

656 2597 786 2653 Cap.
827 2598 915 2654 Ill.
952 2600 1228 2668 Quomodo
1257 2618 1311 2655 se
1339 2602 1557 2673 quisque
1583 2601 1651 2655 ad
1684 2601 1923 2671 futuram
1960 2600 2396 2655 resurrectionem
2426 2612 2735 2667 comparare
2763 2593 2966 2647 debeat.

290 2730 675 2804 Εξεταζομένη
715 2738 780 2805 τῇ
822 2738 1015 2810 πρώτῃ
1055 2738 1156 2808 τῆς
1190 2737 1540 2802 ἀναστάσεως
1575 2738 1780 2812 ἡμέρα,

183 2826 237 2878 εἰ
265 2827 421 2896 φέρω
451 2823 521 2876 τὰ
560 2828 1010 2898 προστεταγμένα
1028 2845 1042 2858 ⁹
1076 2831 1124 2882 εἰ
1154 2815 1506 2901 κεκόσμημαι
1537 2832 1652 2894 τοῖς
1683 2829 1783 2899 τῆς

187 2916 397 2988 ἀρετῆς
453 2919 716 2986 καρποῖςο
765 2919 813 2971 εί
860 2920 972 2982 τοῖς
1020 2920 1233 2984 κλάδοις
1274 2922 1372 2991 τῆς
1421 2922 1646 2991 ἁγνείας
1684 2938 1781 2974 κα-

186 3007 585 3078 τασκιάζομαι.
610 3008 738 3060 Νόει
769 3008 878 3080 γάρ
919 3025 1007 3079 μοι
1046 3011 1145 3082 τὴν
1176 3011 1475 3066 ἀνάστασιν
1504 3008 1644 3067 εἶναι
1680 3011 1778 3084 τὴν

185 3101 595 3172 σκηνοπηγίαν.
626 3100 756 3153 Νόει
792 3118 880 3173 μοι
921 3103 1016 3155 καὶ
1046 3103 1115 3155 τὰ
1143 3105 1222 3167 είς
1254 3105 1351 3176 τὴν
1382 3103 1632 3158 σύνθεσιν
1673 3122 1777 3157 πα-

1959 2739 2143 2793 Prima
2174 2735 2598 2794 resurrectionis
2626 2733 2715 2789 die
2746 2732 2801 2787 in
2841 2744 3069 2787 examen
3105 2727 3362 2796 adducta,
3395 2742 3468 2785 an

1888 2843 1953 2883 ea
1987 2827 2206 2883 aderam
2236 2842 2357 2899 qua:
2379 2834 2510 2882 sunt
2532 2827 2796 2894 imperata
2824 2841 2836 2875 :
2870 2836 2940 2876 an
2964 2820 3184 2877 virtutis
3205 2819 3466 2889 operibus

1887 2920 2144 2975 decorata
2177 2920 2311 2982 sim,
2348 2933 2417 2974 an
2464 2916 2633 2972 ramis
2673 2913 2947 2971 castitatis
2987 2927 3205 2983 opacer.
3253 2910 3467 2982 Reputa

1885 3012 2029 3065 enim
2057 3009 2536 3072 resurrectionem,
2568 3005 2905 3061 tabernaculi
2960 3004 3291 3060 erectionem
3321 3017 3463 3059 esse.

1883 3101 2094 3172 chuta
2117 3117 2235 3172 quae
2255 3101 2309 3156 in
2334 3099 2668 3155 tabernaculi
2695 3097 3148 3168 compositionem
3175 3111 3469 3152 assumun-

186 3192 655 3264 ραλαμϐανόμενα
696 3196 795 3264 τῆς
841 3195 1050 3267 σκηνῆς
1087 3196 1187 3259 τὰς
1233 3196 1461 3266 πράξεις
1505 3194 1642 3251 εἶναι
1686 3198 1780 3267 τῆς

1888 3202 1995 3258 tur,
2019 3193 2246 3264 iustitiae
2268 3207 2389 3247 esse
2412 3207 2595 3262 Opera.
2637 3188 2804 3243 Sumo
2831 3189 2999 3260 igitur
3022 3187 3196 3259 prima
3231 3186 3320 3242 die
3341 3202 3464 3255 qua:

179 3282 558 3356 δικαιοσύνης.
599 3285 879 3355 Λαμεάνω
910 3282 1003 3339 οὖν
1040 3290 1106 3358 τῇ
1151 3289 1331 3360 ἡμέρᾳ
1370 3292 1442 3365 τῇ
1490 3289 1681 3362 πρώτῃ
1708 3289 1777 3343 τά

185 3374 647 3445 ὑποτεταγμένα·
677 3379 840 3430 οἱονεὶ
878 3381 943 3449 τῇ
984 3378 1172 3450 ἡμέρᾳ.
1281 3381 1560 3452 κρίνομαι,
1596 3383 1644 3433 εί
1680 3381 1778 3452 τὴν

187 3466 395 3537 σκηνὴν
427 3467 718 3538 ὲκόσμησά
753 3485 855 3538 μου
888 3473 1003 3534 τοῖς
1030 3473 1560 3543 προστεταγμένοιςο
1609 3475 1657 3525 εί
1689 3474 1781 3526 εὑ-

190 3558 477 3627 ρίσκονται
516 3559 689 3612 ταῦτα
716 3563 774 3613 ὲν
820 3562 981 3633 αὐτῇ,
1025 3563 1168 3635 άπερ
1214 3563 1448 3618 ἐνταῦθα
1485 3565 1582 3636 μὲν
1614 3566 1672 3619 ὲν
1704 3565 1782 3636 τῷ

186 3651 383 3721 κόσμῳ
415 3650 727 3720 κτήσασθαι
766 3655 1253 3725 προστασσόμεθα·
1287 3659 1402 3711 ἐκεῖ
1439 3658 1495 3711 δὲ
1541 3657 1781 3729 προσφέ-

189 3758 305 3811 ρειν
327 3741 411 3812 τῷ
620 3744 730 3796 Ἴτε
768 3744 897 3815 γὰρ,
937 3746 1030 3797 καὶ
1063 3746 1132 3799 τὰ
1174 3746 1300 3818 ἑξῆς
1334 3746 1778 3818 ἐπισκεψώμεθα.

256 3835 372 3888 Kal
400 3834 682 3904 λήψεσθε
712 3837 948 3904 ἑαυτοῖς
978 3836 1051 3906 τῇ
1093 3839 1311 3908 πρώτῃ,
1350 3841 1535 3912 φησὶν,
1570 3839 1777 3910 ἡμέρᾳ,

188 3933 432 3996 καρπὸν
459 3930 652 3993 ξύλου
671 3929 911 3997 ὡραῖον,
933 3930 1034 3983 καὶ
1057 3932 1324 3999 κλάδους
1351 3932 1544 3997 ξύλου
1571 3932 1779 3999 δασεῖς

188 4020 291 4073 καὶ
327 4019 511 4085 ἰτέας,
549 4020 649 4073 καὶ
686 4019 874 4089 ἄγνου
905 4020 1173 4089 κλάδους
1208 4024 1275 4077 ἑκ
1302 4024 1644 4094 χειμάῤῥου,
1682 4028 1780 4079 εὑ-

188 4111 534 4181 φρανθῆναι
557 4112 835 4167 ἐναντίον
861 4114 1084 4182 Κυρίου
1108 4114 1215 4168 τοῦ
1240 4117 1387 4170 Θεοῦ
1413 4116 1601 4185 ὑμῶν.
1636 4118 1782 4189 Καρ-

190 4202 295 4257 πὸν
328 4203 664 4274 ὡραιότατον
709 4200 865 4269 ξύλου
911 4208 960 4259 of.
1002 4206 1100 4277 τὴν
1149 4207 1376 4277 καρδίαν
1418 4208 1780 4281 ἀπερίτμητοι

203 4294 450 4348 Ἰουδαῖοι
478 4295 568 4349 διὰ
597 4295 659 4349 τὸ
696 4297 924 4367 μέγεθος
952 4299 1015 4352 τὸ
1048 4300 1257 4372 κίτριον
1294 4299 1552 4372 ἡγοῦνται
1581 4302 1782 4372 τυγχά-

190 4402 338 4440 νεινο
380 4387 501 4441 οὐδὲ
534 4389 968 4457 ὲγκαλύπτονται
1007 4394 1199 4464 κιτρίῳ
1232 4392 1324 4446 τὸν
1360 4393 1490 4447 Θεὸν
1531 4393 1780 4463 λέγοντες

188 4477 481 4549 τιμᾶσθαι,
516 4474 561 4548 ᾧ
606 4480 674 4533 τὰ
711 4482 1017 4553 τετράποδα
1050 4484 1226 4537 πάντα
1253 4484 1352 4555 τῆς
1387 4485 1489 4555 γῆς
1517 4486 1617 4538 οὐκ
1640 4486 1780 4539 είσὶν

1884 3287 2226 3352 subduntur,
2268 3300 2460 3354 nempe
2491 3299 2599 3354 quo
2621 3282 2711 3337 die
2740 3283 2795 3337 in
2828 3280 3039 3352 judicio
3069 3280 3256 3342 sistor,
3278 3306 3281 3307 ν
3307 3278 3353 3334 si
3383 3287 3468 3331 ta-

1881 3380 2237 3436 bernaculum
2266 3392 2448 3433 meum
2485 3377 2768 3447 praeceptis
2794 3374 2981 3429 ornavi
3010 3393 3023 3428 :
3057 3373 3103 3428 si
3136 3372 3252 3426 hmc
3282 3373 3337 3425 in
3369 3371 3466 3425 illo

1884 3471 2240 3526 inveniuntur
2270 3484 2389 3541 quae
2408 3468 2498 3522 hic
2529 3466 2582 3520 in
2608 3466 2808 3522 smculo
2842 3478 3165 3535 comparare
3184 3463 3464 3532 jubemur,

1886 3577 1949 3618 ac
1972 3563 2046 3617 ibi
2075 3562 2268 3617 offerre
2299 3562 2427 3617 Deo.
2456 3558 2613 3630 Agite
2645 3558 2813 3624 enim,
2845 3565 2899 3613 ct
2938 3572 3059 3628 quae
3089 3555 3350 3626 deinceps
3377 3567 3468 3610 se-

1884 3665 2125 3725 quuntur
2155 3653 2591 3710 consideremus.

1957 3836 2204 3899 Sumetis,
2239 3833 2446 3906 inquit,
2499 3833 2644 3887 vobis
2702 3832 2877 3902 prima
2916 3831 3003 3885 die
3047 3829 3281 3900 fructum
3334 3827 3467 3899 ligni

1884 3933 2198 3998 speciosam,
2228 3938 2277 3984 et
2306 3946 2480 3984 ramos
2504 3929 2632 3999 ligni
2664 3927 2853 3982 densos
2876 3966 2891 3991 ,
2931 3934 2982 3980 et
3005 3925 3193 3979 salices
3213 3964 3228 3987 ,
3256 3932 3306 3978 et
3341 3922 3467 3992 agni

1885 4040 2061 4078 ramos
2087 4024 2152 4077 de
2189 4032 2433 4091 torrente,
2474 4023 2543 4077 ad
2567 4020 2856 4077 uelandum
2883 4036 3061 4074 coram
3087 4019 3314 4073 Domino
3356 4016 3467 4073 Deo

1885 4127 2054 4172 vestro
2087 4116 2153 4171 “.
2177 4116 2435 4172 Fructum
2474 4117 2608 4189 ligni
2636 4116 3061 4187 pulcherrimum
3094 4112 3469 4168 incircumcisi

1884 4207 2051 4262 corde
2081 4192 2275 4273 Judaei,
2302 4196 2479 4264 obsui
2514 4205 2965 4279 magnitudinem,
2993 4205 3195 4260 citrum
3224 4219 3346 4260 esse
3377 4219 3468 4257 ar-

1884 4302 2189 4368 bitrantur;
2241 4317 2417 4373 neque
2464 4318 2561 4359 eos
2614 4302 2783 4373 pudet
2838 4300 3050 4364 dicere,
3104 4298 3273 4355 Deum
3324 4297 3471 4353 citro

1884 4394 1990 4448 coli
2022 4411 2036 4448 :
2069 4384 2183 4449 cui'
2206 4410 2275 4450 ne
2323 4395 2503 4449 omnia
2536 4394 2755 4465 quidem
2807 4401 2967 4448 terrae
3019 4388 3372 4462 quadrupeda
3411 4388 3470 4443 in

1886 4485 2265 4541 holocaustum
2314 4486 2435 4556 ipso
2460 4486 2684 4556 dignum
2723 4484 3058 4551 suﬂ‘ecerint,
3094 4488 3190 4537 aut
3229 4481 3358 4537 thus
3410 4477 3472 4537 in

262 4634 314 4666 τ’
342 4632 486 4689 Dan.
524 4651 620 4701 xu,
646 4634 701 4688 2.
746 4637 791 4667 ⁷³
817 4635 1014 4691 Matth.
1046 4655 1172 4703 xxv,
1204 4639 1255 4693 7.
1336 4639 1383 4670 ⁷³
1405 4638 1566 4694 Levit.
1594 4657 1753 4705 mn,
1792 4641 1883 4696 40.

191 4790 412 4846 scilicet
440 4806 557 4860 spe,
583 4792 899 4865 metaphora
928 4793 1144 4847 illorum
1175 4795 1265 4864 qui
1298 4809 1358 4850 se
1387 4805 1603 4865 portum
1629 4811 1780 4851 asse—
1812 4800 1859 4857 ι)
1887 4797 1982 4859 νάς
2012 4793 2364 4865 recipiemus,
2409 4806 2639 4865 corpora
2663 4793 2718 4845 in
2754 4790 3129 4865 sempiternum
3162 4786 3466 4865 conjuncta,

191 4870 358 4935 culos
378 4868 655 4935 putantes,
690 4864 784 4917 illo
809 4864 1120 4933 impingunt
1141 4879 1205 4919 ac
1233 4864 1483 4935 pereunt,
1515 4882 1612 4920 seu
1644 4882 1784 4920 nau-

191 4933 433 4999 tragium
462 4931 690 4987 faciunt.
748 4931 1037 4989 Constans.

263 4998 381 5076 (40)
411 4998 822 5076 THrAdzrwzoc
859 5007 898 5072 ή
939 5005 1163 5073 σκηνή.
1194 5004 1381 5060 Refert
1409 5004 1518 5061 Leo
1546 5005 1782 5063 Allatius

193 5072 481 5155 Michaelis
515 5072 699 5155 Glycaa
728 5072 1057 5155 epistolam,
1082 5091 1188 5155 qua
1226 5078 1301 5129 ait
1329 5080 1564 5155 probare
1594 5079 1780 5133 multis

190 5150 516 5218 sanctorum
544 5144 939 5218 dictis,_’fuisse
965 5144 1238 5218 hominem
1264 5144 1446 5200 animo
1472 5156 1526 5218 et
1549 5162 1780 5218 corpore

190 5222 444 5286 creatum
465 5212 869 5286 Δἰιιιιιιοτιίιιεῐιι,
919 5212 1119 5286 quibus
1164 5218 1281 5286 ipse
1314 5212 1779 5272 Methodium'ad-

186 5284 393 5354 jungit,
426 5282 486 5354 id
513 5284 662 5340 clare
700 5286 805 5340 hoc
853 5282 975 5341 loco
1016 5282 1373 5342 asseréntem.
1429 5286 1497 5340 Et
1543 5297 1692 5343 certe
1725 5288 1779 5343 id

190 5352 775 5435 docere.‘hiethodiutn
820 5357 1009 5435 negari
1044 5373 1168 5435 non.
1185 5365 1394 5427 potest;
1439 5366 1635 5435 atque
1672 5360 1778 5412 im-

190 5427 553 5497 mortalitate,
589 5442 691 5479 nec
722 5427 838 5495 ipse
865 5427 1002 5483 satis
1029 5428 1285 5497 explicat,
1314 5443 1414 5482 nec
1445 5427 1776 5484 alii’Patres.

194 5492 339 5568 Sane
368 5496 415 5549 si
427 5496 691 5568 artemo;
718 5492 759 5568 η’
787 5498 984 5568 σκηνή,
1033 5492 1177 5553 ιιιῐάθ
1206 5492 1350 5567 quod
1386 5500 1633 5554 corruit?
1669 5501 1776 5556 nisi

194 5566 339 5635 quod
355 5566 604 5640 subjecta
617 5566 810 5640 Adaini
826 5566 1053 5640 arbitrio
1064 5568 1183 5640 ejus
1198 5566 1598 5632 immortalitas,
1612 5585 1775 5640 quam

195 5643 438 5716 κεῖθι-ει
465 5638 515 5692 si
551 5638 742 5716 fellet,
770 5646 905 5716 utet
934 5639 1081 5693 fecit.
1112 5639 1230 5716 Non
1255 5648 1373 5716 erat
1400 5655 1531 5716 ergo
1552 5638 1778 5716 immor-

196 5707 379 5780 talitas
415 5707 578 5777 quasi
624 5709 879 5777 positiva,
924 5716 978 5764 et
1013 5724 1080 5763 ex
1110 5710 1395 5780 principiis
1437 5707 1775 5774 intrinsecis,

198 5778 374 5847 qualis
395 5780 503 5835 erit
534 5792 566 5833 a
595 5780 1023 5847 resurrectione,
1058 5778 1151 5855 per
1176 5778 1337 5852 quain
1364 5783 1612 5846 αἰωνίους
1647 5798 1779 5855 σκη-

1892 4882 1993 4919 nec
2022 4859 2262 4934 unquam
2298 4859 2729 4925 intermOritura,
2754 4864 2844 4934 sed
2873 4860 3028 4930 quasi
3056 4866 3244 4929 parata
3267 4859 3473 4934 extrin-

1893 4952 2017 4991 sece
2050 4929 2249 5005 Deique
2280 4948 2525 4998 munere,
2550 4935 2641 5003 qui
2677 4929 2950 4985 hominem
2982 4939 3263 5005 creaverat
3283 4938 3343 4983 ut
3368 4929 3472 5005 im-

1891 5006 2137 5061 mortalis
2162 4998 2343 5071 esset;
2375 5011 2429 5058 et
2462 4998 2704 5073 qui‘ipse
2741 5011 2965 5073 mortem
2996 5019 3099 5054 non
3122 5002 3272 5073 fecit,
3305 5008 3364 5073 ut
3386 4998 3473 5052 di-

1890 5078 2034 5132 citur
2084 5076 2213 5145 Sap.
2262 5090 2302 5137 t,
2332 5070 2437 5127 '15.
2479 5070 2873 5143 FCon'grucntia
2922 5071 3175 5145 Methodii
3230 5070 3472 5125 inducta

1882 5148 2097 5203 mortis.
2129 5143 2187 5200 ut
2217 5161 2281 5200 ea
2305 5150 2591 5214 peccatum
2628 5152 2956 5204 moreretur,
2978 5143 3033 5195 in
3070 5144 3121 5195 vi
3156 5155 3469 5214 congrueno

1879 5220 1970 5273 tia:
2003 5218 2164 5280 valet,
2218 5212 2330 5270 non
2365 5215 2598 5270 rationis
2630 5228 2751 5284 quae
2792 5222 2972 5283 cogat,
3024 5227 3150 5284 cum
3196 5212 3472 5284 praecipue

1879 5297 2066 5345 reatus
2105 5288 2281 5357 culpa}
2320 5302 2427 5339 non
2464 5286 2517 5338 in
2552 5281 2782 5354 corpore
2813 5281 2907 5357 sit,
2931 5284 3042 5357 sed
3075 5281 3346 5337 inanimo
3374 5281 3471 5352 qui

1880 5354 2309 5413 imnmrtalisest
2328 5374 2341 5422 ;
2360 5364 2414 5411 et
2434 5371 2595 5424 quem
2618 5358 2795 5424 ipsum
2820 5354 3024 5410 aboleri
3047 5370 3276 5410 necesse
3296 5361 3468 5417 esset,

1883 5438 1941 5483 ut
1980 5428 2137 5500 quasi
2177 5428 2382 5500 abolito
2419 5426 2691 5500 subjecto,
2726 5427 2933 5481 aboleri
2962 5434 3246 5500 peccatum
3280 5438 3473 5500 cense-

1886 5494 2038 5554 retur
2089 5514 2152 5553 ac
2201 5498 2451 5552 deiicere.
2500 5497 2617 5568 Alia
2646 5513 2776 5568 ergo
2806 5494 3099 5566 quaerenda
3130 5494 3467 5568 peccati_de-

1886 5571 2139 5634 structio,
2192 5568 2358 5623 animi
2412 5568 2468 5623 in
2510 5567 2679 5621 Deum
2713 5565 3077 5623 conrersionc
3103 5565 3157 5623 et
3196 5565 3473 5621 inlusione

1886 5643 2094 5767 εἰσῇτε,
2120 5650 2295 5762 lextra
2337 5653 2502 5709 quam
2544 5640 2692 5694 nulla
2727 5640 2976 5709 corporis
3007 5654 3156 5693 mors
3184 5643 3469 5709 peccatum

1886 5727 1916 5765 a
1959 5720 2086 5766 oet.
2144 5727 2197 5764 ι).

1886 5714 2086 5766 abolet.
2120 5714 2197 5764 In.

1958 5783 2070 5854 (41)
2108 5782 2241 5849 Ταῖς
2270 5779 2740 5853 πενταφώτοις...
2774 5780 3069 5851 λαμπάσι.
3110 5776 3315 5848 Nempe
3352 5790 3473 5833 om-
