3864 6162
402 334 510 391 185

1360 320 1418 375 S.
1456 313 1789 372 METEODII
1826 308 2137 367 EPISCOPI
2178 307 2266 363 ET
2309 299 2673 360 MARTYRIS

3560 286 3666 344 184

399 447 712 504 incensum.
728 442 1091 514 Prorsusque,
1120 455 1155 496 ο
1198 439 1336 495 dura
1360 453 1425 493 ac
1452 435 1629 492 ferrea
1652 436 1899 499 pectora!
1931 435 1976 490 si

2095 433 2163 494 εἰς
2184 426 2548 483 ὁλοκαύτωσιν
2578 420 2758 487 ἱκανὰ,
2785 417 2878 472 καὶ
2904 420 2932 471 ὁ
2957 415 3174 478 λίϐανος
3201 414 3281 477 είς
3306 409 3501 465 καῦσιν
3528 407 3662 481 (4'2).

399 536 576 592 citrus
608 536 831 607 pulcher
856 536 1015 591 vobis
1044 533 1288 597 videtur,
1325 529 1518 601 quidni
1555 539 1610 584 et
1662 543 1765 582 uva
1797 526 1979 598 potius

400 628 665 699 pulchra?
686 626 876 698 quidni
905 634 960 682 et
985 625 1189 679 malum
1215 628 1500 692 granatum
1547 618 1839 687 ceterique
1889 633 1981 671 ar-

402 722 596 776 borum
630 720 846 776 fructus
889 730 942 774 et
992 732 1154 788 poma
1200 715 1371 771 multo
1394 715 1533 768 citro
1564 710 1982 782 praestantiora?

402 812 549 870 Sane
578 814 633 867 in
656 813 886 868 Cantieo
907 811 1247 867 canticorum
1271 810 1317 841 ⁷⁸
1337 808 1611 871 Salomon,
1640 806 1834 859 horum
1863 817 1982 856 om-

400 907 552 961 niurn
583 906 936 978 pulchrorum
980 904 1256 958 fructuum
1287 900 1560 956 mentione
1582 899 1723 954 facta
1748 938 1762 962 ,
1809 911 1981 951 unum

401 997 665 1053 duntaxat
695 996 896 1050 malum
927 995 1122 1049 citrum
1147 992 1368 1048 silentio
1396 990 1676 1062 praeteriit.
1728 987 1836 1043 Sed
1875 988 1981 1042 hoc

402 1088 778 1160 imprudentes
805 1084 1182 1157 decipit,quod
1202 1100 1309 1139 non
1342 1084 1742 1147 intellexerunt,
1774 1082 1979 1153 lignum

400 1181 526 1237 vita:
547 1181 693 1251 quod
730 1180 883 1249 prius
914 1178 1203 1250 paradisus
1247 1177 1453 1233 ferebat
1485 1177 1552 1240 ⁷⁸,
1583 1190 1732 1229 nunc
1780 1174 1979 1228 iterum

402 1273 705 1330 Ecclesiam
740 1273 997 1328 omnibus
1025 1272 1383 1342 germinasse,
1407 1268 1553 1340 quod
1589 1267 1875 1339 pulchrum
1916 1280 1981 1321 ac

403 1366 665 1422 decorum
695 1364 818 1420 ﬁdei
844 1364 1078 1419 fructum
1108 1362 1290 1417 faciat.

471 1457 656 1513 Talem
684 1474 787 1513 nos
806 1457 1046 1512 fructum
1075 1457 1142 1509 ad
1169 1454 1407 1509 tribunal
1426 1452 1632 1508 Christi
1656 1450 1982 1507 accedentes

403 1549 598 1607 aﬂ'erre
627 1565 851 1606 necesse
898 1558 985 1605 est
1032 1548 1211 1619 primo
1236 1546 1600 1601 solemnitatis
1637 1544 1763 1600 die:
1793 1560 1904 1614 quo
1934 1545 1979 1598 si

402 1656 504 1697 nos
527 1656 747 1713 quoque
794 1638 1181 1704 destituamur,
1212 1653 1324 1692 non
1363 1637 1665 1708 poterimus
1709 1651 1835 1690 cum
1871 1633 1983 1690 Deo

402 1731 611 1800 feriari,
635 1747 738 1787 nec
757 1739 964 1802 partem
988 1731 1392 1793 nanciscemur,
1420 1735 1481 1783 ut
1503 1742 1694 1783 auctor
1710 1736 1794 1783 est
1816 1725 1983 1781 Joan-

2080 523 2192 578 Καὶ
2214 521 2350 584 ὅλως
2388 520 2437 571 εί
2466 517 2530 570 τὸ
2565 515 2794 586 κίτριον,
2824 505 2869 566 ὡ
2901 507 3268 581 ἀτεράμονεςί
3304 505 3502 576 ὡραῖον
3528 502 3661 573 (45),

2079 618 2219 674 διατί
2249 616 2323 688 μὴ
2356 616 2450 669 καὶ
2479 615 2513 685 ἡ
2548 609 2792 681 σταφυλὴ
2824 607 3026 679 μᾶλλον
3056 603 3269 677 ὼραία;
3299 598 3443 654 διατι
3469 597 3542 669 μὴ
3569 596 3666 651 καί⁵

2082 715 2117 784 ἡ
2148 711 2269 785 ῥοιά
2287 727 2301 775 ;
2321 708 2464 763 διατί
2487 705 2561 778 μὴ
2589 704 2683 758 καὶ
2705 702 2767 755 τὸ
2802 700 2968 773 μῆλον
3000 698 3095 751 καὶ¹
3117 695 3185 749 τὰ
3207 694 3340 750 ἄλλα
3363 690 3664 785 ἀκρόδρυῆ

2080 780 2159 857 τὰ⁷
2202 801 2397 874 μᾶλλον
2450 796 2770 868 διαφέροντα
2810 792 2903 847 τοῦ
2944 790 3187 860 κιτρίου;
3231 785 3446 857 ’Δμὲλει
3493 784 3552 836 ὲν
3585 780 3667 852 τῷ

2085 897 2325 967 ’ᾼσματι
2357 893 2464 947 τῶν
2502 891 2764 964 ᾀσμάτων
2784 929 2798 953 ,
2838 886 3056 940 πάντων
3099 884 3128 936 ὁ
3166 880 3416 952 Σολομῶν
3460 877 3666 931 τούτων

2081 990 2298 1062 ὡραίων
2335 986 2733 1061 μνημονεύσας,
2759 983 2821 1037 τὺ
2858 981 3063 1054 κίτριον
3096 974 3449 1046 ἀπεσιώπησε
3485 971 3662 1043 μόνον.

2095 1080 2256 1136 Ἀλλὰ
2283 1079 2490 1134 τούτων
2521 1072 3041 1146 ἀπεϐουκολήθησαν
3076 1071 3126 1124 οἱ
3151 1070 3404 1140 ἄφρονες,
3441 1063 3517 1136 μὴ
3544 1062 3667 1133 νοή-

2085 1191 2277 1237 σαντες
2316 1173 2375 1225 τὸ
2408 1170 2565 1238 ξύλον
2596 1168 2699 1239 τῆς
2741 1166 2910 1236 ζωῆς,
2944 1164 2973 1218 ὃ
3002 1161 3240 1234 πρόσθεν
3286 1160 3384 1230 μὲν
3416 1158 3444 1210 ὁ
3490 1152 3672 1224 παρά-

2081 1264 2255 1327 δεισος
2280 1261 2463 1332 ἔφερε,
2491 1259 2584 1313 νῦν
2608 1258 2663 1311 δὲ
2681 1258 2845 1311 πᾶσιν
2868 1246 3323 1322 ἀνεϐλάστησενή
3355 1244 3668 1314 Ἐκκλησία,

2083 1358 2173 1410 τὸν
2204 1355 2401 1427 ὡραῖον
2431 1352 2526 1406 καὶ
2552 1349 2803 1421 εὐπρεπῆ
2833 1347 2933 1417 τῆς
2958 1346 3194 1407 πίστεως
3219 1339 3405 1394 ποιοῦν
3433 1336 3668 1411 καρπόν.

2153 1447 2405 1501 Τοιοῦτον
2438 1442 2764 1514 ἐληλυθότας
2793 1438 3004 1510 καρπὸν
3034 1440 3100 1509 τῇ
3132 1435 3325 1507 πρώτῃ
3349 1433 3447 1502 τῆς
3476 1430 3675 1501 ἑορτῆς

2084 1541 2267 1612 ἡμέρᾳ
2289 1541 2368 1602 είς
2392 1538 2451 1591 τὸ
2475 1536 2823 1607 δικαστήριον
2862 1534 3011 1603 ἡμᾶς
3036 1529 3281 1601 κομίζειν
3305 1527 3384 1580 δεῖ
3407 1522 3671 1597 Χριστοῦ.

2084 1635 2177 1689 ἐὰν
2206 1634 2281 1706 μὴ
2314 1629 2796 1701 τοιοῦτονσχῶμεν
2827 1627 2923 1681 καὶ
2952 1628 3114 1697 ἡμεῖς
3146 1621 3383 1694 καρπὸν,
3418 1620 3478 1672 ού
3508 1618 3674 1685 δυνη-

2087 1725 2291 1797 σόμεθα
2332 1722 2686 1795 συνεορτάσαι
2737 1718 2857 1789 Θεῷ
2878 1737 2891 1748 ·
2942 1718 3005 1771 οὐ
3040 1713 3378 1785 τευξόμεθα,
3410 1710 3555 1765 κατά
3584 1707 3676 1761 τὸν

402 1837 504 1879 nes
523 1823 592 1888 ",
626 1824 680 1877 in
702 1823 1083 1877 resurrectione
1106 1822 1298 1889 prima.
1333 1819 1563 1890 Lignum
1590 1820 1735 1875 enim
1761 1820 1886 1874 vitae
1900 1828 1985 1875 est

2102 1794 2379 1890 Ἰωάννην,
2407 1794 2519 1884 τῆς⁵
2552 1815 2789 1884 πρώτης
2819 1810 3233 1875 ἀναστάσεως.
3269 1807 3344 1860 Τὸ
3388 1805 3499 1875 γὰρ
3523 1800 3678 1867 ξύλον

403 1914 649 1969 omnium
683 1915 1037 1986 primogenita
1072 1911 1626 1987 SapientiazLignum
1660 1914 1780 1983 vita:
1809 1922 1888 1967 est
1916 1914 1984 1967 iis

403 2010 494 2079 qui
533 2008 968 2079 apprehenderint
998 2025 1136 2071 eam,
1166 2008 1242 2062 ait
1272 2006 1535 2077 propheta
1558 2046 1573 2069 ,
1610 2015 1661 2061 et
1681 2008 1757 2061 eis
1786 2007 1875 2078 qui
1904 2007 1986 2060 in-

406 2100 649 2155 nituntur
673 2115 829 2167 super
855 2099 1023 2169 ipsam
1043 2098 1199 2168 quasi
1226 2111 1381 2164 super
1402 2096 1689 2151 Dominum
1712 2114 1897 2151 secura
1917 2099 1983 2152 ⁷⁸.

402 2190 631 2262 Lignum
674 2191 973 2261 plantatum
1003 2207 1150 2246 secus
1191 2191 1443 2246 decursus
1495 2206 1794 2259 aquarum,
1846 2189 1987 2261 quod

402 2283 635 2352 fructum
663 2300 818 2338 suum
840 2282 989 2336 dabit
1019 2284 1085 2337 in'
1109 2295 1336 2354 tempore
1373 2300 1469 2338 suo
1509 2284 1554 2315 ⁷³
1582 2303 1595 2337 :
1627 2281 1877 2337 doctrina
1900 2291 1987 2339 est

401 2383 457 2432 et
479 2377 722 2432 charitas
757 2386 812 2432 et
860 2376 1149 2448 prudentia
1173 2418 1188 2442 ,
1232 2386 1479 2448 tempore
1515 2384 1825 2447 opportuno
1877 2376 1986 2431 illis

402 2466 689 2537 dispertita
718 2468 811 2539 qui
838 2468 905 2523 ad
927 2484 1099 2539 aquas
1126 2468 1521 2539 redemptionis
1550 2469 1842 2524 accedunt.

475 2643 581 2712 Qui
620 2660 730 2699 non
751 2645 986 2700 credidit
1013 2646 1264 2712 Christo,
1314 2662 1490 2717 neque
1518 2662 1643 2702 eum
1676 2662 1800 2703 esse
1836 2647 1989 2717 prin-

398 2737 605 2806 cipium
635 2748 689 2792 et
715 2738 920 2809 lignum
953 2738 1075 2791 vitae
1096 2739 1383 2801 intellexit,
1409 2739 1458 2794 is
1499 2754 1624 2793 cum
1653 2755 1765 2794 non
1816 2740 1992 2809 possit

400 2826 514 2882 Deo
536 2828 825 2883 ostendere
848 2828 1260 2883 tabernaculum
1294 2845 1457 2885 suum
1486 2830 1846 2901 pulchrorum
1876 2829 1992 2884 fru-

403 2929 593 2974 ctuum
627 2920 1042 2989 speciosissimo
1075 2928 1354 2985 ornatum,
1379 2923 1654 2993 quomodo
1682 2924 1884 2979 festum
1909 2939 1992 2981 co-

404 3012 676 3070 lebrabit?
705 3016 979 3083 quomodo
1022 3014 1330 3070 lartabitur?
1362 3012 1454 3071 Vis
1491 3030 1656 3071 nosse
1700 3016 1991 3087 pulchrum

400 3105 531 3176 ligni
548 3103 783 3159 fructum
800 3105 1136 3162 ?Considera
1154 3107 1659 3163 sermonesDomini
1679 3109 1849 3164 nostri
1860 3108 1991 3165 Jesu

400 3196 628 3261 Christi,
661 3206 719 3251 ut
747 3207 875 3253 sunt
906 3199 1127 3266 speciosi
1155 3199 1330 3269 forma
1356 3217 1467 3270 pra:
1490 3201 1616 3264 ﬁliis
1638 3200 1903 3256 hominum
1920 3202 1988 3257 ⁸ο.

401 3286 637 3344 Pulcher
681 3288 893 3346 fructus
942 3292 1267 3361 germinavit
1321 3307 1416 3362 per
1457 3291 1738 3364 Moysem,
1796 3309 1993 3365 nempe

401 3381 520 3451 lex;
550 3382 644 3438 sed
683 3400 792 3439 non
832 3383 906 3437 ita
948 3385 1178 3455 pulcher
1209 3394 1268 3440 ut
1289 3384 1662 3458 Evangelium.
1693 3386 1803 3442 Lex
1845 3387 1993 3443 enim

476 3559 523 3590 ⁷⁸
547 3559 705 3616 Cant.
742 3578 815 3625 Iv,
861 3563 947 3617 15.
1024 3562 1071 3594 ⁷⁸
1108 3561 1236 3620 Gen.
1277 3579 1337 3627 ιι,
1364 3564 1417 3619 9.
1496 3565 1543 3596 ⁷⁷
1569 3564 1735 3633 Apoc.
1766 3581 1858 3631 xx,
1886 3561 1940 3617 6.
2013 3564 2064 3596 ⁷⁸

405 3742 568 3798 nibus
616 3741 871 3813 sensibus
916 3741 973 3813 in
1021 3757 1229 3813 morem
1276 3744 1586 3813 lampadum
1641 3744 1893 3801 accensis
1932 3744 1988 3799 in

405 3813 612 3885 cultum
642 3812 971 3885 virginitatis
993 3812 1119 3885 ;7ita
1132 3813 1349 3885 scilicet
1372 3812 1430 3868 ut
1454 3814 1652 3885 singuli
1682 3816 1758 3869 illi
1788 3830 1988 3871 sensus

405 3884 683 3942 studeant,
716 3883 961 3951 nihilque
993 3883 1347 3937 libidinosum
1380 3893 1473 3938 aut
1501 3883 1806 3941 abhorrens
1834 3902 1864 3939 a
1896 3900 1989 3939 ea-

406 3954 609 4008 stitatis
643 3953 853 4023 legibus
885 3968 985 4007 sua
1027 3956 1263 4023 quisque
1307 3956 1627 4023 operatione
1672 3956 1986 4022 admittant,

406 4025 483 4078 uti
518 4024 571 4076 in
601 4023 977 4095 superioribus
1003 4023 1307 4078 Methodius
1334 4025 1452 4094 ipse
1475 4028 1748 4095 exposuit,
1772 4027 1991 4081 debuit-

404 4109 513 4168 que
548 4094 866 4148 meminisse
892 4092 1177 4168 Possinins
1205 4092 1668 4168 iierroiwogocbkotg
1696 4098 1990 4168 legeretac

405 4166 796 4290 ﬁctorqueret,
862 4166 1009 4229 plene
1075 4165 1406 4231 lucentibus,
1480 4174 1540 4221 ut
1608 4165 1985 4237 ipse'reddit.

453 4250 700 4290 ounnrts.

453 4250 700 4290 οιιιιειθιε.

478 4306 589 4375 (42)
622 4306 731 4360 Καὶ
764 4310 798 4362 ό
815 4308 1062 4372 λίϐανος
1082 4308 1170 4372 εις
1199 4306 1442 4360 καῦσιν.
1470 4307 1627 4361 Κατὰ
1650 4307 1853 4373 κοινοῦ,
1882 4309 1991 4371 πᾶς

402 4378 433 4430 ὁ
458 4376 675 4449 λίὸανος
706 4377 808 4449 τῆς
839 4379 962 4449 γῆς.
990 4376 1274 4449 Quidquid
1307 4377 1474 4433 thuris
1503 4388 1553 4432 et
1594 4379 1793 4432 incensi
1837 4378 1991 4433 habet

402 4457 570 4531 terra,
602 4448 681 4501 uti
713 4448 781 4502 de
808 4448 1131 4531 pecudibus
1183 4448 1457 4531 dixeram.
1481 4458 1774 4531 utrumque
1819 4465 1991 4519 genus
2024 4477 2068 4531 ι)

402 4506 745 4575 oblationum
775 4506 1114 4589 signiﬁcans,
1148 4526 1379 4589 utroque
1411 4506 1590 4582 altari,
1640 4506 1991 4574 holocavusto-

401 4605 526 4644 rnm
557 4598 611 4644 et
647 4587 1059 4658 thymiamatum
1104 4605 1225 4658 qua:
1259 4587 1313 4643 in
1342 4587 1437 4659 Dei
1461 4590 1690 4652 cultum,
1722 4589 1988 4659 quidquid

402 4661 624 4715 demum
659 4662 939 4725 offeratur,
971 4675 1249 4731 nunquam
1276 4658 1562 4714 sufﬁciant.
1599 4659 1755 4725 Quod
1776 4658 1889 4726 jani
1912 4661 1988 4713 illi

403 4733 589 4785 ornnia
618 4732 835 4797 debita;
858 4738 913 4786 et
942 4731 1011 4785 ab
1041 4746 1128 4796 eo,
1157 4744 1256 4799 pro
1294 4731 1413 4798 ejus
1442 4731 1748 4800 majestate,
1782 4732 1991 4783 inﬁnite

402 4808 634 4856 remota.
666 4801 756 4864 At,
792 4802 925 4870 quid
956 4801 1282 4856 Possinius?
1321 4801 1588 4855 Libanum
1626 4801 1856 4870 ejusque
1894 4817 1991 4855 ne-

404 4887 559 4925 mora
588 4872 692 4927 sibi
720 4881 1065 4926 commentus
1095 4880 1199 4932 est,
1241 4872 1334 4940 qui
1369 4873 1484 4940 ipse
1517 4872 1573 4924 in
1607 4872 1781 4925 altare
1808 4880 1989 4924 verte-

403 4949 578 5008 retur,
605 4951 657 4997 et
690 4942 835 4996 unde
861 4944 927 4997 ad
958 4943 1390 4997 comburemlum
1421 4941 1745 4996 holocausto
1774 4940 1989 4996 sullice-

403 5020 557 5064 retur
592 5032 606 5068 :
639 5015 719 5067 sic
763 5015 908 5067 enim
931 5013 1126 5082 amica
1172 5010 1749 5082 parapln-asi,sa!pius
1779 5013 1991 5065 auctori

406 5084 590 5137 minus
619 5084 861 5137 olliciosa
908 5081 1076 5151 Cujus
1099 5081 1248 5137 mons
1282 5081 1425 5136 totus
1455 5081 1692 5135 Libanus
1724 5083 1914 5145 altare,
1940 5092 1992 5136 et

404 5160 606 5223 cuncta:
623 5154 770 5207 illius
795 5155 963 5218 silvw,
988 5171 1134 5223 pyra:
1155 5154 1348 5222 forent.
1366 5153 1455 5218 At,
1479 5153 1610 5223 quid
1632 5153 1842 5206 Libano
1864 5167 1990 5206 cum

404 5222 815 5294 altari,iqnzeve
855 5222 1219 5293 ejnsreligio,
1262 5232 1357 5278 aut
1389 5222 1511 5294 quze
1548 5228 1604 5278 in
1637 5225 1730 5278 illo
1764 5223 1991 5292 antiquo

405 5291 537 5353 ritu,
568 5291 751 5346 oblata
793 5291 904 5346 Deo
948 5291 1289 5360 holocausta,
1332 5291 1512 5349 ut‘sic
1539 5311 1604 5351 ex
1638 5310 1703 5349 eo
1742 5291 1993 5348 debuerit

406 5361 717 5434 Methodius
749 5366 1058 5434 exemplum
1092 5374 1295 5434 petere,
1329 5373 1383 5420 et
1419 5381 1528 5419 non
1558 5382 1626 5419 ex
1666 5366 1782 5420 suis
1812 5363 1992 5434 Lycia:

405 5431 639 5505 aliisque
691 5432 1050 5505 vicinior-ilius
1094 5431 1404 5499 'Inontibns,
1455 5436 1657 5505 quibus
1699 5450 1802 5505 nec
1841 5431 1992 5490 silvae

404 5502 616 5568 desint;
651 5503 755 5557 etsi
792 5501 931 5556 forte
957 5503 1109 5558 deest
1142 5505 1290 5567 tbus,
1324 5507 1403 5560 uti
1425 5501 1735 5572 etLibano;
1771 5503 1991 5560 Sabaeo-

403 5587 526 5624 rum
569 5572 792 5640 regione
838 5574 1184 5640 proveniens,
1246 5591 1352 5629 non
1399 5576 1607 5630 Libano
1640 5585 1851 5639 monte;
1889 5575 1991 5629 mi-

405 5655 660 5711 rumque,
687 5642 833 5711 quod
873 5658 1040 5695 unum
1068 5647 1298 5699 attendit
1326 5645 1652 5711 Methodius,
1688 5647 1794 5700 ﬁdo
1824 5647 1992 5700 inter-

405 5710 865 5782 ριὀιῖὁμωνυμίᾳ
893 5712 1139 5782 decepto,
1169 5730 1269 5769 nec
1298 5717 1352 5769 in
1384 5727 1619 5772 mentem
1640 5710 1879 5773 venisse.
1910 5714 1988 5773 In.

476 5781 693 5853 {45)31
738 5781 803 5835 τὸ
842 5781 1132 5849 κίτριον...
1190 5786 1425 5853 ὡραῖον.
1481 5787 1784 5855 l'ossinius,
1841 5788 1989 5859 Ψιοά

2089 1913 2233 1982 ζωῆς
2275 1912 2423 1963 ἐστιν
2479 1912 2512 1981 ή
2560 1908 2906 1979 πρωτότοκος
2962 1905 3179 1958 πάντων
3229 1899 3421 1969 σοφία·
3476 1895 3683 1950 Ξύλον

2089 2001 2238 2070 ζωῆς
2266 2002 2399 2055 ἐστι
2431 2001 2555 2067 τοῖς
2581 1997 3006 2068 ἀντεχομένοις
3041 1994 3254 2064 αὐτῆς,
3285 1993 3451 2064 φησὶν
3481 1995 3509 2046 ὁ
3544 2007 3685 2063 προ-

2090 2096 2286 2168 φήτης,
2318 2094 2414 2148 καὶ
2439 2093 2562 2160 τοῖς
2595 2090 3071 2161 ἐπερειδομένοις
3111 2089 3202 2143 ἐπ’
3228 2086 3443 2155 αὐτὴν,
3473 2086 3554 2152 ὠς
3575 2083 3681 2138 ἐπὶ

2088 2188 2326 2256 Κύριον,
2361 2187 2666 2255 ἀσφαλής.
2700 2184 2902 2239 Ξύλον
2922 2181 3082 2250 παρὰ
3108 2180 3214 2247 τὰς
3246 2178 3555 2243 διεξόδους
3575 2190 3686 2229 πε-

2089 2279 2467 2351 φυτευμένον
2514 2277 2635 2332 τῶν
2680 2276 2936 2340 ὑδάτων,
2986 2275 3017 2329 ὅ
3062 2273 3171 2327 τὸν
3213 2270 3449 2338 καρπὸν
3489 2267 3686 2323 αὑτοῦ

2088 2373 2268 2428 δώσει
2318 2372 2388 2426 ἐν
2435 2370 2618 2440 καιρῷ
2664 2368 2887 2432 αὐτοῦ,
2939 2366 3262 2421 διδασκαλία
3310 2364 3408 2419 καὶ
3464 2361 3686 2423 σύνεσις

2090 2467 2258 2530 ἐστιν,
2314 2466 2372 2518 ἐν
2405 2462 2584 2534 καιρῷ
2619 2463 2949 2534 προσήκοντι
2988 2461 3101 2522 τοῖς
3134 2458 3233 2528 τῆς
3278 2457 3371 2510 ἐπὶ
3399 2453 3468 2508 τὰ
3508 2453 3689 2507 ὕδατα

2088 2555 2522 2627 ἀπολυτρώσεως
2551 2551 2969 2623 ἀφικνουμένοις
2994 2549 3267 2619 διδομένη.

2173 2651 2231 2703 '0
2267 2649 2342 2721 μὴ
2386 2646 2688 2710 πιστεύσας
2717 2643 2962 2719 Χριστῷ,
3005 2642 3143 2714 μηδὲ
3172 2641 3270 2712 τὴν
3303 2637 3477 2710 ἀρχὴν
3510 2635 3689 2707 αὐτὴν

2091 2737 2231 2796 εἶναι
2272 2741 2367 2795 καὶ
2393 2740 2457 2793 τὸ
2501 2738 2657 2806 ξύλον
2702 2736 2804 2809 τῆς
2849 2736 2993 2807 ζωῆς
3033 2733 3365 2806 ᾐσθημένος,
3406 2731 3506 2784 ούκ
3541 2729 3691 2801 ἔχων

2091 2835 2259 2902 δεῖξαι
2303 2833 2382 2905 τῷ
2426 2832 2545 2904 Θεῷ
2577 2830 2656 2903 τῷ
2700 2828 3014 2904 ὡραιοτέρῳ
3042 2827 3152 2882 τῶν
3197 2825 3417 2898 ὡραίων
3454 2820 3690 2894 καρπῶν

2091 2931 2191 3000 τὴν
2216 2928 2420 2999 σκηνὴν
2450 2925 2614 2980 αὐτοῦ
2641 2923 3084 2994 κεκοσμημένην,
3103 2918 3222 2984 πῶς
3248 2918 3530 2992 ὲορτάσει;
3563 2916 3693 2980 πῶς

2092 3019 2562 3092 εὐφρανθήσεται;
2608 3017 2797 3080 Θέλεις
2842 3015 3046 3085 γνῶναι
3092 3013 3185 3067 τὸν
3235 3012 3437 3083 ὡραῖον
3469 3008 3694 3081 καρπδν

2092 3111 2187 3165 τοῦ
2221 3109 2413 3178 ξύλου;
2452 3109 2749 3179 ὲπίσκεψον
2782 3110 2906 3172 τοὺς
2934 3107 3124 3176 λόγους
3155 3104 3249 3158 τοῦ
3284 3102 3492 3174 Κυρίου
3524 3099 3693 3173 ἡμῶν

2107 3200 2283 3274 Ἰησοῦ
2311 3200 2573 3273 Χριστοῦ,
2603 3200 2721 3263 πῶς
2760 3201 2897 3252 εἰσιν
2926 3196 3125 3266 ὡραῖοι
3155 3195 3317 3265 παρὰ
3347 3193 3491 3261 τοὺς
3513 3192 3694 3260 υἱοὺς

2097 3295 2217 3349 τῶν
2262 3293 2607 3363 ἀνθρώπων.
2680 3294 2895 3363 Ὠραῖος
2958 3290 3171 3362 καρπὸς
3234 3288 3540 3360 ἐϐλάστησε
3594 3286 3696 3340 διὰ

2097 3386 2396 3451 Μωῦσὲως,
2426 3387 2454 3438 ὁ
2486 3386 2669 3457 νόμος·
2705 3384 2818 3437 ἀλλ’
2851 3384 2950 3453 οὐχ
2976 3384 3148 3447 οὔτως
3187 3378 3254 3454 ἦν
3287 3380 3490 3452 ὡραῖος
3524 3377 3603 3442 ὡς
3628 3378 3697 3432 τὸ

2094 3562 2255 3619 Prov.
2282 3580 2364 3628 In,
2402 3563 2487 3619 l8.
2563 3564 2607 3597 ⁷³
2638 3561 2789 3617 Psal.
2824 3578 2862 3627 ι,
2888 3563 2940 3618 5.
3005 3561 3052 3594 ⁸ο
3089 3560 3238 3615 Psal.
3265 3576 3413 3626 xuv,
3449 3559 3503 3615 5.

2098 3744 2302 3814 ubique
2351 3750 2536 3797 textus
2579 3756 2757 3814 sacer,
2804 3747 2859 3795 et
2904 3740 3231 3814 interpretes
3272 3745 3328 3814 et
3368 3736 3695 3794 Methodius

2098 3809 2334 3868 fructum
2371 3814 2581 3877 dicunt,
2620 3813 2841 3873 citrum,
2876 3821 3097 3881 repente
3132 3810 3188 3864 in
3222 3809 3472 3864 arborem
3508 3817 3697 3862 muta-

2097 3886 2207 3949 vit;
2242 3891 2302 3938 ut
2334 3891 2389 3939 et
2428 3882 2713 3953 sequentia
2757 3882 2957 3950 quibus
2999 3883 3122 3935 aliis
3161 3888 3532 3949 comparatur,
3560 3895 3696 3953 qua:

2096 3955 2387 4009 videantur
2416 3951 2748 4022 vel—arquare
2780 3953 2863 4006 vel
2920 3953 3082 4006 etiam
3120 3966 3385 4022 superare
3408 3952 3530 4019 ejus
3563 3951 3696 4019 pul-

2096 4025 2493 4091 chritudinem;
2526 4021 2702 4085 ,nvas,
2754 4024 3146 4091 malogranata,
3197 4021 3342 4075 mala
3380 4034 3693 4091 pomaque;

2099 4112 2238 4150 nova
2271 4103 2439 4158 certe,
2459 4095 2773 4164 fruimurque
2809 4094 2864 4146 in
2893 4095 3207 4164 interprete
3242 4092 3477 4164 licentiae
3510 4100 3696 4164 meta:

2100 4167 2403 4235 morpliosi.
2448 4162 3088 4235 Fructuinfspeciosum,
3143 4165 3258 4217 sive
3286 4163 3474 4229 etiam,
3504 4162 3693 4235 ut_alii

2098 4231 2331 4300 malunt,
2355 4235 2567 4289 arboris
2591 4231 2871 4304 speciosa.
2902 4234 3075 4304 citrns
3102 4240 3208 4297 est,
3234 4239 3293 4286 ut
3310 4231 3698 4304 communiter

2097 4308 2322 4361 tradunt
2343 4306 2587 4370 Hebraei;
2613 4301 2989 4374 pmiveritque
3013 4302 3270 4374 Targnm.
3297 4301 3559 4367 Onkelos,
3591 4303 3697 4372 qui

2100 4377 2234 4431 illud
2264 4376 2475 4432 Hebraei
2499 4373 2701 4440 textus,
2732 4373 2963 4444 fructum
2990 4374 3120 4444 ligni
3146 4373 3375 4444 decoris,
3411 4387 3696 4444 exposue-

2099 4448 2204 4512 rit,
2247 4449 2478 4518 fructum
2518 4446 2648 4516 ligni
2688 4441 2832 4518 citri.
2877 4441 3163 4518 Mana'he‘m
3197 4452 3250 4499 et
3286 4441 3510 4518 Gerund
3539 4441 3697 4518 Rab-

2099 4515 2255 4581 bini,’
2280 4519 2455 4587 ipsam
2490 4515 2679 4571 volunt
2717 4516 2993 4587 arborem,
3028 4515 3189 4584 cujus
3219 4530 3327 4587 esu
3348 4515 3560 4587 Adamo
3610 4515 3698 4587 inj-

2099 4585 2412 4651 terdictinn,
2436 4604 2602 4657 penes
2621 4601 2762 4656 quos
2789 4587 2859 4640 sit
2886 4586 3020 4641 ﬁdes
3045 4605 3056 4639 :
3088 4600 3213 4657 nam
3237 4586 3363 4654 quis
3392 4585 3699 4657 revelavit?

2096 4659 2327 4712 Auream
2351 4654 2593 4712 arborem
2616 4654 2775 4711 vocat
2798 4657 3069 4727 interpres
3091 4656 3381 4711 Arabicus.
3412 4654 3697 4726 Joseplius

2097 4729 2161 4780 ἐκ
2195 4728 2451 4798 φοινίκων
2485 4729 2577 4780 καὶ
2604 4727 2848 4798 κιτρίων,
2872 4743 2937 4780 ea:
2965 4727 3156 4798 palmis
3187 4737 3237 4779 et
3256 4727 3431 4798 citris,
3462 4727 3697 4798 (quibus

2097 4797 2343 4853 cnnl'erta
2378 4797 2999 4867 Paliestina)’instruere
3037 4797 3232 4852 solitos
3265 4797 3434 4851 refert
3463 4797 3697 4853 Judaaos

2098 4887 2195 4923 sua
2243 4871 2358 4923 haec
2402 4868 2755 4934 tabernacula
2789 4887 2801 4921 :
2830 4879 2878 4922 el
2929 4869 3092 4922 modo
3130 4869 3434 4932 instruunt,
3482 4869 3696 4938 quibus

2100 4940 2233 4995 locis
2260 4955 2360 4995 suo
2388 4939 2495 4992 ritu
2525 4940 2781 4993 sinuntur
2814 4940 3016 5003 vivere,
3048 4939 3342 5009 ambitioso
3364 4953 3499 4993 sane
3524 4953 3700 5009 appa-

2097 5024 2239 5073 ratu,
2283 5009 2461 5080 quoad
2496 5025 2591 5077 per
2635 5008 2946 5080 facultatem
2995 5010 3137 5080 licet.
3174 5008 3507 5071 Methodius.
3538 5008 3693 5078 Quod

2096 5078 2315 5150 negare
2341 5079 2578 5151 videtur,
2600 5148 2609 5151 _
2631 5079 2869 5151 fructum
2913 5080 3067 5133 illum
3108 5078 3332 5151 ὡραῖον,
3363 5081 3691 5149 speciosum,

2098 5148 2191 5206 vel
2226 5155 2309 5214 (ut
2344 5149 2544 5218 schol.)
2584 5148 2814 5214 ἔνδοξον.
2860 5148 3178 5219 gloriosum,
3233 5148 3405 5206 fuisse
3458 5151 3694 5216 citrum,

2096 5238 2211 5275 rem
2240 5237 2345 5275 non
2373 5220 2593 5275 conﬁcit
2620 5239 2632 5273 ε
2665 5221 2760 5276 sed
2789 5218 2935 5288 quod
2963 5218 3136 5275 Judaei
3169 5236 3277 5274 non
3310 5221 3417 5275 alio
3448 5228 3696 5276 mentem
3744 5240 3747 5245 ν

2097 5293 2296 5364 lerant,
2331 5307 2432 5346 nec
2465 5292 2770 5364 intelligant
2804 5292 3008 5364 aliquid
3038 5292 3285 5361 spiritale
3315 5290 3512 5364 horum
3538 5307 3698 5364 sym-

2098 5363 2221 5417 bolo
2250 5363 2546 5433 designari.
2569 5360 2921 5417 commodior
2945 5360 3083 5417 citri
3104 5370 3334 5416 ornatus
3370 5360 3700 5433 tabernacu-

2098 5434 2171 5495 lo,
2202 5432 2501 5504 qnanrvel
2531 5447 2780 5494 uvarum,
2809 5434 2911 5504 Avel
2950 5436 3181 5486 aliorum
3213 5448 3351 5504 quae;
3372 5433 3463 5504 ille
3496 5432 3694 5500 refert,

2096 5502 2242 5574 quod
2278 5506 2394 5574 ipsa
2424 5503 2590 5556 arbor
2627 5512 2682 5574 et
2728 5502 2856 5556 l'olia
2892 5505 3140 5573 ramique
3174 5519 3284 5556 non
3331 5502 3493 5558 facile
3542 5519 3697 5556 mar-

2097 5573 2344 5637 cescant,
2380 5575 2608 5642 ipsaque
2637 5573 2890 5627 decorem
2920 5575 3066 5627 malo
3101 5583 3359 5643 augeant,
3397 5584 3453 5629 et
3485 5574 3556 5627 ab
3596 5574 3696 5627 illo

2097 5648 2355 5702 hauriant
2388 5663 2401 5699 :
2435 5646 2690 5712 quodque
2734 5645 2910 5715 ipsum
2957 5644 3312 5715 malumdies
3346 5659 3455 5699 non
3480 5655 3698 5715 paucos

2096 5719 2367 5791 integrum
2402 5721 2712 5786 perseveret
2742 5722 2796 5770 et
2825 5714 3133 5770 odoratum.
3163 5714 3237 5769 lo.
