3864 6162
248 314 358 373 185

1314 316 1701 377 CONVIVIUM
1739 319 1974 378 DECEM
2005 317 2368 378 VIRGINUM.

3436 325 3537 382 ιεδ

245 438 609 525 Εὐαγγέλιον..
657 440 896 504 Ἐκεῖνος
924 439 1024 512 μὲν
1056 438 1166 513 γὰρ
1186 440 1361 508 τύπος
1388 461 1473 507 τις
1499 439 1569 516 ἦν
1597 445 1693 499 καὶ
1721 462 1821 499 anu

1954 447 2127 518 ﬁgura
2170 447 2423 518 quaedam
2467 453 2588 503 erat
2638 454 2693 503 et
2726 447 2919 503 umbra
2961 447 3269 504 futurarum
3318 464 3534 516 rerum;

243 531 359 586 τῶν
414 529 720 603 μελλόντων
762 531 1108 604 πραγμάτων
1134 547 1148 560 ·
1191 531 1353 586 τοῦτο
1390 533 1448 587 δὲ
1480 535 1711 607 ἀλήθεια
1750 553 1821 589 κα

1950 541 2302 611 Evangelium
2338 548 2518 596 autem
2552 541 2756 596 veritas
2787 548 2893 607 est,
2924 548 2979 596 et
3013 541 3138 596 vitae
3180 542 3377 613 gratia.
3407 539 3538 596 Pul-

244 624 401 698 ζωῆς
442 625 624 697 χάρις.
691 625 906 698 Ὠραῖος
943 622 1012 700 ἦν
1044 625 1155 681 τῶν
1202 627 1501 700 προφητῶν
1543 630 1573 681 6
1602 630 1841 702 καρπός·

1947 632 2081 687 cher
2109 639 2228 687 erat
2248 631 2637 702 prophetarum
2671 629 2907 695 fructus,
2926 633 3021 687 sed
3054 648 3162 686 non
3193 632 3268 686 ita
3287 632 3534 703 pulcher,

243 719 366 775 ἀλλ’
401 720 503 789 οὐχ
533 718 707 782 οὕτως
745 719 970 791 ὡραῖος,
1002 719 1079 784 ὡς
1110 723 1140 775 6
1171 720 1233 786 ἐξ
1278 720 1445 776 αὐτοῦ
1491 721 1821 796 γεωργούμεη

1948 736 2009 782 ιιι
2038 728 2131 798 qui
2182 742 2250 781 ex
2307 726 2429 796 ipso
2472 727 2694 798 legitur,
2722 725 3152 796 incorruptionir
3185 724 3420 786 fructus.

240 824 360 873 νος,
393 808 498 879 τῆς
528 806 861 881 ἀφθαρσίας.

239 924 379 984 CAP.
412 926 505 984 IV.
538 928 691 985 Mens
717 930 1024 1004 degurgatis
1047 932 1187 988 vitiis
1212 935 1588 1003 perspicacior.
1634 936 1815 990 Animi
1840 944 2061 990 ornatus
2086 951 2148 988 ac
2172 935 2425 988 virtutum
2457 935 2636 988 series.
2667 932 2919 1004 Charitas
2943 932 3107 989 densa
3135 942 3185 989 et
3207 934 3530 1004 constipata;

782 1000 1043 1068 Cas—titas,
1074 1000 1310 1059 omnium
1336 1000 1638 1074 postremus
1666 1017 1909 1062 ornatus.
1952 1005 2073 1076 Ipse
2093 1006 2427 1059 matrimonii
2467 1003 2814 1076 castigandus
2843 1021 2998 1061 usus.

315 1114 432 1167 Καὶ
459 1114 737 1185 λήψεσθε
762 1117 999 1185 ἑαυτοῖς
1025 1116 1102 1188 τῇ
1139 1118 1339 1189 πρώτῃ
1382 1120 1574 1191 ’ἡμέρᾳ
1602 1120 1837 1190 καρπὸν

240 1207 442 1272 ξύλου
478 1209 715 1279 ὡραῖον,
749 1211 847 1265 καὶ
905 1211 1255 1281 κὰλλυντρα
1304 1214 1620 1281 φοινίκων
1662 1213 1836 1284 λέγων
1890 1280 1897 1289 .

236 1299 341 1372 τὴν
367 1300 601 1372 ἄσκησιν
627 1302 735 1356 τῶν
765 1301 926 1357 θείων
956 1301 1317 1375 μαθημάτων,
1338 1299 1420 1367 οἷς
1444 1303 1837 1376 ἐκκαθαίρεται

238 1395 339 1446 καὶ
374 1396 661 1465 κοσμεῖται
706 1394 850 1467 ψυχὴ
882 1395 1091 1450 νικῶσα
1131 1396 1200 1451 τὰ
1246 1395 1414 1467 πάθη,
1451 1397 1837 1468 άποσαρουμέ-

237 1502 348 1539 νων
514 1484 576 1552 ἐξ
606 1489 777 1561 αὐτῆς
816 1490 912 1543 καὶ
954 1488 1364 1562 ἐκϐαλλομένων
1412 1490 1522 1545 τῶν
1583 1492 1836 1564 ἁμαρτη-

239 1577 454 1649 μάτων.
482 1582 578 1634 Δεῖ
612 1581 721 1654 γὰρ
754 1581 1030 1657 καθαροὺς
1067 1583 1164 1638 καὶ
1195 1584 1648 1657 κεκοσμημένους
1679 1586 1836 1656 ἥκειν

234 1672 321 1734 εἰς
347 1671 448 1743 τὴν
481 1672 697 1745 ἑορτὴν,
736 1673 924 1747 ὥσπερ
962 1677 1260 1749 κοσμήτρῳ
1287 1680 1407 1741 ταῖς
1439 1677 1707 1749 άσκήσεσι
1740 1678 1835 1732 καὶ⁵

237 1760 501 1832 μελέταις
544 1765 647 1837 τῆς
676 1765 879 1838 ἀρετῆς
924 1768 1486 1841 πεφιλοπονουμένους
1507 1786 1521 1801 '
1552 1772 1633 1825 ὅτι
1683 1771 1839 1843 μελέ-

229 1870 360 1918 ταις
405 1856 687 1923 ἐπιπόνοις
740 1861 835 1913 καὶ
882 1861 1147 1932 ἁσκήσεσι
1199 1862 1599 1935 καθαιρόμενος
1635 1865 1663 1917 6
1710 1862 1833 1928 νοῦς

229 1948 343 2003 τῶν
402 1951 882 2007 ὲπικαλυπτόντων
936 1955 1099 2009 αὑτὸν
1144 1955 1369 2010 ἀλλοίων
1416 1956 1790 2030 διανοημάτων
1814 1997 1830 2023 ,

229 2039 520 2113 δξυδερκεῖ
558 2043 695 2114 πρὸς
748 2045 851 2117 τὴν
882 2045 1160 2118 ἀλήθειαν.
1200 2047 1468 2122 Καθάπερ
1490 2050 1585 2102 καὶ
1623 2053 1655 2122 η
1688 2051 1832 2123 χήρα

228 2133 325 2187 τὸν
345 2134 651 2207 κοδράντην
671 2138 729 2189 ὲν
756 2140 871 2202 τοῖς
901 2138 1255 2209 Εὑαγγελίοις
1283 2140 1573 2213 ἀνεύρατο,
1608 2142 1746 2213 μετὰ
1769 2142 1831 2195 τὸ

232 2227 488 2298 σαρῶσαι
520 2228 610 2282 τὸν
639 2224 785 2283 οἷκον
815 2229 911 2285 καὶ
946 2231 1102 2302 ῥίψαι
1133 2231 1202 2286 τά
1232 2232 1457 2305 κόπρια,
1500 2233 1569 2286 τὰ
1608 2233 1832 2286 ἐπισκο-

224 2319 435 2375 τοῦντα
465 2323 560 2376 καὶ
589 2322 933 2379 καλύπτοντα
960 2325 1107 2396 πάθη
1134 2326 1233 2399 τὴν
1264 2326 1461 2400 ψυχὴν,
1495 2325 1565 2379 τὰ
1593 2326 1702 2380 ἀπὸ
1727 2326 1828 2398 τῆς

228 2411 488 2485 θρύψεως
517 2416 676 2487 ἡμῶν
710 2418 806 2471 καὶ
832 2417 933 2490 τῆς
965 2419 1224 2491 ἀμελείας
1257 2419 1614 2492 πληθύνοντα.

299 2598 422 2654 Kal.
451 2601 633 2656 τοίνυν
657 2604 686 2656 6
717 2602 1035 2669 σπουδάζων
1064 2607 1145 2685 εἰς
1188 2605 1287 2676 τὴν
1319 2607 1511 2678 ἑορτὴν
1541 2606 1650 2660 τῶν
1685 2608 1827 2678 Σκη-

224 2692 339 2745 νῶν
379 2694 608 2750 ἐκείνων
631 2696 856 2766 φθάσαι,
888 2698 984 2752 καὶ
1012 2702 1124 2764 τοῖς
1159 2700 1338 2769 ἁγίοις
1383 2700 1826 2773 συγκαταλεχθῆ-

225 2802 357 2850 ναι,
392 2786 614 2857 πρῶτον
642 2788 733 2843 τὸν
766 2776 966 2863 ὡραῖον
1002 2791 1103 2864 τὴν
1146 2792 1329 2846 πίστιν
1365 2793 1657 2865 κτησάσθω
1691 2812 1826 2867 καρ-

221 2878 333 2933 πόν
359 2895 372 2909 ·
407 2875 532 2934 εἶτα
557 2880 626 2936 τὰ
670 2881 1002 2955 κάλλυντρα,
1030 2883 1129 2956 τὴν
1176 2886 1407 2957 ἄσκησιν
1450 2887 1544 2947 καὶ
1595 2885 1824 2958 μελέτην

221 2971 338 3025 τῶν
375 2972 644 3044 Γραςρῶν·
686 2970 807 3031 εἶτα
838 2977 966 3041 τοὺς
1018 2977 1309 3050 ἐριθηλέας
1357 2978 1556 3051 ἐφεξῆς
1594 2979 1825 3045 κλάδους

221 3061 326 3132 τῆς
359 3062 587 3135 ἀγάπης
608 3066 703 3119 καὶ
743 3065 946 3131 δασεῖς,
980 3066 1074 3132 οὓς
1105 3069 1197 3122 καὶ
1233 3070 1371 3141 μετὰ
1410 3069 1480 3124 τὰ
1511 3070 1823 3143 κάλλυντρα

222 3156 523 3226 παρεγγυᾷ
565 3154 971 3228 λαμβάνεσθαι,
1016 3159 1244 3225 κλάδους
1288 3160 1470 3227 δασεῖς
1515 3163 1820 3218 εύθυδολώ-

220 3262 387 3309 τατα,
417 3246 521 3318 τὴν
545 3248 769 3320 ἀγάπην
799 3249 1014 3320 φράσας
1036 3268 1050 3281 ·
1079 3252 1140 3305 τὸ
1169 3251 1277 3325 γὰρ
1297 3253 1432 3308 δασὺ
1463 3256 1820 3328 κατάκαρπον

219 3336 346 3391 ὅλον
383 3338 506 3392 ἐστὶ
550 3338 647 3393 καὶ
688 3341 911 3405 πυκνὸν,
944 3342 1109 3413 μηδὲν
1139 3343 1352 3417 ψιλὸνῆ
1392 3344 1636 3400 διάκενον
1674 3346 1819 3418 ἔχον,

217 3431 361 3485 άλλὰ
390 3432 574 3486 πάντα
625 3434 1054 3507 πεπληρωμένον
1079 3476 1094 3500 ,
1131 3438 1228 3491 καὶ
1277 3440 1403 3503 τοὺς
1435 3440 1686 3512 ὄρπηκας
1727 3443 1822 3496 καὶ

218 3522 290 3576 τὰ
317 3523 575 3596 στελέχη.
607 3525 862 3581 Τοιοῦτον
889 3526 996 3600 γάρ
1029 3529 1230 3601 ἐστινή
1260 3531 1472 3601 ἀγάπη,
1511 3531 1821 3605 μηδαμόθεν

220 3614 492 3680 ὑπόκενος
519 3616 554 3688 ἦ
584 3616 835 3689 ἄκαρπος
864 3613 1018 3673 οὖσα.
1044 3615 1124 3674 Ἦ
1158 3622 1287 3694 γάρ,
1317 3623 1427 3677 ἐὰν
1460 3625 1725 3694 πωλήσω
1749 3625 1823 3681 τὰ

218 3707 583 3778 ὑπάρχοντά
610 3727 751 3779 μου,
784 3711 883 3765 καὶ
918 3711 1092 3767 δώσω
1132 3714 1391 3785 πτωχοῖς
1411 3733 1424 3746 ·
1459 3717 1560 3771 καὶ
1606 3719 1715 3773 ἐὰν
1753 3718 1820 3772 τὸ

218 3803 396 3874 σῶμα
437 3822 562 3874 μου
600 3807 746 3875 πυρὶ
800 3804 1130 3877 παραδώσω
1155 3849 1169 3873 ,
1222 3811 1321 3864 καὶ
1362 3811 1472 3865 ἐὰν
1514 3814 1823 3882 τοσαύτην

219 3897 458 3965 πίστιν,
478 3895 639 3951 ὥστε
662 3898 770 3968 ὄρη
791 3897 1106 3969 μεθιστᾷν,
1133 3901 1463 3972 κτήσωμαι,
1486 3902 1729 3974 ἀγάπην
1753 3902 1823 3957 δὲ

216 3991 301 4062 μὴ
340 3992 498 4062 ἔχω,
553 3991 736 4047 οὐδέν
768 3995 905 4063 εἰμι.
954 3995 1166 4067 Ἀγάπη
1220 3995 1331 4069 ἄρα
1368 3996 1430 4050 τὸ
1461 3998 1820 4068 κατάκαρπον

219 4084 338 4137 ἐστι
380 4086 481 4138 καὶ
519 4083 821 4139 δασύτατον
870 4085 1024 4151 ξύλον
1064 4089 1305 4154 πάντων,
1338 4090 1371 4161 ἡ
1432 4089 1682 4161 γέμουσα
1725 4092 1820 4145 καὶ

223 4178 637 4251 πεπληρωμένη
672 4178 781 4233 τῶν
809 4180 1070 4253 χαρίτων.

291 4352 430 4409 Εἶτα
471 4355 528 4408 τι
564 4357 1092 4429 παραλαμϐάνεσθαι
1144 4358 1393 4430 βούλεται
1445 4378 1541 4415 και
1589 4360 1816 4433 ἓτερον;

2017 1120 2086 1174 Et
2131 1121 2347 1175 sumetis
2385 1119 2529 1175 vobis
2558 1121 2733 1188 prima
2766 1119 2851 1175 die
2902 1121 3134 1191 fructum
3170 1123 3300 1194 ligni
3331 1122 3533 1192 specio-

1944 1230 2093 1275 sum,
2125 1222 2173 1266 et
2206 1212 2453 1280 spatulas
2506 1211 2810 1279 palmarum
2856 1211 2922 1265 ⁸¹.
2978 1211 3182 1283 Nempe
3215 1213 3532 1271 divinarum

1943 1303 2361 1373 disciplinarum
2420 1302 2865 1356 exercitationem
2922 1303 3282 1373 signiﬁcans,
3327 1307 3529 1376 quibus

1943 1395 2275 1451 emundatur
2297 1401 2351 1448 et
2374 1401 2603 1448 ornatur
2630 1394 2847 1449 animus
2874 1394 3128 1449 vitiorum
3147 1396 3340 1459 vietor,
3365 1412 3527 1453 ever-

1943 1487 2065 1542 ritis
2095 1503 2160 1541 ex
2189 1490 2307 1556 ipsa
2329 1482 2631 1556 ejecti'sque
2652 1487 2909 1556 peccatis.
2933 1485 3165 1541 Mundos
3191 1489 3337 1542 enim
3362 1498 3529 1560 alque

1942 1587 2169 1635 ornatos
2197 1578 2265 1632 ad
2315 1579 2514 1633 festum
2553 1579 2740 1634 venire
2802 1593 3030 1633 necesse
3082 1586 3203 1647 est,
3264 1587 3525 1651 tanquam

1940 1673 2234 1744 mangonio
2268 1673 2505 1743 quodam
2530 1713 2545 1737 ,
2604 1669 2881 1743 religiosis
2909 1672 3171 1741 operibus
3198 1672 3528 1742 vii-tutisque

1842 1751 1846 1754 6
1872 1768 1914 1823 B
1940 1765 2218 1821 exercitiis
2244 1766 2530 1836 magniﬁce
2557 1774 2807 1836 comptos
2834 1781 2899 1821 ac
2929 1767 3220 1837 expolitos.
3258 1766 3523 1823 Laborio-

1938 1859 2015 1914 sis
2044 1859 2191 1913 enim
2222 1857 2277 1912 id
2326 1874 2499 1929 genus
2530 1860 2973 1916 exercitamentis
3003 1859 3302 1931 depurgata
3328 1877 3484 1917 mens
3507 1903 3524 1929 ,

1935 1970 1966 2010 a
1997 1954 2338 2010 diversarum
2369 1955 2761 2025 cogitationum
2796 1954 2943 2007 illam
2990 1954 3407 2009 obtundentium
3442 1952 3528 2007 of-

1937 2046 2057 2103 fusa
2090 2047 2308 2115 nebula,
2338 2056 2498 2102 acute
2513 2047 2793 2101 veritatem
2826 2047 3021 2102 cernit.
3060 2044 3151 2101 Uti
3171 2048 3332 2102 etiam
3361 2045 3528 2101 vidua

1935 2138 1989 2193 in
2023 2139 2331 2211 Evangeliis
2361 2139 2406 2171 ⁸²
2443 2139 2803 2209 quadrantem
2858 2138 3095 2203 invenit,
3147 2153 3273 2193 cum
3300 2138 3525 2194 domum

1931 2231 2230 2287 everrisset
2258 2240 2313 2286 et
2341 2232 2534 2286 sordes
2583 2231 2869 2301 eiecisset;
2921 2232 3049 2285 vitia
3083 2232 3294 2287 scilicet
3322 2232 3524 2288 obscu-

1929 2327 2110 2381 rantia
2143 2325 2385 2379 animum
2426 2339 2489 2378 ac
2535 2325 2908 2389 obnubentia,
2959 2341 3081 2396 quae
3130 2341 3227 2395 per
3276 2333 3521 2380 nostram

1930 2418 2215 2474 mollitiem
2249 2433 2313 2473 ac
2344 2417 2653 2474 socordiam
2687 2418 2895 2489 ingenti
2934 2418 3093 2473 nobis
3124 2424 3308 2489 segete
3356 2432 3518 2489 auge-

1929 2520 2110 2566 scunt.

2000 2601 2105 2668 Qui
2157 2602 2322 2673 igitur
2370 2601 2437 2656 ad
2473 2600 2980 2657 Tabernaculorum
3036 2601 3256 2656 illorum
3318 2600 3521 2657 festum

1928 2696 2080 2767 cupit
2137 2695 2403 2760 evadere,
2468 2695 2635 2766 inque
2684 2702 2998 2751 sanctorum
3040 2711 3267 2752 censum
3321 2692 3522 2752 referri

1926 2789 2130 2853 studet,
2158 2791 2396 2859 primum
2437 2789 2745 2860 speciosum
2777 2788 3015 2843 fructum
3044 2828 3060 2853 ,
3111 2788 3163 2842 id
3211 2794 3296 2843 cst
3332 2787 3518 2853 ﬁdem,

1928 2880 2033 2935 sibi
2089 2891 2421 2951 comparet:
2481 2889 2597 2934 tum
2664 2880 2954 2950 spatulas,
2996 2887 3260 2933 attentam
3308 2879 3521 2934 scilicet

1929 2972 2343 3044 Scripturarum
2376 2974 2782 3029 meditationem
2822 2989 2886 3028 ac
2924 2972 2980 3026 in
3026 2973 3107 3027 eis
3159 2970 3518 3026 exercitatio-

1929 3082 2091 3121 nem:
2132 3073 2323 3136 postea
2372 3066 2478 3129 late
2514 3065 2835 3122 frondentes
2866 3064 3177 3135 densosque
3235 3062 3518 3118 charitatis

1926 3174 2132 3223 ramos,
2165 3174 2306 3229 quos
2340 3167 2460 3229 post
2487 3159 2731 3229 spatulas
2762 3157 2917 3227 jubet
2945 3158 3119 3222 sumi;
3163 3171 3349 3211 ramos
3378 3154 3517 3210 den-

1925 3266 2018 3307 sos
2042 3251 2326 3322 aptissime
2355 3251 2681 3306 charitatem
2716 3266 2956 3317 vocans;
2993 3249 3139 3320 quod
3173 3251 3316 3303 enim
3343 3250 3512 3305 dense

1923 3345 2083 3409 viret,
2118 3346 2231 3401 fere
2261 3344 2404 3400 idem
2433 3345 2654 3414 copiose
2698 3343 3044 3399 fructuosum
3079 3350 3366 3413 totumque
3392 3342 3512 3397 fru-

1925 3438 2157 3509 giferum
2186 3445 2292 3501 est,
2316 3436 2457 3492 nihil
2507 3439 2649 3492 exile
2698 3450 3107 3505 exsuccumque
3140 3435 3381 3500 habens,
3415 3432 3514 3492 sed

1924 3534 2107 3589 omnia
2143 3534 2324 3603 plena,
2349 3542 2402 3588 et
2429 3545 2614 3586 ramos
2650 3539 2703 3585 et
2735 3536 2984 3583 truncos.
3014 3525 3165 3581 Talis
3196 3527 3401 3597 quippe
3429 3534 3516 3583 est

1924 3626 2199 3686 Charitas.
2240 3626 2389 3679 nulla
2422 3633 2578 3695 parte
2618 3636 2794 3677 vacua
2829 3628 2924 3674 aut
2959 3621 3321 3676 infructuosa.
3374 3620 3513 3674 Nam

1924 3720 1972 3773 si
2001 3717 2277 3773 vendidero
2316 3734 2493 3772 omnes
2518 3716 2802 3786 facultates
2828 3731 2972 3769 meas
2995 3754 3008 3777 ,
3043 3724 3093 3768 ct
3118 3713 3437 3768 distribuere
3458 3715 3514 3769 in

1922 3812 2064 3865 cibos
2091 3826 2419 3880 pauperum;
2452 3819 2504 3864 et
2533 3811 2581 3863 si
2610 3825 2803 3879 corpus
2835 3824 3008 3862 meum
3055 3808 3163 3876 igni
3198 3805 3513 3870 tradidero;

1921 3913 1970 3958 et
1995 3905 2043 3958 si
2073 3913 2278 3957 tantam
2324 3903 2483 3973 ﬁdem
2521 3901 2754 3956 habuero
2796 3910 2852 3954 ut
2910 3909 3111 3955 montes
3143 3904 3466 3969 transferam
3493 3939 3509 3962 ,

1923 3997 2234 4051 charitatem
2271 4005 2445 4050 autem
2472 4013 2577 4050 non
2612 3995 2868 4061 habuero,
2898 3995 3031 4048 nihil
3060 4011 3179 4048 sum
3211 3994 3280 4048 ⁸³.
3308 3992 3510 4047 Chari~

1921 4101 2007 4147 tas
2042 4092 2207 4162 igitur
2236 4092 2402 4146 arbor
2438 4098 2523 4147 est
2558 4090 2829 4145 fructibus
2879 4089 3038 4158 longe
3083 4087 3361 4142 uberrima
3390 4099 3514 4140 om-

1922 4183 2184 4253 niumque
2240 4182 2605 4248 densissima;
2666 4182 2863 4253 gratiis
2896 4182 3109 4238 scilicet
3138 4179 3356 4236 abunde
3388 4192 3514 4235 sca-

1921 4285 2045 4331 tens
2079 4277 2255 4346 iisque
2284 4277 2464 4347 plena.

1994 4365 2204 4421 Exinde
2232 4366 2363 4437 quid
2393 4372 2448 4421 et
2477 4365 2624 4421 aliud
2656 4382 2759 4422 nos
2805 4373 2921 4421 vult
2954 4366 3278 4422 assumere?
3304 4362 3513 4423 Ramos

218 4449 349 4513 τοὺς
378 4449 612 4514 κλάδους
656 4451 901 4517 ἰτεῒνους,
953 4454 1111 4523 φησὶ,
1150 4452 1248 4525 τὴν
1292 4454 1637 4526 δικαιοσύνην
1687 4453 1820 4507 κλά-

1931 4459 2137 4515 scilicet
2167 4459 2396 4514 salicum
2422 4498 2436 4523 ,
2486 4460 2594 4514 isto
2621 4460 2870 4531 symbolo
2894 4460 3166 4530 justitiam
3215 4458 3511 4526 indicans;

218 4540 345 4608 δους
390 4545 624 4608 ἱτεΐνους
666 4545 1007 4617 κικλήσκων,
1043 4545 1161 4599 ἀνθ’
1191 4539 1266 4600 ὧν
1313 4548 1365 4600 οἱ
1396 4547 1627 4612 δίκαιοι,
1673 4547 1815 4602 κατὰ

217 4635 315 4689 τὸν
340 4638 656 4709 προφήτην,
689 4638 772 4705 ὠς
810 4637 1122 4708 ἀναμέσον
1153 4638 1374 4706 ὕδατος
1405 4640 1815 4696 ἀνατέλλουσι

217 4734 457 4801 χόρτος,
482 4733 583 4786 καὶ
612 4733 691 4799 ὡς
716 4731 841 4789 ἰτέα
860 4731 959 4787 ἐπὶ
975 4734 1314 4802 παραρρέον
1334 4733 1512 4801 ὕδωρ,
1530 4734 1815 4799 θάλλοντες

217 4822 298 4894 τῷ
329 4823 494 4895 λόγῳ.
516 4824 630 4878 Καὶ
652 4824 746 4877 ἐπὶ
768 4826 923 4889 πᾶσι,
945 4826 1071 4889 τοὺς
1099 4824 1350 4894 άγνίνους
1379 4824 1815 4896 ἐπικοσμοῦν-,τας

216 4908 319 4982 τὴν
360 4911 571 4983 σκηνὴν
621 4912 1057 4985 παρακελεύεται
1106 4914 1513 4986 προσφέρεσθαι
1562 4915 1810 4981 κλάδους,

343 5066 389 5100 ⁸⁸
424 5066 593 5122 Levit.
625 5085 786 5135 mn,
809 5069 899 5124 40.

313 5183 405 5259 44)
444 5186 1005 5257 Ἀποσαρουμένων.
1042 5187 1143 5244 llic
1178 5190 1329 5257 item,
1377 5203 1497 5244 meo
1534 5187 1804 5259 periculo,

216 5255 374 5310 vocis
417 5264 729 5330 monstrum
762 5255 949 5327 ejicio,
995 5260 1143 5330 quod
1192 5255 1388 5316 attinet
1431 5260 1498 5313 ad
1535 5255 1806 5330 Methodii

216 5327 1144 5403 ριόριξείῑιιιιι,ἀποσαρκουμένων.
1173 5331 1368 5403 Conati
1420 5331 1647 5403 quidem
1682 5329 1807 5403 red-

218 5397 349 5452 dere
380 5395 491 5453 Leo
517 5396 771 5465 Allatius,
806 5395 839 5454 'a
878 5395 990 5455 suis
1027 5404 1276 5457 carnibus
1321 5395 1586 5467 diva-Isis;
1619 5400 1808 5456 Possi-

220 5468 370 5543 nius,
395 5469 615 5523 evulsis.
651 5469 854 5525 Verum
889 5488 997 5527 non
1024 5475 1138 5529 haec
1168 5475 1318 5530 illius
1346 5474 1498 5528 vocis
1536 5473 1806 5543 acceptio.

219 5538 316 5593 sed
340 5541 395 5592 in
427 5556 643 5593 carnem
675 5543 953 5601 concretis.
991 5553 1051 5598 ut
1084 5561 1208 5599 cum
1233 5544 1460 5599 ci-satrix
1491 5538 1806 5606 obducitur,

218 5616 273 5663 et
302 5623 434 5685 ca_ro
464 5611 752 5685 enascitur
775 5632 788 5666 :
812 5612 961 5685 quod
987 5631 1149 5670 nemo
1174 5631 1283 5670 non
1306 5614 1474 5682 videt,
1502 5630 1668 5685 quam
1698 5629 1809 5668 non

219 5679 921 5756 aptejungatur_ejectioui
953 5694 1325 5753 peccatorum.
1368 5679 1469 5743 Est
1507 5679 1640 5756 ergo
1674 5685 1810 5738 ἀπο-

220 5750 594 5830 σαρουμένων,
633 5751 712 5830 ita
742 5764 799 5830 ut
827 5750 1139 5830 everrantur
1157 5768 1371 5826 peccata
1397 5767 1447 5813 et
1478 5750 1807 5830 ejiciautur;

218 5822 333 5877 sive
355 5822 601 5876 everritis
635 5822 913 5896 ejectisque
941 5822 1206 5895 peccatis;
1235 5844 1400 5899 quam
1454 5822 1807 5899 postmodum

1924 4551 2131 4606 idcirco
2183 4551 2443 4605 nimirum
2496 4551 2640 4622 quod
2683 4551 2859 4620 justi,
2919 4559 2977 4605 ut
3011 4558 3203 4607 auctor
3252 4558 3338 4607 est
3380 4566 3512 4623 pro-

1924 4644 2087 4713 pheta
2127 4644 2206 4706 3“,
2255 4645 2393 4698 velut
2423 4661 2641 4715 gramen
2688 4645 2823 4698 inter
2860 4662 3025 4716 aquas
3069 4645 3410 4715 germinant,
3461 4654 3509 4699 et

1921 4733 2078 4801 quasi
2102 4732 2242 4785 salix
2260 4733 2423 4801 juxta
2457 4734 2901 4803 praeterﬂuentem
2930 4751 3122 4805 aquam
3145 4775 3159 4798 ,
3207 4735 3376 4789 verbo
3408 4735 3510 4791 do-

1923 4826 2211 4895 ctrinaque
2244 4826 2521 4881 ﬂorentes.
2555 4826 2809 4880 Omnium
2842 4826 3079 4897 denique
3113 4827 3354 4894 cumulo,
3381 4826 3509 4898 agni

1923 4916 2137 4973 arboris
2159 4932 2342 4972 ramos
2372 4918 2439 4972 ad
2464 4919 2881 4973 tabernaculum
2903 4919 3386 4975 condecorandum
3411 4922 3506 4989 ju-

1012 5071 1059 5105 ⁸¹
1094 5069 1268 5128 Marc.
1308 5087 1409 5136 xu,
1441 5071 1533 5127 4‘2.
1610 5072 1659 5105 ⁸³
1701 5070 1730 5126 I
1772 5071 1821 5127 Ο.

1933 5088 2058 5138 xm,
2088 5071 2144 5137 2,
2176 5072 2230 5127 '5.
2311 5074 2359 5105 ει
2390 5072 2506 5127 Isa.
2544 5089 2695 5142 κων,
2722 5074 2779 5128 4.

1913 5204 2103 5259 vocem
2126 5203 2194 5259 ex
2223 5186 2517 5259 Evangejio
2556 5188 2609 5243 in
2638 5188 2814 5243 vidua:
2838 5186 3088 5259 exemplo
3112 5187 3333 5254 repetit.
3368 5184 3510 5256 μετὰ

1914 5258 1975 5330 τδ
2004 5257 2249 5330 σαρῶσαι
2278 5254 2596 5330 τὸνόἷκονμο
2623 5268 2912 5330 postquam
2958 5254 3172 5311 domum
3204 5254 3503 5313 evenisset.

1916 5328 2019 5403 Ubi
2053 5326 2170 5403 pari
2199 5331 2415 5403 inscitia
2447 5332 2502 5386 in
2532 5326 2818 5403 Vulgatam
2857 5330 3391 5403 irrepserateuertitl
3409 5343 3508 5403 pro

1915 5399 2143 5473 everrit_._
2165 5402 2261 5457 sed
2287 5403 2602 5458 emendavit
2633 5399 2984 5473 sequentium
3027 5400 3317 5457 sedulitas.
3351 5399 3509 5454 Facit

1916 5472 2064 5544 quod
2094 5470 2405 5544 Methodius
2434 5475 2503 5528 ad
2532 5470 2728 5544 vocem
2753 5473 3063 5544 κάλλυντρα
3091 5473 3306 5534 alludit,
3337 5486 3504 5542 quam

1920 5542 2229 5615 Hesychius
2267 5542 2471 5615 aliique
2504 5543 2718 5608 σπάθας
2748 5542 3061 5615 exponunt.
3095 5544 3253 5615 quasi
3293 5559 3503 5615 scopas.

1918 5611 2249 5686 Plutarchus
2284 5615 2341 5686 i_n
2373 5613 2623 5686 Dionys.,
2666 5611 2913 5686 σαίρουσι
2952 5613 3009 5666 δὲ
3039 5611 3355 5686 καλλύντρῳ
3392 5611 3506 5686 τινὶ

1919 5685 2241 5757 τὴιοζκίαν,
2278 5681 2724 5757 domum'scopis
2755 5681 2987 5757 verrunt.
3025 5681 3354 5757 Clara‘ergo
3392 5681 3499 5736 hle-

1918 5753 2094 5812 th'odii
2123 5771 2300 5818 mens,
2336 5756 2428 5810 cui
2456 5754 2538 5811 sic
2581 5753 2754 5813 illusit
2794 5755 3047 5812 inﬁcetus
3076 5754 3260 5811 scriba
3286 5753 3504 5823 alioque

1920 5826 2173 5884 detorsit.
2211 5825 2503 5883 Consus.
