3864 6162
363 296 470 357 187

1313 308 1371 362 S.
1418 306 1750 365 METHODII
1792 310 2104 369 EPISCOPI
2132 314 2221 369 ET
2259 314 2620 373 MARTYRIS

3538 318 3641 374 188

363 416 456 475 hct
478 418 682 486 aﬂ‘erri,
710 423 855 495 quod
878 440 1071 495 nempe
1101 427 1268 483 arbor
1298 429 1415 483 haec
1448 432 1569 501 ipso
1596 435 1819 489 nomine
1852 450 1946 489 ca-

2055 437 2141 491 διὰ
2181 438 2241 491 τὸ
2276 439 2598 510 φερώνυμον
2630 434 2771 492 εἶναι
2815 404 2881 492 τὸ,
2906 437 3121 510 δένδρον
3163 438 3262 508 τῆς
3300 437 3554 505 ἁγνείας,
3597 433 3642 508 ᾦ

367 511 681 566 stimoniam
744 514 980 581 referat;
1042 517 1204 587 cujus
1254 524 1730 577 auctoramentum
1787 526 1952 582 dictis

364 603 594 673 reliquis
632 616 1013 661 ornamentum
1043 623 1107 663 ac
1135 609 1303 666 decus
1347 621 1588 682 praestat.
1649 614 1790 671 Eant
1836 618 1951 688 jam

365 694 555 750 lascivi
579 699 692 766 qui,
720 714 944 754 suarum
993 701 1277 757 libidinum
1329 707 1474 761 fmda
1520 710 1829 780 mancipia,
1861 728 1955 767 ca-

368 790 610 844 stitatem
634 790 910 861 rejiciunt.
944 794 1047 860 Qui
1076 796 1221 851 enim
1247 797 1339 851 ﬁat
1375 806 1433 852 ut
1461 814 1585 854 cum
1617 800 1842 858 Christo
1882 807 1951 860 ad

367 881 566 937 festum
597 883 1007 955 ingrediantur,
1064 890 1157 959 qui
1194 893 1468 948 castitatis
1510 896 1681 952 ramis
1735 896 1951 967 (deiﬁca

368 972 460 1027 illa
494 974 761 1045 beataque
810 978 1030 1051 arbore)
1066 981 1481 1039 tabernaculum
1528 1003 1688 1042 suum
1716 1005 1825 1044 non
1861 1007 1953 1044 or-

367 1067 654 1121 naverint?
682 1084 788 1139 qua
819 1086 1010 1127 omnes
1044 1072 1369 1131 festinantes
1415 1078 1481 1133 ad
1524 1079 1671 1133 illam
1730 1083 1955 1138 celebri-

367 1163 533 1212 tatem
565 1173 630 1212 ac
673 1162 916 1229 nuptiale
959 1164 1270 1219 convivium
1324 1170 1569 1240 succingi
1617 1182 1832 1242 oportet
1888 1191 1953 1232 ac

367 1247 584 1304 lumbos
607 1250 954 1309 obumbrare.
1009 1256 1166 1326 Agite
1199 1258 1366 1323 enim,
1396 1261 1640 1330 pulchra:
1669 1265 1909 1336 virgines
1933 1306 1948 1330 ,

370 1336 709 1410 Scripturam
741 1342 917 1413 ipsam
962 1353 1014 1400 ct
1049 1349 1301 1403 mandata
1322 1354 1696 1423 considerate;
1727 1376 1834 1429 qua
1862 1377 1952 1416 ra-

366 1430 516 1487 tione
533 1433 601 1488 ad
625 1450 813 1490 earum
838 1454 960 1508 quae
988 1438 1148 1494 dicta:
1177 1451 1307 1496 sunt
1331 1446 1595 1501 virtutum
1619 1449 1951 1509 olIiciorum-

366 1541 475 1597 que
505 1532 844 1597 coronidem,
880 1534 1191 1590 castitatem
1236 1538 1456 1596 divinus
1502 1558 1683 1599 sermo
1735 1562 1952 1604 assum-

364 1624 557 1695 pserit,
593 1625 888 1682 ostendens
920 1644 1083 1697 quam
1116 1629 1208 1684 illa
1238 1631 1906 1697 deceatresurrectionem
1931 1683 1947 1707 ,

364 1732 640 1788 quamque
662 1717 730 1771 ad
753 1718 900 1772 illam
935 1720 1246 1789 expetibilis
1273 1724 1345 1778 sit
1372 1743 1385 1778 :
1417 1741 1480 1781 ac
1511 1729 1630 1784 sine
1654 1730 1746 1784 illa
1772 1734 1948 1791 nemi—

2056 534 2486 601 κατακοσμεῖται
2517 531 2585 585 τά
2618 531 3012 604 προειρημένα.
3055 531 3398 604 Ὲρῤἐτωσαν
3431 533 3480 586 οί
3510 534 3642 587 ἁκο-

2056 621 2436 687 λασταίνοντες
2471 623 2596 688 νῦν,
2648 625 2741 677 καὶ
2778 623 2866 677 διὰ
2903 623 3003 687 τὰς
3044 623 3254 677 ἐαυτῶν
3307 624 3640 695 ἡδυπαθείας

2057 715 2279 783 ἁγνείαν
2335 716 2815 787 ἁποδιωθούμενοι.
2866 715 3147 788 Πῶςιγὰρ
3191 718 3271 780 εἰς
3300 719 3399 788 τὴν
3446 717 3639 790 ἐορτὴν

2059 809 2555 864 συνεισελεύσονται
2604 809 2858 882 Χριστῷ,
2896 809 2970 880 μὴ
3020 812 3397 881 κοσμήσαντες
3427 811 3638 866 ἑαυτῶν

2055 903 2153 974 τὴν
2210 904 2415 973 σκηνὴν
2448 902 2660 966 κλάδοις
2700 902 2944 971 ἁγνείας,
2991 902 3068 973 τῷ
3102 902 3333 973 θεοποιῷ
3382 905 3638 989 μακαρίῳ

2057 994 2311 1066 φυτῷςῷ
2338 997 2463 1059 τοὺς
2491 997 2571 1059 είς
2594 995 2693 1066 τὴν
2722 996 2916 1067 ἄγυριν
2948 994 3273 1059 σπεύδοντας
3299 996 3512 1067 ἐκείνην
3540 995 3638 1051 καὶ

2054 1088 2145 1141 τὸν
2174 1088 2349 1159 γάμον
2397 1087 2705 1141 ἀναδεῖσθαι
2750 1088 2830 1140 δεῖ
2884 1088 2977 1141 καὶ
3027 1086 3488 1152 κατασκιάζεσθαι
3538 1089 3638 1152 τὰς

2052 1178 2279 1247 ὀσφύας.
2317 1181 2425 1233 Ἴτε
2456 1180 2583 1249 γὰρ,
2608 1179 3043 1250 καλλιπάρθενοι,
3084 1180 3183 1250 τὴν
3217 1180 3437 1252 Γραφὴν
3467 1180 3638 1253 αὐτὴν

2054 1273 2425 1343 ἐπισκέψασθε
2453 1275 2548 1326 καὶ
2574 1273 2673 1337 τὰς
2704 1273 2946 1336 ἐντολάς,
2977 1273 3116 1337 πῶς,
3143 1274 3218 1334 ὡς
3253 1276 3347 1327 ἐπὶ
3389 1276 3640 1348 συμπλη-

2059 1366 2309 1437 ρώματος
2354 1367 2463 1420 τῶν
2517 1366 2929 1440 προειρημένων
2976 1367 3417 1438 κατορθωμάτων
3463 1366 3637 1439 παρέ-

2054 1460 2215 1513 λαϐεν
2244 1462 2272 1512 ὁ
2304 1460 2461 1529 λόγος
2494 1459 2593 1531 τὴν
2617 1459 2860 1529 ἁγνείαν,
2879 1459 3146 1513 διδάσκων
3175 1460 3300 1513 ὅσον
3327 1459 3638 1533 διαπρεπὴς

2054 1555 2150 1607 καὶ
2205 1552 2532 1624 τριπόθητος
2583 1551 2735 1606 ἔσται
2778 1557 2845 1624 τῇ
2881 1553 3211 1618 ἀναστάσει,
3258 1552 3353 1606 καὶ¹
3396 1553 3478 1605 ὅτι
3523 1570 3632 1623 χω-

2058 1644 2265 1716 ρὶςΜὸ)
2285 1645 2454 1714 αὐτῆς
2481 1643 2657 1707 οὐδεὶς
2682 1642 2930 1708 τεύξεται
2960 1642 3067 1696 τῶν
3096 1640 3549 1712 ἐπαγγελμάτων·
3566 1639 3634 1711 ἢν

2054 1737 2349 1809 ἐξαιρέτως
2368 1735 2719 1807 γεωργοῦμεν
2745 1737 2906 1806 ἡμεῖς
2948 1737 3003 1788 al
3034 1733 3493 1806 παρθενεύουσαι,
3540 1730 3637 1784 καὶ

365 1824 491 1865 nem
529 1818 837 1880 compotem
884 1810 1023 1866 forte
1056 1815 1487 1883 promissionum
1515 1839 1528 1875 :
1559 1837 1722 1893 quam
1751 1824 1947 1880 eximie

2056 1831 2439 1901 προσφέρομεν
2490 1830 2701 1901 Κυρίῳ.
2753 1828 3005 1900 Χρῶνται
3050 1827 3106 1880 δὲ
3146 1827 3240 1880 καὶ
3267 1827 3317 1878 οἱ
3360 1825 3498 1896 πρὸς
3536 1822 3637 1886 τὰς

363 1902 599 1958 colimus
643 1920 749 1961 nos
799 1908 1170 1978 virginitatem
1229 1914 1528 1984 professze,
1562 1925 1616 1973 et
1667 1919 1947 1977 offerimus

364 1992 618 2056 Domino.
655 1995 932 2069 Usurpant
954 2017 1203 2075 quoque,
1254 2007 1346 2077 qui
1377 2023 1500 2063 cum
1533 2010 1649 2066 suis
1680 2013 1949 2068 uxoribus

363 2096 517 2144 caste
546 2090 757 2155 vivunt,
787 2101 840 2147 et
875 2097 1042 2149 veluti
1069 2097 1214 2153 circa
1245 2109 1521 2165 truncum,
1565 2102 1798 2159 humiles
1827 2104 1948 2175 ejus

363 2181 619 2237 castitate
648 2183 886 2240 nitentes
920 2186 1104 2243 ferunt
1129 2193 1381 2248 surculos
1406 2233 1421 2258 ,
1475 2194 1620 2249 haud
1680 2196 1946 2264 valentes,

363 2276 823 2344 quemadmodum
875 2295 996 2345 nos,
1034 2281 1102 2335 ad
1140 2285 1387 2340 excelsos
1433 2296 1768 2359 magnosque
1802 2289 1948 2347 illius

362 2383 548 2423 ramos
582 2370 837 2434 evadere,
871 2387 934 2426 ac
959 2374 1041 2428 vel
1076 2390 1170 2429 eos
1197 2379 1557 2448 contingere:
1596 2383 1810 2440 tametsi
1845 2384 1948 2437 mi-

362 2474 528 2517 nores
550 2503 565 2526 ,
594 2470 648 2516 et
671 2462 773 2533 ipsi
801 2463 1037 2519 oll'erunt
1068 2468 1340 2523 castitatis
1382 2472 1656 2527 surculos.
1711 2473 1781 2526 At
1825 2475 1950 2528 libi-

363 2553 564 2620 dinosi,
590 2556 765 2611 ell‘uso
818 2558 1021 2628 impetu
1054 2559 1401 2631 indulgentes
1430 2564 1698 2631 lascivias,
1730 2568 1949 2623 etiamsi

364 2662 471 2702 noa
510 2646 872 2717 fornicentur,
905 2653 998 2707 scd
1024 2652 1191 2707 licitis
1219 2654 1438 2723 quidem
1460 2656 1715 2727 legitima:
1737 2662 1945 2724 uxoris,

362 2737 644 2805 indomita:
687 2751 867 2797 tamen
894 2748 1353 2817 concupiscentia:
1399 2761 1569 2811 aestu,
1608 2752 1949 2821 amplexibus

363 2829 603 2885 assidui:
640 2834 917 2900 quomodo
945 2834 1088 2890 diem
1109 2836 1305 2893 festum
1336 2840 1529 2909 agent?
1553 2843 1831 2911 quomodo
1855 2844 1949 2897 lae-

360 2920 665 2975 tabuntur?
706 2925 801 2993 qui
833 2926 1248 2983 tabernaculum
1290 2946 1474 2996 suum,
1508 2930 1561 2985 id
1595 2940 1700 2996 est,
1728 2948 1948 2988 carnem

365 3026 544 3077 suam,
580 3030 704 3084 agni
735 3019 938 3084 ramis,
984 3020 1176 3076 habitu
1217 3023 1427 3079 scilicet
1479 3025 1788 3090 castitatis,
1833 3014 1950 3082 non

361 3108 791 3177 exornaverint;
825 3127 1003 3181 neque
1048 3113 1321 3170 audierint
1371 3124 1720 3182 monentem,
1755 3127 1814 3171 ut
1859 3119 1950 3189 qui

363 3195 552 3252 habent
576 3216 788 3273 uxores,
823 3212 1076 3276 tanquam
1108 3222 1203 3261 nos
1242 3207 1492 3263 habentes
1522 3211 1628 3263 sint
1664 3210 1733 3266 ⁸⁵.

2050 1923 2261 1977 ἐαυτῶν
2317 1922 2636 1991 ἁγνεύοντες
2679 1920 2943 1991 γαμετὰς,
2985 1921 3079 1974 καὶ
3137 1918 3326 1989 ὥσπερ
3373 1917 3517 1988 ἀμφὶ
3574 1914 3636 1969 τὸ

2053 2015 2300 2086 στέλεχος
2334 2014 2546 2078 κλῶνας
2595 2013 2765 2084 αὐτῆς
2808 2012 3033 2084 φέρουσι
3075 2010 3482 2081 βλαστήσαντας
3525 2024 3635 2061 aw-

2052 2110 2346 2182 φροσύνην,
2389 2108 2498 2161 τῶν
2538 2109 2650 2162 ἄνω
2686 2105 2760 2178 μὴ
2816 2104 3194 2176 ἐφικνούμενοι
3245 2103 3340 2157 καὶ
3384 2101 3634 2173 μεγάλων

2050 2204 2220 2272 αὐτῆς
2253 2201 2549 2271 ἐπιψαῦσαι
2592 2199 2822 2277 κλάδων,
2856 2197 3107 2268 καθάπερ
3142 2198 3335 2267 ἡμεῖς’
3376 2195 3544 2265 ὅμως,
3583 2192 3635 2245 εἰ

2051 2298 2144 2352 καὶ
2180 2294 2429 2366 μικροὺς,
2463 2292 2614 2345 οὐδὲν
2659 2286 2826 2362 ἧσσον
2852 2291 3222 2362 προσφέρουσι
3251 2288 3315 2358 δὴ
3342 2287 3436 2341 καὶ⁸
3481 2284 3637 2339 αὐτοὶ

2051 2391 2263 2455 κλῶνας
2312 2391 2549 2458 ἁγνείας.
2596 2390 2659 2441 Ui
2712 2388 2768 2440 δὲ
2805 2382 3352 2458 οίστρηλατούμενοι,
3404 2377 3506 2434 κᾶν
3560 2377 3637 2451 μὴ

2051 2483 2446 2556 πορνεύσωσιν,
2481 2480 2616 2534 ἀλλὰ
2654 2478 2748 2533 καὶ
2781 2480 2861 2541 εἰς
2904 2476 3071 2548 μόνην
3113 2474 3208 2526 καὶ
3238 2471 3458 2542 ἔννομον
3487 2469 3640 2522 ἀδια-

2053 2577 2256 2640 στόλως
2301 2573 2689 2646 ἐπιμίγνυσθαι
2739 2569 3038 2639 θελγόντων
3070 2565 3336 2637 γαμετὴν,
3370 2562 3488 2626 πῶς
3516 2562 3643 2633 ἐορ-

2051 2671 2346 2733 τάσουσιν;
2408 2665 2524 2728 πῶς
2565 2661 3071 2736 εὐφρανθήσονταις
3138 2658 3211 2730 μὴ
3258 2655 3641 2725 κοσμήσαντες

2051 2763 2149 2834 τὴν
2175 2760 2379 2832 σκηνὴν
2400 2756 2607 2811 ἑαυτῶν
2632 2755 2730 2826 τὴν
2756 2755 2935 2826 σάρκα.
2960 2754 3072 2815 τοῖς
3096 2750 3309 2811 κλάδοις
3328 2748 3427 2819 τῆς
3445 2746 3639 2814 ἄγνου,

2056 2855 2191 2926 μηδὲ
2249 2852 2669 2912 είσακούσαντες
2724 2846 2816 2900 τοῦ
2866 2845 3158 2918 εἰρημένου
3187 2883 3202 2909 ,
3237 2843 3371 2896 Ἵνα
3427 2839 3525 2894 καὶ
3583 2838 3641 2892 οι

2052 2948 2299 3017 ἔχοντες
2331 2943 2646 3017 γυναῖκας,
2676 2942 2756 3005 ὡς
2794 2941 2849 2993 ol
2881 2937 2967 3009 μὴ
2994 2936 3239 3008 ἔχοντες
3261 2928 3374 2988 ὦσι
3389 2948 3410 2998 ;

1465 3325 1593 3383 Car.
1633 3328 1700 3385 V.
1735 3329 2054 3401 Mysterium
2080 3327 2571 3384 tabernaculorum.

436 3406 737 3482 Propterea
755 3430 867 3486 prae
896 3417 1123 3489 reliquis
1154 3423 1432 3488 omnibus,
1469 3423 1555 3477 bis
1580 3425 1673 3495 qui
1695 3426 1951 3482 certami-

2122 3424 2221 3478 Διὰ
2245 3422 2404 3476 τοῦτο
2440 3422 2657 3474 πάντων
2689 3417 2923 3490 μάλιστα
2955 3416 3079 3478 τοὺς
3104 3412 3212 3467 τῶν
3237 3410 3461 3480 ἀγώνων
3490 3409 3645 3480 ἐφιε-

362 3503 526 3562 nibus
556 3507 770 3564 inhiant
797 3512 1003 3582 quique
1032 3513 1234 3584 ingenti
1259 3526 1387 3571 sunt
1412 3518 1618 3583 animo,
1644 3519 1784 3574 citra
1823 3534 1945 3575 om-

2056 3518 2268 3588 μένους,
2291 3515 2384 3568 καὶ
2421 3512 2629 3585 μεγάλῃ
2662 3510 2921 3581 φρονήσει
2947 3506 3282 3580 χρωμένους,
3302 3504 3398 3576 τὴν
3419 3501 3643 3572 ἁγνείαν

362 3612 487 3653 nem
529 3603 932 3658 cunctationem
961 3606 1246 3661 colendam
1275 3624 1399 3665 esse
1452 3612 1785 3680 castitatem,
1820 3621 1944 3668 tan-

361 3706 526 3760 quam
569 3710 781 3750 summe
811 3698 995 3753 utilem
1025 3708 1079 3753 et
1106 3700 1433 3771 gloriosam,
1500 3708 1818 3775 pronuntio.
1886 3705 1948 3762 In

364 3797 508 3839 novo
552 3786 697 3841 enim
730 3797 784 3842 et
815 3788 1184 3848 indissolubili
1218 3796 1456 3860 mundo,
1492 3799 1746 3869 quisquis
1779 3801 1947 3854 casti—

362 3876 561 3931 monia:
608 3880 777 3934 ramis
804 3891 1031 3939 ornatus
1069 3896 1318 3955 repertus
1365 3905 1474 3944 non
1508 3890 1692 3957 fuerit,
1725 3907 1827 3947 nec
1858 3908 1948 3947 re-

362 3969 544 4038 quiem
593 3985 995 4043 consequetur,
1042 3985 1103 4031 ut
1164 3980 1255 4048 qui
1300 3980 1392 4035 Dei
1429 3982 1746 4037 mandatum
1793 3985 1949 4053 juxta

362 4060 535 4131 legem
565 4063 791 4120 minime
813 4066 1154 4137 impleverit;
1190 4088 1367 4142 neque
1402 4074 1457 4128 in
1485 4083 1685 4131 terram
1712 4079 1949 4147 promis-

361 4167 479 4208 sam
508 4154 862 4225 ingredietur,
881 4162 1080 4231 quippe
1109 4164 1202 4233 qui
1229 4164 1427 4220 festum
1450 4167 1947 4226 Tabernaculorum

364 4262 471 4301 non
499 4258 625 4303 ante
653 4252 1031 4308 celebraverit.
1073 4256 1152 4309 Illi
1201 4260 1348 4313 enim
1397 4261 1664 4317 duntaxat
1692 4262 1949 4333 qui'Sce-

361 4341 648 4409 nopegiam
680 4340 878 4397 festum
907 4345 1141 4415 egerint,
1166 4347 1329 4403 abiis
1362 4366 1483 4421 qua:
1530 4363 1729 4408 vocant
1760 4354 1947 4409 taber‘

433 4457 481 4491 ⁸⁸
518 4458 547 4512 Ι
581 4457 705 4515 Cor.
747 4476 847 4526 vn,
892 4461 984 4519 29.

434 4571 547 4642 (45)
583 4574 769 4646 Χωρὶς
813 4575 1002 4642 αὐτῆς
1034 4578 1235 4645 οὐδεὶς
1264 4581 1552 4646 τεύξεται.
1582 4581 1660 4636 De
1691 4583 1945 4638 castitate

361 4645 710 4723 communitis
755 4647 898 4700 dicta
930 4649 1017 4703 hic
1049 4664 1231 4705 sermo
1282 4645 1580 4715 lllet’hodio,
1629 4655 1847 4723 qualem
1893 4663 1947 4708 et

363 4715 657 4794 conjugunt
691 4732 812 4772 esse
846 4734 1084 4794 necesse
1104 4723 1178 4775 sit
1209 4739 1223 4775 :
1257 4738 1379 4792 quae
1408 4733 1462 4778 et
1497 4726 1612 4794 ipsa
1648 4715 1778 4781 'Deo
1822 4724 1943 4794 pla-

361 4796 502 4845 ceat,
532 4787 640 4877 ‘etsi
672 4802 782 4840 non
814 4804 879 4870 ea
918 4792 1244 4877 excellentia
1268 4787 1390 4877 :qua
1433 4787 1770 4877 virginitas”:
1798 4787 1942 4877 jam-
1976 4800 2019 4854 D
2046 4787 2148 4877 cus
2183 4787 2247 4851 ac
2277 4794 2304 4865 §
2333 4812 2350 4849 ι
2386 4787 2836 4877 Ιιιψισὸιίιιῐκιδ..
2871 4801 2989 4849 not.
3022 4787 3500 4877 Limite-repono,
3532 4806 3610 4877 pr:

2043 4866 2258 4937 ἀλύπῳ,
2286 4864 2499 4920 ίηηιηάο
2552 4864 2845 4937 insolubili,
2898 4881 2997 4937 seu
3045 4864 3330 4937 creatione,
3376 4876 3500 4937 quae
3529 4864 3640 4916 erit

362 4872 469 4935 que
500 4856 669 4910 altera
705 4856 1462 4935 oratione,__quidquid'hinc
1511 4856 1755 4935 scrupuli
1790 4856 1943 4920 vide-

361 4927 523 5007 batur
553 4944 619 5007 ex
645 4931 945 4998 superioris
970 4927 1238 4989 Marcellae
1270 4937 1580 5005 profusiore
1610 4927 1942 5007 virginitatis

364 4997 695 5075 laudatione,
717 4997 1041 5075 exemerat;
1074 4997 1375 5075 seduloque
1400 5023 1515 5062 rem
1547 4997 1851 5062 maritvalem
1875 5024 1942 5063 ex

364 5066 460 5144 Dei
500 5070 759 5144 mandato
801 5066 1189 5144 etplegitimam
1240 5066 1366 5132 esse
1428 5080 1748 5134 ostenderat
1792 5098 1805 5132 :
1852 5079 1942 5133 hic

362 5139 538 5212 solum
589 5139 982 5198 moderandum
1036 5146 1183 5200 illius
1228 5164 1389 5203 usum
1443 5149 1728 5212 admonet,
1772 5166 1841 5205 ne
1888 5160 1943 5205 et

363 5207 473 5287 illis
511 5225 608 5287 pro
632 5225 733 5265 suo
754 5217 984 5287 ⁸ιιιολιιΙο
1030 5216 1172 5272 desit
1206 5220 1477 5276 castitatis
1520 5207 1937 5287 ornamentum;

363 5279 447 5331 sin
486 5288 544 5332 ut
572 5281 686 5348 ipsa
716 5282 823 5335 aita
856 5286 1038 5350 arbor,
1074 5297 1129 5341 at
1158 5300 1308 5345 certe
1336 5298 1393 5343 ut
1424 5292 1788 5347 adnascentes
1817 5279 1940 5345 sur;

365 5350 493 5430 culi,
528 5352 617 5404 cui
649 5360 703 5430 e_t
737 5352 837 5421 ipsi
858 5361 1040 5430 animo
1068 5361 1329 5430 conjuges
1361 5360 1685 5429 adiciantur,
1717 5364 1822 5418 etsi
1850 5378 1945 5418 eos

356 5416 549 5505 jugum
591 5416 826 5505 trahere,
857 5424 976 5505 ipsa
1006 5416 1194 5505 status
1210 5416 1514 5505 rn‘ccssitas
1544 5416 1792 5505 cogitaet
1808 5416 1952 5504 pro;

363 5490 431 5575 lis
475 5506 631 5545 amor
648 5495 795 5575 _:_vcl
836 5490 998 5550 etiam
1032 5502 1203 5575 (quod
1230 5490 1763 5575 inlirmorntnluipsa
1786 5490 1945 5575 cupi-

362 5561 538 5646 ditas;
573 5562 659 5616 cui
691 5564 794 5643 ipsi
818 5581 940 5646 suae
964 5561 1379 5646 praescribendze
1407 5561 1683 5646 leges,'ne‘
1708 5577 1791 5631 vel
1818 5561 1969 5631 con-v

358 5631 563 5706 jugalis
592 5636 863 5691 castitatis
895 5631 1071 5696 metas
1089 5643 1379 5706 excedens,
1402 5631 1746 5702 invcll‘renem
1779 5649 1941 5701 luxu-

363 5703 513 5781 riant
551 5714 895 5781 mstrutnque
929 5720 1140 5781 vergat,
1173 5729 1329 5768 nova:
1361 5703 1666 5772 creationis
1692 5724 1746 5773 et
1789 5719 1940 5774 inso-

363 5773 548 5829 lubilis
571 5773 930 5835 tabernaculo
961 5773 1104 5838 haud
1126 5773 1261 5840 Satis
1288 5795 1666 5859 comparatum
1697 5798 1750 5845 et
1775 5773 1936 5860 quale

2052 3609 2284 3681 ἁμελητί
2321 3625 2464 3679 φημι
2493 3606 2602 3659 δεῖν
2637 3606 2732 3658 καὶ
2764 3605 2951 3675 τιμᾷν,
2977 3603 3052 3665 ὡς
3073 3598 3504 3670 ὠφελιμωτάτην
3542 3596 3642 3650 καὶ

2052 3701 2317 3769 ἐπίδοξον.
2337 3703 2424 3756 Ἐν
2446 3700 2555 3771 γὰρ
2573 3702 2637 3771 τῇ
2658 3700 2819 3769 καινῇ
2844 3697 2937 3750 καὶ
2958 3695 3138 3766 ἀλύτῳ
3155 3690 3477 3762 κτίσειμϐ),
3491 3689 3551 3753 ὃς
3570 3687 3639 3742 ἂν

2052 3799 2274 3867 ἁγνείας
2300 3796 2374 3868 μὴ
2398 3796 2593 3866 εὑρεθῇ
2623 3792 2837 3854 κλάδοις
2861 3788 3292 3862 κεκοσμημένος,
3312 3787 3372 3839 οὐ
3391 3783 3642 3883 τεύξεται

2051 3893 2151 3962 τῆς
2184 3889 2567 3951 ἀναπαύσεως,
2589 3887 2662 3958 μὴ
2692 3884 2986 3957 πληρώσας
3018 3884 3117 3951 τὴν
3145 3878 3363 3977 ἐντολὴν
3374 3876 3478 3977 ’τοῦ
3500 3876 3640 3977 Θερῦ

2053 3983 2199 4039 κατὰ
2241 3984 2331 4036 τὸν
2377 3983 2570 4052 νόμονο
2606 3978 2729 4032 οὺδέ
2776 3979 2855 4040 είς
2888 3976 2986 4047 τὴν
3021 3975 3123 4046 γῆν
3156 3971 3480 4041 ἐπιδημήσει
3535 3971 3641 4037 τῆς

2051 4075 2406 4145 ἐπαγγελίας,
2451 4072 2525 4144 μὴ
2573 4071 2839 4142 ἑορτάσας
2888 4067 3108 4139 πρῶτον
3158 4065 3256 4130 τὰς
3298 4063 3521 4133 σκηνάς.
3570 4060 3637 4113 ΟΣ

2050 4164 2160 4235 γὰρ
2218 4163 2576 4235 ἐορτάσαντες
2627 4161 2777 4231 μόνοι
2830 4157 2928 4230 τὴν
2971 4155 3356 4229 Σκηνοπηγίαν
3409 4155 3487 4216 είς
3534 4150 3639 4222 τὴν

2052 4258 2213 4327 ἁγίαν
2246 4258 2566 4328 καταίρουσι
2600 4255 2722 4325 γῆν,
2754 4251 3147 4323 ἁπαιρούμενοι
3170 4249 3276 4303 ἀπὸ
3307 4247 3414 4301 τῶν
3441 4245 3641 4300 καλου-

2053 4353 2229 4425 μένων
2258 4351 2502 4423 Σκηνῶν,
2534 4348 2643 4402 ἔστ’
2669 4347 2735 4402 ἂν
2768 4348 2848 4410 εἰς
2868 4346 2960 4399 τὸν
2988 4344 3126 4399 νεὼν
3157 4343 3434 4414 φθάσωσιν
3460 4338 3640 4394 ἐλθεῖν

2052 4580 2257 4637 Christi
2304 4583 2624 4646 thalamum,
2655 4583 2739 4637 vel
2791 4582 2933 4636 inter
2976 4578 3317 4636 concubinas
3357 4584 3455 4633 aut
3502 4578 3639 4634 ado-

2052 4654 2407 4718 lescentulas,
2437 4655 2718 4709 dedeceat.
2745 4652 3036 4707 Connsrts.

2124 4724 2237 4795 (46)
2263 4725 2614 4804 ῌαῂάᾼύτῳ
2642 4725 2856 4781 κτίσει.
2895 4723 2960 4804 Et
2986 4723 3090 4804 hi_c_
3106 4735 3345 4804 quoque,
3372 4720 3517 4775 haud
3541 4734 3637 4774 se-

2333 4812 2350 4849 ι
2386 4796 2553 4864 hujns
2584 4805 2725 4849 orat.
2759 4811 2836 4853 Ix,
2871 4801 2989 4849 not.
3022 4794 3113 4857 '57,
3151 4794 3226 4845 ita
3269 4806 3500 4862 repono,
3532 4806 3639 4864 pro

2051 4931 2364 4991 communis
2409 4938 2666 4992 omnibus
2704 4936 3021 5004 judicandis
3055 4953 3067 4989 :
3104 4950 3214 4988 non
3261 4931 3639 5004 ίρεαὰλυπος

2049 5008 2244 5072 κτίσις,
2289 5010 2458 5062 omnis
2501 5023 2685 5076 expers
2706 5001 2923 5082 ’άοίονὶε
2976 5007 3174 5082 erectio
3205 5012 3258 5059 et
3284 5001 3505 5082 ’slatns,
3538 5001 3638 5082 sed

2050 5079 2158 5134 illis
2194 5080 2436 5149 propria,
2468 5073 2702 5155 quorum
2743 5078 3370 5155 tabernaculalinventa
3404 5073 3637 5155 fuerint

2048 5146 2244 5229 ornata
2276 5146 2747 5229 virtutumcultu,
2785 5149 2963 5229 prima
2991 5147 3079 5229 die
3116 5146 3490 5229 Scenopegia;
3519 5146 3637 5229 sive

2048 5218 2512 5277 Resurrectionis.
2548 5221 2601 5274 id
2641 5228 2748 5282 est,
2780 5216 2931 5291 ἐν-τῇ
2974 5219 3174 5291 κρίσει,
3207 5217 3261 5270 in
3290 5216 3518 5285 judicio,
3553 5216 3633 5269 uti

2049 5293 2277 5367 exponit
2308 5292 2425 5360 ipse
2453 5291 2780 5367 blethodius.
2822 5288 2949 5367 Vult
2979 5288 3110 5367 ergo
3138 5302 3331 5343 omnes
3359 5294 3491 5341 tunc
3513 5301 3637 5367 sus-

2054 5357 2344 5425 οἱιὶιιιιιοεξ
2363 5378 2428 5416 ac
2457 5362 2597 5416 forte
2634 5362 3024 5417 discretionem
3051 5357 3330 5415 bonorum
3365 5374 3395 5412 a
3444 5357 3633 5418 malis,

2056 5431 2382 5509 feriantibus
2422 5433 2582 5509 bonis
2626 5432 3023 5509 c_um_Christ_o_
3064 5433 3117 5485 in
3159 5438 3307 5484 terra
3336 5429 3635 5509 hactenus

2055 5504 2394 5567 constitutis,
2426 5505 2601 5557 donec
2622 5503 2937 5583 _impleatur
2968 5503 3190 5583 illorum
3204 5503 3630 5583 “septenarium,

2053 5577 2207 5645 quasi
2242 5576 2296 5629 in
2320 5569 2773 5653 tabernaculiset
2796 5583 3085 5653 antequam
3120 5569 3301 5653 inDei
3323 5570 3546 5653 domum
3577 5573 3635 5653 et

2050 5642 2295 5718 sanctam
2322 5646 2598 5700 civitatem
2635 5646 2713 5718 (id
2747 5651 2833 5718 est
2863 5647 2919 5718 in
2941 5642 3145 5718 caelos)
3180 5642 3630 5718 introducantur.

2048 5716 2185 5840 ρυῗ
2231 5715 2609 5840 fuitlveterum
2638 5716 2948 5790 ~simplicior
2989 5714 3286 5786 theologia,
3341 5727 3452 5769 non
3494 5714 3633 5765 satis

2048 5804 2145 5840 Ι)Γο
2191 5795 2296 5840 ata.
2364 5802 2417 5840 Β.

2046 5788 2296 5859 probata.
2340 5788 2417 5843 In.
