3864 6162
221 321 324 378 189

1274 329 1657 388 CONVIVIUM
1693 330 1926 386 DECEM
1964 330 2320 387 VIRGINUM.

3362 326 3468 383 190

218 444 310 496 καὶ
331 442 434 515 τὴν
460 441 614 497 πόλιν
645 442 739 497 τοῦ
768 444 924 507 Θεοῦ,
957 444 1038 508 είς
1066 443 1164 516 τὴν
1196 444 1415 516 μείζονα
1448 448 1542 500 καὶ⁸
1577 446 1784 512 ἐνδοξο-

1889 447 2083 501 nacula
2127 446 2398 515 profecti,
2451 445 2518 499 ad
2565 453 2813 501 sanctam
2853 443 3191 501 contendunt
3226 451 3468 511 terram,

213 534 381 606 τέραν
413 534 786 605 προκόψαντες
821 534 1016 607 χαρὰν,
1051 534 1232 599 καθὼς
1262 538 1355 590 καὶ
1382 540 1431 591 oi
1480 539 1640 591 τύποι
1670 556 1792 591 συν-

218 628 453 691 ιστᾶσιν,
486 628 535 680 οἱ
581 628 862 696 γεγονότες
905 629 997 680 ἐπὶ
1060 627 1345 681 Ἰουδαίων.
1406 630 1612 702 Ὥσπερ
1644 630 1789 703 γὰρ,

214 716 524 782 ἐξελθόντες
554 719 661 772 τῶν
686 720 826 789 ὅρων
855 720 1079 772 ἐκείνων
1098 720 1196 789 τῆς
1224 718 1524 787 Αἰγύπτου,
1550 720 1792 776 ὥδευσαν

216 809 456 880 πρῶτον,
500 811 594 863 καὶ
635 807 797 881 ἦλθον
829 811 910 873 είς
940 809 1040 873 τὰς
1072 809 1315 880 Σκηνὰς,
1351 811 1603 865 κάκεῖθεν
1650 813 1792 866 άπά-

215 919 412 974 ραντες
459 902 637 966 πάλιν,
672 898 834 972 ἦλθον
879 905 961 966 είς
997 902 1095 975 τὴν
1144 904 1248 975 γῆν
1288 905 1388 976 τῆς
1427 904 1788 972 ἐπαγγελίαςο

213 992 359 1046 οὕτω
407 993 473 1064 δὴ
522 995 618 1046 καὶ
664 996 844 1064 ἡμεῖς⁴
898 996 1195 1050 Ὀδεύσασα
1239 997 1350 1069 γὰρ
1398 998 1646 1051 ἐντεῦθεν
1700 999 1793 1052 καὶ

210 1085 500 1151 ἐξελθοῦσα
519 1084 675 1154 κάγὼ
698 1088 796 1157 τῆς
815 1086 1092 1155 Αἰγύπτου
1114 1088 1302 1143 τούτου
1331 1089 1427 1143 τοῦ
1465 1089 1602 1160 βίου,
1640 1089 1794 1159 ἔρχο-

215 1194 312 1246 μαι
341 1176 557 1246 πρῶτον
586 1178 669 1239 εἰς
705 1176 800 1248 τὴν
828 1177 1143 1243 ἀνάστασιν,
1177 1180 1277 1251 τὴν
1309 1179 1567 1251 ἀληθινὴν
1595 1181 1794 1250 Σκηνο-

211 1265 445 1336 πηγίαν·
478 1266 638 1319 κάκεῖ
662 1270 774 1330 τοῖς
821 1272 1051 1340 καρποῖς
1084 1269 1183 1339 τῆς
1222 1271 1421 1342 ἀρετῆς
1448 1269 1667 1341 πήξασα
1693 1269 1792 1339 τὴν

211 1358 420 1427 σκηνήν
463 1375 562 1428 μου
617 1361 1076 1431 κεκοσμημένην,
1104 1364 1171 1432 τῇ
1225 1360 1417 1434 πρώτῃ
1457 1362 1558 1432 τῆς
1599 1362 1792 1434 ἑορτῆς

208 1450 559 1514 ἀναστάσεως
589 1452 791 1523 ἡμέρᾳ,
825 1456 891 1524 τῇ
925 1454 1125 1523 κρίσει,
1162 1454 1503 1526 συνεορτάζω
1544 1454 1622 1525 τῷ
1658 1456 1793 1526 Χρι-

210 1542 321 1613 στῷ
355 1542 458 1613 τὴν
487 1543 951 1617 χιλιονταετηρίδα
986 1548 1086 1618 τῆς
1118 1547 1497 1611 ἀναπαύσεως,
1525 1547 1624 1612 τὰς
1652 1549 1792 1601 ἑπτὰ

204 1634 551 1705 καλουμένας
578 1636 830 1707 ἡμέρας,
868 1637 935 1691 τὰ
969 1638 1215 1693 σάϐϐατα
1267 1639 1336 1693 τὰ
1377 1639 1625 1708 ἀληθινά.
1659 1638 1791 1694 Εἶτα

206 1721 367 1789 αὖθις
430 1727 672 1798 ἑπομένη
721 1727 796 1798 τῷ
852 1729 1236 1799 διεληλυθότι
1296 1733 1438 1798 τοὺς
1496 1732 1793 1801 οὐρανοὺς

217 1816 418 1887 Ἰησοῦ,
454 1816 685 1889 ἔρχομαι
727 1820 908 1887 πάλιν,
939 1821 1192 1894 καθάπερ
1224 1823 1485 1889 κάκεῖνοι,
1523 1824 1660 1895 μετὰ
1691 1826 1789 1897 τὴν

202 1909 514 1965 ἀνάπαυσιν
547 1912 648 1982 τῆς
674 1914 1075 1986 Σκηνοπηγίας,
1102 1918 1182 1980 εἰς
1213 1916 1311 1987 τὴν
1345 1917 1448 1988 γῆν
1480 1916 1580 1989 τῆς
1614 1920 1790 1988 ἐπαγ-

199 2003 427 2072 γελίας,
457 2006 584 2068 τοὺς
612 2006 876 2078 οὐρανοὺς
895 2047 909 2071 ,
949 2009 1008 2061 ὲν
1035 2012 1265 2079 σκηναῖς
1299 2008 1374 2081 μὴ
1406 2011 1752 2081 ἀπομείνασα
1773 2051 1787 2076 ,

202 2094 457 2147 τουτέστι
515 2096 610 2149 τοῦ
670 2096 1029 2169 σκηνώματός
1082 2117 1183 2171 μου
1258 2100 1333 2172 μὴ
1399 2101 1791 2172 ἁπομείναντος

201 2191 485 2246 τοιούτου’
525 2192 661 2247 ἀλλὰ
693 2194 830 2265 μετὰ
870 2195 967 2266 τὴν
1011 2190 1478 2268 χιλιονταετηρίδα
1521 2197 1791 2269 μεταὸλη-

204 2281 396 2348 θέντος
426 2286 539 2339 άπδ
582 2286 676 2340 τοῦ
705 2289 981 2358 σχήματος
1029 2288 1123 2341 τοῦ
1171 2288 1513 2360 ἀνθρωπίνου
1564 2288 1789 2359 καὶτῆς

200 2375 413 2447 φθορᾶς
440 2376 573 2448 (47),
608 2380 687 2441 εἰς
715 2378 1001 2447 άγγελικὸν
1032 2380 1258 2451 μέγεθος
1282 2380 1377 2433 καὶ
1405 2378 1600 2442 κάλλος
1617 2397 1631 2409 ·
1658 2378 1791 2433 ἔνθα

198 2467 389 2522 λοιπὸν
412 2469 532 2523 ἀπὸ
558 2470 663 2523 τοῦ
679 2471 1029 2540 θαυμαστοῦ
1051 2471 1162 2538 τῆς
1180 2470 1422 2541 σκηνῆς
1449 2473 1505 2526 αί
1530 2471 1789 2544 παρθένοι

197 2564 433 2625 τόπου,
491 2562 629 2632 μετὰ
662 2562 723 2615 τὸ
784 2563 1238 2635 συμπερασθῆναι
1295 2565 1395 2636 τὴν
1451 2564 1645 2637 ἑορτὴν
1691 2565 1790 2636 τῆς

199 2654 582 2721 ἀναστάσεως,
610 2657 691 2719 εἰς
737 2654 806 2708 τὰ
837 2654 1008 2727 μείζω
1047 2658 1141 2711 καὶ
1171 2658 1403 2728 κρείττω
1440 2657 1786 2729 διερχόμεθα,

196 2748 286 2811 εἰς
319 2745 432 2799 τὸν
475 2743 646 2800 aliter
690 2747 876 2801 αὑτὸν
926 2748 1311 2803 ἀναϐαίνουσαι
1354 2749 1444 2802 τὸν
1477 2749 1618 2820 ὑπὲρ
1664 2750 1790 2813 τοὺς

196 2836 470 2909 οὐρανοὺς
516 2838 622 2891 τοῦ
670 2839 840 2903 Θεοῦ,
887 2840 956 2893 ἐν
1004 2838 1175 2909 φωνῇ
1224 2840 1641 2910 ἀγαλλιάσεως
1690 2843 1788 2895 καί

197 2928 722 2999 ἐξομολογήσεως,
753 2930 945 3000 ἤχους
973 2932 1351 3001 ἐορτάζοντος
1370 2973 1383 2998 ,
1412 2934 1592 2999 καθώς
1626 2952 1788 3008 φησιν

197 3023 229 3075 6
268 3021 587 3094 ψαλμῳδὸς.
635 3025 820 3095 Τούτῳ
876 3024 1032 3107 κάγὼ
1055 3067 1069 3090 ,
1120 3020 1165 3078 ὦ
1226 3028 1451 3097 Ἀρετὴ,
1494 3027 1638 3081 κατὰ
1688 3029 1788 3100 τὴν

1893 537 2066 593 donec
2100 539 2198 592 illo
2227 539 2521 599 evaserint,
2550 548 2612 592 ut
2642 539 2696 592 in
2733 538 2993 609 templum
3039 536 3242 607 Deique
3268 536 3468 591 civita-

1892 638 1999 685 tem
2050 630 2457 700 ingrediantur;
2512 630 2580 684 ad
2642 631 2818 699 majus
2868 630 3079 684 scilicet
3135 629 3469 699 majorisque

1893 723 2163 780 claritatis
2191 723 2447 795 gaudium
2478 724 2822 795 proﬁcientes
2841 763 2857 787 ,
2912 723 3058 777 sicut
3088 721 3273 792 ﬁgurae
3325 721 3469 775 indi-

1893 824 2020 872 cant
2043 832 2163 887 qua:
2199 817 2252 871 in
2290 815 2492 874 Juliazis
2530 818 2680 888 prius
2724 824 3139 886 praecesserunt.
3196 814 3469 881 Quemad—

1894 908 2112 962 modum
2143 909 2289 963 enim
2320 907 2575 964 lsraelitae
2595 925 2658 964 ex
2680 906 2897 978 iEgypti
2927 907 3124 962 ﬁnibus
3148 907 3256 961 illis
3283 919 3469 975 egres-

1894 999 1963 1061 si.
1986 1008 2240 1069 suscepto
2269 1001 2506 1070 primum
2550 1001 2763 1062 itinere,
2795 1001 2850 1052 in
2890 998 3269 1054 Tabernacula
3312 995 3468 1068 (Soc-

1894 1090 2013 1144 coth
2054 1089 2264 1146 Hebraei
2298 1090 2514 1161 vocant)
2568 1098 2836 1145 venerunt
2864 1090 2945 1154 ⁸⁸,
2984 1089 3220 1158 hincque
3272 1101 3468 1142 rursus

1895 1180 2144 1250 profecti,
2179 1190 2446 1235 venerunt
2482 1181 2537 1234 in
2580 1193 2782 1235 terram
2824 1180 3207 1250 promissionis
3238 1198 3252 1234 :
3289 1179 3365 1232 ita
3414 1185 3469 1234 et

1894 1290 2015 1329 nos.
2044 1272 2179 1327 Nam
2211 1281 2265 1327 et
2297 1288 2398 1342 ego
2441 1274 2544 1327 iter
2594 1273 2820 1336 habens,
2860 1289 3036 1342 exque
3065 1272 3254 1327 mundi
3299 1273 3467 1340 hujus

1895 1366 2130 1436 Egypto
2162 1379 2404 1434 egressa,
2436 1365 2593 1418 venio
2622 1364 2857 1433 primum
2880 1364 2947 1417 ad
2980 1364 3465 1425 resurrectionem.

1893 1474 2014 1527 qua!
2043 1473 2169 1511 vera
2196 1456 2534 1527 Scenopegia
2564 1463 2647 1509 est
2674 1474 2686 1509 :
2726 1464 2780 1508 et
2827 1456 2899 1510 ibi
2949 1454 3217 1510 fructibus
3249 1455 3469 1509 virtutis

1891 1558 2171 1604 exstructo
2233 1548 2589 1617 speciosequc
2656 1554 2851 1599 ornato
2908 1547 3260 1600 tabernaculo
3314 1560 3466 1612 meo,

1893 1642 2069 1711 prima
2109 1639 2232 1694 festi
2264 1638 2681 1696 resurrectionis
2709 1637 2817 1700 die,
2850 1653 2970 1706 qua:
2994 1636 3113 1692 dies
3145 1647 3225 1692 est
3249 1636 3466 1706 judicii,

1896 1734 2059 1789 sinml
2098 1749 2222 1788 cum
2249 1731 2469 1787 Christo
2498 1732 2862 1785 millenarium
2896 1745 3164 1784 annorum
3217 1730 3466 1799 requiei,

1825 1800 1864 1853 Β
1894 1826 2142 1891 celebro;
2178 1841 2298 1895 qua:
2339 1833 2545 1894 septem
2585 1824 2843 1878 dicuntur
2874 1824 3013 1888 dies,
3044 1837 3171 1877 vera
3210 1821 3469 1875 nimirum

1895 1914 2150 1971 Sabbata.
2202 1916 2332 1971 lude
2372 1932 2564 1971 rursus
2594 1914 2722 1970 .L-su
2761 1931 2979 1981 comes,
3037 1915 3128 1985 qui
3178 1913 3470 1979 penetravit

1891 2013 2047 2066 cwlos
2076 2010 2120 2042 ⁸⁷
2145 2014 2228 2077 (ιιι
2258 2016 2312 2064 et
2345 2010 2419 2063 illi
2450 2017 2571 2079 post
2606 2009 2959 2081 Scenopegia
2997 2008 3242 2078 requiem
3271 2007 3327 2061 in
3360 2015 3473 2060 ter-

1891 2120 2006 2158 ram
2030 2103 2433 2174 promissionis)
2457 2103 2512 2156 in
2537 2105 2706 2159 caalos
2741 2103 2922 2166 venio,
2956 2117 3064 2155 non
3092 2114 3380 2155 remanens
3411 2099 3471 2153 in

1890 2196 2281 2259 tabernaculis,
2310 2194 2414 2249 hoc
2435 2202 2541 2257 est,
2583 2211 2691 2248 non
2717 2200 3030 2248 remanente
3062 2207 3182 2246 meo
3214 2206 3469 2261 corpore,

1890 2291 2049 2361 quale
2079 2290 2232 2360 prius
2256 2298 2433 2344 .erat:
2475 2286 2571 2344 sed
2605 2297 2727 2358 post
2756 2268 2903 2342 mille
2930 2302 3197 2339 annorum
3228 2284 3470 2354 spatium

1890 2390 2119 2446 mutato,
2152 2398 2221 2438 ex
2248 2382 2470 2436 humani
2504 2379 2680 2435 forma
2711 2379 2959 2448 corporis
2997 2384 3051 2430 et
3074 2376 3429 2445 corruptione
3449 2413 3467 2439 ,

1891 2476 1947 2529 in
1967 2475 2264 2546 angelicam
2297 2474 2492 2528 molem
2521 2481 2575 2528 et
2588 2471 3058 2542 pulchritudinem
3086 2487 3099 2523 :
3134 2469 3223 2523 ubi
3249 2469 3468 2524 demum

1891 2582 1992 2621 nos
2021 2566 2262 2636 virgines
2311 2583 2342 2618 a
2395 2565 2516 2618 loco
2562 2562 2891 2617 tabernaculi
2922 2561 3292 2624 admirabilis,
3337 2576 3471 2614 con-

1891 2666 2163 2714 summato
2192 2657 2305 2727 jam
2330 2656 2749 2712 resurrectionis
2772 2654 2933 2718 festo,
2963 2653 3031 2708 ad
3054 2654 3262 2722 majora
3282 2661 3337 2708 et
3358 2667 3474 2707 me—

1890 2749 2025 2803 liora
2053 2748 2430 2811 transibimus,
2461 2749 2513 2800 in
2548 2749 2716 2814 ipsam
2751 2745 2966 2799 donmm
2996 2744 3094 2798 Dei
3129 2744 3469 2814 supracmle-

1891 2850 2027 2898 stem
2070 2841 2446 2900 ascendentes,
2486 2840 2540 2893 in
2570 2855 2687 2893 voce
2702 2837 3070 2892 exsultatianis
3101 2847 3147 2890 et
3175 2835 3464 2905 confessio-

1890 2935 1995 2997 nis,
2022 2934 2140 2987 soni
2174 2933 2511 3002 festivitatem
2559 2932 2783 3000 agentis,
2816 2939 2875 2984 ut
2917 2927 3240 2983 Psalmodus
3271 2928 3348 2983 ai:
3395 2927 3464 2982 ⁸⁵.

1890 3025 2005 3082 Hoc
2034 3026 2151 3097 ipsa
2180 3042 2420 3095 quoque,
2443 3042 2477 3080 o
2505 3025 2727 3079 domina
2758 3027 2940 3086 Arete,
2975 3021 3342 3091 qualicunque
3365 3021 3475 3079 ela-

197 3114 487 3186 ὲμαυτῆς,
555 3115 847 3180 δέσποινα,
912 3114 1172 3187 δύναμιν,
1240 3116 1517 3188 δωροῦμαί
1584 3134 1645 3172 σε
1711 3118 1784 3189 τῷ

1892 3120 2144 3175 boratum
2171 3119 2456 3185 facultate,
2490 3133 2590 3188 pro
2612 3132 2835 3172 munere
2863 3115 3078 3187 peplum
3107 3114 3298 3172 odero.

199 3204 418 3275 πέπλῳ.

270 3360 323 3393 ⁸⁵
356 3359 528 3416 Num.
574 3378 740 3422 xxxv.
783 3362 835 3417 5.
912 3364 957 3394 ⁸⁷
992 3360 1155 3419 ﬂeor.
1186 3378 1260 3431 ιν,
1296 3362 1384 3417 14.
1453 3362 1500 3394 ⁸⁸
1528 3360 1684 3418 Psal.
1719 3374 1833 3428 xm,
1870 3361 1925 3419 5.

270 3539 387 3609 (47)
436 3540 547 3595 Kal
591 3541 705 3608 τῆς
744 3538 989 3610 φθορᾶς.
1047 3538 1271 3595 Videtur
1327 3538 1635 3596 Methodius
1691 3541 1784 3595 ad-

198 3611 421 3664 mittere
447 3613 530 3665 sic
558 3612 945 3667 suscitatorum
975 3620 1290 3665 sanctorum
1320 3627 1551 3681 corpora
1580 3610 1783 3666 nedum

202 3682 500 3740 malorum.
553 3682 889 3750 corruptioni
925 3682 1157 3736 obnoxia
1183 3722 1197 3743 ,
1229 3689 1284 3735 et
1322 3682 1558 3735 humana
1607 3681 1782 3735 forma

202 3764 323 3816 quae
364 3751 425 3804 in
467 3751 766 3821 angelicam
800 3752 1029 3806 formam
1065 3750 1325 3821 mutanda
1348 3753 1477 3816 sint,
1504 3758 1782 3805 transacto

198 3819 622 3888 septenario,'et
651 3837 774 3875 cum
809 3824 860 3874 in
893 3832 1156 3876 secretam
1189 3819 1282 3874 Dei
1309 3823 1488 3876 aulam
1517 3822 1591 3889 (id
1614 3828 1696 3875 est
1727 3821 1782 3874 in

199 3891 397 3961 canos)
431 3892 785 3961 recipientur.
810 3890 943 3957 Qua:
979 3907 1088 3947 non
1131 3892 1267 3945 satis
1294 3892 1568 3961 cohaerere
1592 3891 1782 3945 viden-

202 3970 293 4014 tur
323 3960 451 4013 eum
482 3960 877 4029 superioribus,
903 3973 957 4016 et
979 3977 1116 4015 nova
1138 3962 1228 4014 illa
1252 3970 1416 4031 atque
1435 3960 1615 4031 ἀλύτῳ
1631 3976 1785 4014 crea-

202 4032 374 4093 tione,
412 4039 472 4083 ut
495 4031 609 4099 jam
639 4032 1053 4100 explicavimus.
1099 4031 1166 4085 Et
1203 4040 1354 4087 certe
1383 4047 1507 4101 quae
1547 4031 1619 4084 ibi
1654 4046 1779 4085 cor-

202 4103 409 4171 ruptio,
435 4116 559 4154 cum
582 4102 745 4155 nulla:
768 4101 880 4170 jam
914 4111 1073 4156 erunt
1099 4104 1480 4171 generationes
1504 4141 1518 4164 ,
1554 4101 1630 4154 uti
1665 4103 1782 4170 ipse

203 4170 517 4226 Methodius
540 4171 793 4242 indical,
825 4172 919 4225 sed
946 4170 1161 4227 summa
1191 4175 1431 4242 requies,
1462 4173 1518 4225 in
1550 4171 1662 4242 illis
1687 4170 1779 4239 qui

201 4256 267 4312 ea
298 4242 487 4309 requie
520 4240 671 4311 digni
697 4250 858 4295 erunt
881 4242 904 4295 ?
928 4257 1160 4312 quorum
1183 4240 1496 4312 felicitatem
1512 4241 1779 4310 abjectius

205 4311 345 4381 forte
371 4327 440 4365 ex
471 4310 774 4381 usu’quasi
834 4310 1071 4365 humano
1128 4310 1395 4367 intellexit
1447 4310 1775 4376 Methodius,

202 4380 438 4435 necdum
464 4382 574 4437 illis
605 4380 745 4436 bona
775 4383 1020 4437 caelestia
1052 4382 1386 4441 consecutis,
1414 4389 1506 4434 ant
1540 4381 1778 4434 Deicon-

202 4456 398 4520 specta
432 4451 670 4518 donatis,
699 4452 845 4522 quod
895 4453 1026 4507 ﬁdes
1082 4467 1190 4505 non
1234 4452 1472 4505 admittit
1505 4470 1518 4505 :
1552 4465 1677 4505 cum
1709 4450 1781 4504 sit

203 4522 297 4575 ille
327 4531 644 4577 sanctorum
674 4533 869 4586 cretus,
899 4537 1007 4576 non
1047 4523 1134 4577 cui
1159 4522 1403 4577 haereant
1432 4530 1780 4590 peccatorum

201 4590 420 4655 sordes,
445 4607 541 4661 per
560 4608 653 4673 eas
682 4592 848 4673 ferias
870 4594 1169 4673 expiandas.
1196 4592 1602 4673 Deniqueﬂura
1626 4605 1783 4673 pror-

201 4677 304 4734 sus
353 4663 677 4734 propositio,
713 4662 848 4716 Ἀπὸ
878 4661 972 4719 τοῦ
1006 4667 1284 4734 σχήματος
1316 4661 1411 4716 τοῦ
1427 4661 1779 4734 -άνθρωπίνου

199 4732 300 4785 καὶ
332 4730 539 4803 φθορᾶς
572 4735 651 4796 εἰς
675 4734 960 4801 ἀγγελικὺν
990 4730 1217 4803 μέγεθος
1251 4734 1345 4788 καὶ
1372 4730 1599 4803 κάλλοςχ
1620 4730 1781 4785 Certe

199 4817 348 4872 egre
380 4801 704 4871 intelligitur
748 4804 949 4857 abolita
993 4801 1218 4856 humani
1266 4804 1515 4873 corporis
1580 4801 1776 4866 forma,

199 4874 445 4927 transire
467 4875 523 4925 in
556 4873 858 4942 angelicam
880 4874 1309 4944 magnitudinem
1331 4884 1389 4944 et
1409 4873 1626 4930 molem,
1646 4872 1779 4944 quin

200 4944 491 4997 abolentur
513 4945 697 5026 carnis
729 4944 847 5026 ipsa
874 4942 1203 5026 substantia,
1231 4952 1286 4998 et
1317 4943 1412 5026 ﬁat
1436 4958 1644 5026 corpus
1673 4942 1778 4995 hu-

199 5028 452 5073 manum,
491 5014 651 5082 quale
682 5013 850 5084 prisci
878 5014 976 5079 illi,
1002 5016 1293 5083 pluresque
1323 5013 1448 5084 alii,
1470 5013 1779 5083 angelicum

197 5083 692 5154 existimaverunt;
725 5099 924 5153 corpus
963 5084 1123 5138 ᾰῡλον
1155 5095 1211 5139 et
1244 5083 1527 5154 spiritale;
1583 5099 1779 5154 nempe

199 5153 646 5217 subtilissimum,
674 5169 800 5209 aere
815 5169 955 5224 puro
984 5155 1253 5224 igneoque
1268 5153 1610 5216 concretum,
1630 5153 1779 5224 quod

197 5224 384 5295 ipsum
418 5230 585 5278 tantae
622 5222 901 5295 molis,'et
918 5222 1081 5295 supra
1108 5222 1779 5295 humanani_molemMe-

199 5294 426 5365 tbodius
452 5295 687 5365 voluerit
723 5314 736 5349 :
767 5294 861 5365 qui
885 5293 1027 5350 forte
1061 5310 1218 5350 error
1263 5295 1369 5349 fuit
1397 5293 1646 5365 Eutychii
1683 5309 1778 5362 pa-

197 5364 460 5419 triarcha:
506 5364 1119 5434 Constantinopolitani,
1154 5381 1220 5420 ex
1257 5366 1342 5421 his
1369 5365 1504 5434 ipsis
1538 5364 1776 5420 fontibus

197 5434 455 5501 haustus,
481 5450 511 5488 a
542 5450 652 5505 quo
678 5435 974 5505 Gregorius
1028 5434 1330 5497 Romanus,
1362 5435 1659 5499 hominem,
1696 5437 1779 5504 ip-

198 5521 324 5561 sum
353 5506 664 5561 sanctitatis
683 5508 803 5561 luce
829 5507 1060 5570 clarum,
1090 5507 1382 5560 revocavit.
1407 5505 1538 5558 Esto
1568 5520 1631 5560 ea
1666 5506 1777 5560 sint

199 5579 519 5646 angelorum
560 5591 815 5645 corpora,
866 5578 1014 5646 quod
1042 5584 1096 5631 et
1125 5575 1365 5632 Joannes
1423 5574 1777 5630 Thessaloni-

201 5648 386 5717 censis
418 5649 473 5700 in
504 5662 579 5700 vn
609 5648 821 5717 synodo
847 5648 1042 5711 sensit,
1082 5655 1246 5716 atque
1283 5647 1408 5701 lnnc
1432 5646 1592 5715 pictis
1625 5647 1776 5699 colo-

199 5716 377 5788 ribus,
407 5716 793 5788 repraesentari
828 5733 991 5788 posse
1023 5719 1245 5788 angelos
1263 5720 1476 5788 statuit,
1511 5717 1772 5788 nec‘clare

203 5784 748 5845 bactenusEcclesia
778 5784 1123 5860 ofoscripsit',
1160 5788 1280 5859 ipso
1312 5785 1545 5843 Doctore
1590 5785 1770 5858 Auge-

1893 3539 2000 3593 lico
2023 3546 2247 3594 auctore
2293 3539 2347 3593 in
2407 3537 2750 3607 expositione
2803 3551 2819 3588 ι
2868 3532 3104 3607 Decret.,
3141 3530 3287 3607 unde
3312 3530 3471 3607 quod

1892 3610 2132 3663 humana
2163 3624 2393 3678 corpora
2424 3602 2522 3677 pr'o
2557 3608 2773 3678 illorum
2808 3606 2948 3678 mole
2974 3602 3248 3678 fundenda
3280 3602 3391 3678 sint
3415 3608 3469 3656 et

1891 3680 2188 3734 dilatanda.
2218 3670 2390 3732 Erunt
2416 3670 2646 3750 quidem
2688 3676 2932 3750 illamsuis.
2966 3673 3188 3750 dotibus
3223 3670 3468 3750 praedita,

1890 3750 2130 3814 subtilia,
2167 3750 2351 3818 agilia,
2404 3742 2468 3801 ac
2513 3749 2559 3801 si
2593 3742 2939 3818 libetLPauli
2970 3743 3176 3818 phrasi,
3227 3742 3471 3818 ⁸ι’ἰνευμα-

1888 3820 2037 3885 τικά,
2069 3812 2290 3888 σονρόνα
2319 3818 2642 3885 spiritualia,
2677 3816 2693 3867 |
2728 3812 2981 3888 Corasv,
3001 3813 3095 3868 sed
3118 3813 3327 3888 integra
3351 3812 3472 3865 illo-

1888 3883 2030 3943 rum
2052 3883 2384 3951 substantia,
2421 3904 2549 3942 vere
2580 3888 2696 3956 ipsa
2728 3885 2989 3956 carnibus
3040 3883 3377 3956 ossibusque
3404 3897 3469 3935 ac

1888 3960 2213 4014 humoribus
2239 3967 2516 4022 concreta,
2554 3951 2812 4024 nulloque
2861 3955 2972 4022 jam
3002 3954 3147 4015 cibo,
3200 3961 3258 4005 ut
3299 3951 3467 4005 vitam

1888 4038 2168 4092 tueantur,
2207 4026 2641 4087 statuminanda,
2693 4023 2857 4092 quam
2906 4024 3048 4077 forte
3097 4023 3315 4076 illorum
3348 4035 3473 4072 cor-

1888 4101 2195 4169 ruptionem
2249 4099 2550 4151 arbitratus
2575 4107 2659 4169 est
2714 4094 3040 4169 Methodius,
3078 4092 3317 4169 pronillo
3362 4104 3471 4169 suo

1888 4160 2222 4224 sabbatismo
2248 4177 2301 4222 et
2325 4168 2629 4222 millenaria
2656 4166 2845 4234 requie
2871 4166 2926 4217 in
2956 4160 3124 4234 terra.
3161 4162 3225 4214 Et
3262 4160 3469 4234 certesi

1888 4240 2065 4293 adhuc
2101 4239 2448 4293 necessarius
2474 4238 2579 4292 illis
2600 4229 2777 4298 cibus,
2804 4235 3033 4288 necdum
3057 4233 3215 4302 plene
3242 4229 3470 4302 depulsa

1886 4309 2188 4377 corruptio,
2245 4309 2476 4361 necdum
2523 4322 2817 4377 corporum
2871 4301 3154 4377 beatorum
3186 4301 3468 4355 attributae

1886 4374 2069 4441 dotes,
2123 4378 2301 4431 adhuc
2336 4380 2418 4432 vel
2454 4374 2670 4443 frugum
2702 4375 2785 4429 vel
2824 4374 3182 4428 animantium
3239 4385 3470 4439 genera-

1886 4451 2085 4511 tiones,
2120 4449 2264 4502 unde
2295 4463 2392 4517 pro
2424 4463 2489 4501 eo
2520 4456 2664 4500 statu
2706 4447 2813 4517 illis
2850 4445 3187 4517 Asulliciatur.
3236 4445 3466 4517 Arrepta

1890 4521 2057 4575 semel
2090 4513 2313 4572 humani
2374 4533 2569 4572 sensus
2629 4515 2989 4584 simplicitate,
3011 4514 3130 4582 ejus
3158 4513 3472 4584 statusppi-

1891 4591 2078 4651 nione,
2109 4605 2172 4643 ea
2204 4592 2321 4658 ipsa
2355 4588 2596 4657 proclive
2625 4579 2922 4658 fuitmulta
2963 4579 3471 4658 diviliare,_qu_i_bus

1889 4677 1990 4715 nos
2025 4650 2251 4715 solidior
2270 4650 2537 4727 theologia
2553 4657 2784 4717 exemit;
2818 4669 2937 4723 qrue
2959 4651 3289 4727 nccangelis
3307 4650 3469 4727 aliam

1888 4732 2093 4785 tribuat
2122 4730 2318 4783 molem
2353 4719 2516 4797 qua'm
2541 4728 2782 4789 virtutis,
2808 4719 3027 4797 quaeis
3052 4719 3237 4797 liceat,
3265 4719 3464 4797 majori

1888 4800 2156 4855 minorive
2199 4788 2387 4871 spatio.
2408 4796 2703 4871 applicari;
2764 4788 2865 4849 nec
2920 4793 3169 4871 homines
3200 4806 3230 4871 ξι
3259 4788 3471 4858 judicio

1886 4872 2162 4933 admittat,
2226 4867 2332 4923 nisi
2392 4876 2487 4922 aut
2523 4867 2730 4931 ,beatos
2781 4878 3012 4932 corpore
3041 4869 3095 4917 et
3130 4867 3315 4915 animo
3342 4873 3469 4912 cum

1885 4941 2106 4996 Christo
2128 4947 2436 5010 regnantes,
2464 4937 2624 5010 eique
2643 4936 2889 5010 inAcmlis
2919 4933 3181 5010 asseclas,
3222 4938 3321 5010 aut
3342 4943 3469 4982 cum

1886 5011 2106 5066 diabolo
2134 5003 2422 5078 et'angelis
2470 5003 2592 5075 ejus
2641 5004 2868 5078 inferno
2906 5003 3184 5078 addictos,
3221 5003 3471 5067 utrisque

1887 5083 1997 5136 vita
2028 5073 2347 5137 insolubili:
2377 5078 2423 5133 si
2453 5073 2636 5130 tamen
2674 5075 2787 5128 vita
2818 5073 3297 5133 dicenda,eorum,
3328 5083 3469 5138 quos

1885 5153 1961 5208 ibi
1988 5168 2136 5208 mors
2166 5152 2445 5220 depascet,
2468 5144 2940 5235 ipsanimmortalis
2958 5142 3278 5223 nullumque
3305 5138 3467 5235 ﬁnem

1887 5223 2138 5277 habitura
2192 5210 2440 5296 III-iseria,
2489 5210 2855 5296 Ἃνθρώπινον
2904 5213 3092 5296 σχῆμα
3151 5210 3467 5296 oppositum

1888 5296 2148 5363 angelica:
2179 5293 2309 5345 moli
2343 5297 2395 5344 et
2440 5285 2826 5363 magnitudini,
2864 5285 3150 5363 nesci_o_an
3184 5288 3470 5363 apte‘sats

1888 5352 2128 5417 habitum
2158 5364 2469 5422 humanum,
2501 5352 2817 5426 superiores
2875 5352 3243 5421 reddiderint,
3276 5357 3331 5404 et
3360 5363 3470 5402 non

1884 5432 2342 5505 clarius,humani
2369 5425 2600 5497 corporis
2626 5425 3014 5505 forma(totum
3035 5427 3213 5493 ipsum
3241 5434 3465 5505 corpus=

1885 5506 2045 5573 quale
2103 5503 2478 5574 hominiscst,
2510 5507 2637 5574 ante
2667 5514 2787 5554 eam
2824 5503 3183 5574 mutationem
3219 5507 3284 5573 ac_
3309 5504 3468 5574 quasi

1884 5567 2052 5629 totius
2083 5574 2319 5629 hominis
2342 5572 2535 5625 θέωσιν
2556 5573 2584 5642 )ν
2609 5584 2638 5622 a
2670 5584 2756 5623 me
2788 5567 3059 5642 redditum
3105 5567 3178 5617 sit
3213 5578 3246 5642 ξ,
3273 5567 3472 5642 ἰηΑιιυιι

1883 5660 1993 5698 non
2056 5645 2213 5700 video
2249 5652 2306 5698 ut
2357 5630 2662 5698 Methodius
2708 5656 2817 5695 non
2868 5633 3278 5695 exorbitaverit.
3322 5630 3470 5687 Cou-

1884 5730 2055 5773 BEFIS.
