3864 6162
376 313 475 373 191

1323 308 1385 368 S.
1426 307 1760 366 METRODII
1799 307 2110 366 EPISCOP!
2143 308 2231 365 ΕΤ
2270 302 2631 363 MARTYBIS

3553 294 3664 349 192

444 432 695 490 EUBUL.
733 431 963 488 Multum
992 438 1167 487 aestuo
1185 428 1328 501 apud
1362 445 1470 494 me,
1524 444 1559 483 ο
1605 426 1954 498 Gregorium,

2133 427 2428 482 ΕΥΒΟΥΛ.
2467 424 2605 479 Δίαν
2634 417 2874 491 ἀγωνιῶ,
2905 410 2950 472 ὧ
2984 415 3307 490 Γρηγοριον,
3340 415 3460 468 κατ’
3489 415 3657 484 ἐμαυ-

373 536 635 598 rcputans
664 542 878 583 meeum
910 527 963 580 in
994 534 1199 597 quanta
1232 525 1434 579 utentis
1458 521 1735 577 anxietate
1762 538 1858 592 per
1880 523 1959 577 is-

374 629 484 674 tam
521 635 836 676 sermonum
889 620 1062 692 vicem
1094 616 1365 671 Domnina
1390 621 1725 681 versaretur,
1750 614 1868 684 ipsa
1900 614 1957 669 in

376 714 692 784 praecordiis
719 712 1014 771 ﬂuctuans.
1051 727 1116 767 ac
1145 711 1270 779 jure
1296 719 1546 764 metuens
1582 723 1650 762 ne
1683 708 1787 763 sibi
1815 723 1958 779 aqua

374 806 628 867 haereret,
677 806 1034 875 jrjuttittsque
1087 804 1292 873 aliquid
1347 801 1575 871 reliquis
1629 801 1958 872 virginibus,

370 915 501 954 eum
536 899 643 955 illa:
659 906 811 953 tanta
840 900 950 969 jam
979 898 1169 967 sicque
1192 898 1344 951 varia
1374 904 1768 966 occupassent,
1828 912 1960 966 per-

373 1007 581 1048 oraret.
614 989 674 1046 Si
695 1008 827 1062 ergo
852 1007 962 1045 non
993 989 1362 1046 dissimulavit
1401 991 1566 1045 talem
1614 991 1760 1046 hunc
1789 990 1959 1045 animi

376 1083 464 1138 sui
496 1090 725 1148 motum,
762 1097 863 1152 age
893 1089 948 1136 et
1000 1080 1149 1136 istud
1195 1096 1418 1151 quoque
1478 1082 1741 1152 transige.
1791 1080 1962 1134 Miror

374 1178 520 1230 enim
556 1176 601 1232 si
635 1175 768 1246 quid
792 1175 1047 1230 habuerit
1069 1173 1215 1246 quod
1246 1174 1476 1240 diceret,
1511 1175 1766 1230 ultimum
1796 1182 1962 1230 nacta

373 1266 613 1321 habendi
640 1267 917 1322 sermonis
941 1267 1147 1322 locum.

445 1357 653 1414 GREG.
674 1357 974 1413 Turbatam
998 1375 1133 1416 sane
1153 1360 1327 1430 ipsam
1351 1359 1613 1430 majorem
1635 1359 1691 1414 in
1714 1359 1959 1425 modum,

373 1467 407 1507 ο
433 1451 749 1519 Eubulium,
773 1454 911 1509 dixit
945 1454 1079 1507 mihi
1105 1453 1440 1525 Theopatra,
1474 1470 1586 1508 non
1645 1460 1831 1507 tamen
1882 1453 1965 1507 la-

374 1547 602 1603 borasse
631 1549 858 1617 penuria
891 1563 1228 1604 sermonum.
1247 1549 1304 1604 In
1333 1564 1453 1604 eam
1481 1564 1633 1619 ergo,
1665 1553 1962 1618 postquam

373 1635 614 1709 Tysiana
646 1639 808 1693 linem
839 1638 988 1703 fecit,
1028 1639 1231 1708 injecto
1281 1640 1447 1694 Arete
1497 1638 1683 1700 oculo,
1735 1636 1850 1706 Age
1903 1642 1962 1689 tu

372 1744 616 1801 quoque,
655 1730 754 1795 ait,
809 1730 943 1794 lilia,
982 1746 1290 1786 sermonem
1325 1729 1514 1794 redde,
1560 1736 1620 1782 ut
1648 1727 1962 1782 convivium

2065 525 2165 594 τὴν
2195 522 2306 593 (48)
2339 516 2665 589 ὲννοουμένη
2690 553 2705 578 ,
2739 512 2912 584 ὁποίῳ
2964 509 3179 583 θορύϐῳ
3224 508 3319 561 νῦν
3360 504 3472 578 ἆρα
3506 507 3539 577 ἡ
3567 509 3667 558 Δο-

2069 616 2231 687 μνίνα
2286 609 2377 685 ἦν,
2430 607 2851 682 ταρασσομένης
2906 604 3045 674 αὐτῇ
3096 602 3197 672 τῆς
3253 599 3517 670 καρδίας,
3567 597 3667 650 καὶ

2068 705 2408 776 φοϐουμένης
2440 703 2514 774 μὴ
2550 701 2808 772 ἀπορήσῃ
2853 697 3065 765 λόγων,
3101 695 3197 748 καὶ
3236 691 3576 763 ἐνδεέστερόν
3608 707 3664 745 τι

2067 799 2175 852 τῶν
2207 798 2382 852 ἄλλων
2418 794 2705 867 παρθένων
2761 790 3172 862 ἀποφθέγξηται
3193 829 3209 855 ,
3249 786 3523 841 τοσούτων
3561 784 3663 856 ἤδη

2069 890 2341 962 ῥηθέντων
2386 890 2467 953 εἰς
2497 888 2559 941 τὸ
2607 885 2966 960 προκείμενον
3000 885 3095 939 καὶ
3133 879 3413 936 ποικίλων.
3462 878 3527 931 Ei
3569 873 3664 931 οὖν

2068 981 2290 1049 εὖδηλος
2324 981 2541 1049 ἐγένετο
2567 978 2924 1050 κεκινημένη,
2948 976 3082 1048 φέρε
3108 976 3207 1029 καὶ
3235 972 3395 1027 τοῦτο
3416 970 3663 1043 περαίω-

2070 1091 2182 1128 σον.
2224 1073 2501 1144 Θαυμάζω
2527 1072 2635 1145 γὰρ
2668 1070 2722 1124 εἴ
2751 1088 2805 1124 τι
2834 1069 2990 1140 ἔσχεν
3023 1069 3220 1132 εἰπεῖν,
3247 1065 3533 1119 τελευταῖα
3571 1080 3667 1119 κε-

2069 1166 2421 1238 κληρωμένη.

2138 1340 2427 1403 ΓΡΗΓΟΡ.
2470 1344 2814 1416 Τεταράχθαι
2864 1343 2963 1415 μὲν
2994 1342 3162 1414 αὐτὴν
3185 1381 3200 1407 ,
3238 1335 3285 1394 ὧ
3330 1339 3661 1408 Εὐϐοὑλιον,

2068 1446 2163 1500 καὶ
2192 1442 2541 1514 σφόδρα,ἕφη
2576 1457 2665 1512 μοι
2696 1440 3062 1511 ήΘεοπάτρα·
3094 1438 3156 1491 οὐ
3194 1438 3301 1508 μὴν
3321 1435 3665 1507 ἠπορηκέναι

2069 1535 2263 1603 λόγων.
2300 1531 2456 1587 Μετὰ
2487 1531 2548 1584 τὸ
2582 1530 2898 1585 παύσασθαι
2926 1529 3027 1601 τὴν
3066 1526 3363 1598 Τυσιανὴν,
3392 1529 3426 1597 ἡ
3464 1528 3663 1599 Ἀρετὴ

2069 1626 2159 1681 τὸν
2188 1624 2466 1695 ὀφθαλμὸν
2506 1625 2588 1686 είς
2618 1621 2789 1693 αὐτὴν
2836 1620 3204 1686 ἐπιϐαλοῦσα,
3241 1620 3412 1692 Δεῦρο
3455 1619 3521 1689 δὴ
3567 1616 3667 1671 καὶ

2071 1717 2335 1790 θύγατερ,
2371 1717 2496 1788 ἔφη,
2540 1715 2633 1769 τὸν
2681 1714 2840 1783 λόγον
2881 1713 3101 1778 ἀπόδος,
3144 1712 3232 1764 ἵνα
3283 1709 3666 1781 πληρώσωμεν

371 1824 524 1877 omni
548 1838 611 1877 ex
652 1830 807 1893 parte
834 1822 1135 1893 perfectum
1172 1824 1568 1892 compleamus.
1622 1819 1721 1875 llis
1768 1819 1965 1873 erube-

2077 1812 2254 1883 ὲντελῆ
2282 1811 2380 1883 τὴν
2414 1811 2667 1882 εὐωχίαν.
2694 1808 2804 1879 Τὴν
2829 1803 2921 1862 οὖν
2947 1807 3232 1878 Δομνίναν,
3256 1804 3667 1878 ἑρυθριάσασαν

377 1928 543 1969 sccns
575 1912 867 1977 Domnina,
898 1915 1098 1984 vixque
1129 1922 1249 1984 post
1276 1915 1492 1986 longam
1525 1927 1735 1967 moram
1768 1911 1962 1966 oculos

373 2007 697 2077 vultumque
730 2007 950 2071 tollens,
986 2006 1518 2078 exsurgensquead
1570 2005 1842 2059 orandum
1900 2016 1962 2057 se

373 2098 561 2161 vertit,
595 2113 660 2153 ac
693 2096 989 2167 Sapientia:
1041 2114 1283 2168 prazsens
1339 2098 1606 2153 auxilium
1658 2097 1964 2166 imploran-

370 2185 526 2242 dum.
561 2186 678 2255 Qua
711 2189 961 2244 oratione
997 2190 1316 2256 perfunctre,
1352 2190 1525 2244 visam
1560 2189 1742 2245 aiebat
1777 2189 1964 2243 subito

374 2296 570 2335 novam
621 2292 863 2338 creatam
922 2284 1231 2347 audaciam,
1282 2292 1338 2339 et
1391 2283 1633 2338 divinam
1666 2281 1964 2354 quamdam

372 2371 639 2429 incidisse
663 2371 955 2443 ﬁduciam;
990 2388 1164 2444 eaque
1186 2372 1391 2428 fretam
1417 2372 1653 2428 dixisse.

840 2615 1302 2710 ΟΒΑΊῚΟ
1374 2621 1502 2707 Χη

995 2762 1332 2819 DOMNINA.

2072 1904 2325 1968 ἐπιπολὺ,
2353 1903 2506 1974 μόλις
2533 1901 2846 1964 ἀνανεῦσαι,
2866 1901 2959 1953 καὶ
2990 1901 3069 1962 εἰς
3095 1898 3260 1969 εὐχὴν
3287 1895 3666 1961 ὲξαναστᾶσαν

2068 1999 2343 2071 τραπῆναι
2370 2037 2384 2059 ,
2441 1998 2535 2051 καὶ
2588 1996 2773 2050 καλεῖν
2807 1996 2907 2066 τὴν
2962 1993 3165 2062 Σοψίαν
3213 1989 3562 2063 παραστῆναι
3613 1989 3666 2043 οἱ

2070 2091 2285 2163 βοηθόν.
2342 2090 2631 2162 Εὐξαμένῃ
2674 2088 2733 2142 δὲ
2783 2089 2944 2159 αὐτῇ,
2993 2087 3193 2157 θάρσος
3243 2084 3410 2154 φησὶν
3458 2079 3668 2144 εὐθέως

2069 2183 2382 2253 ἐγγίνεσθαι
2404 2223 2418 2246 ,
2449 2182 2544 2237 καί
2574 2198 2659 2245 τις
2682 2173 2853 2252 αὐτὴν
2886 2179 3004 2233 θεία
3049 2177 3309 2248 ἀνακωχὴ
3350 2171 3625 2229 κατέλαϐε
3644 2211 3663 2238 ,

2069 2278 2162 2331 καί
2196 2276 2322 2349 ἔφη.

1993 2506 2067 2520 —

2597 2605 2963 2694 ΛΟΓΟΣ
3040 2605 3104 2686 L

2688 2753 3006 2808 AOMNINA
3016 2794 3023 2803 .

920 2884 1053 2939 CAP.
1084 2882 1126 2940 1.
1163 2883 1293 2939 Sola
1320 2882 1486 2953 efﬁcit
1511 2900 1574 2937 ac
1597 2891 1821 2953 prazstat
1849 2881 2094 2948 castitas,
2127 2890 2186 2936 ut
2209 2881 2392 2936 anima
2423 2876 2793 2932 laudatissime
2817 2873 3157 2946 gubernetur.
3191 2900 3194 2903 η

448 2999 699 3068 OArete,
733 3004 956 3061 omissis
987 3015 1041 3061 et
1080 3020 1181 3075 ego
1214 3004 1569 3059 exordiorum
1604 3004 1952 3076 ambagibus,

2133 2999 2206 3055 Ὦ
2251 3000 2477 3074 Ἀρετὴ,
2512 2997 2700 3067 κάγὼ,
2731 2992 3114 3070 παραλείᾲατα
3155 2988 3255 3054 τὰς
3293 2986 3668 3061 μακρολογίας

377 3097 631 3166 protinus
659 3110 775 3152 rem
810 3096 986 3166 ipsam
1022 3094 1244 3164 aggredi
1290 3095 1538 3149 conabor
1573 3109 1673 3164 pro
1722 3093 1959 3159 viribus,

2077 3095 2179 3151 τῶν
2215 3092 2708 3167 προεξηγημάτων,
2745 3091 2825 3152 εἰς
2859 3084 3000 3139 αὐτᾶ
3030 3082 3098 3137 τὰ
3148 3079 3487 3153 προκείμενα
3516 3076 3668 3132 κατά

379 3204 448 3244 ne
472 3189 540 3244 iis
570 3189 914 3245 immorando
933 3203 1054 3259 qua:
1074 3197 1228 3243 extra
1247 3203 1359 3242 rem
1385 3195 1536 3255 sunt,
1567 3187 1783 3258 longius
1800 3201 1966 3256 quam

377 3295 480 3351 pro
527 3296 716 3336 earum
774 3282 987 3335 ratione
1032 3295 1094 3333 ac
1136 3297 1275 3351 pene
1321 3279 1602 3350 superﬂue
1655 3280 1967 3333 orationem

377 3377 615 3428 traham.
657 3372 897 3429 Numero
949 3373 1096 3428 enim
1136 3374 1189 3426 in
1248 3389 1444 3443 magna
1476 3371 1783 3443 prudentiae.
1810 3378 1967 3443 parte

379 3481 489 3521 non
522 3466 806 3537 indulgere
828 3466 1014 3521 verbis
1055 3466 1293 3520 inaniter
1341 3481 1505 3520 aures
1563 3463 1962 3527 mulcentibus,

379 3559 722 3631 diﬂ‘undique
771 3558 1027 3626 dicendo,
1087 3567 1380 3630 antequam
1433 3558 1500 3612 ad
1561 3566 1730 3629 caput
1785 3559 1966 3628 ipsum

382 3654 594 3724 (μιωείίί
622 3657 910 3719 veniatur;
954 3652 1050 3709 sed
1077 3668 1144 3707 ex
1179 3654 1299 3723 ipso
1330 3652 1515 3707 statim
1549 3661 1758 3722 puncto
1814 3666 1968 3722 qua:-

380 3747 582 3805 stionis
615 3750 878 3819 incipere.
908 3747 1047 3803 liinc
1089 3748 1255 3818 igitur
1293 3748 1482 3804 ordior
1517 3767 1529 3803 :
1570 3756 1786 3818 tempus
1823 3748 1968 3802 enim

378 3848 487 3897 est.

451 3932 599 3988 Nihil
629 3942 738 3988 tam
770 3935 1031 4004 prodesse
1068 3933 1274 3988 homini
1308 3932 1376 3987 ad
1408 3933 1749 3989 honestatem
1777 3947 1839 3987 ac
1860 3932 1972 3986 vir-

384 4027 516 4082 tutis
545 4027 772 4091 bonum,
804 4042 838 4081 o
863 4027 1107 4082 illustres
1137 4026 1396 4096 virgines,
1424 4027 1625 4096 poterit
1655 4042 1820 4097 quam
1854 4042 1971 4081 .ca-

380 4120 565 4178 stitas.
606 4119 676 4175 Ut
707 4121 853 4176 enim
885 4135 1101 4176 summa
1157 4120 1447 4173 honestate
1498 4133 1562 4173 ac
1592 4117 1971 4173 laudatissime

381 4215 720 4286 gubernetur
752 4215 953 4276 anima,
986 4221 1156 4283 utque
1185 4230 1214 4267 a
1249 4214 1407 4270 malis
1439 4223 1493 4269 et
1532 4210 1971 4283 inquinamentis

381 4322 519 4378 pura
551 4307 756 4361 mutulo
791 4309 1038 4363 solvatur
1067 4324 1131 4362 ac
1157 4310 1488 4371 dimittatur,
1525 4308 1641 4363 sola
1668 4308 1785 4360 Ιιδςο
1808 4304 1973 4359 cllicit

380 4414 447 4455 ac
475 4407 718 4471 praestat.
749 4399 825 4454 Ex
854 4417 965 4471 quo
994 4402 1264 4472 siquidem
1311 4402 1567 4457 Christus
1591 4414 1713 4455 eam
1738 4412 1838 4453 nos
1871 4413 1936 4451 co
1956 4426 1970 4436 -

2072 3188 2303 3260 δύναμιν
2341 3187 2515 3239 εἰπεῖν
2563 3181 2931 3254 πειράσομαιο
2967 3178 3055 3231 ἵνα
3084 3174 3148 3246 δὴ
3187 3173 3282 3245 μὴ,
3309 3172 3388 3244 τῷ
3422 3171 3667 3245 μηκύνε-

2075 3281 2196 3335 σθαι
2228 3280 2297 3334 τὰ
2331 3280 2601 3351 πάρεργα,
2639 3276 2861 3328 πλείονα
2882 3271 3074 3346 χρόνον
3103 3263 3178 3323 ὧν
3212 3268 3377 3321 ἕνεκα
3406 3267 3667 3335 λέγονται

2074 3372 2361 3445 παράσχω.
2397 3368 2665 3441 Ἰἰγοῦμαι
2698 3366 2807 3436 γὰρ
2840 3365 3096 3436 μέγιστον
3134 3359 3299 3432 μέρος
3342 3359 3669 3430 φρονήσεως

2072 3462 2211 3519 εἶναι
2244 3464 2305 3518 τὸ
2341 3463 2416 3535 μὴ
2472 3461 2716 3535 μακροὺς
2750 3460 2813 3511 ἐκ
2848 3455 3110 3528 περιόδων
3141 3453 3247 3526 πρὸ
3296 3452 3403 3506 τῶν
3446 3452 3670 3523 ἐρωτη-

2073 3557 2272 3612 θέντων
2324 3554 2588 3610 ποιεῖςθαι
2624 3554 2750 3615 τοὺς
2791 3550 3004 3619 λόγους,
3039 3546 3340 3619 κηλοῦντας
3385 3545 3454 3599 τά
3508 3539 3665 3598 ὧταο

2073 3651 2187 3707 ἀλλ’
2218 3649 2443 3704 αὐτόθεν
2488 3646 2690 3708 εὐθέως
2728 3645 2857 3715 περὶ
2890 3644 3010 3696 ὅτου
3041 3640 3099 3694 τὸ
3135 3638 3471 3712 ὲπερὼτημά
3511 3639 3671 3692 ἐστιν

2073 3745 2355 3819 ἄρχεσθαι.
2391 3742 2483 3797 Διὸ
2511 3739 2721 3794 ἐνθένδε
2751 3737 2935 3807 κάγώ·
2970 3735 3161 3807 καιρὸς
3189 3734 3320 3806 γάρ.

2146 3923 2312 3978 Οὐδὲν
2342 3920 2515 3984 οὕτως
2552 3917 2743 3988 ὀνῆσαι
2772 3915 3057 3986 δυνήσεται
3092 3912 3229 3985 πρὸς
3272 3910 3335 3963 τὸ
3375 3908 3539 3964 καλὸν
3569 3908 3668 3965 τὸν

2074 4018 2395 4089 ἄνθρωπον,
2437 4009 2482 4068 ὦ
2539 4009 2995 4083 καλλιπάρθενοι,
3043 4009 3118 4071 ὡς
3164 4004 3375 4076 ἁγνεία.
3428 4004 3502 4059 Τὸ
3551 4004 3669 4078 γάρ

2074 4108 2335 4163 κάλλιστα
2369 4105 2464 4159 καὶ
2493 4103 2692 4176 ἄριστα
2719 4097 3206 4172 διακυϐερνηθῆναι
3230 4096 3325 4167 τὴν
3345 4095 3547 4167 ψυχὴν,
3565 4095 3670 4149 καὶ

2075 4200 2305 4272 κηλίδων
2359 4197 2453 4252 καὶ
2510 4193 2832 4267 μιασμάτων
2870 4189 3119 4262 καθαρὰν
3169 4186 3507 4257 ἀπολυθῆναι
3563 4186 3669 4240 τοῦ

2074 4295 2310 4365 κόσμου,
2367 4292 2501 4362 μόνη
2553 4289 2698 4342 ποιεῖ
2743 4284 2903 4339 τοῦτο
2953 4283 3047 4338 καὶ
3103 4279 3399 4354 ἐργάζεται
3444 4278 3665 4347 ἁγνεία.

2088 4386 2204 4455 Ἀφ’
2232 4377 2292 4437 οὗ
2325 4383 2434 4455 γὰρ
2454 4383 2482 4434 ὁ
2512 4380 2747 4452 Χριστὸς
2777 4376 3054 4430 ἐδίδασκεν
3083 4373 3253 4444 αὐτὴν
3276 4374 3467 4425 ἀσκεῖν
3488 4372 3668 4442 ἡμᾶς,

382 4490 494 4545 lere
526 4491 733 4553 docuit,
758 4464 1388 4563 excellentissimainque
1418 4494 1568 4548 illius
1594 4488 1967 4561 pulchritudio

2077 4478 2171 4532 mi.
2204 4477 2473 4547 ἐμήνυσεν
2516 4474 2646 4543 ἡμῖν
2680 4471 2740 4524 τὸ
2788 4465 3197 4539 ἀνυπέρϐλητον
3226 4464 3424 4529 κάλλος
3467 4464 3668 4536 αὐτῆς,

381 4600 505 4640 nem
552 4585 786 4656 aperuit,
836 4601 1064 4656 regnum
1092 4587 1296 4642 diaboli
1331 4588 1672 4643 destructum
1700 4590 1806 4645 est,
1839 4594 1968 4634 cum

381 4677 535 4750 prius
568 4680 884 4733 universum
932 4680 1219 4733 hominum
1254 4696 1428 4751 genus
1460 4679 1736 4749 captivum
1781 4672 1971 4727 trahe-

454 4814 568 4884 (48)
590 4815 726 4868 Κατ’
750 4812 1033 4883 ἐμαυτήν.
1061 4812 1202 4868 Hinc
1235 4813 1403 4881 liquet
1429 4811 1719 4865 Eubulium
1743 4809 1973 4878 perinde

384 4887 601 4941 fetninaa
634 4898 924 4955 personam
974 4901 1098 4940 esse
1138 4900 1203 4939 ac
1255 4884 1577 4954 Gregorium
1612 4901 1626 4936 :
1661 4896 1779 4955 lucc
1816 4888 1972 4955 tanta

382 4958 620 5029 puellam
635 4950 792 5029 apud
808 4957 994 5029 virum
1021 4957 1318 5029 deponere,
1355 4950 1617 5009 decorum
1646 4953 1824 5029 visunt
1861 4950 1973 5029 _M_e-

382 5021 573 5081 thodio
605 5021 698 5079 cui
723 5028 774 5078 iu
802 5021 1109 5096 Symposio
1129 5026 1423 5096 virginum,
1454 5037 1755 5096 carumque
1786 5021 1974 5096 habito

384 5099 668 5168 relatoque
710 5091 1005 5168 colloquio,
1058 5091 1255 5168 magna
1306 5095 1531 5166 pudoris
1564 5103 1617 5149 et
1659 5091 1969 5147 honestatis

386 5183 553 5223 sexus
584 5167 831 5220 habenda
856 5166 959 5223 fuit
992 5166 1473 5222 ratio.Coum~:ris.

460 5238 571 5306 (49)
608 5236 703 5305 Μὴ
755 5236 875 5291 τῶν
919 5236 1331 5307 παλαιοτέρων
1378 5235 1531 5290 τινά.
1571 5233 1716 5288 Dura
1751 5234 1866 5307 haec
1917 5242 1976 5287 ut

388 5305 610 5370 sonant,
644 5323 745 5379 nec
780 5308 1043 5379 Apostolo
1070 5314 1174 5361 'aut
1207 5305 1348 5363 Vlidei
1377 5322 1622 5361 consona
1654 5325 1668 5370 ;
1699 5305 1972 5379 neminem

389 5389 637 5435 veterum
698 5374 1156 5448 Deo'placuisse.
1212 5379 1375 5433 Certe
1413 5380 1741 5448 placuerunt
1794 5374 1973 5448 multi,

390 5462 701 5518 magnaque
728 5444 1017 5504 sanciitate
1063 5444 1502 5511 clarueruntfut
1528 5458 1581 5502 et
1616 5448 1722 5508 his,
1749 5444 1975 5518 qt.i_sub

430 5514 570 5573 raiia
593 5514 802 5584 vivunt,
831 5520 1082 5588 exemplo
1104 5534 1226 5574 esse
1260 5520 1506 5588 possint:
1537 5519 1612 5571 uti
1647 5514 1979 5588 etiampauv

430 5538 570 5573 raua
593 5538 802 5584 vivunt,
831 5538 1082 5588 exempto
1104 5538 1226 5574 esse
1260 5538 1506 5588 possint:
1537 5538 1612 5571 uu
1647 5538 1809 5572 etiam
1835 5538 1979 5568 rau-

391 5538 748 5659 i‘usexemplo
764 5590 1038 5658 producit,
1058 5605 1197 5659 quos
1220 5597 1403 5644 tantos
1430 5597 1681 5643 numerat
1707 5587 1774 5639 ad
1794 5585 1969 5659 _llehr.
2017 5602 2019 5605 ν

398 5676 437 5715 ι.
459 5656 745 5714 Glosseiua
766 5656 1032 5721 Possinii,
1066 5656 1209 5711 omni
1252 5674 1316 5712 ea:
1348 5671 1536 5728 parte:
1583 5659 1730 5711 velut
1756 5656 1977 5728 placue-

394 5731 509 5785 rint
548 5729 767 5797 quidem
802 5745 867 5784 ac
889 5730 1022 5798 justi
1058 5729 1281 5786 fuerint.
1319 5727 1414 5784 sed
1449 5744 1558 5782 non
1601 5742 1830 5797 prorsus
1865 5727 1979 5795 pla-

394 5802 633 5868 cuerint,
659 5816 721 5855 ac
757 5797 957 5871 partim
984 5799 1142 5871 justi,
1173 5798 1375 5869 partim
1429 5810 1744 5869 peccatores
1777 5797 1978 5853 luet-int

2073 4567 2381 4642 ἡβασιλεία
2438 4565 2531 4619 τοῦ
2587 4561 2825 4635 πονηροῦ
2878 4559 3198 4632 καθῃρέθη,
3255 4557 3522 4629 πρότερον
3576 4555 3671 4609 ἀεὶ

2075 4661 2282 4723 πάντας
2307 4655 2796 4729 αἰχμαλωτίζοντος
2825 4653 2919 4706 καὶ
2940 4650 3319 4721 δουλουμένου·
3344 4648 3419 4713 ὡς
3447 4648 3525 4719 μὴ
3545 4646 3666 4719 (49)

2073 4806 2127 4854 et
2148 4798 2297 4860 mali,
2330 4812 2430 4850 nos
2475 4811 2530 4848 tn
2576 4795 2694 4861 lege
2727 4793 2918 4862 gratim
2976 4805 3084 4845 non
3121 4791 3298 4845 simus
3332 4806 3354 4862 ;_
3412 4790 3665 4862 antiquis

2075 4859 2291 4923 sanctis
2317 4868 2577 4935 injurium
2604 4859 2709 4923 est.
2733 4859 2988 4930 nihilque
3035 4859 3479 4935 accommodum.
3513 4859 3667 4935 Nusf

2075 4956 2238 5009 quam
2270 4940 2348 4993 vel
2371 4931 2483 5009 illis
2511 4937 2593 5009 vel
2621 4936 2779 4987 nobis
2808 4934 3123 5009 defuerunt,
3144 4932 3349 5009 quibus
3365 4946 3476 4985 non
3510 4931 3666 5009 omni

2076 5001 2141 5066 ex
2175 5018 2328 5080 parte
2359 5007 2585 5077 perfecti
2619 5020 2811 5080 sumus
2837 5047 2853 5069 ,
2886 5003 3134 5080 quandiit
3158 5003 3331 5080 vitam
3369 5001 3664 5080 tuortalem

2075 5072 2309 5137 vivi-mus
2337 5072 2570 5146 {sicque
2600 5091 2700 5130 nec
2728 5074 2966 5146 dilectus
2998 5073 3305 5146 discipulus
3330 5072 3660 5146 placuisset,

2076 5154 2168 5222 qui
2203 5168 2262 5206 se
2290 5154 2404 5222 ipse
2428 5144 2494 5203 ac
2523 5148 2763 5222 reliquos
2797 5144 2983 5199 tideles
3031 5144 3321 5222 agnoscit,
3364 5158 3473 5195 non
3503 5144 3661 5222 οηιηί

2076 5213 2142 5278 ex
2175 5213 2558 5293 partejustum
2615 5213 2710 5293 sed
2736 5223 3018 5293 peccatum
3075 5215 3276 5293 habere
3302 5233 3317 5277 ;
3345 5228 3411 5293 ac
3436 5213 3536 5293 qui
3566 5228 3666 5268 ue-

2077 5284 2304 5364 gaverit,
2338 5284 2692 5361 quantumvis
2721 5284 3030 5364 apostolus,
3055 5293 3109 5340 et
3148 5286 3200 5364 in
3236 5284 3503 5364 apostolis
3526 5298 3670 5351 prte-

2078 5355 2334 5426 dilectus,
2356 5355 2554 5430 ipsum
2583 5375 2642 5413 se
2677 5355 2961 5430 seducere,
2984 5356 3343 5430 et_veritatem
3368 5355 3433 5430 in
3459 5369 3528 5408 eo
3552 5369 3668 5430 non

2062 5446 2202 5491 esse
2247 5423 2413 5489 sentit
2443 5430 2496 5498 (1
2522 5429 2684 5484 Joan.
2718 5447 2755 5494 ι,
2794 5427 2870 5498 8).
2903 5426 3185 5498 Neminem
3231 5440 3364 5498 ergo
3382 5423 3670 5498 placuisse

2078 5506 2277 5561 dixerit
2327 5494 2652 5558 Methodius.
2707 5494 3006 5568 Scriptura:
3056 5496 3267 5565 phrasi,
3318 5495 3468 5564 quod
3501 5494 3670 5565 pauci

2081 5577 2410 5648 placuerint.
2442 5575 2699 5648 quodque
2728 5573 2763 5624 ii
2788 5567 2892 5639 ipsi
2915 5567 3010 5648 qui
3038 5569 3390 5648 placuerunt,
3422 5580 3566 5648 non.
3595 5580 3669 5621 ex

2082 5634 2216 5717 legis
2248 5646 2443 5702 merito
2462 5634 2947 5717 'placuerunt;_sed
2970 5634 3054 5692 ex'
3085 5637 3292 5717 Christi
3319 5638 3525 5717 gratia,
3544 5634 3667 5717 jam

2080 5706 2196 5773 tuum
2222 5734 2289 5773 ex
2320 5717 2423 5771 ﬁde
2449 5706 2851 5784 operante,_cui_
2873 5718 3055 5784 tantas
3084 5706 3403 5784 sanctorum
3425 5706 3672 5763 virtutes

2083 5807 2145 5848 ac
2179 5787 2424 5845 facinora
2459 5777 2686 5842 ascribit
2722 5781 2926 5839 Paulus
2954 5780 3160 5836 relatus
3192 5778 3262 5834 ad
3291 5777 3577 5842 Hebraeos,
3607 5784 3668 5832 et
