3864 6162
215 325 316 381 195

207 539 344 593 ἀλλὰ
377 540 585 603 πάντας
615 540 1046 612 ἐπικρατηθῆναι
1096 540 1453 610 πταίσμασιν,
1485 540 1548 593 οὐ
1586 539 1791 610 σφόδρα

205 631 300 686 τοῦ
338 632 508 702 νόμου
549 633 649 703 τῆς
684 631 889 704 φθορᾶς
924 632 1257 704 ἀρκέσαντος
1297 630 1657 704 ἐλευθερῶσαι
1688 630 1789 702 τὴν

204 723 637 797 ἀνθρωπότητα,
680 724 870 796 μέχρις
910 725 943 796 ἡ
979 723 1248 796 παρθενία
1289 723 1647 794 διαδεξαμένη
1695 723 1788 776 τὸν

205 817 391 889 νόμον,
424 816 662 889 Χριστοῦ
705 820 901 886 ταγαῖς
937 818 1046 870 τῶν
1081 815 1385 888 ἀνθρώπων
1414 815 1784 870 ὲΰασίλευσεν.

202 911 278 963 Οὐ
307 909 420 982 γὰρ
447 909 514 963 ἂν
541 908 716 972 οὓτως
747 912 795 963 οἱ
847 908 1081 982 πρόσθεν
1111 913 1192 973 εἰς
1234 908 1413 981 μάχας
1453 910 1547 962 καὶ
1571 910 1785 979 φόνους,

201 1001 295 1054 καὶ
344 1001 556 1071 ἔρωτας
605 1001 700 1055 καὶ
749 1000 1192 1074 εἰδωλολατρείας
1239 1000 1622 1054 συνελαύνοντο
1659 1001 1788 1055 πολ-

199 1092 381 1157 λάκις,
412 1096 461 1148 εί
494 1090 562 1165 ἦν
595 1094 839 1165 αὐτοῖςή
871 1098 936 1147 ἐκ
968 1094 1078 1148 τῶν
1111 1095 1292 1165 νόμων
1325 1094 1607 1165 αὐτάρκης
1647 1093 1785 1166 πρὸς

200 1188 478 1258 σωτηρίαν
507 1186 841 1258 δικαιοσύνη.
870 1187 1007 1240 Νυνὶ
1027 1187 1084 1240 δὲ
1109 1187 1230 1240 τότε
1264 1186 1363 1257 μὲν
1392 1186 1656 1257 μεγάλαις
1688 1187 1785 1239 καὶ

197 1278 421 1342 πολλαῖς
454 1278 713 1343 πολλάκις
748 1277 1070 1349 ὲνεφύροντο
1111 1280 1421 1350 συμφοραῖς
1442 1295 1453 1307 ·
1494 1279 1586 1346 ἀφ’
1623 1270 1685 1330 οὗ
1724 1277 1782 1331 δὲ

192 1368 433 1442 Χριστὸς
461 1369 870 1442 ὲνηνθρώπησε,
901 1370 998 1423 καὶ
1026 1370 1296 1442 παρθενίᾳ
1339 1369 1438 1442 τὴν
1473 1369 1654 1440 σάρκα
1688 1386 1781 1421 κο-

193 1467 415 1536 σμήσας
439 1464 698 1531 ῶπλισεν,
719 1468 747 1519 ὁ
775 1464 1157 1537 ὼμοτύραννος
1181 1463 1364 1534 ἄρχων
1392 1463 1494 1533 τῆς
1510 1462 1780 1534 ἀκρασίας

190 1558 386 1629 ᾑρέθη,
421 1557 519 1611 καὶ
565 1560 758 1630 εἰρήνη
792 1558 885 1611 καὶ
931 1557 1114 1620 πίστις
1167 1558 1395 1629 κρατεῖ,
1437 1555 1619 1609 οὐκέτι
1670 1556 1780 1611 τῶν

188 1647 500 1720 ἀνθρώπων
530 1649 792 1714 ὡσαύτως
817 1649 1172 1722 τρεπομένων
1205 1651 1286 1713 εἰς
1314 1646 1775 1720 εἰδωλολατρείαν,

184 1739 384 1813 ὥσπερ
414 1743 510 1797 καὶ
533 1742 721 1796 πάλαι.

1313 317 1699 376 CONVIVIUM
1730 317 1961 374 DECEM
1996 315 2354 374 VIRGINUM.

210 448 319 501 τῶν
356 445 730 518 παλαιοτέρων
778 444 1074 516 εὐάρεστον
1113 445 1394 515 γεγονέναι
1426 445 1619 517 Κυρίῳ
1646 443 1766 498 τινὰ

1902 449 1985 498 ret
2017 450 2071 497 et
2099 442 2379 498 addiceret
2434 461 2448 497 :

3385 325 3485 380 I'M

2503 440 2640 498 adeo
2669 449 2731 497 ut
2761 441 2947 498 nullus
2982 442 3349 514 antiquiorum
3376 443 3486 499 Do-

1899 535 2051 589 mino
2078 536 2369 605 placuerit,
2406 534 2503 591 sed
2533 550 2728 592 omnes
2757 536 2812 590 in
2860 536 3197 593 oﬂ'ensiones
3227 538 3482 594 incurre-

1897 629 2043 694 rint;
2078 645 2202 683 cum
2238 630 2325 683 lex
2356 644 2466 683 non
2498 630 2619 700 ipsa
2651 630 2809 685 valde
2840 630 2909 685 ad
2939 630 3283 686 liberandum
3306 645 3481 701 genus

1897 721 2197 776 humanum
2231 736 2262 775 a
2293 723 2650 792 corruptione
2675 723 2822 793 potis
2852 722 3036 787 fuerit,
3086 721 3263 778 donec
3311 722 3483 794 virgi-

1897 815 2045 870 nitas
2079 815 2181 886 legi
2212 816 2537 881 succedens,
2581 814 2791 871 Christi
2840 815 3103 886 auspiciis
3146 822 3202 872 et
3242 816 3482 871 decretis

1897 906 2150 961 homines
2200 907 2432 979 imperio
2482 910 2752 978 regendos
2796 910 3065 980 suscepit.
3119 908 3308 980 Neque
3347 924 3481 965 vero

1894 1002 2055 1071 primi
2087 1000 2372 1054 hominum
2406 1001 2543 1056 adeo
2577 1002 2633 1056 in
2668 1018 2881 1073 pugnas
2914 1011 2969 1058 et
3009 1003 3207 1069 caedes,
3243 1006 3299 1059 in
3328 1020 3479 1061 amo-

1893 1109 1982 1150 res
2035 1103 2090 1149 et
2141 1094 2415 1161 libidines,
2469 1095 2749 1150 idolorum
2785 1098 3236 1168 superstitiosum
3265 1099 3476 1154 cultum

1893 1186 2201 1257 praecipites
2225 1187 2427 1257 smpius
2459 1188 2858 1253 cucurrissent,
2912 1189 2960 1244 si
3002 1189 3218 1260 justitia
3248 1205 3370 1260 quae
3407 1205 3476 1245 ex

1890 1281 2103 1350 legibus
2132 1289 2271 1344 erat,
2300 1280 2575 1337 sulliciens
2596 1282 2677 1338 eis
2711 1281 2905 1338 fuisset
2952 1282 3019 1338 ad
3062 1285 3316 1339 salutem.
3349 1282 3473 1339 Jam

1888 1388 2042 1439 vero,
2074 1380 2208 1427 tunc
2233 1373 2455 1443 quidem
2487 1375 2702 1445 magnis
2730 1375 2881 1446 ipsos
2901 1377 3220 1448 crebrisque
3252 1377 3476 1432 calami-

1890 1469 2095 1523 tatibus
2124 1469 2397 1525 immistos
2444 1468 2614 1525 fuisse
2648 1467 2897 1525 videmus
2946 1488 2960 1524 :
3015 1486 3081 1525 ex
3116 1486 3227 1541 quo
3287 1478 3472 1526 autem

1886 1559 2146 1616 Christus
2205 1560 2531 1617 incarnatus
2582 1568 2688 1625 est,
2748 1570 2803 1616 et
2853 1562 3170 1633 virginitate
3216 1571 3471 1618 ornatam

1885 1667 2110 1708 carnem
2142 1654 2410 1721 armavit;
2440 1651 2682 1709 crudelis
2713 1661 2983 1725 tyrannus
3034 1655 3473 1724 intemperantia

1885 1744 2142 1816 princeps
2173 1745 2426 1801 sublatus
2479 1753 2583 1810 est,
2620 1756 2675 1802 et
2718 1762 2824 1817 pax
2855 1746 3100 1817 ﬁdesque
3146 1746 3315 1816 viget,
3356 1760 3469 1800 non

1882 1840 1996 1911 jam
2011 1848 2070 1896 ut
2083 1849 2209 1896 ante
2226 1841 2280 1895 in
2293 1841 2500 1897 cultum
2518 1842 2786 1897 idolorum
2804 1857 2980 1913 prono
2992 1843 3231 1898 humano
3246 1854 3465 1915 genere.

614 1977 743 2035 CAP.
770 1979 834 2034 11.
862 1977 1035 2035 Locus
1064 1979 1196 2035 Jud.
1228 1998 1303 2045 Ix,
1331 1980 1487 2044 8-15,
1506 1995 1789 2049 expensus.
1833 1977 2101 2033 Arborum
2126 1996 2295 2050 regem
2331 1979 2720 2049 exposcentium
2756 1978 3036 2049 allegoria.

263 2119 413 2173 Ἀλλ’
444 2120 535 2174 ἵνα
580 2119 656 2192 μὴ
686 2119 823 2186 δόξω
863 2137 975 2173 τισι
1013 2118 1361 2191 σοφίζεσθαι,
1393 2120 1489 2175 καὶ
1528 2120 1638 2174 ἀπὸ
1669 2119 1771 2174 τῶν

1957 2116 2067 2174 Sed
2099 2134 2171 2176 ne
2202 2119 2292 2175 cui
2342 2119 2536 2175 videar
2565 2119 2868 2190 saphistica
2902 2122 3144 2191 grassari
3191 2129 3330 2187 arte,
3363 2138 3465 2178 ex-

175 2214 415 2269 εξκότων
440 2212 839 2285 τεκμαίρεσθαι
878 2210 1053 2266 ταῦτα
1098 2213 1193 2266 καὶ
1231 2213 1536 2284 φληναφᾷν,
1569 2214 1634 2266 ἐκ
1677 2212 1777 2283 τῆς

174 2308 419 2370 παλαιᾶς
445 2307 599 2376 ὑμῖν,
616 2299 661 2358 ὦ
678 2305 964 2377 Παρθένοι,
992 2304 1148 2373 κάγὼ
1170 2304 1481 2377 παρέξομαι
1501 2303 1777 2375 Διαθήκης

173 2398 457 2471 ἔγγραφον
490 2397 852 2469 προφητείαν,
882 2396 958 2462 ὼς
983 2396 1156 2469 ἀληθῆ
1178 2397 1343 2466 λέγω,
1378 2398 1506 2461 τοὺς
1531 2396 1737 2469 Κριτάς
1756 2414 1769 2428 ·

170 2492 303 2545 ἔνθα
339 2490 602 2561 φανερῶς
630 2491 664 2561 ή
710 2488 955 2558 βασιλεία
1000 2489 1102 2558 τῆς
1133 2490 1356 2556 ἁγνείας
1387 2489 1487 2560 ἤδη
1533 2505 1775 2561 προκατ-

169 2581 432 2653 ήγγελτο.
464 2580 607 2650 Φησὶ
646 2580 755 2651 γάρ
775 2597 787 2609 ·
824 2579 1203 2648 Πορευόμενα
1251 2577 1670 2645 ἐπορεύθησαν
1702 2575 1776 2630 τὰ

168 2673 328 2738 ξύλα
353 2673 467 2727 τοῦ
500 2672 711 2741 χρῖσαι
738 2672 830 2740 ἐφ’
855 2669 1086 2725 ἑαυτῶν
1112 2671 1408 2736 βασιλέα·
1453 2668 1553 2723 καὶ
1601 2665 1775 2723 εἶπον

164 2764 247 2837 τῇ
275 2764 491 2831 Ἐλαίᾳ
510 2781 524 2794 ·
566 2764 956 2817 Βασίλευσον
982 2763 1074 2832 ἐφ’
1104 2761 1283 2833 ἡμᾶς.
1316 2762 1425 2817 Καὶ
1463 2759 1633 2817 εἶπεν
1662 2763 1771 2815 αὑ-

165 2866 291 2934 τοῖς
320 2869 360 2937 ἡ
392 2865 632 2920 Ἑλαία’
665 2864 911 2934 Ἀφεῖσα
946 2864 1062 2932 τὴν
1093 2861 1344 2932 πιότητα
1368 2881 1511 2933 μου,
1538 2862 1619 2932 ἣν
1637 2864 1771 2919 ἐδό-

168 2961 361 3025 ξασεν
388 2962 422 3013 ὁ
442 2957 596 3024 Θεὸς
622 2957 719 3011 καὶ
744 2961 797 3011 οἱ
819 2955 1135 3025 ἄνθρωποι,
1153 2953 1420 3024 πορευθῶ
1434 2954 1643 3025 ᾅρχειν
1654 2954 1773 3008 τῶν

166 3052 407 3118 finitor;
435 3050 540 3106 Kal
571 3047 745 3104 εἷπον
760 3049 832 3103 τὰ
847 3048 1005 3114 ξύλα
1024 3047 1221 3103 πάντα
1242 3047 1319 3117 τῇ
1333 3046 1500 3117 Συκῇ
1516 3065 1528 3077 ·
1564 3048 1766 3117 Δεῦρο,

161 3147 560 3209 βασίλευσον
589 3145 682 3215 ἐφ’
720 3143 897 3215 ἡμᾶς.
929 3144 1037 3199 Kal
1072 3140 1241 3198 εἶπεν
1270 3144 1475 3211 αὐτοῖς
1510 3145 1548 3213 ἡ
1578 3144 1764 3213 Συκῆ’

174 3239 419 3308 Ἆρεῖσα
432 3237 556 3307 τὴν
577 3237 920 3309 γλυκύτητα
936 3256 1056 3309 μου
1072 3238 1172 3292 καὶ
1202 3237 1267 3292 τὸ
1284 3237 1552 3308 γέννημα
1567 3256 1684 3309 μου
1700 3237 1766 3291 τὸ

162 3332 417 3400 ἀγαθὸν,
447 3330 723 3400 πορευθῶ
761 3331 970 3402 ἄρχειν
1006 3331 1126 3385 τῶν
1169 3332 1414 3396 ξύλων;
1458 3331 1567 3385 Kal
1596 3326 1769 3385 εἷπον

160 3423 229 3476 τὰ
256 3424 432 3489 ξύλα
471 3422 551 3492 τῇ
584 3423 874 3493 Ἇμπέλφ·
908 3425 1294 3478 Βαονίλευσον¹
1319 3424 1412 3492 ἐφ’
1443 3420 1619 3493 ἡμᾶς.
1653 3421 1763 3477 Καὶ

159 3511 328 3570 εἶπεν
371 3516 591 3582 αὐτοῖς
619 3517 657 3584 ἡ
685 3518 1006 3586 Ἅρπαλος
1039 3516 1278 3586 Ἀφεῖονα
1305 3514 1411 3569 τὸν
1432 3511 1602 3568 οἶνόν
1619 3532 1761 3582 μου,

160 3607 271 3676 τὴν
296 3608 706 3677 εὐφροσύνην
730 3608 851 3661 τῶν
870 3609 1218 3677 ἀνθρώπων,
1248 3608 1519 3678 πορευθῶ
1555 3608 1764 3677 ἄρχειν

158 3697 275 3750 τῶν
295 3699 553 3763 suam;
581 3698 693 3752 Kal
715 3694 888 3752 εἷπον
910 3699 982 3753 τὰ
999 3699 1155 3764 ξύλα
1174 3699 1325 3769 πρὸς
1350 3699 1464 3767 τὴν
1485 3697 1759 3768 Ῥάμνονο

158 3790 371 3859 Δεῦρο,
399 3780 797 3855 βασίλευσογ
842 3791 935 3860 ἐφ’
977 3789 1153 3861 ἡμᾶς.
1201 3791 1312 3846 Kal
1339 3789 1510 3846 εἶπεν·
1542 3795 1581 3863 ἠ
1634 3793 1765 3848 Ῥά-

154 3899 308 3952 (trag
341 3883 505 3951 πρὸς
547 3881 619 3936 τὰ
674 3882 866 3947 ξύλα·
917 3886 986 3937 El
1030 3884 1102 3937 ἐν
1144 3884 1395 3952 ἀληθείᾳ
1447 3886 1643 3953 χρίετέ
1687 3902 1765 3955 με

156 3974 332 4043 ὑμεῖς
358 3977 456 4041 εὶς
475 3974 749 4039 βασιλέα
775 3976 868 4044 ἐφ’
892 3972 1070 4045 ὑμᾶς,
1109 3975 1304 4040 δεῦτε,
1337 3978 1662 4031 πεποίθατε
1693 3979 1764 4031 ἐν

157 4066 233 4135 τῇ
258 4065 474 4136 σκέπῃ
510 4083 669 4136 μου·
723 4069 774 4120 εὶ
813 4066 921 4138 μὴ,
950 4066 1170 4137 ἐξέλθῃ
1213 4068 1332 4136 πῦρ
1373 4069 1442 4123 ἐκ
1472 4067 1581 4137 τῆς
1634 4069 1763 4124 Ῥά-

150 4177 339 4228 μνου,
374 4159 477 4213 καὶ
512 4158 830 4230 καταφάγῃ
861 4160 967 4226 τὰς
997 4159 1251 4229 κέδρους
1280 4160 1388 4215 τοῦ
1407 4160 1689 4218 Λιϐάνου.

230 4252 510 4306 Ταῦταδὲ
534 4252 618 4305 ὅτι
647 4251 722 4324 μὴ
756 4253 885 4325 περὶ
915 4251 1087 4319 ξύλων
1113 4252 1221 4307 τῶν
1250 4255 1317 4307 ἐκ
1343 4254 1446 4326 γῆς
1475 4254 1763 4326 φυομένων

156 4344 403 4417 ἐλέχθη,
459 4344 649 4413 σαφές.
698 4347 773 4399 Οὐ
827 4345 934 4417 γὰρ
986 4348 1044 4400 ἐν
1079 4347 1293 4411 ἑαυτοῖς
1340 4347 1409 4401 τὰ
1456 4347 1648 4420 δένδρα
1695 4347 1763 4401 τὰ

153 4437 351 4509 ﬂuxa
413 4438 864 4509 χειροτονήσοντα
919 4437 1144 4508 βασιλέα
1211 4441 1541 4512 συνήρχοντο
1564 4480 1579 4505 ,
1643 4443 1763 4504 ταῖς

154 4529 348 4601 ῥίζαις
402 4532 486 4593 εἰς
520 4528 619 4601 τὴν
664 4529 772 4600 γῆν
821 4529 1314 4601 κατεστηλωμένα·
1365 4531 1501 4585 ἀλλὰ
1544 4533 1762 4598 πάντως

154 4622 295 4694 πρὶ
321 4620 521 4692 ψυχῶν
556 4622 849 4693 ἱστορεῖται
879 4622 1087 4688 ταῦτα,
1133 4624 1190 4678 αἳ
1221 4623 1329 4695 πρὸ
1359 4625 1458 4695 τῆς
1490 4624 1762 4697 ὲνανθρω-

149 4716 391 4787 πήσεως
420 4713 519 4767 τοῦ
557 4715 820 4787 Χριστοῦ,
868 4715 1388 4789 καθυλομανήσασαι
1426 4721 1538 4782 τοῖς
1579 4736 1761 4792 παρα-

1881 2227 1990 2282 que
2018 2212 2403 2282 probabilibus
2459 2212 2576 2267 hmc
2633 2212 2958 2282 conjectari,
2995 2228 3059 2267 ac
3088 2228 3227 2269 vana
3254 2214 3468 2285 jactare

1878 2319 1979 2374 pro
2006 2304 2220 2368 solidis,
2256 2321 2325 2361 ex
2363 2307 2532 2360 veteri
2585 2306 2764 2368 vobis,
2796 2321 2830 2360 ο
2860 2306 3124 2376 virgines,
3155 2314 3210 2363 et
3233 2323 3333 2379 ego
3362 2306 3467 2365 Te-

1877 2404 2170 2464 stamento,
2208 2399 2475 2469 scriptam
2499 2398 2870 2469 prophetiam,
2917 2401 3039 2467 ejus
3085 2415 3247 2470 quam
3279 2408 3467 2456 statuo

1874 2489 2126 2546 veritatis
2150 2489 2516 2545 indubitatum
2534 2492 2932 2556 testimonium,
2958 2508 3024 2547 ex
3046 2493 3186 2548 libro
3205 2491 3462 2549 Iudicum

1876 2580 2123 2648 aﬂ'eram,
2159 2584 2252 2638 ubi
2284 2584 2433 2639 clare
2463 2584 2736 2641 castitatis
2780 2601 3009 2657 regnum
3044 2587 3174 2641 olim
3212 2586 3459 2642 futurum

1874 2676 2374 2746 praenuntiabatur.
2396 2674 2488 2731 Sic
2513 2678 2659 2732 enim
2688 2677 2886 2749 legitur
2911 2678 2956 2711 ⁸³
2995 2696 3009 2733 :
3043 2676 3235 2734 Eundo
3256 2680 3464 2735 iverunt

1876 2768 2042 2839 ligna,
2076 2776 2135 2821 ut
2158 2777 2410 2839 ungerent
2447 2784 2605 2839 super
2628 2785 2684 2824 se
2716 2785 2887 2840 regem
2916 2786 2934 2823 :
2963 2771 3313 2841 dixeruntque
3339 2771 3461 2827 Oli-

1873 2877 1950 2915 va:
1975 2876 1994 2913 :
2029 2858 2209 2931 Regna
2239 2876 2397 2930 super
2417 2878 2538 2916 nos.
2572 2860 2642 2915 Et
2667 2861 2805 2916 dixit
2827 2863 2903 2918 eis
2937 2862 3092 2918 Oliva
3125 2880 3143 2918 :
3202 2862 3461 2935 Nunquid

1873 2954 2242 3018 derelinquens
2300 2953 2669 3024 pinguedinem
2712 2972 2886 3008 meam
2938 2972 3097 3027 quam
3140 2957 3458 3027 glorificavit

1872 3045 2018 3101 Deus
2041 3056 2091 3101 et
2115 3045 2371 3107 homines,
2396 3046 2481 3101 ibo
2505 3056 2562 3100 ut
2595 3046 2752 3118 lignis
2780 3048 3067 3117 imperem?
3099 3047 3462 3121 Dixeruntque

1873 3139 2018 3207 ligna
2046 3140 2293 3193 universa
2325 3137 2394 3192 ad
2417 3136 2607 3192 Ficum
2640 3155 2659 3192 :
2700 3138 2848 3203 Veni,
2878 3157 3039 3211 regna
3061 3157 3217 3210 super
3246 3159 3361 3197 nos.
3387 3142 3459 3197 Et

1870 3231 2011 3284 dixit
2041 3233 2118 3286 eis
2146 3230 2310 3286 Ficus
2347 3247 2367 3285 :
2400 3230 2661 3302 Nunquid
2711 3231 3077 3303 derelinquens
3129 3233 3458 3290 dulcedinem

1870 3334 2110 3379 meamet
2141 3325 2381 3395 genimen
2432 3342 2606 3379 meum
2640 3325 2854 3389 bonum,
2888 3326 2974 3380 ibo
3005 3337 3063 3379 ut
3093 3328 3252 3397 lignis
3285 3328 3457 3399 impe-

1870 3417 2024 3471 rem?
2055 3415 2123 3470 Et
2153 3417 2404 3472 dixerunt
2426 3416 2571 3488 ligna
2601 3414 2671 3469 ad
2715 3414 2885 3472 Vitem
2906 3432 2925 3469 :
2951 3415 3128 3488 Regna
3152 3433 3308 3486 super
3336 3437 3453 3475 nos.

1792 3492 1834 3548 (ἒ
1870 3508 1943 3563 Et
2002 3509 2141 3564 dixit
2181 3510 2256 3565 eis
2316 3508 2451 3563 Vitis
2500 3524 2519 3562 .-
2567 3506 2827 3578 Nunquid
2861 3507 3226 3579 derelinquens
3276 3510 3453 3565 vinum

1869 3618 2040 3655 meum
2068 3601 2207 3672 quod
2236 3610 2315 3656 est
2343 3600 2534 3655 laetitia
2576 3600 2873 3664 hominum,
2906 3599 2991 3653 ibo
3018 3610 3078 3654 ut
3105 3602 3355 3669 imperem
3384 3602 3457 3656 li-

1866 3696 2025 3765 gnis?
2059 3693 2421 3764 Dixeruntque
2449 3693 2593 3764 ligna
2622 3691 2691 3747 ad
2720 3692 3024 3747 Rhamnum
3045 3709 3064 3746 :
3106 3692 3257 3758 Veni,
3286 3711 3449 3766 regna

1865 3801 2022 3855 super
2046 3802 2161 3841 nos.
2190 3785 2258 3839 Et
2292 3786 2428 3839 dixit
2462 3783 2732 3839 Rhamnus
2756 3783 2825 3838 ad
2853 3784 2996 3855 ligna
3018 3800 3037 3838 :
3070 3784 3134 3840 Si
3157 3785 3211 3839 in
3237 3787 3456 3842 veritate

1864 3877 2060 3946 ungitis
2084 3893 2165 3931 me
2204 3877 2258 3930 in
2294 3892 2487 3947 regem,
2514 3878 2703 3943 venite,
2742 3876 2993 3947 conﬁdite
3033 3878 3088 3931 in
3129 3880 3457 3947 protectione

1864 3988 2019 4036 mea;
2050 3972 2133 4026 sin
2164 3972 2363 4035 minus,
2395 3971 2697 4042 egrediatur
2719 3971 2856 4043 ignis
2885 3970 2949 4026 de
2972 3969 3235 4036 Rhamno,
3274 3980 3325 4027 et
3360 3972 3454 4029 de-

1864 4073 2004 4118 coret
2038 4063 2223 4118 cedrus
2254 4062 2466 4118 Libani.

1933 4241 2109 4298 Porro
2125 4242 2242 4298 hac
2270 4241 2340 4298 de
2370 4242 2666 4299 arboribus
2694 4258 2727 4298 e
2756 4250 2904 4298 terra
2923 4243 3284 4301 nascentibus
3304 4243 3455 4300 dicta

1860 4352 1975 4392 non
2007 4352 2153 4401 esse,
2189 4338 2364 4393 cuivis
2405 4336 2758 4392 manifestum
2791 4343 2897 4393 est.
2924 4336 3112 4409 Neque
3140 4337 3286 4392 enim
3317 4338 3456 4394 stir-

1862 4445 1961 4501 pes
1986 4430 2258 4487 inanimes
2292 4431 2349 4485 in
2379 4430 2675 4486 concilium
2697 4430 2816 4502 cogi
2839 4437 3089 4501 potuere,
3116 4431 3293 4501 deque
3322 4445 3454 4503 rege

1863 4519 2117 4591 eligendo
2161 4519 2488 4584 deliberare,
2522 4533 2646 4591 quae
2690 4520 2817 4575 altis
2863 4521 2983 4581 solo
3014 4520 3296 4576 radicibus
3330 4519 3454 4577 lixa:

1866 4612 2129 4668 haereant.
2162 4610 2402 4667 Omnino
2426 4619 2609 4667 autem
2642 4612 2760 4667 haec
2789 4613 2856 4666 de
2881 4613 3169 4669 animabus
3194 4613 3451 4669 institute

1863 4705 2116 4760 narratio
2148 4715 2253 4772 est,
2284 4719 2407 4775 qua:
2440 4712 2568 4759 ante
2595 4703 2802 4760 Christi
2824 4703 3287 4770 lncarnationcm,
3322 4719 3450 4777 gra-

151 4807 450 4880 πώμασι,
501 4810 795 4880 πῳσιᾶσιν
833 4806 1013 4864 οἶκτον
1058 4812 1240 4866 αὐτῶν
1281 4811 1528 4880 ἀξιοῦσαι
1575 4813 1759 4868 λαϐεῖν

1877 4797 1989 4854 vius
2015 4797 2235 4854 delictis
2254 4798 2597 4864 eluxuriataz,
2622 4800 2901 4870 supplices
2950 4799 3018 4854 ad
3068 4797 3240 4854 Deum
3292 4812 3452 4856 acce-

152 4901 246 4954 τὺν
276 4901 447 4967 Θεὸν,
482 4902 578 4955 καὶ
606 4900 922 4972 βασιλεῦσαι
955 4903 1045 4958 τὸν
1068 4904 1216 4959 ἔλεον
1248 4905 1340 4959 καὶ
1370 4905 1466 4977 τὴν
1490 4905 1762 4975 εὐσπλαγ-

153 4993 339 5062 χνίαν,
380 4992 454 5064 ῆν
494 4992 714 5057 Ἐλαίας
744 4992 899 5065 τύπῳ
930 4996 1240 5067 παρέλαϐεν
1277 4998 1310 5067 ἡ
1339 4996 1553 5069 Γραφὴ,
1585 4996 1672 5050 διὰ
1700 4996 1760 5050 τὸ
1814 4990 1823 5001 ’

150 5082 383 5154 ἀρωγὸν
431 5082 494 5136 τὸ
526 5082 706 5137 ἔλαιον
738 5084 1006 5155 σωμάτων
1044 5081 1204 5151 εἶναι,
1236 5088 1332 5140 καὶ
1365 5085 1623 5159 λυτήριον
1658 5104 1759 5141 κα-

155 5176 350 5243 μάτων
378 5175 480 5226 καὶ
503 5174 704 5235 πόνων,
742 5173 919 5243 φωτός
943 5190 1001 5227 τε
1034 5176 1386 5247 παρεκτικόν.
1427 5175 1621 5248 Ἐλαίῳ
1648 5175 1758 5248 γὰρ

152 5265 578 5339 καταρδὸμενον
592 5266 717 5342 ίτετᾶῖν
742 5264 803 5318 τὸ
830 5264 1098 5337 λυχνιαϊον
1121 5265 1344 5335 αὔξεται
1369 5268 1530 5332 σέλας
1547 5285 1560 5299 ·
1594 5268 1759 5340 λυτή-

212 5422 264 5456 ⁸³
290 5420 435 5478 Jud.
461 5436 541 5485 ιιι,
565 5420 724 5477 8-15.

153 5595 267 5649 qua
296 5581 425 5650 ipsa
455 5577 527 5633 ad
564 5576 911 5650 Novumjam
948 5576 1356 5650 Testamentum
1390 5574 1749 5650 spectabant:

148 5646 525 5719 insiliuntque
571 5648 903 5710 Methodius,
958 5649 1159 5719 quibus
1206 5646 1756 5719 ευὺόὶιςςοὺ-σφρδρα

150 5738 256 5774 του
290 5716 470 5791 νόμου
524 5721 587 5773 ἐκ
624 5719 730 5789 τῆς
776 5716 991 5791 φθορᾶς
1019 5719 1355 5791 ἀρκέπντος
1391 5716 1754 5791 ἐλευθερῶσαι

150 5804 260 5863 την
284 5785 718 5864 ἁνθρωπότητα,
742 5785 863 5845 cum
885 5785 969 5845 lex
996 5785 1099 5845 non
1127 5789 1277 5844 ualde
1302 5790 1441 5859 potis
1466 5785 1653 5859 fuisset
1684 5785 1755 5843 ad

1867 4894 2006 4947 dunt
2050 4907 2115 4947 ac
2170 4892 2518 4948 clementiam
2561 4901 2793 4965 rogant;
2845 4891 3348 4962 misericordiaque
3382 4906 3449 4948 ac

1868 4986 2114 5043 lenitatis
2148 4986 2380 5056 imperio
2410 4985 2547 5056 regi,
2580 5000 2743 5055 quam
2800 4983 3087 5056 Scriptura
3138 4984 3240 5041 sub
3291 4984 3452 5042 olivae

1865 5081 2039 5151 ﬁgura
2067 5081 2360 5151 expressit,
2398 5079 2727 5149 elilagitant;
2763 5078 2972 5133 idcirco
3001 5078 3449 5148 nimirum,quod

1863 5174 2042 5228 oleum
2070 5173 2300 5227 multum
2332 5172 2508 5241 prosit
2530 5170 2875 5240 corporibus,
2911 5169 3239 5241 laboresque
3263 5185 3326 5224 ac
3348 5169 3453 5225 do-

1864 5266 2010 5322 lores
2054 5264 2341 5331 dissolvat,
2399 5270 2455 5319 et
2512 5261 2581 5317 ad
2634 5263 2819 5317 lumen
2873 5260 3127 5317 suﬂiciat.
3169 5260 3451 5334 Quidquid

1863 5574 2196 5630 liberandum
2246 5575 2539 5631 humanum
2632 5592 2760 5632 enus
2806 5594 2842 5632 a
2891 5577 3229 5647 corruptione
3262 5593 3283 5635 :
3338 5577 3454 5636 hoc

1863 5661 1975 5702 uno
2002 5646 2340 5702 conducens.
2374 5647 2521 5702 quod
2553 5593 2629 5702 ag
2655 5648 2935 5702 Christum
2966 5651 3246 5702 dirigeret.
3293 5651 3454 5702 eius.-

1862 5661 1975 5702 uno
2002 5646 2521 5720 conducenstquod
2553 5646 2621 5702 ad
2655 5648 2935 5720 Christum
2966 5651 3246 5720 dirigeret,
3293 5651 3454 5719 ejus-

1862 5732 1972 5789 que
1995 5733 2105 5773 una
2137 5720 2315 5790 gratia
2336 5718 2627 5775 liberatum
2661 5719 2730 5774 iri
2758 5719 3033 5776 hominem
3058 5718 3299 5776 doceret.
