3864 6162
364 285 473 353 195

1348 288 1406 345 S.
1450 284 1782 343 METIIODII
1817 281 2125 338 EPISCDPI
2166 281 2253 335 ET
2293 280 2656 336 MARTYBIS

3527 280 3633 336 196

361 429 508 470 enim
535 413 883 468 lucernarum
927 410 1152 466 luminis
1182 416 1289 472 est,
1323 408 1376 462 id
1404 423 1535 461 vero
1575 408 1794 461 irrorati
1829 406 1934 460 olei

2047 418 2145 473 ριοι
2183 401 2239 453 δὲ
2281 413 2503 464 παντως
2531 400 2627 454 καὶ
2672 401 2721 453 οἱ
2767 399 2860 453 τοῦ
2899 399 3036 454 Θεοῦ
3068 399 3345 473 οίκτιρμοὶ
3376 397 3631 461 θανάτου,

361 506 566 578 pabulo
618 503 949 560 concrescit.
1002 504 1093 558 Dei
1142 516 1362 572 quoque
1421 515 1649 570 prorsus
1709 500 1933 554 misera-

362 600 544 654 tiones
576 605 807 653 mortem
851 605 906 652 et
936 604 1156 666 peccata
1206 594 1535 655 dissolvunt,
1588 592 1937 661 humanoque

361 690 547 762 generi
572 690 815 760 proclive
847 689 1210 759 Opitulautur,
1262 701 1330 740 ac
1382 686 1641 740 alimenta
1694 684 1935 753 praebent

362 782 470 837 luci
517 783 723 838 cordis.
778 781 880 846 Ac,
930 796 1135 851 quaeso,
1172 780 1521 835 considerate
1556 795 1683 833 num
1718 778 1862 847 leges
1905 791 1936 830 a

361 869 541 939 primo
563 871 780 925 bomiue
803 870 1027 924 condito
1059 870 1126 922 ad
1157 869 1439 925 Christum
1478 869 1737 937 deinceps
1788 866 1938 922 Scri-

363 971 526 1033 ptura
547 962 657 1017 illis
672 963 856 1017 verbis
886 962 1196 1033 signiﬁcare
1220 962 1475 1023 voluerit,
1509 960 1712 1030 quibus
1746 958 1936 1013 diabo-

363 1057 452 1111 lus
480 1056 775 1110 contrariis
808 1055 1080 1125 ﬁgmentis
1121 1054 1421 1108 humanum
1471 1068 1643 1123 genus
1698 1052 1932 1107 seduxit.

362 1147 441 1202 Ac
470 1146 660 1201 Ficum
703 1146 919 1216 quidem
975 1154 1246 1216 praecepto
1298 1145 1656 1214 comparavit,
1705 1145 1936 1213 quodin

361 1239 620 1311 paradiso
649 1238 834 1293 datum
867 1248 951 1292 est
982 1238 1209 1298 homini,
1242 1239 1389 1306 quod
1438 1237 1485 1292 is
1513 1238 1793 1299 seductus,
1833 1253 1938 1290 nu-

360 1330 587 1386 ditatem
622 1331 755 1385 ﬁcus
803 1329 948 1385 foliis
975 1330 1217 1384 contexit
1245 1330 1314 1385 '°.
1365 1328 1538 1383 Vitem
1563 1339 1743 1384 autem
1777 1330 1844 1384 ad
1881 1329 1934 1382 id

359 1422 572 1486 retulit,
606 1420 750 1491 quod
793 1420 986 1474 diluvii
1017 1428 1258 1489 tempore
1311 1418 1423 1475 Noe
1479 1420 1666 1473 datum
1717 1428 1821 1482 est,
1870 1436 1937 1474 eo

361 1511 507 1581 quod
539 1511 630 1564 illc
662 1510 791 1563 vino
817 1510 1052 1580 sopitus,
1080 1510 1279 1564 irrisus
1318 1516 1402 1563 est
1445 1509 1513 1561 θί.
1548 1509 1701 1562 Oliva
1737 1507 1938 1562 Mosai-

361 1617 483 1658 cam
509 1602 679 1672 legem
716 1601 1007 1672 signiﬁcat,
1039 1601 1220 1655 datam
1246 1602 1299 1655 iu
1324 1600 1568 1667 deserto;
1619 1601 1763 1671 quod
1795 1601 1938 1656 vidc-

362 1694 491 1750 licet.
540 1694 859 1764 praphetica
920 1694 1115 1764 gratia,
1175 1703 1426 1751 sanctum
1487 1696 1679 1765 utique
1728 1694 1931 1758 oleum,

2043 492 2137 545 καὶ
2177 493 2383 564 ἀρωγοὶ
2417 494 2516 563 τῆς
2549 492 2989 565 ἀνθρωπότητος,
3026 494 3121 547 καὶ⁸
3148 492 3242 545 τοῦ
3277 491 3377 561 τῆς
3405 491 3635 562 καρδίας

2044 584 2219 653 φωτὸς
2249 585 2551 655 θρεπτικοί.
2590 584 2698 637 Καὶ
2743 584 3113 654 ἐπισκέψασθε
3151 586 3361 656 μήποτε
3393 583 3493 645 τὰς
3523 583 3636 637 ἀπὸ

2042 675 2136 729 τοῦ
2184 677 2610 748 πρωτοπλάστου
2669 676 2828 747 μέχρι
2881 676 2975 730 τοῦ
3026 676 3262 750 Χριστῡῦ
3312 676 3550 747 καθεξῆς
3598 676 3635 746 ἡ

2043 765 2083 817 Γ
2088 764 2234 838 ραφὴ
2265 765 2586 836 νομοθεσίας
2640 765 2821 836 δηλοῖ,
2856 759 2930 819 ὧν
2976 767 3004 817 ὁ
3049 766 3293 830 διάϐολος
3342 766 3636 836 ἀντίμιμος

2044 856 2355 930 ἐξηπάτησε
2390 859 2668 930 πλάσμασι
2688 859 2749 911 τὸ
2768 859 2874 913 τῶν
2893 860 2988 913 ἀνθ
2998 859 3193 932 ρώπων
3211 861 3386 929 γένος·
3406 860 3505 931 τὴν
3533 860 3635 931 μὲν

2044 953 2221 1023 Συκῆν
2254 952 2632 1017 άπεικάζουσα
2661 955 2725 1022 τῇ
2755 951 2897 1004 κατὰ
2926 952 3015 1006 τὸν
3050 953 3374 1024 παράδεισον
3416 951 3635 1025 δοθείσῃ

2042 1043 2119 1115 τῷ
2147 1043 2418 1115 ἀνθρώπῳ
2439 1044 2653 1114 ἐντολῇ·
2687 1045 2874 1115 ἐπειδὴ
2897 1045 2994 1115 τὴν
3024 1045 3304 1117 γύμνωσιν
3332 1044 3635 1115 ἀπατηθεὶς

2041 1134 2199 1200 οὗτος
2244 1137 2495 1201 πετάλοις
2536 1137 2850 1207 ἁπεκάλυψε
2883 1138 3073 1205 συκῆς.
3110 1138 3220 1207 Τὴν
3248 1137 3306 1189 δὲ
3334 1137 3633 1207 Ἀμπελοι,

2042 1232 2107 1300 τῇ
2137 1228 2227 1280 ἐπὶ
2256 1229 2349 1281 τοῦ
2380 1228 2766 1299 κατακλυσμοῦ
2792 1228 2870 1299 τῷ
2896 1229 3041 1290 Νῶε,
3070 1229 3157 1282 διὰ
3185 1229 3246 1282 τὸ
3277 1229 3405 1299 οἴνῳ
3438 1246 3634 1301 κοιμη-

2043 1320 2236 1385 θέντα,
2282 1321 2661 1393 χλευασθῆναι.
2700 1322 2808 1392 Τὴν
2854 1322 2910 1375 δέ
2954 1322 3205 1385 Ἐλαίαν,
3250 1327 3316 1394 τῇ
3361 1323 3502 1376 κατᾶ
3534 1323 3635 1395 τὴν

2042 1413 2248 1486 ἔρημον
2280 1414 2356 1485 τῷ
2388 1416 2638 1468 Μωῦσεῖ·
2678 1415 2863 1486 ἐπειδὴ
2889 1415 2949 1467 τὸ
2979 1416 3226 1486 χάρισμα
3253 1416 3314 1468 τὸ
3359 1433 3633 1488 προιρητι-

2042 1508 2159 1570 κὸν,
2184 1507 2361 1560 ἔλαιον
2390 1507 2451 1559 τὺ
2484 1507 2659 1574 ἆγιον,
2687 1507 3078 1577 άνομησάντων
3104 1508 3306 1563 αὐτῶν,
3329 1508 3636 1561 ἐκλελοίπει

2040 1598 2142 1668 τῆς
2173 1599 2557 1669 κληρονομίας.
2596 1598 2705 1669 Τὴν
2732 1598 2789 1651 δὲ
2844 1599 3110 1669 Ῥάμνον,
3155 1602 3218 1671 τῇ
3255 1601 3347 1652 ἐπὶ
3387 1600 3636 1672 σωτηρίᾳ

2040 1688 2136 1741 τοῦ
2176 1689 2382 1759 κόσμου
2420 1691 2534 1753 τοῖς
2580 1689 2929 1753 ἀποστόλοις·
2968 1691 3154 1762 ἐπειδὴ
3189 1690 3297 1763 γὰρ
3342 1692 3412 1745 δι’
3449 1691 3635 1746 αὐτῶν

363 1786 629 1856 improbis
682 1787 904 1840 illorum
951 1787 1164 1841 actibus
1222 1788 1290 1842 ab
1340 1788 1662 1843 hwreditate
1701 1788 1776 1858 (id
1808 1796 1885 1842 est
1916 1804 1937 1839 α

2051 1779 2409 1853 ἐδιδάχθημεν
2461 1781 2718 1850 ἁγνείαν,
2765 1778 2833 1853 ἧς
2883 1783 3157 1853 ἀπατηλὸν
3211 1784 3379 1855 μόνης
3412 1785 3634 1839 εἴδωλον

359 1876 590 1947 Judwis)
642 1876 923 1937 defecerit.
977 1876 1222 1949 Denique
1278 1880 1567 1934 rhamnum
1615 1896 1725 1934 non
1756 1882 1937 1950 inepte

359 1979 530 2035 refert
584 1979 652 2033 ad
701 1995 822 2035 eam
875 1981 1045 2051 legem
1080 1997 1199 2051 quae
1249 1983 1515 2051 apostolis
1560 1982 1685 2037 data
1732 1990 1819 2038 est
1868 1983 1936 2038 ad

360 2081 550 2135 mundi
614 2082 869 2146 salutem,
921 2083 1051 2153 quia
1115 2099 1211 2153 per
1259 2084 1479 2138 illorum
1534 2084 1935 2139 institutionem

360 2170 728 2241 virginitatem
752 2171 1064 2238 didicimus,
1091 2174 1252 2243 cujus
1286 2174 1452 2229 unius
1482 2175 1647 2228 inane
1675 2190 1740 2228 ac
1768 2174 1935 2229 fallax

361 2263 716 2318 simulacrum
748 2264 1002 2320 diabolus
1019 2274 1233 2320 struere
1249 2266 1516 2335 nequivit.
1544 2264 1752 2321 Idcirco
1772 2267 1936 2321 etiam

361 2363 599 2425 quatuor
627 2357 828 2411 tradita
864 2365 993 2412 sunt
1027 2357 1339 2429 Evangelia,
1378 2358 1526 2428 quod
1570 2357 1715 2414 Deus
1742 2367 1939 2429 quater

362 2446 603 2503 humano
630 2449 815 2518 generi
846 2449 1055 2506 faustas
1080 2452 1200 2507 illas
1224 2453 1670 2508 annuntiationes
1702 2454 1934 2519 miserit,

361 2566 427 2606 ac
449 2553 731 2621 quaternis
761 2555 1121 2625 promulgatis
1146 2556 1359 2625 legibus
1390 2556 1568 2625 ipsum
1593 2557 1891 2612 institueth
1919 2578 1931 2612 :

362 2658 593 2713 quarum
631 2654 874 2715 tempora
905 2663 971 2700 ex
999 2647 1273 2701 fructuum
1307 2649 1627 2705 diversitate
1654 2649 1939 2718 perspicue

363 2753 686 2800 noscuntur.
711 2745 845 2800 Nam
887 2747 1040 2811 ﬁcus,
1072 2750 1217 2818 quod
1259 2751 1388 2805 mite
1441 2767 1505 2805 ac
1547 2752 1705 2807 dulce
1734 2752 1937 2807 formo-

365 2862 598 2918 sumque
636 2863 859 2917 pomum
908 2860 1009 2916 est,
1045 2850 1269 2906 delicias
1298 2852 1539 2921 paradisi
1574 2853 1808 2923 vitaeque
1839 2868 1937 2907 vo-

364 2950 613 3021 luptarite
645 2958 1023 3020 repraesentat,
1069 2952 1121 3004 in
1180 2968 1285 3021 qua
1342 2953 1506 3006 homo
1556 2964 1684 3007 ante
1725 2955 1937 3023 lapsum

363 3039 487 3097 fuit.
510 3039 652 3096 Sane
680 3058 786 3096 non
808 3058 955 3108 raro,
985 3050 1043 3095 ut
1072 3052 1259 3112 postea
1292 3043 1824 3111 demonstrabimus,
1870 3046 1936 3100 ﬁ-

363 3148 465 3191 cus
515 3133 755 3189 fructum
793 3133 1032 3204 Spiritus
1062 3145 1287 3191 sanctus
1338 3137 1392 3190 in
1453 3137 1673 3192 virtutis
1726 3145 1932 3208 partem
1962 3140 2004 3195 C
2038 3161 2138 3213 αὐτ

364 3226 532 3280 sumit
553 3225 617 3280 ".
648 3222 791 3281 Vitis
822 3236 1000 3280 autem
1031 3234 1253 3295 propter
1296 3227 1408 3280 vini
1464 3227 1793 3282 hilaritatem
1838 3243 1930 3282 eo-

365 3335 596 3390 rumque
619 3320 859 3375 laetitiam
889 3318 982 3390 qui
1009 3336 1039 3374 a
1075 3320 1266 3374 diluvii
1295 3321 1399 3385 ira,
1432 3320 1529 3376 Dei
1573 3322 1934 3393 indulgentia,

363 3427 652 3477 evaserant
684 3420 751 3485 ⁹³,
784 3427 1026 3475 mutatos
1058 3418 1277 3473 illorum
1317 3419 1532 3475 animos
1561 3436 1593 3474 a
1623 3422 1815 3477 timore
1840 3438 1939 3477 an-

365 3519 565 3589 xiaque
588 3533 719 3573 cura
772 3518 829 3571 in
872 3517 1134 3587 gaudium
1164 3518 1402 3574 obscure
1434 3518 1733 3589 signiﬁcat.
1785 3520 1939 3577 Oliva

367 3626 550 3683 porro,
601 3621 825 3681 propter
871 3610 974 3664 olei
1030 3609 1179 3680 quod
1225 3610 1479 3680 producit
1530 3619 1800 3677 naturam,
1846 3612 1941 3668 Dei

2039 1873 2140 1926 οὑκ
2175 1874 2393 1944 ἴσχυσεν
2422 1878 2452 1929 ό
2483 1874 2727 1939 διάϐολος
2762 1875 3046 1929 σκευάσαι.
3074 1876 3174 1929 Διά
3206 1876 3368 1930 τοῦτο
3398 1878 3493 1931 καὶ
3522 1879 3634 1931 Εὐ-

2039 1965 2270 2033 αγγέλια
2304 1967 2417 2037 (50)
2446 1968 2684 2039 τέσσαρα
2711 1969 3094 2040 παραδέδοται,
3117 1971 3375 2040 τετράκις
3399 1971 3634 2040 εὐαγγε-

2038 2057 2332 2129 λισαμένου
2355 2060 2448 2113 τοῦ
2470 2061 2605 2119 Θεοῦ
2640 2063 2749 2133 τὴν
2777 2062 3192 2133 άνθρωπὸτητα,
3229 2065 3325 2117 καὶ
3355 2065 3634 2134 παιδαγω-

2038 2152 2305 2221 γήσαντος
2334 2153 2597 2224 τέσσαρσι
2636 2154 2841 2224 νόμοις,
2869 2148 2943 2206 ὧν
2979 2155 3028 2207 oi
3060 2156 3243 2227 καιροὶ⁹
3290 2157 3478 2225 σαφῶς
3520 2158 3634 2212 ἀπὸ

2038 2242 2137 2311 τῆς
2161 2242 2543 2314 διαφορότητος
2574 2244 2855 2315 δηλοῦνται
2883 2245 2990 2297 τῶν
3017 2247 3264 2317 καρπῶν.
3296 2248 3360 2299 Ἦ
3392 2251 3490 2317 μὲν
3518 2249 3633 2322 γὰρ

2041 2336 2199 2405 συκῆ,
2233 2336 2321 2388 διὰ
2351 2338 2449 2408 τὴν
2474 2337 2775 2405 γλυκασίαν
2807 2339 3017 2409 καὶτὸν
3040 2339 3341 2411 ὡραϊσμὸν,
3377 2342 3473 2411 τὴν
3501 2356 3636 2412 τρυ-

2040 2427 2147 2498 φὴν
2194 2427 2291 2498 τὴν
2346 2429 2451 2499 πρὸ
2506 2430 2602 2499 τῆς
2657 2430 3019 2499 παραϐάσεως
3061 2432 3118 2482 ἐν
3170 2431 3481 2501 παραδείσῳ
3532 2428 3632 2485 τοῦ

2039 2519 2327 2591 ἀνθρώπου
2362 2520 2657 2591 παρίστησι
2685 2522 3078 2592 γεγενημένην.
3113 2523 3269 2575 Ἔστι
3295 2523 3404 2593 γὰρ
3443 2524 3533 2575 ὅτε
3564 2522 3632 2595 δὴ

2039 2612 2135 2665 καὶ
2195 2613 2398 2682 σφόδρα
2454 2612 2735 2684 πολλαχῶς
2766 2614 2867 2684 τῆς
2924 2615 3098 2684 συκῆς
3152 2614 3243 2667 τὸν
3297 2615 3509 2687 καρπὸν
3568 2614 3635 2669 τὸ

2039 2702 2265 2773 Πνεῦμα
2288 2704 2349 2756 τὸ
2376 2704 2529 2772 ἅγιον
2552 2706 2645 2758 ἐπὶ
2670 2705 2764 2758 τοῦ
2799 2705 3105 2774 κρείττονος
3135 2706 3424 2777 λαμϐάνει,
3447 2706 3633 2771 καθὼς

2041 2795 2397 2866 ἀποδείξομεν
2436 2795 2682 2869 ὓστερον.
2725 2798 2789 2850 Ἡ
2820 2798 2875 2851 δὲ
2909 2797 3151 2869 ἄμπελος
3185 2798 3273 2852 διὰ
3318 2798 3416 2869 τὴν
3451 2798 3633 2867 ἱλαρό-

2038 2903 2177 2957 τητα
2210 2887 2307 2957 τὴν
2351 2890 2414 2941 ἐκ
2463 2890 2556 2942 τοῦ
2608 2890 2786 2953 οἴνου,
2838 2891 2933 2943 καὶ
2981 2890 3083 2960 τὴν
3130 2889 3470 2960 εὐφροσύνην
3518 2889 3632 2943 τῶν

2043 2977 2454 3048 περισωθέντων
2481 2979 2581 3048 τῆς
2610 2980 2782 3050 ὀργῆς
2815 2980 2908 3033 καὶ
2952 2979 3043 3033 τοῦ
3086 2978 3497 3050 κατακλυσμοῦ,
3530 2979 3633 3051 τὴν

2041 3068 2151 3122 ἀπὸ
2180 3070 2274 3122 τοῦ
2301 3071 2465 3138 φόϐου
2499 3072 2591 3124 καὶ
2622 3073 2720 3142 τῆς
2752 3074 3052 3145 φροντίδος,
3087 3073 3186 3145 τὴν
3212 3074 3293 3137 είς
3324 3075 3424 3145 τὴν
3451 3073 3632 3146 χαρὰν

2142 3161 2216 3214 ὧν
2259 3162 2560 3232 μεταϐολὴν
2613 3163 2933 3217 αἰνίσσεται.
2987 3166 3051 3217 'll
3093 3164 3149 3217 δὲ
3202 3165 3378 3235 ἐλαία,
3411 3166 3497 3219 διὰ
3538 3166 3635 3220 τὸν

2039 3252 2250 3323 καρπὸν
2281 3252 2375 3306 τοῦ
2410 3254 2613 3317 ἐλαίου,
2656 3254 2754 3325 τὴν
2784 3256 3184 3326 εὐσπλαγχνίαν
3219 3258 3311 3311 τοῦ
3351 3256 3486 3310 Θεοῦ
3523 3275 3635 3328 μη·-

2044 3344 2179 3408 νύει,
2211 3344 2371 3398 πάλιν
2404 3345 2894 3418 ἀνεξικακήσαντος
2929 3347 3066 3417 μετὰ
3096 3348 3185 3400 τὸν
3213 3348 3631 3418 κατακλυσμὸν,

2045 3434 2152 3487 τῶν
2196 3435 2499 3507 ἀνθρώπων
2539 3437 2920 3508 ἐκτραπέντων
2969 3440 3048 3501 είς
3094 3438 3395 3511 ἀθεότητα,
3445 3439 3635 3494 δοῦναι

2046 3527 2209 3598 νόμον
2238 3530 2329 3582 καὶ
2356 3530 2754 3599 ἐμφανισθῆναί
2796 3548 2924 3594 τισι,
2955 3532 3051 3584 καὶ
3079 3531 3269 3603 ὥσπερ
3296 3532 3637 3586 ἀποσϐεννυ-

2051 3618 2218 3691 μένην
2242 3621 2341 3692 ἧδη
2368 3621 2465 3691 τὴν
2493 3621 2665 3690 αὐγὴν
2695 3622 2793 3691 τῆς
2820 3622 3023 3693 ἀρετῆς
3045 3623 3208 3694 ἐλαίῳ
3239 3624 3483 3678 λιπᾶναι.

367 3707 801 3763 miscricordiam
832 3706 1113 3777 designat;
1163 3706 1254 3775 qui
1281 3706 1478 3760 iterum
1502 3715 1626 3776 post
1664 3706 1954 3774 diluvium,
2001 3715 2177 3770 versis
2230 3715 2284 3768 in
2336 3716 2668 3784 impietatem
2717 3717 3054 3780 hominibus,
3098 3720 3368 3788 patienter
3415 3718 3630 3779 tulerit,

368 3810 427 3856 ut
474 3802 645 3872 legem
701 3802 880 3867 daret,
938 3815 1002 3855 ac
1054 3816 1113 3857 se
1161 3800 1491 3870 quibusdam
1541 3802 1942 3872 manifestaret,
2001 3806 2219 3879 iamque
2280 3824 2447 3880 prope
2500 3812 2954 3882 exstinguendam
3020 3814 3242 3870 virtutis
3290 3815 3468 3869 lucem
3518 3813 3633 3869 olei

368 3896 701 3968 pinguedine
721 3897 935 3953 foverit.

366 4013 497 4072 CAP.
535 4012 624 4068 Ill.
652 4013 926 4069 Rhamnus
950 4025 1000 4069 et
1023 4031 1215 4086 agnus,
1249 4018 1517 4070 castitatis
1549 4017 1865 4140 symbolztm.
1892 4016 2136 4099 Quatuor
2157 4014 2469 4087 Evangelia,
2499 4016 2556 4070 id
2583 4025 2682 4082 est,
2713 4016 3115 4085 pradicationes
3144 4018 3251 4072 sive
3271 4018 3405 4089 leges
3430 4020 3503 4073 ad
3533 4039 3631 4077 sa-

1774 4101 1915 4140 utem
1953 4097 2304 4140 insumentes.

1774 4101 1915 4141 utem
1953 4097 2304 4142 insumentes.

438 4200 724 4260 Rhamnus
756 4214 963 4269 autem,
993 4205 1134 4261 idem
1168 4205 1262 4276 qui
1298 4222 1472 4278 agnus
1522 4216 1627 4274 est,
1656 4223 1766 4278 quo
1791 4215 1944 4262 utro-

367 4312 475 4366 que
506 4298 818 4365 promiscue
841 4299 1060 4352 nomine
1080 4298 1204 4354 aliis
1238 4300 1472 4369 aliisque
1500 4308 1747 4355 vocatur.
1781 4297 1944 4354 Forte

367 4389 532 4444 etiam
588 4388 736 4458 quod
799 4391 985 4461 planta
1037 4391 1152 4446 haec
1200 4390 1503 4461 virginitati
1536 4390 1711 4445 aliinis
1754 4392 1846 4455 sit,
1882 4397 1943 4445 ut

367 4482 635 4537 rhamnus
667 4490 722 4537 et
763 4499 938 4554 agnus
972 4492 1388 4554 nuncuparetur
1418 4484 1653 4539 obtinuit

2130 4206 2194 4259 'H
2220 4207 2277 4260 δὲ
2311 4207 2540 4277 Ῥάμνος
2561 4207 2655 4260 καὶ
2679 4206 2874 4274 Ἀγνος
2898 4207 3064 4269 ἐστὶν,
3086 4207 3175 4275 ὑφ’
3196 4200 3271 4259 ὧν
3302 4208 3400 4278 μὲν
3422 4209 3635 4279 ῥάμνος

2048 4296 2399 4368 καλούμενος,
2426 4298 2512 4365 ὑφ’
2546 4289 2620 4350 ὧν
2647 4296 2704 4349 δὲ
2733 4296 2896 4363 ἄγνος
2915 4311 2929 4325 ’
2971 4296 3064 4349 καὶ
3095 4295 3235 4366 τάχα
3266 4295 3356 4348 διὰ
3398 4296 3460 4349 τὸ
3495 4314 3635 4366 συγ-

2049 4392 2204 4460 γενὲς
2237 4390 2401 4459 φυτὸν
2447 4390 2603 4443 τοῦτο
2642 4393 2708 4461 τῇ
2758 4388 3025 4459 παρθενίᾳ
3075 4389 3407 4457 πεφυκέναι,
3455 4389 3637 4464 ταύτῃ

1705 4500 1718 4537 :
1760 4484 1944 4537 rbam—
1974 4513 2018 4567 π)
2054 4483 2257 4555 ῥάμνος
2286 4483 2379 4535 καὶ
2416 4481 2579 4550 ἄγνος
2613 4479 3056 4551 προσηγορεύθη’
3099 4480 3304 4549 ῥάμνος
3330 4481 3447 4549 μὲν,
3476 4479 3634 4553 παρὰ

370 4590 478 4631 nus
505 4575 750 4645 quidem,
780 4586 1005 4647 propter
1045 4576 1383 4631 soliditatem
1407 4584 1471 4631 et‘
1490 4575 1756 4631 adversus
1787 4574 1937 4629 volu-

2047 4574 2107 4627 τὸ
2136 4574 2447 4644 στερέμνιον
2480 4572 2575 4625 καὶ
2608 4572 2871 4642 καρτερὸν
2910 4569 3047 4640 πρὸς
3079 4571 3178 4634 τὰς
3209 4570 3431 4641 ἡδονάς·
3464 4570 3633 4639 ἄγνος

368 4674 547 4737 ptates
585 4665 896 4722 ﬁrmitatem
924 4686 937 4721 :
965 4682 1136 4737 agnus
1165 4682 1315 4733 vero,
1346 4666 1449 4721 hoc
1477 4674 1559 4722 est
1588 4674 1762 4730 casta,
1794 4666 1941 4736 quod

368 4759 496 4813 talis
522 4772 734 4828 semper
764 4757 945 4813 duret.
982 4757 1121 4812 Hinc
1164 4766 1218 4813 et
1247 4758 1420 4811 Eliam
1451 4773 1481 4811 a
1505 4757 1643 4812 facie
1671 4755 1940 4812 Jezabelis

371 4850 616 4905 mulieris
662 4848 959 4919 fugientem
1015 4848 1299 4919 Scriptura
1332 4848 1501 4904 refert
1529 4850 1576 4881 “
1605 4849 1673 4903 ad
1724 4848 1941 4903 rhamni

370 4941 607 5011 primum
642 4940 890 4995 umbram
924 4941 1243 5004 secessisse,
1296 4939 1480 5008 ibique
1507 4938 1822 4994 exauditam
1847 4953 1941 4992 ro-

371 5033 475 5086 bur
503 5033 800 5101 accepisse,
834 5047 898 5086 ac
922 5032 1103 5086 cibum
1131 5031 1433 5101 sumpsisse
1459 5050 1471 5084 :
1504 5031 1651 5101 quod
1681 5031 1940 5085 nimirum

371 5123 420 5177 ei
453 5123 548 5193 qui
571 5123 815 5178 libidinis
844 5123 981 5192 fugit
1008 5132 1263 5186 (nstrum,
1297 5138 1466 5192 seque
1507 5136 1538 5175 a
1566 5122 1796 5177 muliere
1827 5121 1942 5176 exi-

375 5218 493 5279 mit,
527 5216 632 5271 hoc
658 5223 764 5281 est,
805 5230 837 5270 a
861 5218 1159 5286 voluptate,
1204 5214 1443 5286 hospitio
1465 5215 1538 5270 sit
1560 5228 1626 5269 ac
1649 5214 1946 5269 umbracu-

2042 4667 2133 4729 δὲ,
2190 4667 2339 4738 παρὰ
2390 4665 2450 4719 τὸ
2493 4664 2783 4728 διαπαντὸς
2840 4664 3107 4731 ἁγνεύειν.
3168 4662 3329 4716 Ὅθεν
3380 4662 3476 4715 καὶ
3535 4660 3632 4717 τὸν

2056 4760 2239 4813 Ἠλίαν
2268 4762 2332 4813 ἐκ
2360 4757 2651 4829 προσώπου
2676 4758 2773 4827 τῆς
2813 4755 3045 4809 Ἰεσάεελ
3074 4756 3330 4824 γυναικὸς
3355 4754 3632 4825 φεύγοντα

2043 4850 2202 4919 λόγος
2235 4849 2340 4903 ὑπὸ
2369 4850 2572 4919 ῥάμνον
2600 4848 2772 4901 ἐλθεῖν
2812 4848 3046 4919 πρῶτον,
3079 4849 3173 4901 καὶ
3203 4846 3636 4901 εἰσακουσθέντα

2022 4938 2323 5010 «ἐνισχῦσαι
2358 4939 2451 4991 καὶ
2475 4937 2658 4991 λαϐεῖν
2684 4938 2909 5009 τροφὴν,
2928 4939 3009 4990 ὃτι
3037 4938 3145 4991 τῶν
3183 4939 3491 5007 φευγόντων
3515 4937 3635 5009 (51)

2044 5026 2281 5102 οἷστρον,
2311 5031 2406 5083 καὶ
2436 5028 2532 5100 τὴν
2559 5032 2811 5097 γυναῖκα,
2838 5029 2933 5100 τὴν
2964 5030 3179 5102 ἡδονὴν,
3203 5029 3262 5082 τὸ
3283 5028 3637 5097 καταγώγιον

2046 5121 2141 5174 καὶ
2171 5123 2204 5191 ἡ
2238 5120 2433 5189 σκέπη,
2465 5119 2525 5171 τὸ
2557 5120 2654 5190 τῆς
2690 5120 2910 5186 ἁγνείας
2948 5118 3247 5190 ἐϐλάστησε
3283 5118 3439 5185 ξύλον
3462 5160 3477 5183 ,
3523 5121 3636 5174 ἀπὸ

2048 5213 2146 5283 τῆς
2179 5212 2484 5284 παρουσίας
2515 5210 2609 5263 τοῦ
2652 5210 3052 5283 ἀρχιπαρθένου
3099 5209 3335 5281 Χριστοῦ
3381 5210 3610 5282 βασιλεῦ

426 5371 471 5401 ⁹⁰
502 5368 630 5424 Gen.
659 5382 746 5437 nt,
778 5367 830 5423 7.
898 5371 941 5403 ⁹¹
976 5368 1103 5423 Gen.
1135 5386 1209 5432 Ix,
1232 5370 1323 5424 τε.
1394 5372 1439 5403 ’⁸
1462 5368 1577 5424 Jer.
1610 5386 1727 5436 vui,
1775 5369 1857 5424 l5.
1936 5376 1937 5383 ‘

2047 5368 2145 5422 oet.
2176 5384 2238 5434 ιι,
2272 5366 2363 5422 22.
2436 5366 2487 5399 “
2510 5365 2612 5421 III
2636 5366 2765 5438 Reg.
2795 5383 2909 5432 xu,
2941 5367 2996 5422 4.

443 5526 553 5595 (50)
584 5524 939 5598 Εζνατγέᾀια,
992 5525 1136 5598 Ἀντί
1163 5524 1277 5598 τοῦ,
1307 5524 1655 5598 κηρύγματα,
1684 5525 1936 5594 pra'dica-

375 5593 558 5675 tiones,
592 5593 735 5675 leges
766 5594 831 5647 ad
860 5594 1086 5675 salutem
1121 5593 1801 5675 instituentes‘.‘Cou'nsns.

446 5667 557 5736 (51)
594 5664 717 5719 Τῶν
743 5664 1105 5734 φευγόντων.
1140 5664 1392 5730 Allatius,
1427 5664 1515 5719 τὸν
1542 5666 1829 5735 φεύγοντα.
1863 5665 1945 5720 Ad

2051 5538 2209 5593 quem
2250 5522 2427 5576 locum
2458 5521 2573 5593 inec
2597 5519 3083 5593 editoriLupareus
3120 5540 3131 5574 :
3168 5519 3638 5593 Τῷν¹φευγόντῳν

2050 5591 2375 5665 rescriptum
2420 5591 2738 5665 ex_Pbotio.
2782 5592 2913 5646 Nam
2967 5600 3156 5648 noster
3210 5592 3446 5649 habebat
3494 5591 3637 5665 πρὸς

2050 5664 2141 5717 τὸν
2170 5661 2455 5733 φεύγοντα,
2486 5661 2655 5719 (ἰλιι.
2688 5710 2693 5715 ,
