3864 6162
234 269 337 326 197

1333 270 1721 329 CONVIVIUM
1753 273 1988 329 DECEM
2028 272 2393 331 VIRGINUM.

3392 284 3496 341 I98

232 404 329 440 σαν
352 388 465 441 τῶν
489 387 586 443 ἀνθ
595 387 811 460 ρώπων.
833 388 954 443 Τῶν
980 390 1088 462 γὰρ
1111 392 1342 462 πρώτων
1369 391 1787 462 ἀδυνατησάντω

1921 391 2006 457 Ιο;
2041 406 2162 462 quae
2188 407 2219 446 a
2245 391 2450 447 Christi
2492 392 2763 463 virginum
2792 393 3058 465 principis
3108 396 3344 454 adventu
3398 399 3497 456 ho-

229 482 403 537 σῶσαι
448 483 904 554 νομοθετημάτων
958 484 1052 537 τὸν
1080 483 1401 556 ἄνθρωπον,
1448 485 1555 538 τῶν
1585 486 1677 538 ἐπὶ
1717 484 1811 538 τοῦ

237 575 412 646 ’Δᾶἀμ
445 577 542 630 καὶ
588 574 680 629 τοῦ
717 576 870 643 Νῶε,
914 577 1008 629 καὶ
1050 577 1158 630 τῶν
1186 578 1279 631 ἐπὶ
1308 576 1400 630 τοῦ
1441 579 1748 642 Μωῢσέως,
1779 582 1812 651 ἡ

225 668 372 723 κατὰ
400 667 467 723 τὸ
514 669 849 738 Εὑαγγέλιον
878 671 1049 724 ἔσωσε
1088 671 1222 743 μόνη
1258 672 1545 742 νομοθεσία
1581 672 1809 736 πάντας.

304 842 373 895 Ἦ
404 845 516 915 γὰρ
565 844 714 915 συκῆ
745 845 918 918 ταύτῃ
972 846 1191 915 λέγεται
1237 847 1312 919 μὴ
1362 847 1674 918 βασιλεῦσαι
1703 849 1810 903 τῶν

222 934 422 1001 ξύλων,
484 935 592 990 τῶν
638 936 942 1009 ἀνθρώπων
989 940 1325 1010 νοουμένωνο
1364 942 1534 1013 συκῆς
1587 943 1674 1005 δὲ,
1710 943 1811 1014 τῆς

222 1030 446 1100 ἐντολῆς
468 1048 482 1061 ·
513 1031 633 1084 ἀνθ’
670 1025 745 1085 ὧν
772 1033 800 1084 ὁ
828 1031 1112 1103 ἄνθρωπος
1160 1032 1297 1104 μετά
1332 1033 1392 1086 τὸ
1426 1036 1611 1087 πεσεῖν
1652 1036 1809 1107 ἤθελε

221 1124 388 1177 πάλιν
414 1124 523 1178 ἀπὸ
550 1124 652 1195 τῆς
678 1125 882 1196 ἀρετῆς
909 1126 1308 1196 βασιλεύεσθαι,
1346 1129 1438 1182 καὶ
1462 1131 1562 1201 τῆς
1600 1130 1809 1203 ἀφθαρ-

221 1217 343 1280 σίας
371 1217 471 1272 τοῦ
513 1219 839 1291 παραδείσου
888 1220 988 1290 τῆς
1032 1222 1244 1292 τρυφῆς
1292 1222 1365 1295 μὴ
1414 1223 1803 1296 ἀποϐληθῆναι.

230 1310 373 1363 Ἀλλ’
402 1311 749 1384 ἀπεκρούσθη
801 1312 1073 1384 παραϐὰς,
1124 1315 1218 1367 καὶ
1242 1315 1521 1388 ἀπεϐλήθη
1567 1317 1806 1389 μακρὰν.

212 1404 290 1469 ὡς
325 1404 402 1476 μὴ
429 1405 856 1476 δυνάμενος.ύπὸ
874 1407 973 1477 τῆς
1001 1406 1310 1478 ἀφθαρσίας
1334 1408 1435 1471 ἔτι,
1458 1410 1591 1481 μηδὲ
1612 1410 1806 1483 χωρῶν

216 1497 621 1571 βασιλεύεσθαι.
659 1500 770 1552 Καὶ
823 1500 1040 1571 πρῶτον
1091 1501 1239 1572 αὐτῷ
1267 1502 1327 1555 τὸ
1359 1503 1622 1574 κήρυγμα
1668 1504 1805 1574 μετὰ

211 1591 311 1663 τὴν
332 1592 646 1664 παράϐασιν
675 1592 951 1663 πέμπεται
984 1593 1044 1646 τὸ
1072 1593 1159 1647 διὰ
1189 1593 1329 1647 Νῶε·
1353 1594 1419 1648 ἶν’
1451 1594 1544 1649 ἐὰν
1567 1576 1800 1668 πρόσχῃν

210 1683 314 1739 κᾶν
341 1683 519 1755 τούτῳ
551 1684 789 1755 σωθῆναι
823 1685 921 1756 τῆς
949 1687 1223 1758 ἁμαρτίας
1254 1686 1467 1761 ἰσχύσῃ,
1494 1689 1800 1742 ἀνάπαυσιν

1919 480 2127 533 minum
2155 480 2386 550 imperio
2414 482 2607 551 potita,
2642 483 2805 538 arbor
2832 485 3178 554 germinavit.
3211 486 3346 544 Nam
3370 506 3495 546 cum

1918 571 2065 641 leges
2082 571 2297 639 Adami,
2320 583 2371 629 et
2399 572 2515 629 Noe
2544 574 2859 645 Moysisque
2886 580 3228 647 temporibus
3250 581 3392 646 latae,
3413 598 3499 638 sa-

1917 661 2084 716 lutem
2112 662 2319 717 homini
2349 675 2611 734 praestare
2638 666 3035 736 nequivissent,
3060 670 3177 723 sola
3206 670 3295 726 lex
3322 686 3493 728 evan-

1915 755 2088 825 gelica
2118 764 2350 813 cunctos
2374 759 2555 814 salvos
2594 757 2744 814 fecit.

1987 844 2114 900 Hazc
2146 849 2289 902 enim
2340 865 2506 906 causa
2537 859 2623 906 est
2674 867 2776 906 cur
2805 851 2942 909 ﬁcus
2975 854 3234 910 arborum
3265 871 3494 926 regnum

1913 936 2058 1008 (quae
2082 940 2342 994 nimirum
2375 942 2605 1012 spiritali
2631 960 2820 1009 sensu,
2858 946 3141 1015 homines;
3181 947 3316 1004 licus
3337 962 3491 1015 vero,

1913 1032 2234 1087 mandatum
2283 1034 2645 1106 intelligatur)
2711 1052 2822 1091 non
2882 1039 3188 1094 obtinuisse
3250 1040 3489 1096 dicatur.

1912 1121 2117 1194 Nempe
2132 1125 2356 1195 optabat
2370 1127 2531 1182 homo
2544 1136 2665 1198 post
2677 1143 2863 1183 casum
2878 1130 3062 1193 etiam,
3082 1133 3303 1186 virtutis
3316 1133 3491 1204 impe-

1913 1218 1995 1271 rio
2018 1219 2239 1287 subjici,
2268 1235 2370 1274 nec
2394 1221 2464 1275 ab
2493 1221 2902 1291 incorruptione
2924 1225 3161 1293 paradisi
3194 1226 3490 1297 voluptatis

1910 1310 2056 1378 ejici.
2099 1310 2234 1379 Ejus
2267 1318 2452 1369 tamen
2475 1314 2631 1379 illud,
2666 1316 3137 1385 praevaricationis
3187 1328 3364 1382 reatu,
3402 1335 3491 1376 re-

1908 1403 2126 1472 pulsum
2152 1405 2481 1460 desiderium
2508 1425 2522 1474 ;
2564 1407 2787 1478 ipseque
2810 1410 3001 1479 procul
3024 1410 3344 1466 exturbatus
3366 1421 3487 1481 est;

1908 1506 1968 1550 ut
1998 1498 2091 1567 qui
2123 1497 2386 1570 deinceps
2417 1500 2485 1555 ab
2521 1502 2935 1572 incorruptione
2975 1503 3091 1572 regi
3122 1520 3230 1558 non
3275 1511 3485 1575 pesset,

1905 1606 2009 1646 nec
2038 1593 2158 1662 ejus
2186 1608 2358 1664 capax
2394 1595 2788 1651 dominationis
2836 1605 3004 1651 esset.
3056 1595 3351 1668 Primaque
3407 1599 3486 1653 illi

1908 1693 2033 1756 post
2060 1688 2580 1757 transgressionem,
2607 1705 2728 1759 quae
2764 1705 2859 1758 per
2884 1687 2997 1743 Noe
3020 1696 3188 1753 esset,
3219 1690 3489 1759 praedica-

206 1777 693 1847 ἀπαγγελλόμενον
719 1776 818 1848 τὴν
847 1778 955 1831 ἀπὸ
981 1780 1088 1832 τῶν
1118 1779 1304 1833 κακῶν
1324 1782 1417 1832 καὶ
1440 1781 1787 1852 εὐφροσύνην

1909 1776 1984 1831 ιίο
2015 1776 2281 1844 mittitur;
2347 1778 2437 1832 cui
2485 1779 2533 1833 si
2591 1777 2898 1834 attenderet
2926 1780 3194 1844 animum,
3238 1786 3423 1849 posset
3453 1795 3484 1833 a

204 1872 257 1923 εξ
278 1870 582 1941 ἀσκήσαιεν
625 1870 758 1923 αὐτὸ
792 1870 931 1924 κατὰ
966 1872 1185 1943 κράτος.
1222 1874 1433 1945 Ὥσπερ
1466 1875 1558 1927 καὶ
1592 1870 1732 1926 οἶνον
1761 1876 1795 1946 ἡ

206 1961 459 2033 ἇμπλος
487 1963 879 2032 ἐπαγγέλλεται
905 1966 1097 2035 γεννᾷν
1125 1968 1236 2029 τοῖς
1262 1966 1491 2019 ἀσκοῦσι
1513 1968 1608 2021 καὶ
1630 1970 1795 2040 ἐργα-

203 2054 480 2125 ζομὲνοις.
535 2055 694 2110 ’Λλλά
717 2057 811 2109 καὶ
842 2056 1003 2110 τοῦτο
1039 2058 1139 2111 οὐκ
1177 2058 1491 2112 ἐϐασίλευσε
1532 2060 1591 2112 τὸ
1632 2077 1796 2129 νομο-

203 2148 422 2220 θέτημα
460 2149 559 2220 τῆς
587 2149 1022 2221 ἀνθρωπότητος,
1051 2152 1135 2204 ὅτι
1173 2151 1248 2223 μὴ
1282 2152 1615 2223 ἐπείσθησαν
1648 2152 1797 2223 αὑτῷ

201 2240 606 2312 κηρυσσομένῳ
650 2242 955 2306 σπουδαίως
995 2244 1130 2315 πρὸς
1178 2243 1272 2297 τοῦ
1303 2243 1446 2297 Νῶε.
1502 2244 1663 2298 Ἀλλά
1701 2246 1796 2299 καὶ

204 2334 345 2404 μετά
380 2333 446 2387 τὸ
482 2334 800 2404 συνέχεσθαι
844 2336 944 2407 ἤδη
986 2335 1078 2389 καὶ
1122 2337 1408 2405 πνίγεσθαι
1456 2340 1569 2403 τοῖς
1610 2338 1793 2392 ὕδασιν

196 2427 443 2499 ῆρξαντο
498 2428 779 2498 μετανοεῖν
804 2467 818 2490 ,
889 2429 985 2482 καὶ
1053 2429 1484 2497 ἐπαγγέλλεσθαι
1532 2433 1793 2504 παρέχειν

196 2522 432 2584 ἑαυτοὺς
489 2520 952 2593 πεισθησομένους
993 2524 1115 2586 ταῖς
1164 2522 1424 2586 ἐντολαῖς.
1490 2523 1650 2577 Ὅθεν
1698 2525 1792 2578 καὶ

195 2615 678 2688 ύπερηφανοῦνται
731 2614 1110 2687 βασιλεύεσθαι
1151 2616 1305 2685 (52),
1357 2617 1634 2674 τουτέστιν
1687 2618 1793 2671 ὑπὸ

189 2711 290 2766 τοῦ
363 2708 727 2780 κηρύγματος
804 2709 1278 2782 ὑπερηφανοῦνται
1333 2708 1642 2781 βοηθεῖσθαι
1692 2711 1793 2780 τῆς

194 2803 458 2873 ἐντολῆς,
518 2787 1053 2875 ἀνταποκρινομένου
1090 2800 1185 2856 τοῦ
1233 2802 1549 2873 Πνεύματος
1610 2804 1792 2868 αὐτοῖς

192 2896 289 2948 καὶ
311 2892 689 2959 ὀνειδίζοντος,
731 2894 919 2967 ὥσπερ
962 2895 1288 2979 κατέλειψαν
1332 2891 1414 2960 οἷς
1450 2896 1731 2951 ἐκέλευσεν
1762 2899 1791 2950 ὁ

190 2985 328 3048 Θεὸς
372 2983 683 3055 ἀνθρώποις
703 3002 717 3014 ο
760 2981 830 3037 Ὦ
869 2985 1236 3057 ἀτεράμονες,
1288 2986 1502 3058 βοηθεῖν
1553 2987 1651 3059 μὲν
1696 2990 1790 3042 κα)⁸

192 3080 393 3145 σώζειν
446 3078 672 3143 τούτους
707 3079 804 3132 καὶ
849 3079 1181 3151 εὐφραίνειν,
1225 3074 1337 3133 οἷον
1384 3081 1479 3134 τὸν
1522 3079 1646 3133 Νῶε
1694 3082 1790 3134 καὶ

188 3175 320 3237 τοὺς
353 3173 452 3226 σὺν
474 3171 644 3243 αὐτῷ,
680 3163 821 3225 ἔλθω
853 3172 1139 3242 βοηθῆσαι,
1172 3176 1287 3237 τοῖς
1320 3174 1635 3245 φρονήσεως
1660 3174 1789 3244 ὑμῖν

189 3266 469 3337 ἀκάρποις
496 3264 591 3318 καὶ
616 3263 798 3337 ξηρῶν
822 3263 991 3329 ξύλων
1010 3265 1163 3319 οὐδὲν
1195 3266 1496 3330 ἀπεοικὸσι,
1522 3266 1786 3338 πρότερον

182 3358 268 3431 μὴ
317 3354 646 3410 πιστεύσασι
702 3373 793 3428 μοι
850 3354 1178 3427 κηρύσσοντι
1221 3355 1378 3426 φύξιν
1420 3356 1532 3409 τῶν
1582 3356 1785 3427 παρόν-

178 3461 336 3515 trav;

1903 1877 2129 1938 peccato
2178 1871 2390 1925 servari
2445 1885 2460 1925 :
2506 1871 2712 1942 quippe
2768 1887 2893 1926 eum
2930 1872 3021 1924 illa
3057 1872 3419 1927 cessationem
3453 1887 3483 1926 a

1900 1961 2060 2016 malis
2083 1962 2434 2033 laetitiamque
2451 1964 2795 2033 promitteret
2826 1965 2895 2029 ³⁸,
2925 1964 2973 2020 si
2996 1964 3253 2020 omnibus
3270 1963 3485 2019 viribus

1899 2068 2018 2107 cam
2050 2055 2403 2111 excoluisset.
2433 2055 2589 2110 [laud
2621 2072 2784 2112 secus
2807 2072 2873 2112 ac
2903 2058 3057 2123 vitis,
3090 2058 3359 2113 edendum
3384 2059 3483 2114 abs

1900 2159 1960 2200 se
1992 2145 2181 2200 vinum
2214 2146 2359 2201 haud
2404 2148 2553 2201 inani
2595 2164 2691 2219 spe
2739 2149 3052 2219 pollicetur,
3103 2151 3152 2206 si
3200 2153 3327 2222 quis
3361 2167 3481 2207 eam

1897 2236 2041 2290 colat
2073 2252 2137 2291 ac
2168 2237 2354 2292 labore
2374 2247 2648 2295 exerceat.
2685 2241 2883 2296 Verum
2916 2258 2984 2297 ne
3010 2242 3127 2296 haec
3158 2243 3377 2313 quidem
3395 2243 3479 2298 lex

1898 2341 2064 2396 super
2092 2328 2343 2384 homines
2366 2333 2635 2399 regnavit,
2667 2334 2812 2403 quod
2866 2335 2917 2389 ei
2969 2336 3221 2392 homines
3250 2336 3480 2406 obsequi

1897 2426 2247 2484 recusarunt,
2280 2421 2387 2475 etsi
2416 2437 2537 2476 eam
2563 2421 2677 2479 Noe
2705 2435 2928 2481 strenue
2948 2427 3340 2498 promulgaret.
3370 2428 3482 2482 Ca):

1895 2517 2074 2565 terum
2130 2513 2291 2569 malis
2323 2514 2537 2581 domiti,
2571 2525 2624 2572 et
2652 2528 2939 2589 postquam
2971 2520 3214 2590 undique
3241 2520 3480 2575 circum-

1894 2603 2043 2657 venti
2075 2605 2234 2674 aquis
2268 2607 2695 2677 sull'ocarentur,
2751 2618 3038 2682 cmperunt
3090 2612 3359 2683 pmnitere
3413 2626 3478 2667 ac

1896 2698 2148 2767 polliceri
2178 2700 2328 2755 dicto
2363 2717 2422 2757 se
2463 2703 2753 2759 audientes
2785 2704 2900 2760 fore
2930 2713 2984 2760 et
3012 2707 3289 2777 parituros
3320 2722 3480 2761 man-

1897 2791 2065 2850 datis.
2098 2794 2370 2861 Quocirca
2426 2795 2654 2865 spretim
2704 2796 3052 2866 rejiciuntur,
3117 2813 3185 2853 ne
3230 2797 3477 2853 mandati

1894 2886 2286 2957 praedicatione
2311 2888 2608 2958 juventur;
2635 2890 3003 2960 respondente
3026 2891 3136 2947 illis
3180 2890 3386 2963 Spiritu
3411 2908 3477 2948 ac

1893 2980 2280 3050 exprobrante,
2313 2981 2459 3051 quod
2490 2981 2937 3053 dereliquissent,
2993 2986 3195 3055 quibus
3231 2986 3478 3056 jusserat

1894 3069 2039 3127 Deus
2074 3079 2135 3126 ut
2164 3072 2273 3129 illis
2307 3089 2465 3143 opem
2491 3073 2716 3140 ferrent,
2749 3077 3094 3148 salutemque
3121 3093 3184 3132 ac
3231 3080 3473 3135 laetitiam

1894 3173 2247 3236 praestarent;
2312 3166 2426 3223 Noe
2468 3169 2679 3224 scilicet
2728 3169 2906 3225 virum
2964 3180 3215 3227 sanctum
3247 3173 3477 3244 ejusque

1894 3261 2234 3330 progeniem.
2278 3260 2359 3315 Ad
2395 3276 2491 3316 vos
2528 3262 2810 3327 nimirum,
2841 3278 2874 3319 ο
2909 3272 3288 3327 contumaces,
3322 3266 3476 3320 nullo

1892 3353 2197 3423 prudentiae
2231 3350 2413 3408 fructu
2444 3355 2883 3421 commendatos,
2938 3370 3096 3425 opem
3147 3354 3303 3410 vobis
3333 3355 3473 3408 alla-

1889 3454 2070 3510 turus,
2098 3446 2347 3514 veniam;
2380 3454 2435 3501 et
2481 3446 2574 3518 qui
2606 3464 2636 3502 a
2684 3449 2849 3519 lignis
2879 3448 3051 3502 aridis
3096 3446 3231 3501 nihil
3264 3446 3476 3501 differa-

1885 3540 1989 3605 tis;
2021 3540 2115 3610 qui
2148 3540 2304 3610 prius
2332 3540 2654 3611 praedicanti
2688 3543 2824 3596 mihi
2873 3558 2904 3596 a
2951 3541 3189 3598 terrenis
3233 3554 3471 3596 avocan-

1883 3633 2015 3688 dum
2047 3633 2314 3697 animum,
2354 3632 2513 3689 iidem
2543 3649 2654 3689 non
2684 3633 3087 3690 adhibueritis?
3376 3638 3384 3645 '

617 3795 751 3851 CAP.
790 3794 882 3851 IV.
912 3794 1023 3851 Lex
1062 3797 1269 3853 inutilis
1317 3795 1388 3851 ad
1420 3796 1666 3852 salutem.
1707 3796 1991 3851 Castitatis
2032 3803 2302 3865 postrema
2343 3794 2428 3850 lex
2462 3795 2558 3850 sub
2591 3798 2804 3850 rltamm'
2845 3796 3034 3862 specie.

252 3931 371 3986 Καὶ
429 3930 495 4003 δὴ
561 3930 657 3985 καὶ
704 3928 910 3984 τούτων
977 3930 1121 3984 οὕτω
1186 3928 1607 3997 ἀπαξιωθέντων
1676 3930 1778 4000 τῆς

180 4025 343 4089 θείας
373 4024 724 4097 κηδεμονίας,
758 4023 853 4076 καὶ
898 4021 1058 4076 πάλιν
1088 4023 1187 4094 τῆς
1232 4022 1647 4095 ἀνθρωπότητος
1697 4025 1779 4085 είς

184 4117 401 4187 πλάνην
435 4113 761 4185 κεχυμένης,
791 4109 950 4177 αὖθις
977 4115 1005 4166 ὁ
1034 4112 1166 4177 Θεὸς
1203 4111 1490 4167 ἀπέστειλε
1530 4111 1779 4182 βασιλεύ-

188 4224 354 4264 σοντα
376 4207 563 4277 νόμον,
595 4208 689 4259 καὶ
714 4206 1095 4277 ύπομνήσοντα
1113 4204 1458 4276 δικαιοσύνην
1486 4206 1580 4257 ἐπὶ
1608 4207 1774 4259 Μωῦ-

186 4304 352 4367 σέως,
383 4303 448 4356 Οἱ
477 4301 555 4366 δὲ,
586 4299 813 4372 ’μακρὰν
843 4300 936 4353 xui.
970 4298 1145 4369 τούτῳ
1190 4296 1402 4368 χαίρειν
1432 4297 1773 4368 φράσαντες,

185 4399 269 4461 τις
321 4393 765 4463 εἰδωλολατρεὶαν
821 4392 1178 4464 μετέστησαν.
1229 4389 1392 4444 Ὅθεν
1437 4392 1465 4442 ὁ
1507 4389 1642 4454 Θεὸς
1698 4390 1780 4454 είς

270 4597 489 4671 ηαϐεντ.
520 4614 578 4663 v,
618 4597 710 4653 29.

1955 3928 2166 3999 Hisque
2201 3929 2337 3984 adeo
2356 3930 2522 3985 etiam
2555 3945 2653 4000 per
2680 3933 2829 3986 hunc
2881 3930 3103 3985 modum
3152 3947 3183 3985 a
3216 3931 3472 4006 benigna:

1884 4021 1979 4078 Dei
2007 4023 2367 4089 providentiae
2394 4039 2526 4079 cura
2564 4022 2860 4089 abdicatis,
2920 4040 2984 4079 ac
3025 4041 3222 4081 rursus
3276 4035 3466 4095 postea

1886 4111 2126 4167 humano
2150 4128 2349 4184 genere
2382 4115 2438 4169 in
2470 4129 2690 4169 errores
2727 4114 2936 4182 eﬂ‘uso;
2969 4133 3090 4186 quae
3120 4132 3349 4188 regnum
3370 4119 3469 4174 oh-

1884 4203 2081 4260 tineret
2100 4219 2166 4258 ac
2188 4205 2422 4273 justiti-.e
2441 4214 2837 4271 commoneret,
2862 4207 2964 4262 sub
2986 4207 3170 4279 Moyse
3191 4210 3460 4280 principe,

1884 4311 1916 4351 a
1948 4296 2059 4353 Deo
2092 4299 2181 4353 lex
2208 4299 2377 4354 missa
2397 4306 2504 4356 est.
2539 4297 2741 4355 Verum
2771 4300 2828 4355 hi
2858 4315 3080 4371 quoque
3109 4302 3301 4357 eadem
3337 4317 3466 4373 pro-

1885 4391 1978 4446 cul
2012 4391 2194 4447 valere
2216 4391 2395 4464 jussa,
2436 4392 2708 4450 idolorum
2732 4394 2906 4451 cultui
2938 4394 3306 4454 adhaeserunt.
3322 4394 3466 4452 Hinc

252 4781 371 4854 (52)
389 4793 397 4799 ’
412 4780 956 4857 Ὑπερηςεανοῦνται
978 4783 1433 4857 βασιλεύεσθαι.
1459 4785 1625 4857 Quasi
1649 4801 1775 4839 con-

1896 4784 2266 4853 )rmdicatione
2292 4783 2662 4857 alio_torquet.
2697 4782 2788 4838 Sic
2817 4784 2960 4839 enim
2990 4783 3080 4839 ille
3101 4783 3247 4838 hunc
3277 4783 3457 4839 locum

180 4866 383 4925 tempta
412 4855 728 4923 reﬁciuntur
748 4855 1041 4922 neimperio
1067 4866 1336 4924 regantur,
1368 4864 1422 4909 et
1444 4873 1508 4909 ue
1532 4856 1769 4910 fructum

179 4942 250 4981 ex
284 4925 677 4996 praedicatione
708 4932 1149 4993 consequantur;
1183 4942 1344 4996 quam
1379 4926 1587 4994 pridem
1618 4943 1771 4996 spre-

180 4995 319 5059 tam,
348 4996 463 5049 Noe
483 4995 789 5067 fabricante
810 5010 1018 5056 arcam,
1044 4995 1333 5067 aquis’jam
1366 4998 1553 5051 diluvii
1573 4995 1769 5067 pressi,

181 5082 311 5123 sera
346 5065 667 5138 poenitentia
711 5068 1061 5136 amplexuros
1099 5065 1163 5122 se
1192 5065 1611 5138 pollicebantur.
1647 5066 1771 5121 Haec

180 5146 339 5209 certe
362 5136 631 5209 Methodii
654 5152 830 5203 mens,
861 5153 1024 5207 quam
1061 5146 1115 5193 et
1159 5136 1333 5209 magis
1359 5138 1773 5208 declarat,.qua3

180 5207 461 5279 sequitur,
491 5206 733 5279 Spiritus
785 5206 960 5262 sancti
1007 5206 1375 5279 exprobratio,
1432 5209 1508 5263 illi
1559 5206 1772 5278 gemina

178 5277 331 5349 qubd
361 5278 597 5333 habetur
625 5277 785 5333 Prov.
811 5296 850 5341 t,
878 5280 950 5332 24
983 5297 996 5333 :
1031 5277 1169 5345 Quia
1195 5279 1393 5338 vocavi,
1422 5290 1472 5333 et
1497 5277 1769 5344 renuistis,

176 5348 313 5410 etc.,
339 5366 437 5420 ego
464 5365 665 5419 quoque
696 5351 750 5402 in
777 5350 996 5403 interitu
1020 5360 1189 5404 uestro
1218 5349 1416 5404 ridebo.
1448 5348 1580 5416 Quae
1608 5351 1769 5404 minte

174 5430 231 5476 et
265 5422 395 5477 illos
442 5430 688 5486 manent,
725 5421 826 5490 qui
877 5435 982 5475 nec
1025 5420 1140 5490 lege
1164 5422 1372 5490 gratiae,
1408 5420 1585 5489 quoad
1620 5422 1764 5483 licet,

170 5492 358 5561 juvari
399 5493 646 5547 student.
701 5489 969 5557 Quocirca
1019 5489 1127 5562 non
1173 5489 1314 5562 bene
1359 5492 1634 5562 (Allatius)
1673 5495 1767 5561 qui

177 5578 369 5617 vocem
416 5562 893 5633 ὕπερηφανοῦνται
941 5561 1115 5616 active
1164 5561 1374 5626 reddit,
1414 5562 1765 5632 superbientes

172 5634 459 5703 imperium
488 5648 653 5702 supra
678 5649 734 5686 se
764 5641 1005 5703 poscunt,
1040 5639 1169 5695 etc.,
1194 5633 1303 5687 imo
1322 5641 1469 5687 certe
1500 5633 1689 5702 rejecti
1711 5643 1766 5688 et

172 5705 345 5773 spreti
390 5713 543 5775 sunt,
580 5718 682 5758 nec
717 5702 1029 5775 digni_visi,_
1075 5703 1168 5773 qui
1215 5704 1308 5757 illo
1355 5704 1580 5773 imperio
1614 5719 1799 5775 rege»

171 5772 386 5832 réntur.
411 5774 531 5831 Non
561 5775 699 5832 bene
726 5772 855 5835 item
878 5772 1162 5831 Possioius
1190 5789 1310 5845 quae
1337 5775 1404 5832 de
1436 5772 1550 5833 Noe
1581 5772 1764 5846 Spreta

1880 4854 2312 4925 interpretatur:
2345 4872 2364 4905 ‹
2397 4854 2603 4923 Rejecti
2631 4863 2810 4909 tamen
2833 4863 2962 4926 sunt
2988 4863 3043 4909 et
3068 4856 3264 4926 spreti,
3283 4869 3460 4926 neque

1878 4927 2026 4996 digni
2060 4928 2159 4981 visi
2191 4934 2320 4981 sunt
2341 4926 2433 4995 qui
2465 4926 2896 4994 regerenturillo
2931 4925 3181 4993 imperio,
3216 4925 3268 4978 id
3293 4925 3398 4996 est,
3426 4939 3458 4978 a

1877 4995 2216 5069 promulgata
2252 4997 2359 5049 illis
2390 4997 2506 5065 lege
2529 4997 2892 5069 iuvarentur:
2930 5006 3288 5069 responsante
3322 4995 3458 5069 ipsis

1882 5065 2181 5138 Spiritu—et
2222 5069 2609 5138 exprobrante,
2658 5065 2803 5134 quod
2840 5066 3207 5138 neglexissent
3249 5068 3455 5120 monita

1878 5137 2067 5195 eorum
2101 5140 2192 5208 qui
2224 5137 2503 5208 Dei‘jussu
2538 5152 2600 5208 ac
2640 5138 2810 5192 missu
2851 5137 2916 5188 ad
2962 5137 3110 5205 ipsos
3154 5144 3454 5206 venerant;

1878 5218 2045 5279 atque
2076 5206 2253 5265 ai‘ente
2279 5227 2292 5262 :
2318 5206 2445 5261 lllos
2479 5207 2721 5279 quidem,
2752 5223 2785 5262 ο
2808 5217 3183 5279 contumaces,
3204 5216 3458 5279 Quos_re-

1871 5276 2085 5350 jec'istis
2110 5279 2468 5350 irrisislisque
2494 5277 2765 5350 salutaria
2796 5278 2947 5350 vobis
2986 5279 3308 5350 suadentis;
3342 5276 3454 5331 No.2

1878 5347 2127 5406 videlicet
2158 5366 2221 5404 ac
2254 5347 2393 5403 tilios
2423 5348 2562 5415 ejus.
2612 5363 2712 5417 ego
2754 5348 2807 5401 in
2839 5348 2942 5402 hoc
2984 5347 3302 5403 discrimine
3337 5362 3459 5403 seu-

1876 5423 2017 5477 vabo
2066 5430 2121 5477 et
2167 5420 2518 5481 consolabor,
2568 5418 2714 5472 ultro
2762 5419 2828 5472 iis
2864 5420 3143 5488 suppetias
3177 5419 3449 5473 veniens:

1874 5509 1972 5548 vos
2001 5501 2181 5546 autem
2212 5490 2384 5544 malas
2424 5491 2670 5553 arbores,
2724 5490 2873 5542 nullo
2923 5489 3222 5558 prudentia:
3268 5491 3452 5543 fructu

1875 5564 2306 5623 commendatas,
2358 5568 2412 5615 et
2460 5560 2596 5614 nihil
2633 5558 2942 5614 diﬂ'erentes
2981 5575 3010 5613 a
3054 5559 3215 5630 lignis
3258 5560 3448 5624 aridis,

1873 5649 2093 5703 pessum
2118 5635 2216 5696 ire,
2253 5639 2311 5686 ut
2338 5632 2586 5703 coepistis
2611 5639 2665 5703 et
2689 5630 2836 5701 digni
2867 5630 3022 5703 estis,
3050 5632 3246 5703 patiar,
3276 5646 3453 5703 quan-

1872 5700 1944 5759 do
1971 5704 2126 5767 mihi,
2159 5714 2317 5758 antea
2344 5702 2663 5773 praedicanti
2697 5700 3044 5773 praesentium
3072 5702 3339 5755 malorum
3365 5700 3446 5755 fu-

1868 5791 2013 5844 qam,
2052 5775 2213 5832 ﬁdem
2248 5771 2507 5830 adhibere
2533 5773 2805 5830 noluistis.
2839 5791 2857 5825 ›
2893 5771 3182 5828 (Ζοιωεειδ.
