3864 6162
377 272 485 330 199

1337 270 1396 326 S.
1439 269 1777 327 METRODII
1818 270 2132 326 EPISCOPI
2176 271 2263 326 ET
2308 268 2674 328 MARTYRIS

3545 279 3651 334 9.00

374 390 523 447 Deus
544 389 647 446 hos
681 405 903 462 quoque
924 389 980 446 in
1013 391 1191 448 caedes
1225 400 1450 448 mutuas
1479 392 1726 454 tradidit,
1774 392 1958 464 fugas—

2075 393 2454 466 Ξιλληλοερονίας
2496 397 2589 450 καὶ
2616 396 2896 467 δρασμοὺς
2935 396 3029 450 καὶ
3070 397 3450 468 αἰχμαλωσίας
3483 400 3655 470 παρέ-

375 499 485 555 que
516 499 579 537 ae
610 488 959 555 captivitates
1012 504 1025 538 :
1072 485 1191 556 lege
1238 501 1357 557 ipsa
1387 486 1546 556 quasi
1579 486 1852 541 sentiente
1897 501 1962 541 ac

377 573 608 640 fatente,
639 591 699 631 se
720 576 830 630 illis
860 576 1089 631 salutem
1113 584 1376 646 praestare
1402 592 1513 630 non
1547 592 1732 647 posse.
1755 575 1964 646 Nempe

377 668 540 723 malis
567 669 740 724 attriti
764 679 928 740 atque
957 669 1166 731 amicti,
1203 668 1421 739 lugubri
1443 681 1598 740 gestu
1626 684 1690 724 ac
1712 670 1960 738 planctu,

380 757 579 814 iterum
626 777 686 816 se
751 762 1026 819 mandatis
1095 762 1460 817 obsecuturos
1523 761 1960 831 pollicebantur;

379 854 560 922 quoad
590 852 734 909 Deus
762 863 1019 924 quartum
1058 856 1353 911 miseratus
1397 855 1699 917 hominem,
1739 854 1966 909 castita—

378 953 490 1000 tem
517 961 689 1018 regno
714 948 1010 1017 potituram
1041 948 1260 1020 legavit,
1300 964 1463 1018 quam
1518 946 1802 1017 Scriptura
1828 962 1965 1001 con-

381 1048 676 1110 sequenter
708 1042 999 1097 rhamnum
1026 1043 1385 1112 nuncupavit.
1413 1040 1539 1095 llazc
1572 1039 1748 1111 rigide
1781 1046 1966 1095 auste-

380 1149 548 1204 reque
601 1135 909 1205 absumptis
959 1135 1336 1206 voluptatibus
1366 1133 1532 1189 etiam
1569 1131 1960 1194 comminatur,

381 1227 487 1281 nisi
511 1228 561 1282 ei
589 1242 782 1283 omnes
816 1228 1197 1283 indubitanter
1226 1227 1511 1289 obediant,
1556 1234 1612 1282 et
1644 1226 1698 1279 in
1735 1225 1966 1280 veritate

380 1318 446 1374 ad
479 1319 651 1389 ipsam
683 1321 968 1383 accedant,
1018 1321 1133 1393 igni
1167 1329 1619 1389 consumpturam
1650 1319 1963 1373 universos.

380 1412 503 1467 Non
538 1413 683 1467 enim
710 1413 870 1466 aliam
896 1422 1086 1483 postea
1124 1414 1365 1468 futuram
1401 1414 1575 1482 legem
1623 1418 1719 1466 aut
1758 1407 1969 1464 doctri-

379 1519 531 1568 nam,
562 1504 657 1561 sed
687 1505 957 1574 judicium
979 1512 1032 1560 et
1057 1506 1261 1577 ignem.
1288 1504 1363 1559 Ea
1386 1503 1805 1560 denuntiatione
1817 1501 1968 1571 juste

380 1596 642 1667 deinceps
696 1598 861 1652 homo
909 1613 1071 1670 agere
1107 1599 1295 1669 coepit,
1341 1606 1396 1653 et
1438 1596 1550 1653 Deo
1586 1596 1814 1651 ﬁrmiter
1847 1609 1968 1650 cre-

380 1689 511 1745 dere
542 1707 712 1761 seque
736 1707 767 1746 a
797 1691 1018 1746 diabolo
1041 1692 1358 1762 abjungere.
1393 1689 1485 1745 Sic
1522 1690 1876 1745 utilissimum
1901 1702 1966 1743 ae

2060 488 2203 542 δωκε
2235 489 2329 543 καὶ
2349 488 2591 554 τούτους,
2635 490 3066 560 ἀποδοξήσαντος
3101 492 3299 557 αὐτοὺς
3336 491 3528 556 σώζειν
3559 491 3654 546 τοῦ

2061 580 2256 652 νόμου·
2289 581 2361 645 οἳ,
2394 582 2533 653 μετά
2554 583 2616 635 τὺ
2641 583 2996 656 συνελαθῆναι
3031 587 3145 649 τοῖς
3185 588 3397 650 κακοῖς,
3424 583 3654 640 ποτνιώ-

2066 691 2216 744 μενοι
2256 674 2416 728 πάλιν
2449 674 2846 745 ἐπηγγέλλοντο
2881 674 3197 747 πειθαρχεῖν
3217 679 3339 738 ταῖς
3376 675 3649 741 ἐντολαῖς⁸

2066 766 2258 838 μέχρις
2292 769 2319 820 ὁ
2356 766 2509 831 Θεὸς,
2543 767 2802 838 τέταρτον
2831 767 3166 839 κατελεήσας
3207 768 3299 822 τὸν
3329 768 3652 841 ἄνθρωπον,

2060 855 2161 926 τὴν
2230 857 2475 926 Ἀγνείαν
2538 859 2827 913 ἀπέστειλε
2879 858 3234 929 βασιλεῦσαι,
3288 861 3355 933 ἢν
3419 861 3654 932 Ῥάμνον

2063 948 2372 1014 ἀκολούθως
2412 950 2671 1005 ἐκάλεσεν
2706 953 2971 1025 ήΓραφή.
3005 954 3184 1017 Ἥτις,
3220 953 3655 1008 καταναλώσασα

2063 1038 2161 1103 τὰς
2209 1040 2437 1112 ἡδονάς,
2497 1043 2589 1096 καὶ
2632 1043 2977 1114 ἀπειλήσασα
3026 1043 3250 1110 λοιπὸν,
3298 1047 3346 1098 εί
3388 1047 3462 1117 μὴ
3513 1047 3653 1119 αὐτῇ

2065 1130 2267 1195 πάντες
2295 1132 2683 1197 ἀνενδοιάστως
2718 1135 2813 1188 καὶ
2849 1137 2906 1187 ὲν
2951 1134 3180 1209 ἀληθείᾳ
3231 1138 3653 1209 προσέρχοιντο,

2065 1223 2198 1294 πυρὶ
2254 1225 2705 1297 καταδαπανήσαι
2758 1227 2985 1293 πάντας.
3037 1229 3151 1282 Οὐκ
3210 1229 3290 1284 ἔτι
3347 1231 3457 1303 γὰρ
3514 1232 3659 1303 μετά

2065 1316 2271 1389 ταύτην
2310 1316 2527 1372 ἔσεσθαι
2581 1319 2809 1391 νόμονῆ
2861 1319 3210 1375 διδασκαλίαν
3263 1324 3475 1396 ἑτέραν,
3518 1326 3659 1383 ἀλλά

2067 1408 2248 1478 κρίσιν
2280 1408 2374 1461 καὶ
2417 1407 2548 1481 πῦρ.
2584 1410 2696 1465 Καὶ
2737 1410 2826 1464 διά
2875 1411 3035 1466 τοῦτο
3092 1413 3277 1467 λοιπὸν
3325 1416 3657 1472 ἀπεντεῦθεν

2066 1500 2480 1572 δικαιοπραγεῖν
2530 1503 2558 1555 ὁ
2612 1501 2898 1574 ἄνθρωπος
2952 1502 3175 1575 ἤρξατο,
3228 1507 3323 1559 καὶ
3377 1508 3660 1566 πιστεύειν

2071 1591 2303 1662 βεϐαίως
2346 1593 2424 1665 τῷ
2473 1594 2621 1666 Θεῷ,
2666 1597 2760 1648 καὶ
2807 1595 3195 1667 ἀποσχίζεσθαι
3245 1600 3339 1653 τοῦ
3385 1599 3658 1656 διαϐόλου.

2070 1682 2256 1747 Οὖτως
2288 1684 2712 1757 ὠφελιμώτατον
2741 1687 2834 1740 καὶ
2879 1688 3094 1759 ἀρωγὸν
3131 1691 3495 1763 κατεπέμφθη
3543 1695 3662 1756 τοῖς

381 1783 625 1839 salutare
674 1782 818 1839 Deus
861 1783 1179 1838 hominibus
1233 1783 1384 1838 misit
1434 1783 1722 1849 auxilium,
1771 1796 1966 1851 nempe

2075 1773 2379 1846 ἀνθρώποις
2425 1779 2637 1859 άγνεία.
2676 1779 2860 1850 Μόνης
2896 1756 3007 1852 γὰρ
3038 1781 3212 1851 αὐτῆς
3241 1756 3533 1855 ἀντίμιμον
3556 1786 3663 1841 οὐκ

383 1878 721 1932 castitatem.
773 1875 1046 1931 Nimirum
1089 1891 1200 1931 una
1252 1876 1368 1931 haec
1414 1881 1520 1937 est,
1563 1889 1725 1945 quam
1760 1873 1965 1928 imitari

378 1976 499 2025 arte
523 1970 663 2023 mala
700 1969 933 2040 ejusque
964 1968 1218 2040 effingere
1271 1969 1632 2024 simulacrum
1680 1967 1747 2022 ad
1803 1966 1968 2022 sedu-

378 2060 638 2124 cendum,
664 2062 921 2117 diabolus
956 2063 1181 2117 minime
1215 2062 1413 2132 potuit,
1457 2061 1602 2116 sicut
1645 2061 1704 2115 in
1734 2059 1859 2114 aliis
1886 2059 1965 2114 le-

380 2154 542 2225 gibus
567 2170 689 2210 sese
722 2170 811 2210 res
842 2155 1134 2210 habuerat.

2073 1868 2291 1939 ἴσχυσεν
2327 1871 2663 1941 ἐργάσασθαι
2690 1873 2826 1943 πρὸς
2850 1873 3066 1944 ἀπάτην
3104 1875 3133 1927 ὁ
3157 1874 3442 1945 διάϐολος,
3469 1878 3663 1954 ὥσπερ

2073 1961 2298 2015 καὶτῶν
2320 1961 2494 2017 ἄλλων
2524 1965 3001 2038 νομοθετημάτων.

837 2273 965 2328 CAP.
1002 2271 1065 2328 V.
1104 2272 1317 2327 Diaboli
1349 2271 1545 2327 aemula
1564 2272 1619 2326 in
1650 2270 1893 2326 omnibus
1920 2267 2253 2338 malignitas.
2291 2266 2411 2321 Duo
2438 2283 2631 2338 genera
2656 2269 2857 2338 ﬁcuum
2897 2280 2947 2325 et
2982 2274 3190 2328 vitium.

451 2397 589 2453 Cum
623 2397 770 2453 enim
808 2396 965 2459 licus,
1004 2394 1082 2450 uti
1128 2395 1402 2457 dicebam,
1435 2408 1543 2464 qua
1576 2399 1802 2464 praestat
1853 2390 1971 2446 fru-

377 2500 503 2549 ctus
552 2490 842 2547 dulcedine
892 2491 1296 2562 elegantiaque,
1344 2490 1666 2545 deliciarum
1722 2486 1967 2559 paradisi

375 2591 510 2655 typo
558 2589 875 2639 assumatur
910 2598 923 2633 :
961 2582 1125 2637 rebus
1155 2582 1232 2635 illi
1266 2580 1479 2635 azmulis
1526 2577 1815 2635 seductum
1866 2578 1969 2633 ho-

380 2675 587 2732 minem
619 2675 874 2730 diabolus
906 2675 1088 2745 praeda
1120 2672 1286 2742 cepit,
1333 2671 1462 2731 dum
1511 2669 1657 2724 nuda
1716 2668 1967 2739 corporis

379 2769 504 2840 ejus
535 2768 750 2823 fruticis
782 2767 929 2822 foliis
958 2773 1251 2835 contegere
1276 2762 1552 2833 persuasit
1578 2781 1589 2815 :
1620 2762 1724 2816 hoc
1771 2776 1968 2832 nempe

382 2876 572 2933 agens,
605 2868 663 2916 ut
687 2860 927 2915 molliter
956 2859 1157 2915 scabra
1183 2858 1271 2911 lici
1321 2855 1475 2919 folia,
1510 2854 1846 2925 proritandae
1872 2870 1966 2910 es-

382 2961 508 3010 sent
544 2953 779 3008 libidini.
812 2953 922 3007 Eos
950 2966 1147 3006 rursus
1177 2948 1272 3019 qui
1310 2963 1378 3004 ex
1405 2946 1614 3003 diluvio
1661 2946 1966 3001 incolumes

2139 2387 2254 2458 Τῆς
2285 2387 2395 2460 γάρ
2441 2388 2631 2460 συκῆς,
2661 2390 2737 2454 ὡς
2766 2390 2922 2462 ἔφην,
2953 2392 3042 2446 διὰ
3087 2395 3186 2465 τὴν
3230 2395 3532 2465 γλυκασίαν
3563 2397 3668 2452 τοῦ

2068 2479 2283 2552 καρποῦ
2318 2480 2412 2534 καὶ
2444 2480 2536 2535 τὸν
2564 2481 2845 2554 ὡραϊσμὸν
2870 2484 2929 2536 ἐν
2953 2483 3108 2556 τύπῳ
3131 2486 3230 2556 τῆς
3254 2488 3313 2540 ἐν
3342 2488 3669 2564 παραδείσῳ

2067 2570 2281 2641 τρυφῆς
2328 2569 2799 2642 παραληφθείσης,
2834 2576 2949 2636 τοῖς
2975 2573 3290 2644 ἀντιμίμοις
3320 2576 3490 2647 αὐτῆς
3520 2578 3669 2631 ἀπο-

2070 2662 2402 2736 ϐουκολήσας
2452 2663 2543 2717 τὸν
2593 2663 2879 2737 ἄνθρωπον
2907 2668 2935 2720 ὁ
2965 2666 3212 2732 διάϐολος
3262 2669 3525 2742 ἦγρευσε,
3555 2670 3669 2744 τὴν

2068 2755 2342 2828 γύμνασιν
2374 2756 2612 2827 καλύψαι
2644 2756 2839 2822 πείσας
2869 2758 2964 2811 τοῦ
2995 2760 3247 2832 σώματος
3277 2763 3533 2827 πετάλοις
3567 2781 3673 2818 συ-

2071 2849 2207 2919 κῆςο
2255 2850 2283 2902 ὅ
2333 2848 2588 2913 ἐστι,.διά
2635 2850 2696 2903 τὸ
2746 2852 3087 2922 κνησμῶδες,
3135 2857 3315 2926 τρυφῇ
3370 2855 3667 2929 φιληδόνῳ.

2070 2941 2209 3004 Τοὺς
2234 2941 2292 2994 δὲ
2324 2941 2728 3013 περισωθέντας
2753 2939 2909 3008 αὖθις
2934 2946 2998 2999 ὲκ
3020 2945 3112 2999 τοῦ
3135 2947 3545 3021 κατακλυσμοῦ,
3570 2949 3671 3006 διὰ

380 3043 622 3110 fuerant,
661 3045 731 3100 ob
757 3044 1059 3108 spiritalem
1104 3041 1526 3111 laztitiaeyitem,
1564 3055 1672 3096 non
1710 3039 1966 3096 dissimili

2075 3031 2170 3102 τὴν
2200 3032 2301 3102 τῆς
2340 3033 2714 3104 πνευματικῆς
2733 3034 3069 3106 εὐφροσύνης
3095 3036 3356 3108 ἄμπελον,
3379 3039 3671 3114 ἀντιμίμῳ

384 3146 520 3210 potu
564 3137 868 3194 inebriatos
900 3135 1115 3203 derisit,
1154 3134 1377 3190 virtutis
1422 3134 1602 3190 denuo
1648 3134 1968 3189 indumento

382 3230 658 3287 hominem
701 3222 961 3284 nudans.’
990 3226 1231 3299 Indeque
1273 3226 1624 3283 manifestius
1670 3226 1776 3282 erit
1821 3224 1967 3298 quod

380 3325 529 3381 dico.

454 3416 785 3473 Adversaria
829 3421 1074 3487 potestas
1119 3428 1337 3483 semper
1369 3412 1589 3467 virtutis
1635 3426 1701 3466 ac
1739 3410 1969 3481 justitiaa

384 3509 623 3579 speciem
666 3508 987 3577 cultumque
1034 3505 1345 3568 mmulatur,
1379 3519 1489 3559 non
1519 3511 1578 3557 ut
1619 3509 1871 3558 exerceat
1900 3501 1969 3556 ad

384 3603 662 3672 pietatem,
693 3599 789 3655 sed
821 3605 880 3654 ut
919 3597 1166 3653 fraudem
1198 3596 1363 3652 faciat
1392 3606 1447 3651 et
1479 3596 1830 3651 simulatione
1859 3594 1972 3650 elu-

381 3692 496 3748 dat.
523 3691 596 3748 Ut
622 3693 768 3747 eniin
799 3707 896 3747 eos
923 3691 1016 3761 qui
1069 3700 1301 3745 mortem
1350 3689 1588 3761 fugiant,
1629 3689 1695 3744 ad
1732 3696 1965 3742 mortem

385 3784 644 3840 illecebra
681 3784 883 3854 capiat,
930 3781 1363 3838 immortalitatis
1404 3782 1647 3838 exterius
1686 3780 1968 3836 coloribus

385 3876 625 3931 fucatur.
673 3876 853 3946 Atque
898 3875 1025 3929 hinc
1073 3862 1191 3939 est,
1217 3880 1279 3928 ut
1325 3873 1462 3928 licus
1493 3881 1588 3927 aut
1620 3873 1746 3928 vitis
1792 3870 1970 3926 videri

380 3969 532 4033 velit,
556 3975 610 4023 et
642 3983 763 4038 quae
812 3967 1121 4022 dulcedinis
1152 3982 1217 4021 ac
1250 3966 1455 4021 laetitiae
1485 3965 1719 4022 fecunda
1767 3980 1967 4036 parens

380 4059 632 4123 exsistat,
666 4058 1066 4112 translormans
1098 4071 1159 4113 se
1196 4057 1254 4113 in
1292 4056 1544 4128 angelum
1572 4056 1715 4112 lucis
1735 4055 1803 4121 ",
1830 4055 1970 4110 mul-

381 4156 579 4220 tosque
612 4149 896 4219 religionis
927 4149 1111 4218 specie
1140 4149 1468 4218 illaqueans.

454 4243 575 4299 Duo
605 4243 749 4299 enim
781 4257 905 4298 esse
947 4256 1149 4314 genera
1197 4240 1397 4297 ﬁeuum
1430 4241 1735 4313 vitiumque
1775 4241 1832 4295 in
1876 4253 1969 4295 sa-

380 4336 493 4392 cris
536 4336 734 4392 litteris
762 4336 1092 4407 reperimus.
1146 4332 1313 4388 Ficus
1351 4334 1539 4401 bonas,
1587 4333 1751 4389 bonas
1788 4332 1963 4398 valde,
1999 4375 2042 4429 Β

382 4437 438 4487 et
460 4431 593 4500 ﬁcus
626 4445 866 4494 amaras,
892 4446 1111 4484 amaras
1143 4426 1296 4483 valde
1317 4429 1385 4482 ⁸⁷.
1430 4426 1629 4481 Vinum
1679 4426 1964 4496 laetiﬁcum

381 4540 474 4580 cor
508 4523 779 4577 hominum
795 4525 878 4591 ’3;
915 4529 989 4585 et,
1037 4524 1215 4576 vinum
1265 4521 1498 4590 furorem
1551 4519 1875 4584 draconum,
1915 4527 1967 4572 et

381 4615 617 4685 furorem
641 4615 886 4685 aspidum
910 4614 1263 4670 insanabilem
1287 4615 1356 4668 '9.
1383 4613 1585 4669 Verum
1615 4628 1683 4667 ex
1717 4627 1827 4682 quo
1850 4610 1965 4681 jam

383 4711 611 4766 castitas
684 4710 969 4764 hominum
1038 4709 1330 4780 imperium
1408 4707 1570 4768 iniit,
1623 4703 1966 4775 deprehensa

385 4803 541 4859 fraus
566 4814 654 4859 est
698 4810 864 4874 atque
913 4803 1150 4866 devicta,
1178 4809 1459 4858 evertente
1500 4802 1649 4855 illam
1689 4799 1966 4871 virginum

380 4893 630 4964 principe
658 4893 882 4951 Christo
916 4908 1190 4964 :veraque
1224 4892 1360 4948 adeo
1410 4892 1549 4947 licus
1576 4902 1632 4947 et
1677 4905 1809 4946 vera
1837 4888 1969 4942 vitis

382 4979 746 5047 fructiﬁcant,
790 4987 1083 5051 postquam
1132 4981 1188 5035 in
1231 4995 1425 5036 omnes
1471 4981 1648 5036 evasit
1696 4978 1967 5035 castitatis

381 5070 720 5136 dominatus,
763 5073 842 5127 uti
883 5083 938 5128 et
964 5072 1085 5127 Joel
1136 5072 1407 5143 propheta
1456 5071 1699 5126 ominate
1751 5085 1968 5124 annun—

380 5164 503 5232 tiat,
525 5163 768 5233 Con/ide,
795 5174 959 5229 terra,
981 5164 1192 5229 dicens,
1211 5165 1383 5235 gaude
1411 5172 1463 5218 et
1480 5165 1686 5228 (tutare,
1714 5163 1966 5232 quoniam

384 5256 749 5326 magniﬁcavit
788 5255 1049 5311 Dominus
1085 5266 1144 5311 ut
1184 5258 1401 5328 faceret.
1450 5255 1738 5328 Conﬁdite,
1776 5272 1967 5326 pecora

383 5349 578 5417 campi,
597 5347 849 5417 quoniam
870 5350 1237 5419 germinarunt
1266 5353 1439 5420 campi
1476 5348 1804 5412 solitudinis,
1835 5365 1969 5421 quo-

383 5441 533 5494 niam
573 5441 776 5510 lignum
803 5442 981 5495 attulit
1010 5442 1242 5512 fructum
1268 5461 1444 5510 suum,
1477 5445 1597 5498 vitis
1627 5452 1679 5499 et
1712 5444 1844 5512 licus
1872 5442 1966 5496 de-

383 5529 574 5588 derunt
612 5532 858 5587 virtutem
889 5549 1063 5589 suam.
1092 5535 1164 5590 Et
1191 5537 1295 5605 ﬁlii
1327 5534 1479 5607 Sion,
1498 5538 1762 5593 exsultate
1788 5545 1839 5591 et
1869 5536 1967 5591 ιω-

470 5716 518 5750 ⁹⁸
549 5715 613 5773 11
640 5714 767 5772 Cor.
791 5732 871 5785 ιι,
906 5718 993 5775 il.
1092 5719 1139 5754 ’⁷
1166 5720 1282 5780 Jer.
1308 5740 1461 5794 ntv,
1484 5727 1538 5783 5.

2070 3124 2275 3195 πόματι
2329 3123 2586 3195 μεθύσας,
2624 3127 2989 3196 κατεχλεύασε
3035 3129 3220 3193 πάλιν,
3256 3132 3672 3205 ἀπογυμνώσας

2067 3215 2160 3269 τὸν
2192 3216 2477 3288 ἄνθρωπον
2519 3218 2945 3291 ἀρετῆς.Ἔσται
2990 3222 3047 3276 δὲ
3090 3224 3428 3299 σαφέστερον
3457 3229 3675 3300 μᾶλλον

2070 3308 2319 3362 ἐντεῦθεν
2346 3309 2375 3362 ὃ
2411 3309 2573 3379 λέγω.

2154 3400 2219 3453 Ἡ
2263 3401 2612 3472 ἀντικειμένη
2657 3402 2886 3474 δύναμις
2916 3406 3004 3460 ἀεὶ
3045 3412 3296 3487 μιμεῖται
3330 3411 3432 3484 τῆς
3456 3415 3678 3488 ἀρετῆς

2070 3493 2288 3564 καὶτῆς
2330 3494 2674 3565 δικαιοσύνης
2715 3496 2784 3550 τὰ
2827 3500 3104 3571 σχήματα,
3139 3503 3201 3556 ού
3241 3503 3380 3575 πρὸς
3427 3506 3675 3578 ἄσκησιν

2070 3584 2209 3639 κατά
2238 3586 2518 3659 ἀλήθειαν,
2546 3587 2681 3642 ἀλλά
2705 3589 2843 3660 πρὸς
2862 3593 3077 3666 ἀπάτην
3107 3596 3201 3649 καὶ
3225 3596 3673 3670 ὑπόκρισιν.”ινα

2070 3678 2182 3749 γὰρ
2209 3678 2435 3752 δελεάσῃ
2468 3680 2604 3752 πρὸς
2627 3681 2857 3737 θάνατον
2883 3686 3012 3750 τοὺς
3049 3686 3350 3758 φεύγοντας
3380 3691 3474 3745 τὸν
3503 3691 3676 3751 θάναέ

2068 3790 2180 3839 τον,
2213 3773 2508 3840 ἀθανασίας
2555 3775 2752 3843 ἔξωθεν
2784 3778 3186 3845 καλλωπίζεται
3235 3789 3671 3857 σχηματισμοῖς.

2070 3865 2180 3918 Καὶ
2226 3866 2398 3939 ταύτῃ
2437 3867 2575 3938 συκῆ
2608 3868 2857 3938 βούλεται
2889 3871 3205 3943 νομίζεσθαι
3250 3876 3345 3929 καὶ
3393 3876 3670 3948 ἄμπελος,

2070 3959 2165 4013 καὶ
2196 3959 2513 4031 γλυκύτητα
2554 3963 2650 4016 καὶ
2698 3964 3036 4037 εὐφροσύνην
3070 3970 3287 4040 γεννᾷν,
3317 3970 3400 4034 είς
3428 3971 3674 4041 ἄγγελον

2074 4053 2659 4126 μετασχηματιζομένη
2701 4058 2899 4126 φωτὸς,
2930 4060 3023 4112 καί
3071 4063 3424 4135 προσχήματι
3472 4064 3672 4120 θεοσε-

2071 4144 2225 4209 6είας
2251 4146 2578 4212 δελεάζουσα
2607 4148 2855 4213 πολλούς.

2141 4237 2247 4292 Δύο
2271 4239 2378 4312 γάρ
2404 4237 2542 4293 εἶναι
2567 4241 2829 4315 διαφορὰς
2860 4245 3070 4300 συκέων
3097 4247 3191 4301 καὶ
3219 4249 3482 4321 ἀμπέλων
3508 4255 3673 4326 εὑρί-

2072 4347 2274 4404 σκομεν
2306 4335 2365 4387 ἐν
2399 4336 2518 4398 ταῖς
2546 4335 2586 4387 Γ
2592 4339 2807 4407 ραφαίς.
2835 4337 3000 4394 Σῦκα
3032 4339 3105 4393 τὰ
3134 4343 3390 4410 χρηστὰ,
3426 4348 3679 4415 χρηστὰ

2073 4425 2218 4479 λίαν
2237 4444 2249 4456 ·
2280 4427 2396 4493 καὶ,
2442 4429 2606 4484 σῦκα
2630 4429 2702 4484 τὰ
2732 4431 2931 4499 πικρὰ,
2961 4433 3142 4502 πικρὰ
3161 4437 3324 4488 λίαν.
3363 4433 3544 4491 Οἶνον
3566 4434 3678 4494 εὖ-

2074 4519 2404 4586 εοραίνοντα
2451 4520 2700 4588 καρδίαν
2745 4522 3087 4591 ἀνθρώπων,
3131 4528 3225 4580 καὶ
3258 4524 3427 4582 οἶνον
3473 4532 3678 4600 θυμὸν

2075 4610 2418 4679 δρακόντων
2442 4612 2540 4667 καί
2579 4613 2772 4684 θυμὸν
2807 4616 3081 4670 ἀσπίδων
3120 4618 3392 4674 ἀνίατον.
3412 4622 3553 4677 Ἀλλ’
3572 4625 3676 4696 ἀφ’

2074 4696 2135 4757 οὗ
2169 4702 2354 4757 λοιπὸν
2393 4704 2742 4761 ἐϐασίλευσεν
2772 4708 2965 4773 ἁγνεία
3007 4709 3115 4763 τῶν
3148 4711 3477 4784 ἀνθρώπων,
3512 4716 3679 4786 ἐλέγ-

2075 4793 2179 4866 χθη
2214 4796 2247 4866 ἡ
2282 4794 2459 4866 πλάνη
2508 4796 2605 4850 καὶ
2636 4797 2936 4870 νενίκηται,
2965 4800 3058 4853 τοῦ
3086 4801 3492 4875 ἁρχιπαρθένου
3528 4808 3678 4880 Χρι-

2078 4890 2206 4940 στοῦ
2237 4888 2717 4960 καταστρέψαντος
2744 4890 2917 4962 αὐτήν
2940 4908 2952 4921 ·
2983 4893 3078 4945 καὶ
3101 4895 3133 4964 ἡ
3157 4891 3388 4967 ἀληθινὴ
3410 4898 3548 4966 συκῆ
3573 4899 3681 4952 καὶ

2074 4980 2109 5051 ἡ
2144 4979 2370 5052 ἀληθινὴ
2400 4981 2643 5052 ἄμπελος
2665 4983 3097 5055 καρποφοροῦσι,
3132 4985 3273 5055 μετά
3303 4987 3366 5040 τὸ
3392 4989 3681 5060 κρατῆσαι

2073 5072 2294 5126 πάντων
2337 5073 2579 5142 ἁγνείαν,
2630 5074 2880 5148 καθάπερ
2909 5077 3002 5129 καὶ
3035 5077 3188 5149 Ἰωὴλ
3206 5080 3236 5131 ὁ
3265 5082 3554 5153 προφήτης
3581 5082 3683 5136 εὐ·-

2074 5164 2442 5233 αγγελίζεται·
2480 5166 2718 5234 θάρσει,
2745 5166 2846 5235 γῆ,
2887 5166 3082 5237 λέγων,
3111 5169 3209 5221 καὶ
3231 5169 3400 5239 χαῖρε
3427 5172 3527 5225 καί
3563 5174 3679 5227 εὐ-

2073 5259 2352 5328 φραίνου,
2383 5259 2473 5313 ὅτι
2492 5258 2824 5331 ἐμεγάλυνε
2852 5262 3068 5331 Κύριος
3091 5262 3199 5317 τοῦ
3225 5264 3495 5333 ποιῆσαι.
3523 5267 3682 5335 Θαρ-

2074 5350 2257 5415 σεῖτε,
2292 5350 2483 5421 κτήνη
2508 5353 2615 5407 τοῦ
2641 5353 2874 5419 πεδίου,
2908 5355 2997 5409 ὅτι
3036 5356 3425 5426 βεϐλάστηκε
3459 5358 3532 5412 τὰ
3559 5373 3682 5413 πε-

2073 5444 2174 5499 δία
2205 5445 2315 5515 τῆς
2340 5447 2566 5516 ἐρήμου
2591 5486 2605 5510 ,
2643 5431 2741 5501 an”
2765 5447 2959 5530 ξύλον
3006 5448 3225 5520 ἤνεγκε
3274 5451 3385 5506 τὸν
3434 5451 3684 5521 καρπὸν

2072 5537 2261 5592 αὐτοῦ
2283 5555 2297 5569 ·
2333 5537 2601 5609 ἄμπελος
2629 5541 2727 5594 καί
2752 5540 2918 5612 συκῆ
2939 5541 3172 5597 ἔδωκαν
3200 5543 3316 5615 τὴν
3356 5543 3542 5616 ἰσχὺν
3560 5545 3684 5606 αὐ-

1636 5727 1683 5760 ⁹⁸
1717 5725 1873 5786 Ρδαι.
1903 5741 2022 5795 cut,
2058 5726 2145 5784 15.
2213 5728 2259 5762 ³⁹
2281 5726 2439 5783 Deut.
2474 5743 2648 5797 χχιιι,
2676 5727 2766 5785 55.
