3864 6162
441 344 549 402 203

1330 341 1389 401 S.
1430 342 1768 399 ΜΕΤΗΟΒΙΙ
1800 343 2115 403 EPISCOPI
2149 347 2238 401 ET
2277 346 2638 404 MARTYRIS

3575 361 3689 415 2οι

439 463 530 518 Dei
564 463 743 519 oleum
779 461 1217 526 subministrent,
1252 469 1314 516 ut
1353 461 1551 516 divinae
1593 462 1775 517 lumen
1807 464 1979 535 cogni-

2096 464 2499 537 δορυφορούσας
2532 466 2624 519 τὸν
2652 466 2784 521 Θεόν
2803 484 2816 499 ο
2853 468 2909 522 al
2939 468 2999 522 ὲν
3025 467 3103 540 τῷ
3134 468 3269 541 οἴκῳ
3296 471 3426 544 περὶ
3458 472 3518 526 τὺ
3544 475 3691 544 σχοί-

436 556 601 611 tionis
629 554 844 609 habeat.
876 554 995 609 Duo
1027 568 1263 624 namque
1290 553 1430 607 rami
1455 552 1687 608 duarum
1716 556 2005 621 olivarum,

435 648 521 702 lex
561 654 691 703 sunt
737 655 792 701 et
824 647 1104 717 propheta:
1128 646 1279 700 circa
1329 646 1632 701 funiculum
1675 646 2007 704 btereditatis

432 749 739 803 versantes,
771 754 1004 809 quorum
1029 748 1220 794 auctor
1243 736 1498 794 Christus
1530 748 1584 794 et
1615 738 1853 811 Spiritus
1879 756 2005 796 san-

431 836 589 900 ctus;
622 847 747 886 cum
776 832 1007 888 necdum
1040 832 1145 903 ipsi
1177 831 1415 887 fructum
1463 834 1733 903 integrum
1782 835 2005 888 harum-

432 939 540 995 que
583 926 889 995 plantarum
942 924 1371 994 magnitudinem
1430 940 1626 995 capere
1677 940 1999 997 possemus,

430 1015 751 1088 priusquam
801 1016 1029 1072 castitas
1062 1017 1249 1071 mundi
1294 1017 1662 1088 principatum
1710 1018 1999 1087 arriperet,

428 1124 664 1181 eumque
707 1112 936 1182 imperio
990 1118 1248 1183 regeret:
1295 1110 1390 1166 sed
1441 1111 1684 1180 ipsarum
1733 1109 2002 1164 duntaxat

426 1216 634 1267 ramos,
665 1202 836 1274 legem
868 1203 1078 1259 scilicet
1105 1211 1159 1258 et
1188 1202 1502 1273 prophetas,
1534 1209 1696 1272 atque
1716 1201 1769 1255 id
1793 1201 2001 1256 medio-

424 1292 615 1359 criter,
645 1295 845 1364 saepius
874 1295 1130 1350 nimirum
1163 1295 1425 1366 prolapsi,
1453 1294 1510 1347 in
1533 1300 1874 1348 antecessum
1904 1309 2001 1349 ex-

422 1386 883 1455 coluimus.'Quis
929 1390 1075 1445 enim
1117 1390 1397 1445 Christum
1443 1394 1538 1441 aut
1569 1386 1832 1457 Spiritum
1874 1402 1999 1458 per-

419 1478 563 1534 fecte
595 1494 860 1549 unquam,
898 1481 1004 1536 nisi
1032 1480 1158 1534 vitae,
1196 1480 1351 1550 prius
1376 1477 1643 1532 munditia
1679 1475 1872 1542 fretus,
1905 1491 2000 1531 ca-

418 1585 549 1640 pere
572 1573 789 1641 potuit?
815 1573 948 1640 Quae
966 1574 1113 1630 enim
1136 1572 1204 1627 ad
1230 1572 1456 1643 gloriam
1482 1570 1902 1626 desiderabilem
1932 1584 1997 1624 ac

418 1662 707 1717 amabilem
740 1677 769 1716 a
795 1679 966 1733 puero
989 1664 1231 1718 animum
1261 1666 1534 1732 praeparat
1566 1659 1906 1721 exercitatio,
1943 1668 1998 1713 et

417 1752 567 1808 hunc
595 1754 672 1809 illi
705 1756 912 1810 cultum
948 1770 1073 1810 cum
1114 1755 1228 1809 otio
1268 1760 1446 1808 tutum
1478 1751 1759 1822 importat,
1803 1764 1867 1805 ac
1898 1765 1997 1820 pro

2111 575 2277 629 νισμα
2323 557 2409 611 διὰ
2450 558 2559 611 τῶν
2601 558 2812 614 κλάδων
2843 560 3268 633 ὲπιχορηγοῦσαι
3297 562 3361 617 τὸ
3384 580 3689 636 πνευματι-

2109 648 2202 700 κὸν
2234 648 2411 703 ἔλαιον
2441 649 2536 703 τοῦ
2565 649 2721 716 Θεοῦ,
2750 650 2837 704 ἵνα
2863 652 2979 719 φῶς
3010 652 3107 723 ἔχῃ
3142 652 3293 717 θείας
3316 653 3588 724 γνώσεως.
3619 658 3689 710 Ol

2106 740 2214 812 γὰρ
2240 741 2332 794 δύο
2356 741 2537 796 κλάδοι
2583 743 2691 797 τῶν
2729 742 2822 796 δύο
2857 743 3078 811 ἐλαιῶν,
3106 746 3136 797 ό
3163 746 3327 816 νόμος
3365 748 3473 802 είσὶ
3505 748 3599 803 καὶ
3635 752 3688 802 οί

2108 832 2401 902 προφῆται,
2425 836 2473 886 οἱ
2500 834 2626 905 περὶ
2653 834 2714 888 τὸ
2744 834 3030 906 σχοίνισμα
3050 836 3149 905 τῆς
3177 837 3543 910 κληρονομίας
3565 842 3692 894 ἑπι-

2104 924 2415 995 κληθέντες,
2448 924 2542 988 οὒς
2573 926 2904 998 ἐϐλάστησεν
2926 930 2954 981 ό
2991 927 3226 999 Χριστὸς
3250 930 3345 984 καὶ
3380 931 3441 984 τὸ
3461 932 3690 1005 Πνεῦμα

2103 1016 2162 1069 τὺ
2191 1015 2365 1083 ἆγιον,
2402 1016 2556 1068 οἴπω
2595 1015 2911 1087 δυναμένων
2935 1017 3093 1088 ἡμῶν
3120 1020 3365 1091 χωρῆσαι
3409 1021 3502 1075 τὸν
3548 1040 3690 1095 καρ-

2102 1104 2203 1158 πδν
2248 1105 2388 1171 ὅλον,
2424 1106 2517 1160 καὶ
2564 1105 2624 1159 τὸ
2664 1106 2893 1177 μέγεθος
2921 1107 3030 1160 τῶν
3068 1108 3249 1179 φυτῶν
3295 1111 3520 1177 τούτων,
3554 1114 3689 1185 πρὶν

2101 1198 2264 1269 ἄρξαι
2284 1197 2380 1252 τοῦ
2408 1198 2615 1269 κόσμου
2656 1201 2751 1254 καὶ
2790 1200 3108 1271 βασιλεῦσαι
3141 1203 3238 1275 τὴν
3264 1204 3512 1272 ἁγνείαν·
3550 1207 3686 1261 ἀλλὰ

2099 1292 2227 1354 τοὺς
2259 1289 2488 1355 κλάδους
2515 1292 2695 1345 αὐτῶν
2732 1292 2913 1363 μόνον,
2944 1294 3034 1348 τὸν
3068 1296 3251 1366 Νόμον
3280 1297 3442 1351 οἱονεὶ
3464 1299 3686 1371 καὶξτὴν

2099 1383 2455 1453 προφητείαν,
2499 1384 2729 1457 πρόσθεν
2759 1388 3204 1460 ἐγεωργήσαμεν,
3253 1392 3545 1448 καὶταῦτα
3580 1412 3683 1465 με·-

2097 1475 2284 1546 τρίως,
2319 1475 2576 1540 πολλάκις
2604 1477 3057 1550 διολισθήσαντες.
3087 1482 3183 1545 Τίς
3231 1482 3342 1556 γὰρ
3385 1485 3622 1558 Χριστὸν
3646 1488 3681 1560 ἢ

2097 1566 2158 1619 τὸ
2186 1566 2411 1637 Πνεῦμα
2442 1567 2646 1621 τέλειον
2678 1568 2863 1640 ἴσχυσε
2892 1573 3138 1644 χωρῆσαι
3168 1591 3319 1643 ποτε,
3373 1577 3447 1647 μὴ
3506 1578 3682 1633 καθα-

2101 1658 2297 1729 ρεύσας
2328 1658 2584 1730 πρῶτον;
2628 1659 2694 1713 Ἡ
2721 1660 2828 1732 γάρ
2871 1662 3006 1733 πρὸς
3051 1663 3294 1729 εὐδοξίαν
3339 1666 3682 1741 ἐπιθυμητήν

2097 1767 2157 1802 τε
2190 1752 2284 1805 καὶ
2311 1752 2545 1824 ἐραστὴν
2579 1756 2643 1807 ὲκ
2696 1753 2901 1809 παίδων
2958 1756 3300 1830 ἐργαζομένη
3352 1759 3455 1831 τὴν
3500 1760 3682 1833 ψυχὴν

417 1844 629 1915 exiguis
656 1845 937 1902 laboribus
965 1846 1214 1917 ingentes
1238 1862 1364 1916 spes
1399 1845 1702 1915 ingenerat,
1737 1843 1856 1913 ipsa
1882 1841 1979 1896 ιιωι

2098 1841 2350 1912 ἄσκησις,
2385 1842 2481 1897 καὶ
2526 1842 2619 1895 τὸν
2651 1844 2857 1915 κόσμον
2902 1846 3039 1917 αὐτῇ
3080 1847 3267 1902 τοῦτον
3300 1850 3437 1920 μετά
3468 1851 3681 1922 ῥᾳστώ-

416 1947 502 1993 eSt
527 1936 595 1992 de
622 1952 728 2007 qua
752 1938 987 2009 agimus,
1031 1938 1493 1993 immortalitatem
1539 1936 1863 2007 corporibus
1889 1950 1990 1989 no-

415 2025 547 2081 stris
577 2026 849 2092 tribuens,
881 2028 1108 2084 castitas
1135 2046 1148 2082 :
1175 2042 1339 2098 quam
1369 2042 1563 2083 omnes
1595 2028 1848 2082 lubenter
1892 2026 1991 2080 ho-

415 2117 592 2173 mines
627 2119 881 2175 omnibus
913 2118 1209 2185 anteferre,
1256 2128 1311 2175 et
1345 2134 1511 2190 super
1541 2119 1727 2174 omnia
1766 2117 1991 2173 laudare

414 2206 610 2265 decet:
645 2210 784 2267 alios
817 2211 1059 2282 quidem,
1106 2213 1253 2282 quod
1290 2228 1388 2283 per
1433 2227 1553 2267 eam
1604 2211 1671 2265 ad
1722 2210 1987 2266 honorem

414 2301 728 2371 nuptiarum
757 2317 883 2358 cum
915 2302 1096 2359 Verbo
1126 2302 1394 2373 assumpti
1429 2308 1578 2366 sunt,
1613 2299 1845 2355 colendo
1877 2300 1990 2355 vir-

412 2393 729 2463 ginitatem;
758 2396 895 2451 alios
922 2403 1127 2462 autem,
1157 2394 1305 2467 quod
1333 2410 1429 2467 per
1474 2395 1622 2449 illam
1662 2395 1732 2449 ab
1760 2408 1826 2450 ea
1854 2393 1991 2449 libe-

411 2485 512 2538 rati
546 2486 658 2542 sint
680 2488 1095 2545 maledictione:
1132 2488 1298 2543 Terra
1325 2504 1403 2553 es,
1423 2497 1475 2542 et
1506 2489 1562 2542 in
1594 2496 1791 2543 terram
1818 2502 1991 2541 rever-

411 2578 534 2631 teris
552 2579 593 2630 '.

480 2667 579 2724 llic
608 2678 711 2735 est,
756 2685 792 2724 ο
820 2670 1005 2736 Arete,
1051 2686 1213 2741 quem
1247 2686 1276 2725 a
1311 2686 1398 2726 me
1438 2670 1706 2742 exegisti,
1747 2685 1849 2741 pro
1899 2669 1983 2724 vi-

409 2760 547 2816 rium
597 2776 842 2817 mearum
872 2763 1159 2830 tenuitate,
1191 2764 1476 2820 absolutus
1504 2778 1686 2821 sermo
1716 2764 1784 2818 de
1810 2761 1982 2834 virgi-

408 2851 608 2918 nitate;
653 2867 813 2922 quem
847 2858 994 2923 peto,
1026 2868 1059 2907 o
1100 2852 1343 2917 domina,
1387 2852 1494 2908 etsi
1539 2850 1833 2907 mediocris
1865 2849 1983 2906 exi-

408 2940 583 3011 lisque
606 2941 699 3006 sit,
725 2941 966 3014 benigno
986 2950 1174 2998 tamen
1202 2957 1234 2996 a
1270 2956 1359 2998 me
1387 2941 1630 3012 accipias
1656 2940 1861 3007 animo,
1886 2936 1981 2995 cui

408 3032 657 3088 ultimum
697 3034 993 3106 assignasti
1017 3033 1212 3089 orandi
1245 3033 1448 3089 locum.

825 3252 1288 3350 ORATIO
1355 3259 1536 3348 XI.

1050 3402 1311 3470 ABETE:

2093 1950 2190 2004 νης
2219 1932 2579 1987 ἀϐασάνιστον
2613 1935 2730 1989 ἐκεῖ
2755 1935 3166 2007 διακομίζουσα,
3208 1940 3300 1993 καὶ
3350 1941 3561 2013 μικρῶν
3591 1944 3681 1996 αἱ-

2094 2023 2332 2095 ρουμένη
2382 2023 2558 2077 πόνων
2608 2025 2849 2096 μεγάλας
2880 2027 3122 2095 ἐλπίδας,
3159 2031 3305 2085 ἐστὶν
3339 2033 3372 2103 ἡ
3415 2032 3680 2088 ἀθανατο-

2093 2115 2245 2179 ποιὸς
2292 2115 2399 2169 τῶν
2461 2116 2730 2188 σωμάτων
2770 2119 2929 2190 ἡμῶν
2973 2121 3183 2191 ἁγνεία,
3225 2123 3294 2194 ἢν
3339 2124 3421 2178 δεῖ
3468 2126 3682 2191 πάντας

2091 2206 2342 2277 ἀσμένως
2366 2207 2686 2279 ἀνθρώπους
2713 2213 2983 2284 προτιμᾷν
3010 2215 3101 2266 καὶ
3127 2216 3298 2268 αίνεϊν
3315 2232 3331 2246 ⁸
3379 2218 3507 2280 τοὺς
3553 2218 3678 2289 μὲν,

2091 2298 2174 2352 ὅτι
2212 2297 2280 2351 δι’
2307 2296 2477 2370 αὐτὴν
2508 2301 3053 2374 ὲνυμφαγωγήθησαν
3084 2304 3163 2375 τῷ
3194 2306 3351 2378 Λόγῳ
3379 2307 3681 2380 παρθενίαν

2094 2391 2462 2461 ἀσκήσαντες·
2496 2392 2625 2455 τοὺς
2653 2393 2731 2456 δὲ,
2758 2394 2840 2447 ὅτι
2889 2395 3028 2466 πρὸς
3079 2397 3250 2469 αὐτῆς
3299 2397 3678 2472 ἠλευθερώθη-

2096 2498 2195 2535 σαν
2228 2482 2346 2553 τῆς,
2388 2480 2480 2552 Γῆ
2527 2478 2601 2547 εἴ,
2631 2483 2733 2537 καὶ
2772 2486 2860 2551 είς
2888 2484 3008 2555 γῆν
3032 2486 3367 2558 ἁπελεύσῃ,
3407 2493 3678 2565 κατακρί-

2095 2589 2253 2637 σεως.

2163 2658 2351 2729 Οὗτος,
2391 2661 2437 2720 ὦ
2483 2665 2696 2737 Ἀρετὴ,
2736 2668 2832 2720 καὶ
2877 2668 2908 2719 ὁ
2956 2670 3087 2742 παρ’
3116 2671 3252 2744 ἐμοῦ
3308 2690 3410 2740 σοι,
3441 2675 3677 2730 καθόσον

2087 2751 2198 2823 ἐγὼ
2228 2752 2483 2825 δύναμαι,
2513 2754 2670 2823 λόγος
2700 2756 2842 2829 ὑπὲρ
2870 2757 3092 2826 ἁγνείας
3111 2777 3126 2791 ’
3166 2762 3225 2816 ὃν
3253 2761 3408 2828 ἀξιῶ,
3445 2764 3545 2818 κάν
3575 2767 3675 2837 μέ-

2086 2862 2236 2921 τριος
2281 2841 2337 2919 ᾖ,
2368 2846 2644 2912 δέσποινα,
2675 2849 2770 2901 καὶ
2813 2848 3013 2917 ὀλίγος,
3044 2852 3431 2925 προθυμότατά
3480 2874 3542 2911 σε
3586 2857 3675 2912 δέ·

2087 2938 2281 3006 ξασθαι
2314 2941 2444 3011 παρ’
2480 2940 2637 3011 ἐμοῦ,
2666 2940 2983 2996 τελευταίαν
3016 2945 3191 2999 εἰπεῖν
3217 2948 3522 3020 ᾑρημένην.

2011 3243 2055 3300 θ
2575 3250 2944 3339 ΛΟΓΟΣ
3016 3253 3127 3340 [Α
3160 3317 3182 3337 .

2747 3400 2998 3456 APETH.

768 3520 897 3580 CAP.
929 3520 972 3579 l.
1005 3523 1127 3579 Veri
1160 3526 1380 3597 virgines
1408 3533 1459 3581 et
1478 3526 1636 3593 casti,
1667 3527 1846 3597 pauci.
1874 3523 2137 3591 Castitas,
2167 3530 2451 3577 certamen.
2483 3518 2698 3584 Thecla,
2723 3518 2982 3590 virginum
3006 3518 3266 3587 princeps.

466 3641 688 3713 Accipio
736 3644 987 3714 equidem
1037 3644 1408 3717 (respondisse
1453 3649 1655 3704 Areten
1706 3649 1978 3705 referebat

400 3730 727 3806 Theopatra)
758 3744 811 3788 et
859 3743 1028 3789 totam
1057 3738 1228 3806 probo
1258 3754 1321 3794 ac
1349 3740 1531 3794 laudo.
1561 3739 1777 3811 Optime
1805 3741 1974 3806 enim,

399 3824 500 3879 etsi
539 3840 650 3879 non
696 3826 770 3879 ita
819 3828 985 3893 clare,
1038 3838 1294 3885 caeterum
1328 3830 1530 3902 ingenii
1582 3833 1632 3887 vi
1680 3833 1979 3904 solertique

399 3920 585 3992 o‘pera,
623 3934 748 3989 quae
780 3920 925 3974 dicta
971 3931 1129 3975 erant
1176 3925 1507 3993 suscipiens,
1562 3936 1853 3996 prosecuta
1888 3944 1971 3993 es,

398 4028 506 4069 non
536 4011 755 4066 inanem
788 4012 1163 4070 demulcendis
1205 4015 1430 4071 auribus
1469 4019 1748 4071 instruens
1787 4010 1980 4082 volup-

469 4165 491 4197 ’
516 4165 642 4223 Gen.
686 4184 769 4233 ιιι,
804 4166 891 4224 l9.

394 4283 530 4338 satis
581 4298 646 4338 ex
697 4283 961 4354 dignitate
1008 4283 1317 4354 divinarum
1372 4296 1768 4354 personarum,
1827 4281 1974 4352 quod

393 4355 548 4426 quasi
582 4352 778 4427 servili
804 4353 1378 4427 ιιιονσδορυφοροῦσαι
1402 4352 1492 4405 τὸν
1524 4352 1676 4427 Θεὸν,
1722 4354 1975 4427 satellitio

393 4425 475 4478 illi
523 4425 755 4490 adstare,
804 4425 893 4480 hic
947 4425 1354 4487 describuntur,
1415 4439 1481 4477 ac
1530 4426 1678 4479 unde
1734 4425 1973 4478 lucernis

2162 3644 2323 3698 Ἀλλά
2352 3644 2601 3715 δέχομαι,
2635 3641 2732 3714 τὴν
2779 3641 3001 3714 Ἀρετὴν
3030 3643 3063 3713 ἡ
3095 3640 3379 3713 θεοπάτρα
3424 3639 3527 3713 ἔφη
3561 3641 3665 3712 φά-

2078 3755 2187 3802 ναι,
2218 3738 2312 3790 καὶ
2345 3738 2525 3789 πᾶσαν
2559 3734 2767 3787 ἐπαινῶ
2804 3733 2943 3803 (54).
2976 3732 3260 3804 Κρατιστα
3301 3731 3410 3803 γὰρ
3434 3730 3520 3803 δὴ,
3557 3732 3664 3785 κᾶν

2077 3829 2219 3884 οὕτω
2278 3830 2351 3900 μὴ
2387 3827 2656 3898 φανερῶς,
2695 3824 2830 3878 άλλά
2863 3823 2999 3896 μετὰ
3036 3824 3273 3894 σπουδῆς
3307 3823 3375 3876 τὰ
3404 3822 3663 3895 λεχθέντα

2078 3922 2341 3995 δεχομένη
2372 3918 2770 3989 διεξελήλυθας,
2805 3918 2865 3971 οὑ
2897 3916 3271 3987 γλυκυμυθίαν
3304 3915 3440 3987 πρὸς
3468 3915 3663 3989 τέρψιν

2078 4017 2186 4071 τῶν
2219 4016 2522 4070 ἀκουόντων
2562 4012 3036 4083 συσκευασαμένη,
3084 4010 3221 4064 ἀλλὰ
3252 4010 3387 4080 πρὸς
3425 4011 3663 4081 ἐπανόρ-

2079 4281 2245 4355 docti,
2281 4299 2383 4339 nec
2411 4300 2521 4339 non
2561 4283 2819 4348 Rabbini,
2847 4284 2981 4338 duo:
3021 4284 3163 4354 filias
3209 4285 3565 4355 pinguedinis,
3595 4294 3659 4341 ut

2078 4356 2127 4425 οἱ
2167 4354 2365 4421 0',vel,
2400 4364 2459 4408 ut
2483 4355 2595 4419 alii,
2623 4356 2744 4419 olei,
2785 4356 2868 4411 vel
2895 4355 3209 4420 splendoris,
3248 4354 3654 4425 στιλπνότητος,

2078 4421 2265 4478 Jesum
2299 4426 2640 4480 sacerdotem
2687 4428 3133 4492 interpretantur,
3167 4435 3220 4479 et
3261 4421 3654 4480 Zorobabelem

392 4497 572 4551 oleum
602 4504 856 4567 suppetat
877 4511 941 4550 ac
969 4497 1319 4567 candelabro,
1348 4494 1807 4567 subministrare:
1834 4494 1974 4565 σχοί-
2005 4502 2049 4559 ι)
2078 4496 2416 4565 principem;
2445 4499 2536 4566 qui
2568 4496 2748 4559 ambo,
2778 4499 2915 4551 alter
2937 4497 3284 4557 sacerdotali,
3329 4498 3469 4567 alter
3492 4499 3654 4567 quasi

391 4583 563 4637 νισμα
594 4563 861 4635 funiculus
893 4566 1240 4627 Itwreditatis,
1276 4563 1606 4637 ipsiAJudaai,
1632 4567 1777 4619 circa
1809 4563 1970 4633 quem

391 4635 515 4692 dua:
574 4638 730 4692 olivae
793 4652 890 4707 per
951 4653 1135 4691 ramos
1188 4652 1318 4691 suos
1362 4635 1553 4707 (legem
1610 4650 1673 4688 ac
1739 4639 1973 4706 pr0plie-

390 4718 497 4771 tas,
525 4723 757 4778 quorum
794 4706 1052 4762 auctores
1084 4714 1235 4772 sunt;
1270 4706 1756 4778 subministrantes
1785 4708 1969 4778 oleum

390 4776 641 4850 spiritale
671 4777 749 4850 τῷ
796 4778 917 4850 Θεῴ
958 4779 1187 4850 (editum
1216 4776 1355 4850 erat)
1381 4776 1474 4850 i'vat
1513 4776 1635 4850 etii;
1682 4776 1780 4848 ἔχῃ
1820 4777 1971 4839 θείας

388 4845 662 4917 γνώσεως,
696 4845 830 4911 Deo,
856 4845 914 4903 ut
938 4845 1173 4903 diuinam
1204 4848 1481 4917 scientiam
1502 4845 1720 4899 habeat.
1746 4845 1815 4900 Ᾱι
1840 4850 1967 4917 quis

389 4915 471 4974 Sic
510 4928 724 4989 putrem
766 4935 987 4975 sensum
1017 4934 1081 4973 ac
1125 4919 1411 4972 lectionem
1455 4915 1629 4989 ferat?
1669 4917 1732 4971 Et
1784 4915 1965 4973 tamen

387 4987 537 5061 nulla
566 4989 1039 5061 animadversione
1070 4989 1331 5061 prmtgriit
1373 4988 1563 5061 ambos
1610 4987 1959 5061 interpretes.

389 5057 559 5113 Nemo
590 5073 723 5113 sane
751 5059 919 5124 dicat,
950 5057 1157 5114 inferre
1199 5057 1398 5113 Filium
1428 5067 1481 5111 et
1529 5057 1793 5126 Spiritum
1827 5074 1960 5114 san-

388 5139 560 5191 ctum,
595 5143 692 5198 per
717 5129 889 5200 legem
924 5139 979 5185 et
1046 5130 1322 5200 rophctas,
1358 5128 1467 5182 Deo
1493 5137 1547 5183 et
1583 5126 1731 5183 Patri
1761 5130 1961 5185 divina:

388 5199 719 5254 cognitionis
748 5202 952 5254 lumen.
991 5146 1285 5254 VPidebatur
1310 5198 1388 5254 τῶ
1420 5198 1535 5254 λαῶ
1561 5200 1954 5254 reponendum.

387 5199 719 5267 cognitionis
748 5198 952 5255 lumen.
991 5198 1285 5255 Videbatur
1310 5198 1388 5269 τῷ
1420 5198 1535 5269 λαῷ
1561 5200 1954 5269 reponendum,

383 5270 598 5337 populo,
635 5270 727 5338 qui
767 5270 882 5340 ipse
913 5271 1223 5333 funiculus;
1260 5271 1353 5340 sed
1394 5269 1593 5323 minori
1614 5273 1952 5340 mutatione,

385 5338 1007 5412 nullaquetautologia,
1041 5340 1136 5394 τοῦ
1181 5339 1340 5401 Θεοῦ,
1374 5341 1576 5397 scribo.
1608 5338 1816 5412 Nempe
1855 5338 1952 5396 Dei

384 5410 564 5485 oleum
592 5409 1105 5485 subministrabant,
1126 5420 1201 5485 Aut
1220 5484 1223 5485 ν
1240 5412 1465 5485 haberet
1501 5409 1787 5485 σχοινισμα
1813 5412 1953 5485 (ipse

383 5478 642 5603 Bopulus)
690 5479 889 5535 divina:
933 5482 1261 5553 cognitionis
1298 5483 1478 5535 lumen
1509 5478 1660 5536 :"hoc
1703 5478 1950 5539 extitit'ex

432 5568 515 5603 ισυ.
551 5549 752 5603 il-loaue
795 5560 1017 5603 auctore
1047 5551 1351 5603 inferebant
1381 5551 1583 5603 Judmis
1618 5554 1699 5603 lex
1742 5562 1795 5603 et
1820 5568 1948 5603 nm-

432 5568 515 5610 v0,
551 5549 752 5622 illoque
795 5549 1351 5622 auctoréinl‘erebant
1381 5551 1583 5606 Judzcis
1618 5554 1699 5605 lex
1742 5562 1795 5606 ct
1820 5568 1948 5622 pro-

383 5621 577 5690 phetze.
606 5619 661 5674 Si
688 5621 976 5692 Dionysius
1008 5621 1281 5676 Methodio
1303 5633 1494 5676 auctor
1515 5623 1616 5676 fuit
1641 5623 1805 5689 hujus
1820 5619 1947 5679 sen-

2076 4564 2276 4633 regali,
2316 4564 2571 4621 unctione
2619 4570 2767 4620 uncti
2822 4577 3028 4629 essent,
3085 4581 3148 4619 ac
3202 4570 3366 4621 etiam
3411 4564 3655 4636 Spiritus

2075 4637 2248 4690 sancti
2280 4639 2470 4707 gratiis
2500 4636 2724 4691 delibuti
2752 4654 2767 4702 ;
2796 4637 2956 4691 ambo
2990 4637 3370 4707 przcclariviri
3404 4646 3457 4690 et
3490 4645 3649 4690 utra-

2071 4718 2177 4773 que
2209 4706 2475 4775 potestate
2502 4708 2800 4779 principes,
2824 4708 2913 4776 qui
2946 4706 3201 4779 praesidio
3233 4706 3411 4761 forent
3438 4707 3651 4761 instau-

2069 4779 2242 4830 rando
2270 4779 2565 4849 templo_ac
2608 4779 2921 4847 reipublicae
2957 4778 3261 4833 Jutltcorum
3303 4780 3645 4849 reparandae,

2068 4857 2421 4916 astarentquc
2465 4847 2803 4903 Dominatori
2865 4850 3133 4903 universae
3194 4847 3385 4912 terrae,
3442 4848 3648 4905 divinis

2067 4919 2343 4973 mandatis
2396 4934 2611 4988 semper
2663 4918 2835 4988 parati
2886 4921 3263 4987 obtemperare
3303 4934 3316 4970 :
3355 4933 3451 4988 per
3503 4934 3645 4987 quos

2065 4988 2475 5060 candelabrum,
2496 4991 2674 5059 ipsum
2700 4991 2997 5052 funiculus,
3020 4999 3071 5043 et
3098 4989 3280 5060 populi
3305 4988 3641 5060 symbolum,

2063 5058 2183 5112 oleo
2211 5059 2279 5113 ad
2311 5060 2494 5114 lumen
2518 5058 2593 5114 ’et
2633 5061 2939 5114 claritatem
2982 5074 3090 5113 non
3136 5058 3487 5123 deficeretur,
3524 5062 3643 5115 sive

2060 5129 2222 5200 etiam
2246 5130 2313 5184 ad
2339 5131 2435 5184 Dei
2463 5131 2855 5200 cognitionem,
2887 5131 3187 5184 sacerdotis
3217 5135 3452 5183 maxime
3471 5144 3640 5198 Opera

2060 5196 2138 5250 illi
2170 5196 2564 5268 praestandam}
2594 5209 2757 5270 atque
2786 5201 2951 5253 etiam
2984 5215 3014 5253 a
3041 5200 3305 5269 principe,
3336 5196 3524 5266 quoad
3558 5202 3639 5253 ci-

2056 5270 2207 5340 yilia,
2243 5272 2360 5340 ipsa
2385 5272 2440 5324 in
2472 5269 2642 5324 Deum
2672 5269 2863 5333 relata,
2893 5277 2951 5322 ut
2976 5278 3095 5324 erat
3126 5270 3221 5324 Dei
3256 5270 3390 5338 ipsis
3422 5270 3638 5340 legibus

2056 5285 2207 5333 vma,
2243 5285 2440 5340 ipsam
2473 5285 2642 5324 ueum
2672 5285 2863 5333 relata,
2893 5285 2951 5322 ut
2976 5285 3095 5324 erat
3126 5285 3221 5324 uel
3256 5285 3390 5338 lpSlS
3422 5285 3638 5393 regibus

2056 5337 2310 5410 instituta
2341 5341 2679 5410 respublica;
2720 5341 3002 5410 eiectoque
3042 5340 3097 5410 in
3143 5354 3263 5393 eam
3306 5354 3420 5394 rem
3466 5339 3483 5357 ’
3509 5355 3667 5396 oro--

2053 5407 2246 5488 habete
2278 5419 2338 5488 ut
2369 5407 2631 5488 templum
2657 5407 2986 5488 absolveret.
3020 5409 3309 5488 gonssrts.

2124 5481 2235 5551 (54)
2275 5482 2386 5535 Kal
2418 5480 2625 5537 πᾶσαν
2644 5481 2887 5534 ἐπαινῶ.
2931 5480 3090 5534 Nulla
3141 5481 3230 5535 hic
3274 5494 3414 5549 Opus
3443 5495 3637 5535 emen-

2050 5550 2290 5610 datione.
2323 5552 2399 5607 De
2422 5566 2531 5606 una
2562 5567 2741 5607 sermo
2764 5550 3047 5614 Domnina,
3075 5565 3237 5620 quam
3258 5558 3631 5619 perorantem,

2048 5623 2281 5678 aliarum
2331 5638 2484 5677 more
2511 5623 2673 5677 Arele
2710 5632 2966 5688 coronat;
3028 5636 3091 5675 ac
3151 5630 3475 5689 argumento
3527 5621 3636 5675 rite

384 5692 588 5752 lentiae,
623 5690 882 5762 antiquus
915 5692 1148 5761 scriptor
1175 5701 1279 5754 est,
1313 5700 1366 5745 et
1401 5693 1485 5746 vel
1518 5694 1941 5761 apostolicorum
2045 5692 2382 5762 defunctam,
2409 5692 2594 5748 laudat
2621 5711 2633 5747 :
2665 5691 2726 5745 τὸ
2747 5692 2949 5758 πάσας
2965 5691 3147 5745 Allatii
3173 5690 3495 5747 mendosum
3523 5698 3629 5748 est.

385 5771 687 5829 temporum
724 5762 803 5815 vel
853 5761 957 5833 his
985 5766 1307 5815 vicinorum.
1341 5765 1419 5814 Ac
1469 5764 1687 5833 quulem
1737 5765 1813 5816 illi
1859 5766 1941 5818 sic
2044 5761 2119 5818 Ι».

388 5845 591 5896 eosque
639 5844 863 5887 secutus
911 5830 1227 5887 Maximus:
1276 5830 1608 5913 recentIOrcs
1658 5850 1786 5889 vero
1836 5837 1935 5889 viri
