3864 6162
194 381 304 438 205

1257 384 1639 446 CONVIVIUM
1676 381 1905 442 DECEM
1944 380 2310 441 ViRGlNUM.‘

3328 387 3435 443 208

193 498 364 552 θωσιν
418 497 717 572 ὑπόμνημα
763 502 857 556 καὶ
910 504 1088 576 νῆψιν.
1132 505 1460 578 Προτάττειν
1508 504 1617 578 γὰρ
1662 504 1772 557 τῶν

1878 486 2059 566 tatem,
2085 501 2179 557 sed
2224 500 2292 555 ad
2320 513 2534 554 morum
2567 498 2962 556 correctionem
2991 515 3056 555 ac
3085 501 3435 560 sobrietatem

192 590 345 661 ἐμῶν
376 592 820 664 ἐπιτηδευμάτων
849 595 1069 665 ἁγνείαν
1090 598 1118 650 ὁ
1140 597 1310 666 λέγων
1335 596 1445 651 δεῖν
1469 597 1564 651 καὶ
1594 597 1772 650 ἀσπά-

193 681 383 746 ζεσθαι
414 684 638 756 πρώτην
660 684 766 740 τῶν
797 687 991 752 ἄλλων,
1015 688 1190 759 ὀρθῶς
1218 689 1644 762 παρακελεύεται
1664 706 1677 719 ·
1704 690 1772 760 ἢν

190 775 360 844 τιμᾷν
401 774 502 843 μὲν
534 773 810 846 νομίζουσι
844 777 938 830 καὶ
966 776 1290 847 θεραπεύειν
1330 778 1537 842 πολλοὶ,
1570 780 1771 848 τιμῶσι

192 862 241 916 δ’
269 864 461 935 αὐτὴν,
486 866 561 930 ὠς
590 866 718 925 ἔπος
751 870 942 932 εἰπεῖν,
981 868 1169 938 ὀλίγοι.
1205 871 1279 924 Ού
1307 870 1415 943 γὰρ
1445 872 1645 925 ὁπόταν
1672 871 1771 943 τὴν

194 954 391 1010 ἑαυτοῦ
427 957 606 1028 σάρκα
632 960 731 1029 τῆς
764 961 906 1015 κατά
951 962 1233 1016 συνουσίαν
1280 962 1536 1030 ἄγευστον
1581 965 1772 1035 ἡδονῆς

196 1047 548 1119 φιλοτιμῆται
579 1054 768 1121 τηρεῖν
808 1053 1109 1125 ἄνθρωπος,
1156 1054 1266 1109 τῶν
1305 1055 1479 1110 ἄλλων
1528 1058 1600 1127 μὴ
1633 1075 1770 1127 κρα-

193 1139 325 1203 τῶν,
356 1141 580 1208 ἁγνείαν
611 1144 761 1212 τιμᾷ.
782 1140 1059 1215 Ἀτιμάζει
1095 1146 1193 1216 μὲν
1237 1142 1329 1200 οὖν
1363 1147 1530 1218 αὐτὴν
1573 1148 1770 1218 μᾶλλον

193 1232 294 1302 οὐχ
317 1234 519 1303 ἥκιστα
548 1234 834 1305 βαναύσοις
863 1238 1197 1309 ἐπιθυμίαις,
1229 1239 1419 1311 ἡδονὰς
1449 1242 1772 1296 ἀντικαταλ-

195 1321 526 1394 λασσόμενος
562 1326 791 1397 ἡδοναῖς.
819 1329 952 1383 Ούδέ
993 1347 1057 1399 γε
1080 1331 1207 1384 ὅταν
1238 1331 1373 1401 πρὸς
1409 1332 1507 1397 τὰς
1536 1333 1640 1401 ἔξω
1673 1336 1771 1404 μὲν

195 1415 493 1486 ἐπιθυμίας
528 1417 755 1491 διαπονῇ
790 1420 1070 1492 καρτερῶν
1099 1462 1114 1485 ,
1159 1423 1524 1495 ύπεραίρηται
1565 1426 1621 1479 δὲ
1672 1444 1772 1493 φυ-

196 1508 501 1579 σιούμενος,
526 1506 675 1580 αύτῷ
700 1510 763 1580 δὴ
793 1512 967 1583 τούτῳ
990 1513 1068 1584 τῷ
1094 1514 1350 1570 δύνασθαι
1379 1516 1488 1570 τῶν
1512 1518 1611 1587 τῆς
1642 1536 1773 1589 σαρ-

194 1605 291 1664 κὸς
340 1602 784 1672 ὑπεκκαυμάτων
829 1608 1068 1677 κρατεῖν,
1102 1607 1197 1660 καὶ
1246 1609 1453 1671 πάντας
1500 1610 1574 1674 ὡς
1622 1610 1770 1666 οὐδὲν

194 1693 520 1758 ἐξουδενῶν,
572 1697 783 1766 ἡγεῖται
838 1697 1057 1764 ἁγνείαν
1104 1700 1268 1770 τιμᾷν
1291 1717 1303 1730 ·
1363 1702 1618 1771 ἀτιμάζει
1663 1702 1770 1774 γὰρ

194 1784 366 1855 αὐτὴν
411 1785 649 1857 ὑϐρίζων
694 1788 723 1839 ὁ
766 1787 1203 1862 ύψηλοφροσύνῃ,
1231 1790 1306 1860 τῷ
1343 1791 1404 1843 τὸ
1435 1791 1531 1862 μὲν
1576 1792 1770 1858 ἔξωθεν

1873 592 2210 647 luculentum
2244 597 2657 649 monumentum
2694 605 2924 661 ponens.
2969 590 3074 657 Qui
3103 593 3247 649 enim
3276 606 3438 650 caete-

1871 686 1949 742 ris
1976 686 2114 741 meis
2148 684 2342 740 studiis
2370 699 2434 739 ac
2466 684 2654 740 olliciis
2683 682 3101 755 praeponendam
3130 687 3438 742 castitatem

1870 776 2029 831 docet
2052 785 2106 831 et
2131 791 2243 845 pra:
2271 775 2395 830 aliis
2424 776 2653 845 primam
2686 776 3139 845 amplectendam,
3170 785 3317 832 recte
3343 778 3440 833 ad-

1873 872 2056 920 monet
2084 884 2097 919 :
2127 880 2290 936 quam
2334 880 2393 921 se
2417 865 2598 920 colere
2634 872 2689 917 et
2720 867 3013 922 observare
3036 866 3191 920 multi
3220 867 3447 935 quidem

1871 955 2207 1021 existimant,
2244 961 2300 1007 at
2332 961 2479 1009 certe
2520 954 2705 1008 colunt
2745 954 2927 1025 pauci,
2955 960 3015 1009 ut
3040 955 3209 1010 verbo
3236 955 3438 1011 dicam.

1870 1044 1992 1101 Non
2022 1047 2167 1101 enim
2217 1046 2531 1117 quicunque
2565 1061 2719 1102 suam
2748 1060 2967 1101 carnem
3002 1061 3035 1125 a
3061 1046 3277 1103 venerei
3309 1044 3442 1103 con-

1871 1155 2091 1209 gressus
2121 1141 2398 1210 voluptate
2423 1139 2703 1195 continere
2743 1140 3034 1205 studuerit,
3063 1138 3171 1194 nisi
3201 1140 3442 1211 reliquos

1872 1231 2098 1287 aﬂ‘ectus
2139 1239 2410 1298 coerceat,
2444 1228 2707 1287 continuo
2753 1230 3062 1286 castitatem
3109 1231 3260 1286 colit.
3296 1230 3439 1297 Quin

1871 1325 2061 1396 potius
2098 1324 2396 1395 ignominia
2440 1323 2716 1388 traducit,
2756 1338 2881 1378 cum
2925 1323 3046 1393 ejus
3096 1322 3441 1394 professione

1872 1422 2150 1486 suscepta,
2183 1410 2422 1471 sordidis
2456 1404 2812 1471 nihilominus
2856 1413 3097 1485 indulget
3130 1415 3443 1487 cupiditati-

1870 1507 1997 1573 bus,
2047 1508 2353 1578 voluptates
2391 1522 2456 1562 ac
2502 1506 2758 1563 libidines
2784 1506 3154 1576 voluptatibus
3197 1521 3444 1565 commuo

1871 1609 1995 1655 tans
2041 1614 2104 1653 ac
2149 1599 2489 1654 libidinibus.
2524 1597 2709 1669 Neque
2733 1598 2779 1653 si
2801 1598 3194 1677 cupiditatibus
3223 1597 3441 1677 quidem

1872 1706 2130 1747 sensuum
2165 1689 2378 1745 fortiter
2419 1690 2713 1755 obstiterit,
2750 1689 2900 1743 inani
2942 1675 3122 1744 autem
3160 1689 3330 1760 gloria
3362 1688 3445 1744 fa-

1873 1793 2070 1854 stuque
2086 1782 2362 1847 efferatur,
2380 1782 2484 1837 hoc
2500 1782 2619 1851 ipso
2635 1781 2780 1852 quod
2797 1781 2939 1851 potis
2955 1781 3445 1853 sitexardescentis

191 1875 288 1929 τοῦ
311 1877 540 1938 πίνακος
568 1877 846 1949 καθαίρειν
874 1878 1082 1949 καὶτῆς
1108 1880 1417 1951 παροψίδος,
1451 1883 1548 1953 τὴν
1578 1883 1772 1953 σάρκα,

1878 1874 1932 1929 in
1956 1890 2015 1930 se
2041 1874 2284 1930 libidinis
2309 1881 2475 1930 aestus
2501 1872 2861 1942 comprimere
2888 1911 2904 1937 ,
2934 1879 3275 1942 cunctosque
3306 1872 3447 1929 nihil

192 1964 255 2020 τὸ
287 1966 483 2037 σῶμα·
517 1967 615 2039 τὴν
644 1968 700 2020 δὲ
729 1968 956 2038 καρδίαν
1004 1969 1157 2040 τύφῳ
1202 1968 1441 2023 σίνεσθαι
1486 1972 1579 2024 καὶ
1627 1970 1774 2039 φιλο-

193 2057 421 2128 κρατίᾳ.
457 2058 591 2112 Οὺδέ
619 2076 681 2128 γε
711 2061 872 2115 ὁπότε
901 2059 1252 2132 ἐναϐρύνεταί
1290 2078 1373 2125 τις
1397 2063 1660 2133 χρήμασι,
1694 2081 1775 2116 τι-

197 2152 307 2220 μᾷν
340 2151 514 2222 αὐτὴν
546 2150 863 2217 σπουδάζει·
897 2152 1150 2224 ἀτιμάζει
1184 2155 1280 2225 μὲν
1306 2150 1397 2207 οὖν
1418 2155 1616 2217 παντὸς
1640 2154 1776 2225 μᾶλ-

194 2239 283 2294 λον
310 2241 368 2294 δὲ
401 2238 577 2307 οὗτος.
611 2245 917 2315 προκρίνων
951 2246 1118 2316 αὐτῆς
1144 2246 1320 2314 ὀλίγον
1352 2245 1559 2319 κέρδος,
1586 2243 1654 2318 ἦς
1685 2247 1776 2298 οὐ·

192 2331 281 2385 δὶν
313 2333 568 2397 ἀντάξιον
604 2352 709 2387 των
741 2339 798 2389 ὲν
830 2335 906 2406 τῷ
934 2336 1034 2407 βίῳ
1075 2336 1289 2407 τιμίων.
1328 2338 1442 2401 Πᾶς
1476 2337 1583 2410 γὰρ
1613 2338 1793 2391 πλοῦο·

190 2443 285 2488 τος
318 2425 579 2479 ἐνώπιον
605 2428 815 2497 αὐτῆς,
834 2430 928 2483 καὶ
949 2428 1183 2499 χρυσὸς
1208 2430 1289 2496 ὡς
1312 2429 1553 2500 ψάμμος
1580 2432 1770 2500 ὀλίγη.

193 2520 335 2574 οὐδὲ
367 2537 435 2589 γε
462 2522 490 2573 ὁ
520 2522 706 2574 ἑαυτὸν
729 2522 1022 2594 ὑπερφυῶς
1049 2524 1350 2595 ἡγούμενος
1383 2523 1571 2593 φιλεῖν,
1599 2526 1691 2577 καὶ
1713 2525 1774 2577 τὸ

192 2613 378 2684 ἑαυτῷ
410 2615 559 2685 μόνῳ
583 2615 862 2687 συμφέρον
902 2615 1213 2680 σπουδάζων
1244 2620 1485 2679 σκοπεῖν,
1519 2618 1774 2689 ἄφροντις

191 2708 251 2761 δὲ
282 2706 398 2759 τῶν
425 2706 676 2776 πλησίον,
701 2708 924 2774 ἁγνείαν
957 2710 1092 2779 τιμᾷ
1110 2724 1123 2738 ·
1156 2708 1412 2779 ἀτιμάζει
1436 2709 1533 2778 μὲν
1559 2706 1651 2762 οὖν
1678 2710 1775 2762 αύ-

189 2800 292 2871 τὴν
334 2800 433 2853 καὶ
478 2794 665 2862 οὗτος·
714 2800 845 2852 πολὺ
896 2801 1005 2872 γὰρ
1045 2799 1286 2854 λείπεται
1328 2800 1436 2853 τῶν
1466 2800 1583 2853 κατ’
1618 2800 1773 2867 ἀξίαν

188 2892 531 2963 ὁμιλούντων
563 2892 722 2963 αὐτῇ,
743 2892 822 2964 τῷ
866 2893 961 2964 τὴν
1001 2894 1222 2964 ἀγάπην
1246 2895 1414 2965 αὐτῆς
1448 2896 1541 2948 καί⁹
1572 2895 1632 2948 τὸ
1658 2894 1775 2963 φιλ-

192 2983 482 3054 άνθρωπον
532 2983 897 3055 λωϐήσασθαι.
946 2983 1020 3037 Ού
1067 2983 1176 3055 γάρ
1219 2984 1345 3055 τῇδε
1395 2985 1492 3055 μὲν
1523 2983 1775 3054 ἁγνεύον-

191 3089 292 3137 τας
323 3073 681 3146 παρθενεύειν
719 3075 816 3139 ὃεῖ,
848 3075 971 3148 τῇδε
1002 3075 1058 3129 δὲ
1104 3076 1590 3149 κακοπραγοῦντας
1618 3077 1776 3149 χραί-

195 3164 381 3218 νεσθαι
416 3165 512 3218 καὶ
539 3165 946 3219 ἀκολασταίνειν
965 3182 978 3195 ·
1011 3165 1129 3218 οὐδὲ
1156 3166 1283 3237 τῇδε
1320 3166 1416 3236 μὲν
1444 3166 1774 3235 ἐπαγγέλλε-

200 3257 322 3310 σθαι
376 3256 704 3327 καθαρεύειν
734 3255 828 3310 καὶ
863 3259 1178 3327 σωφρονεῖν,
1215 3256 1340 3328 τῇδε
1368 3257 1424 3310 δὲ
1458 3255 1778 3319 μολύνεσθαι

196 3349 290 3403 καὶ
334 3349 706 3420 ἁμαρτάνειν·
748 3346 857 3399 οὐδ’
889 3342 953 3399 αὖ
997 3349 1063 3417 τῇ
1115 3346 1211 3416 μὲν
1258 3345 1536 3416 ὁμολογεῖν
1569 3346 1643 3419 μὴ
1681 3348 1779 3399 πε-

196 3441 547 3511 φροντικέναι
581 3439 689 3492 τῶν
714 3438 1009 3509 κοσμικῶν,
1043 3441 1111 3508 τῇ
1137 3440 1193 3492 δὲ
1221 3438 1447 3492 κτᾶσθαι
1478 3441 1569 3493 καὶ
1599 3441 1656 3494 ὲν
1682 3440 1779 3492 αύ-

192 3532 306 3595 τοῖς
333 3529 683 3595 ἐξετάζεσθαι
709 3529 817 3598 (55)
844 3546 856 3557 ·
894 3527 1029 3581 ἀλλά
1077 3530 1252 3582 πάντα
1279 3527 1347 3580 τά
1396 3527 1532 3598 μέλη
1573 3526 1776 3599 φθορᾶς

194 3618 539 3687 ἀκοινώνητα
584 3617 675 3669 καὶ
701 3618 874 3687 ἀμιγῆ
905 3618 1112 3687 τηρεῖν,
1149 3616 1208 3669 ού
1243 3616 1402 3687 μόνον
1430 3616 1499 3669 τὰ
1527 3615 1775 3688 κνησμώ-

193 3707 259 3780 δη
291 3709 388 3761 καί
420 3706 861 3770 συῦουσιαστικά,
891 3706 1003 3758 ἀλλ’
1035 3707 1134 3777 ἤδη
1164 3709 1257 3760 καὶ
1289 3708 1356 3760 τὰ
1382 3707 1586 3760 τούτων
1621 3709 1774 3779 ἐνερ-

195 3802 436 3872 γέστερα
460 3800 591 3872 (56).
638 3799 819 3871 Χλεύη
848 3799 958 3872 γὰρ
991 3799 1061 3853 τά
1096 3800 1193 3870 μὲν
1216 3800 1316 3870 τῆς
1349 3800 1777 3871 παιδοποιήσεως

192 3894 408 3965 ὄργανα
447 3895 639 3965 τηρεῖν
678 3893 941 3966 παρθένα,
969 3893 1065 3966 τὴν
1093 3893 1149 3946 δὲ
1171 3893 1415 3963 γλῶτταν
1448 3892 1521 3965 μὴ
1551 3896 1737 3965 τηρεῖν
1761 3910 1775 3925 ·

193 3986 230 4056 ἢ
264 3987 365 4057 τὴν
399 3984 650 4054 γλῶσσαν
679 3986 775 4057 μὲν
807 3988 992 4057 τηρεῖν
1026 3985 1312 4056 παρθένον,
1356 3985 1452 4056 τὴν
1480 3986 1536 4038 δὲ
1567 3987 1777 4057 ὅρασιν,

195 4080 231 4150 ἦ
252 4080 352 4150 τὴν
370 4079 559 4149 ἀκοὴν,
580 4079 613 4151 ἢ
632 4080 728 4142 τὰς
744 4082 930 4151 χεῖρας
954 4078 1026 4151 μὴ
1045 4081 1250 4150 τηρεῖν·
1270 4081 1317 4131 εἰ
1334 4076 1399 4149 [Ῑ.
1414 4078 1471 4151 ἢ]
1488 4078 1659 4132 ταῦτα
1682 4080 1780 4148 μὲν

198 4170 346 4239 ἔχειν
375 4172 470 4223 καὶ
496 4173 683 4241 τηρεῖν
711 4170 975 4242 παρθένα,
1003 4170 1102 4242 τὴν
1136 4169 1362 4242 καρδίαν
1390 4169 1447 4223 δὲ
1473 4170 1549 4242 μὴ
1571 4173 1778 4243 τηρεῖν,

197 4262 316 4315 ἀλλ’
344 4257 712 4334 ἐταιρίζεσθαι
741 4261 893 4332 τύφῳ
923 4261 1014 4314 καὶ
1042 4260 1217 4331 θυμῷ.

1876 1964 2059 2027 faciat,
2091 1974 2236 2020 recte
2267 1969 2556 2020 censeatur
2583 1962 2893 2017 castitatem
2924 1962 3142 2020 colere:
3172 1977 3336 2034 quam
3360 1978 3449 2019 su-

1875 2057 2076 2126 perbia:
2094 2054 2344 2125 contagie
2364 2054 2633 2110 dedecore
2652 2053 2837 2110 verius
2858 2053 3050 2120 allicit;
3082 2069 3278 2125 nempe
3300 2054 3446 2126 quod

1875 2148 2115 2203 exterius
2146 2156 2232 2203 est
2262 2146 2438 2203 lancis
2464 2155 2519 2202 et
2552 2145 2859 2217 paropsidis
2884 2146 3188 2201 emundans
3224 2146 3291 2212 ‘°,
3324 2160 3448 2201 car-

1874 2253 1998 2293 nem
2020 2237 2272 2294 videlicet
2295 2253 2360 2293 ac
2383 2252 2614 2307 corpus;
2652 2237 2896 2291 animum
2924 2252 3055 2292 vero
3081 2238 3311 2294 tumoris
3333 2252 3450 2292 am-

1873 2332 2209 2403 bitionisque
2253 2330 2509 2387 sordibus
2552 2330 2865 2400 inquinans.
2910 2330 2980 2385 At
3022 2345 3200 2401 neque
3227 2330 3275 2386 si
3324 2331 3448 2400 quis

1873 2426 2229 2497 pecuniarum
2261 2424 2563 2495 cupiditate
2590 2430 2805 2493 captus,
2838 2437 3029 2478 earum
3063 2424 3222 2494 cepia
3246 2424 3450 2495 gloria~

1876 2529 1984 2587 tur,
2018 2522 2063 2573 is
2093 2533 2211 2573 eam
2245 2520 2424 2573 colere
2453 2503 2741 2587 magnifice
2764 2518 2985 2594 studet;
3018 2516 3115 2571 sed
3142 2530 3241 2586 pro
3270 2516 3449 2569 omni-

1873 2611 1977 2665 bus
2027 2610 2325 2679 despicatui
2361 2609 2545 2671 habet,
2590 2609 2801 2662 lucrum
2842 2607 3095 2676 exiguum
3131 2608 3208 2661 illi
3256 2608 3450 2679 praefe-

1872 2719 2023 2768 rens,
2058 2704 2149 2759 cui
2183 2714 2363 2758 tamen
2405 2701 2547 2756 nihil
2574 2700 2942 2770 comparabile
2969 2706 3074 2761 est.
3111 2715 3298 2755 eorum
3327 2714 3450 2771 qua

1876 2797 1933 2851 in
1972 2796 2083 2850 vita
2124 2798 2180 2849 in
2214 2796 2385 2864 pretio
2413 2794 2706 2848 habentur.
2742 2790 2946 2847 Omnes
2981 2792 3125 2846 enim
3155 2792 3359 2847 divitiae
3395 2800 3453 2847 et

1876 2903 2066 2942 aurum
2092 2888 2147 2941 in
2168 2896 2442 2956 conspectu
2462 2885 2609 2940 illius
2633 2901 2797 2939 arena
2838 2893 2916 2939 est
2941 2885 3134 2956 exigua
3159 2884 3225 2940 ".
3254 2882 3322 2937 At
3354 2898 3453 2939 ne-

1874 2992 1980 3047 que
2004 2978 2097 3047 qui
2137 2992 2196 3032 se
2226 2977 2402 3045 ipsum
2436 2990 2602 3047 supra
2626 2975 2848 3030 modum
2882 2990 3066 3031 amare
3092 2975 3454 3047 deprehendi-

1874 3064 1985 3133 tur,
2007 3077 2061 3125 et
2078 3068 2223 3140 quod
2250 3068 2352 3124 sibi
2376 3069 2476 3123 soli
2504 3068 2728 3138 prodest
2750 3067 2911 3124 unice
2938 3068 3176 3124 intuetur
3198 3075 3253 3125 et
3272 3075 3451 3134 curat,

1875 3164 2264 3219 necessitatum
2312 3162 2544 3232 proximi
2596 3177 2860 3224 securus,
2913 3162 3222 3218 castitatem
3270 3161 3452 3220 colit:

1805 3236 1848 3294 (ἶ
1881 3251 2015 3320 quin
2059 3251 2177 3321 ispe
2228 3265 2447 3321 quoque
2496 3250 2723 3320 spernit.
2781 3249 3011 3304 Multum
3055 3252 3202 3305 enim
3249 3253 3317 3306 ab
3345 3251 3456 3308 illis

1884 3345 2040 3401 abest
2062 3344 2156 3415 qui
2179 3360 2279 3415 pro
2309 3344 2593 3414 dignitate,
2611 3343 2758 3398 illius
2779 3346 3011 3397 utuntur
3023 3340 3454 3407 necessitudine,
3476 3390 3484 3400 .

1882 3437 1976 3510 qui
2006 3438 2127 3508 ejus
2157 3436 2477 3491 charitatem
2506 3442 2560 3489 et
2588 3431 3021 3490 misericordiam
3054 3441 3108 3488 et
3144 3434 3457 3490 humanita-

1881 3538 2005 3585 tem'
2035 3543 2066 3582 a
2112 3543 2171 3583 se
2216 3528 2497 3599 repulerit.
2530 3525 2715 3596 Neque
2743 3527 2889 3582 enim
2927 3534 3137 3581 rectum
3169 3533 3275 3593 est,
3324 3525 3457 3580 hinc

1880 3622 2102 3692 quidem
2156 3622 2430 3676 castitatis
2479 3635 2581 3675 usu
2634 3619 2998 3690 virginitatem
3043 3617 3253 3685 colere;
3304 3615 3457 3671 illinc

1877 3730 2009 3770 vero
2049 3714 2233 3785 pravis
2272 3712 2609 3767 facinoribus
2640 3727 2704 3765 ac
2729 3710 2953 3765 libidine
2980 3713 3221 3764 animum
3249 3708 3459 3778 pollue-

1879 3821 1938 3859 re
1963 3826 1975 3860 :
2006 3820 2182 3875 neque
2212 3804 2340 3859 hinc
2372 3805 2588 3875 quidem
2620 3802 2863 3875 profiteri
2888 3801 3178 3872 puritatem
3204 3806 3258 3855 et
3280 3800 3460 3854 conti-

1881 3898 2145 3961 nentiam,
2180 3898 2331 3952 illinc
2365 3904 2545 3952 autem
2595 3894 2871 3967 inquinari
2909 3903 3075 3964 atque
3101 3893 3249 3948 vitiis
3277 3892 3459 3947 indul-

1882 4004 2027 4059 gere.
2076 3987 2262 4059 Neque
2294 4003 2508 4055 rursus,
2540 3988 2668 4042 hinc
2706 3987 2925 4058 quidem
2974 3984 3129 4039 fateri
3172 3983 3321 4039 haud
3351 3982 3457 4040 sibi

1884 4097 2030 4137 cura:
2056 4096 2179 4137 esse
2209 4096 2299 4137 res
2331 4083 2542 4142 mundi.
2576 4082 2724 4135 illinc
2748 4088 2926 4136 autem
2959 4078 3215 4150 parandis
3247 4077 3460 4133 inhiare

1886 4189 1952 4229 ac
1985 4175 2043 4229 in
2086 4174 2196 4229 illis
2241 4174 2471 4231 versari.
2508 4173 2651 4240 Quin
2684 4173 2927 4228 membra
2957 4170 3141 4227 omnia
3188 4169 3258 4223 ab
3307 4170 3458 4224 omni

1888 4265 2092 4320 intacta
2112 4268 2463 4337 corruptione
2489 4264 2755 4320 servanda
2776 4279 2839 4319 ac
2863 4263 3227 4327 ineommista,
3260 4277 3370 4316 non
3393 4276 3459 4317 ea

201 4352 474 4406 duntaxat
527 4369 646 4423 qua:
680 4353 949 4423 pruritum
983 4351 1053 4407 ad
1106 4353 1383 4407 libidinem
1427 4351 1650 4416 habent,
1693 4371 1916 4427 remque
1962 4358 2264 4415 maritalem
2294 4367 2582 4426 exercent;
2634 4358 2731 4413 sed
2782 4371 2850 4412 ea
2901 4370 3117 4426 quoque
3143 4369 3262 4424 qua:
3305 4353 3460 4408 hisce

204 4442 340 4497 sunt
378 4443 446 4496 ad
480 4458 618 4513 opus
650 4445 961 4499 obeundum
1005 4443 1359 4514 promptiora.
1418 4443 1584 4499 Plane
1616 4446 1884 4517 siquidem
1944 4450 2240 4505 ridiculum
2285 4450 2472 4516 fuerit,
2527 4449 2924 4520 procreationis
2973 4448 3205 4503 filiorum
3261 4446 3460 4500 instru-

202 4543 392 4591 menta
421 4534 631 4604 integra
652 4549 871 4589 servare
900 4549 964 4588 ac
996 4536 1335 4601 intaminata,
1368 4551 1476 4589 non
1505 4537 1631 4591 item
1676 4536 1957 4610 linguam;
1992 4550 2086 4596 aut
2137 4558 2355 4599 servare
2400 4543 2624 4614 quidem
2680 4544 2943 4613 linguam,
3007 4542 3225 4597 oculum
3276 4547 3457 4594 autem

202 4639 303 4685 aut
341 4646 507 4685 aures
539 4639 632 4684 aut
660 4646 851 4686 manus
886 4647 1227 4703 nequaquam
1259 4652 1274 4688 :
1309 4641 1403 4686 aut
1430 4633 1663 4704 denique
1712 4636 1805 4691 illa
1851 4653 2070 4709 quoque
2123 4639 2326 4696 habere
2356 4654 2421 4695 ac
2468 4654 2688 4697 servare
2731 4641 2977 4711 integra,
3014 4655 3131 4694 non
3166 4652 3299 4692 vero
3341 4637 3460 4691 ani—

198 4740 378 4791 mum,
410 4725 506 4779 sed
538 4725 690 4779 illum
720 4726 977 4797 superbia
1021 4726 1212 4797 iraque
1240 4730 1611 4800 constuprari.

260 4882 306 4912 "
328 4876 529 4936 Hattlt.
560 4897 718 4945 mu,
749 4882 839 4937 25.
931 4883 973 4915 ¹¹
1015 4878 1146 4951 Sap.
1179 4899 1279 4947 vn,
1308 4884 1360 4939 ί).

274 5002 392 5084 (5_5)
430 5003 542 5084 Ιᾷᾳί
665 5003 861 5084 abl:ng
897 5003 1387 5084 é£5td(scﬂat._ln
1422 5004 1776 5084 illisicrsqri,

1889 4982 2103 5084 lioneste
2123 5007 2500 5084 patentqntium
2553 5008 2903 5059 membrorum
2925 5047 2940 5072 ,
2967 5077 2975 5084 _
3001 5015 3106 5061 etc.
3123 5045 3148 5084 ,_
3193 5007 3301 5084 qu_i_
3314 5017 3366 5062 et
3392 5008 3461 5063 τὰ

199 5088 266 5128 ac
288 5072 335 5126 Si
370 5072 503 5142 quid
535 5073 802 5142 ejusmodi
827 5090 892 5128 eo
926 5090 1089 5128 sensu
1122 5091 1223 5129 vox
1259 5076 1347 5127 illa
1378 5083 1555 5141 potest
1587 5076 1775 5130 reddi:

196 5144 268 5199 de
294 5159 408 5213 qua
444 5145 597 5213 plura
630 5143 879 5198 Budaeus.
910 5142 1120 5198 Passim
1148 5147 1202 5200 in.
1223 5145 1469 5199 conciliis
1492 5185 1505 5205 ,
1531 5145 1784 5211 οἰὲξετα-

197 5214 420 5284 ξάμενοι
453 5230 507 5266 Ill
536 5214 718 5283 aliquo
746 5213 915 5284 gradu
956 5216 1039 5267 vel
1064 5215 1276 5284 ordine,
1326 5216 1415 5284 qui
1448 5216 1500 5268 in
1544 5217 1639 5269 illo
1671 5232 1783 5269 me-

197 5283 336 5341 rent.
380 5287 436 5337 in
473 5284 587 5353 ejus
635 5283 789 5355 gemit
824 5293 947 5338 sunt
974 5283 1410 5355 :jéeraCdpsVo;
1446 5288 1504 5339 ὲν
1548 5288 1661 5349 τοῖς
1696 5287 1786 5341 ia:-

197 5358 403 5417 σηκοῖς.
440 5370 608 5424 eques
632 5353 933 5408 Romanus.
992 5353 1090 5408 Hic
1119 5353 1280 5425 ergo,
1312 5355 1695 5425 ἐξεταζόμενος
1727 5358 1786 5408 ἐν

197 5428 308 5488 τοῖς
332 5427 641 5495 κοσμικοῖς,
677 5426 767 5494 qui
800 5424 1097 5478 mundanus
1131 5424 1201 5479 sit
1233 5442 1296 5477 ac
1332 5424 1605 5479 swcular‘is
1637 5444 1654 5478 :
1685 5442 1787 5480 nec

198 5497 340 5551 bene
389 5494 695 5557 Possinius'.
743 5495 920 5549 studio
953 5511 1128 5547 rerum
1179 5497 1571 5549 mundanarmn
1618 5497 1782 5549 m'mio

202 5565 429 5619 turbari.
470 5567 624 5629 Quod
667 5566 847 5619 reddit
876 5565 1111 5619 Allatius
1164 5582 1273 5620 non
1332 5568 1593 5635 intelligo,
1627 5576 1678 5619 et
1727 5566 1795 5618 iit'

202 5638 306 5688 illis
332 5637 538 5706 aliquid
576 5651 689 5689 esse
728 5635 1055 5706 contendere.
1098 5636 1384 5691 COIIBEFIS.

272 5703 515 5771 156)’Τὰ
560 5707 788 5759 τούτων
834 5704 1245 5775 ἐνερτέσεερα.
1303 5706 1527 5760 Videtur
1584 5703 1783 5775 legisse

200 5773 493 5847 Possiuius
523 5773 940 5847 ἐναργέστερα,
979 5773 1107 5827 dum
1150 5773 1305 5847 longa
1336 5773 1659 5847 paraphrasi
1709 5776 1781 5828 ita

201 5845 415 5900 reddit:
443 5845 584 5911 Quin
614 5845 787 5914 potius
817 5845 1174 5915 publicorum,
1224 5845 1280 5899 ut
1313 5848 1388 5900 ita
1423 5846 1619 5911 dicam,
1650 5855 1698 5898 et
1729 5861 1784 5899 se

1889 5075 2181 5146 κνησμώδη
2232 5075 2567 5140 reddiderat,
2618 5094 2680 5129 ea
2726 5093 2844 5146 qua:
2871 5077 3041 5144 pudor
3071 5075 3227 5131 velat.
3258 5076 3462 5133 Verum

1885 5147 2100 5215 quidem
2193 5148 2463 5217 utrisque
2500 5152 2627 5217 hinc
2658 5148 2917 5201 membris
2968 5157 3313 5217 ('OIItpetere;
3367 5150 3463 5204 sed

1885 5230 1996 5269 non
2023 5231 2088 5270 eo
2112 5225 2392 5285 comparat
2420 5215 2743 5277 Methodius,
2768 5217 2911 5285 quod
2945 5216 3052 5270 alia
3076 5215 3335 5281 Obscena,
3355 5221 3463 5274 alia

1886 5285 2135 5347 honesta,
2170 5288 2404 5355 hiut-que
2449 5294 2590 5339 tecta
2629 5287 2757 5345 alia,
2808 5288 2911 5339 alia
2958 5295 3017 5340 ut
3048 5288 3337 5342 videantur
3366 5305 3465 5344 ex-

1888 5358 2096 5426 posita;
2128 5358 2223 5410 sed
2251 5355 2419 5427 quod
2446 5357 2527 5410 sic
2562 5357 2808 5425 exposita
2858 5364 3019 5427 atque
3054 5358 3303 5422 honesta,
3336 5375 3464 5427 pro-

1888 5428 2165 5480 cliviorcm
2198 5436 2384 5498 actum
2411 5426 2965 5498 habeantusumque,
2998 5428 3199 5497 quibus
3236 5426 3466 5498 proinde

1886 5500 2158 5567 atquaant
2179 5497 2350 5563 major
2375 5496 2620 5550 habenda
2639 5495 2940 5567 diligentia,
2974 5495 3034 5550 ut
3060 5508 3211 5552 casta
3236 5495 3368 5560 Sint,
3397 5514 3465 5555 ne

1887 5567 2016 5635 quid
2048 5566 2284 5620 habeant
2308 5568 2450 5634 quod
2486 5566 2757 5636 virginem
2786 5569 3081 5634 dedeceat;
3116 5577 3174 5620 ut
3204 5580 3332 5622 sunt
3361 5568 3467 5622 lin-

1884 5652 2009 5704 gua,
2044 5636 2210 5699 oculi,
2254 5651 2480 5702 manus;
2518 5637 2870 5705 omniumque
2906 5638 3141 5692 maxime
3172 5638 3273 5706 ipsi
3298 5638 3467 5694 animi

1886 5720 2082 5777 sensus
2128 5722 2193 5759 ac
2221 5708 2512 5775 cogitatus,
2541 5715 2693 5762 extra
2729 5722 2866 5777 quos
2906 5708 3086 5763 oniuis
3136 5709 3241 5762 alia
3269 5724 3481 5765 emun‘

1885 5775 2053 5839 datio,
2084 5779 2268 5830 carnis
2284 5783 2368 5830 est
2388 5775 2872 5848 eteorporis,'non
2901 5779 3179 5834 interioris
3202 5778 3464 5848 hominis,

1884 5861 2050 5916 penes
2079 5862 2239 5917 quem
2263 5861 2387 5902 vera
2415 5847 2700 5916 virginitas
2718 5850 3061 5915 potissimum
3082 5847 3356 5902 consistit.
3383 5847 3459 5902 in.
