3890 6166
407 418 516 474 207

1289 403 1347 461 S.
1388 394 1721 456 METHODll
1751 391 2064 451 EPISCOPI
2091 390 2180 447 ET
2218 388 2576 446 MARTYRIS

3553 378 3664 434 9.08

481 535 714 590 Prorsus
747 528 893 586 enim
920 541 1099 598 operae
1125 524 1360 596 pretium
1382 527 1488 585 est,
1518 526 1580 574 ut
1606 517 1693 575 cui
1720 516 1992 572 constitu-

2165 513 2255 565 Δεῖ
2293 509 2402 581 γὰρ
2436 508 2651 570 πάντως
2689 502 2781 557 τὸν
2833 501 3091 575 μέλλοντα
3134 498 3208 573 μὴ
3248 494 3666 570 ἁμαρτήσεσθαι

409 631 524 680 tum
548 625 620 679 sit
636 636 707 677 ne
725 619 953 677 colenda
979 617 1234 673 castitate
1257 628 1288 667 a
1317 610 1598 683 proposito
1620 614 1789 673 erret,
1818 621 1992 662 mem-

411 721 511 774 bra
531 716 716 774 omnia
737 727 1041 783 sensusque
1068 724 1199 766 suos
1220 706 1455 762 mundos
1486 703 1851 771 astrictosque
1876 714 1991 755 ser-

410 816 523 874 vet,
553 805 635 863 uti
671 805 790 860 fieri
819 805 873 860 in
903 802 1124 858 navium
1154 799 1357 855 tabulis
1387 796 1546 863 solet,
1575 808 1806 866 quarum
1829 792 1991 861 junc-

410 906 568 955 turas
619 895 881 952 navarchi
916 893 1207 963 diligenter
1252 890 1594 961 agglutinant
1651 886 1990 956 astringunt-

412 1004 540 1061 que,
570 1004 640 1044 ne
666 1002 774 1059 qua
802 986 1011 1042 scilicet
1037 989 1264 1055 peccato
1302 996 1424 1037 sese
1454 977 1764 1035 infundenti
1796 976 1850 1030 in
1874 976 1989 1031 ani-

415 1094 568 1135 mum
608 1081 696 1134 via
729 1089 891 1148 atque
922 1076 1103 1132 aditus
1148 1081 1350 1146 pateat.
1391 1070 1527 1125 Nam
1561 1077 1621 1124 ut
1649 1065 1991 1124 nobilissima

412 1185 643 1242 qumque
672 1168 1233 1240 przestantissimaque
1272 1163 1540 1236 professio
1568 1168 1671 1229 est,
1708 1160 1784 1215 ita
1817 1157 1993 1213 maxi-

413 1263 521 1317 mis
566 1261 1016 1333 gravissimisque
1065 1256 1458 1313 oﬂ‘ensionibus
1498 1252 1733 1309 obnoxia
1769 1257 1888 1318 est;
1930 1262 1994 1303 ac

412 1368 543 1408 vere
569 1353 716 1407 bono
743 1350 946 1406 malum
977 1348 1150 1416 magis
1177 1346 1517 1407 adversatur,
1557 1355 1720 1413 quam
1756 1339 1807 1394 ei
1846 1333 1992 1408 quod

414 1460 519 1500 nec
550 1444 609 1499 in
636 1444 795 1499 bonis
836 1439 1233 1497 numerandum
1261 1445 1366 1491 est.
1399 1435 1551 1489 Multi
1583 1433 1765 1502 itaque
1794 1429 1994 1500 quibus

414 1553 742 1611 persuasum
770 1543 936 1601 esset,
967 1536 1072 1590 hoc
1096 1531 1441 1604 potissimum
1476 1534 1736 1599 praestare
1763 1523 1994 1578 castita-

415 1640 551 1697 tem,
604 1641 664 1686 ut
714 1629 950 1685 ell'renes
999 1626 1327 1683 libidinosos
1356 1631 1525 1677 aestus
1571 1633 1635 1673 ac
1668 1616 1995 1689 cupiditates

418 1726 771 1795 comprimat,
824 1722 1035 1791 reliqua
1062 1719 1191 1773 vitae
1217 1714 1565 1773 institutione
1595 1711 1860 1781 neglecta,
1890 1706 1995 1761 hac

415 1830 634 1888 quoque
660 1812 1013 1878 exciderunt;
1046 1809 1245 1879 suique
1294 1803 1581 1861 dedecoris
1620 1807 1853 1873 partem,
1902 1812 1993 1853 re-

2090 603 2218 676 περὶ
2238 604 2335 675 τὴν
2362 601 2593 671 ἄσκησιν
2620 598 2719 669 τῆς
2747 594 2992 665 ἁγνείας,
3016 595 3085 648 τὰ
3116 591 3250 665 μέλη
3280 590 3458 645 πάντα
3483 588 3579 642 καὶ
3597 585 3669 640 τά

2089 696 2418 767 αἰσθητήρια
2438 693 2623 764 τηρεῖν
2645 686 2840 744 ἑαυτοῦ
2863 684 3079 757 καθαρὰ
3118 685 3212 739 καὶ
3241 679 3666 752 συνεσφιγμένα,

2088 788 2339 857 καθάπερ
2366 785 2429 857 δὴ
2460 785 2552 838 καὶ
2582 783 2801 847 πλοίων,
2826 774 2901 834 ὧν
2927 780 2977 832 οἱ
3007 776 3337 849 κυϐερνῆται
3362 773 3460 837 τὰς
3493 773 3669 844 ἁρμο-

2089 881 2191 951 γὰς
2245 879 2554 948 σφίγγουσι,
2588 874 2724 947 πρὸς
2773 873 2835 927 τὸ
2886 871 2962 943 μὴ
3013 871 3161 941 σχεῖν
3215 867 3323 921 ἔσω
3368 864 3537 919 δίοδον
3570 864 3673 935 τὴν

2089 971 2364 1044 ἁμαρτίαν
2396 967 2839 1039 ὲπεισχεομένην.
2861 966 2987 1028 Τοῖς
3017 963 3126 1034 γὰρ
3147 959 3402 1034 μεγάλοις
3428 957 3490 1024 ἐξ
3511 957 3674 1025 ἀνάγ-

2091 1082 2193 1135 κης
2225 1059 2616 1132 ἐπιτηδεύμασι
2662 1056 2873 1129 μεγάλα
2929 1054 3025 1109 καὶ
3070 1052 3137 1106 τὰ
3194 1050 3510 1120 πταίσματα
3541 1063 3674 1118 συμ·

2092 1154 2294 1210 ϐαίνει·
2343 1154 2438 1209 καὶ
2468 1152 2546 1223 τῷ
2587 1149 2700 1205 ὄντι
2728 1149 2804 1221 τῷ
2833 1145 3024 1217 ἀγαθῷ
3060 1143 3258 1217 μᾶλλον
3290 1138 3674 1209 ἐναντιώτερον

2091 1246 2153 1301 τὸ
2182 1246 2350 1300 κακὸν
2380 1246 2414 1317 ἢ
2448 1244 2526 1316 τῷ
2555 1244 2631 1316 μὴ
2665 1239 2873 1312 ἀγαθῷ.
2903 1239 3095 1292 Πολλοὶ⁸
3123 1231 3237 1302 οὖν,
3265 1232 3577 1301 δοξάζοντες
3611 1229 3679 1282 τδ

2095 1342 2223 1413 περὶ
2251 1339 2347 1402 τὰς
2378 1336 2691 1409 οἰστρώδεις
2735 1334 3021 1406 καρτερεῖν
3066 1327 3362 1399 ἐπιθυμίας
3406 1320 3543 1377 εἶναι
3573 1322 3678 1394 τὴν

2094 1433 2338 1502 ἁγνείαν,
2385 1429 2495 1484 τῶν
2542 1427 2714 1484 ἄλλων
2748 1424 3144 1495 ἀμελήσαντες,
3185 1418 3352 1489 αὐτῆς
3388 1416 3676 1477 ἔπταισαν,

2095 1523 2191 1579 καὶ
2232 1525 2345 1586 τοῖς
2388 1519 2563 1593 ὀρθῶς
2606 1518 2743 1589 πρὸς
2786 1516 2954 1586 αὐτὴν
2999 1511 3349 1584 ὡρμημένοις
3394 1505 3683 1579 προσῆψαν

2094 1615 2314 1686 ψόγους,
2359 1613 2435 1677 ὡς
2465 1614 2622 1684 ὑμεῖς
2654 1607 2937 1681 ἠλέγξατε,
2988 1605 3151 1676 νόμος
3176 1602 3267 1656 διὰ
3304 1600 3549 1656 πάντων·
3588 1596 3685 1650 αὐ-

2094 1707 2188 1760 ταὶ
2232 1706 2339 1779 γὰρ
2389 1699 2817 1776 παρθενεύουσαι
2843 1698 2938 1753 καὶ
2964 1697 3110 1769 ἔργῳ
3152 1693 3248 1748 καὶ
3272 1692 3435 1763 λόγῳ.
3469 1689 3580 1742 Kal.
3608 1690 3683 1741 τὰ

2102 1798 2199 1870 μὲν
2236 1797 2301 1868 δὴ
2329 1796 2429 1866 τῆς
2452 1793 2745 1866 παρθένου,
2792 1788 3040 1860 ποταπὴν
3080 1781 3223 1840 εἶναι
3265 1784 3563 1855 προσήκει,
3609 1779 3684 1833 διο

417 1914 509 1964 cto
538 1907 605 1964 ad
630 1921 749 1962 eam
775 1904 992 1960 tramite
1009 1902 1330 1965 nitentibus,
1350 1902 1724 1969 asperserunt,
1762 1894 1841 1947 uti
1872 1905 1992 1957 vos,

2120 1890 2334 1962 ιγράφη·
2355 1887 2499 1959 ὑμᾶς
2524 1887 2581 1939 δὲ
2604 1882 2841 1956 διαρκῶς
2862 1877 3278 1952 ἀγωνισαμένοις
3303 1875 3383 1948 τῷ
3403 1875 3565 1945 λόγῳ,
3591 1871 3688 1926 αύ-

416 2016 540 2072 quae
563 1999 620 2054 in
638 1997 895 2067 omnibus
920 1994 1054 2051 estis
1084 1993 1298 2065 regula,
1326 1986 1716 2046 demonstratis
1754 2005 1769 2041 :
1797 1984 1997 2055 quippe

416 2105 543 2147 cum
572 2096 627 2145 et
657 2103 823 2159 opere
872 2094 928 2143 et
975 2098 1250 2150 sermone,
1293 2098 1391 2138 seu
1432 2080 1742 2137 eruditione
1773 2076 2001 2148 virgini—

413 2188 530 2237 tate
568 2179 889 2251 perfuncta,
923 2178 1043 2248 ejus
1094 2176 1293 2231 decora
1322 2172 1685 2244 protuleritis.
1720 2169 1787 2224 Et
1830 2167 2001 2239 virgi-

416 2288 544 2329 nem
567 2272 790 2343 quidem
813 2270 1029 2341 qualem
1052 2284 1176 2326 esse
1197 2267 1387 2324 deceat
1418 2262 1862 2336 perscripsimus.
1888 2258 2002 2318 ‘los

2102 1986 2298 2055 τήκοος
2326 1980 2613 2052 γενομένη,
2647 1978 2826 2040 πάσας
2859 1974 3226 2045 ἀποφαίνομαι
3250 1972 3405 2041 νικᾷν
3434 1968 3528 2021 καὶ
3557 1964 3686 2019 στέ-

2100 2092 2214 2145 φω·
2245 2073 2456 2128 Θέκλαν
2498 2072 2557 2126 δὲ
2586 2071 2664 2143 τῷ
2701 2068 2907 2142 μείζονι
2951 2065 3201 2137 στεφάνῳ
3239 2063 3336 2117 καὶ
3377 2058 3685 2131 δασυτέρῳ,

2099 2168 2176 2231 ὡς
2214 2165 2438 2240 πρώτην
2490 2164 2642 2236 ὑμῶν
2676 2163 2770 2217 καὶ
2806 2156 3382 2234 μεγαλοπρεπέστερον
3406 2149 3690 2223 ἐκλάμψα-

2103 2277 2222 2316 σαν.

418 2341 624 2431 autem,
654 2365 836 2436 amplo
865 2363 1081 2419 dicendi
1111 2363 1371 2418 facultate
1397 2360 1671 2417 celebrato
1703 2357 2003 2414 certamine
2039 2372 2161 2429 qua:
2207 2358 2326 2428 ipsa
2378 2355 2706 2418 audiverim,
2760 2350 3022 2410 victrices
3061 2363 3255 2404 omnes
3293 2341 3587 2418 pronuntio
3618 2354 3689 2393 ac

417 2473 625 2516 corona
658 2458 825 2514 dono.
875 2456 1135 2514 Tbeclam
1172 2465 1358 2512 tamen
1409 2454 1608 2526 majori
1631 2451 2027 2525 ﬂoridiorique,
2060 2458 2121 2506 ut
2152 2452 2298 2507 inter
2322 2466 2421 2507 vos
2448 2449 2771 2522 principem,
2802 2461 2867 2501 ac
2895 2458 3017 2519 quae
3064 2438 3501 2515 magnificentior
3547 2449 3690 2489 cun-

419 2552 524 2608 ctis
553 2553 837 2609 claruerit.

404 2716 551 2774 Cu.
590 2713 657 2770 Il.
692 2715 888 2772 Thecla
916 2717 1165 2788 hymnum
1196 2718 1479 2786 composite
1505 2726 1743 2788 canente,
1773 2714 1994 2788 reliquie
2025 2714 2248 2785 virgines
2276 2711 2367 2788 illi
2411 2708 2708 2788 succiiiunt.
2758 2704 2995 2761 Joannes
3020 2701 3290 2773 Baptista,
3320 2706 3531 2769 martyr
3566 2712 3693 2751 cas-

726 2816 736 2825 -
952 2779 974 2788 ⁷
1312 2779 1323 2786 ’
1379 2789 1571 2842 litatis.
1607 2779 1997 2850 Ecclesia,'l)ei
2021 2779 2239 2855 sponsa,
2268 2784 2494 2845 intacta,
2534 2779 2703 2851 virgo.

489 2931 621 2988 Haec
656 2934 894 2989 locutam
934 2933 1154 2990 Aretem
1195 2933 1375 2989 aiebat
1411 2932 1741 3004 Theopatra,
1769 2930 2003 3003 iussisse

424 3033 652 3079 cunctas
684 3037 995 3095 assurgere,
1020 3010 1074 3078 et
1095 3023 1198 3079 sub
1225 3039 1364 3095 agno
1390 3031 1600 3081 stantes
1635 3023 1886 3095 factaque
1912 3037 2005 3079 co-

421 3130 583 3183 rona,
618 3117 823 3187 gratias
852 3115 1085 3171 Domino
1112 3131 1176 3171 ac
1202 3117 1393 3173 laudes
1433 3117 1618 3172 debita
1649 3116 2007 3172 veneratione

422 3207 649 3264 referre.
669 3207 926 3264 Tlieclam
955 3209 1251 3280 auspicari,
1273 3225 1338 3265 ac
1364 3210 1535 3265 choro
1557 3211 1774 3280 praeire.
1799 3210 1869 3267 Ut.
1895 3208 2006 3281 igi-

422 3307 514 3355 tur
561 3306 1019 3365 assurrexerunt,
1083 3298 1341 3356 Theclam
1416 3300 1674 3355 narrabat
1732 3301 2004 3374 virginem

423 3389 663 3445 mediam
695 3407 725 3446 a
754 3389 962 3447 dextris
996 3391 1194 3448 Aretes
1217 3398 1476 3457 stantem,
1508 3394 1812 3464 composite
1849 3408 2007 3451 cane-

424 3498 486 3538 re
516 3502 531 3538 :
564 3484 843 3555 reliquas.
880 3496 1010 3539 vero
1058 3483 1117 3539 in
1163 3480 1350 3537 orbem
1373 3519 1391 3548 ,
1440 3480 1598 3550 quasi
1635 3480 2006 3543 circumducto

426 3574 619 3645 choro,
654 3576 735 3631 illi
763 3575 1050 3634 succinere
1075 3589 1140 3631 ac
1169 3574 1549 3647 respondere.-

1084 3707 1357 3781 Hypacoe.

501 3838 627 3900 Tibi
681 3858 769 3899 me
810 3858 970 3898 servo
1016 3850 1248 3909 castam,
1299 3853 1355 3899 et
1397 3843 1772 3916 splendentem
1819 3852 2010 3902 tenens

426 3934 760 4007 lampadem,
791 3931 1027 4004 Sponse,
1061 3934 1165 3988 tibi
1193 3949 1451 3990 occurro.

1074 4067 1352 4127 Psalmus.
1434 4106 1437 4107 ν

497 4182 749 4250 leitus,
800 4184 1074 4256 virgines,
1115 4185 1376 4242 clamoris
1419 4187 1714 4244 cxcitantis
1760 4195 2010 4246 mortuos

428 4291 602 4331 sonus
624 4276 794 4342 venit,
824 4274 1037 4349 Sponso
1056 4278 1253 4347 jubcns
1287 4278 1452 4335 simul
1475 4294 1664 4335 omnes
1689 4279 1903 4335 obviam
1929 4278 2010 4336 ire

428 4369 486 4423 in
517 4369 673 4424 stolis
715 4369 855 4424 albis
880 4378 935 4425 et
964 4370 1330 4441 lampadibus,
1360 4372 1626 4427 orientem
1649 4387 1864 4429 versus.
1896 4371 2010 4428 Ex-

427 4457 803 4529 pergiscimini
828 4458 1147 4530 priusquam
1180 4469 1413 4530 occupet
1441 4458 1587 4514 intra
1623 4468 1812 4531 portas
1844 4476 2010 4533 pene-

427 4557 576 4606 trare
598 4550 736 4607 liex.

500 4639 621 4695 Tibi
673 4655 760 4695 me
806 4656 967 4696 servo
1016 4648 1249 4708 castam,
1297 4650 1353 4697 et
1392 4642 1768 4714 splendentem
1817 4655 2008 4700 tenens
2041 4639 2088 4697 D

425 4728 755 4800 lampadem,
792 4728 1024 4801 Sponse,
1054 4733 1154 4788 tibi
1183 4748 1436 4789 occurro.

500 4819 808 4875 Mortalium
836 4823 1086 4878 luctuosa
1110 4824 1275 4879 nimis
1300 4840 1534 4881 excussa
1558 4822 1833 4894 felicitate,
1860 4840 2011 4897 spre-

426 4909 606 4980 tisque
656 4911 781 4967 vita:
813 4913 1111 4969 luxuriosa:
1141 4915 1356 4971 deliciis
1402 4930 1715 4987 amoreque,
1749 4918 1859 4972 tuis
1905 4919 2008 4975 sub

428 5000 577 5056 ulnis
611 5000 913 5059 salutiferis
956 5005 1166 5077 protegi
1215 5006 1490 5073 desidero,
1541 5015 1596 5063 et
1646 5020 1793 5063 tuam
1828 5009 2012 5064 videre

390 5163 399 5173 '
426 5107 665 5162 semper,
694 5109 730 5149 ο
767 5093 950 5157 Beate.
984 5097 1469 5166 pulchritudinem.

498 5181 620 5238 Tibi
678 5199 766 5240 me
820 5200 979 5241 servo
1009 5199 1240 5255 castam,
1291 5199 1345 5244 et
1401 5191 1774 5261 splendentem
1815 5202 2009 5252 tenens

424 5277 753 5347 lampadem,
786 5276 1018 5350 Sponse,
1048 5282 1144 5337 tibi
1178 5298 1430 5339 occurro.

498 5365 726 5426 Relictis
767 5372 1079 5426 mortalium
1128 5375 1441 5444 nuptiarum
1476 5376 1613 5431 toris
1646 5390 1709 5432 ac
1744 5378 1930 5445 domo,
1975 5394 2009 5434 o

422 5456 565 5527 Rex,
600 5471 825 5533 propter
848 5471 922 5530 te,
959 5465 1078 5520 auri
1105 5467 1264 5538 plena
1294 5468 1635 5525 intaminatis
1672 5470 1729 5524 in
1764 5471 2006 5528 vestibus

422 5554 572 5618 veni,
615 5565 676 5611 ut
706 5565 762 5612 et
792 5573 895 5629 ego
927 5574 1037 5613 una
1065 5569 1244 5616 tecum
1282 5562 1427 5617 intra
1455 5562 1804 5620 beatissimos
1831 5566 2003 5620 thala-

424 5662 546 5703 mos
572 5648 848 5706 admittar.

496 5737 619 5794 Tibi
672 5755 760 5797 me
813 5756 975 5799 servo
1012 5752 1253 5809 castam,
1288 5752 1345 5801 et
1388 5748 1781 5817 splendentem.
1813 5758 2008 5807 tenens

428 5829 757 5904 lampadem,
798 5832 1032 5906 Sponse,
1065 5837 1161 5895 tibi
1191 5853 1447 5901 occurro.

2180 2930 2366 2985 Ταῦτα
2396 2923 2490 2982 οὖν
2516 2921 2800 2987 εἰποῦσαν,
2832 2920 2936 2992 ἐφη
2960 2915 3216 2972 κελεῦσαι
3244 2911 3425 2975 πάσας
3453 2904 3688 2978 ἀναστῆ-

2109 3039 2195 3076 ναι
2237 3020 2335 3093 τὴν
2372 3018 2598 3092 Ἀρετὴν
2638 3019 2672 3088 ἠ
2722 3012 3032 3083 Θεοπάτρα,
3081 3008 3176 3063 καὶ
3220 3006 3399 3068 πάσας
3449 3000 3553 3093 ὑπὸ
3589 2999 3691 3093 τὴν

2110 3114 2274 3181 ἄγνον
2294 3087 2712 3182 εὐχαριστῆριον
2737 3106 2903 3178 ὕμνον
2930 3100 3248 3175 πρεπόντως
3271 3091 3592 3182 ἀναπέμψαι
3612 3087 3691 3159 τῷ

2112 3205 2334 3276 Κυρίῳ·
2367 3181 2613 3275 ἐξάρχειν
2652 3201 2708 3255 δὲ
2736 3198 2832 3270 τὴν
2868 3195 3074 3250 Θέκλαν
3110 3190 3206 3246 καὶ
3232 3181 3691 3261 προαφηγεῖσθαι.

2122 3298 2211 3363 Ὣς
2238 3293 2334 3352 οὖν
2358 3296 2686 3366 ἀνέστησαν,
2715 3292 2814 3362 τὴν
2837 3289 3041 3344 Θέκλαν
3077 3285 3247 3358 μέσην
3280 3281 3378 3353 μὲν
3406 3278 3513 3332 τῶν
3557 3291 3693 3348 παρ-

2112 3389 2301 3455 θένων,
2337 3389 2462 3459 ἔφη,
2496 3389 2560 3441 ὲκ
2605 3384 2796 3452 δεξιῶν
2837 3383 2894 3437 δὲ
2938 3381 3039 3452 τῆς
3078 3375 3301 3450 Ἀρετῆς
3337 3374 3560 3435 στᾶσαν,
3593 3385 3692 3422 κο-

2112 3484 2287 3557 σμίως
2313 3481 2535 3553 ψάλλειν
2553 3495 2567 3508 ⁸
2596 3476 2697 3541 τὰς
2727 3476 2785 3530 δὲ
2816 3472 3009 3536 λοιπὰς
3034 3474 3091 3525 ὲν
3118 3467 3319 3539 κύκλῳ,
3351 3463 3602 3534 καθάπερ
3633 3462 3691 3513 ἐν

2111 3572 2273 3648 χοροῦ
2304 3573 2545 3644 σχήματι
2576 3565 2868 3630 συστάσας,
2898 3560 3193 3618 ὑπακούειν
3221 3559 3379 3629 αὐτῇ.

2756 3694 3033 3763 Ὑπακοή.

2195 3842 2438 3913 ’Λγνεύω
2470 3858 2573 3905 σοι,
2609 3840 2704 3893 καὶ
2741 3836 3031 3910 λαμπάδας
3077 3832 3417 3904 φαεσφόρους
3465 3825 3695 3903 κρατοῦ-

2115 3953 2205 4002 σα,
2235 3933 2475 4007 Νυμφιε,
2506 3931 2796 3986 ὑπαντάνω
2823 3946 2929 3983 σοι.

2769 4064 3042 4133 amita.

2187 4183 2448 4247 ’Δνωθεν,
2478 4177 2758 4253 παρθένοι,
2794 4175 2922 4248 βοῆς
2953 4173 3330 4246 ὲγερσίνεκρος
3373 4165 3506 4243 ἦχος
3533 4164 3690 4241 ἦλθε,

2114 4275 2353 4349 Νυμφίῳ
2378 4274 2551 4343 λέγων
2580 4268 2815 4325 πασσυδὶ
2846 4267 3170 4322 ὑπαντάνειν
3201 4262 3448 4319 λευκέσιν
3480 4263 3540 4315 ὲν
3565 4278 3689 4315 στο-

2115 4371 2233 4435 λαῖς
2279 4368 2375 4424 καὶ
2426 4365 2696 4438 λαμπάσι,
2749 4361 2885 4435 πρὸς
2930 4359 3213 4422 ἀνατολάς.
3245 4354 3514 4428 Ἐγρεσθε
3560 4354 3691 4426 πρὶν

2117 4463 2299 4534 φθάσῃ
2335 4460 2517 4533 μολεῖν
2541 4457 2672 4511 εἴσω
2697 4455 2876 4528 θυρῶν
2909 4452 3098 4520 Ἀναξ.

2196 4643 2434 4713 ’Δγνεύω
2465 4634 2568 4707 σοι,
2603 4640 2699 4697 καὶ
2738 4637 3024 4710 λαμπάδας
3070 4634 3414 4706 φαεσφόρους
3461 4628 3691 4701 κρατοῦν

2113 4754 2201 4800 σα,
2235 4734 2477 4806 Νυμφίε,
2507 4729 2799 4786 ύπαντάνω
2823 4744 2923 4782 σοι.

2182 4824 2400 4898 Βροτῶν
2433 4820 2860 4877 πολυστένακτον
2889 4817 3043 4873 ὄλϐον
3078 4813 3429 4886 ὲκφυγοῦσα,’
3447 4812 3541 4867 καὶ
3572 4810 3686 4882 βίου

2108 4920 2322 4991 τρυφῆς
2349 4915 2563 4981 ἁδονὰς,
2598 4915 2796 4989 ἔρωτα,
2828 4916 2947 4977 σαῖς
2971 4912 3062 4965 ὑπ’
3086 4909 3354 4980 ἀγκάλαις
3385 4907 3689 4980 ζωηφόροις

2110 5009 2262 5065 ποθῶ
2296 5007 2624 5076 σκέπεσθαι,
2655 5007 2751 5060 καὶ
2799 5004 3018 5077 βλέπειν
3059 5001 3122 5056 τὸ
3166 5001 3258 5057 σὺν
3287 4999 3480 5063 κάλλος
3509 5000 3688 5069 διηνε-

2112 5103 2244 5167 κῶς,
2273 5102 2498 5173 Μάκαρ.

2197 5193 2438 5264 Ἀγνεύω
2491 5210 2595 5257 σοι,
2626 5192 2721 5246 καὶ
2751 5189 3038 5262 λαμπάδας
3084 5188 3422 5260 φαεσφόρους
3465 5181 3690 5257 κρατού-

2115 5303 2204 5351 σα,
2228 5285 2468 5357 Νυμφίε,
2498 5284 2791 5337 ὑπαντάνω
2824 5300 2926 5336 σοι.

2182 5378 2380 5450 Γάμων
2409 5376 2644 5431 λιποῦσα
2661 5376 2730 5430 τὰ
2751 5375 2919 5447 θνητά
2941 5374 3164 5446 λέκτρα,
3187 5372 3282 5427 καὶ
3304 5368 3687 5441 δόμον,Ἀναξ,

2110 5472 2197 5528 διὰ
2231 5472 2312 5537 σὲ,
2343 5470 2699 5542 πολύχρυσον,
2731 5465 2894 5541 ἦλθον
2919 5466 3178 5532 ἀει-αιιτίλοιςΔ
3196 5469 3255 5522 ὲν
3283 5467 3523 5538 εῐμασιν,
3543 5465 3693 5525 ὅπως

2112 5565 2302 5634 φθάσω
2333 5562 2489 5633 κάγὼ
2520 5562 2822 5617 πανολὸίων
2867 5561 3124 5633 θαλάμων
3170 5562 3302 5615 εἵσω
3346 5560 3444 5614 σὺν
3487 5558 3569 5613 σοὶ
3604 5572 3696 5628 μοι

2111 5658 2248 5713 λεῖν.

2199 5746 2438 5817 Ἀγνεύω
2479 5762 2583 5810 σοι,
2620 5745 2715 5801 καὶ
2743 5745 3035 5816 λαμπάδας
3079 5746 3421 5817 φαεσφόρους
3467 5742 3696 5817 κρατοῦ-

2118 5858 2207 5901 σα,
2242 5840 2483 5901 Νυαφίε,
2511 5841 2802 5895 ὑπαντάνω
2834 5856 2938 5895 σοι.
