3864 6162
407 226 514 286 215

1366 229 1794 287 8.,ΜΕΤΗΟΒΙῙ
1827 229 2134 285 EPISCOPI
2173 230 2260 284 [2T
2300 230 2659 286 MARTYRIS

480 339 686 397 GREG.
720 340 872 398 Vexa
899 349 958 397 ut
980 342 1149 399 libet:
1187 358 1284 414 per
1325 359 1412 398 me
1471 344 1616 399 licet.
1652 343 1763 414 Ego
1793 344 1937 398 enim

2147 345 2342 398 ΓΡΗΓ.
2397 342 2535 396 Ἀλλ’
2565 338 2962 411 ἀντιλαμϐάνου
2989 341 3095 412 ὅπη
3142 340 3238 394 καὶ
3287 339 3492 402 θέλειςο
3533 340 3649 411 ἐγὼ

411 431 723 500 Eubulium,
747 433 963 489 abunde
1015 433 1149 489 mihi
1197 442 1485 506 suppetere
1515 436 1754 490 arbitror
1781 451 1889 506 quo
1922 442 1976 491 te

407 527 654 593 doceam,
685 537 943 598 praestare
968 544 1091 584 eum
1133 529 1225 601 qui
1258 545 1368 585 non
1414 528 1754 600 concupiscit
1781 547 1795 582 :
1829 528 1974 599 quod

409 619 463 673 ni
489 627 662 684 tenes,
693 635 854 676 nemo
884 622 988 676 erit
1014 622 1106 692 qui
1138 638 1246 678 non
1271 629 1480 692 arguat.

478 709 728 766 EUBUL.
759 710 949 783 Papae!
983 711 1202 768 Gaudeo
1235 714 1378 768 enim
1408 713 1738 783 respondere
1767 723 1818 768 te
1840 715 1970 768 mihi

407 803 712 874 magnifice,
737 819 800 860 ac
828 813 1032 876 quanta
1059 805 1321 876 sapientia
1350 805 1538 861 aﬂluas
1569 815 1863 864 ostentare.

474 986 678 1042 GREG.
717 987 991 1051 Cavillari,
1016 1003 1079 1045 ac
1115 1004 1324 1044 mecum
1355 989 1531 1058 jocari
1554 989 1775 1056 videris,
1807 1007 1840 1046 ο
1863 990 1970 1044 Eu-

405 1077 635 1150 bulium.

472 1167 719 1222 EUBUL.
755 1167 893 1234 Quid
925 1171 997 1224 ita
1034 1173 1204 1225 vero?

469 1258 676 1315 GREG.
717 1262 872 1326 Quod
901 1277 1009 1316 non
1041 1277 1187 1324 vere,
1221 1260 1316 1316 sed
1350 1260 1456 1316 mei
1507 1261 1688 1332 potius
1735 1260 1967 1316 irriden-

400 1350 482 1406 dte
523 1367 710 1416 causa,
747 1353 872 1406 talia
900 1368 1190 1410 memores.

467 1440 717 1498 EUBUL.
745 1442 894 1499 Bona
927 1443 1110 1508 verba,
1134 1459 1342 1514 quaeso,
1363 1461 1395 1498 ο
1425 1445 1580 1500 beata
1609 1465 1619 1499 :
1652 1451 1797 1499 tuam
1821 1444 1966 1500 enim

396 1535 739 1606 prudentiam
772 1537 1162 1607 exquisitaque
1190 1537 1466 1608 sapientim
1495 1537 1624 1602 vim,
1673 1539 1962 1607 plurimum

2075 438 2183 509 γάρ
2226 435 2444 502 ίνακῶς,
2484 430 2529 490 ὦ
2571 435 2876 501 Εὑῦούλιον,
2905 433 3109 501 διδάξαι
3149 451 3209 487 σε
3241 433 3369 505 ἔχω,
3416 434 3498 488 ὅτι
3546 435 3641 490 τοῦ

2075 527 2463 599 ἐπιθυμοῦντος
2490 527 2518 577 ὁ
2552 527 2624 598 μὴ
2651 525 2932 597 ἐπιθυμῶν
2958 526 3225 598 κρείσσων
3249 525 3364 578 ἐστί
3387 540 3401 554 ·
3434 525 3526 578 καὶ
3553 527 3638 580 ού-

2072 620 2181 683 δε¹ις
2211 620 2273 673 οὐ
2310 621 2382 690 μή
2416 636 2475 671 σε
2504 619 2720 690 ἐλέγξῃ.

2143 713 2434 766 ΕΥΒΟΥΛ.
2479 711 2680 764 Βαϐαίε
2718 709 2907 781 Χαίρω
2936 707 3064 780 γὰρ,
3083 707 3161 762 ὅτι
3189 725 3276 778 μοι
3309 707 3640 778 μεγαλοφρό-

2072 823 2178 869 νως
2210 805 2498 878 ἀποκρίνῃ,
2530 805 2622 857 καὶ
2648 801 2909 866 δεικνύεις
2953 802 3074 855 ὅσον
3124 799 3504 871 πεπλούτηκας
3547 799 3640 852 ἐπὶ

2073 899 2253 968 σοφίᾳ.

2140 991 2336 1042 ΓΡΗΓ.
2380 989 2620 1052 Κωτίλος
2645 989 2756 1059 (61)
2789 1005 2890 1052 τις,
2925 988 3000 1051 ὠς
3031 986 3224 1052 ἔοικεν,
3251 984 3533 1057 ἄνθρωπος
3559 980 3639 1036 εί-

2069 1100 2157 1135 ναι
2182 1082 2378 1146 δοκεῖς,
2410 1076 2454 1134 ὦ
2490 1081 2802 1135 Εὑὸούλιον.

2137 1175 2428 1236 ΕΥΒΟΥΛ,
2469 1173 2624 1236 Τίνος
2651 1172 2713 1242 δὴ
2746 1172 2932 1244 χάριν;

2138 1267 2333 1328 ΓΡΗΓ,
2381 1267 2500 1319 Ὅτι
2549 1265 2922 1336 τωθαζόμενός
2966 1281 3033 1336 με
3063 1262 3238 1318 ταῦτα
3281 1261 3456 1330 λέγεις
3500 1258 3638 1331 μᾶλ-

2067 1359 2175 1423 λον,
2204 1359 2236 1428 ἢ
2265 1357 2559 1428 ἀληθεύων.

2134 1448 2426 1506 ΕΥΒΟΥΛ,
2469 1447 2820 1518 Εύφήμησον,
2854 1439 2898 1498 ὦ
2928 1443 3200 1517 μακαρία·
3237 1439 3497 1512 θαυμάζω
3524 1438 3635 1510 γὰρ

2067 1542 2268 1613 σφόδρα
2315 1557 2408 1595 σου
2457 1540 2517 1593 τὸ
2556 1539 2770 1592 συνετὸν
2802 1538 2893 1591 καὶ
2925 1534 3292 1609 μεγαλόδοξον.
3311 1531 3451 1602 Ἐγὼ
3476 1532 3632 1585 τοῦτο

396 1627 636 1696 admiror
664 1642 728 1682 ac
756 1627 898 1681 colo.
937 1625 1062 1682 Haec
1094 1634 1273 1681 autem
1307 1644 1372 1682 eo
1403 1628 1516 1682 dixi
1546 1629 1691 1698 quod
1746 1629 1814 1684 de
1842 1630 1945 1699 qui-

2066 1635 2221 1706 ἔφην,
2253 1635 2334 1687 ὅτι
2367 1634 2494 1703 περὶ
2518 1625 2591 1684 ὧν
2619 1631 2800 1684 πολλοὶ
2831 1631 2966 1702 πρὸς
2993 1630 3216 1691 ἑαυτοὺς
3243 1626 3497 1695 πολλάκις
3527 1626 3631 1694 ἀμ-

398 1720 498 1787 bus
531 1719 686 1774 multi
714 1719 1016 1789 sapientum
1049 1721 1247 1791 saepius
1283 1721 1514 1776 invicem
1545 1721 1868 1792 disceptant,
1901 1738 1945 1778 e:

2067 1726 2384 1797 φισϐητοῦσι
2415 1725 2586 1793 σοφοὶ,
2615 1723 2786 1776 ταῦτα
2813 1724 2871 1774 οὐ
2905 1723 3061 1794 μόνον
3090 1720 3413 1775 ἐπίστασθαι
3442 1719 3506 1772 σὺ
3543 1715 3632 1770 λέ-

397 1822 508 1870 non
532 1809 694 1863 modo
722 1810 865 1864 scire
895 1815 950 1862 te.
975 1810 1135 1875 dicis,
1165 1826 1354 1867 verum
1378 1813 1539 1866 etiam
1562 1812 1698 1868 alios
1731 1820 1783 1867 te
1804 1829 1965 1883 posse

395 1897 591 1956 docere
617 1899 889 1969 gloriaris.

465 1985 667 2042 GREG.
698 1987 838 2043 Num
867 1988 1012 2043 enim
1059 2005 1208 2055 vere,
1239 1989 1348 2053 dic,
1382 1988 1562 2056 sodes,
1596 1992 1822 2048 moleste
1867 1992 1965 2046 ha-

394 2075 514 2138 ben
557 2080 1048 2145 praestarcomnino
1081 2081 1175 2150 qui
1205 2096 1313 2134 non
1337 2083 1749 2152 concupiscant,
1778 2083 1844 2139 iis
1869 2085 1963 2155 qui

395 2171 844 2240 concupiscentes
890 2187 1012 2228 sese
1058 2174 1341 2228 continent
1391 2182 1444 2229 et
1497 2189 1527 2228 a
1572 2176 1960 2246 cupiditatibus

392 2264 839 2331 temperant?An
866 2281 1092 2335 prorsus
1124 2281 1222 2335 per
1253 2265 1357 2322 ista
1385 2267 1516 2321 mihi
1545 2268 1761 2324 illudis?

462 2347 711 2407 EUBUL.
740 2353 858 2420 Qua
906 2371 1034 2411 vero
1075 2357 1285 2414 ratione
1332 2365 1550 2414 tentans
1597 2359 1793 2432 loquor
1838 2375 1961 2431 qua

391 2441 603 2498 nescire
637 2460 721 2499 me
748 2443 956 2506 fatear?
989 2446 1095 2503 Sed
1126 2466 1242 2521 age,
1267 2451 1486 2520 loquere
1514 2451 1650 2520 jam,
1673 2453 1960 2522 sapientis-

391 2534 527 2587 sima
561 2553 572 2587 :
611 2534 665 2588 in
692 2551 926 2606 quonam
956 2541 1247 2606 excellunt,
1278 2543 1370 2612 qui
1420 2559 1529 2597 non
1567 2545 1958 2615 concupiscen-

388 2630 471 2680 tes
501 2626 638 2682 casti
670 2635 830 2695 sunt,
864 2645 1029 2700 supra
1062 2633 1183 2688 illos
1231 2634 1326 2705 qui
1355 2635 1813 2706 concupiscentia:
1843 2638 1957 2693 col-

387 2714 655 2772 luctantes
681 2717 1043 2789 virginitatem
1063 2725 1317 2778 servant?

455 2804 661 2861 GREG.
695 2806 753 2862 In
781 2825 846 2864 eo
866 2813 1098 2880 primum
1122 2815 1264 2883 quod
1289 2816 1461 2885 ipsum
1485 2819 1724 2873 animum
1757 2836 1954 2890 purum

385 2896 606 2960 habent,
637 2914 700 2953 ac
733 2901 787 2954 in
825 2916 890 2957 eo
917 2900 1151 2972 Spiritus
1198 2919 1419 2962 sanctus
1466 2925 1680 2980 semper
1708 2912 1950 2977 habitat,

383 3002 545 3056 quem
573 2989 755 3044 nullus
777 2990 1439 3063 distrahatcogitationum
1457 3008 1642 3064 aestus,
1668 3017 1952 3056 serenum-

383 3095 490 3148 que
529 3083 724 3138 mentis
775 3085 1036 3154 impudici
1069 3097 1246 3143 motus
1295 3105 1596 3162 sensusque
1650 3095 1781 3148 nulli
1829 3095 1952 3149 inti-

380 3171 548 3238 ciant,
582 3179 640 3227 ut
669 3174 750 3228 vel
781 3190 845 3230 ea
889 3184 1042 3246 parte
1093 3178 1252 3231 ullam
1295 3197 1530 3251 unquam
1583 3183 1828 3238 incurrat
1873 3185 1952 3238 la-

381 3264 501 3318 bem
529 3282 542 3319 :
574 3266 666 3335 qui
695 3267 952 3322 nimirum
977 3280 1090 3323 tum
1121 3286 1284 3327 carne
1318 3282 1431 3328 tum
1477 3276 1690 3342 animo,
1746 3278 1949 3334 sedatis

380 3355 665 3426 aﬂectibus
694 3373 758 3412 ac
786 3362 1082 3431 tranquillo
1107 3363 1381 3433 fruentes,
1433 3368 1786 3439 cupiditatem
1834 3385 1950 3426 om-

378 3447 529 3502 nino‘
544 3463 652 3503 non
673 3450 986 3507 admittunt.
1022 3453 1126 3522 Qui
1160 3473 1288 3513 vero
1316 3475 1575 3516 sensuum
1596 3462 1729 3517 visis
1758 3462 1944 3530 illecti,

377 3539 632 3601 obscenis
665 3541 848 3598 animo
897 3545 1225 3618 imaginibus
1257 3553 1545 3607 turbantur
1569 3591 1583 3616 ,
1636 3552 1946 3609 distillatio-

377 3646 610 3702 nemque
631 3635 774 3689 velut
810 3652 907 3706 per
935 3639 1103 3696 rimas
1125 3641 1181 3696 in
1212 3657 1308 3696 cor
1338 3643 1613 3700 inﬂuentis
1631 3644 1945 3716 cupiditatis

375 3724 664 3793 recipiunt,
705 3730 929 3798 perinde
956 3734 1152 3803 saepius
1182 3735 1517 3804 polluuntur,
1547 3743 1845 3808 putantque
1885 3755 1945 3795 se

375 3814 546 3876 obniti
589 3824 750 3887 atque
782 3836 963 3893 pugna
995 3823 1237 3896 defungi,
1267 3841 1391 3882 cum
1423 3829 1605 3883 animo
1629 3830 1939 3886 vincantur.

443 3905 696 3985 EUBUL.
729 3909 871 3982 Ergo
896 3930 1061 3984 puros
1086 3933 1180 3974 eos
1207 3919 1452 3975 dicemus
1473 3921 1565 3990 qui
1592 3937 1785 3977 sereno
1819 3937 1944 3992 gau-

371 3997 569 4064 deant;
611 4016 676 4056 ac
710 4005 908 4073 quibus
941 4009 1210 4080 cupiditas
1243 4027 1339 4068 seu
1381 4013 1550 4082 libido
1584 4015 1721 4069 nihil
1772 4016 1941 4070 inter-

371 4092 589 4152 turbet?

442 4181 646 4239 GREG.
682 4184 902 4258 Utique.
933 4189 1044 4248 Hos
1084 4194 1228 4249 enim
1255 4196 1411 4263 tales,
1435 4197 1529 4268 qui
1567 4205 1622 4253 et
1649 4199 1780 4256 deos
1808 4198 1940 4254 facit

370 4277 428 4349 in
453 4278 880 4338 beatitudinibus
899 4323 914 4347 ,
945 4275 1465 4346 indubitata'mente
1508 4292 1792 4348 credentes
1815 4332 1831 4356 ,
1879 4291 1940 4346 li-

2066 1837 2204 1890 γεις,
2233 1818 2365 1872 ἀλλὰ
2391 1818 2483 1872 καὶ
2513 1817 2780 1876 διδάσκειν
2805 1817 2988 1887 ἕτερον
3017 1814 3277 1887 σεμνύνῃ.

2134 1995 2330 2051 ΓΡΗΓ.
2371 1995 2442 2048 Σὺ
2494 1993 2602 2064 γὰρ
2644 1991 2703 2058 ἐξ
2748 1992 3021 2065 ἀληθείας,
3053 1989 3174 2044 είπέ
3207 2006 3317 2062 μοι,
3347 1989 3631 2060 δυσχεραί-

2063 2105 2193 2153 νεις,
2229 2090 2276 2140 εἰ
2314 2086 2658 2158 διαφέρουσιν
2701 2085 2836 2148 ὅλως
2865 2084 2976 2156 (62)
3025 2083 3073 2136 οἱ
3122 2082 3195 2154 μὴ
3241 2080 3629 2152 ἐπιθυμοῦντες

2061 2181 2168 2236 τῶν
2197 2178 2603 2251 ἐπιθυμούντων
2641 2195 2699 2230 τε
2736 2179 2829 2232 καὶ
2867 2175 3347 2248 ἐγκρατουμένωνς
3387 2176 3458 2229 ’Ἡ
3489 2174 3627 2231 πάν-

2059 2291 2170 2338 τως
2202 2272 2338 2344 ἐμοῦ
2364 2271 2535 2325 ταῦτα
2569 2269 2963 2344 προσπαίζεις;

2133 2365 2422 2418 ΕΥΒΟΥΛ.
2467 2365 2576 2418 Καὶ
2608 2362 2725 2426 πῶς
2757 2358 3180 2433 ἁποπειρωμὲνη
3206 2357 3336 2430 (65),
3371 2358 3405 2430 ἥ
3433 2359 3628 2429 ὁμολο-

2059 2458 2140 2527 γῶ
2176 2458 2249 2529 μὴ
2280 2458 2475 2512 εἰδέναι
2500 2475 2514 2524 ;
2551 2457 2690 2511 Ἀλλ’
2723 2455 2815 2517 ἴθι,
2843 2455 3047 2526 φράσον
3077 2453 3218 2524 ἐμοὶ,
3243 2444 3287 2502 ὦ
3319 2451 3624 2522 σοφωτάτη,

2057 2550 2162 2603 τίνι
2196 2547 2540 2619 διαφέρουσιν
2572 2546 2622 2599 oi
2654 2546 2727 2616 μὴ
2761 2543 3153 2614 ἐπιθυμοῦντες
3184 2544 3278 2594 καὶ
3307 2539 3623 2610 ἁγνεύοντες

2057 2641 2165 2696 τῶν
2194 2639 2598 2712 ἐπιθυμούντων
2630 2655 2689 2691 τε
2719 2637 2814 2692 καὶ
2846 2635 3279 2708 παρθενευόντων
3311 2680 3317 2688 .

2126 2825 2321 2877 ΓΡΗΓ.
2361 2824 2476 2877 Ὀτι
2509 2820 2724 2893 πρῶτον
2768 2820 2870 2891 μὲν
2915 2817 3158 2890 καθαρὰν
3203 2816 3414 2887 ἔχουσιν
3451 2810 3623 2884 (λιτὴ)

2053 2916 2150 2988 τὴν
2183 2916 2378 2987 ψυχὴν,
2411 2917 2501 2969 καὶ
2530 2915 2615 2968 ἀεὶ
2642 2915 2703 2966 τὸ
2734 2911 2955 2982 Πνεῦμα
2979 2912 3037 2965 τὸ
3061 2913 3212 2980 άγιον
3239 2913 3296 2963 ἐν
3324 2909 3458 2979 αὐτῇ
3493 2922 3624 2962 κατ-

2055 3010 2224 3071 οικεῖ,
2277 3005 2349 3076 μὴ
2385 3004 2807 3076 περιελκομένης
2846 3001 3016 3072 αὐτῆς
3060 3003 3155 3054 καὶ
3203 2998 3622 3070 ὲπιθολουμένης

2055 3097 2368 3168 φαντασίαις
2398 3097 2491 3149 καὶ
2519 3097 2794 3166 λογισμοῖς
2815 3094 3105 3166 ἀκρασίας,
3136 3092 3273 3146 ὥστε
3299 3091 3511 3162 καὶτῆς
3535 3093 3622 3145 ὲν-

2052 3191 2335 3263 Θυμήσεως
2361 3189 2759 3260 ὲπιλωῦηθῆναί
2792 3206 2919 3241 ποτε
2944 3205 2957 3218 ·
2991 3188 3102 3241 ἀλλ’
3127 3187 3260 3240 εἰσὶν
3283 3185 3618 3238 ἀνεπίδεκτοι

2050 3281 2225 3352 πάντη
2254 3280 2348 3334 καὶ
2373 3281 2514 3335 κατὰ
2539 3279 2637 3352 τὴν
2662 3280 2837 3350 σάρκα
2867 3279 2962 3332 καὶ
2983 3278 3078 3350 τὴν
3102 3278 3326 3350 καρδίαν
3353 3273 3494 3332 οὗτοι
3519 3277 3617 3347 τῆς

2049 3371 2364 3442 ἐπιθυμίας,
2396 3371 2635 3442 γαλήνην
2671 3371 2895 3438 ἄγοντες
2940 3370 3045 3422 τῶν
3078 3369 3431 3440 παθημάτων.
3469 3370 3531 3420 Οἱ
3559 3367 3616 3420 δὲ

2046 3464 2134 3519 διά
2164 3463 2264 3533 τῆς
2291 3461 2463 3531 ὅψεως
2496 3460 2692 3528 ἔξωθεν
2717 3459 3088 3531 δελεαζόμενοι
3122 3463 3240 3524 ταῖς
3273 3460 3613 3530 φαντασίαις,

2046 3551 2138 3604 καὶ
2165 3551 2551 3622 ὲπεισρὲουσαν
2573 3549 2848 3619 δεχόμενοι
2873 3549 2970 3620 τὴν
3000 3549 3288 3620 ἐπιθυμίαν
3315 3549 3468 3620 δίκην
3493 3547 3616 3620 ῥεύ-

2048 3659 2215 3712 ματος
2247 3644 2327 3706 είς
2357 3643 2456 3713 τὴν
2497 3641 2744 3712 καρδίαν,
2777 3641 2930 3694 οὐδὲν
2955 3637 3116 3714 ἦττον
3151 3640 3465 3712 μολύνονται
3488 3641 3616 3694 πολ-

2043 3733 2216 3798 λάκις,
2263 3736 2356 3788 καὶ
2401 3735 2707 3804 νομίζουσιν
2747 3734 3188 3802 ἀντιφιλονεικεῖν
3221 3735 3313 3786 καὶ
3349 3733 3612 3805 μάχεσθαι

2044 3825 2179 3896 πρὸς
2207 3825 2306 3887 τὰς
2332 3824 2543 3895 ἡδονὰς,
2574 3823 2874 3895 ἡττώμενοι
2899 3825 2990 3877 τὸν
3019 3823 3300 3896 λογισμὸνέ

2110 3917 2403 3970 ΕΥΒΟΥΛ.
2446 3917 2652 3970 Ούκοῦν
2685 3921 2808 3981 τοὺς
2830 3917 3068 3989 γαλήνην
3097 3917 3344 3986 ἄγοντας,
3392 3916 3485 3970 καὶ
3537 3916 3612 3988 μὴ

2039 4009 2449 4081 διοχλουμένους
2491 4009 2595 4064 ὑπὸ
2643 4010 2743 4081 τῆς
2787 4009 3115 4080 ἐπιθυμίας,
3163 4009 3386 4080 λέξομεν
3442 4009 3614 4064 καθα-

2041 4116 2198 4172 pons;

2109 4192 2305 4245 ΓΡΗΓ.
2347 4193 2457 4245 Καὶ
2504 4191 2664 4262 μάλα.
2693 4189 2929 4256 Τούτους
2972 4193 3079 4265 γάρ
3128 4192 3399 4255 τοιούτους
3441 4195 3469 4246 ὁ
3517 4195 3610 4248 καὶ

2039 4283 2192 4348 θεοὺς
2219 4283 2306 4336 διὰ
2332 4284 2440 4336 τῶν
2466 4282 2827 4354 μακαρισμῶν
2847 4283 3289 4354 ἀπεργαζόμενος
3307 4285 3432 4348 τοὺς
3448 4285 3605 4338 ἀνεν-

368 4368 498 4428 here
520 4368 690 4426 Deum
728 4372 946 4432 visuros
991 4374 1135 4447 Deus
1167 4381 1482 4449 pronuntiat
1507 4385 1590 4438 “z
1625 4383 1768 4454 quod
1799 4384 1936 4439 nihil

2067 4378 2295 4440 οιάστως
2357 4376 2506 4447 αὐτῷ
2554 4376 2914 4440 πιστεύοντας·
2961 4376 3115 4440 Θεὸς,
3167 4376 3394 4446 ὄψεσθαι
3471 4377 3608 4448 μετὰ

365 4457 692 4525 obscurans,
721 4471 815 4518 aut
841 4464 1044 4522 mentis
1085 4469 1302 4525 oculum
1327 4471 1627 4546 obturbans
1658 4473 1887 4529 afferunt
1913 4514 1930 4551 ,

440 4598 486 4630 ³³
535 4595 727 4652 Matth.
758 4616 810 4667 v,
842 4599 896 4655 8.

363 4719 736 4796 eju_s_se__d_icta
761 4731 1008 4777 astruere
1038 4726 1438 4796 achopiuionem
1463 4727 1675 4796 fulcire,
1693 4729 1932 4786 diceret:

360 4791 543 4864 etsiis
570 4792 646 4844 illi
679 4789 818 4864 forte
850 4808 1048 4864 scapus
1077 4789 1462 4863 disputationis
1487 4789 1738 4854 exsistat.
1760 4801 1930 4857 Cous.

433 4860 545 4940 (οι)
574 4860 974 4940 Κωτί.βος.-Ιῑῖὶ
1019 4860 1324 4922 Ροεεῐιιίυε.
1381 4867 1450 4921 At
1491 4869 1720 4926 Allatius
1771 4872 1936 4940 ίΣκω-

362 4931 570 4994 πτίλος,
596 4933 842 4986 mordax.
876 4932 951 4987 In.

432 5001 542 5072 (62)
562 5003 630 5054 El
659 5002 1044 5071 διαφέρουσιν
1066 5005 1239 5079 ὅλως.
1271 5007 1413 5079 Bene
1447 5008 1748 5068 Possiuius.
1797 5027 1934 5079 pra:-

361 5079 522 5150 θέαι-ε,
574 5087 682 5150 quo
715 5089 878 5150 sensu
916 5091 1047 5129 voce
1091 5076 1490 5150 διαφορώτερον
1545 5097 1678 5135 usus
1727 5076 1930 5138 Paulus

363 5137 678 5221 [ﬂlebr.t,'4,
713 5143 804 5196 ubi
865 5145 1092 5221 interpr.
1132 5137 1494 5221 diﬁe'rentiits;
1533 5152 1678 5221 quod
1726 5137 1930 5207 clarius

359 5210 577 5291 fuisset,
611 5215 995 5291 ρι’ωιςιαηιίιιδζ
1010 5210 1379 5291 ἐπεάίξηιίιιε.
1423 5210 1565 5277 Bene
1593 5232 1770 5276 autem
1820 5221 1929 5279 Me-

360 5281 582 5362 thodius
616 5282 668 5334 in
694 5298 927 5362 persona
957 5285 1199 5362 Gregorii
1234 5292 1437 5357 primas
1471 5293 1662 5346 tribuit
1715 5293 1801 5346 liis
1833 5292 1930 5362 qui

359 5361 486 5432 sunt
508 5352 820 5432 depurgatae
848 5352 1143 5421 mentisfct
1175 5352 1344 5432 ipsam
1377 5362 1552 5432 adepti
1588 5369 1714 5416 sunt
1739 5352 1932 5432 imper-

359 5421 686 5476 turbatiouis
729 5437 930 5502 arcem,
952 5435 1033 5502 __ut
1061 5443 1166 5502 nec
1192 5421 1431 5502 :animus
1480 5421 1926 5502 cogitationibus,

358 5508 456 5564 nec
486 5507 687 5564 corpus
727 5491 868 5546 ftcda
914 5496 1021 5548 ulla
1076 5497 1301 5553 libidine
1334 5491 1583 5564 sordeat:
1629 5503 1724 5558 sed
1781 5491 1929 5559 totus

356 5563 518 5641 liomo
549 5561 641 5618 Dei
665 5563 1038 5641 babitaculum
1056 5569 1462 5635 pacatissimum
1485 5561 1734 5635 exsistat,
1752 5587 1926 5641 quan-

355 5640 469 5708 tum
498 5649 604 5708 _pcr
632 5633 731 5686 viae
763 5633 963 5708 statum
993 5633 1220 5708 ejusque
1270 5642 1656 5708 perfectionem
1690 5633 1922 5697 necdum

355 5703 661 5771 absolutam
692 5711 745 5759 et
772 5704 826 5768 in
865 5706 1099 5761 termino
1132 5703 1292 5774 licet}
1342 5714 1558 5767 tametsi
1603 5713 1708 5768 boc
1742 5713 1920 5769 iosum

2041 4470 2350 4542 παρρησίας
2388 4467 2792 4537 ἀποφθέγγεται
2839 4468 2931 4521 τὸν
2979 4467 3111 4522 Θεόν
3135 4484 3149 4498 ’
3185 4469 3266 4521 ὅτι
3297 4468 3462 4539 μηδὲν
3490 4469 3609 4521 ἐπι-

2038 4737 2282 4784 evertere
2312 4730 2522 4783 videtur
2553 4729 2605 4782 in
2634 4743 2863 4798 persona
2896 4725 3114 4780 Eubulii
3151 4741 3163 4778 :
3199 4739 3320 4798 quae
3352 4723 3468 4793 ipsa
3491 4741 3600 4779 non

2036 4801 2268 4854 arduum
2297 4800 2609 4856 conciliare.
2631 4796 2793 4868 penes
2829 4798 3061 4852 arduum
3090 4812 3158 4852 ex
3197 4796 3411 4867 objecto
3451 4804 3505 4850 et
3533 4812 3601 4851 ex

2035 4870 2264 4938 subjecti
2295 4869 2720 4940 imperfectione.
2754 4869 2830 4940 lo.

2105 4934 2213 5010 (63)
2248 4934 2386 5005 Πῶξ
2407 4939 2875 5010 ἀποπειρωμένη.
2903 4937 3192 4992 Eubulium
3225 4934 3409 5010 refert,
3439 4951 3597 5010 _non_,

2035 5018 2094 5065 ut
2115 5007 2424 5073 'Possiuius,
2450 5009 2767 5080 Gregorium
2796 5027 2810 5074 ;
2846 5010 2986 5080 apud
3016 5023 3176 5078 quem
3223 5007 3362 5080 malle
3403 5007 3484 5069 τὸ,
3529 5007 3599 5080 μὲ

2032 5081 2251 5138 εἰδέναι.
2305 5096 2422 5149 pro,
2478 5077 2790 5150 μὴέἰδέναι.
2833 5077 2991 5133 Clara
3017 5077 3284 5133 sententia
3318 5079 3599 5150 :ostcndit

2031 5167 2140 5205 non
2177 5146 2416 5205 tentandi
2455 5146 2616 5205 causa
2651 5151 2956 5220 percontari
2987 5164 3108 5218 qua:
3147 5163 3206 5202 se
3250 5147 3462 5220 nescire
3516 5146 3598 5200 l'a-

2031 5230 2238 5287 tentur;
2278 5222 2354 5275 uti
2397 5223 2558 5274 etiam
2602 5217 2835 5274 reddidit
2864 5217 3114 5281 Allatius,
3138 5217 3279 5287 apud
3325 5233 3485 5286 quem
3510 5224 3596 5271 est

2033 5293 2392 5367 masculinum
2424 5290 2871 5367 ἀποπειρώμενος
2901 5309 2913 5344 :
2953 5293 3032 5367 sic
3060 5290 3220 5367 etiam
3247 5301 3409 5367 supra
3463 5303 3593 5367 pro-

2030 5363 2262 5426 miscue,
2289 5363 2405 5416 sive
2441 5363 2510 5416 ab
2544 5357 2851 5430 ant'iquario
2881 5370 2966 5415 est
2996 5361 3109 5430 haec
3138 5357 3453 5430 ἀδιαφορία,
3478 5357 3595 5430 sive

2032 5432 2263 5511 ab_ipso
2308 5428 2861 5511 Methodiotratlioue
2890 5446 3040 5511 ante
3084 5429 3195 5511 jam
3224 5444 3289 5481 ex
3331 5428 3596 5511 Apostolo

2031 5497 2332 5566 insinuata,
2356 5502 2500 5572 quod
2529 5505 2580 5556 in
2603 5497 2856 5563 Christo,
2892 5507 2946 5555 et
2976 5507 3034 5553 ut
3074 5499 3156 5572 sis
3201 5512 3413 5572 sponsa
3433 5497 3594 5572 Chri-

1979 5574 1981 5576 ’
2031 5575 2100 5653 sti
2122 5590 2186 5653 ac
2215 5566 2390 5646 virgo;
2423 5573 2646 5653 perinde
2678 5581 2785 5638 est,
2815 5572 2929 5628 sive
2955 5566 3368 5627 masculus’sive
3392 5566 3590 5624 femina

2029 5648 2124 5700 sis.
2156 5643 2232 5704 In.
