3864 6162
195 272 300 320 ιη

1291 266 1676 324 CONVIVIUM
1718 265 1947 322 DECEM
1988 265 2352 323 VIRGINUM.

3345 268 3454 323 1l8

169 355 429 436 ’σκοτοῦν
453 383 486 454 ἢ
513 384 877 454 συνταράσσον
902 384 990 438 τὸν
1018 383 1293 455 ὀφθαλμὸν
1321 384 1416 454 τῆς
1440 382 1615 453 ψυχῆς
1643 381 1777 454 πρὸς

1901 396 1988 452 luo
2015 383 2199 437 minus
2244 382 2300 436 in
2351 379 2448 436 Dei
2497 379 2764 436 visionem
2798 381 3118 452 intendant;
3168 382 3265 440 sed
3306 387 3456 439 omni

196 473 297 545 τὴν
323 473 474 528 θείαν
507 475 857 546 ἐπιφέρονται
891 475 1147 548 θεωρίανο
1173 476 1286 530 ἀλλ’
1319 475 1474 540 ἐκτὸς
1499 476 1779 545 γεγονότες

197 565 311 620 τῶν
341 565 574 638 ὀρέξεων
598 568 771 640 πάντη
801 567 912 622 τῶν
942 568 1242 639 κοσμικῶν,
1271 567 1372 640 τὴν
1408 567 1585 639 σάρκα
1611 567 1780 622 καθα-

202 658 304 728 ρὰν
349 659 411 710 οὐ
462 659 642 728 μόνον,
675 659 750 724 ὡς
790 659 946 731 ἔφην,
981 659 1180 731 μίξεως
1220 659 1499 732 τηροῦσιν,
1537 660 1650 714 ἀλλ’
1678 660 1778 730 ἤδη

197 750 295 803 καὶ
326 750 427 821 τὴν
453 752 680 822 καρδίαν
713 753 1060 806 ἀνεπίδεκτον
1089 753 1362 824 λογισμῶν
1401 753 1690 824 ἀκρασίας,
1721 754 1778 804 ἐν

197 835 232 914 ᾖ
266 841 504 912 μάλιστα
549 843 643 896 καὶ
679 844 740 897 τὸ
781 845 958 913 ἅγιον,
984 844 1060 908 ὡς
1086 846 1144 898 ὲν
1172 843 1304 915 ναῷ,
1340 844 1623 898 κατοικοῦν
1651 847 1780 898 άνα-

199 933 439 987 παύεται
464 934 710 1006 Πνεῦμα.

271 1022 568 1077 ΕΥΒΟΥΛ.
615 1025 744 1094 Ἔχε
791 1025 876 1096 δή.
921 1021 1086 1096 Οἶμαι
1134 1027 1242 1099 γὰρ
1291 1027 1384 1081 ἐπὶ
1429 1025 1527 1096 τὴν
1561 1024 1778 1097 εὕρεσιν

198 1115 312 1170 τῶν
340 1115 510 1179 ὅντως
532 1117 852 1188 κρειττόνων
882 1117 1167 1189 ὀρθότερον
1198 1119 1343 1190 ἡμᾶς
1371 1117 1618 1171 ἐντεῦθεν
1641 1117 1776 1170 διελ-

201 1206 338 1262 θεῖν.
369 1207 478 1261 Καί
511 1225 601 1279 μοι
627 1209 861 1281 φράσονο
898 1209 1078 1274 καλεῖς
1117 1228 1237 1265 τινα
1269 1210 1607 1284 κυϐερνήτην
1639 1212 1778 1280 ἁγα-

201 1298 333 1364 θόν;

275 1392 474 1447 ΓΡΗΓ.
520 1394 754 1462 Ἔγωγε.

276 1483 572 1540 ΕΥΒΟΥΛ.
614 1486 848 1558 Πότερον
874 1486 967 1540 τὸν
987 1487 1044 1540 ὲν
1078 1487 1340 1558 μεγάλαις
1359 1491 1453 1544 καὶ
1478 1490 1780 1561 ἀμηχάνοις

201 1573 587 1646 περισώσαντα
636 1577 823 1642 ζάλαις
871 1579 932 1634 τὸ
989 1581 1214 1652 σκάφος,
1249 1583 1282 1654 ἢ
1333 1585 1422 1637 τὸν
1474 1587 1532 1638 ὲν
1570 1584 1780 1657 γαλήνῃ

199 1666 468 1738 maele;

279 1849 477 1902 ΓΡΗΓ.
520 1849 624 1903 Τὸν
659 1850 717 1902 ὲν
753 1849 1015 1921 μεγάλαις
1043 1850 1137 1905 καὶ¹
1163 1850 1484 1923 ἀμηχάνοις.

279 1940 572 1996 ΕΥΒΟΥΛ.
613 1940 819 1996 οὐκοῦν
847 1943 940 1996 καὶ
967 1943 1142 2014 ψυχὴν
1165 1945 1261 2015 τὴν
1289 1962 1354 1998 πε
1364 1947 1782 2022 ριαντλουμὲνην

202 2033 328 2096 ταϊς
349 2031 664 2104 τρικυμίαις
691 2033 1184 2106 τῶν’παθημάτων,
1215 2037 1309 2090 καὶ
1337 2039 1410 2112 μὴ
1439 2040 1783 2112 ἀποκάμνου-

208 2143 314 2181 σαν
342 2127 378 2198 ἢ
408 2126 754 2200 ὲκλυομένην,
785 2128 918 2182 ἀλλὰ
949 2129 1012 2183 τδ
1045 2129 1270 2200 σκάφος,
1302 2131 1400 2204 τὴν
1427 2134 1624 2205 σάρκα,
1656 2153 1780 2204 γεν-

207 2219 376 2283 ναίως
405 2221 482 2284 είς
511 2220 702 2292 λιμένα
729 2222 820 2275 τὸν
854 2225 952 2295 τῆς
977 2225 1326 2297 σωφροσύνης
1354 2226 1780 2296 άτιευθύνουσαν,

207 2309 437 2382 λέξομεν
465 2312 566 2382 τῆς
594 2316 650 2365 ὲν
679 2313 829 2385 εὐδίᾳ
856 2315 1212 2388 πλοῖζομένης
1241 2317 1524 2388 κρείττονα
1565 2319 1658 2372 καὶ
1697 2319 1784 2373 δο-

209 2403 546 2474 κιμωτέραν.

287 2586 486 2642 ΓΡΗΓ.
528 2587 788 2659 Λέξομεν.

286 2680 580 2734 ΕΥΒΟΥΛ.
624 2679 697 2734 Τὸ
726 2681 836 2753 γάρ
873 2681 1205 2752 ἁρμόζεσθαι
1236 2682 1370 2755 πρὸς
1413 2681 1511 2747 τὰς
1553 2681 1786 2754 ἐμϐολὰς

210 2767 324 2822 τῶν
350 2771 828 2842 καταφυσημάτων
846 2769 940 2823 τοῦ
967 2771 1202 2842 πονηροῦ
1230 2771 1558 2842 πνεύματος,
1590 2773 1682 2826 καὶ
1711 2771 1786 2843 μὴ

214 2863 703 2934 ἀπορρίπτεσθαιῆ
733 2862 1006 2925 νικᾶσθαι,
1032 2863 1170 2918 ἀλλὰ
1200 2865 1373 2918 πάντα
1400 2864 1536 2934 πρὸς
1556 2863 1786 2934 Χριστὸν
1826 2919 1835 2925 _

216 2953 568 3018 ἀνανεύοντα,
600 2954 880 3027 καρτερῶς
913 2955 1174 3025 μάχεσθαι
1195 2959 1314 3019 ταῖς
1339 2956 1573 3027 ἡδοναῖς,
1609 2954 1789 3026 μείζο-

1878 487 2062 527 rerum
2093 472 2436 528 saecularium
2465 471 2764 541 cupiditate
2785 473 3084 542 eliminata,
3107 475 3305 529 nedum
3334 489 3459 528 car-

1878 577 2002 617 nem
2029 602 2044 626 ,
2073 563 2152 617 uti
2181 561 2452 626 dicebam,
2483 579 2513 618 a
2549 563 2828 620 libidinosi
2855 579 3189 635 congressus
3219 567 3459 637 turpitu-

1877 653 2004 710 dine
2036 654 2332 709 immuncm
2373 664 2628 721 servant;
2661 671 2848 711 verum
2884 658 3046 711 etiam
3072 665 3132 710 ut
3159 657 3344 712 condis
3367 671 3460 727 pe-

1878 747 2086 802 netrale
2115 747 2193 817 (in
2227 763 2336 817 quo
2367 756 2420 802 et
2467 749 2721 806 maxime.
2749 757 2808 802 ut
2854 749 2909 802 in
2963 750 3184 819 templo,
3220 748 3459 820 Spiritus

1879 844 2103 892 sanctus
2131 839 2470 908 conquiescit
2500 847 2554 893 et
2595 839 2827 910 habitat)
2860 841 3026 897 nullis
3055 841 3313 897 obscenis
3363 855 3459 896 co-

1879 931 2230 1001 gitationibus
2263 939 2460 1000 pateat,
2491 932 2682 986 sedulo
2703 941 2905 986 navant
2939 948 3182 1003 operam.

1953 1021 2205 1078 EUBUL.
2240 1020 2384 1078 Siste
2435 1025 2571 1091 jam.
2629 1023 2766 1079 Puto
2797 1027 2940 1080 enim
2990 1025 3055 1079 ad
3091 1026 3460 1098 investigatio«

1880 1128 2003 1167 nem
2030 1115 2152 1184 ejus
2198 1116 2344 1186 quod
2375 1132 2499 1171 vere
2552 1118 2901 1187 praestantius
2945 1126 3068 1182 est,
3107 1120 3309 1175 rectius
3355 1136 3458 1176 nos

1879 1206 2008 1262 hinc
2051 1223 2458 1280 progressurus.
2498 1207 2613 1276 Dic,
2641 1225 2848 1282 quaeso,
2880 1226 3048 1268 vocas
3089 1213 3324 1284 aliquem
3354 1213 3457 1270 bo-

1880 1317 2010 1355 num
2043 1301 2503 1371 gubernatorem?

1951 1392 2156 1449 GREG.
2195 1392 2360 1450 Sane.

1951 1483 2202 1540 EUBUL.
2257 1485 2429 1551 Quem
2478 1486 2655 1541 vero?
2689 1487 2773 1542 An
2824 1503 2948 1543 eum
2983 1490 3076 1560 qui
3136 1489 3192 1545 in
3244 1493 3458 1564 magnis

1881 1575 2487 1646 vehementissimisque
2519 1577 2936 1646 tempestatibus
2975 1592 3168 1633 navem
3204 1595 3458 1636 servave-

1883 1667 1988 1733 rit;
2022 1681 2091 1721 an
2123 1667 2217 1738 qui
2267 1667 2408 1722 idem
2465 1669 2522 1723 in
2570 1685 2765 1724 serena
2817 1671 3212 1740 tranquillitate
3244 1674 3460 1746 prasti-

1882 1759 2046 1814 terit?

1950 1850 2156 1906 GREG.
2194 1848 2394 1922 Utique
2415 1851 2507 1921 qui
2545 1851 2600 1906 in
2633 1852 2846 1924 magnis
2884 1861 2938 1908 et
2961 1853 3170 1910 arduis.

1952 1942 2204 1999 EUBUL.
2231 1943 2398 2014 Igitur
2428 1952 2482 1998 ct
2517 1944 2759 1998 animum
2795 1945 2955 2000 smvis
2985 1946 3455 2016 perturbationum

1881 2031 2458 2103 ﬂuctibusjactatum,
2509 2048 2610 2088 nec
2649 2044 2933 2103 propterea
2983 2042 3238 2088 conatum
3269 2033 3462 2088 remit-

1883 2135 2082 2182 tentem
2118 2133 2212 2181 aut
2241 2126 2605 2189 fatiscentem,
2636 2126 2731 2181 sed
2749 2126 2996 2196 cymbam
3023 2166 3036 2189 ,
3085 2140 3303 2180 carnem
3350 2126 3459 2178 uti-

1882 2236 2006 2290 que,
2043 2220 2243 2274 invicta
2271 2217 2521 2288 generosi
2554 2218 2817 2288 propositi
2847 2218 3157 2271 constantia
3191 2217 3257 2270 ad
3290 2216 3460 2272 casti.

1882 2312 2010 2366 tatis
2045 2319 2261 2381 portum
2295 2309 2618 2380 dirigentem
2650 2348 2664 2372 ,
2729 2308 3166 2378 pra-.stantiorem
3211 2307 3460 2363 dicemus

1883 2404 2229 2474 probamque
2256 2403 2426 2470 magis
2460 2400 2694 2462 virtutis,
2724 2414 2813 2463 eo,
2845 2400 2937 2469 qui
2981 2399 3036 2452 in
3074 2399 3305 2454 malacia
3359 2412 3458 2470 pa-

1883 2495 1990 2550 cati
2013 2494 2178 2552 maris
2207 2507 2398 2547 secure
2419 2490 2766 2561 jucundeque
2797 2491 3031 2560 navigat.

1954 2583 2162 2638 GREG.
2210 2583 2486 2638 Dicemus.

1884 2681 1904 2690 “
1956 2675 2205 2733 EUBUL.
2233 2675 2367 2729 Nam
2395 2675 2564 2729 obniti
2592 2675 2954 2729 renitentibus
2996 2681 3281 2728 ventorum
3313 2670 3456 2726 flati-

1883 2771 2010 2832 bus,
2033 2785 2172 2837 quos
2217 2774 2409 2822 contra
2461 2765 2704 2819 immittit
2761 2781 2994 2836 nequam
3047 2766 3318 2836 spiritus:
3355 2779 3458 2820 nec

1885 2861 2087 2916 inflecti
2116 2869 2296 2915 tamen
2328 2873 2566 2928 unquam
2589 2859 2816 2927 dejicive
2842 2867 2935 2912 aut
2964 2858 3134 2926 vinci;
3183 2856 3314 2928 quin
3362 2870 3461 2926 po-

1886 2953 1996 3008 tius
2027 2952 2210 3006 animo
2259 2963 2473 3018 semper
2521 2947 2576 3002 in
2603 2947 2880 3004 Christum
2945 2948 3190 3011 intento,
3249 2945 3464 3001 fortiter

213 3063 288 3099 να
315 3044 408 3100 τὸν
445 3046 666 3100 ἔπαινον
689 3047 862 3119 φέρει,
890 3047 985 3102 τοῦ
1022 3049 1158 3120 μετὰ
1187 3048 1466 3122 ῥᾳστώνης
1499 3048 1786 3122 ἁχειμαστὶ

1901 3057 2196 3115 repugnare
2227 3041 2617 3112 voluptatibus,
2651 3042 2911 3111 majorem
2945 3039 3188 3111 profecto
3243 3036 3458 3092 iaudem

216 3137 662 3208 παρθενεύοντος.

289 3317 490 3377 ΓΡΗΓ.
534 3319 736 3371 Ἐοικε.

289 3409 588 3465 ΕΥΒΟΥΛ.
630 3411 695 3462 Τί
722 3410 777 3463 δὲ
809 3411 903 3464 καὶ
931 3410 958 3464 ὁ
984 3408 1187 3482 Κύριος
1210 3427 1224 3475 ;
1259 3411 1333 3464 Οὐ
1359 3409 1505 3463 δοκεῖ
1520 3409 1790 3464 δεικνύναι

218 3501 495 3574 διαφέρειν
523 3503 612 3556 τὸν
639 3502 1004 3573 ἐπιθυμοῦντα
1038 3502 1232 3572 μᾶλλον
1268 3502 1360 3556 καὶ
1395 3501 1794 3574 ὲγκρατεύοντα

217 3592 312 3647 τοῦ
348 3592 424 3666 μὴ
451 3591 845 3665 ὲπιθυμοῦντός
869 3611 930 3648 τε
963 3595 1058 3648 καὶ
1092 3593 1550 3666 παρθενεύοντοςς

289 3863 332 3916 Γ
332 3863 490 3916 ΡΗΓ.
534 3863 646 3917 Ποῦ
678 3863 775 3936 δή;

291 3952 590 4006 ΕΥΒΟΥΛ.
637 3953 803 4006 Ἔνθα
851 3953 940 4006 τὸν
974 3953 1233 4025 φρόνιμον
1262 3951 1622 4025 παραϐάλλων
1652 3951 1796 4023 οἰκίᾳ

223 4042 662 4118 τεθεμελιωμένῃ
694 4045 892 4109 καλῶς,
923 4046 1168 4100 ἄπτωτον
1209 4043 1372 4097 αὑτὸν
1418 4043 1793 4112 ἀποφαίνεται,

226 4135 300 4205 μὴ
328 4135 626 4205 δυνάμενον
659 4137 765 4189 ἀπὸ
793 4137 888 4207 τῆς
921 4136 1120 4208 βροχῆς
1145 4137 1238 4190 καὶ
1278 4135 1384 4189 τῶν
1419 4135 1676 4206 ποταμῶν
1703 4135 1798 4188 καὶ

225 4225 331 4278 τῶν
360 4227 579 4299 ἀνέμων
608 4229 1034 4299 καταδληθῆναιο
1064 4231 1186 4292 ταῖς
1219 4228 1318 4300 μὲν
1351 4227 1686 4300 ἐπιθυμίαις,
1721 4225 1797 4292 ὡς

225 4318 417 4386 ιοικεν,
449 4321 762 4386 ἀπεικάζων
801 4322 926 4385 τοὺς
953 4322 1224 4392 χειμῶνας
1243 4337 1257 4353 ο
1287 4324 1354 4393 τῇ
1388 4321 1446 4376 δὲ
1492 4321 1668 4394 πέτρᾳ
1699 4320 1798 4390 τὴν

1892 3137 2067 3201 aﬂ‘ert,
2094 3151 2253 3206 quam
2280 3135 2333 3188 in
2371 3149 2586 3190 amoeno
2609 3134 2873 3203 beatoque
2906 3131 3213 3202 tranquilla:
3236 3127 3464 3201 virgini-

1891 3231 2020 3284 tatis
2055 3235 2213 3298 portu
2241 3226 2508 3282 desidere.

1961 3318 2167 3375 GREG.
2202 3318 2438 3387 Apparet
2468 3317 2541 3370 ita
2560 3329 2706 3371 esse.

1962 3408 2215 3466 EUBUL.
2242 3407 2384 3474 Quid
2434 3422 2564 3461 vero
2589 3413 2642 3460 et
2681 3403 2984 3459 Dominus?
3029 3400 3222 3456 Nonne
3252 3399 3465 3455 videtur

1891 3503 2200 3563 ostendere,
2230 3514 2353 3556 eum
2379 3498 2472 3569 qui
2525 3497 2983 3566 concupiscentia:
3015 3504 3184 3549 (nstro
3223 3492 3464 3562 jactatus

1891 3593 2282 3648 continentiam
2319 3595 2520 3651 teneat,
2549 3588 2705 3658 longe
2739 3587 2817 3640 illi
2851 3585 3184 3657 prmcellere,
3214 3581 3306 3653 qui
3359 3582 3464 3635 bu-

1889 3685 1982 3756 jus
2008 3698 2199 3756 pugnae
2227 3696 2454 3738 securus
2479 3719 2494 3745 ,
2538 3680 2834 3750 sedataque
2876 3686 2971 3732 aut
3012 3676 3162 3731 nulla
3200 3673 3456 3745 concupi-

1895 3775 2121 3839 scentia,
2145 3773 2456 3842 virginitate
2489 3771 2730 3842 fulgeat?

1964 3864 2170 3920 GREG.
2203 3863 2304 3918 Ubi
2339 3879 2466 3918 vero
2489 3864 2603 3918 haec
2638 3862 2939 3918 Dominus?

1965 3955 2214 4012 LUBUL.
2274 3952 2377 4010 Ubi
2449 3956 2706 4010 nimirum
2784 3956 3080 4025 sapientem
3143 3966 3469 4022 comparans

1895 4065 2017 4106 cum
2041 4049 2203 4105 domo
2239 4049 2376 4104 bene
2400 4046 2646 4111 fundata,
2675 4047 3018 4104 inconcussa:
3045 4063 3163 4102 eam
3195 4047 3471 4101 ﬁrmitatis

1896 4157 2017 4196 esse
2046 4141 2328 4204 decernit,
2378 4154 2540 4210 quam
2583 4137 2788 4192 imbres
2839 4138 3110 4192 irruentes
3156 4144 3210 4190 et
3247 4134 3470 4189 ﬂumina

1897 4241 2292 4302 ventorumque
2336 4233 2419 4286 vis
2453 4231 2689 4300 dejicere
2718 4245 2827 4284 non
2879 4230 3114 4300 potuerit
3150 4229 3216 4280 “.
3265 4227 3472 4298 Nempe

1897 4324 2002 4379 hoc
2036 4325 2225 4382 volens
2253 4342 2266 4378 :
2299 4338 2396 4394 per
2426 4331 2780 4392 tempestates
2814 4332 3112 4390 ventosque
3133 4329 3188 4374 et
3218 4319 3430 4390 pluvias
3453 4359 3470 4385 ,

226 4411 481 4483 ἀκίνητον
511 4414 758 4468 ἔνστασιν
804 4415 897 4469 καὶ
929 4416 1267 4472 ἀδιάπτωτον
1311 4415 1412 4486 τῆς
1455 4415 1631 4486 ψυχῆς
1667 4414 1786 4488 περῖ

1901 4416 2354 4487 concupiscentia:
2405 4424 2574 4472 aestus
2623 4414 2938 4486 designari;
2993 4421 3158 4484 petra:
3206 4429 3337 4468 vero
3374 4429 3476 4468 no-

229 4502 322 4576 τὴν
349 4506 593 4575 ἁγνείαν.

295 4775 493 4828 ΓΡΗΓ.
549 4773 748 4843 Ἀληθῆ
774 4772 951 4844 λέγειν
980 4774 1176 4840 δόξαις.

296 4867 596 4921 ΕΥΒΟΥΛ.
636 4866 700 4918 Τί
736 4866 822 4919 δαὶ
851 4867 944 4921 καὶ
967 4869 1176 4938 ἰατρόν;
1210 4870 1282 4922 Οὐ
1309 4869 1398 4923 τὸν
1417 4869 1794 4940 ὲπὶ’μεγάλαις

231 4961 327 5032 ἠδη
370 4959 822 5030 δεδοκιμασμένον
854 4959 1047 5025 νόσοις,
1084 4963 1176 5015 καὶ
1219 4963 1443 5026 πολλοὺς
1488 4963 1796 5034 ἰασάμενον,

232 5055 448 5124 Ξριστον
481 5051 665 5115 καλεῖς
681 5069 695 5116 ;

295 5143 494 5198 ΓΡΗΓ.
541 5145 776 5213 Ἔγωγε.

296 5236 594 5292 ΕΥΒϋΥΔ.
636 5237 739 5288 Τὸν
770 5237 825 5288 δὲ
863 5238 1024 5298 μηδὲν
1073 5237 1295 5310 μηδέπω
1345 5236 1800 5309 διαπραξάμενον,

230 5331 365 5402 μηδὲ
391 5328 680 5394 νοσοῦντας
709 5330 846 5394 ὅλως
877 5331 936 5384 ἑν
964 5333 1151 5402 χερσὶν
1179 5332 1470 5403 ἐσχηκότα,
1507 5331 1566 5384 οὑ
1590 5331 1804 5392 πάντως

231 5422 634 5494 άδοκιμώτερον
663 5421 744 5475 ἔτι
763 5437 779 5488 ;

335 5697 381 5739 "-
420 5693 613 5756 Matth.
652 5714 750 5765 vn,
779 5697 868 5752 24.

1903 4509 2070 4573 mine,
2106 4508 2436 4564 immobilem
2463 4506 2791 4577 virginitatis
2816 4507 3096 4577 proposito
3128 4506 3298 4560 animi
3335 4519 3474 4560 con-

1902 4599 2160 4654 stantiam
2191 4613 2254 4653 ac
2287 4598 2554 4653 castitatis
2585 4597 2972 4654 inconcussum
3022 4605 3266 4654 tenorem
3294 4595 3479 4660 declaa.

1897 4691 2030 4745 rari.

1973 4781 2182 4840 GREG.
2223 4781 2405 4839 Videri
2439 4783 2618 4853 possis
2643 4799 2768 4838 vera
2813 4783 3012 4838 dicere.

1973 4876 2224 4933 EUBU-L.
2274 4876 2416 4943 Quid
2471 4891 2601 4931 vero
2635 4885 2689 4930 et
2727 4875 3041 4931 medicum?
3082 4874 3166 4930 An
3207 4889 3319 4928 non
3353 4888 3476 4927 eum

1905 4985 2071 5025 vocas
2104 4969 2378 5039 babesque
2406 4969 2691 5038 optimum,
2719 4970 2810 5038 qui
2852 4968 2906 5023 in
2947 4969 3157 5038 magnis
3184 4966 3298 5037 jam
3333 4981 3480 5021 mor-

1905 5060 1990 5116 bis
2022 5060 2320 5130 periculum
2353 5060 2500 5124 fecit,
2523 5066 2576 5114 et
2605 5059 2857 5128 plurimis
2879 5058 3166 5115 sanitatem
3201 5056 3482 5114 restituit?

1981 5146 2186 5202 GREG.
2226 5147 2507 5217 Equidem.

1977 5240 2226 5297 EUBUL.
2259 5241 2396 5294 Eum
2427 5249 2606 5294 autem
2640 5239 2732 5310 qui
2767 5240 2975 5296 nullum
3009 5241 3138 5296 dum
3185 5241 3272 5296 sui
3317 5254 3485 5310 expe-

1907 5335 2199 5389 rimentum
2232 5331 2398 5395 dedit,
2437 5331 2714 5400 nullisque
2764 5348 2992 5404 prorsus
3033 5333 3251 5402 aegrotis
3282 5346 3482 5387 consu-

1908 5427 2032 5491 luit,
2064 5441 2246 5482 nonne
2275 5425 2453 5480 adhuc
2485 5423 2670 5482 minus
2721 5427 2942 5483 omnino
2995 5425 3483 5484 commendabilem

1909 5516 2087 5574 dicis?
