3864 6162
411 220 518 278 219

481 331 687 390 GREG.
717 331 896 388 Certe.

481 425 732 482 EUBUL.
763 424 906 495 Ergo
957 434 1014 482 et
1071 427 1310 481 animum
1368 429 1459 498 qui
1509 428 1728 484 mollius
1777 444 1978 498 corpus

409 519 664 582 sustinet,
694 519 923 589 ejusque
945 517 1226 574 libidinum
1255 531 1388 574 aestu
1411 521 1781 590 aegritudines,
1808 523 1978 576 casti-

1287 219 1347 276 S.
1389 217 1721 277 METHODil
1759 216 2144 276 CONVlVlUM
2184 215 2412 270 DECEM
2453 212 2810 269 VIRGINUM.
3552 219 3654 273 2‘30

2011 347 2055 398 Α
2154 332 2350 385 l‘PHl‘.
2393 331 2517 384 Nai.

2156 424 2445 477 ΕΥΒυΥΛ.
2485 423 2690 477 Οὐκοῦν
2706 424 2801 477 καὶ
2827 422 3000 494 ψυχὴν
3028 423 3124 495 τὴν
3144 423 3474 495 ἀνεχομένην
3493 425 3649 497 ὑγρο-

2079 517 2236 589 τέρου
2270 516 2536 588 σώματος,
2569 519 2662 570 καὶ
2707 517 2806 581 τὰς
2856 516 2983 588 περὶ
3030 517 3226 588 ἡδονὰς
3275 517 3438 570 αὑτοῦ
3470 519 3649 583 νόσους

409 609 538 663 tatis
569 609 978 665 medicamentis
1027 610 1160 664 lenit
1197 617 1250 664 et
1282 611 1471 674 sedat,
1515 613 1702 682 utique
1731 613 1960 668 dicamus

2087 613 2566 681 καταπραΰνουσαν
2593 608 2943 680 σωφροσύνης
2975 610 3303 680 φαρμάκοις,
3341 610 3646 681 ἰατρικωτέ-

408 700 630 755 medica:
663 700 934 754 facultatis
966 701 1176 756 laudem
1209 701 1350 756 ferre
1381 703 1664 772 majorem,
1696 722 1855 774 quam
1890 723 1956 761 cu

2087 719 2179 773 ραν
2209 702 2424 755 λεκτέον
2453 702 2550 773 τῆς
2577 702 2806 771 ὑγιεινὸν
2838 701 3055 754 διοικεῖν
3087 701 3508 772 κεκληρωμένης
3545 700 3623 752 σῶ

409 791 576 858 probe
610 808 801 846 sanum
840 808 1038 862 corpus
1093 808 1268 862 neque
1296 793 1441 849 vitiis
1469 797 1762 850 obnoxium
1787 799 1960 869 obtigit

2087 811 2157 864 μα
2185 795 2279 847 καί
2308 794 2515 858 ἀπαθές
2543 807 2559 856 ;

408 883 630 949 regere?

477 970 682 1028 GREG.
715 973 1016 1030 Fatendum
1056 983 1160 1030 est.

392 1115 397 1120 .
476 1064 726 1122 EUBUL.
758 1067 898 1133 Quid
928 1070 1052 1122 item
1084 1068 1140 1122 in
1184 1068 1369 1123 lucta?
1410 1067 1542 1124 Uter
1582 1073 1726 1142 pugil
1761 1075 1972 1140 melior,

405 1158 498 1226 qui
547 1173 772 1227 magnos
813 1170 867 1214 et
905 1159 1077 1214 fortes
1103 1163 1328 1217 aemulos
1360 1163 1662 1232 experitur,
1699 1180 1763 1218 ac
1802 1169 1976 1220 conli-

2150 975 2346 1027 ΓΡΗΓ.
2389 974 2618 1026 Λεκτέον
2649 974 2775 1045 γάρ.

2146 1065 2434 1118 ΕΥΒΟΥΛ.
2479 1065 2542 1118 Τί
2573 1065 2658 1119 δαὶ
2684 1066 2775 1118 καὶ
2800 1067 2857 1118 ἐν
2888 1063 3033 1136 πάλῃ
3055 1082 3069 1130 ;
3092 1065 3322 1132 Πότερον
3348 1062 3643 1134 παλαιστὴς

2074 1158 2333 1228 ἀμείνων,
2367 1161 2394 1210 ὁ
2427 1157 2826 1226 ἀνταγωνιστὰς
2875 1157 3011 1227 ἔχων
3061 1155 3330 1227 μεγάλους
3369 1155 3461 1209 καὶ
3496 1158 3644 1226 ἰσχυ-

403 1264 511 1304 nue
543 1249 688 1303 lucta
733 1250 1059 1322 defungcns,
1102 1270 1212 1307 non
1259 1255 1563 1310 succumbit
1594 1272 1871 1326 unquam;
1904 1274 1960 1313 an

2087 1249 2222 1318 ρους,
2255 1251 2348 1302 καὶ
2374 1248 2756 1321 προσπαλαίων
2783 1249 2868 1302 ἀεὶ
2897 1249 2989 1302 καὶ
3015 1249 3088 1321 μὴ
3121 1248 3579 1320 καθαιρούμενοςο
3611 1249 3644 1319 ἢ

404 1341 498 1410 qui
524 1340 689 1396 nullis
725 1343 1054 1400 adversariis
1082 1345 1359 1400 decertat?

474 1428 680 1484 GREG.
714 1430 882 1490 Plane
916 1437 1008 1504 qui
1039 1437 1333 1506 experitur.

471 1521 723 1579 EUBUL.
744 1526 867 1579 Ain‘
888 1535 944 1581 tu
969 1528 1024 1581 in
1049 1529 1300 1598 palaestra
1323 1546 1537 1602 quoque
1561 1533 1817 1588 athletam
1842 1551 1971 1605 pra:-

401 1619 568 1676 stare,
594 1617 684 1684 qui
729 1618 1075 1675 adversarios
1102 1625 1530 1680 contranitentes
1563 1626 1831 1681 sustinet?

470 1704 677 1761 GREG.
710 1708 946 1766 Necesse
979 1721 1038 1766 ut
1067 1713 1304 1769 dicatur.

469 1793 718 1852 EUBUL.
768 1800 1001 1858 Necesse
1049 1805 1234 1874 igitur,
1269 1815 1325 1860 ut
1361 1814 1414 1860 et
1451 1808 1702 1878 quisquis
1745 1817 1967 1866 strenue

2071 1341 2099 1392 ὁ
2136 1341 2209 1411 μὴ
2245 1340 2381 1411 ἔχων
2407 1340 2809 1408 ἀνταγωνιστάς
2834 1359 2849 1407 ;

2141 1428 2338 1483 ΓΡΗΓ.
2381 1429 2544 1500 Δῆλον
2575 1429 2650 1493 ὼς
2676 1431 2704 1482 ὁ
2734 1430 2888 1500 ἔχων.

2143 1519 2433 1572 ΕΥΒΟΥΛ.
2479 1520 2589 1572 Καὶ
2617 1523 2672 1573 ἐν
2700 1520 2843 1590 πάλῃ
2869 1520 2978 1592 ἄρα
3021 1518 3382 1591 δοκιμώτερος
3406 1519 3642 1590 ἀθλητὴς

2069 1613 2098 1664 ὁ
2127 1611 2253 1673 τοὺς
2281 1611 2681 1679 ἀνταγωνιστὰς
2705 1610 2873 1681 ἕχων;

2001 1706 2044 1761 Β
2142 1700 2338 1753 ΓΡΗΓ.
2396 1701 2652 1768 Ἀνάγκη.

2138 1791 2431 1844 ΕΥΒΟΥΛ.
2473 1790 2679 1844 Οὐκοῦν
2729 1792 2822 1843 καὶ
2872 1789 3046 1860 ψυχὴν
3081 1787 3291 1860 ἀνάγκη
3341 1789 3490 1841 πᾶσα
3541 1786 3639 1858 τὴν

398 1889 658 1944 moliatur
697 1891 957 1950 adversus
1001 1900 1456 1966 concupiscentiae
1503 1913 1714 1966 motus,
1764 1919 1863 1957 nec
1910 1920 1960 1959 se

2087 1881 2467 1950 ιηχανωμένην
2513 1880 2651 1952 πρὸς
2693 1881 2789 1944 τὰς
2822 1881 3043 1950 ἐφόδους
3080 1880 3178 1950 τῆς
3218 1879 3530 1949 ἐπιθυμίας,
3563 1879 3637 1949 μὴ

397 1980 575 2051 abripi
609 1983 867 2050 patiatur,
901 1986 992 2040 sed
1028 1987 1084 2041 in
1123 1988 1412 2043 adversum
1449 1992 1630 2044 trahat
1660 2008 1723 2046 ac
1750 1995 1968 2048 obnita-

396 2078 508 2137 tur,
543 2073 736 2130 fortior
769 2077 1035 2144 videatur,
1070 2095 1234 2150 quam
1264 2082 1358 2152 qui
1402 2081 1521 2152 ejus
1550 2084 1754 2138 nullam
1797 2086 1966 2142 inter-

395 2162 742 2230 pellationem
779 2169 996 2222 sentiat.

466 2247 673 2306 GREG.
705 2252 842 2310 Vera
872 2257 1032 2314 dicis.

466 2338 717 2396 EUBUL.
755 2343 934 2410 Quid?
966 2346 1204 2404 Fortiter
1231 2368 1291 2408 se
1320 2353 1518 2411 habere
1548 2357 1812 2415 adversus
1840 2375 1964 2430 pra-

390 2446 583 2486 vorum
629 2435 920 2491 affectuum
963 2454 1027 2494 ac
1076 2441 1359 2498 libidinum
1394 2445 1649 2518 impetus,
1683 2451 1749 2505 ad
1786 2453 1961 2521 majo-

391 2536 532 2588 rem,
565 2541 598 2578 ο
632 2525 953 2598 Gregorium
980 2567 999 2598 ,
1043 2530 1381 2594 fortitudinis
1434 2539 1646 2596 laudem
1689 2545 1964 2613 pertinere

389 2616 714 2673 existimas?

465 2704 672 2764 GllEG.
710 2711 1016 2770 Admodum
1048 2733 1202 2775 sane.

465 2797 716 2856 El’BUL.
746 2803 885 2861 Num
920 2824 1051 2864 vero
1095 2809 1382 2880 fortitudo,
1422 2813 1645 2871 virtutis
1685 2817 1853 2873 robur
1897 2833 1961 2873 ac

391 2892 592 2944 tenor?

462 2981 552 3036 Gll
565 2982 666 3038 EG.
693 2983 877 3043 Plane.

460 3072 710 3133 EUBUL.
749 3078 914 3149 Igitur
961 3083 1007 3139 si
1037 3086 1255 3142 virtutis
1300 3090 1469 3145 robur
1512 3093 1802 3148 tolerantia
1849 3103 1956 3161 est,
1987 3057 2029 3115 ο

390 3179 572 3222 nonne
601 3171 690 3234 qui
725 3173 991 3229 molestiis
1025 3187 1312 3234 exercetur
1359 3184 1595 3247 animus,
1639 3185 1962 3258 fortiterque

390 3257 630 3314 tolerans
655 3263 1051 3331 cupiditatibus
1079 3280 1240 3340 atque
1271 3274 1418 3327 vitiis
1446 3276 1684 3340 obsistit,
1721 3278 1797 3332 illi
1824 3257 1960 3348 prae-

389 3353 536 3403 stare
569 3351 910 3412 fortitudinis
955 3359 1113 3416 laude
1162 3365 1434 3432 putandus
1477 3370 1728 3440 est,-qui
1781 3373 1959 3428 nullas

387 3441 656 3509 ejusmodi
689 3449 962 3506 molestias
989 3456 1296 3522 persentit?

440 3531 548 3587 ‘Gli
560 3535 662 3592 EG.
693 3537 968 3598 Profecto.

459 3627 712 3686 EUBUL.
749 3635 918 3706 Igitur
954 3637 1003 3692 si
1046 3637 1262 3707 fortior,
1298 3643 1405 3698 erit
1438 3652 1492 3700 et
1519 3649 1886 3715 praestantior.

459 3717 665 3777 GliEG.
705 3723 868 3781 Sane.

459 3809 712 3868 EUBUL.
750 3815 940 3873 Melior
973 3835 1102 3890 ergo
1139 3830 1194 3877 et
1228 3826 1580 3894 praestantior
1621 3836 1735 3893 est,
1785 3847 1958 3901 quan-

388 3910 504 3960 tum
535 3919 602 3959 ex
633 3908 793 3963 modo
818 3913 1101 3970 concessis
1134 3915 1416 3972 evidenter
1443 3921 1712 3989 sequitur,
1748 3923 1840 3992 qui
1871 3924 1959 3976 in-

386 4001 472 4048 ter
495 3999 951 4067 concupiscentia
975 4013 1142 4060 (estus
1175 4010 1566 4064 continentiam
1600 4020 1766 4075 tenet,
1793 4031 1958 4084 quam

387 4089 480 4155 qui
512 4091 662 4144 nulla
706 4094 956 4162 pulsatus
989 4096 1211 4156 libidine
1241 4099 1296 4154 in
1330 4102 1597 4158 castitatis
1635 4119 1829 4161 secure
1859 4122 1958 4161 ca-

383 4179 516 4236 stris
540 4189 728 4238 meret.

456 4291 662 4350 GREG.
708 4294 842 4352 Rem
879 4314 1084 4355 meram
1138 4304 1399 4374 loqueris.
1439 4305 1547 4362 Sed
1589 4307 1656 4362 de
1704 4309 1790 4364 his
1819 4309 1955 4365 alias

2067 1973 2524 2043 κατασπωμένην,
2565 1973 2677 2026 ἀλλ’
2706 1972 3065 2026 ἁνθέλκουσαν
3117 1974 3210 2025 καὶ
3255 1969 3637 2042 ἀντιτασσομέ-

2066 2080 2184 2136 νην,
2225 2065 2575 2136 ἰσχυροτέραν
2605 2065 2887 2136 φαίνεσθαι
2915 2066 3012 2136 τῆς
3039 2066 3114 2137 μὴ
3136 2063 3528 2135 ἐπιθυμούσης.

2135 2243 2332 2298 rpnr.
2385 2245 2604 2316 Ἀληθῆ.

2133 2337 2428 2391 ΕΥΒΟΥΛ.
2468 2338 2531 2390 Τί
2558 2338 2644 2390 δαί
2667 2356 2678 2402 ;
2711 2339 2770 2390 τὸ
2793 2337 3074 2409 καρτερῶς
3101 2337 3242 2406 ἔχειν
3271 2336 3406 2408 πρὸς
3431 2335 3527 2399 τὰς
3548 2337 3635 2407 ὁρ-

2067 2422 2193 2494 μὰς,
2228 2425 2544 2499 Γρηγόριον,
2579 2427 2684 2480 τῶν
2720 2427 2934 2496 φαύλων
2967 2427 3216 2498 ὀρέξεων,
3239 2425 3383 2480 δοκεῖ
3403 2442 3482 2478 σοι
3509 2425 3636 2494 ncil-

2063 2514 2152 2567 λον
2171 2515 2419 2586 ἀνδρείας
2445 2513 2581 2569 εἶναι
2602 2535 2616 2580 ;

2130 2695 2325 2748 ΓΡΗΓ.
2369 2695 2478 2748 Καὶ
2512 2695 2726 2768 σφόδρα.

2131 2783 2425 2838 ΕΥΒΟΥΛ.
2477 2783 2541 2836 Ἡ
2569 2783 2626 2837 δὲ
2655 2783 2876 2855 ἀνδρεία
2905 2782 3042 2855 αὕτη
3076 2783 3304 2856 δύναμις
3337 2783 3573 2856 ἀρετῆς

2131 2969 2328 3022 rPHr.
2371 2968 2554 3039 Δῆλον.

2121 3062 2425 3136 EYBQY‘A.
2467 3059 2674 3114 Οὐκοῦν
2704 3060 2752 3113 εἰ
2777 3059 3003 3131 δύναμις
3031 3062 3230 3134 ἀρετῆς
3262 3066 3407 3116 ἐστιν
3433 3066 3465 3133 ἡ
3495 3065 3630 3117 ὑπο-

2067 3155 2222 3226 μονὴ,
2253 3156 2286 3224 ἡ
2314 3153 2660 3223 διοχλουμένη
2691 3153 2796 3224 ἄρα
2825 3153 2968 3223 ψυχὴ
2998 3156 3090 3208 καὶ
3121 3155 3461 3227 καρτεροῦσα
3497 3156 3632 3230 πρὸς

2062 3245 2160 3308 τὰς
2196 3245 2488 3317 ἐπιθυμίας
2515 3245 2853 3317 δυνατωτέρα
2883 3247 3128 3315 φαίνεται
3149 3248 3248 3318 τῆς
3273 3248 3348 3320 μὴ
3375 3249 3633 3320 ὀχλουμέ-

2063 3352 2160 3408 νης
2201 3353 2215 3401 ;

2131 3541 2325 3595 ΓΡΗΓ.
2367 3542 2493 3594 Ναί.

2128 3631 2419 3684 ΕΥΒΟΥΛ.
2461 3632 2521 3684 Ei
2553 3631 2607 3684 δὲ
2636 3631 2998 3704 δυνατωτέρα,
3038 3633 3133 3687 καὶ
3157 3634 3424 3706 κρείσσων
3458 3634 3590 3706 (64).

2131 3721 2324 3775 ΓΡΗΓ.
2369 3722 2494 3776 Ναί.

2129 3813 2420 3869 ΕΥΒΟΥΛ.
2462 3817 2744 3887 Κρείσσων
2779 3817 2884 3889 ἄρα
2930 3820 2962 3889 ἡ
3012 3818 3352 3888 ἐπιθυμοῦσα
3397 3819 3491 3874 καὶ
3540 3821 3630 3888 ἐτ-

2023 3965 2026 3968 ,
2060 3906 2428 3978 κρατευομένη
2460 3909 2557 3978 τῆς
2587 3909 2659 3978 μὴ
2686 3909 3053 3980 ἐπιθυμούσης
3082 3911 3248 3978 ἐστὶν,
3280 3914 3343 3964 ἐκ
3363 3911 3471 3964 τῶν
3493 3927 3630 3983 προ-

2059 3999 2510 4070 ωμολογημένων,
2542 4002 2634 4054 καὶ
2667 4002 3156 4074 ἐγκρατευομένης.

2130 4290 2325 4344 ΓΡΗΓ.
2378 4291 2573 4364 Ἀληθῆ
2603 4291 2800 4361 λέγεις,
2833 4295 2927 4348 καὶ
2970 4295 3294 4366 ἐπιθυμήσω
3338 4295 3630 4366 πληρέσ-τεο

383 4386 689 4444 absolutius
746 4399 923 4445 tecum
982 4409 1290 4452 sermonem
1340 4397 1592 4455 conferre
1641 4402 1836 4470 gestio.
1894 4402 1950 4457 Si

2087 4400 2150 4436 ιον
2185 4384 2265 4437 ἔτι
2293 4383 2645 4454 περὶτούτων
2676 4385 3012 4456 διαλεχθῆναί
3050 4404 3148 4440 σοι.
3180 4388 3243 4440 El
3287 4385 3380 4442 οὖν
3424 4406 3508 4442 σοι
3541 4391 3630 4460 φί-

383 4479 567 4550 itaque
615 4483 711 4538 tibi
746 4500 910 4554 grave
960 4503 1069 4542 non
1103 4497 1210 4553 est,
1263 4507 1388 4546 cras
1420 4492 1697 4558 accedam,
1747 4494 1813 4550 de
1867 4496 1952 4552 his

2051 4476 2161 4540 λον,
2193 4475 2379 4548 αὔριον
2410 4474 2667 4546 ἀφίξομαι
2699 4477 2858 4530 πάλιν
2887 4479 3224 4551 ἀκουσομένη
3260 4479 3484 4535 τούτων.
3515 4480 3630 4535 Νὖν

381 4573 654 4631 auditura.
690 4576 844 4633 Nunc
887 4581 1054 4644 enim,
1108 4589 1168 4635 ut
1198 4583 1370 4647 vides,
1421 4594 1633 4655 tempus
1679 4595 1763 4641 est
1809 4595 1868 4643 ut
1901 4596 1954 4644 et

2087 4569 2180 4641 ap,
2211 4569 2286 4634 ὼς
2317 4572 2466 4642 ὁρᾷς,
2499 4569 2614 4641 ὥρα
2654 4570 2835 4625 λοιπὸν
2876 4572 3179 4645 τραπέσθαι
3224 4574 3316 4627 καὶ
3366 4575 3496 4646 περὶ
3527 4576 3624 4628 τοῦ

381 4669 622 4722 animum
659 4671 726 4725 ad
756 4675 1043 4730 exterioris
1065 4675 1306 4732 hominis
1337 4686 1614 4734 vertamus
1643 4693 1853 4736 curam.

450 4891 567 4962 (64)
600 4896 667 4947 El
689 4894 1083 4963 δυνατωτέρα,
1110 4897 1203 4950 καὶ
1240 4898 1557 4964 κρείσσων.
1582 4897 1816 4953 Facilior
1841 4916 1959 4954 ma-

379 4980 484 5017 nus
519 4965 650 5017 dare
679 4964 909 5039 Euhulio
947 4969 1158 5020 Vldellll‘
1188 4966 1540 5039 Gregorium,
1593 4970 1835 5033 arguenti
1890 4987 1956 5026 ex

379 5049 486 5086 non
521 5047 684 5108 causa
733 5036 1091 5108 ad‘eausaur;
1130 5038 1284 5106 quasi
1305 5036 1581 5092 'uimirum
1647 5041 1762 5108 ipsa
1797 5042 1960 5094 vitio-

381 5117 507 5172 rum
541 5105 622 5156 vis
649 5112 703 5155 et
737 5103 1011 5159 infestatio
1037 5107 1107 5161 sit
1135 5103 1350 5164 virtutis
1374 5111 1455 5162 vis
1499 5125 1562 5164 ac
1604 5103 1790 5172 robur,
1849 5126 1956 5165 non

379 5171 510 5239 quid
567 5173 958 5235 extrinsecum,
993 5192 1058 5230 ex
1112 5195 1170 5232 se
1211 5179 1285 5230 illi
1316 5180 1558 5234 olliciens
1591 5196 1653 5233 ac
1687 5199 1743 5234 re
1771 5171 1958 5234 {oram

383 5243 622 5304 faciens;
667 5243 780 5296 sola
825 5259 952 5295 vero
990 5249 1298 5309 occasione,
1353 5249 1653 5303 obnitentia
1694 5252 1858 5305 animi
1895 5267 1960 5305 ac

378 5313 752 5388 contentione,
785 5313 1004 5388 juvans,
1041 5316 1168 5368 dum
1223 5319 1336 5370 lucc
1373 5334 1630 5388 superare
1682 5329 1954 5377 conatur:

381 5379 513 5458 quib
538 5396 581 5432 IS
609 5379 721 5446 jam
753 5385 1401 5458 superatisexpurgatus
1440 5379 1694 5453 'animus,
1740 5392 1960 5458 illisque

379 5449 850 5528 factusrsuperior,
880 5453 1096 5508 virtutis
1131 5449 1506 5528 i'ter'giganteo
1530 5449 1771 5528 decurrit
1799 5449 1955 5528 pede,

378 5519 450 5572 ab
499 5519 796 5592 actioneet
836 5537 1015 5591 pugna
1063 5519 1442 5592 cupiditatum,
1481 5527 1549 5581 ad
1581 5519 1871 5583 scientiam
1903 5519 1962 5583 et

380 5587 1013 5666 contemplationem-ac
1043 5587 1330 5666 rati-onem,
1387 5587 1662 5666 Deumque
1698 5601 1956 5662 evolans;

380 5672 450 5729 pe
480 5665 739 5727 reputans
762 5661 1000 5731 quidem,
1021 5679 1250 5732 quorum
1270 5665 1356 5719 vix
1382 5661 1658 5736 aspectum
1687 5668 1844 5735 ferat,
1867 5661 1958 5742 qui

2055 4661 2251 4726 ἔξωθεν
2285 4663 2540 4734 ἀσχολίαν
2573 4665 2720 4735 ἡμᾶς
2751 4663 3060 4735 ἀνθρώπου.

2057 4893 2236 4948 adhuc
2270 4891 2541 4960 incipiens
2594 4905 2658 4944 ac
2693 4891 2846 4960 quasi
2903 4890 3331 4960 rudimentarius
3377 4901 3484 4955 est,
3525 4909 3630 4948 nec

2059 4963 2274 5018 virtutis
2306 4959 2455 5034 lyceo
2495 4963 2628 5034 satis
2657 4959 3008 5034 exercitatus.
3043 4959 3283 5034 Fallacia
3320 4977 3452 5032 ergo
3495 4978 3632 5016 con-

2059 5030 2338 5103 sequentis
2365 5039 2468 5086 est.
2507 5030 2670 5084 Plane
2717 5030 2983 5103 siquidem
3021 5032 3212 5103 melior
3236 5047 3311 5103 ac
3341 5030 3628 5103 praestan-

2060 5100 2184 5166 tioi',
2219 5104 2310 5170 qui
2341 5119 2405 5158 ex
2448 5117 2507 5156 se
2560 5108 2611 5154 et
2660 5117 2764 5169 qua
2802 5101 2963 5170 pollet
2995 5100 3195 5154 virtute
3227 5100 3419 5156 fortior
3453 5111 3537 5156 est
3565 5118 3633 5158 ac

2059 5175 2353 5233 robustior,
2383 5189 2487 5224 non
2509 5172 2600 5240 qui
2632 5171 2891 5225 debiliorc
2920 5171 3120 5224 virtute
3144 5173 3422 5239 graviores
3449 5174 3630 5226 insul-

2061 5255 2150 5298 tus
2183 5245 2404 5314 patitur,
2451 5243 2687 5314 necdum
2716 5256 2878 5296 ovare
2921 5240 3115 5294 doctus
3152 5242 3515 5305 vietoria,sed
3547 5243 3633 5296 ni-

2059 5312 2195 5369 teusi
2210 5316 2372 5379 serio,
2399 5312 2859 5382 perturbationum
2881 5325 3176 5379 oppressus
3219 5314 3473 5376 colluvie,
3537 5329 3630 5375 ne,

2061 5385 2329 5455 frequenti
2354 5399 2420 5436 eo
2446 5382 2902 5455 st_atu_.nau_fragio
2956 5383 3227 5455 profundo
3246 5383 3633 5455 demergatur;

2061 5451 2302 5510 claiuans
2324 5468 2445 5506 cum
2479 5451 2676 5504 Paulo:
2707 5451 2903 5520 Infelix
2922 5453 3188 5523 egojiomo
3208 5452 3227 5504 !
3249 5455 3364 5523 quis
3394 5451 3475 5507 me
3502 5454 3632 5506 (ibeo

2063 5527 2201 5578 rubi:
2235 5527 2298 5577 de
2333 5539 2547 5591 corpore
2587 5524 2768 5594 mortis
2791 5523 2980 5594 hujus?
3012 5521 3134 5575 Haec
3169 5521 3396 5578 infantia
3415 5539 3480 5578 ac
3505 5539 3634 5594 para

2064 5599 2170 5652 vuli
2197 5604 2347 5659 tetas,
2370 5596 2458 5649 illa
2489 5594 2586 5648 viri
2618 5593 2896 5664 perfectio.
2927 5591 3196 5646 COIBEFIS
