3864 6162
476 294 580 352 239

1424 292 1480 349 S.
1525 289 1855 348 METHODll
1880 287 2184 346 EPISCOPl
2223 289 2312 345 ET
2351 287 2712 344 MARTYRIS

3611 291 3719 346 9.53

469 422 524 466 et
569 427 760 483 puram
809 422 859 468 et
904 411 973 467 ab
1007 411 1157 467 omni
1193 417 1418 483 peccato
1444 409 1807 478 disjunctam;
1852 424 2047 483 conse-
2077 419 2124 469 Α
2151 424 2213 483 ne
2232 420 2397 483 genus
2418 409 2706 483 humanum
2734 407 2959 483 [iterare
2977 407 3115 477 potis
3138 415 3290 483 esset.
3330 403 3491 463 Ilisce
3515 403 3693 483 Metuo

467 479 696 553 quenter
728 483 1068 553 intelligitur,
1094 479 1217 538 cum
1243 481 1376 535 dicit
1399 489 1609 553 tantum
1642 489 1904 553 castoset
1933 479 2044 553 vir-

467 549 622 624 gines
665 549 946 624 possidere
994 553 1406 624 promissiones,
1451 552 1552 606 sub
1583 552 1805 624 nomine
1837 549 2044 624 illo_in-

468 621 636 694 telligi
667 621 920 693 'reliquos
949 621 1160 687 omnes,
1196 623 1469 694 quiLIicet
1503 622 1743 688 virgines
1773 637 1879 674 non
1912 621 2043 694 sint,

468 709 570 749 nec
590 691 970 749 castimoniam
996 691 1285 758 coluerint,
1315 691 1536 746 fuerunt
1558 699 1740 745 tamen
1767 701 1820 746 et
1843 691 2047 746 sancti-

469 771 580 820 tate
610 767 750 830 vitaz,
782 773 835 819 et
858 766 1059 836 pietate
1090 765 1147 836 in
1179 763 1371 828 Deum,
1400 771 1454 818 et
1479 761 1772 836 virtutibus
1803 761 1924 836 aliis
1954 762 2042 814 in-

469 837 661 888 structi
697 831 874 903 atque'
890 835 1086 889 ornati.
1118 831 1395 889 Justorum
1427 833 1594 895 enim,
1627 832 2043 902 quomodocun-

468 921 574 974 que
602 906 734 973 justi
765 911 1036 974 sunttest
1065 919 1290 974 regnum
1319 904 1606 974 oculorum.

537 970 656 1031 Cdl.
687 975 809 1031 194.
826 974 891 1028 Α.
911 973 1044 1030 Cum
1073 970 1178 1028 non
1205 976 1282 1028 ita
1298 973 1568 1029 commode
1595 973 1681 1028 lca:
1697 988 1730 1026 a
1748 970 2043 1040 corruptio-

2149 476 2432 533 dii'verbis
2460 480 2644 548 opinio
2667 477 2931 532 refellitur
2956 476 3403 540 asseverantium,
3423 487 3544 530 ante
3564 476 3702 530 Chri-

2149 551 2221 604 sti
2248 549 2537 603 adventum
2563 550 2871 618 plerosque,
2907 564 3082 618 neque
3109 563 3138 601 a
3155 548 3394 618 Christo,
3421 562 3595 617 neque
3622 561 3710 618 per

2146 619 2451 682 Christum,
2469 617 2724 674 aeternam
2744 617 2973 674 salutem
2996 617 3346 674 consecutos.
3375 617 3450 672 De
3476 633 3580 686 qua
3604 617 3715 686 opi-

2145 691 2315 760 nione
2348 706 2450 744 nos
2494 690 2621 743 alibi
2657 689 2777 744 fuse
2807 689 3226 760 disputavimus,
3258 698 3310 743 et
3342 686 3612 760 quomodo
3654 701 3714 740 ea

2110 779 2114 781 ν
2145 759 2501 829 intelligenda
2527 761 2615 823 sit,
2640 777 2709 814 ne
2737 757 3139 814 dii-ta'Patrum
3171 759 3225 812 id
3260 759 3560 813 asserentia
3587 771 3715 810 con-

2144 830 2406 884 demnare
2455 844 2737 899 cogamur.
2774 830 2906 886 Vide
2937 830 3100 884 etiam
3133 844 3254 899 qua:
3281 829 3351 882 de
3382 841 3714 899 paganorum

2145 899 2435 972 animabus
2463 897 2618 972 libris
2645 903 2885 972 quinque
2913 897 3242 956 Franciscus
3283 897 3490 954 (Sollius
3532 897 3718 968 copio-

2143 970 2362 1025 sissime
2387 970 2668 1026 disseruit.

477 1160 3704 1196 Μ

1347 1325 1576 1412 ΤΟΥ
1626 1319 1965 1412 ΑΓΙΟΥ
2029 1317 2856 1412 ΙΕΡΟΜΑΡΊὙΡΟΣ

1497 1513 2676 1693 ΜΕΘΟΔΙΟΥ

906 1791 1660 1931 ΕΚΑΟΓΑΙ
1728 1790 2026 1926 ΚΑΙ
2103 1793 2644 1932 ΛΟΓΟΙ
2715 1801 3241 1930 ΤΙΝΕΣ.

1174 2321 1176 2324 ,
1233 2182 1920 2343 SANCTI
1999 2185 2952 2343 METHODII

1786 2465 2402 2559 MARTYRIS

776 2682 1532 2799 EXCERPTA
1606 2677 1778 2795 AC
1846 2678 2673 2798 ORATIONES
2715 2682 3386 2820 ALIQUOT.

1364 3032 1624 3118 ΠΕΡΙ
1676 3034 1905 3124 ΤΟΥ
1941 3024 2762 3124 ΑΥΤΕΞΟΥΣΙΟΥ.

1965 3219 2208 3284 LIBER

1402 3409 1551 3498 DE
1629 3410 2078 3504 LIBERO
2146 3407 2776 3502 ARBITRIO.

452 3589 558 3641 Hoc
577 3591 788 3656 primum
814 3593 1108 3656 excerptum
1127 3589 1577 3656 Methgdiauumﬂde
1597 3590 1750 3645 libero
1771 3591 1994 3652 arbitrio,
2017 3594 2206 3656 primus
2225 3593 2396 3643 Graece
2418 3593 2638 3656 vulgavit
2653 3593 2870 3642 Joannes
2894 3590 3138 3656 Meursius
3157 3594 3216 3656 in
3239 3589 3502 3642 Furiarum
3523 3589 3726 3646 divino-

514 3652 624 3702 ruin
651 3653 804 3718 libro;
836 3653 1052 3718 Joannes
1075 3652 1463 3718 autemLamius
1486 3655 1612 3718 ιβ.
1637 3656 1821 3718 Latine
1838 3652 2488 3718 vertit,'excudendumque
2506 3652 2695 3705 curavit
2710 3656 2770 3718 jn
2792 3668 2880 3718 sua
2902 3654 3726 3718 luculentaMeursianorumiope-

514 3669 624 3702 rum
653 3669 804 3709 noro;
836 3669 1052 3702 Joannes
1075 3669 1242 3701 autem
1264 3669 1463 3702 Lamlus
1490 3669 1539 3703 ν.
1561 3669 1612 3705 ιλ.
1637 3669 1812 3706 Latine
1838 3669 2007 3716 vertit,
2041 3669 2488 3718 excuuenuumque
2509 3669 2695 3705 curavit
2718 3669 2770 3703 ιιι
2792 3669 2880 3704 sua
2903 3669 3562 3716 luculentameursmnorum
3587 3669 3621 3702 ο
3665 3669 3726 3703 e-

513 3727 623 3762 rum
654 3715 983 3781 collectione,
1030 3720 1148 3763 tom.
1190 3713 1334 3776 VIII,
1379 3729 1491 3778 pag.
1524 3716 1752 3769 725-758.
1789 3717 1889 3768 Nos
1937 3730 2054 3766 vero
2087 3719 2302 3781 primum
2336 3721 2672 3781 interpretem
2699 3715 3050 3768 Combeﬂsium
3081 3716 3292 3779 ejusque
3325 3725 3468 3766 notas
3499 3669 3726 3766 exhige-

513 3788 638 3824 mus.
673 3773 962 3840 (ϐλιιλιω.)

525 4021 699 4078 Senex
729 4021 950 4091 quidem
982 4020 1304 4087 Ithacensis,
1332 4038 1486 4088 cum,
1534 4031 1595 4078 ut
1638 4023 1810 4080 Graeci
1865 4009 2024 4081 fabu-
2056 4032 2103 4089 Β

452 4113 666 4177 lantur,
724 4112 1019 4182 voluptatis
1067 4112 1288 4168 auditus
1345 4113 1729 4182 incontinens,
1777 4115 2031 4173 Sirenum

453 4211 674 4259 cantum
704 4204 892 4258 audire
917 4205 1098 4270 vellet,
1145 4205 1419 4276 navigavit
1446 4206 1662 4262 vinctus
1694 4208 1810 4277 ipse
1847 4209 1903 4263 in
1945 4208 2034 4265 Si-

451 4295 657 4358 ciliam,
689 4296 1078 4366 sociorumque
1124 4297 1400 4352 obstruxit
1447 4313 1608 4354 aures
1654 4317 1667 4354 :
1711 4315 1824 4354 non
1873 4303 2032 4371 quasi

450 4387 537 4442 vel
565 4387 675 4444 illis
703 4387 972 4444 invideret
1007 4389 1274 4455 auditum,
1328 4391 1407 4445 vel
1439 4406 1497 4444 se
1546 4390 1664 4460 ipse
1691 4391 1926 4447 vinculis
1965 4394 2034 4448 li-

451 4480 587 4535 bens
616 4481 905 4546 insereret,
941 4481 1037 4537 sed
1075 4483 1218 4552 quod
1249 4483 1578 4539 cantilenam
1621 4484 1896 4555 ejusmodi
1935 4502 2032 4542 au-

451 4573 728 4629 dientibus
783 4589 934 4630 mors
979 4573 1202 4631 tandem
1247 4576 1576 4633 immineret.
1621 4577 1781 4636 Tales
1833 4580 2034 4650 quippe

451 4663 658 4722 Graecis
693 4674 823 4722 sunt
857 4665 1110 4723 Sirenum
1157 4669 1482 4739 voluptates.
1519 4670 1827 4736 Enimvero,
1859 4673 2033 4729 haud-

452 4775 727 4830 quaquam
754 4775 857 4832 ego
885 4761 1012 4818 talis
1039 4762 1307 4819 cantionis
1339 4762 1557 4820 auditor
1597 4764 1668 4820 lio
1693 4785 1707 4833 ;
1743 4783 1846 4823 nec
1876 4767 2030 4824 Sire-

451 4868 552 4906 nas
583 4851 811 4909 funebre
833 4867 1054 4910 carmen
1076 4853 1358 4911 hominum
1394 4857 1769 4923 concinentes,
1797 4875 2030 4930 quarum

452 4944 733 5000 silentium
765 4943 890 5015 plus
917 4960 1052 5001 voce
1081 4945 1398 5002 hominibus
1446 4949 1642 5018 prosit,
1665 4950 1855 5005 audire
1885 4950 2030 5007 desi-

453 5032 587 5089 dero
619 5055 631 5090 :
657 5035 821 5106 cupio
843 5041 1024 5090 autem
1053 5033 1236 5090 divina
1265 5035 1499 5106 quadam
1527 5054 1662 5095 voce
1693 5038 1800 5094 fru’i
1819 5081 1834 5106 ,
1872 5041 2032 5111 cujus

455 5125 653 5193 saepius
678 5126 906 5196 repetita
935 5126 1142 5182 auditio
1189 5127 1520 5184 desiderium
1548 5131 1892 5200 accumulat;
1922 5151 2031 5190 non

452 5218 603 5272 velut
642 5218 931 5289 impudicas
957 5223 1110 5278 vocis
1151 5223 1402 5294 voluptas
1438 5225 1797 5295 superaverit,
1839 5225 1933 5282 scd
1973 5233 2033 5280 ut

454 5309 546 5378 qui
577 5320 917 5364 sacramenta
950 5311 1135 5368 divina
1164 5313 1390 5370 habeam
1419 5316 1720 5381 addiscere,
1754 5325 1808 5372 et
1831 5317 1898 5371 ad
1935 5334 2033 5373 ex-

453 5408 724 5465 tremum,
755 5416 865 5454 non
915 5410 1169 5468 mortem,
1205 5406 1301 5459 sed
1348 5407 1578 5462 salutem
1631 5415 1889 5463 aeternam
1931 5423 2028 5461 ex.

454 5497 716 5560 spectem.
743 5490 1022 5562 Siquidem
1053 5495 1352 5550 concinunt
1373 5499 1719 5565 cantilenam,
1747 5514 1855 5554 non
1878 5496 2027 5553 Grie-

405 5611 412 5632 ;
453 5595 644 5635 eorum
677 5580 900 5638 Sirenes
928 5583 1245 5649 mortiferae,
1286 5586 1380 5642 sed
1407 5587 1625 5642 divinus
1651 5589 1874 5658 quidam
1927 5604 2025 5642 au-

2215 4023 2276 4076 '0
2314 4023 2412 4093 μὲν
2445 4020 2523 4093 (1)
2542 4021 2842 4092 Ἰθακήσιος
2873 4017 3072 4092 γέρων,
3105 4017 3245 4072 κατά
3263 4019 3353 4072 τὸν
3384 4017 3490 4072 τῶν
3519 4019 3723 4090 Ἐλλή-

2136 4133 2242 4170 νων
2283 4114 2472 4186 μῦθον,
2510 4113 2612 4184 τ’ής
2636 4113 2906 4184 Σειρήνων
2934 4111 3254 4182 βουλόμενος
3277 4111 3505 4166 ἀκοῦσαι
3537 4110 3723 4182 ᾠδῆς,

2135 4207 2224 4260 διά
2243 4206 2340 4277 τὴν
2358 4206 2459 4274 τῆς
2479 4206 2663 4276 φωνῆς
2687 4205 2984 4260 ἀκόλαστον
3011 4203 3225 4276 ήδονὴν,
3245 4201 3527 4276 δεσμώτης
3553 4203 3728 4259 ἔπλει

2134 4302 2215 4363 εἰς
2242 4297 2341 4371 τὴν
2380 4297 2647 4362 Σικελίαν,
2683 4298 2776 4351 καὶ
2808 4297 2907 4361 τὰς
2954 4297 3061 4351 τῶν
3110 4296 3342 4366 ἑταίρων
3384 4296 3729 4368 ὲνέφραττεν

2133 4389 2334 4454 ἀκοάςο
2370 4390 2471 4442 οὐκ
2515 4388 2740 4453 ἐκείνοις
2778 4388 2940 4442 ἕνεκα
2984 4388 3082 4458 τῆς
3112 4387 3427 4460 ἀκροάσεως
3475 4388 3725 4456 φθονῶν,

2133 4481 2255 4534 οὐδὲ
2291 4482 2481 4534 ἑαυτὸν
2521 4480 2703 4552 δεσμῷ
2754 4479 3097 4552 περιϐάλλειν
3138 4479 3449 4551 ὲπιθυμῶνο
3483 4481 3600 4536 ἀλλ’
3637 4485 3729 4538 ὅτι

2133 4573 2286 4636 τέλος
2321 4573 2422 4644 τῆς
2451 4573 2674 4627 ἐκείνων
2724 4573 2867 4644 ᾠδῆς
2899 4575 3010 4636 τοῖς
3057 4573 3315 4627 ἀκούουσι
3349 4572 3576 4638 θάνατος
3621 4572 3724 4648 ἦν.

2133 4668 2392 4723 Τοιαῦται
2423 4669 2532 4740 γὰρ
2562 4669 2691 4740 παρ’
2727 4667 2984 4740 Ἕλλησιν
3013 4667 3200 4739 ἡδοναὶ
3237 4669 3529 4740 Σειρήνων.
3566 4670 3728 4738 Ἐγὼ

2129 4760 2210 4826 δὲ,
2255 4759 2511 4831 τοιαύτης
2547 4761 2644 4831 μὲν
2690 4759 2835 4832 ᾠδῆς
2862 4760 3138 4833 ἀκροατὴς
3183 4760 3242 4812 ού
3285 4760 3540 4830 γίνομαι·
3591 4763 3729 4818 οὐδὲ

2133 4853 2354 4908 ἀκούειν
2408 4852 2658 4925 ἐπιθυμῶ
2711 4853 3004 4925 Σειρήνων,
3061 4852 3345 4921 ἐπιτάφιον
3407 4851 3728 4924 ἀνθρώπων

2134 4946 2394 5018 ᾁδουσῶν,
2431 4939 2506 4999 ὧν
2543 4948 2577 5017 ἡ
2613 4943 2739 5016 σιγὴ
2791 4944 2892 5014 τῆς
2925 4944 3110 5014 φωνῆς
3161 4942 3467 5016 ἀνθρώποις
3512 4960 3723 5015 χρησι-

2137 5039 2358 5110 μωτέρα
2403 5038 2641 5108 γίνεται·
2693 5036 2844 5100 θείας
2875 5035 2933 5090 δέ
2985 5053 3129 5101 τινος
3181 5035 3472 5089 ἀπολαύειν
3520 5035 3723 5106 φωνῆς

2133 5130 2386 5204 εὔχομαι,
2425 5127 2494 5204 ἦς
2545 5129 2646 5184 κᾶν
2683 5128 2942 5192 πολλάκις
2988 5127 3227 5193 ἀκούσω,
3273 5127 3435 5181 πάλιν
3483 5127 3723 5182 ἀκούειν

2133 5221 2381 5293 ἐπιθυμῶ
2402 5238 2414 5250 ·
2447 5222 2546 5274 οὐκ
2577 5219 2875 5273 ἀκολάστου
2912 5217 3097 5289 φωνῆς
3127 5217 3285 5288 ήδονῇ
3331 5215 3720 5287 νενικημένος,

2133 5312 2268 5366 ἀλλά
2313 5312 2432 5365 θεῖα
2473 5311 2852 5381 διδασκόμενος
2886 5310 3186 5381 μυστήρια·
3230 5308 3325 5364 καὶ
3367 5307 3431 5360 ντὸ
3461 5306 3620 5372 τέλος
3649 5310 3721 5364 οὐ

2135 5405 2382 5469 θάνατον,
2451 5405 2567 5457 ἀλλ’
2627 5402 2842 5457 αἰώνιον
2896 5401 3329 5472 ἀπεκδεχόμενος
3405 5399 3720 5469 σωτηρίαν.

2137 5496 2357 5566 ’ᾼδουσι
2384 5494 2493 5567 γάρ
2525 5496 2623 5566 τὴν
2653 5494 2794 5567 ᾠδὴν
2821 5495 2918 5564 οὐχ
2951 5496 3004 5547 αἱ
3056 5492 3417 5563 θανατηφόροι
3451 5489 3727 5560 Σειρῆνες

2147 5588 2432 5659 Ἑλλήνων,
2483 5589 2617 5642 ἀλλά
2660 5587 2799 5653 θεῖός
2831 5605 2915 5653 τις
2955 5585 3114 5659 χορὸς
3158 5582 3471 5659 προφητῶν,
3509 5582 3600 5650 ἐφ’
3639 5575 3726 5636 ὧν

534 5737 611 5810 (1)
645 5735 790 5794 Μέν.
832 5736 910 5794 lta
952 5738 1329 5798 Combeﬁsius.
1375 5741 1646 5800 Meursius
1690 5752 1871 5801 tamen
1906 5743 2037 5802 edit.
2073 5741 2316 5802 Florenl.
2352 5747 2480 5819 μήν.
