3864 6162
169 333 276 388 241

1316 329 1444 384 LIB.
1486 329 1576 384 DE
1613 329 1864 388 LIBERO
1902 327 2254 386 ARBITRIO.

3325 333 3434 388 ΞΒ

170 456 277 508 οὐκ
305 454 420 508 ἔστι
462 453 832 526 ἀποφράττειν
863 453 970 506 τῶν
1015 452 1246 526 ἑταίρων
1280 454 1380 520 τάς
1412 455 1600 522 ἀκοάς,
1636 455 1752 510 οὐδὲ

1858 462 2160 528 gustusque
2186 453 2386 508 chorus
2408 451 2796 523 prOphetarum
2821 467 2834 516 ;
2863 450 2916 504 in
2941 449 3140 521 quibus
3160 466 3262 507 nec
3294 467 3436 522 opus

168 551 366 605 ἑαυτόν
398 567 506 603 τινι
528 548 713 621 δεσμῷ
745 548 1113 622 περιϐάλλειν,
1139 550 1418 606 δεδοικότα
1441 551 1541 623 τὴν
1568 553 1633 604 ὲκ
1656 551 1757 623 τῆς

167 643 494 714 ἀκροάσεως
523 643 813 715 τιμωρίαν.
847 643 968 697 Τῶν
1000 645 1098 716 μὲν
1124 644 1234 718 γάρ
1269 645 1410 717 μετά
1440 645 1540 716 τῆς
1571 645 1759 716 φωνῆς

166 739 196 790 ὁ
247 735 524 808 ἀκροατὴς
571 735 664 790 τοῦ
720 737 820 808 ζῇν
869 736 1138 792 παύεται·
1185 738 1296 792 τῶν
1341 735 1401 792 δὲ
1431 739 1526 792 ἐπὶ
1574 738 1758 794 πλεῖον

168 829 415 892 ἀκούων,
467 826 561 880 τοῦ
597 827 909 899 κρείττονος
953 829 1252 884 ἀπολαύσει
1291 829 1426 901 βίου,
1464 829 1568 883 ὑπὸ
1610 829 1756 883 θείου

168 920 495 991 Πνεύματος
546 921 1073 992 χειραγωγούμενος.
1132 921 1343 974 Ἦκέτω
1393 922 1573 975 τοίνυν
1621 921 1759 994 σύμ-

167 1030 303 1077 πας,
336 1013 435 1066 καὶ
463 1014 708 1066 ἀκουέτω
733 1014 834 1084 τῆς
872 1013 1023 1078 θείας
1051 1013 1213 1085 ᾠδῆς,
1249 1013 1416 1085 μηδὲν
1444 1013 1758 1084 πεφοϐημέ-

165 1123 283 1170 νος.
317 1107 434 1161 Οὐκ
458 1107 566 1160 εἰσὶ
591 1109 722 1178 παρ’
753 1109 887 1178 ἡμῖν
917 1109 972 1160 αί
1006 1108 1158 1180 παρά
1189 1107 1441 1160 Σικελίαν
1476 1107 1753 1178 Σειρῆνες,

166 1198 294 1251 οὐδὲ
327 1198 397 1252 τά
442 1198 740 1263 Ὀδυσσέως
785 1198 982 1269 δεσμά,
1023 1200 1084 1252 οὐ
1131 1199 1301 1271 κηρὸς
1347 1199 1648 1271 τηκόμενος
1676 1199 1757 1262 είς

167 1288 480 1361 ἀνθρώπων
524 1290 727 1354 ἀκοάς·
774 1289 908 1343 ἀλλά
944 1289 1160 1362 δεσμῶν
1211 1291 1306 1362 μὲν
1357 1291 1538 1354 ἄνεσις
1581 1291 1753 1356 πᾶσα,

166 1381 456 1452 ἐλευθερία
502 1381 546 1435 δ’
594 1383 765 1454 ἀκοῆς
809 1381 939 1452 παρ’
982 1383 1198 1452 ἑκάστῳ
1243 1381 1352 1434 τῶν
1399 1382 1751 1454 προσιόντων.

166 1474 442 1544 Τοιαύτης
467 1472 575 1545 γάρ
606 1473 748 1545 ᾠδῆς
780 1473 1000 1528 ἀκούειν
1033 1473 1202 1540 ἀξιον,
1231 1473 1503 1537 τοιούτους
1533 1474 1756 1546 ᾅδοντας

165 1570 336 1639 ἔχειν,
367 1570 586 1624 εὐκτέον
619 1566 758 1623 εἷναί
799 1587 888 1642 μοι
915 1569 1080 1623 δοκεῖ.
1116 1570 1179 1623 Εἰ
1203 1569 1260 1623 δέ
1289 1586 1372 1633 τις
1403 1571 1498 1624 καὶ
1525 1569 1618 1623 τοῦ
1645 1571 1756 1624 τῶν

163 1659 486 1737 ἀποστόμυν
513 1659 676 1731 χοροῦ
702 1659 922 1713 ἀκούειν
956 1659 1152 1724 ἐθέλοι,
1181 1658 1404 1730 εὑρήσει
1442 1658 1542 1731 τὴν
1587 1658 1755 1731 αὐτὴν

161 1749 270 1820 τῆς
311 1749 460 1820 ᾠδῆς
495 1750 833 1820 συμφωνίαν.
884 1752 944 1804 0i
995 1751 1092 1822 μὲν
1129 1749 1238 1821 γάρ
1279 1751 1511 1822 προῇδον
1565 1769 1754 1822 μυστι-

1860 549 2025 604 fuerit
2075 555 2134 602 ut
2179 547 2304 618 quis
2359 546 2632 602 sociorum
2667 545 2886 599 obturet
2943 559 3127 607 aures,
3164 559 3341 616 neque
3373 551 3437 599 ut

1859 641 1998 711 ipse,
2031 638 2326 694 auditionis
2351 637 2562 693 veritus
2590 651 2829 707 pcenam,
2867 635 2923 690 in
2958 635 3175 691 vincula
3201 651 3260 692 se
3302 651 3438 692 con-

1855 731 2071 802 jeccrit.
2118 729 2232 784 Illic
2289 729 2508 800 quidem
2537 728 2774 792 auditor,
2807 743 2932 782 mox
2987 734 3047 781 ut
3083 727 3313 792 audivit,
3354 728 3437 782 vi-

1857 839 1985 878 vere
2004 823 2236 889 desinit;
2273 822 2364 877 hic
2396 831 2595 886 autem,
2627 820 2720 892 qui
2777 819 3011 874 multum
3049 821 3309 888 audierit,
3344 822 3434 878 di-

1857 915 1984 970 vino
2009 913 2214 986 Spiritu
2236 914 2394 978 duce,
2416 914 2541 969 vita:
2561 913 2803 970 melioris
2832 913 3146 971 felicitatem
3167 916 3433 987 acquiret.

1857 1004 2060 1062 Omnes
2096 1021 2227 1079 ergo
2256 1006 2416 1062 simul
2448 1007 2730 1074 accedant,
2764 1009 3116 1079 audiantque,
3148 1010 3288 1064 nihil
3343 1027 3438 1067 ve-

1857 1098 1970 1162 riti,
1999 1098 2307 1154 cantionem
2355 1099 2617 1155 divinam.
2649 1100 2864 1156 Absunt
2917 1116 2949 1155 a
2992 1102 3152 1158 nobis
3213 1099 3436 1159 Sirenes

1859 1187 2080 1252 Siciliae,
2115 1187 2440 1262 Ulyssisque
2468 1192 2710 1256 vincula,
2739 1207 2804 1248 ac
2847 1207 2974 1249 cera
3002 1193 3258 1250 humanis
3288 1197 3438 1250 auri-

1857 1284 1962 1339 bus
1993 1285 2216 1355 liquata.
2253 1283 2447 1339 Potius
2473 1299 2602 1340 vero
2623 1283 2937 1341 omnimoda
2964 1286 3310 1342 vinculorum
3349 1302 3438 1344 re-

1857 1377 2071 1442 missio,
2100 1392 2344 1448 suusque
2391 1377 2528 1432 liber
2555 1377 2755 1446 cuique
2785 1376 3026 1443 auditus,
3061 1378 3236 1436 adest.
3267 1379 3438 1438 Plane

1857 1470 2004 1526 enim
2046 1478 2288 1525 meretur
2316 1470 2561 1525 auditum
2590 1470 2860 1540 ejusmodi
2891 1473 3095 1539 cantio,
3139 1473 3440 1544 deprecan-

1856 1563 2022 1635 dique
2064 1563 2321 1619 vidcntur
2349 1565 2544 1620 musici
2597 1565 2756 1622 tales.
2807 1565 2965 1632 Quod
3015 1565 3064 1622 si
3093 1565 3218 1636 quis
3269 1566 3438 1621 etiam

1857 1656 2232 1728 apostolorum
2267 1656 2492 1711 chorum
2534 1657 2666 1712 velit
2712 1656 2940 1724 audire,
3003 1658 3252 1713 eamdem
3303 1674 3440 1714 can-

1856 1748 2026 1804 tionis
2064 1747 2480 1804 consonantiam
2506 1747 2763 1804 oﬂ'endet.
2787 1748 2925 1803 Nam
2966 1749 3044 1805 illi
3081 1750 3302 1821 quidem
3345 1766 3442 1806 oc-

164 1842 284 1906 κῶς
312 1843 412 1913 τὴν
440 1841 592 1898 θείαν
627 1844 969 1916 οἰκονομίανο
1001 1845 1050 1897 οί
1089 1843 1133 1896 δ’
1178 1844 1393 1916 ᾅδουσιν
1425 1844 1752 1917 ἑρμηνεύον-

1856 1841 1998 1896 culte
2017 1841 2426 1911 prmcinuerunt
2448 1839 2916 1912 dispensationem
2943 1840 3221 1910 divinam;
3251 1842 3309 1896 hi
3341 1857 3443 1896 au-

160 1954 260 2001 τες
290 1937 361 1994 τά
390 1938 482 1992 ὑπ’
508 1939 730 1993 ἐκείνων
772 1937 1049 2009 μυστικῶς
1076 1936 1488 2010 ἀπηγγελμένα.
1527 1939 1590 1990 Ὢ
1617 1954 1754 2009 συμ-

161 2031 348 2100 φώνου
377 2032 665 2103 ἁρμονίας,
701 2033 806 2086 ὑπὸ
835 2032 980 2086 θείου
1007 2031 1326 2102 Πνεύματος
1352 2031 1751 2104 συγκειμένηςί

160 2123 232 2176 Ὠ
283 2124 452 2180 καλοῦ
497 2124 606 2180 τῶν
643 2125 882 2197 ᾀδόντων
921 2124 991 2179 τά
1033 2124 1343 2198 μυστήριαι
1391 2124 1613 2190 Τούτοις
1657 2128 1755 2182 καὶ

161 2215 418 2287 συνᾴδειν
445 2214 696 2287 εὔχομαι.
735 2216 990 2288 ’ᾼσωμεν
1028 2215 1318 2289 τοιγαροῦν
1343 2215 1438 2270 καὶ
1467 2218 1629 2288 ἡμεῖς
1654 2215 1759 2288 τὴν

155 2304 362 2375 ὁμοίαν
400 2305 562 2377 ᾠδὴν,
605 2307 817 2360 καὶτὸν
852 2308 1020 2379 ὕμνον
1049 2306 1462 2380 ἀναπέμψωμεν
1501 2307 1578 2379 τῷ
1615 2307 1755 2380 ἀγίῳ

156 2397 364 2470 Πατρὶ,
388 2398 665 2469 Πνεύματι
690 2399 1003 2466 δοξάζοντες
1031 2399 1260 2472 Ἰησοῦν,
1289 2401 1397 2456 τὸν
1415 2401 1486 2454 ἐν
1503 2401 1754 2466 κόλποις

155 2490 376 2545 αὐτοῦ.
425 2491 518 2562 Μὴ
557 2492 756 2565 φύγῃς,
809 2492 1086 2564 ἄνθρωπε,
1135 2491 1305 2564 ὕμνον
1358 2492 1749 2565 πνευματικὸν,

159 2581 304 2653 μηδὲ
331 2582 592 2652 ἀπεχθῶς
622 2583 757 2654 πρὸς
790 2583 885 2655 τὴν
919 2583 1182 2656 ἀκρόασιν
1207 2581 1482 2655 διατεθῇς.
1513 2583 1754 2638 Θάνατον

153 2674 264 2728 οὐκ
293 2673 410 2744 ἔχει
431 2691 444 2704 ·
483 2675 758 2746 σωτηρίας
785 2675 905 2728 ἐστὶ
927 2675 1174 2746 διήγημα
1202 2676 1237 2746 ἡ
1281 2675 1410 2746 παρ’
1455 2676 1585 2746 ἡμῖν
1618 2675 1750 2747 ᾠδή.

166 2765 319 2834 Ἐγὼ
372 2767 472 2836 μὲν
508 2760 601 2819 οῦν
651 2767 754 2838 ἤδη
802 2768 898 2821 καὶ
936 2768 1045 2820 τῶν
1096 2766 1418 2840 κρειττόνων
1461 2767 1754 2823 ἀπολαύειν

152 2855 328 2917 δοκῶ,
356 2858 486 2928 περὶ
515 2857 774 2911 τοιούτων
801 2857 1180 2930 διαλεγόμενος
1200 2876 1213 2889 ·
1247 2860 1342 2913 καὶ
1377 2859 1632 2932 μάλιστα,
1663 2860 1754 2914 ὅτε

153 2950 184 3002 ὁ
213 2947 464 3012 τοιοῦτός
501 2967 592 3019 μοι
621 2949 881 3022 πάρεστιν
913 2950 1120 3005 ἀνθέων
1147 2951 1371 3022 λειμών·
1407 2951 1684 3005 τουτέστιν
1719 2953 1752 3023 ή

153 3038 412 3111 ἡμετέρα
450 3038 689 3106 σύνοδος,
744 3040 853 3095 τῶν
903 3041 1022 3112 ἅμα
1065 3057 1127 3094 τε
1170 3042 1264 3094 καὶ
1307 3041 1614 3095 ἀκουόντων
1658 3040 1754 3094 καὶ⁹

157 3131 505 3202 συνᾳδόντων
535 3131 604 3185 τά
629 3131 746 3186 θεῖα
778 3134 1072 3204 μυστήρια.
1115 3135 1232 3204 Ἐφ’
1261 3125 1335 3188 ὧν
1364 3135 1459 3188 καὶ
1483 3135 1544 3187 τὸ
1571 3134 1752 3203 λέγειν

154 3223 374 3296 θαρρῶ,
433 3225 516 3278 ὅτι
551 3242 643 3295 μοι
691 3225 890 3291 παντὸς
943 3226 1142 3296 φθόνου
1183 3225 1430 3300 καθαρὰς
1479 3226 1748 3297 παρέχετε

153 3317 259 3380 τὰς
290 3317 488 3382 ἀκοάς,
523 3318 584 3370 οὐ
617 3317 710 3371 τὸν
749 3318 908 3390 ζῆλον
938 3318 1028 3372 τὸν
1074 3319 1169 3372 τοῦ
1199 3319 1339 3373 Κάῖν
1385 3318 1710 3390 μιμούμενοι
1733 3334 1746 3347 ο

152 3409 257 3478 οὐχ
285 3409 492 3478 ὁμοίως
521 3408 614 3462 τοῦ
658 3409 829 3464 Ἠσαῦ
856 3409 1144 3476 διώκοντες
1171 3410 1262 3464 τὸν
1293 3409 1541 3479 ἀδελφὸν,
1568 3412 1628 3464 οὐ
1655 3409 1751 3463 τοῦ

168 3501 374 3571 Ἰωσὴφ
424 3499 774 3566 ἐπαινοῦντες
837 3501 1122 3573 ἀδελφοὺς,
1173 3504 1256 3558 ὃτι
1299 3503 1386 3572 ἐφ’
1417 3498 1518 3567 ὀἷς
1568 3502 1753 3572 ἔλεγεν

156 3593 388 3664 ἑμίσουν
419 3592 514 3647 τὸν
542 3592 772 3658 ἀδελφόν
790 3609 804 3624 ·
834 3592 972 3647 ἀλλά
1001 3593 1207 3650 τούτων
1245 3593 1504 3649 ἁπάντων
1540 3594 1752 3665 μακρὸν

156 3684 500 3754 ἀφεστῶτες,
547 3683 736 3755 διόπερ
788 3683 1018 3748 ἕκαστος
1068 3685 1223 3755 ὑμῶν
1275 3685 1339 3738 τὺ
1379 3684 1475 3738 τοῦ
1527 3683 1753 3756 πλησίον

157 3774 375 3846 νομίζει
419 3775 621 3843 λέγειν.
670 3777 782 3830 Καὶ
822 3775 910 3830 διά
952 3775 1112 3830 τοῦτο
1157 3774 1319 3848 ζῆλος
1365 3775 1602 3848 πονηρὸς
1653 3775 1752 3830 οὐκ

162 3865 310 3920 ἔστιν
342 3868 403 3920 ὲν
440 3865 592 3936 ὑμῖν,
625 3863 695 3918 τά
739 3865 996 3920 λείποντα
1025 3866 1103 3938 τῷ
1147 3865 1360 3938 ἀδελφῷ
1403 3865 1757 3946 ἀναπληροῦν

156 3957 524 4028 δεδεγμένοις.
562 3959 625 4010 ’Ὠ
669 3958 1036 4032 ἁκροατηρίου
1077 3958 1265 4024 καλοῦ,
1309 3960 1404 4014 καὶ
1451 3960 1753 4032 συμποσίου

159 4048 384 4119 σεμνοῦ,
416 4049 512 4102 καὶ
545 4051 929 4121 πνευματικῶν
960 4052 1305 4123 ὲδεσμάτωνί
1363 4053 1637 4119 Τοιούτοις
1667 4053 1756 4110 ἀεὶ

158 4144 405 4194 συνεῖναι
427 4141 659 4206 δικαίοις
694 4141 768 4214 (2)
795 4142 1077 4216 εὐξαίμην.

227 4234 440 4288 ΟΥΑΛ.
471 4233 615 4298 Χθὲς
644 4234 705 4288 τὸ
732 4235 958 4291 δειλινὸν
985 4238 1324 4310 περιπατῶν,
1354 4232 1400 4294 ῶ
1423 4239 1567 4310 φίλε,
1598 4239 1752 4313 παρά

156 4327 249 4384 τὸν
274 4328 380 4398 τῆς
421 4327 697 4399 θαλάσσης
727 4331 990 4400 αἰγιαλὸν,
1021 4333 1116 4386 καὶ
1134 4333 1300 4399 ὀξέως
1335 4353 1450 4399 πως
1489 4337 1752 4402 ἀτενίζων

158 4421 236 4485 εἰς
262 4420 464 4492 αὐτὴν,
511 4419 719 4493 ἑώρων,
751 4422 1057 4495 ὑπερϐολήν
1087 4442 1210 4480 τινα
1255 4425 1408 4490 θείας
1443 4426 1748 4499 δυνάμεως,

1857 1940 1989 2002 tem,
2019 1933 2232 1989 occulte
2261 1932 2329 1987 ab
2359 1933 2467 1987 illis
2495 1934 2839 1998 annuntiata,
2870 1934 3118 1990 canendo
3141 1935 3438 2005 explicant.

1857 2021 1902 2078 Ο
1929 2040 2228 2080 consonam
2276 2025 2640 2092 harmoniam,
2669 2036 3029 2096 componente
3068 2028 3255 2083 divino
3315 2025 3441 2098 Spi-

1856 2117 2000 2172 ritu!
2037 2116 2354 2175 Odecorem
2377 2120 2690 2176 canentium
2721 2121 2816 2178 Dei
2855 2122 3232 2177 sacramenta!
3282 2119 3442 2176 Desi-

1855 2208 2014 2264 derat
2045 2210 2262 2266 animus
2293 2227 2399 2265 una
2431 2213 2742 2270 concinere.
2777 2213 3055 2270 Canamus
3077 2229 3208 2285 ergo
3247 2219 3301 2270 et
3333 2213 3440 2283 ipsi

1855 2301 2101 2357 eamdem
2125 2303 2457 2368 cantionem,
2487 2305 2858 2377 hymnumque
2879 2306 3264 2362 submittamus
3290 2305 3450 2360 Patri.

1857 2401 2077 2462 sancto;
2117 2393 2302 2451 Jesum
2333 2397 2422 2467 qui
2456 2397 2509 2450 in
2541 2396 2655 2466 ejus
2685 2398 2805 2451 sinu
2843 2407 2922 2451 est
2953 2399 2994 2463 ί,
3025 2396 3230 2468 Spiritu
3269 2397 3438 2468 glori-

1855 2487 2102 2544 ﬁcantes.
2135 2486 2430 2554 Ne,homo,
2458 2492 2733 2545 canticum
2759 2490 3004 2560 spiritale
3034 2490 3237 2561 fugeris
3253 2505 3438 2573 ,Jle"0

1856 2581 2193 2637 auditionem
2239 2581 2411 2639 fueris
2462 2591 2766 2641 aversatus.
2822 2583 3050 2640 Mortem
3105 2600 3215 2641 non
3252 2585 3434 2641 habet.

1858 2669 2063 2742 salutis
2101 2673 2368 2738 narratio,
2418 2683 2607 2730 nostra
2645 2675 2827 2730 cantio
2861 2683 2964 2730 est.
3021 2673 3165 2731 Sane
3217 2675 3436 2745 quidem

1855 2763 1990 2817 mihi
2013 2765 2130 2834 ipse
2150 2765 2264 2836 jam
2289 2763 2479 2821 videor
2499 2766 2818 2822 melioribus
2851 2763 2980 2832 frui,
3013 2767 3107 2838 qui
3133 2767 3198 2822 de
3236 2766 3453 2824 talibus.

1855 2851 2124 2909 disseram
2168 2872 2184 2911 :
2238 2855 2403 2926 idque
2450 2857 2504 2911 in
2546 2857 2760 2927 primis,
2817 2872 2940 2912 cum
2993 2856 3103 2912 tale
3128 2857 3439 2928 talibusque

1854 2943 2056 3000 ﬂorens
2088 2954 2299 3016 pratum
2330 2963 2515 3003 coram
2539 2947 2764 3004 habeam
2790 2965 2803 3004 :
2845 2947 2970 3002 dico
2991 2955 3171 3002 autem
3197 2955 3436 3002 vestram

1857 3038 2200 3107 concionem,
2227 3040 2320 3108 qui
2345 3047 2400 3095 et
2447 3039 2729 3095 auditores
2758 3045 2812 3094 et
2849 3047 3210 3095 concentores
3251 3055 3440 3095 sacra-

1855 3138 2163 3187 mentorum
2213 3134 2520 3190 ctelcstium
2574 3134 2896 3191 considetis.
2929 3133 3222 3205 PrOpterea
3270 3135 3454 3191 etiam

1855 3225 2030 3281 audeo
2070 3226 2274 3293 dicere,
2327 3226 2472 3297 quod
2528 3227 2703 3284 livore
2750 3228 2900 3284 omni
2932 3228 3152 3284 mundis
3209 3227 3439 3282 auribus

1853 3317 2211 3382 auscultetis,
2262 3333 2366 3373 nec
2435 3317 2719 3374 Caininam
2786 3320 3185 3375 zemulationem
3258 3320 3438 3374 imite-

1853 3409 1990 3463 mini
2019 3410 2062 3474 ’,
2091 3418 2186 3464 aut
2215 3410 2358 3466 sicut
2386 3409 2531 3466 Esau
2563 3411 2584 3443 ³
2615 3411 2837 3467 fratrem
2869 3412 3306 3484 persequamini,
3352 3411 3436 3468 vel

1854 3500 2057 3558 fratres
2080 3501 2282 3574 Ioseph
2309 3504 2331 3536 ι
2360 3504 2626 3575 probetis,
2679 3503 2836 3558 fratri
2884 3514 3108 3576 propter
3150 3518 3436 3560 sermones

1853 3594 2030 3665 ipsius
2069 3595 2356 3652 infensos:
2384 3595 2480 3652 sed
2512 3596 2580 3652 ab
2607 3595 2694 3652 bis
2739 3596 2996 3653 omnibus
3042 3597 3202 3668 longe
3240 3598 3452 3656 remoti.

1853 3687 1999 3751 sitis,
2029 3687 2474 3744 existimantibus
2509 3688 2740 3759 singulis
2769 3687 3129 3760 dicere,quod
3152 3689 3437 3758 proximus

1854 3779 2008 3835 dicit.
2033 3777 2215 3845 Quare
2243 3779 2405 3835 etiam
2436 3779 2782 3836 desideratur
2806 3781 2863 3834 in
2892 3781 3050 3836 vobis
3092 3780 3236 3835 mala
3274 3797 3438 3836 aemu-

1853 3870 2005 3936 latio,
2038 3870 2132 3942 qui
2162 3870 2348 3926 fratris
2381 3869 2629 3928 defectus
2651 3871 3027 3941 adimpleudos
3058 3871 3433 3942 susceperitis.

1854 3960 1898 4017 Ο
1922 3962 2205 4031 pulchram
2230 3963 2573 4029 concionem,
2595 3962 2998 4034 honestumque
3021 3962 3353 4030 convivium,
3380 3968 3456 4023 et:

1854 4054 2170 4124 spirituales
2222 4055 2449 4125 epulas!
2486 4053 2711 4111 Talibus
2754 4069 2854 4126 ego
2881 4069 3099 4126 semper
3145 4055 3434 4124 interesse,

1853 4145 2050 4200 merito
2083 4146 2406 4216 optaverim.

1924 4235 2083 4292 VAL.
2110 4237 2208 4309 (4).
2232 4236 2391 4303 Cum,
2419 4236 2615 4304 amice,
2650 4235 2773 4292 heri
2808 4251 2953 4302 sero,
2981 4235 3049 4291 ad
3087 4237 3258 4294 maris
3281 4236 3438 4294 littus

1853 4328 2214 4391 ambularem,
2245 4333 2409 4398 atque
2440 4327 2494 4381 in
2527 4327 2705 4396 ipsum
2738 4328 2911 4384 aciem
2943 4327 3229 4382 oculorum
3263 4328 3438 4383 inten-

1853 4418 2062 4478 derem,
2087 4416 2272 4472 statim
2307 4431 2388 4480 se,
2417 4415 2639 4471 virtutis
2663 4415 2860 4470 divinas
2877 4415 3216 4486 praestantia,
3236 4428 3436 4484 arsque

157 4513 252 4567 καὶ
292 4512 472 4584 σοφῆς
519 4513 830 4585 ἐπιστήμης
862 4514 1092 4588 τέχνην·
1137 4518 1189 4570 εῐ
1219 4535 1282 4588 γε
1316 4520 1409 4573 καὶ
1447 4520 1644 4592 τέχνην
1687 4519 1751 4574 τὸ

1856 4510 2120 4582 sapientis
2164 4509 2427 4575 scientiae,
2479 4508 2684 4580 objecit
2725 4509 2945 4563 oculis:
2982 4508 3030 4564 si
3077 4506 3298 4578 quidem
3345 4520 3436 4561 res

156 4603 372 4656 τοιοῦτο
401 4603 588 4657 καλεῖν
618 4607 746 4677 χρή.
783 4607 992 4678 ’Ὥσπερ
1025 4607 1135 4683 γὰρ
1158 4610 1187 4662 ό
1228 4611 1524 4683 Ὁμηρικὸς
1569 4613 1750 4686 στίχος

157 4695 462 4768 φθέγγεται
485 4697 710 4761 ἐκεῖνος·
1247 4725 1260 4736 ~

165 4807 262 4884 :0;-
292 4807 357 4884 _6'
382 4807 595 4884 ἄνεμοί
613 4809 699 4884 ’(5)
719 4808 830 4864 δύο
853 4812 1080 4884 πόντον
1106 4813 1376 4881 ὀρίνετον
1405 4816 1739 4884 ἰχθυόεντα,

156 4878 386 4952 βορέης
418 4878 1012 4952 καὶιΖέερυρος,γτώτε
1045 4878 1348 4952 Θρῇκηθεν
1379 4878 1566 4952 ἄῆτον

471 4948 783 5024 ἐξαπίνης·
820 4951 1046 5024 ᾴμυδιςλ
1075 4948 1237 5008 δέ’τέ
1265 4948 1745 5024 κῦμακελαινὸν

157 5020 506 5087 Κορθύεται·
543 5021 782 5074 πολλὸν
809 5020 876 5075 δέ
903 5022 1094 5092 παρὲξ
1123 5024 1245 5079 ἅλα
1269 5020 1462 5096 φῦκος
1487 5028 1742 5096 ἐχευανο

159 5198 302 5255 οὕτω
331 5217 426 5272 μοι
469 5202 566 5255 καὶ
612 5201 740 5272 χθὲς
780 5204 1056 5273 γεγονέναι
1091 5205 1258 5263 δοκεῖ.
1310 5207 1591 5280 Κορυφατς
1633 5207 1751 5280 γὰρ

1855 4603 2126 4674 ejusmodi
2163 4619 2252 4659 ars
2277 4601 2521 4659 vocanda
2547 4602 2638 4658 sit.
2673 4600 2745 4657 Ut
2773 4603 2917 4658 enim
2946 4601 3109 4657 habet
3129 4615 3322 4656 versus
3345 4599 3436 4655 ille

1855 4695 2176 4753 Homericus
2207 4713 2220 4750 :

1848 4812 1998 4868 Sicut
2037 4820 2212 4880 autem
2245 4810 2382 4864 venti
2411 4809 2516 4866 duo
2553 4817 2771 4880 pontum
2797 4815 3115 4880 commovent
3141 4806 3430 4877 piscosum,

1849 4883 2048 4938 Boreas
2072 4891 2122 4935 et
2145 4879 2436 4952 Zephyrus,
2471 4879 2561 4952 qui
2587 4898 2615 4935 ε
2650 4879 2878 4934 Thracia
2911 4879 3119 4952 spirant

1851 4953 2077 5007 ﬂuentes
2104 4950 2313 5021 repente
2335 4969 2353 5006 :
2377 4950 2539 5006 simul
2567 4960 2744 5005 autem
2772 4960 2821 5005 et
2843 4950 2988 5002 unda
3010 4950 3166 5021 nigra

1854 5017 2175 5080 Attolliturf
2210 5023 2434 5077 multum
2474 5032 2652 5078 autem
2693 5031 2848 5076 extra
2889 5035 3035 5074 mare
3070 5017 3253 5162 lilgan:
3294 5017 3434 5087 [un-

3155 5107 3226 5143 un
3267 5103 3287 5153 ;

3155 5103 3287 5153 unt;

1851 5207 1929 5262 ita
1982 5214 2038 5262 ct
2087 5207 2203 5262 heri
2263 5205 2396 5261 mihi
2453 5204 2569 5261 fieri
2622 5203 2929 5259 videbatur.
2981 5201 3245 5258 Videbam
3285 5201 3433 5258 enim

234 5363 253 5395 ⁸
282 5359 452 5418 locu.
482 5376 523 5428 ι,
561 5363 646 5419 18.
723 5365 745 5398 '
779 5361 907 5419 Gen.
936 5380 1014 5430 tv,
1045 5363 1099 5421 5.
1178 5365 1200 5397 ³
1229 5363 1357 5420 Gen.
1391 5380 1565 5432 xxv",
1597 5363 1686 5423 41.

1856 5363 1946 5419 7en.
1977 5379 2187 5428 xxxv",
2209 5363 2264 5418 4.

228 5516 307 5590 (2)
342 5518 622 5590 Δικαξοις.
653 5517 815 5574 Forte
839 5521 1083 5584 δικαίως.

231 5588 311 5658 (δ’)
355 5591 452 5658 Ὡς
476 5588 528 5640 δ’
558 5589 656 5645 ἄν.
688 5589 944 5656 lliad.1x,
980 5592 1034 5644 4.

229 5657 308 5728 (4)
343 5657 483 5731 νη..
527 5658 880 5731 ᾼεευηιριοηι
925 5676 1216 5731 personam
1249 5661 1615 5719 Valentiniani
1645 5683 1742 5722 seu

160 5727 412 5803 Gnostici
450 5729 683 5795 inducit,
701 5727 1000 5799 quieadém
1023 5744 1186 5803 atque
1215 5733 1498 5790 Manichaai
1515 5735 1584 5790 de
1615 5736 1742 5791 mali

164 5801 438 5872 principio
463 5809 689 5858 sentiret
710 5819 726 5871 ;
750 5803 1001 5874 ponendo
1030 5801 1332 5876 ingenitum
1363 5806 1511 5860 aliud
1541 5820 1572 5859 a
1606 5805 1738 5874 Deo,

1851 5528 1907 5576 et
1935 5521 2238 5593 materiam,
2268 5537 2336 5593 ex
2363 5521 2522 5593 cujus
2549 5520 2900 5577 concretione
2927 5521 3069 5576 mala
3096 5521 3151 5576 in
3181 5521 3433 5593 homines

1851 5592 2224 5716 provenirent.
2275 5592 2400 5663 Agit
2435 5592 2632 5649 multis
2663 5594 2716 5647 in
2750 5593 2895 5674 hunc
2922 5607 3164 5674 errorem
3195 5592 3432 5646 lrenmus

1875 5663 1944 5716 Ib.
1993 5679 2034 5716 ιι
2065 5664 2326 5716 Adversus
2370 5663 2595 5716 hazres.:
2635 5663 3008 5716 Tertullianus
3054 5663 3148 5716 lib.
3183 5663 3260 5716 Dc
3289 5677 3429 5716 nm:-

1875 5663 1944 5716 ib.
1993 5679 2034 5718 n
2065 5664 2326 5718 Adversus
2370 5663 2595 5727 hazres.;
2635 5663 3008 5719 Tertullianus
3054 5663 3148 5719 lib.
3183 5663 3260 5716 Dc
3287 5677 3429 5730 pra:-

1847 5734 2032 5802 πτέρι.
2046 5741 2100 5788 et
2117 5734 2315 5788 Contra
2341 5732 2685 5791 Marcionem.
2707 5733 3051 5792 Solidissima
3070 5734 3232 5790 etiam
3253 5733 3430 5803 Chr);-

1847 5812 2124 5860 sostomus
2148 5805 2296 5860 hom.
2323 5805 2358 5858 2
2381 5806 2434 5859 in
2463 5806 2581 5859 Act.
