3864 6162
417 330 516 384 243

1421 337 1478 392 s.
1522 338 1855 397 usrnonn
1887 340 2197 398 EPISCOPI
2229 341 2316 396 ET
2354 296 2714 395 mannis

3570 341 3676 396 ΞΝ

413 446 609 501 ﬂuctus
661 448 936 504 montanis
989 451 1301 520 superciliis
1353 455 1664 522 proximos,
1721 465 1885 527 atque
1933 465 1985 512 ut

2095 457 2268 530 ὀρέων
2297 457 2675 529 παραπλήσιον
2713 454 2900 527 ἐώρων
2937 453 3178 526 κύματα,
3226 454 3319 508 καί
3370 453 3481 527 (ὡς
3517 455 3674 526 λόγον

412 555 525 592 rem
549 540 750 609 dicam,
781 543 846 597 ad
873 543 1052 614 ipsum
1078 545 1446 617 pertingentes
1466 550 1664 605 ccelum
1693 569 1706 605 :
1741 567 1840 606 nec
1865 553 1999 607 mihi

411 631 540 686 inde
571 632 720 687 aliud
751 637 1180 707 exspectandum
1209 641 1554 708 occurrebat,
1578 659 1741 713 quam
1776 652 1835 699 ut
1881 647 2004 700 uni-

411 738 624 778 versam
653 732 856 781 terram
893 729 1324 799 submergerent,
1371 733 1728 804 veniebatque
1767 734 1821 788 in
1851 751 1999 792 men-

408 823 521 871 tem
556 818 696 889 fugae
743 821 897 876 locus
920 863 934 889 ,
987 831 1041 877 et
1087 837 1271 878 arcam
1301 822 1416 879 Noe
1445 825 1628 882 animo
1653 828 1994 898 ellingebam.

409 909 678 966 Caeterum
699 928 860 968 secus
883 921 1000 968 erat
1033 929 1097 967 ac
1119 915 1403 984 opinabar.
1444 917 1564 972 Mox
1597 919 1795 989 quippe
1819 935 1993 985 mare,

397 1011 468 1075 Iut
501 1004 856 1071 intumuerat,
885 1007 941 1062 in
963 1022 1022 1062 se
1043 1007 1223 1078 ipsum
1255 1011 1648 1078 resolvebatur,
1676 1029 1786 1067 non
1812 1020 1995 1070 trans-

315 1092 324 1103 '
394 1090 662 1190 égrediens
714 1096 894 1152 locum
936 1114 1120 1165 suum,
1147 1101 1464 1169 reveritum,
1496 1109 1554 1156 ut
1598 1105 1763 1159 verbo
1790 1105 1990 1169 dicam,

395 1185 652 1282 :divinum
699 1191 1020 1247 mandatum
1077 1193 1120 1248 ⁵.
1174 1194 1254 1251 Ac
1312 1197 1794 1267 quemadmodum,
1844 1197 1990 1253 haud

395 1289 557 1362 iraro,
591 1298 784 1340 servus
813 1286 1014 1356 aliquis
1041 1297 1270 1359 cogente
1301 1291 1522 1346 domino
1567 1291 1799 1348 invitum
1829 1291 1991 1362 quid-

394 1363 531 1456 :dam
564 1375 741 1432 facere
765 1421 780 1445 ,
830 1381 1092 1437 mandato
1134 1383 1352 1452 quidem
1387 1385 1584 1441 timore
1620 1385 1942 1456 obsequitur
1973 1405 1986 1441 :

394 1464 509 1550 nec
533 1467 830 1539 quidquam
857 1477 1060 1538 tamen,
1080 1475 1225 1545 quod
1247 1476 1570 1531 reluctantia
1593 1477 1760 1533 sentit
1782 1479 1987 1544 animo,

394 1559 571 1638 haudet
611 1560 795 1617 dicere
827 1579 843 1615 :
878 1563 974 1619 sed
1030 1565 1225 1636 plenus
1276 1567 1358 1621 ira
1391 1567 1648 1638 quadam,
1680 1583 1864 1624 secum
1893 1568 1991 1622 im-

392 1629 714 1730 ?murmurat
748 1674 760 1708 :
787 1656 868 1711 sic
900 1665 1048 1714 certe
1086 1667 1140 1714 et
1163 1659 1294 1715 mihi
1318 1659 1543 1716 videbar
1567 1662 1783 1729 ’videre,
1839 1661 1988 1717 velut

403 1743 605 1797 iratum
628 1760 798 1811 mare,
832 1763 1129 1820 secumque
1150 1751 1330 1822 ipsum
1356 1752 1618 1808 claudens
1654 1755 1791 1808 iram
1824 1767 1890 1807 ac
1928 1769 1988 1809 se

2105 548 2336 620 εἰπεῖν,)
2368 546 2531 601 αὑτοῦ
2565 546 2928 617 ἐφικνούμενα
2955 546 3051 599 τοῦ
3090 546 3319 618 ούρανοῦ
3347 563 3361 576 ·
3404 545 3466 599 τὸ
3499 546 3546 600 δ’
3584 550 3676 600 ὲνο

2101 637 2292 692 τεῦθεν
2320 637 2473 690 οὐδὲν
2511 637 2700 707 ἓτερον
2742 634 3146 707 προσεδόκωνῆ
3187 633 3404 687 ἃπασαν
3445 633 3673 687 ἐπικλυ-

2102 729 2358 801 θήσεσθαι
2397 728 2494 800 τὴν
2525 727 2650 797 γῆν·
2677 726 2769 781 καί
2807 744 2896 797 μοι
2933 726 3112 796 φυγῆς
3149 727 3207 778 ἐν
3243 724 3320 796 τῷ
3361 723 3442 779 νοῒ
3484 725 3672 790 τόπον,

2101 823 2195 876 καὶ
2225 823 2325 893 τὴν
2357 822 2450 875 τοῦ
2499 821 2625 876 Νῶε
2654 822 2983 876 ἀνέπλαττον
3013 819 3263 874 κιϐωτόν.
3298 819 3372 872 Τὸ
3401 819 3446 871 δ’
3470 819 3570 872 ούκ
3601 814 3675 889 ἦν

2097 916 2127 969 ὃ
2159 914 2422 987 ἐνόμιζον.
2484 914 2644 967 Ἀλλά
2676 915 2785 986 γὰρ
2817 914 2932 984 ἅμα
2959 909 3305 983 κυρτωθῆναι
3343 911 3444 981 τὴν
3472 910 3672 993 θάλαολ-

2100 1026 2220 1076 σαν,
2266 1009 2428 1063 πάλιν
2472 1007 2728 1063 ἀνελύετο
2759 1009 2838 1071 είς
2869 1008 3089 1076 ἑαυτὴν,
3124 1006 3223 1076 οὐχ
3269 1004 3674 1074 ὑπερϐαίνουσα

2094 1104 2187 1157 τὸν
2216 1104 2416 1158 οἰκεῖον
2453 1103 2638 1168 τόπον,
2675 1101 2770 1174 (ὡς
2821 1100 2948 1164 ἔπος
2991 1098 3210 1170 είπεῖν,)
3235 1097 3376 1152 θεῖόν
3409 1116 3463 1151 τι
3503 1099 3672 1170 πρόσ-

2093 1215 2282 1270 ταγμα
2333 1197 2710 1270 πεφοϐημένη.
2766 1196 2876 1251 Καὶ
2935 1196 3186 1268 καθάπερ
3238 1196 3496 1261 πολλάκις
3559 1196 3674 1252 τῶν

2091 1290 2318 1346 οἰκετῶν
2354 1308 2459 1356 τις,
2519 1289 2652 1344 ἄκον
2691 1308 2741 1343 τι
2793 1289 2929 1362 πρὸς
2963 1289 3058 1342 τοῦ
3103 1289 3362 1343 δεσπότου
3409 1290 3674 1360 πράττειν

2093 1385 2554 1456 ἀναγκαζόμενος,
2586 1382 2663 1456 τῷ
2700 1385 2794 1455 μὲν
2841 1383 3219 1454 προστάγματι
3249 1383 3337 1437 διὰ
3383 1382 3472 1436 τὸν
3506 1382 3672 1452 φόϐον

2091 1477 2370 1532 πείθεται·
2413 1477 2442 1530 ὂ
2469 1477 2526 1531 δέ
2570 1477 2792 1546 πάσχει,
2839 1475 3097 1546 πράττειν
3142 1474 3216 1546 μὴ
3267 1473 3455 1538 θέλων,
3491 1473 3674 1542 λέγειν

2088 1582 2143 1619 τι
2190 1567 2252 1620 ού
2287 1566 2496 1638 τολμᾷ·
2534 1563 2844 1638 τονθορύζει
2883 1564 2941 1617 δὲ
2979 1566 3037 1617 ἐν
3069 1564 3264 1635 ἐαυτῷ,
3312 1563 3484 1635 θυμοῦ
3525 1581 3672 1628 τινος

2090 1660 2500 1732 πληρούμενος·
2537 1658 2679 1713 οὕτω
2728 1657 2818 1730 μοί
2856 1675 2974 1722 πως
3021 1657 3270 1727 ἐφαίνετο
3317 1658 3412 1710 καὶ
3444 1655 3541 1727 τὴν
3572 1656 3671 1709 θά-

2088 1752 2316 1819 λασσαν,
2353 1750 2596 1824 ὡσπερεὶ
2616 1750 2983 1823 θυμουμένην,
3010 1750 3104 1803 καὶ
3128 1752 3185 1805 ἐν
3207 1751 3370 1820 ἑαυτῇ
3405 1750 3672 1823 φράττου-

392 1838 717 1912 νοοηιίηεηε,
737 1841 972 1895 veritum
995 1841 1225 1898 Domino
1254 1845 1504 1914 prodere.
1538 1843 1664 1900 Haac
1685 1847 1760 1900 ita
1784 1845 1984 1901 haben-

2089 1863 2182 1900 σαν
2225 1846 2324 1917 τὴν
2352 1845 2542 1917 ὀργὴν,
2578 1843 2882 1916 κρατοῦσάν
2907 1859 2967 1894 τε
2991 1841 3209 1913 ἑαυτῆς,
3237 1841 3296 1894 ού
3340 1841 3671 1913 βουλομένην

392 1927 502 1994 ἰίε,
535 1930 756 1994 tacitus,
791 1931 1018 1988 intentis
1041 1935 1241 2002 oculis,
1273 1938 1522 2007 aspicere
1555 1952 1867 2007 cmperam;
1896 1952 1986 1992 vo-

391 2019 690 2112 :lebamque
712 2024 910 2079 cmlum
933 2027 1116 2082 animo
1140 2029 1342 2093 metiri,
1367 2037 1421 2083 et
1435 2029 1624 2084 orbem
1649 2029 1771 2098 ejus
1800 2048 1812 2083 :
1843 2043 1987 2100 quae-

402 2113 590 2167 rebam
643 2131 744 2186 ego
797 2117 942 2173 unde
970 2119 1236 2190 inciperet
1269 2137 1446 2191 quove
1489 2122 1764 2177 desineret
1794 2140 1806 2174 :
1835 2121 1985 2192 quali

401 2205 531 2261 item
573 2208 812 2263 cieretur
859 2218 1011 2267 motu
1050 2231 1065 2269 :
1125 2229 1254 2267 num
1285 2213 1594 2278 transitivo,
1628 2214 1732 2269 hoc
1767 2221 1874 2279 est,
1915 2213 1986 2268 ab

391 2313 515 2381 uno
561 2299 616 2354 in
650 2301 816 2358 alium
851 2303 1033 2359 locum
1055 2350 1069 2370 ,
1110 2308 1198 2362 vel
1252 2307 1308 2361 in
1350 2307 1538 2362 orbem
1576 2307 1810 2362 ferretur
1839 2325 1853 2361 :
1889 2305 1985 2362 sed

397 2395 455 2444 et
481 2391 756 2458 quomodo
779 2395 964 2448 statim
996 2395 1344 2451 consisteret.
1381 2395 1544 2466 Atqui
1575 2395 1739 2450 etiam
1768 2394 1836 2449 de
1871 2393 1986 2459 sole

397 2483 752 2556 quaerendum
788 2486 1093 2552 videbatur,
1156 2504 1266 2558 quo
1319 2488 1366 2542 is
1399 2487 1561 2542 modo
1588 2484 1877 2558 positionis
1927 2485 1984 2538 in

400 2579 542 2638 ccelo
573 2579 772 2633 habeat
805 2599 817 2634 :
852 2582 976 2651 quis
1005 2596 1136 2637 vero
1165 2583 1431 2637 terminus
1461 2580 1532 2636 sit
1557 2594 1752 2635 cursus
1784 2579 1934 2632 illius
1966 2593 1982 2632 :

400 2688 510 2748 quo
549 2673 676 2730 item
701 2672 850 2728 brevi
898 2681 1044 2729 esset
1099 2688 1506 2740 concessurus;
1562 2686 1626 2726 ac
1655 2685 1831 2741 neque
1867 2670 1985 2740 ipse

397 2764 838 2834 transgrediatur
869 2780 1092 2821 cursum
1125 2766 1442 2837 proprium:
1475 2763 1570 2819 sed
1600 2772 1653 2818 et
1683 2763 1819 2833 ipse,
1838 2759 1985 2831 quod

387 2870 591 2930 ‘verum
643 2856 806 2910 liceat
856 2857 1028 2928 loqui,
1090 2857 1331 2912 melioris
1387 2861 1716 2926 praceptum
1763 2850 1984 2923 aliquod

387 2935 722 3013 ‘custodiat;
782 2958 1022 3020 tuncque
1074 2949 1233 3005 nobis
1286 2949 1619 3021 conspicuus
1685 2950 1982 3015 appareat,

399 3056 526 3097 cum
549 3050 632 3096 est
659 3057 1019 3108 concessum;
1057 3059 1276 3101 rursum
1308 3059 1458 3109 vero,
1483 3057 1583 3097 ceu
1600 3046 1828 3096 vocatus
1859 3037 1984 3094 ab»

385 3128 579 3208 Ecedat.
629 3129 849 3187 Interim
896 3149 1027 3205 ergo
1080 3133 1212 3188 dum
1268 3134 1383 3187 haec
1442 3133 1691 3202 exquiro,
1731 3128 1983 3185 videbam

2083 1939 2164 2010 τῷ
2183 1938 2418 2012 δεσπότῃ
2441 1937 2672 2009 φανερὸν
2705 1937 2925 2008 ποιῆσαι
2954 1935 3044 1990 τὸν
3080 1934 3271 2006 θυμόν.
3305 1935 3490 1988 Ταῦτα
3523 1935 3672 1988 οὕτω

2085 2033 2345 2104 γινόμενα
2377 2031 2593 2085 σιωπῶν
2613 2032 2876 2096 ἀτενίζειν
2901 2030 3171 2102 ἠρχόμην,
3205 2028 3300 2082 καὶ
3323 2027 3412 2080 τὸν
3435 2026 3670 2098 οὐρανὸν

2087 2125 2181 2180 καὶ
2210 2126 2298 2179 τὸν
2330 2125 2527 2178 κύκλον
2555 2124 2742 2189 αὑτοῦ,
2777 2122 2855 2194 τῷ
2899 2121 2978 2176 νοῒ
3030 2123 3392 2192 καταμετρεῶ
3440 2117 3629 2190 ἤθελον
3651 2136 3666 2148 ·

2086 2217 2251 2270 πόθεν
2267 2234 2324 2270 τε
2341 2215 2588 2288 ἄρχεται,
2618 2215 2713 2269 καὶ
2743 2213 2845 2267 ποῦ
2866 2211 3191 2279 καταπαύει,
3216 2211 3508 2282 ἀνεζήτουν
3529 2207 3665 2277 ἐγώ·

2087 2310 2245 2363 ποίαν
2265 2327 2324 2362 τε
2348 2311 2559 2381 κίνησιν
2588 2309 2700 2380 ἔχει
2719 2325 2732 2338 ο
2753 2309 2978 2380 πότερον
2992 2305 3091 2377 τὴν
3109 2305 3498 2376 μεταϐατικὴν,
3515 2322 3676 2359 τουτ-

2081 2403 2200 2457 έστι
2264 2401 2362 2474 τὴν
2388 2401 2495 2455 ἀπὸ
2522 2402 2686 2455 τόπου
2722 2402 2801 2464 είς
2839 2401 3024 2462 τόπον,
3061 2396 3214 2466 ἣτὴν
3254 2393 3438 2464 κύκλῳ
3465 2401 3666 2460 φορανο

2087 2497 2206 2560 πῶς
2231 2495 2288 2549 δὲ
2321 2496 2416 2548 καὶ
2439 2496 2537 2566 τὴν
2569 2494 2824 2565 ἐπίμονον
2851 2492 3005 2562 βάσιν
3047 2489 3178 2560 ἔχει.
3221 2489 3381 2542 Ἀλλὰ
3420 2489 3523 2558 μὴν
3567 2484 3671 2540 καὶ

2087 2587 2323 2660 περὶτοῦ
2340 2587 2492 2660 ἡλίου
2511 2588 2691 2656 ζητεῖν
2719 2585 2912 2650 ἐδόκει,
2937 2583 3017 2646 τίς
3034 2598 3094 2634 τε
3113 2583 3141 2634 ό
3159 2581 3354 2654 τρόπος
3379 2578 3540 2633 αὐτοῦ
3563 2576 3670 2646 τῆς

2086 2685 2144 2737 ἐν
2169 2682 2382 2754 οὐρανῷ
2413 2681 2614 2744 θέσεως
2633 2697 2645 2708 ·
2673 2678 2757 2742 τίς
2787 2678 2842 2731 δέ
2865 2679 2959 2732 καὶ
2982 2680 3014 2749 ἡ
3049 2676 3292 2748 περίοδος
3321 2673 3412 2726 τοῦ
3436 2673 3665 2743 δρόμου⁹

2088 2774 2192 2829 ποῦ
2235 2774 2292 2827 δὲ
2336 2775 2430 2827 καὶ
2479 2773 2596 2843 μετ’
2635 2771 2812 2838 ὀλίγον
2859 2771 3047 2842 χωρεῖ,
3076 2769 3169 2822 καὶ
3205 2769 3285 2820 ὅτι
3339 2765 3474 2837 μηδέ
3511 2757 3671 2826 οὗτος

2086 2867 2421 2938 παρέρχεται
2450 2864 2540 2918 τὸν
2568 2864 2764 2917 οἰκεῖον
2809 2861 3034 2932 δρόμον·
3068 2859 3201 2913 ἀλλὰ
3233 2858 3324 2911 καὶ
3356 2855 3538 2921 αὐτὸς,
3587 2853 3672 2917 ὡς

2087 2957 2296 3011 ἔνεστιν
2323 2957 2518 3018 εἰπεῖν,
2543 2953 2763 3025 ἐντολήν
2791 2969 2913 3006 τινα
2938 2952 3190 3020 φυλάττει
3216 2952 3539 3022 κρείττονος·
3569 2946 3674 3000 καὶ

2087 3049 2268 3119 φαίνει
2305 3047 2404 3118 μὲν
2430 3046 2553 3099 τότε
2579 3045 2707 3116 παρ’
2736 3047 2888 3115 ἡμῖν,
2920 3044 3007 3096 ὅτε
3043 3043 3250 3109 ἔξεστιν
3286 3039 3462 3108 αὐτῷ·
3500 3037 3676 3107 ἀπέρ-

2089 3159 2242 3213 χεται
2283 3140 2362 3204 δέ,
2407 3138 2482 3202 ὼς
2522 3137 2878 3207 καλούμενος.
2926 3138 3033 3189 Καὶ
3079 3135 3281 3189 τούτων
3325 3132 3504 3185 τοίνυν
3564 3129 3676 3199 τὴν

385 3215 534 3282 εοιίε
554 3223 718 3292 juhar
741 3225 1010 3291 occidere,
1044 3227 1259 3298 dieique
1287 3227 1472 3282 lumen
1498 3223 1759 3290 deﬁcere;
1785 3236 1848 3275 ac
1875 3227 1985 3275 sta-

2093 3235 2339 3302 ἐξέτασιν
2378 3230 2720 3302 ποιούμενος,
2772 3227 2957 3298 ἐώρων
3005 3226 3309 3296 παυόμενον
3347 3223 3444 3293 μὲν
3479 3221 3540 3273 τὸ
3571 3218 3674 3273 τοῦ

373 3315 497 3379 tim
528 3315 721 3373 adesse
753 3318 1029 3384 tenebras,
1071 3319 1367 3390 lunamque
1407 3320 1508 3375 soli
1538 3318 1832 3374 succedere
1871 3337 1883 3371 :
1920 3330 1984 3370 ac

396 3405 636 3477 primum
668 3410 888 3483 quidem
921 3412 1186 3465 minutam
1228 3413 1402 3479 oriri;
1436 3410 1780 3482 postmodum
1830 3425 1982 3473 vero,

401 3509 566 3555 cursu
624 3513 1051 3570 promoventem,
1085 3502 1278 3572 majori
1328 3503 1510 3573 specie
1568 3517 1854 3572 apparere.
1906 3499 1985 3554 Ac

397 3606 577 3660 neque
619 3593 686 3647 de
711 3593 800 3647 illa
833 3610 1076 3663 quaerere
1100 3597 1405 3661 cessabam,
1431 3605 1765 3666 causamque
1804 3595 1984 3648 minu-

397 3683 565 3739 tionis
597 3691 650 3738 et
672 3687 1002 3742 accretionis
1031 3688 1352 3754 scrutabar;
1384 3689 1531 3758 quod
1564 3690 1681 3760 ipsa
1706 3687 1984 3743 nihilomi-

399 3791 506 3831 nus
532 3776 796 3831 circulum
819 3779 1029 3834 dierum
1057 3786 1238 3834 teneat
1259 3800 1270 3834 :
1289 3781 1523 3854 indeque
1548 3782 1679 3835 mihi
1707 3781 1983 3852 quandam

398 3868 640 3926 divinam
668 3869 1066 3939 providentiam
1095 3887 1159 3926 ac
1184 3873 1291 3927 vim
1313 3875 1600 3930 meliorum
1636 3875 1818 3928 omnia
1852 3889 1984 3929 con-

399 3959 691 4027 tinentem,
712 3977 874 4032 quam
909 3969 963 4018 et
997 3964 1163 4018 Deum
1182 3965 1307 4034 jure
1335 3966 1591 4032 dicimus,
1619 3966 1874 4036 colligere
1896 3965 1981 4019 vi-

388 4041 590 4111 debar.
619 4053 888 4110 Caeterum
940 4071 1072 4110 vero
1115 4057 1256 4126 cmpi
1287 4055 1510 4112 laudare
1535 4055 1793 4127 Opiﬁcem
1821 4094 1836 4119 ,
1888 4055 1983 4125 qui

398 4153 602 4205 terram
636 4147 820 4216 ﬁxam,
847 4148 1272 4220 animaliumque
1318 4148 1654 4205 differentias
1696 4163 1760 4203 ac
1801 4149 1982 4204 varios

397 4238 710 4310 plantarum
743 4239 904 4297 ﬂores
966 4241 1289 4313 aspicerem.
1347 4240 1668 4303 Enimvero.
1701 4241 1983 4310 haudqua-

394 4345 561 4403 quam
612 4330 830 4389 animus
881 4333 937 4386 in
994 4333 1144 4388 hisce
1179 4341 1233 4388 et
1269 4334 1401 4390 solis
1445 4335 1691 4390 constitit
1728 4353 1741 4387 :
1780 4333 1874 4387 sed
1916 4333 1983 4388 de

394 4435 614 4493 caetero,
635 4441 882 4498 quaerere
906 4427 1047 4500 coepi
1077 4428 1221 4482 unde
1249 4427 1366 4482 haec
1395 4429 1697 4484 constituta
1744 4433 1929 4482 essent
1965 4443 1978 4480 :

395 4535 528 4580 num
559 4535 625 4575 ex
663 4520 848 4590 aliquo
879 4520 1025 4588 quod
1049 4535 1262 4590 semper
1289 4521 1588 4576 coexsistat
1619 4519 1750 4588 Deo,
1784 4520 1867 4574 vel
1915 4534 1983 4574 ex

396 4614 518 4682 ipso
547 4614 773 4682 soloque
798 4611 928 4677 Deo,
961 4613 1108 4667 nulla
1134 4613 1182 4668 ei
1223 4629 1281 4669 re
1312 4613 1984 4678 coexsistente,consiste-

397 4713 540 4761 rent.
579 4706 710 4760 Nam
736 4707 873 4761 nihil
910 4723 975 4762 ex
1013 4708 1185 4764 nihilo
1221 4708 1449 4775 fecisse,
1482 4709 1691 4763 ratione
1718 4724 1826 4763 non
1864 4723 1982 4762 om-

395 4800 528 4853 nino
576 4800 922 4871 improbabili
971 4811 1291 4872 suppetente
1331 4802 1792 4858 considerandum
1825 4801 1975 4857 duxi.

395 4891 610 4948 Habent
633 4895 777 4949 enim
801 4910 922 4964 quae
955 4895 1108 4962 ﬁunt,
1129 4913 1195 4951 ex
1225 4897 1407 4966 aliquo
1437 4896 1554 4951 ﬁeri
1603 4911 1667 4950 ac
1694 4894 1976 4950 constitui.

397 4985 665 5042 Similiter
721 4988 887 5043 etiam
965 5005 1092 5044 vere
1146 4990 1438 5044 dicendum
1492 4990 1800 5054 videbatur,
1841 4989 1977 5042 nihil

394 5075 509 5131 Deo
536 5089 731 5148 praeter
763 5079 942 5148 ipsum
993 5081 1357 5148 coexsistere;
1411 5097 1643 5151 esseque
1695 5098 1802 5144 res,
1861 5081 1980 5150 ipso

393 5177 616 5223 creante
649 5187 663 5223 :
697 5170 966 5238 siquidem
1006 5171 1061 5226 id
1088 5179 1337 5228 suaserat
1369 5173 1707 5242 compositus
1736 5172 1979 5226 elemen-

395 5269 576 5315 torum
629 5261 800 5327 ordo,
852 5271 1171 5335 naturzeque
1227 5264 1283 5318 in
1333 5263 1413 5320 eis
1467 5264 1831 5318 concinnitas.
1890 5261 1982 5316 Sic

394 5369 556 5415 vero,
593 5353 731 5408 bene
785 5357 1044 5412 statuisse
1097 5357 1392 5422 arbitrans,
1445 5357 1666 5412 domum
1717 5355 1977 5411 redibam.

395 5441 687 5506 Caeterum,
720 5459 844 5498 cum
870 5447 1142 5516 sequenti,
1176 5462 1370 5517 nempe
1408 5446 1674 5503 hodierna
1701 5448 1810 5512 die,
1834 5447 1983 5502 cxis-

397 5549 534 5600 σθω,
563 5533 702 5590 duos
733 5536 1026 5603 quosdam,
1060 5537 1250 5595 eodem
1285 5555 1518 5613 genere,
1569 5541 1841 5610 homines,
1896 5540 1981 5596 in—

502 5738 522 5773 ⁸
563 5735 663 5794 Job
696 5753 922 5804 xxxviii,
954 5738 1040 5794 ll.

2091 3328 2243 3400 ἡλίου
2270 3325 2492 3395 φέγγος,
2526 3322 2804 3375 ἐπιλεῖπον
2841 3321 2896 3373 δέ
2931 3320 3024 3372 καὶ
3058 3320 3157 3388 τῆς
3180 3318 3390 3388 ἡμέρας
3420 3315 3480 3368 τὸ
3512 3313 3674 3382 φῶςο

2091 3419 2294 3482 εὐθέως
2325 3417 2382 3469 δὲ
2416 3414 2696 3485 γινόμενον
2728 3412 2936 3475 σκότος,
2973 3411 3066 3464 καὶ
3105 3409 3331 3479 σελήνην
3359 3404 3680 3474 διαδεχομέ-

2091 3528 2189 3580 νην
2227 3509 2318 3561 τὸν
2361 3507 2542 3576 ἥλιον·
2583 3503 2675 3557 καὶ
2707 3503 2773 3555 τά
2809 3502 2906 3573 μὲν
2947 3500 3138 3572 πρῶτα
3166 3498 3420 3552 ἀνιοῦσαν
3457 3495 3676 3566 μείονα,

2043 3609 2050 3613 ‘
2095 3601 2392 3673 μετέπειτα
2431 3598 2489 3652 δέ
2531 3597 2943 3668 προκόπτουσαν
2993 3593 3072 3664 τῷ
3117 3591 3322 3662 δρόμῳ,
3368 3587 3678 3658 φαντασίαν

2090 3696 2439 3766 παρέχουσαν
2488 3688 2752 3762 μείζονος.
2802 3687 2916 3741 Ούκ
2962 3684 3244 3755 ἐπαυόμην
3287 3682 3343 3734 δὲ
3391 3680 3482 3734 καὶ
3538 3678 3679 3749 ’περί⁵

2089 3789 2295 3858 ταύτης
2333 3785 2533 3857 ζητῶν,
2565 3784 2660 3837 καὶ
2691 3782 2790 3853 τὴν
2823 3780 3000 3834 αἰτίαν
3045 3779 3144 3849 τῆς
3184 3774 3524 3847 ἀφαιρέσεως
3571 3771 3681 3826 καὶ

2088 3881 2189 3952 τῆς
2221 3877 2563 3949 προσθέσεως
2612 3872 2950 3946 ἀνηρεύνων,
2981 3872 3063 3924 ὅτι
3099 3886 3159 3921 τε
3200 3869 3291 3922 καὶ
3349 3866 3483 3936 αὑτὴ
3512 3864 3680 3935 τηρεῖ

2089 3972 2180 4025 τὸν
2210 3970 2408 4024 κύκλον
2431 3967 2538 4021 τῶν
2573 3964 2796 4037 ἡμερῶν
2815 3981 2829 3996 ο
2864 3963 2955 4016 καί
2997 3978 3084 4032 μοι
3115 3959 3286 4012 ἐδόκει
3307 3958 3368 4009 τὸ
3395 3953 3677 4018 ἐντεῦθεν,

2088 4063 2164 4126 ὡς
2189 4061 2308 4115 θεία
2335 4077 2418 4123 τις
2448 4060 2682 4129 ὑπάρχει
2717 4054 2996 4124 οἰκονομία
3035 4052 3128 4105 καὶ
3155 4051 3382 4119 δύναμις
3421 4044 3648 4118 κρειττό
3675 4076 3683 4085 -

2089 4173 2215 4218 νων,
2251 4154 2284 4224 ὴ
2335 4151 2629 4224 συνέχουσα
2662 4149 2729 4203 τά
2774 4148 2890 4209 ὅλα,
2931 4146 2996 4216 ἣν
3029 4145 3125 4196 καὶ
3164 4141 3295 4194 Θεὸν
3337 4138 3557 4200 δικαίως
3606 4136 3680 4190 ἂν

2089 4246 2336 4316 εἴπομεν.
2394 4246 2504 4298 Καὶ
2552 4243 2612 4294 τὸ
2664 4240 2849 4295 λοιπὸν
2896 4239 2988 4290 τὸν
3035 4234 3375 4307 Δημιουργὸν
3424 4233 3680 4283 ἐπαινεῖν

2087 4340 2358 4411 ἠρχόμην,
2413 4339 2514 4406 τήν
2567 4353 2626 4388 τε
2665 4334 2769 4404 γῆν
2819 4333 3130 4400 πεπηγυῖαν
3167 4327 3331 4400 ὁρῶν,
3375 4326 3470 4379 καὶ
3512 4320 3680 4386 ζώων

2088 4430 2370 4501 διαφορὰς,
2421 4429 2515 4481 καὶ
2561 4425 2782 4479 ποικίλα
2821 4423 3002 4492 φυτῶν
3042 4421 3110 4474 τὰ
3155 4418 3520 4489 ἐξανθήματα.
3556 4415 3683 4484 Οὐχ

2091 4524 2275 4577 ἵστατο
2311 4522 2368 4575 δέ
2404 4540 2492 4592 μοι
2519 4521 2611 4574 ἐπὶ
2632 4519 2842 4582 τούτοις
2871 4518 2964 4571 καὶ
2995 4516 3173 4588 μόνοις
3207 4516 3236 4567 ὁ
3257 4512 3379 4574 νοῦς
3399 4528 3411 4541 ·
3441 4509 3578 4563 ἀλλά
3612 4509 3683 4562 τὸ

2087 4615 2293 4678 λοιπὸν,
2326 4614 2447 4667 ὅθεν
2482 4613 2653 4666 ταῦτα
2682 4612 2782 4681 τὴν
2821 4608 3082 4662 σύστασιν
3113 4607 3246 4677 ἔχει,
3285 4605 3465 4675 ζητεῖν
3497 4603 3680 4672 ἠρχό-

2092 4730 2232 4784 μην·
2266 4711 2492 4782 πότερον
2533 4707 2598 4762 ἔκ
2631 4725 2773 4770 τινος
2811 4705 3060 4766 συνόντος
3100 4704 3186 4756 ἀεὶ
3227 4701 3305 4771 τῷ
3347 4697 3485 4768 Θεῷ,
3524 4697 3556 4767 ἢ
3615 4697 3683 4761 ἐξ

2087 4805 2253 4858 αὑτοῦ
2296 4803 2390 4855 καὶ
2436 4801 2616 4872 μόνου,
2667 4798 3100 4868 συννπάρχοντος
3144 4792 3294 4863 αύτῷ
3337 4790 3566 4852 οὐδενός·
3613 4788 3682 4842 τὸ

2087 4900 2195 4969 γὰρ
2229 4897 2288 4962 ἐξ
2312 4898 2412 4950 ούκ
2443 4896 2593 4958 ὄντος
2625 4893 2983 4964 πεποιηκέναι
3013 4889 3162 4942 οὐδὲν
3199 4888 3420 4939 σκοπεῖν
3454 4901 3543 4954 μοι
3569 4899 3683 4936 κα-

2085 4991 2194 5054 λῶς
2248 4990 2444 5054 ἐδόκει,
2502 4987 2575 5059 μὴ
2633 4985 2814 5043 τέλεον
2864 4981 3128 5041 ἀπιθάνου
3187 4979 3524 5049 ὑπάρχοντος
3570 4972 3681 5029 τοῦ

2087 5084 2267 5152 λόγου.
2295 5081 2377 5135 Τὰ
2404 5080 2514 5152 γὰρ
2545 5079 2804 5149 γινόμενα
2830 5076 2888 5141 ἐξ
2911 5076 3077 5128 ὄντων
3107 5073 3316 5140 πέφυκε
3341 5070 3437 5140 τὴν
3472 5068 3682 5122 σύστα-

2090 5191 2175 5228 σιν
2225 5174 2389 5245 ἔχειν.
2425 5173 2536 5230 Καὶ
2579 5170 2778 5242 ὁμοίως
2819 5167 3033 5240 ἀληθῶς
3085 5165 3258 5218 ἐδόκει
3289 5161 3452 5234 μηδὲν
3485 5161 3680 5227 λέγειν

2086 5267 2176 5321 ἀεὶ
2209 5269 2448 5319 συνεῖναι
2479 5263 2556 5334 τῷ
2598 5261 2716 5332 Θεῷ
2746 5261 2931 5333 ἕτερόν
2966 5277 3018 5312 τι
3052 5259 3182 5330 παρ’
3229 5255 3413 5317 αὑτὸν,
3452 5251 3565 5305 ἀλλ’
3613 5251 3682 5319 ἐξ

2086 5360 2253 5414 αὑτοῦ
2295 5358 2365 5411 τὰ
2399 5357 2527 5411 ὅντα
2565 5355 2848 5425 γεγονέναι
2872 5371 2884 5383 ·
2932 5353 3026 5405 καὶ
3075 5351 3184 5421 γάρ
3223 5365 3340 5408 πως
3378 5344 3559 5398 ἔπειθέ
3604 5361 3682 5414 με

2086 5453 2178 5507 τὸν
2220 5452 2480 5507 εὔτακτον
2523 5450 2632 5503 τῶν
2666 5447 2964 5518 στοιχείων,
2998 5444 3093 5499 καὶ
3139 5445 3172 5515 ὴ
3222 5441 3351 5515 περὶ
3384 5439 3522 5494 αὐτὰ
3563 5437 3682 5508 τῆς

2089 5542 2303 5614 φύσεως
2325 5541 2611 5614 εὐκοσμία.
2639 5540 2851 5596 Ούτωσὶ
2876 5537 2932 5593 δέ
2955 5555 3071 5602 πως
3095 5531 3153 5591 εὗ
3182 5530 3538 5590 διατεθεῖσθαι
3581 5545 3684 5586 νο-
