3864 6162
201 319 315 376 245

1314 358 1325 368 .
1384 316 1516 374 me.
1557 315 1645 373 DE
1671 316 1921 374 nemo
1957 298 2309 373 ΑιιΒιτιιιο.

3360 304 3468 362 246

201 435 402 508 μίζων,
448 433 544 489 ἐπὶ
588 434 688 506 τὴν
737 433 927 489 οίκίοινΔ
963 434 1206 507 ἐχώρουν
1256 433 1355 505 τὴν
1402 434 1561 506 ἐμήν.
1616 434 1695 506 Τῇ
1740 433 1786 486 δ’

1898 447 2075 503 quam,
2110 427 2501 486 contendentes
2535 424 2789 490 invicem,
2823 436 2991 495 seque
3044 420 3308 478 conviciis
3334 435 3467 492 pro-

197 526 455 599 ὲπιούσῃ,
496 525 743 580 τουτέστι
779 527 1040 597 σήμερον,
1070 523 1240 579 ἐλθὼν
1281 524 1470 598 ἑώρων
1497 524 1591 580 δύο
1637 524 1789 590 τινὰς

198 616 868 692 ὁμογενεῖς’(ἀνθρώπους
895 616 953 670 δὲ
983 616 1201 687 λέγω,)
1237 616 1789 689 διαπληκτιζομένους

198 712 297 767 καὶ
326 707 861 781 διαλοιδορουμένους
906 706 1158 777 ἀλλήλοις
1180 724 1193 738 ·
1235 706 1423 779 ἕτερον
1453 707 1497 760 δ’
1526 703 1594 762 αὖ
1629 706 1790 761 πάλιν

198 801 557 875 ἀφιματῶσαι
606 799 926 872 βουλόμενον
973 800 1064 854 τὸν
1111 797 1357 871 πλησίον·
1403 799 1503 871 ήδη
1540 798 1598 851 δέ
1648 816 1791 860 τινες

199 894 300 948 καὶ
348 892 653 964 δεινότερον
698 891 904 963 τολμᾷν
937 891 1189 963 ἤρχοντο.
1251 891 1309 945 '0
1345 891 1442 962 μὲν
1476 889 1586 962 γὰρ
1624 888 1789 943 ἐσκύ-

199 987 365 1042 λευσε
390 985 609 1058 νεκρὸν,
637 984 734 1039 καὶ
759 983 827 1037 τὸ
853 983 1094 1055 κρυφθὲν
1122 982 1225 1055 ήδη
1254 982 1414 1055 σῶμα
1433 984 1501 1054 τῇ
1530 985 1600 1055 γῇ
1630 982 1792 1036 πάλιν
1825 1002 1833 1012 ο

202 1077 478 1131 ἐδείκνυεν
504 1075 661 1148 ἡλίῳ,
702 1075 796 1129 καὶ
836 1074 935 1146 τὴν
966 1074 1162 1146 ὁμοίαν
1187 1073 1361 1139 οὕτως
1402 1072 1682 1146 ἐνύϐριζεν
1717 1075 1794 1127 εἱ·-

202 1168 359 1232 κὸνα,
396 1167 561 1239 βορὰν
588 1167 715 1221 κυσὶ
750 1165 1095 1220 καταλείπων
1121 1164 1214 1220 τὸν
1243 1164 1456 1236 νεκρόν·
1498 1167 1527 1218 ὁ
1554 1164 1611 1218 δὲ
1642 1163 1794 1234 ξίφος

203 1258 469 1329 ὲγύμνου,
518 1257 613 1317 καὶ
646 1255 738 1309 ἐπὶ
766 1255 860 1310 τὸν
886 1255 1069 1326 ὅμοιον
1115 1253 1399 1325 ἄνθρωπον
1430 1252 1647 1325 ὲχώρει.
1683 1252 1794 1306 Καὶ

201 1352 232 1404 ὁ
281 1350 395 1420 μὲν
430 1350 579 1420 φυγῇ
632 1347 732 1419 τὴν
785 1346 1062 1418 σωτηρίαν
1097 1344 1342 1417 πορίζειν
1391 1344 1611 1417 ἤθελενο
1661 1346 1691 1398 ὁ
1736 1345 1794 1399 δὲ

200 1441 418 1497 διώκων
488 1442 590 1494 οὐκ
658 1438 914 1504 ἐπαύετο,
983 1439 1104 1494 οὐδὲ
1182 1437 1278 1493 τοῦ
1334 1438 1513 1509 θυμοῦ,
1572 1440 1795 1511 κρατεῖν

200 1533 389 1607 ἦθελε.
439 1533 553 1586 Καὶ
580 1531 633 1586 τί
666 1533 748 1586 δεῖ
786 1532 1007 1586 πλείονα
1050 1531 1268 1602 λέγειν;
1316 1530 1455 1585 Ἀλλ’
1502 1531 1583 1584 ὅτι
1614 1532 1797 1603 χωρὴ-

203 1642 307 1689 ca;
370 1627 458 1678 ἐπ’
524 1624 689 1679 αὐτὸν
752 1624 955 1688 εὐθέως
1022 1623 1179 1678 ἔπαιε
1236 1622 1315 1694 τῷ
1385 1623 1549 1693 ξίφει.
1617 1623 1679 1677 '0
1738 1622 1795 1675 δὲ

204 1716 400 1788 ίκέτης
457 1714 553 1770 τοῦ
609 1714 836 1787 πλησίον
889 1713 1120 1784 ἐγίνετο,
1178 1713 1275 1767 καὶ
1329 1715 1516 1786 χεῖρας
1581 1711 1792 1776 ἱκεσίας

203 1786 385 1876 ὤρεγε
402 1822 425 1845 ο-
449 1805 547 1861 και
575 1804 675 1876 τὴν
706 1786 818 1876 μιν
848 1802 1057 1875 ἐσθῆτα
1086 1803 1284 1858 διδόναι
1316 1803 1496 1875 noete,
1546 1802 1704 1874 μόνον
1737 1801 1793 1855 δὲ
1823 1786 1869 1846 Β

200 1895 267 1948 τὸ
290 1894 393 1967 ζῇν
430 1894 574 1967 ἔχειν
598 1894 774 1966 ἠξίου.
816 1895 876 1948 '0
904 1894 964 1947 δὲ
988 1894 1090 1948 οὐκ
1111 1892 1306 1967 ἔθραυε
1333 1894 1426 1947 τὸν
1458 1893 1651 1965 θυμὸν,
1682 1891 1793 1946 οὑδῗ

201 1974 496 2053 ᾕέει⁸τδν
540 1984 802 2056 ὁμογενῆ,
850 1983 976 2038 οὐδὲ
1016 1984 1208 2039 ἑαυτὸν
1239 1983 1328 2038 διὰ
1359 1985 1458 2057 τῆς
1502 1984 1705 2049 εἰκόνος
1735 1987 1794 2038 ὲν

201 2074 404 2147 ἐκείνῳ
429 2076 646 2147 βλέπειν
678 2076 886 2148 ἤθελεν,
914 2075 1029 2131 ἀλλ’
1057 2076 1133 2141 ὡς
1156 2077 1347 2148 ἄγριος
1376 2076 1500 2149 θὴρ,
1544 2075 1622 2148 τῷ
1650 2076 1794 2146 ξίφει

204 2169 308 2239 τῆς
339 2170 507 2242 βορᾶς
540 2171 760 2242 ἤρχετο.
810 2171 950 2241 Ἤδη
980 2170 1036 2224 δὲ
1064 2171 1159 2225 καὶ
1200 2170 1261 2224 τὸ
1293 2170 1471 2241 στόμα
1505 2169 1582 2242 τῷ
1621 2171 1795 2242 ὁμοίῳ

201 2258 519 2331 προσέφερε
550 2258 764 2332 σώματι
785 2276 800 2291 ο
834 2257 1089 2323 τοσοῦτος
1119 2258 1230 2331 γὰρ
1266 2254 1335 2332 ἦν
1359 2257 1437 2329 τῷ
1467 2258 1642 2330 θυμῷ.
1681 2258 1794 2310 Καὶ

199 2343 277 2420 ἦν
328 2348 479 2417 ἰδεῖν,
524 2349 616 2405 τὸν
665 2350 763 2421 μὲν
801 2349 1152 2421 ἠδικημένον,
1199 2350 1291 2403 τὸν
1336 2349 1393 2403 δὲ
1438 2349 1623 2404 λοιπὸν
1663 2367 1794 2403 σκυ-

200 2434 455 2501 λεύοντα,
499 2436 595 2491 καὶ
630 2436 764 2509 μηδὲ
805 2439 877 2509 γῇ
925 2437 1266 2501 σκεπάζοντα
1306 2438 1368 2492 τὸ
1401 2437 1580 2510 σῶμα,
1616 2438 1644 2491 ὃ
1695 2438 1794 2509 τῆς

198 2526 437 2598 ἐσθῆτος
464 2528 768 2600 ἐγύμνωσε.
805 2528 950 2601 Πρὸς
999 2529 1057 2584 δὲ
1097 2528 1310 2594 τούτοις
1345 2530 1530 2602 ἔτερος
1563 2532 1791 2603 προσῆν,
1826 2539 1835 2547 ‘

196 2620 273 2683 ὃς
310 2620 408 2674 τοῦ
462 2619 690 2693 πλησίον
746 2624 979 2691 γυναῖκα
1030 2623 1247 2688 παίζειν
1294 2623 1473 2695 ἤθελε,
1520 2624 1795 2697 λῃστεύων

199 2713 386 2783 γάμον
416 2712 717 2784 ἀλλότριον,
749 2716 845 2768 καὶ
889 2716 982 2768 ἐπὶ
1012 2714 1330 2786 παράνομον
1364 2715 1551 2786 κοίτην
1582 2717 1795 2787 τραπῆ-

196 2823 293 2860 ναι
325 2806 652 2879 παρορμῶν,
694 2805 785 2861 τὸν
828 2807 1186 2879 γεγαμηκότα
1221 2809 1444 2879 γνήσιον
1473 2807 1687 2881 πατέρα
1715 2808 1791 2880 (5)

198 2900 454 2977 γίνεσθαι
495 2900 691 2957 θέλων.
753 2901 1036 2956 Ἐντεῦθεν
1076 2901 1134 2955 δὲ
1172 2904 1294 2967 ταῖς
1321 2901 1654 2975 τραγῳδίαις
1703 2919 1797 2955 πι-

201 2993 421 3048 στεύειν
451 2993 728 3065 ἠρχόμην,
768 2995 865 3048 καὶ
898 2994 961 3047 τὸ
993 2994 1280 3049 Θυέστειον
1322 2995 1539 3049 δεῖπνον
1580 2994 1795 3065 ἀληθῶς

200 3085 383 3144 ἐδόκει
412 3101 505 3156 μοι
534 3087 823 3154 γεγονεναι
843 3104 856 3117 ·
894 3087 1170 3143 πιστεύειν
1197 3087 1378 3143 δὲκαὶ
1401 3090 1468 3159 τῇ
1503 3087 1793 3158 Οἰνομαίου

200 3177 517 3250 παρανόμῳ
550 3178 834 3250 ἐπιθυμίᾳ,
865 3180 961 3233 καὶ
982 3182 1048 3252 τῇ
1077 3179 1184 3233 τῶν
1211 3178 1456 3249 ἀδελφῶν
1488 3178 1577 3232 διὰ
1609 3178 1796 3249 ξίφους

200 3272 510 3344 φιλονεικίᾳ
540 3272 641 3326 οὐκ
667 3272 935 3326 ἀπιστεῖν.
967 3271 1250 3325 Τοσούτων
1277 3271 1458 3325 τοίνυν
1491 3271 1586 3325 καὶ
1615 3271 1795 3325 τοιού-

200 3379 313 3416 των
357 3363 560 3435 θεατὴς
596 3362 887 3433 γενόμενος
915 3362 1046 3431 ἐγὼ,
1099 3363 1261 3417 πόθεν
1301 3361 1475 3415 ταῦτα
1509 3360 1797 3433 ἀναζητεῖν

200 3457 462 3529 ἠρχόμην
483 3475 496 3487 ·
528 3457 614 3520 τίς
636 3456 693 3509 δὲ
720 3456 814 3511 καὶ
835 3459 869 3529 ἠ
898 3457 997 3528 τῆς
1018 3458 1284 3528 κινήσεως
1312 3456 1491 3510 αὐτῶν
1510 3456 1677 3526 ἀρχὴ,
1702 3455 1798 3509 κα)⁸

199 3550 286 3612 τίς
321 3549 352 3600 ὁ
383 3547 625 3602 τοσαῦτα
647 3548 769 3602 κατ’
791 3546 1094 3621 ἀνθρώπων
1127 3548 1601 3619 μηχανησάμενος
1634 3546 1797 3599 πόθεν

201 3656 264 3692 τε
301 3641 338 3710 ἠ
372 3638 600 3711 εὒρησις
638 3638 838 3703 αὐτῶν,
875 3640 971 3693 καὶ
1014 3639 1099 3703 τίς
1132 3641 1160 3693 ὁ
1207 3638 1410 3694 τούτων
1456 3638 1792 3702 διδάσκαλος.

203 3731 317 3785 Καὶ
344 3730 443 3784 τὸν
477 3733 575 3802 μὲν
602 3732 733 3786 Θεὸν
755 3732 965 3786 τούτων
993 3731 1223 3803 ποιητὴν
1261 3732 1440 3801 λέγειν
1472 3731 1677 3803 τολμᾷν
1698 3732 1798 3802 οὐχ

205 3818 317 3878 οἶόν
347 3841 411 3878 τε
436 3820 527 3895 ἦν,
562 3824 696 3879 ἀλλὰ
739 3823 844 3897 μὴν
875 3824 996 3877 οὐδὲ
1046 3823 1105 3891 ἐξ
1145 3822 1311 3876 αὐτοῦ
1354 3823 1452 3894 τὴν
1499 3824 1796 3876 ὑπόστασιν

205 3916 373 3988 ἔχειν,
407 3917 530 3970 οὐδὲ
555 3917 652 3988 τὴν
675 3916 770 3970 τοῦ
802 3913 941 3971 εἶναι
969 3915 1251 3970 σύστασιν.
1286 3914 1413 3979 Πῶς
1442 3914 1551 3987 γὰρ
1596 3908 1707 3967 οἷόν
1735 3931 1797 3968 τε

205 4005 275 4081 ἧν
303 4008 485 4062 ταῦτα
510 4010 639 4080 περὶ
670 4008 806 4062 Θεοῦ
830 4010 1003 4075 νοεῖν;
1033 4007 1094 4072 ὃς
1132 4007 1230 4080 μὲν
1259 4007 1369 4080 γάρ
1396 4008 1543 4061 ἐστιν
1568 4005 1794 4076 ἀγαθὸς,

208 4101 303 4155 καὶ
341 4101 455 4155 τῶν
493 4100 820 4173 κρειττόνων
865 4100 1116 4172 ποιητὴς,
1164 4099 1275 4155 τῶν
1305 4099 1363 4153 δὲ
1401 4098 1618 4171 φαύλων
1647 4097 1796 4170 αὐτῷ

208 4192 504 4266 πρόσεστιν
532 4192 683 4246 οὐδέν
702 4210 714 4224 ·
743 4192 858 4246 ἀλλ’
879 4193 1000 4247 οὐδὲ
1020 4195 1136 4255 τοῖς
1166 4190 1427 4256 τοιούτοις
1454 4192 1666 4263 χαίρειν
1699 4190 1798 4244 πέ-

210 4304 401 4355 φυκεν
452 4286 787 4358 ἀπαγορεύει
826 4285 884 4339 δὲ
923 4286 1020 4340 καὶ
1050 4284 1151 4356 τὴν
1193 4284 1411 4354 γένεσιν
1450 4284 1662 4339 αὐτῶνθ
1704 4284 1797 4337 καὶ

209 4380 335 4444 τοὺς
386 4380 489 4450 μὲν
536 4378 828 4451 χαίροντας
870 4380 1081 4443 τούτοις
1129 4377 1520 4441 ἀποϐάλλεται,
1568 4377 1695 4440 τοὺς
1739 4375 1796 4429 δὲ

280 4604 361 4677 (5)
392 4602 671 4677 Γτήσιον
694 4603 935 4677 πατέρα,
967 4605 1286 4661 Menuosum
1331 4604 1610 4677 existimat.
1634 4604 1798 4677 _hu_nc

206 4674 396 4747 iocum
440 4674 748 4730 Cotelerius
785 4678 853 4730 ad
894 4675 1148 4731 Clement.
1182 4676 1325 4731 hom.
1360 4692 1496 4739 xm,
1533 4675 1561 4747 ς
1592 4674 1797 4747 19,ίΙθ-

210 4746 561 4815 gentiumque
602 4746 881 4817 ἀγνήσιον,
915 4746 1116 4817 velut;
1159 4748 1400 4817 γνήσιον,
1428 4746 1549 4816 quae
1575 4746 1796 4817 quidem

209 4818 324 4871 sive
350 4817 537 4870 littera
566 4818 680 4870 sive
709 4815 976 4886 particula
1006 4815 1168 4881 facile
1188 4815 1363 4886 potuit
1382 4815 1669 4881 excidisse.
1703 4815 1797 4869 Sic

207 4895 390 4942 autem
449 4886 631 4940 locum
677 4885 951 4956 integrum
997 4886 1176 4941 reddit
1196 4885 1220 4941 7:
1247 4887 1449 4940 Aderat
1497 4886 1656 4949 alius,
1705 4885 1796 4950 qui

207 4957 444 5039 proximi
472 4957 636 5039 umori
664 4955 1180 5039 cupiebatoilludere,
1231 4959 1463 5039 alienun;
1518 4958 1797 5039 matrimo-
1886 4967 1889 4973 '

206 5026 355 5081 nium
384 5026 687 5097 praedatus,
729 5036 779 5082 et
820 5028 1049 5081 incitans
1095 5043 1214 5081 eam
1256 5037 1314 5080 ut
1358 5027 1427 5079 ad
1465 5029 1798 5084 concubitum

208 5098 462 5151 illicitum
495 5108 804 5164 verteretur,
842 5113 871 5152 e
911 5098 1105 5151 marito
1146 5098 1320 5153 uolens
1371 5098 1545 5167 facere
1592 5110 1797 5167 patrem

206 5182 311 5222 non
345 5184 552 5222 verum.
583 5168 755 5224 GALL.

279 5239 357 5311 (6)
391 5236 590 5323 Gladio
622 5240 827 5323 laptiafe
857 5240 1031 5309 capit.
1066 5240 1466 5323 thbﬁiuerﬁ;
1502 5239 1668 5323 βορᾶς
1696 5241 1797 5323 ηρ-

207 5309 353 5379 χετο,
381 5311 541 5364 velut
570 5310 872 5365 vorandum
906 5309 1287 5375 conscin'dere.
1319 5309 1484 5367 Forte
1504 5309 1675 5366 etiam
1713 5309 1798 5367 l‘u-

208 5381 315 5434 erit
356 5379 561 5454 εἴχετο.
615 5379 969 5454 signiﬁcatur
1016 5398 1185 5454 supra
1233 5382 1534 5454 belluinam
1573 5381 1794 5454 feritas,

207 5464 315 5519 qua
342 5451 491 5521 saepe
521 5452 773 5508 homines
811 5451 1102 5523 inhumani
1139 5455 1197 5509 in
1222 5469 1282 5510 se
1307 5453 1541 5508 invicem
1564 5451 1752 5509 furunt
1777 5496 1795 5523 ,

212 5528 271 5592 ut
298 5523 383 5592 vel
413 5537 479 5576 os
505 5532 766 5592 tanquam
794 5522 1123 5579 devorandis
1147 5525 1494 5589 admoveant,
1522 5530 1584 5578 ut
1613 5527 1798 5581 statim

210 5590 435 5669 additur
471 5590 714 5669 εήηδηξδὲ
740 5594 834 5647 καὶ
872 5593 934 5647 τὸ
967 5594 1267 5669 στόμα-τῷΔ
1288 5594 1459 5667 ὁμοίῳ
1491 5595 1798 5669 προσέφερε

213 5661 454 5745 σώματι2
495 5660 1017 5745 Sic.'llaragnenses
1051 5660 1292 5745 barbari,
1323 5660 1445 5745 non
1479 5660 1591 5720 tam
1624 5660 1799 5745 ventri

211 5731 377 5799 quam
427 5731 607 5788 furori
650 5731 1042 5800 exsaturanda,
1091 5737 1327 5792 laniatos
1377 5736 1585 5800 hostes,
1630 5737 1797 5791 etiam

212 5805 497 5873 thomacho
529 5811 844 5876 respuente,
877 5814 1168 5878 antequam
1199 5807 1339 5864 Galli
1364 5810 1539 5864 nostri
1572 5806 1801 5865 dedoce-

1823 3127 1865 3185 C
1898 3094 2105 3151 credidi
2156 3109 2286 3150 vero
2321 3093 2522 3185 iniqua:
2553 3090 2831 3146 (Enomaei
2880 3087 3163 3185 cupiditati
3216 3087 3336 3185 (8),

1825 4539 1876 4598 D

1889 521 2213 579 scindentes.
2231 519 2458 591 aspexi:
2495 518 2727 573 alterum
2762 517 2914 580 item,
2944 514 3037 583 qui
3072 513 3236 570 vellet
3270 529 3468 585 exspoc

1888 615 2025 672 liare
2051 614 2407 687 proximum:
2444 610 2543 666 sed
2586 617 2640 666 et
2693 608 2789 680 qui
2825 607 2939 678 jam
2988 607 3210 677 gravius
3262 606 3469 677 aliquid

1888 720 2222 779 praesumere
2276 703 2602 774 inciperent.
2652 698 2755 756 Hic
2801 698 3073 769 siquidem
3126 696 3472 767 depmdatus

1888 806 1974 854 est
1998 805 2296 859 mortuum,
2334 806 2645 863 corpusque
2683 790 2799 862 jam
2827 797 2977 845 terra
3005 787 3334 847 occultatum
3369 789 3474 846 ite-

1889 904 2013 944 rum
2055 885 2300 943 exhibuit
2331 884 2435 943 soli
2460 902 2476 952 ;
2528 891 2693 955 atque
2724 883 2827 947 ita,
2860 888 3078 937 mortuo
3109 881 3361 937 canibus
3392 880 3474 935 lao-

1890 980 2102 1035 ni‘atum
2151 976 2564 1047 vorandumque
2610 973 2824 1039 relicto,
2864 980 3149 1043 cognatam
3180 972 3473 1042 imaginem

1890 1069 2223 1128 contumelia
2268 1067 2468 1123 ati‘ecit.
2519 1064 2615 1121 Ille
2646 1073 2865 1131 autem,
2911 1063 3118 1120 nudato
3173 1065 3476 1132 strictoque

1892 1164 2093 1237 gladio,
2119 1164 2175 1219 in
2198 1161 2394 1217 similis
2419 1166 2630 1215 natum
2663 1157 2936 1213 hominem
2963 1156 3148 1212 irruit.
3177 1144 3354 1227 Atque
3384 1154 3477 1210 hic

1892 1254 2113 1329 quidem
2149 1253 2366 1310 volebat
2404 1251 2533 1321 fuga
2563 1250 2726 1306 saluti
2779 1248 3067 1305 consulere
3117 1265 3132 1302 :
3184 1255 3243 1302 at
3284 1259 3475 1316 perse—

1892 1362 2089 1420 quens,
2141 1345 2280 1401 nihil
2307 1342 2626 1409 desistebat,
2662 1348 2757 1395 aut
2806 1341 2944 1394 iram
2976 1337 3250 1396 moderari
3287 1337 3475 1394 stude-

1895 1440 2010 1495 bat.
2040 1436 2185 1505 Quid
2216 1450 2347 1491 vero
2372 1447 2659 1490 necessum
2692 1438 2777 1488 est
2805 1432 2964 1503 plura
2983 1430 3207 1487 dicere?
3238 1428 3354 1485 Hoc
3384 1442 3477 1484 sa-

1893 1531 2002 1596 tis;
2054 1529 2356 1584 irruentem
2416 1526 2594 1589 illum,
2644 1523 2832 1580 statim
2857 1522 3090 1577 alterum
3120 1519 3302 1592 gladio
3332 1518 3481 1575 ceci-

1893 1622 2063 1679 disse.
2111 1624 2290 1692 Atque
2317 1621 2374 1676 is
2401 1617 2623 1689 quidem
2669 1616 2899 1687 supplex
2930 1614 3124 1671 orabat
3147 1616 3478 1684 proximum,

1894 1727 2200 1783 manusque
2224 1709 2499 1782 supplices
2528 1706 2805 1765 tendebat.
2833 1706 2911 1762 Ac
2941 1705 3163 1777 quidem
3218 1702 3481 1759 offerebat

1895 1811 2125 1871 vestem,
2149 1803 2437 1873 solumque
2482 1801 2609 1857 vitae.
2657 1799 3041 1855 remissionem
3072 1796 3354 1868 poscebat.
3377 1837 3384 1844 .
3407 1797 3482 1852 At

1894 1897 1987 1953 ille
2009 1896 2251 1968 perstitit
2278 1893 2515 1949 infracto
2543 1892 2749 1956 animo,
2780 1904 2885 1946 nec
2930 1888 3123 1946 eodem
3171 1902 3358 1946 secum
3388 1902 3482 1959 ge-

1897 1995 2138 2044 nereest
2163 1986 2493 2050 miseratus;
2525 1985 2611 2041 vel
2644 1998 2704 2042 se
2727 1984 2930 2054 ipsum,
2962 1982 3177 2037 ratione
3202 1979 3480 2050 imaginis,

1894 2081 1954 2137 in
2000 2096 2068 2137 eo
2118 2080 2294 2137 voluit
2340 2080 2649 2150 inspectare
2693 2095 2707 2131 :
2750 2076 2860 2131 imo
2905 2082 3167 2145 tanquam
3221 2071 3481 2127 immanis

1894 2172 2096 2237 bellua,
2124 2170 2305 2243 gladio
2329 2171 2539 2226 laniare
2557 2168 2726 2239 coepit
2750 2167 2848 2238 (6).
2879 2164 2987 2222 Sed
3015 2173 3071 2221 et
3102 2164 3237 2232 jam,
3259 2164 3482 2235 corpori

1896 2263 1983 2320 sui
2024 2263 2194 2320 simili
2244 2277 2309 2319 os
2368 2262 2731 2317 admoverat:
2765 2266 2918 2313 tanto
2973 2256 3247 2328 siquidem
3294 2254 3482 2310 furore

1893 2362 2194 2422 exarserat,
2220 2362 2449 2425 eratque
2469 2353 2674 2427 videre,
2708 2351 2943 2407 alterum
2970 2348 3193 2420 quidem
3222 2347 3482 2418 iniuriam

1894 2466 2154 2524 passum;
2210 2452 2441 2506 alterum
2492 2462 2645 2515 vero,
2699 2445 2960 2515 deinceps
3008 2442 3358 2514 spoliantem,
3416 2456 3483 2496 ac

1893 2558 2071 2613 neque
2098 2548 2244 2597 terra
2267 2539 2600 2611 operientem
2628 2550 2850 2607 corpus,
2887 2534 3034 2606 quod
3064 2540 3217 2590 veste
3239 2530 3485 2588 nudaveq

1894 2641 2001 2688 rat.
2032 2632 2115 2689 Ad
2167 2633 2285 2688 hac
2318 2642 2497 2687 autem
2526 2636 2645 2686 erat
2673 2628 2837 2694 alius,
2871 2627 2988 2699 qui,
3023 2624 3237 2681 furatus
3272 2624 3481 2678 alienas

1894 2726 2137 2796 nuptias,
2163 2725 2320 2779 uxori
2352 2722 2584 2794 proximi
2618 2719 2893 2784 illuderet,
2929 2717 3134 2789 quique
3166 2715 3351 2772 cubile
3376 2713 3484 2769 ini-

1895 2834 2065 2890 quum
2089 2832 2471 2890 perrumpens,
2500 2815 2758 2871 maritum
2790 2813 3091 2884 legitimum
3120 2817 3330 2883 patrem
3363 2807 3483 2863 ﬁeri

1896 2911 2076 2968 velet.
2132 2909 2269 2964 Hinc
2312 2907 2601 2980 tragoediis
2648 2906 2813 2962 etiam
2847 2905 3005 2961 tidem
3053 2903 3259 2959 habere
3307 2899 3480 2970 coepi,

1896 3004 2193 3074 putavique
2243 3001 2416 3057 fuisse
2474 3012 2664 3055 revera
2716 3013 2931 3055 cmnam
2980 2995 3318 3068 Thyestaeam
3347 2994 3480 3066 (7):

3379 3101 3482 3143 nec

1899 3188 2154 3242 fraternas
2185 3186 2262 3258 (9)
2286 3200 2382 3256 per
2414 3182 2620 3241 ferrum
2652 3181 2991 3240 contentioni
3021 3180 3182 3237 fidem
3207 3180 3477 3236 subtraxi.

1898 3280 2199 3336 Tantarum
2235 3294 2364 3348 ergo
2410 3276 2716 3346 taliumque
2743 3288 2927 3331 rerum
2969 3279 3246 3344 spectator
3276 3271 3480 3335 factus,

1898 3368 2040 3442 θαιρί
2081 3370 2364 3441 requirere
2421 3367 2563 3422 unde
2608 3367 2724 3421 haec
2766 3373 2998 3421 essent:
3031 3362 3310 3434 quodnam
3354 3377 3484 3419 vero

1896 3466 2061 3521 etiam
2087 3479 2152 3519 ea
2204 3462 2535 3533 principium
2584 3459 2941 3521 habuissent;
2973 3457 3167 3528 quisve
3224 3462 3393 3526 tanta.
3424 3456 3482 3511 in

1896 3553 2147 3608 homines
2176 3551 2401 3607 molitus
2422 3556 2570 3605 esset
2595 3568 2607 3604 :
2643 3548 2789 3604 unde
2805 3550 2969 3605 etiam
2991 3562 3186 3603 eorum
3212 3547 3480 3613 inventio,

1897 3644 2089 3715 quisve
2135 3642 2325 3697 talium
2355 3641 2548 3698 doctor
2578 3640 2796 3699 fuisset.
2829 3640 2908 3695 Ac
2953 3655 3114 3695 nemo
3143 3639 3361 3710 quidem
3408 3649 3486 3695 ta—

1897 3737 2032 3791 lium
2064 3741 2345 3790 auctorem
2396 3731 2566 3787 Deum
2620 3731 2872 3787 habuerit
2905 3730 3121 3798 dicere;
3168 3731 3264 3787 sed
3308 3746 3485 3801 neque

1897 3827 1967 3882 ab
1986 3842 2053 3882 eo
2091 3826 2313 3891 habere,
2349 3838 2458 3895 quo
2480 3823 2591 3879 sint
2621 3834 2675 3879 et
2703 3822 3028 3879 consistant.
3057 3822 3164 3888 Qui
3184 3821 3339 3881 enim
3397 3828 3485 3884 ta-

1897 3920 1970 3975 lia
2017 3918 2086 3974 de
2135 3916 2248 3973 Deo
2292 3916 2535 3987 cogitare
2562 3914 2817 3970 licuerit?
2858 3913 2955 3986 qui
3001 3929 3135 3969 sane
3172 3913 3351 3970 bonus
3399 3922 3486 3969 est

1898 4019 2195 4082 auctorque
2225 4009 2550 4075 meliorum;
2577 4007 2665 4063 cui
2700 4022 2806 4062 nec
2830 4007 3132 4079 quidquam
3162 4006 3283 4061 vitii
3318 4006 3482 4073 insit;

1898 4107 1992 4164 sed
2016 4121 2193 4177 neque
2215 4104 2415 4160 talibus
2445 4108 2638 4173 suapte
2658 4101 2776 4172 ipse
2797 4110 2996 4159 natura
3024 4100 3264 4172 gaudere
3284 4099 3483 4170 possit,

1898 4198 2019 4255 fieri
2040 4212 2166 4254 vero
2188 4196 2472 4268 prohibeat
2503 4211 2519 4249 :
2554 4193 2732 4263 iisque
2762 4193 3085 4264 gaudentes,
3121 4191 3368 4263 rejiciat;
3404 4191 3485 4247 fu-

1898 4293 2106 4363 gientes
2158 4297 2361 4355 autem,
2395 4295 2647 4358 acceptos
2675 4288 2895 4343 habeat.
2919 4284 3024 4353 Qui
3080 4300 3212 4341 vero
3236 4300 3359 4341 .non
3384 4285 3483 4338 ab;

1900 4383 2149 4448 surdum,
2188 4389 2253 4436 ut
2280 4395 2472 4437 eorum
2506 4379 2650 4436 Deus
2701 4385 2895 4436 auctor
2941 4378 3149 4444 audiat,
3208 4392 3330 4447 quae
3366 4377 3485 4446 ipse

1900 4613 2181 4679 rent,_ceu
2222 4605 2547 4679 praecipuas
2571 4604 2785 4675 epulas,
2819 4602 3073 4679 convivio
3103 4600 3391 4679 vorabant,
3423 4607 3483 4653 ut

1899 4679 1955 4747 in
1996 4670 2261 4732 relatione
2300 4670 2495 4731 rerum
2535 4670 2780 4747 ipsorum
2820 4673 3087 4729 Claudius
3134 4670 3477 4731 Abbavilar.,

1897 4746 2030 4804 0rd.
2066 4747 2195 4817 Min.
2221 4747 2545 4817 capucinus.

1970 4818 2047 4901 (ἶ)
2075 4808 2307 4901 Censui-
2326 4815 2677 4887 Thyestazam.
2709 4814 2784 4868 Τὸ
2812 4813 3097 4868 Θυέστειον
3125 4810 3358 4867 δεῖπνον.
3391 4808 3484 4867 Sic

1896 4885 2055 4945 Ovid.
2088 4904 2157 4942 xv
2185 4885 2450 4941 Melamf:

2040 4956 2180 5012 Neve
2212 4957 2498 5028 Thyestwis
2526 4955 2849 5028 cumulemus
2879 4954 3078 5028 viscera
3105 4952 3319 5028 mensis.

1897 5027 1977 5153 32c
2007 5028 2112 5150 hgzc
2144 5023 2381 5100 Thyeste
2415 5036 2470 5084 et
2495 5028 2664 5082 Atreo
2699 5024 2890 5090 fratre,
2921 5024 3145 5080 Servius
3182 5023 3252 5077 ad
3292 5038 3311 5076 ι
3343 5029 3402 5078 ct
3443 5037 3483 5077 ιι

1976 5116 2057 5152 net
2102 5139 2116 5152 ο

1976 5116 2116 5152 nera.

1970 5170 2047 5240 (8)
2079 5169 2285 5240 Iniqui:
2331 5165 2611 5240 (Enomazi
2660 5164 2956 5240 cupiditati.
2990 5162 3155 5240 Forte
3194 5160 3482 5217 (Enomai.

1897 5235 2038 5298 Fuit
2056 5243 2103 5294 is
2136 5235 2509 5309 Hippodamia:
2535 5246 2787 5309 pater,_ar
2811 5236 2971 5309 cujus
3010 5235 3208 5289 marito
3249 5248 3485 5309 cum_s_e

1899 5303 2261 5366 occidendum
2301 5324 2365 5364 ex
2407 5303 2634 5363 oraculo
2677 5303 2985 5370 didicisset,
3026 5320 3199 5375 eaque
3230 5318 3262 5356 a
3296 5303 3484 5375 multis

1899 5383 2221 5447 ambiretur,
2266 5383 2550 5452 proposito
2602 5379 2905 5452 certamine
2930 5373 3161 5452 curuli,
3217 5373 3481 5452 tredecim

1900 5453 2099 5523 occidit
2126 5453 2246 5523 ejus
2268 5447 2701 5523 'pro'cos,7doncc
2722 5451 2902 5523 victus
2927 5449 3046 5523 ipse
3071 5457 3158 5505 est
3185 5455 3241 5523 et
3261 5447 3481 5502 occisus

1901 5540 1933 5577 a
1953 5519 2181 5594 Pelope,
2202 5519 2417 5577 Tantali
2447 5522 2580 5588 tilio,
2612 5520 2833 5592 Myrtilo
2864 5519 3054 5589 auriga
3081 5519 3259 5594 pretio
3287 5532 3482 5594 corru-

1901 5540 1933 5577 a
1953 5536 2175 5594 Pelope,
2202 5536 2417 5577 'i'antau
2447 5536 2580 5588 ιιιιο,
2612 5536 2833 5592 myrtuo
2864 5536 3054 5589 auriga
3121 5536 3259 5574 reuo
3287 5536 3479 5573 corru-

1901 5600 1994 5664 pto
2024 5602 2078 5650 et
2102 5593 2462 5650 subnectente
2485 5594 2733 5648 infirmos
2760 5600 3050 5664 axes,_etc.
3078 5536 3262 5664 Strab.
3296 5589 3333 5642 l.
3356 5602 3479 5642 vm.

1899 5659 2081 5718 Alium
2109 5663 2377 5720 Homerus
2405 5671 2795 5720 commemorat
2820 5661 3064 5717 occisum
3095 5662 3164 5716 ab
3195 5659 3447 5715 Hectore.

1971 5735 2050 5805 (9)
2080 5733 2193 5790 Nec
2221 5735 2494 5806 fraternae,
2541 5741 2648 5789 etc.
2680 5732 2908 5806 Videtur
2927 5731 3246 5806 Remutnset
3276 5728 3481 5806 Homu-

1901 5799 2041 5873 lum,
2067 5799 2300 5879 quorum
2325 5807 2460 5862 alter
2490 5812 2717 5861 mortem
2751 5803 2903 5859 fratri
2934 5801 3222 5867 conscivit,
3249 5799 3479 5855 referre.
