3864 6162
380 283 486 338 247

1363 277 1424 334 S.
1464 276 1800 334 ΜΕΤΗΟΒΠ
1835 276 2148 334 EPISCOPI
2184 277 2272 333 ET
2313 276 2671 335 MARTYRIS

3513 270 3622 329 248

383 409 669 457 aversatur
716 407 772 455 et
817 398 1112 471 repudiat?
1138 395 1326 468 Neque
1378 397 1523 451 enim
1569 413 1679 452 non
1725 397 1957 452 voluerit

2079 399 2359 468 ρεύγοντας
2388 399 2527 452 αὐτὰ
2559 394 2860 468 προσίεται.
2899 393 3010 447 Καὶ
3047 391 3164 456 πῶς
3195 391 3294 444 οὐκ
3322 387 3519 443 ἄτοπον
3556 385 3625 460 ἦν

383 507 526 556 esse,
556 491 604 546 si
627 490 848 562 quidem
869 491 1080 560 primus
1104 491 1221 559 ipse
1253 487 1436 558 opifex
1468 487 1590 544 fuit.
1628 487 1754 545 Vult
1791 490 1958 560 siqui-

383 583 506 638 dem
539 590 625 649 ut,
677 583 746 636 ad
791 582 972 652 ipsum
1024 581 1364 642 accedentes,
1421 581 1598 651 ipsius
1652 582 1956 638 imitatores

384 674 536 730 ﬂant.
560 674 741 741 Quare
771 674 1010 729 alienum
1043 689 1073 728 a
1105 673 1316 730 ratione
1348 674 1495 739 duxi.
1536 677 1630 730 illa
1671 676 1782 733 Deo
1809 677 1958 733 aliin-

383 781 540 838 gere;
571 774 664 820 aut
688 774 944 836 tanquam
970 767 1039 820 ab
1066 781 1131 820 eo
1162 766 1304 822 facta
1324 766 1572 838 accipere
1600 789 1612 823 :
1643 785 1956 840 quanquam

385 855 622 910 maxime
679 855 1082 911 concedendum
1114 857 1186 910 sit
1232 855 1380 927 (l0),
1423 873 1584 926 posse
1621 860 1839 930 ‘aliquid
1889 876 1958 915 ex

386 946 559 1000 nihilo
589 945 726 1008 ﬁeri,
759 947 806 1000 si
853 946 1074 1017 quidem
1114 946 1257 1003 Deus
1315 956 1405 1018 (ex
1452 949 1566 1022 illo)
1622 951 1752 1007 fecit
1790 953 1954 1008 mala.

385 1035 520 1090 Nam
551 1037 644 1106 qui
668 1035 794 1090 fecit
820 1053 886 1092 ex
919 1037 1111 1104 nihilo,
1159 1053 1270 1092 non
1297 1038 1410 1108 jam
1468 1042 1610 1095 ultra
1643 1043 1699 1096 in
1727 1043 1959 1098 nihilum

388 1131 673 1203 redigeret.
707 1131 1016 1201 iterumque
1046 1131 1370 1186 necessitate
1397 1132 1718 1199 dicendum,
1767 1135 1957 1201 fuisse,

388 1222 606 1292 quando
635 1222 778 1278 Deus
824 1222 982 1277 malis
1036 1220 1420 1287 delectaretur,
1463 1238 1584 1293 qua:
1641 1224 1802 1280 modo
1849 1241 1958 1280 non

386 1317 621 1386 placent.
657 1315 838 1383 Quare
885 1333 994 1372 non
1052 1319 1307 1382 arbitror,
1366 1331 1526 1387 posse
1579 1316 1682 1371 hoc
1739 1317 1846 1371 dici
1891 1317 1962 1373 de

388 1408 523 1464 Deo.
553 1409 804 1464 Alienum
835 1410 1034 1479 quippe
1059 1417 1142 1465 est
1167 1410 1235 1464 ab
1263 1409 1384 1478 ejus
1414 1419 1629 1472 natura,
1668 1415 1726 1462 ut
1754 1408 1856 1464 hoc
1881 1409 1962 1464 illi

389 1504 696 1558 conveniat.
750 1501 1071 1557 Existimavi
1123 1518 1252 1572 ergo
1299 1517 1423 1558 esse
1470 1502 1676 1572 aliquid
1729 1503 1874 1572 quod
1911 1504 1964 1560 ei

389 1594 710 1657 coexsistat,
759 1593 966 1647 dictum
1017 1595 1281 1657 materia;
1322 1609 1388 1649 ex
1443 1609 1548 1664 qua
1585 1595 1816 1663 sapienti
1848 1602 1966 1650 arte

389 1684 710 1740 discernens
744 1699 808 1737 ac
828 1683 1054 1754 pulchre
1083 1699 1379 1748 exornans,
1402 1700 1492 1740 res
1521 1685 1858 1752 condiderit;
1897 1702 1964 1742 ex

2060 493 2151 545 τὸν
2181 492 2312 546 Θεὸν
2342 489 2546 544 τούτων
2572 489 2752 554 λέγειν
2784 482 2923 540 εἶναι
2956 483 3304 556 δημιουργὸν,
3335 481 3423 535 τὸν
3454 479 3630 534 ταῦτα

2061 583 2489 656 παραιτούμενον
2509 599 2524 646 ;
2544 580 2676 635 Οὐδὲ
2700 579 2809 650 γὰρ
2834 577 2898 632 ἂν
2928 575 3175 629 ἐϐούλετο
3206 574 3282 645 μὴ
3309 569 3447 626 εἶναι
3467 571 3625 635 αύτά,

2062 681 2110 732 εἰ
2136 678 2348 749 πρῶτος
2377 674 2558 729 αὐτῶν
2588 672 2813 744 ποιητὴς
2844 671 3086 742 ὑπῆρχεν
3127 668 3306 730 αὐτός.
3353 665 3489 728 Ἔοὺς
3519 664 3630 733 γὰρ

2065 769 2387 842 προσιόντας
2405 765 2555 836 αὐτῷ
2577 764 2818 837 μιμητὰς
2834 762 2999 817 αὐτοῦ
3024 761 3266 831 γίνεσθαι
3287 757 3448 811 θέλει.
3468 753 3631 808 Ὅθεν

2064 863 2255 930 ἄλογον
2287 859 2462 926 ἔδοξεν
2488 856 2626 912 s‘!va!
2663 875 2752 928 μοι
2797 855 2967 908 ταῦτα
3006 853 3339 923 προσάπτειν
3371 848 3448 919 τῷ
3487 845 3626 929 Θεῷ,

2063 957 2098 1028 ἢ
2123 956 2198 1018 ὡς
2223 954 2280 1020 ἐξ
2311 951 2474 1006 αὐτοῦ
2501 951 2852 1020 γεγονότα....
2880 950 2928 1001 εί
2953 946 3047 1001 καὶ
3071 946 3142 1000 τὰ
3172 944 3403 1016 μάλιστα
3431 957 3635 1010 συγχω-

2067 1046 2232 1118 ρῆσαι
2262 1045 2360 1110 δεῖ,
2391 1044 2452 1108 ἐξ
2475 1043 2574 1096 ούκ
2594 1042 2761 1095 ὅντων
2782 1038 3001 1094 δυνατὸν
3022 1033 3161 1092 εἷναί
3182 1054 3233 1090 τι
3256 1033 3516 1104 γίνεσθαι,
3549 1033 3634 1118 ὅτι

2065 1117 2158 1192 καὶ
2185 1136 2253 1190 τά
2284 1136 2430 1190 κακά
2475 1133 2728 1204 ἐποίησεν
2777 1131 2936 1196 αὑτός
2956 1148 2970 1161 ·
3011 1132 3040 1184 ὁ
3075 1129 3184 1200 γὰρ
3209 1129 3273 1180 ἐκ
3301 1124 3394 1179 τοῦ
3431 1125 3530 1177 οὐκ
3559 1117 3638 1175 εῖ-

2066 1245 2154 1284 ναι
2184 1229 2264 1291 είς
2294 1227 2356 1279 τὸ
2392 1222 2530 1279 εἶναι
2559 1222 2698 1278 αύτά
2730 1226 2962 1293 ποιήσας
3003 1221 3104 1273 οὐκ
3151 1218 3218 1272 ἂν
3260 1218 3325 1276 ἐκ
3368 1213 3463 1267 τοῦ
3497 1208 3638 1265 εἶναι

2068 1321 2146 1384 είς
2169 1320 2230 1372 τὸ
2265 1318 2460 1390 μηκέτι
2491 1313 2629 1371 εἶναι
2661 1316 2818 1370 αὐτά.
2850 1313 3020 1369 Πάλιν
3063 1311 3124 1365 τέ
3172 1327 3273 1363 που
3308 1308 3517 1377 ἀνάγκη
3549 1305 3641 1358 λέ-

2067 1429 2206 1481 γειν,
2239 1412 2314 1475 ὡς
2342 1407 2410 1482 ἦν
2443 1427 2572 1463 ποτε
2617 1407 2828 1480 καιρὸς,
2871 1406 2958 1459 ὅτε
2998 1407 3110 1467 τοῖς
3149 1403 3336 1464 κακοῖς
3366 1399 3576 1470 ἔχαιρεν
3609 1399 3641 1450 ὁ

2069 1506 2220 1568 Θεός’
2273 1505 2368 1559 νῦν
2397 1503 2455 1557 δὲ
2500 1503 2606 1556 οὐκ
2639 1500 2774 1556 ἐστι.
2824 1500 3024 1570 Διόπερ
3067 1496 3328 1551 ἀδύνατον
3369 1490 3504 1547 εἷναί
3550 1509 3641 1562 μοι

2069 1597 2216 1650 δοκεῖ
2239 1595 2420 1664 λέγειν
2469 1593 2628 1647 τοῦτο
2670 1592 2798 1663 περὶ
2837 1589 2995 1644 Θεοῦ.
3051 1587 3340 1640 Ἀνοίκειον
3387 1583 3494 1655 γάρ
3541 1582 3644 1652 τῆς

2072 1687 2286 1759 φύσεως
2341 1684 2505 1741 αὐτοῦ
2549 1685 2706 1738 τοῦτο
2759 1681 3158 1755 προσαρμόζειν
3217 1675 3385 1747 αύτῷ.
3445 1673 3645 1744 Διόπερ

390 1796 498 1850 qua
531 1788 586 1836 et
627 1779 768 1835 mala
796 1780 1048 1834 videntur
1102 1787 1241 1835 orta.
1273 1781 1412 1834 Cum
1450 1779 1596 1834 enim
1633 1780 1726 1834 illa
1754 1787 1808 1836 et
1843 1781 1962 1837 sine

2079 1781 2211 1846 ἔδοξέ
2240 1778 2353 1852 (12)
2385 1796 2475 1850 μοι
2509 1778 2874 1846 συνυπάρχειν
2899 1792 2950 1827 τι
2983 1771 3130 1843 αὐτῷ
3162 1763 3207 1838 ᾧ
3233 1767 3470 1837 τοῦνομα
3499 1765 3642 1832 ὕλη,

390 1872 654 1939 qualitate
682 1879 736 1926 et
760 1869 1010 1926 informis
1033 1873 1359 1938 exsisteret;
1389 1872 1456 1927 ad
1482 1873 1599 1927 haec
1625 1888 1774 1938 vero,
1800 1873 1965 1928 etiam

390 1961 696 2016 inordinate
731 1959 966 2016 ferretur
1001 1960 1205 2031 Deique
1235 1969 1353 2016 arte
1377 2005 1379 2008 ‹
1403 1962 1686 2034 indigeret,
1723 1979 1833 2019 non
1875 1966 1966 2019 in-

388 2053 529 2108 vidit
573 2053 721 2123 ipse,
751 2067 928 2123 neque
974 2053 1048 2107 ita
1079 2068 1294 2124 semper
1349 2057 1597 2124 permisit
1653 2054 1816 2122 ferri,
1869 2056 1968 2113 sed

391 2145 677 2201 elaborare
715 2146 901 2215 cocpit,
935 2144 1247 2215 optimaque
1291 2145 1362 2200 ab
1409 2147 1529 2216 ejus
1577 2148 1832 2217 pessimis
1881 2164 1969 2203 se-

393 2252 621 2292 cernere
673 2237 878 2304 voluit;
931 2244 1094 2306 atque
1159 2237 1256 2300 ita,
1309 2252 1648 2309 quaecunque
1683 2238 1853 2294 Deum
1900 2255 1969 2295 ex

391 2327 485 2382 illa
536 2340 829 2397 procreare
887 2325 1149 2388 decebat,
1210 2326 1567 2395 procreavit;
1632 2341 1972 2397 quaecunque

389 2434 556 2483 vero,
624 2425 686 2472 ut
741 2418 909 2472 verbo
970 2415 1171 2484 dicam,
1230 2417 1421 2472 habuit
1474 2417 1802 2482 faeculenta,
1871 2433 1970 2472 ceu

391 2512 574 2582 inepta
593 2510 832 2582 opiﬁcio,
860 2511 1042 2580 qualia
1074 2517 1255 2574 erant,
1295 2510 1432 2564 nihil
1460 2511 1562 2579 ipsi
1603 2511 1779 2575 utilia,
1811 2511 1970 2566 dere-

391 2603 554 2672 liquit
596 2621 609 2656 :
651 2619 716 2658 ex
759 2602 960 2672 quibus
1005 2601 1168 2656 modo
1199 2601 1341 2672 apud
1387 2601 1641 2657 homines
1691 2603 1832 2656 mala
1884 2602 1972 2657 in-

391 2693 560 2750 ﬂuere
591 2696 705 2765 (ll)
734 2694 994 2748 arbitror.
1028 2691 1120 2747 Sic
1146 2693 1284 2748 bene
1313 2693 1488 2747 visum
1516 2701 1601 2750 est
1629 2694 1851 2749 sentire.
1887 2692 1970 2748 Tu

390 2801 559 2850 vero,
620 2787 828 2852 amice,
902 2786 947 2840 si
1000 2785 1133 2855 quid
1195 2784 1376 2840 minus
1442 2794 1589 2841 recte
1645 2786 1849 2840 dictum
1887 2785 1973 2839 vi-

391 2879 606 2943 deatur,
643 2894 944 2949 suggerens
977 2879 1233 2949 loquere;
1293 2879 1454 2948 plane
1502 2878 1648 2932 enim
1677 2894 1742 2934 ea
1784 2880 1974 2935 audire

393 2973 664 3028 desidero.

2069 1875 2128 1940 ἐξ
2159 1869 2227 1946 ἦς
2259 1872 2327 1926 τά
2355 1872 2483 1925 ὄντα
2511 1867 2906 1941 ἐδημιούργησε
2925 1906 2940 1931 ,
2971 1863 3140 1936 τέχνῃ
3172 1863 3308 1932 σοφῇ
3338 1857 3644 1930 διακρίνας,

2071 1967 2166 2022 καὶ
2212 1964 2583 2036 διακοσμήσας
2627 1960 2829 2025 καλῶς,
2876 1956 2935 2024 ἐξ
2982 1952 3050 2030 ἧς
3080 1957 3175 2010 καὶ
3215 1955 3283 2008 τὰ
3318 1953 3464 2007 κακὰ
3503 1949 3645 2003 εἶναι

2070 2059 2236 2115 δοκεῖ.
2273 2057 2488 2110 Ἀποίου
2512 2073 2571 2108 τε
2595 2054 2704 2125 γὰρ
2735 2052 2829 2107 καὶ
2847 2049 3252 2122 ἀσχηματίστου
3274 2044 3437 2114 οῦσης
3455 2043 3649 2112 αὐτῆς,

2074 2151 2211 2222 πρὸς
2231 2149 2288 2202 δὲ
2326 2147 2537 2211 τούτοις
2556 2146 2651 2201 καὶ
2678 2145 2926 2207 ἀτάκτως
2956 2141 3281 2215 φερομένης,
3305 2136 3562 2207 δεομένης
3583 2147 3650 2185 τε

2071 2245 2171 2316 τῆς
2195 2241 2287 2295 τοῦ
2318 2241 2454 2294 Θεοῦ
2493 2240 2709 2310 τέχνης,
2744 2238 2844 2290 οὐκ
2868 2234 3161 2307 ἐφθόνησεν
3192 2223 3368 2293 οὗτος,
3403 2225 3524 2280 οὗτε
3557 2222 3651 2277 διά

2071 2333 2292 2398 παντὸς’
2320 2334 2610 2388 κατέλιπεν
2644 2330 2812 2402 αὐτὴν
2852 2328 2996 2382 οὕτω
3043 2325 3323 2398 φέρεσθαι,
3367 2319 3500 2374 ἀλλὰ
3549 2317 3652 2387 δη-

2073 2427 2352 2497 μιουργεῖν
2393 2425 2609 2494 ἤρχετο,
2643 2420 2736 2475 καὶ
2779 2418 2885 2472 ἀπὸ
2911 2415 3019 2470 τῶν
3061 2413 3348 2485 χειρίστων
3380 2407 3546 2476 αὐτῆς
3579 2404 3655 2460 τὰ

2072 2515 2333 2569 κάλλιστα
2355 2514 2658 2584 διακρίνειν
2682 2510 2859 2583 ήθελε·
2884 2507 2978 2562 καὶ
3002 2505 3174 2568 οὕτως
3196 2500 3651 2574 ἐδημιούργησεν,

2071 2609 2171 2662 ὅσα
2206 2606 2265 2672 ἐξ
2313 2606 2486 2676 αὐτῆς
2516 2605 2724 2677 ἥρμοζε
2770 2600 2889 2672 Θεῷ
2934 2598 3284 2671 δημιουργεῖν
3308 2611 3322 2624 ·
3358 2591 3426 2645 τά
3472 2590 3514 2642 δ’
3545 2589 3652 2642 ὅσα

2076 2699 2135 2765 ἐξ
2161 2699 2330 2768 αὐτῆς
2356 2697 2462 2767 (ὡς
2485 2697 2612 2760 ἔπος
2644 2693 2859 2764 εἰπεῖν,)
2880 2689 3132 2763 τρυγὼδη
3149 2687 3431 2757 ἐτύγχανε,
3455 2679 3654 2744 ταῦτα,

2075 2790 2394 2861 ἀνάρμοστα
2427 2787 2555 2840 ὄντα
2600 2785 2736 2858 πρὸς
2773 2780 3155 2855 δημιουργίαν,
3193 2778 3268 2840 ὼς
3313 2772 3446 2845 εἶχε,
3492 2769 3659 2824 κατέ.-

2075 2882 2221 2946 λιπε,
2246 2881 2365 2935 κατ’
2399 2879 2549 2933 οὐδὲν
2588 2877 2738 2948 αὐτῷ
2776 2875 3155 2948 προσήκοντα·
3192 2869 3252 2934 ἐξ
3282 2862 3355 2921 ὧν
3381 2867 3528 2919 δοκεῖ
3562 2878 3660 2932 μοι

2081 2972 2175 3027 νῦν
2216 2972 2366 3043 παρά
2397 2969 2704 3042 ἀνθρώποις
2746 2967 2992 3038 ἐπαίρειν
3023 2963 3091 3017 τὰ
3124 2961 3270 3017 κακά
3295 2958 3428 3030 (15).
3467 2955 3660 3016 Οὕτως

395 3067 541 3134 ἕδοξέ
569 3086 659 3139 μοι
687 3062 746 3121 εὖ
770 3067 913 3137 ἔχειν
940 3069 1174 3136 φρονεῖν.
1205 3067 1276 3119 Σὺ
1301 3067 1380 3130 δέ,
1411 3061 1456 3119 ὧ
1489 3067 1628 3136 φίλε,
1655 3066 1708 3120 εῐ
1732 3066 1853 3120 τινά
1880 3084 1961 3120 σοι
2007 3068 2156 3122 δοκεῖ
2215 3069 2290 3139 μὴ
2314 3066 2496 3130 καλῶς
2519 3063 2774 3136 εἰρῆσθαι
2799 3062 2935 3135 πρὸς
2971 3057 3128 3131 ἐμοῦ,
3197 3055 3482 3126 ἀναφέρων
3503 3050 3659 3118 λέγε,

395 3166 491 3218 καὶ
523 3163 663 3217 πάνυ
691 3162 818 3233 περὶ
842 3161 1046 3216 τούτων
1069 3161 1285 3214 ἀκούειν
1311 3160 1482 3216 ποθῶ.

468 3253 678 3311 ORTH.
714 3252 976 3324 Equidem
1008 3261 1285 3324 acceptam
1319 3253 1514 3320 habeo,
1540 3252 1732 3316 amice.
1775 3252 1971 3307 alacri—

2157 3247 2395 3304 ΟΡΘΟΔ.
2425 3247 2536 3318 Τὴν
2566 3246 2664 3316 μὲν
2690 3240 2999 3315 προθυμίαν
3037 3238 3369 3308 ἀποδέχομαι
3397 3233 3495 3306 τὴν
3532 3233 3660 3305 σὴν,

395 3354 560 3403 tatem
586 3355 756 3408 tuam,
775 3345 1123 3414 studiumque
1154 3345 1287 3399 illud
1323 3355 1474 3401 tuum
1497 3350 1641 3403 circa
1669 3347 1972 3402 doctrinam

397 3439 581 3493 laudo.
613 3437 769 3504 Quod
796 3450 958 3507 porro
993 3437 1064 3489 ita
1086 3436 1154 3491 de
1183 3437 1348 3492 rebus
1380 3439 1705 3494 existimasti
1726 3478 1741 3501 ,
1793 3447 1854 3493 ut
1881 3453 1976 3494 eas

399 3530 544 3586 Deus
569 3546 636 3584 ex
664 3529 974 3600 przcjacenti
1006 3529 1185 3598 aliqua
1209 3530 1517 3586 substantia
1543 3530 1833 3594 creaverit,
1865 3547 1974 3586 non

397 3636 628 3692 prorsus
653 3621 1113 3692 reprehenderim.
1175 3621 1384 3679 Revera
1415 3622 1560 3676 enim
1596 3622 1672 3698 ita
1703 3621 1884 3685 habet,
1917 3630 1977 3676 ut

397 3722 553 3769 ortus
581 3714 871 3779 malorum,
895 3715 952 3768 in
972 3713 1026 3767 id
1049 3730 1244 3770 sensus
1279 3715 1484 3768 multos
1525 3714 1824 3784 impulerit.
1854 3712 1980 3768 Ete-

397 3805 513 3859 nim
559 3813 686 3860 ante
744 3806 957 3870 ambos,
991 3805 1095 3860 viri
1147 3806 1330 3875 plures
1381 3805 1669 3860 sullicienti
1704 3806 1974 3871 doctrina,

398 3898 694 3952 maximam
733 3913 796 3953 ea
847 3899 914 3953 de
962 3914 1023 3953 re
1054 3899 1408 3968 quazstionem
1446 3906 1753 3954 moverunt.
1791 3889 1980 3969 'Atquc

401 3989 496 4044 alii
519 3990 739 4061 quidem
761 4031 777 4056 ,
806 3991 904 4046 tibi
939 3990 1139 4046 similia
1165 3991 1652 4058 existimaverunt;
1714 3991 1805 4045 alii
1848 4005 1978 4046 vero

401 4079 594 4144 Deum,
623 4095 813 4136 eorum
842 4088 1119 4134 auctorem
1156 4080 1602 4149 pronuntiarunt,
1639 4093 1876 4143 coaevam
1927 4079 1981 4134 ei

399 4173 765 4228 substantiam
815 4173 1098 4242 assignare
1155 4173 1361 4227 veriti:
1412 4172 1491 4226 illi
1547 4180 1772 4233 contra,
1832 4170 1978 4242 quod

399 4265 571 4320 Deum
601 4264 869 4316 malorum
897 4269 1174 4317 auctorem
1210 4262 1390 4316 dicere
1416 4272 1752 4325 vererentur,
1782 4275 1982 4316 conce-

402 4358 635 4414 dendam
667 4363 927 4428 putarunt
951 4355 1233 4410 materiam
1261 4370 1518 4409 comam.
1561 4354 1800 4426 Contigit
1823 4368 1976 4418 vero,

401 4462 462 4508 ut
484 4451 664 4508 neutri
699 4451 1001 4506 secundum
1030 4449 1146 4504 veri
1186 4449 1468 4504 scientiam
1498 4447 1667 4503 Deum
1701 4449 1976 4512 timentes,

402 4546 543 4601 bene
580 4542 840 4597 dixerint.
895 4542 1003 4596 Alii
1049 4549 1265 4606 autem,
1324 4541 1596 4613 principio
1660 4540 1860 4604 etiam,
1914 4538 1982 4594 de

2083 3338 2128 3397 ὦ
2167 3342 2305 3412 φίλε,
2341 3340 2435 3393 καὶ
2458 3338 2551 3392 σοῦ
2581 3337 2710 3408 περὶ
2731 3337 2822 3389 τὸν
2851 3335 3007 3402 λόγον
3040 3331 3271 3401 σπουδὴν
3297 3328 3522 3382 ἐπαινῶ·
3549 3327 3576 3380 ὃ
3601 3327 3663 3382 δὲ

2084 3437 2212 3508 περὶ
2237 3433 2344 3487 τῶν
2369 3433 2536 3486 ὄντων
2565 3429 2710 3484 οὕτω
2740 3427 3003 3498 διετέθης,
3034 3424 3110 3488 ὡς
3131 3424 3238 3496 ἄρα
3273 3421 3332 3486 ἐξ
3362 3419 3666 3491 ὑποκειμέ-

2083 3541 2180 3594 νης
2223 3523 2365 3584 τινὸς
2406 3519 2594 3582 οὐσίας
2628 3517 2800 3572 ταῦτα
2849 3513 3278 3585 ἐδημιούργησεν
3323 3513 3352 3563 ὁ
3397 3509 3551 3572 Θεὸς,
3590 3509 3660 3561 οὐ

2084 3617 2222 3670 πάνυ
2262 3631 2314 3667 τι
2359 3612 2666 3683 μέμφομαι.
2724 3608 2811 3671 Ὠς
2842 3603 3056 3676 ἀληθῶς
3101 3603 3210 3674 γὰρ
3250 3604 3284 3674 ἡ
3319 3601 3428 3654 τῶν
3471 3599 3664 3653 κακῶν

2083 3705 2296 3773 γένεσις
2322 3703 2448 3765 τοὺς
2474 3700 2700 3763 πολλοὺς
2723 3697 3031 3766 διατεθῆναι
3067 3697 3230 3748 ποιεῖ.
3264 3692 3374 3747 Καὶ
3407 3692 3515 3760 γὰρ
3548 3691 3664 3762 πρὸ

2086 3797 2179 3850 σοῦ
2206 3813 2264 3848 τε
2297 3795 2388 3849 καὶ
2417 3793 2550 3865 ἐμοῦ
2586 3791 2769 3846 πολλοί
2794 3806 2937 3851 τινες
2959 3788 3146 3859 ἄνδρες
3177 3785 3347 3840 ίκανοὶ
3381 3786 3508 3856 περὶ
3535 3783 3665 3837 τού-

2082 3908 2176 3942 του
2219 3890 2318 3961 τὴν
2355 3887 2616 3959 μεγίστην
2661 3885 2884 3956 ζήτησιν
2930 3881 3270 3951 ἐποιήσαντο.
3314 3879 3423 3931 Καὶ
3465 3878 3514 3931 οἱ
3555 3877 3663 3947 μὲν

2085 3983 2283 4054 ὁμοίως
2310 3978 2624 4050 διετέθησάν
2655 3994 2771 4029 σοι·
2801 3977 2848 4028 οί
2891 3974 2937 4027 δ’
2965 3968 3030 4027 αὖ
3063 3972 3223 4026 πάλιν
3249 3971 3339 4024 τὸν
3367 3969 3499 4023 Θεὸν
3535 3969 3665 4022 τού-

2084 4088 2193 4124 των
2231 4068 2558 4142 δημιουργὸν
2601 4067 2967 4137 ἀπεφήναντο,
3007 4061 3298 4132 σύγχρονον
3343 4059 3490 4128 αὐτῷ
3523 4059 3664 4112 ύπὸ-

2088 4179 2273 4215 στασιν
2319 4159 2498 4214 δοῦναι
2537 4156 2938 4227 πεφοϐημένοι·
2968 4155 3231 4216 κάκεῖνοι,
3271 4153 3336 4204 ἐκ
3365 4151 3458 4203 τοῦ
3492 4150 3666 4221 φοϐη-

2087 4255 2243 4326 θῆναι
2275 4253 2382 4306 τῶν
2424 4251 2609 4305 κακῶν
2647 4248 2878 4320 ποιητὴν
2913 4249 3086 4300 εἰπεῖν
3122 4245 3211 4299 τὸν
3240 4245 3393 4307 Θεὸν,
3429 4243 3665 4314 σύγχρο-

2087 4364 2175 4400 νον
2204 4343 2352 4416 αὐτῷ
2378 4343 2559 4397 δοῦναι
2591 4341 2689 4413 τὴν
2725 4339 2856 4412 ὓλην
2879 4337 3082 4403 ἔδοξαν.
3108 4338 3219 4392 Καὶ
3255 4336 3450 4406 συνέϐη
3478 4337 3662 4403 ἀμφο-

2086 4436 2283 4508 τέροις,
2334 4437 2399 4488 ἐκ
2453 4433 2548 4487 τοῦ
2608 4433 2683 4504 μὴ
2738 4435 2860 4486 κατ’
2917 4431 3225 4500 ἐπιστήμην
3283 4427 3376 4480 τοῦ
3429 4426 3664 4497 ἀληθοῦς

2090 4527 2391 4600 φοϐηθῆναι
2419 4525 2512 4578 τὸν
2537 4524 2689 4587 Θεὸν,
2720 4523 2780 4576 τὸ
2810 4523 2885 4594 μὴ
2918 4521 3096 4584 καλῶς
3129 4522 3323 4572 εἰπεῖν.
3361 4519 3570 4588 ’Έτεροι
3607 4517 3664 4570 δὲ

402 4651 467 4693 ea
515 4652 577 4692 re
618 4636 972 4708 quaestionem
1024 4634 1302 4690 vitandam
1361 4634 1667 4696 duxerunt,
1715 4631 1864 4686 velut
1917 4645 1971 4685 ea

2085 4619 2183 4689 τὴν
2203 4618 2374 4688 ἀρχὴν
2396 4617 2488 4670 καὶ
2520 4615 2645 4686 περὶ
2666 4614 2758 4668 τοῦ
2781 4613 3020 4668 τοιούτου
3046 4613 3228 4682 ζητεῖν
3256 4612 3661 4683 παρῃτήσαντο,

402 4742 514 4782 non
548 4722 773 4780 haberet
808 4725 990 4781 linem.
1031 4725 1297 4781 Caeterum
1336 4740 1446 4779 non
1485 4725 1616 4778 sinit
1672 4721 1980 4779 communis

404 4819 661 4874 amicitiae
697 4818 979 4882 debitum,
1014 4825 1073 4871 ut
1124 4817 1242 4887 ipse
1291 4818 1541 4879 amoliar,
1600 4815 1690 4868 ubi
1743 4814 1980 4869 maxime

404 4910 535 4980 quid
578 4909 674 4964 tibi
717 4910 788 4964 sit
827 4907 994 4962 animi
1049 4915 1110 4962 tu
1165 4909 1283 4979 ipse
1321 4908 1616 4962 annuntias
1652 4925 1665 4960 :
1698 4907 1842 4976 quod
1898 4906 1983 4960 ni-

404 5003 603 5057 mirum
673 5001 900 5057 minime
963 5006 1147 5056 teneat
1206 5000 1558 5072 praesumptio
1625 4999 1980 5070 (quanquam

476 5153 590 5222 (10)
621 5153 939 5224 Quanquam
963 5154 1193 5207 maxime
1223 5151 1608 5224 concedendum
1637 5152 1727 5216 sit,
1757 5159 1864 5224 etc.
1888 5150 1982 5224 Vi-

405 5223 564 5279 detur
605 5222 800 5280 littera
832 5227 1015 5279 minus
1047 5239 1220 5278 sana:
1258 5223 1365 5278 nisi
1398 5223 1470 5278 sit
1509 5223 1650 5276 ratio
1684 5222 1978 5293 peculiaris

405 5296 592 5349 clausa
617 5293 949 5363 parenthesi,
979 5309 1011 5348 a
1034 5310 1141 5365 qua
1168 5295 1351 5349 statim
1386 5294 1576 5365 redeat
1600 5295 1664 5365 ad
1695 5293 1975 5365 probatio:

407 5380 529 5420 nem
555 5361 848 5434 praemissa?
877 5361 1214 5431 illiusfquod
1240 5366 1381 5417 mala
1402 5379 1514 5418 non
1549 5361 1780 5417 debeant
1807 5361 1975 5416 tribui

407 5436 518 5489 Deo
548 5442 608 5488 ut
641 5436 878 5500 auctori;
901 5437 995 5506 qui
1027 5436 1144 5504 ipse
1171 5443 1360 5488 auctor
1386 5437 1676 5506 exsistens,
1711 5449 1818 5487 non
1850 5449 1975 5506 age:

406 5514 490 5560 ret
535 5506 602 5559 ad
652 5503 934 5558 malorum
967 5503 1414 5559 destructionem.
1454 5503 1700 5558 Voluerit
1731 5519 1882 5573 ergo,
1914 5503 1982 5556 ad

409 5597 512 5630 «ειμι
543 5576 908 5639 inconunoda,
945 5591 1120 5645 neque
1151 5575 1471 5645 hoc_vitari,
1527 5583 1587 5627 ut
1630 5591 1699 5628 ne
1728 5575 2001 5628 dicantur

407 5656 550 5703 mata
581 5661 645 5701 ex
691 5646 882 5709 nihilo,
925 5649 970 5701 si
1007 5643 1226 5713 quidem
1260 5643 1400 5698 Deus
1434 5652 1516 5698 est
1545 5659 1733 5697 eorum
1769 5653 1980 5697 auctor.

480 5719 592 5789 (tl)
635 5715 883 5785 Inﬂaere.
928 5717 1222 5785 Ἐπιρῥεῑν.
1257 5714 1348 5769 Sic
1379 5713 1648 5769 Pbotius:
1680 5730 1781 5768 vox
1813 5715 1982 5784 aptis—

2085 4710 2160 4774 ὡς
2189 4710 2289 4763 οὐκ
2321 4708 2536 4778 ἔχοντος
2570 4706 2725 4770 τέλος
2752 4705 2848 4758 τοῦ
2873 4704 3113 4758 τοιούτου
3152 4703 3478 4773 ζητήματος.
3529 4702 3660 4771 Ἐμὲ

2088 4805 2144 4857 δὲ
2173 4805 2241 4858 τά
2269 4802 2422 4857 κοινά
2448 4802 2547 4872 τῆς
2581 4801 2716 4871 πρὸς
2752 4799 2811 4852 σέ
2841 4797 3022 4868 φιλίας
3050 4793 3430 4867 παραιτεῖσθαι
3465 4792 3526 4844 τὸ
3566 4794 3662 4862 ζη-

2088 4896 2348 4966 τούμενον
2395 4895 2495 4946 οὐκ
2531 4893 2616 4962 ἐᾷ,
2670 4891 2764 4944 καὶ
2809 4888 3043 4958 μάλιστα
3081 4887 3167 4938 ὅτε
3212 4884 3310 4956 τὴν
3341 4883 3656 4954 προαίρεσιν

2088 4988 2451 5059 ἀπαγγέλλεις
2475 4987 2572 5058 τὴν
2605 4985 2734 5056 σήν·
2775 4983 2852 5045 ὡς
2898 4983 2959 5034 οὐ
2993 4978 3258 5051 προλήψει
3297 4975 3662 5047 κρατούμενος

2089 5148 2250 5212 sima,
2283 5143 2653 5217 significanda
2679 5139 2756 5194 illi
2790 5139 2847 5194 in
2879 5154 3050 5217 genus
3079 5137 3377 5216 humanum
3406 5134 3551 5217 velut
3579 5132 3663 5217 in-

2084 5203 2639 5274 vectionivrnalorum,
2675 5227 2741 5265 ex
2769 5203 3092 5279 confugione
3124 5207 3379 5279 materiae.
3406 5203 3662 5279 Tb_é:at'-

2084 5305 2220 5360 ρειν,
2250 5286 2465 5342 videtur
2493 5283 2850 5338 mendosum:
2877 5275 2984 5334 nisi
3014 5279 3107 5344 sit,
3141 5277 3292 5343 oriri,
3321 5275 3520 5339 enasci,
3547 5288 3662 5326 sun-

2080 5375 2217 5430 gere.

2155 5410 2268 5499 (ῘΞ)
2305 5427 2517 5499 Διόπερ
2549 5423 2637 5499 εδ.
2662 5420 2809 5499 _Haec
2844 5421 3016 5476 habes
3063 5416 3207 5488 apud
3250 5413 3502 5468 Photium
3531 5410 3655 5467 cod.

2087 5491 2337 5558 ccxxxvl,
2371 5491 2623 5552 sub—init.
2655 5491 2824 5547 GAEL.

2162 5552 2275 5637 (15)
2311 5552 2385 5621 Τὰ
2422 5564 2598 5619 κακά.
2655 5563 2771 5616 lluc
2810 5575 3000 5637 usque
3051 5557 3288 5637 primum
3329 5552 3657 5637 Photianurm

2090 5623 2430 5708 excerptum.
2473 5637 2562 5690 ubi
2597 5641 2784 5708 tamen
2809 5623 3132 5708 ita-cil'et'tur
3160 5628 3246 5682 hic
3276 5626 3428 5682 locus
3455 5642 3469 5680 :
3500 5623 3559 5690 ἐξ
3581 5623 3657 5675 ὼν

2089 5713 2234 5764 δοκεῖ
2257 5698 2349 5780 μοι
2383 5707 2478 5761 νῦν
2505 5705 2754 5777 ἐπιρρεῖν
2779 5701 2849 5757 τὰ
2873 5700 3037 5756 κακά.
3067 5698 3161 5770 In.
