3864 6162
204 369 304 427 1&9

1364 350 1492 406 LIB.
1532 348 1621 403 DE
1658 343 1908 404 UBERO
1945 338 2297 397 ARBITRlO.

3342 327 3452 382 250

204 481 280 555 (εἰ
307 489 402 541 καὶ
431 485 500 538 τὰ
525 485 756 554 μάλιστα
787 485 929 540 οὕτω
967 501 1085 548 πως
1114 483 1174 547 ἐξ
1205 475 1279 536 ὧν
1305 480 1632 549 ὑπενόησας,
1661 475 1772 528 ἕδο-

1902 469 2142 530 naxime,
2205 480 2272 520 ex
2337 463 2406 518 iis
2461 475 2582 530 quae
2631 452 3033 518 considerasti,
3084 451 3160 505 ita
3209 463 3302 503 res
3355 447 3454 500 ha-

206 580 296 646 ξας
319 577 462 648 ἔχειν
495 576 563 629 τά
590 574 956 646 πράγματα),
991 572 1104 626 ἀλλ’
1142 573 1200 624 ὲν
1246 567 1510 639 ἐπιθυμίᾳ
1540 566 1639 636 τῆς
1677 561 1770 616 τοῦ

205 671 434 742 ἀληθοῦς
474 669 725 739 γνώσεως
764 667 1095 722 καθεστάναι
1135 665 1334 734 λέγεις.
1367 660 1530 716 Ὅθεν
1571 656 1774 730 προθύ-

210 781 320 835 μως
351 761 508 831 κάγὼ
532 762 626 814 ἐπὶ
648 761 739 813 τὸν
769 761 868 830 τῆς
906 759 1185 832 ζητήσεως
1210 754 1561 826 τραπήσομαι
1592 750 1771 818 λόγον.

206 856 473 925 Βούλομαι
501 853 559 906 δὲ
586 853 681 906 καὶ
711 853 922 904 τουτονὶ
957 851 1049 904 τὸν
1080 851 1294 920 ἑταῖρον
1323 842 1596 917 ἀκροατὴν
1624 838 1776 909 γενέ-

207 950 328 1002 σθαι
355 947 463 1002 τῶν
491 945 772 1017 ἡμετέρων
803 943 995 1013 λόγων.
1031 943 1140 995 Καὶ
1171 940 1281 1010 γὰρ
1310 938 1456 991 δοκεῖ
1484 951 1602 996 πως
1636 931 1779 985 κατά

205 1058 255 1095 τι
285 1039 414 1110 περὶ
457 1039 660 1091 τούτων
690 1036 890 1106 ὁμοίως
931 1051 1014 1087 σοι
1043 1029 1288 1096 δοξάζειν
1332 1028 1426 1082 καὶ
1465 1024 1627 1087 αὑτός
1647 1039 1660 1053 ·
1695 1021 1778 1075 διὸ

208 1131 380 1185 κοινὸν
409 1129 544 1201 πρὸς
586 1126 927 1199 ἀμφοτέρους
967 1124 1058 1176 τὸν
1095 1122 1252 1190 λόγον
1294 1116 1565 1173 ποιεῖσθαι
1598 1113 1780 1186 βούλο-

212 1239 324 1293 μαι.
355 1221 422 1273 Ἀ
451 1219 560 1290 γάρ
585 1217 650 1272 ἂν
673 1217 880 1287 εἴποιμι
904 1214 1043 1287 πρὸς
1070 1213 1129 1266 σὲ
1153 1212 1325 1274 οὕτως
1365 1209 1556 1280 έχοντα
1574 1246 1587 1271 ,
1608 1203 1780 1258 ταῦτα

209 1311 300 1362 καὶ
331 1309 468 1379 πρὸς
496 1307 682 1360 τοῦτον
723 1306 924 1377 ὁμοίως
949 1303 1108 1370 λέξω.
1139 1301 1208 1356 Εἴ
1237 1318 1320 1354 σοι
1364 1299 1540 1353 τοίνυν
1566 1295 1780 1368 ἀληθῶς

208 1402 336 1470 περὶ
359 1398 450 1452 τοῦ
481 1399 787 1468 κρείττονος
817 1397 997 1465 λέγειν
1035 1393 1392 1464 εὐγνωμόνως
1436 1389 1598 1455 δοκῶ,
1642 1387 1780 1460 πρὸς

206 1491 430 1545 ἓκαστον
462 1491 754 1561 ἀπόκριναι
784 1481 859 1541 ὧν
890 1486 1078 1557 ἐρωτῶ
1097 1504 1111 1516 ο
1147 1489 1211 1538 ἐκ
1232 1483 1344 1555 γὰρ
1375 1482 1580 1536 τούτων
1612 1480 1782 1552 γενή-

207 1599 357 1636 σεται
395 1584 490 1636 καὶ
525 1583 583 1634 σὲ
614 1581 712 1652 μὲν
739 1580 798 1634 τὸ
828 1580 1024 1650 ἀληθὲς
1065 1577 1376 1650 μανθάνειν,
1415 1576 1562 1648 κάμὲ
1612 1574 1669 1628 δὲ
1707 1572 1782 1644 μὴ

210 1677 386 1748 μάτην
418 1677 542 1739 τοὺς
571 1675 762 1743 λόγους
799 1672 1068 1727 ποιεῖσθαι
1108 1671 1244 1742 πρὸς
1276 1671 1357 1724 σέ.

276 1770 481 1826 ΟΥΑΛ.
524 1769 709 1834 Ταῦθ’,
733 1769 874 1839 άπερ
903 1763 1081 1830 εἶπας,
1109 1765 1368 1836 πράττειν
1395 1761 1625 1832 ἑτοίμως
1654 1760 1781 1831 ἔχω.

1879 561 2006 616 bere
2039 559 2216 613 visum
2249 554 2394 622 sit),
2430 551 2525 606 sed
2557 548 2801 605 scientiae
2836 546 2951 601 veri
2988 541 3321 599 desiderium
3356 539 3455 593 ha-

1876 655 2023 710 beat.
2055 651 2235 717 Quare
2259 648 2423 702 etiam
2476 657 2576 713 ego
2627 642 2803 696 libens
2852 637 3158 706 alacrisque
3210 633 3278 688 ad
3308 646 3450 703 quaa-

1879 743 2111 800 stionem
2144 737 2423 794 accedam.
2452 732 2637 787 Placet
2691 745 2843 796 vero,
2896 736 2958 783 ut
3015 737 3069 782 et
3107 727 3197 780 hic
3245 725 3458 779 amicus

1881 843 2148 904 susceptae
2179 824 2572 899 disputationis
2601 822 2821 877 auditor
2881 820 2995 874 ﬁat.
3036 818 3171 872 Nam
3216 823 3271 872 et
3317 817 3456 884 ipse,

1881 925 2070 981 eadem
2118 921 2516 992 quadamtenus
2543 913 2642 969 tibi
2672 913 2888 968 videtur
2935 911 3192 980 opinione
3234 927 3246 962 :
3291 922 3463 977 quare

1880 1018 2006 1073 volo
2067 1012 2345 1069 communi
2411 1023 2535 1064 cum
2590 1009 2823 1075 utroque
2884 1004 3128 1059 oratione
3189 999 3459 1056 conferre.

1883 1107 2016 1173 Quae
2069 1105 2214 1160 enim
2275 1101 2374 1156 tibi
2431 1101 2513 1156 sic
2581 1098 2774 1154 allecto
2832 1095 3103 1157 dixerim,
3164 1093 3351 1147 eadem
3410 1097 3464 1143 et

1884 1198 1963 1254 illi
2001 1195 2251 1254 similiter
2288 1193 2498 1249 dixero.
2541 1189 2599 1246 Si
2637 1191 2807 1262 igitur
2861 1203 2989 1243 vere
3035 1185 3134 1240 tibi
3175 1184 3362 1238 videor
3400 1195 3465 1234 ac

1885 1290 2099 1346 sincere
2137 1286 2282 1357 quod
2319 1295 2404 1341 est
2441 1283 2635 1339 melius
2673 1282 2885 1347 dicere,
2939 1276 3206 1349 responde
3243 1273 3310 1327 ad
3351 1274 3467 1327 sin-

1886 1381 2012 1452 gula
2064 1395 2187 1450 quae
2213 1384 2504 1448 percontor
2538 1391 2552 1426 :
2599 1374 2680 1430 sic
2707 1373 2853 1428 enim
2899 1371 3022 1433 ﬁet,
3052 1377 3112 1422 ut
3134 1374 3188 1422 et
3221 1366 3338 1435 ipse
3370 1364 3468 1418 ad-

1887 1467 2070 1522 discas
2099 1481 2309 1530 verum,
2369 1478 2473 1520 nec
2503 1477 2602 1534 ego
2632 1462 2840 1517 frustra
2884 1459 3162 1515 disserens
3197 1455 3467 1510 insumam

1889 1575 2192 1616 sermones.

1962 1743 2119 1799 VAL.
2152 1742 2470 1813 Promptum
2504 1740 2635 1794 mihi
2677 1745 2798 1803 est,
2826 1745 2888 1792 ut
2913 1751 3036 1809 qua:
3063 1734 3204 1791 dicis
3240 1733 3460 1788 faciam.

207 1861 317 1914 Καὶ
346 1860 434 1913 διὰ
461 1859 619 1912 τοῦτο
647 1828 786 1930 μετὰ
806 1828 991 1927 πάσης
1030 1828 1336 1925 προθυμίας
1361 1828 1546 1904 ἐκεῖνα
1584 1828 1787 1901 πυνθά-

1902 1839 2070 1907 Quare
2125 1838 2273 1892 omni
2327 1835 2609 1890 alacritate
2664 1849 2726 1888 ea
2774 1841 3136 1904 percontare,
3169 1845 3235 1884 ex
3270 1828 3470 1898 quibus

206 1968 318 2014 νου,
349 1949 410 2014 ἐξ
441 1943 625 2020 ὦνπερ
653 1947 891 2019 νομίζεις
921 1943 1180 1998 δύνασθαί
1230 1958 1298 2014 με
1347 1941 1445 2012 τὴν
1479 1939 1784 2009 ἐπιστήμην

206 2043 298 2098 τοῦ
325 2041 633 2114 κρείττονος
666 2040 874 2112 μαθεῖν.
905 2039 980 2092 Οὐ
1012 2037 1118 2108 γάρ
1151 2053 1240 2107 μοι
1287 2035 1349 2087 τὸ
1390 2034 1608 2103 νικῆσαι
1654 2030 1786 2101 πρό-

207 2152 382 2189 κειται
427 2133 633 2196 κακῶς,
681 2131 816 2186 ἀλλά
846 2131 906 2184 τὸ
937 2129 1134 2202 ἀληθὲς
1169 2124 1618 2198 ὲκμαθεῖν.⁹Οθεν
1662 2123 1784 2195 ἔχου

206 2227 266 2281 τὸ
289 2227 478 2281 λοιπὸν
503 2224 599 2278 τοῦ
637 2225 818 2293 λόγου.

278 2317 517 2370 ΟΡΘΟΔ.
564 2317 686 2368 Ὅτι
751 2315 849 2386 μὲν
905 2307 997 2368 οὗν
1055 2310 1164 2383 (14)
1215 2310 1481 2381 ὑπάρχειν
1528 2308 1787 2364 ἀδύνατον

207 2407 449 2477 ἀγένητα
474 2406 566 2460 δύο
589 2407 728 2476 ἅμα,
759 2405 881 2460 οὐδέ
910 2422 969 2458 σε
999 2406 1212 2473 ἀγνοεῖν
1237 2403 1463 2473 νομίζω,
1498 2403 1546 2454 εί
1592 2402 1687 2455 καὶ
1719 2400 1787 2453 τά

212 2500 448 2572 μάλιστα
469 2500 645 2563 δοκεῖς
670 2497 957 2570 προλαϐὼν
983 2497 1142 2550 τοῦτο
1167 2495 1574 2568 προτεθεικέναι
1606 2493 1682 2562 τῷ
1702 2492 1789 2545 λόα

208 2591 309 2663 τῷ.
327 2591 417 2654 Ὧς
447 2591 663 2654 πάντως
703 2591 762 2656 ἐξ
790 2591 1036 2660 ἀνάγκης
1081 2588 1144 2641 τὸ
1181 2588 1368 2659 ἓτερον
1397 2587 1478 2640 δεῖ
1505 2585 1704 2655 λέγειν,
1750 2585 1785 2656 ἢ

205 2685 289 2740 ὅτι
319 2683 651 2754 κεχώρισται
677 2682 777 2752 τῆς
806 2681 939 2751 ὕλης
964 2683 992 2734 ὁ
1011 2680 1162 2742 Θεὸς,
1191 2678 1223 2748 ἢ
1246 2674 1312 2732 αὗ
1348 2677 1529 2744 πάλιν,
1547 2679 1627 2730 ὅτι
1654 2676 1792 2746 ἀμέ-

212 2793 393 2848 ριστος
447 2776 616 2846 αὐτῆς
661 2773 936 2844 τυγχάνει.
968 2773 1031 2825 El
1070 2773 1166 2843 μὲν
1200 2767 1290 2824 οὖν
1319 2767 1558 2841 ἡνῶσθαι
1603 2785 1686 2831 τις
1715 2769 1791 2819 εί-

209 2874 333 2924 πεῖν
353 2868 495 2922 αὐτὰ
519 2868 715 2930 ἐθέλοι,
742 2867 798 2920 ἓν
816 2865 878 2919 τὸ
907 2865 1171 2934 ἀγένητον
1199 2862 1375 2927 λέξει·
1409 2861 1657 2932 (ἕκαστον
1683 2859 1792 2930 γάρ

207 2961 416 3016 τούτων
456 2961 620 3031 μέρος
652 2959 802 3010 ἔσται
835 2957 928 3009 τοῦ
960 2953 1251 3026 πλησίον·)
1283 2952 1526 3024 ἀλλήλων
1558 2952 1616 3006 δὲ
1647 2952 1791 3023 μέρη

211 3055 568 3124 τυγχάνοντα,
600 3051 702 3104 οὐκ
749 3050 896 3103 ἐσται
939 3047 1178 3116 ἀγένητα
1224 3045 1336 3108 δύο,
1364 3044 1478 3097 ἀλλ’
1508 3043 1566 3098 ἒν
1593 3046 1656 3097 ὲκ
1677 3043 1792 3096 δια-

214 3145 393 3216 φόρων
429 3143 703 3204 συνεστός.
733 3140 865 3194 Οὐδὲ
890 3140 1000 3211 γάρ
1029 3139 1120 3192 τὸν
1152 3137 1434 3207 ἄνθρωπον
1466 3136 1656 3207 ἔχοντα
1677 3135 1791 3189 διά-

1893 1933 2179 1987 arbitraris
2209 1944 2370 2001 posse
2393 1944 2480 1983 me
2505 1926 2717 1982 discere
2746 1925 2894 1994 quod
2926 1931 3011 1980 est
3041 1923 3256 1977 melius.
3285 1920 3472 1990 Neque

1891 2024 2037 2080 enim
2077 2022 2417 2093 propositum
2471 2019 2648 2073 habeo
2691 2024 2750 2070 ut
2809 2017 2951 2071 male
2995 2015 3234 2077 vincam,
3283 2011 3378 2067 sed
3415 2019 3472 2065 ut

1891 2132 2080 2172 verum
2118 2115 2372 2171 edocear.
2403 2111 2523 2167 Jam
2556 2112 2740 2182 itaqde
2769 2123 3078 2164 sermonem
3113 2119 3467 2178 prosequere.

1963 2317 2176 2374 ORTH.
2208 2315 2352 2372 Sane
2381 2315 2568 2386 igitur,
2600 2315 2745 2385 quod
2794 2313 2946 2368 nullo
2992 2312 3154 2367 modo
3197 2311 3310 2384 (l5)
3357 2310 3474 2366 ﬁeri

1896 2413 2091 2483 possit,
2126 2419 2184 2464 ut
2217 2411 2328 2464 sint
2379 2407 2488 2461 duo
2546 2406 2709 2462 simul
2752 2407 3014 2467 increata,
3043 2419 3143 2459 nec
3171 2411 3224 2457 te
3253 2401 3474 2472 quidem

1895 2503 2147 2574 ignorare
2175 2509 2328 2570 puto,
2367 2512 2682 2568 quanquam
2723 2495 2776 2550 id
2831 2495 3065 2548 maxime
3093 2493 3331 2548 videaris
3360 2508 3475 2547 ser-

1895 2609 2058 2648 mone
2092 2593 2202 2662 jam
2233 2591 2416 2646 habito
2441 2591 2723 2645 statuisse.
2751 2586 2918 2642 Plane
2941 2584 3209 2655 siquidem
3243 2587 3475 2638 duorum

1897 2685 2124 2739 alterum
2166 2697 2450 2736 necessum
2479 2680 2644 2735 fuerit
2669 2677 2883 2744 dicere;
2918 2677 3000 2731 vel
3025 2675 3171 2746 quod
3203 2672 3347 2729 Deus
3383 2689 3474 2728 se-

1898 2783 2122 2847 paratus
2141 2775 2208 2831 sit
2240 2789 2271 2827 a
2299 2774 2548 2835 materia,
2579 2772 2666 2827 vel
2698 2775 2890 2825 contra
2920 2768 3066 2837 quod
3095 2766 3362 2821 indivisus
3391 2765 3470 2818 illi

1898 2867 2189 2921 cohaereat.
2246 2863 2304 2919 Si
2345 2865 2467 2934 quis
2522 2861 2864 2932 igiturunita
2896 2860 3027 2914 velit
3074 2859 3274 2920 dicere,
3308 2871 3476 2911 unum

1899 2957 2203 3012 increatum
2253 2954 2473 3010 dixerit.
2533 2951 2670 3024 (Erit
2731 2951 2998 3021 siquidem
3049 2947 3479 3018 unumquodque

1897 3049 2094 3103 horum
2123 3045 2410 3118 propinqui
2443 3043 2931 3117 pars(l6).)Porro
2957 3058 3077 3113 qua:
3099 3049 3226 3097 sunt
3246 3040 3478 3094 invicem

1900 3149 2105 3212 partes,
2138 3156 2248 3194 non
2279 3139 2389 3194 duo
2424 3139 2690 3200 increata,
2721 3137 2816 3192 sed
2848 3151 3015 3190 unum
3039 3133 3270 3188 diversis
3297 3129 3480 3185 consi-

215 3213 356 3309 φορά
388 3237 525 3310 μέλη
559 3235 1098 3305 κατακερματίςομεν
1127 3233 1206 3294 είς
1226 3229 1397 3284 πολλά
1420 3229 1641 3298 γενητά.
1661 3227 1794 3280 Ἀλλ·

1904 3240 2076 3297 stens,
2104 3232 2408 3286 increalum
2431 3235 2614 3286 erunt.
2648 3225 2782 3281 Nam
2813 3241 2989 3296 neque
3020 3223 3316 3286 hominem,
3345 3219 3479 3274 mul-

215 3334 270 3404 ἢ,
299 3333 374 3398 Co;
410 3336 440 3386 ὁ
463 3333 622 3401 λόγος
653 3333 890 3396 ἀπαιτεῖ,
921 3331 980 3382 ἓν
1007 3347 1058 3382 τι
1085 3329 1330 3398 γενητὸν,
1360 3327 1453 3380 τὸν
1492 3324 1797 3397 ἄνθρωπον,

216 3423 548 3493 πολυμερὲς,
595 3421 732 3492 πρὸς
763 3421 856 3474 τοῦ
898 3419 1031 3473 Θεοῦ
1074 3418 1352 3489 γεγονέναι
1379 3416 1579 3488 φαμέν.
1615 3412 1800 3476 Οὕτως

216 3514 455 3584 ἀνάγκη,
484 3515 533 3566 εί
571 3513 670 3583 μὲν
713 3513 785 3582 μὴ
830 3510 1159 3582 κεχώρισται
1191 3509 1292 3578 τῆς
1324 3507 1457 3579 ὕλης
1493 3507 1522 3559 ὁ
1556 3505 1706 3569 Θεὸς,
1742 3503 1800 3556 ἒν

217 3605 277 3658 τὸ
301 3605 570 3675 ἀγένητον
602 3599 740 3656 εἶναι
765 3602 942 3671 λέγειν
961 3618 974 3632 ·
1003 3602 1052 3654 εί
1072 3601 1130 3654 δὲ
1154 3599 1486 3670 κεχωρίσθαι
1506 3598 1666 3669 φησει
1693 3611 1798 3658 τις,

217 3697 438 3766 ἀνάγκη
471 3691 611 3748 εἷναί
655 3711 709 3748 τι
759 3693 821 3746 τὸ
850 3693 1122 3764 ἀναμέσον
1149 3689 1496 3762 ἀμφοτέρων,
1529 3684 1666 3758 ὅπερ
1707 3687 1802 3738 καὶ

216 3789 308 3842 τὸν
341 3787 620 3858 χωρισμὸν
651 3785 828 3840 αὐτῶν
859 3785 1147 3839 δείκνυσιν.
1167 3783 1448 3836 Ἀδύνατον
1471 3779 1581 3852 γὰρ
1609 3781 1666 3833 ὲν
1689 3778 1802 3832 δια-

219 3882 412 3935 στάσει
440 3877 724 3944 ὲξετάσθαι
745 3897 798 3931 τι
821 3875 929 3932 ἀπό
952 3894 1117 3942 τινος,
1146 3876 1245 3930 οὐκ
1273 3875 1423 3938 ὄντος
1447 3873 1654 3944 ἐτέρου,
1678 3871 1800 3925 καθ’

215 3971 250 4026 ὃ
275 3974 311 4042 ἡ
344 3972 627 4034 διάστασις
660 3969 918 4042 ἑκατέρου
955 3969 1368 4040 γίνεται.“οπερ
1394 3968 1453 4021 οὕ
1495 3968 1654 4038 μέχρι
1681 3965 1802 4020 τούς

217 4078 316 4116 του
341 4064 558 4115 ἵσταται
585 4063 680 4115 καὶ
717 4061 900 4132 μόνου,
928 4060 1065 4114 ἀλλὰ
1095 4062 1190 4114 καὶ
1235 4060 1502 4113 πλείστων
1535 4061 1803 4112 ὄσων.““υν

220 4155 333 4225 γὰρ
362 4155 458 4207 ἐπὶ
485 4153 593 4207 τῶν
624 4154 717 4207 δύο
747 4155 1024 4224 ἁγενήτων
1062 4153 1294 4224 εἴπαμεν
1319 4153 1494 4221 λόγον,
1526 4152 1713 4206 τοῦτον
1745 4148 1804 4217 ἐξ

222 4246 473 4316 ἀνάγκης
522 4245 723 4315 ὁμοίως
772 4247 1096 4318 προχωρεῖν,
1132 4246 1179 4297 εί
1214 4245 1284 4297 τὰ
1305 4245 1576 4314 κάγένητα
1624 4243 1802 4316 δοθείη

221 4338 370 4410 τρία.
410 4338 523 4391 Καὶ
549 4337 656 4408 γάρ
684 4337 814 4409 περὶ
843 4337 1046 4391 τούτων
1070 4338 1297 4420 ἐροίμην
1344 4336 1430 4403 ἂν,
1480 4339 1527 4389 εί
1575 4335 1807 4406 κεχώρι-

224 4447 350 4483 σται
399 4431 496 4482 ἀπ’
526 4430 850 4501 ἀλλήλων,ἥ
891 4425 958 4484 αὖ
1010 4429 1172 4482 πάλιν
1202 4429 1432 4482 ἕκαστον
1477 4428 1680 4498 ἥνωται
1729 4425 1805 4496 τῷ

223 4522 476 4592 πλησίον.
508 4523 570 4574 El
627 4523 725 4592 μὲν
775 4521 880 4593 γὰρ
930 4519 1171 4591 ήνῶσθαί
1203 4539 1284 4584 τις
1314 4522 1487 4573 εἰπεῖν
1521 4519 1685 4585 θέλοι,
1711 4519 1804 4572 τὸν

223 4614 388 4667 αὑτὸν
416 4613 732 4683 άκούσειτῷ
762 4613 963 4686 πρώτῳ
992 4613 1180 4682 λόγον·
1210 4615 1257 4666 εί
1289 4613 1332 4666 δ’
1365 4613 1432 4666 αὑ
1457 4611 1618 4664 πάλιν
1640 4629 1806 4681 κεχω-

225 4705 433 4776 ρίσθαι,
470 4705 531 4757 οὐ
568 4704 820 4774 φεύξεται
855 4706 953 4777 τὴν
986 4705 1046 4770 ἐξ
1078 4705 1323 4776 ἀνάγκης
1359 4703 1450 4757 τοῦ
1481 4700 1806 4775 χωρίζοντος

223 4793 657 4851 ἀτὲόστασιν.”¹Αν
681 4799 727 4851 δ’
760 4799 866 4868 ἄρα
889 4816 972 4862 τις
1003 4799 1096 4852 καὶ
1114 4799 1296 4869 τρίτον
1317 4793 1454 4850 εἶναι
1482 4795 1624 4860 λέξοι
1651 4793 1806 4862 λόγον

223 4890 539 4961 ἁρμόζοντα
572 4891 702 4960 περὶ
739 4891 846 4944 τῶν
879 4892 1156 4962 άγενήτων
1184 4887 1450 4959 λελέχθαι,
1478 4886 1722 4940 τουτέστι
1745 4885 1807 4938 τὸ

226 4981 388 5050 μήτε
413 4981 747 5054 κεχωρίσθαι
791 4982 881 5036 τὸν
920 4983 1054 5035 Θεὸν
1081 4982 1183 5053 τῆς
1209 4981 1360 5053 ὕλης,
1401 4982 1524 5053 μήτ’
1545 4975 1612 5033 αὖ
1647 4979 1807 5032 πάλιν

299 5116 415 5186 (14)
458 5117 580 5169 Ὅτι
619 5118 736 5186 μὲν
779 5111 910 5171 οὖν.
954 5115 1080 5170 Haec
1120 5114 1264 5186 item
1317 5120 1616 5168 occurrunt
1663 5111 1805 5186 apud

222 5183 483 5242 Photium
532 5188 569 5241 l.
603 5183 679 5249 ὁ..
713 5187 780 5241 iis
826 5187 1010 5241 statim
1043 5185 1314 5254 subjecta,
1360 5199 1594 5254 quorum
1646 5183 1807 5237 modo

222 5259 602 5313 meminimus.
639 5257 808 5311 (λιιι.

297 5325 597 5449 (ίῦὲνδαηε
627 5329 806 5409 igitur,
830 5325 980 5408 ,φωτί
1009 5325 1156 5380 nullo
1194 5325 1371 5406 modo,
1401 5332 1510 5378 etc.
1529 5323 1674 5405 ⁸’Ότι
1708 5324 1806 5405 μὲν

297 5417 322 5449 ν
351 5400 388 5449 ά
421 5415 634 5449 υνατον.
675 5396 872 5449 lncrmt
921 5398 1011 5449 hic
1060 5395 1317 5449 Methodu
1367 5393 1618 5449 doctrina
1647 5436 1660 5449 .
1713 5396 1804 5446 ubi

225 5392 322 5451 οὖν
351 5392 872 5466 ἀδύνατον.’1ηςίρὶὶ
921 5397 1011 5451 hic
1060 5395 1317 5451 Methodii
1367 5393 1660 5466 doctrina,
1710 5392 1804 5466 ubi

229 5466 412 5521 Photii
465 5468 550 5522 vel
606 5463 874 5536 interpres
921 5468 1008 5520 vel
1057 5467 1364 5520 librarius:
1403 5463 1556 5536 Quod
1609 5465 1654 5517 si
1689 5465 1807 5530 ﬁeri

228 5540 379 5591 nullo
422 5538 576 5591 modo
615 5535 802 5606 possit,
835 5544 966 5602 etc.,
1003 5536 1358 5592 conditionali
1397 5535 1607 5604 adjecta
1632 5541 1806 5588 totum

228 5610 809 5690 sensu‘m_perimen_te.

303 5679 418 5749 (l6)
459 5675 578 5749 Erit
610 5677 864 5749 siquidem
888 5676 1287 5749 ununtguodque
1316 5675 1500 5749 horum
1530 5675 1808 5749 propinqui

224 5764 373 5816 pars.
398 5746 600 5818 ’Μέρος
629 5746 724 5800 τοῦ
749 5747 994 5818 πλησίον.
1039 5746 1164 5800 Sola
1195 5746 1339 5818 enim
1368 5748 1434 5799 ad
1467 5746 1809 5818 hoc‘videtur

229 5765 373 5816 pars.
420 5765 600 5872 Μεςος
629 5765 724 5800 του
749 5765 994 5818 πλησιον.
1039 5765 1164 5800 DOIa
1195 5765 1339 5802 6111111
1368 5765 1434 5799 an
1467 5765 1568 5799 HOC
1594 5765 1802 5799 vruetur

229 5818 482 5876 suﬂicere
543 5835 707 5880 νωσις
757 5828 811 5873 et
855 5819 1214 5875 continuitas.
1246 5817 1540 5891 -luterpres
1575 5815 1753 5872 Photii
1791 5835 1802 5872 :

1901 3322 1972 3376 tis
1993 3328 2334 3377 constantem
2369 3319 2650 3384 membris,
2672 3316 2966 3371 dividimus
2997 3315 3054 3368 in
3075 3313 3243 3367 multa
3273 3319 3477 3366 creata.

1901 3412 2065 3478 Quin,
2103 3412 2178 3466 ita
2211 3410 2460 3480 exigente
2505 3409 2713 3461 ratione
2738 3446 2752 3470 ,
2798 3404 3094 3478 hominem,
3141 3417 3309 3455 unum
3348 3399 3481 3468 quid

1901 3510 2142 3558 creatum
2199 3501 2457 3564 dicimus,
2497 3497 2791 3552 multarum
2853 3497 3111 3567 partium,
3149 3509 3178 3548 a
3237 3492 3348 3547 Deo
3401 3490 3482 3544 fa-

1901 3602 2070 3648 ctum.
2107 3591 2289 3660 Atque
2318 3591 2454 3644 adeo
2476 3602 2701 3642 necesse
2733 3595 2836 3650 est,
2862 3584 3065 3640 ut'nisi
3092 3583 3235 3638 Deus
3257 3595 3483 3650 separa-

1901 3697 1991 3743 tus
2018 3687 2090 3742 sit
2142 3701 2172 3739 a
2217 3683 2472 3748 materia,
2507 3697 2678 3736 unum
2730 3682 3033 3735 increalum
3066 3691 3189 3732 esse
3243 3675 3480 3731 dicatur.

1905 3775 2002 3830 Sin
2036 3789 2169 3830 vero
2203 3774 2377 3829 divisa
2410 3780 2465 3828 et
2489 3779 2741 3843 separata
2767 3770 2966 3840 aliquis
2997 3767 3220 3830 dixerit,
3253 3782 3481 3822 necesse

1901 3873 1987 3922 est
2011 3865 2350 3920 intercedere
2400 3863 2620 3935 aliquod
2651 3861 2910 3926 medium,
2937 3861 3081 3930 quod
3115 3866 3364 3929 separata
3389 3874 3485 3913 ex-

1903 3958 2110 4013 hibeat.
2143 3957 2342 4029 Nequit
2363 3958 2506 4012 enim
2538 3955 2655 4011 ﬁeri
2703 3962 2765 4009 ut
2809 3952 3013 4024 aliquid
3071 3952 3139 4006 ab
3186 3952 3371 4020 aliquo
3399 3950 3486 4004 di-
3573 4017 3580 4024 _

1904 4053 2056 4100 stans
2085 4046 2484 4108 Consideretur,
2527 4044 2634 4099 nisi
2684 4043 2984 4098 exsisteute
3015 4041 3121 4096 alio
3180 4040 3483 4096 secundum

1905 4139 2051 4208 quod
2085 4137 2174 4191 fiat
2217 4137 2580 4194 discretorum
2613 4137 2899 4192 distantia.
2937 4132 3126 4202 Neque
3176 4133 3228 4188 id
3286 4135 3342 4188 in
3377 4149 3484 4187 uno

1907 4231 2011 4285 hoc
2042 4230 2268 4300 soloque
2289 4230 2457 4294 sistit,
2475 4229 2568 4284 sed
2596 4227 2910 4283 extenditur
2937 4226 3005 4280 ad
3024 4226 3308 4280 innumera
3337 4225 3487 4294 ejus-

1905 4321 2075 4375 modi.
2110 4319 2286 4387 Quam
2330 4321 2475 4375 enim
2526 4321 2583 4374 in
2640 4318 2858 4374 duobus
2911 4317 3171 4373 increatis
3219 4317 3483 4371 rationem

1905 4411 2168 4475 diximus,
2207 4413 2460 4467 similiter
2495 4420 2709 4482 oportet
2749 4411 3062 4482 procedere,
3087 4411 3132 4463 si
3157 4425 3485 4464 concessum

1909 4500 2069 4556 fuerit
2105 4502 2194 4556 illa
2223 4518 2344 4558 esse
2366 4503 2490 4557 tria.
2510 4501 2646 4556 Nam
2675 4511 2727 4557 et
2751 4503 2818 4556 de
2852 4501 2960 4556 illis
2983 4500 3310 4570 quaesierim,
3344 4500 3487 4554 sint-

1907 4608 1977 4648 ne
1997 4594 2065 4647 ab
2094 4593 2326 4648 invicem
2361 4601 2634 4664 separata,
2663 4593 2750 4648 vel
2791 4593 3217 4661 unumquodque
3261 4591 3488 4661 propin-

1906 4700 2016 4754 quo
2045 4685 2258 4738 unitum
2289 4685 2398 4740 sit?
2429 4685 2486 4738 Si
2514 4685 2734 4755 quidem
2765 4699 2894 4738 vero
2925 4685 3053 4738 velit
3075 4683 3272 4751 aliquis
3301 4682 3488 4737 dicere

1907 4777 2081 4842 unita,
2107 4776 2161 4830 id
2196 4777 2373 4847 ipsum
2423 4793 2487 4830 ac
2518 4777 2672 4848 prius
2708 4776 2997 4832 auditurus
3031 4783 3135 4830 est.
3167 4773 3263 4827 Sin
3293 4781 3487 4828 contra

1907 4867 2106 4922 dixerit
2140 4878 2413 4938 separata,
2451 4883 2561 4922 non
2597 4868 2837 4939 eﬂugiet,
2864 4875 2924 4922 ut
2952 4883 3020 4921 ne
3050 4867 3364 4920 necessario
3391 4867 3490 4921 de-

1908 4959 1981 5013 sit
2022 4959 2167 5029 quod
2208 4968 2420 5030 separet
2467 4959 2603 5031 (l7).
2635 4959 2791 5027 Quod
2821 4960 2867 5014 si
2893 4959 3017 5028 quis
3066 4958 3231 5012 etiam
3261 4957 3482 5012 tertiam

1913 5111 2245 5182 Unaqquue
2276 5112 2412 5182 enim
2433 5126 2558 5182 pars
2591 5109 2791 5182 horum_
2817 5110 2915 5182 erit
2949 5107 3104 5160 alteri
3134 5106 3346 5182 similis,
3376 5113 3485 5182 etc.

1908 5175 2118 5248 Quibus
2161 5175 2269 5236 'nec
2320 5175 2650 5234 Methodium
2701 5179 2921 5241 reddit,
2968 5193 3069 5248 nec
3114 5177 3234 5245 ejus
3286 5175 3490 5248 rationi

1909 5245 2069 5306 aliam
2120 5253 2237 5320 ipse
2283 5251 2617 5322 probabilem
2645 5249 2928 5303 substituit
2961 5267 2973 5302 :
3002 5247 3306 5322 aliquorum
3339 5245 3488 5322 enim

1909 5317 2207 5377 similitudo
2231 5317 2338 5375 non
2370 5322 2568 5388 arguit,
2593 5334 2715 5375 esse
2737 5322 2966 5372 alterum
2998 5317 3485 5388 partemialterius.

1908 5392 2066 5458 Quod
2109 5393 2182 5446 ibi
2221 5385 2491 5460 sequitur,
2544 5391 2618 5442 ita
2668 5385 3388 5460 ρυηριθιιόιιίηάλλήλων
3429 5385 3487 5437 δὲ

1911 5457 2050 5533 μέρη
2107 5457 2473 5532 τυγχάνοντα,
2529 5457 2822 5531 ἀγένητονο
2872 5459 3012 5533 ἀλλ’.
3065 5457 3165 5533 Ubi
3220 5459 3489 5533 interpres

1907 5527 2084 5602 partes
2120 5527 2256 5585 inter
2287 5548 2340 5585 δε
2368 5547 2544 5598 pares,
2579 5527 2708 5590 etc.,
2742 5530 2887 5602 quod
2921 5541 3102 5583 tamen
3140 5527 3302 5581 fuerit
3332 5541 3492 5580 men-

1909 5603 2036 5656 dum
2071 5603 2391 5672 typographi
2424 5617 2545 5670 pro,
2578 5610 2755 5668 partes
2789 5601 2928 5654 inter
2955 5615 3009 5672 se
3041 5607 3240 5672 partes,
3270 5605 3376 5672 etc.

1981 5665 2111 5737 (l7).
2132 5665 2262 5725 ’Νόη
2293 5665 2526 5740 ἑνῑιιςίὶει,
2552 5665 2608 5740 ut
2640 5689 2700 5726 ne
2734 5665 3198 5740 necessario'desit
3236 5665 3374 5740 quod
3404 5681 3488 5719 se-

1908 5759 2077 5814 paret.
2117 5745 2193 5796 Οὕ
2241 5738 2492 5814 φεύξεται
2535 5739 2632 5810 τὴν
2677 5740 2772 5794 τοῦ
2805 5739 3126 5811 χωρίζοντος
3167 5738 3485 5814 ἀπόστασιν,

1911 5807 2038 5886 quia
2080 5807 2367 5868 nimirum
2392 5813 2570 5883 ipsum
2591 5807 2901 5883 separaris,
2923 5817 3172 5881 oporteat
3206 5823 3330 5864 esse
3362 5807 3485 5860 uni-
