3864 6162
397 316 499 374 251

1380 317 1437 375 S.
1482 317 1815 375 METHODII
1849 316 2161 375 EPISCOPI
2194 317 2283 372 ET
2326 314 2685 372 MARTYRIS

3543 308 3651 365 252

400 436 750 505 sententiam,
782 451 905 508 qua:
947 437 1006 492 in
1045 436 1290 493 increata
1331 445 1616 508 congruat,
1645 437 1845 492 dict-am
1873 455 1965 493 vo-

2081 438 2169 502 Μ’
2198 437 2337 509 μέρη
2392 434 2657 507 ἡνῶσθαι·
2687 428 2828 487 εῖναι
2858 432 2937 497 δὲ,
2972 429 3231 502 καθάπερ
3269 429 3328 482 έν
3362 428 3535 499 τόπῳ,
3577 432 3648 502 τῇ

401 529 601 595 luerit;
641 543 860 600 nempe,
912 543 1089 601 neque
1136 527 1305 585 Deum
1340 544 1370 583 a
1404 528 1632 584 materia
1660 539 1971 599 separatum

400 636 547 687 esse,
582 635 645 676 ac
668 637 846 692 neque
874 636 1095 678 rursum
1131 621 1290 676 ambo
1325 631 1385 676 ut
1414 630 1599 692 partes
1638 621 1784 676 uniri
1816 620 1928 694 (18)
1955 641 1968 677 :

401 714 496 770 sed
530 729 653 771 esse
681 712 849 769 Deum
872 713 928 768 in
958 713 1186 768 materia
1212 719 1272 766 ut
1295 713 1351 767 in
1380 712 1534 768 loco:
1556 712 1970 783 materiamque,

402 801 608 860 habere
637 804 695 859 in
735 802 846 859 Deo
895 804 1167 858 rationem
1209 803 1580 858 continentis:
1614 801 1829 858 noverit
1860 802 1970 867 ille,

403 894 541 960 fore,
572 903 632 950 ut
652 897 696 951 si
725 896 1009 951 materiam
1031 895 1127 951 Dei
1161 896 1343 953 locum
1373 894 1693 963 dixerimus,
1717 909 1974 951 necessa-

401 988 486 1043 rio
513 989 677 1043 etiam
729 987 993 1043 dicendus
1039 988 1113 1043 sit
1156 986 1687 1057 comprehensibilis,
1724 994 1780 1042 et
1811 987 1906 1057 qui
1941 1001 1975 1041 ι

402 1080 634 1136 materia
660 1079 1169 1135 circumscribatur.
1199 1079 1344 1145 Quin
1372 1087 1427 1135 et
1451 1078 1639 1143 simili,
1669 1086 1833 1148 atque
1858 1092 1976 1132 ma-

401 1171 559 1236 teria,
591 1172 822 1238 ratione,
843 1169 1277 1226 circumferatur
1288 1177 1525 1240 oportet.
1555 1167 1664 1225 Nec
1692 1183 1824 1224 vero
1841 1182 1976 1223 con-

400 1264 597 1321 sistere
654 1269 857 1334 patest,
893 1268 987 1316 aut
1017 1262 1073 1316 in
1134 1276 1194 1318 se
1241 1261 1361 1330 ipso
1391 1274 1631 1325 manere,
1676 1273 1742 1314 eo
1772 1266 1975 1314 temere

399 1364 570 1419 moto,
608 1355 663 1410 in
695 1369 805 1425 quo
847 1361 954 1411 est.
1011 1351 1279 1408 Praeterea
1332 1350 1610 1407 fatendum
1662 1350 1974 1406 necessario

397 1453 503 1512 est,
533 1446 706 1502 fuisse
733 1445 904 1501 Deum
949 1446 1007 1500 in
1049 1443 1434 1500 deterioribus.
1489 1440 1627 1496 Nam
1656 1440 1701 1498 si
1745 1441 1975 1497 materia

400 1535 728 1607 quandoque
772 1542 969 1590 ornatu
1019 1533 1239 1602 caruit;
1288 1532 1431 1588 Deus
1474 1547 1635 1597 vero,
1668 1531 1859 1587 volens
1904 1531 1974 1588 ad

401 1633 603 1683 statum
635 1624 917 1680 meliorem
942 1622 1211 1680 reducere
1230 1664 1246 1689 ,
1281 1632 1532 1678 ornatum
1558 1623 1792 1679 contulit
1826 1642 1839 1678 :
1870 1621 1977 1677 fuit

401 1715 716 1786 aliquando,
741 1730 868 1771 cum
903 1714 1047 1771 Deus
1086 1716 1143 1770 in
1175 1714 1446 1771 inornatis
1475 1713 1808 1784 incultisque
1835 1715 1976 1771 exsi-

2075 528 2175 602 ὕλῃ
2202 530 2297 584 τὸν
2339 528 2493 594 Θεὸν,
2519 528 2614 581 καὶ
2638 528 2736 600 τὴν
2766 525 2899 598 ὕλην
2927 526 2986 580 ὲν
3014 524 3093 594 τῷ
3122 522 3242 594 Θεῷ
3282 522 3344 576 τὸ
3387 523 3607 595 συνέχον
3630 537 3649 556 ο

2073 621 2341 688 ἀκουέτω,
2371 622 2476 687 ὅτι,
2502 620 2598 675 ὲάν
2625 620 2789 674 τόπον
2812 617 2907 672 τοῦ
2934 617 3071 678 Θεοῦ,
3092 614 3189 691 τὴν
3215 614 3349 688 ὓλην
3378 615 3648 687 λέγωμεν,

2074 713 2135 779 ἐξ
2165 713 2411 786 ἀνάγκης
2447 712 2609 768 αὑτὸν
2638 711 2733 767 καὶ
2770 709 3015 783 χωρητὸν
3045 708 3221 779 λέγειν
3248 707 3349 772 δεῖ,
3384 709 3478 763 καὶ
3513 707 3651 779 πρὸς

2072 806 2173 876 τῆς
2205 805 2337 876 ὕλης
2369 805 2863 877 περιγραφόμενον.
2881 800 3042 856 Ἀλλά
3069 800 3177 873 μὴν
3200 801 3292 857 καὶ
3319 800 3519 872 ὁμοίως
3547 800 3649 853 αὑο

2073 895 2166 949 τὸν
2191 898 2259 967 τῇ
2293 894 2393 967 ὕλῃ
2441 897 2690 960 ἀτάκτως
2733 894 2995 966 φέρεσθαι
3020 893 3117 947 δεῖ.
3163 893 3255 965 Μὴ
3285 892 3533 951 ἵστασθαι
3568 891 3647 957 δὲ,

2078 987 2212 1059 μηδὲ
2241 987 2422 1058 μένειν
2443 987 2603 1041 αὑτὸν
2628 989 2714 1057 ἐφ’
2740 985 2953 1051 ἑαυτοῦ,
2978 986 3211 1056 ἀνάγκη,
3240 983 3332 1041 τοῦ
3355 986 3413 1038 ὲν
3436 978 3480 1053 ᾧ
3502 986 3652 1038 ἐστιν

2074 1078 2263 1133 ἄλλοτε
2289 1078 2464 1143 άλλως
2498 1079 2818 1151 φερομένου.
2848 1077 2992 1150 Πρὸς
3020 1078 3077 1131 δὲ
3104 1077 3311 1141 τούτοις
3342 1078 3435 1133 καὶ
3457 1078 3514 1130 ὲν
3536 1076 3650 1147 χεί-

2077 1187 2200 1242 ροσι
2226 1170 2509 1239 γεγονέναι
2539 1171 2629 1224 τὸν
2659 1171 2791 1224 Θεὸν
2816 1173 2990 1225 εἰπεῖν
3016 1169 3250 1240 ἀνάγκη.
3282 1170 3346 1222 Εἰ
3373 1169 3483 1240 γάρ
3515 1184 3649 1222 ποτε

2074 1262 2313 1333 ἄκοσμος
2342 1258 2464 1334 ἧνή
2495 1261 2616 1334 ὕλη,
2647 1262 2921 1334 ἐκόσμησε
2953 1261 3010 1315 δὲ
3048 1261 3239 1333 αὑτὴν,
3264 1262 3344 1326 εἰς
3375 1260 3436 1314 τὸ
3466 1262 3650 1332 κρεῖτ-

2074 1371 2166 1408 τον
2190 1353 2389 1424 τρέψαι
2419 1354 2867 1427 προαιρούμενος,
2891 1350 2959 1426 ἦν
2988 1370 3119 1407 ποτε
3136 1354 3213 1407 ὅτ’
3232 1353 3291 1406 ὲν
3317 1351 3653 1423 ἀκοσμήτοις

2072 1439 2142 1515 ἦν
2167 1446 2196 1498 ὁ
2231 1444 2383 1509 Θεός.
2413 1445 2646 1509 Δικαίως
2667 1445 2712 1498 δ’
2741 1444 2807 1499 ἂν
2837 1445 2932 1499 καὶ
2962 1443 3120 1498 τοῦτο
3145 1443 3393 1517 ἐροίμην,
3423 1442 3654 1513 πότερον

2074 1534 2315 1608 ἐπλήρου
2355 1536 2457 1608 τὴν
2502 1535 2635 1607 ὕλην
2665 1536 2694 1589 ὀ
2722 1535 2876 1602 Θεὸς,
2904 1535 2940 1608 ἢ
2969 1538 3028 1590 ὲν
3058 1534 3217 1607 μέρει
3248 1534 3354 1594 τινὶ
3393 1532 3489 1604 τῆς
3519 1532 3654 1603 ὕλης

2076 1627 2323 1699 ὑπῆρχεν
2354 1628 2544 1699 αὐτῆς.
2569 1629 2634 1683 Et
2679 1628 2777 1700 μὲν
2808 1627 2917 1699 γάρ
2962 1629 3033 1682 ὲν.
3066 1626 3221 1699 μέρει
3248 1627 3356 1681 τινὶ
3395 1627 3491 1698 τῆς
3519 1623 3654 1697 ὕλης

2076 1721 2249 1774 εἰπεῖν
2274 1737 2360 1784 τις
2387 1719 2533 1774 θέλοι
2565 1720 2655 1774 τὸν
2696 1720 2851 1786 Θεὸν,
2893 1720 3141 1774 πλεῖστον
3180 1720 3303 1774 ὅσον
3332 1719 3655 1791 μικρότερον

404 1816 594 1889 steret.
619 1806 726 1863 Sed
743 1815 798 1863 et
812 1807 941 1862 illud
967 1808 1093 1878 jure
1117 1806 1424 1878 quaesierim
1457 1824 1473 1862 :
1501 1804 1770 1861 Totamnc
1800 1815 1973 1863 mateo

2081 1812 2238 1866 αὑτὸν
2281 1812 2382 1884 τῆς
2433 1811 2567 1884 ὕλης
2602 1811 2788 1881 λέγει·
2818 1811 2874 1865 εῐ
2893 1829 2956 1882 γε
2988 1812 3053 1885 δὴ
3108 1811 3272 1884 μέρος
3323 1811 3492 1882 αὐτῆς
3531 1810 3657 1865 ὅλον

400 1901 540 1955 riam
568 1898 713 1957 Deus
741 1907 1065 1972 occuparet,
1089 1914 1162 1955 an
1191 1900 1370 1956 solum
1408 1899 1465 1954 in
1496 1905 1654 1970 parte
1676 1900 1858 1969 aliqua
1888 1912 1979 1953 ex-

402 1992 810 2048 sisteret?Sane
835 1993 1074 2063 quidem,
1095 1994 1143 2049 si
1167 1992 1293 2063 quis
1319 1992 1487 2048 Deum
1505 1993 1560 2047 in
1583 2000 1737 2063 parte
1764 2000 1977 2046 tantum

401 2085 647 2139 materiae
669 2084 941 2141 allirmare
979 2085 1141 2150 velit,
1168 2099 1430 2155 perquam
1464 2085 1840 2155 angustiorem
1869 2083 1975 2137 mi-

401 2190 704 2248 moremque
738 2177 968 2232 materia
1010 2176 1173 2240 dicit;
1201 2175 1422 2247 quando
1460 2190 1590 2246 pars
1627 2175 1747 2246 ejus
1799 2183 1977 2230 totum

402 2283 599 2339 capere
648 2269 846 2338 potuit.
880 2267 978 2323 Sin
1022 2268 1222 2324 dixerit
1250 2283 1373 2324 esse
1428 2268 1483 2322 in
1516 2274 1653 2333 tota,
1699 2274 1978 2337 totamque

400 2361 711 2433 pervasisse
738 2361 1045 2426 materiam,
1079 2359 1356 2432 quomodo
1372 2375 1492 2417 eam
1510 2359 1812 2416 elaboravit
1826 2358 1975 2431 (19)?

400 2450 639 2509 Net-esse
668 2460 754 2509 est
793 2453 939 2509 enim
972 2460 1031 2508 ut
1065 2453 1333 2518 dicamus,
1376 2453 1549 2508 fuisse
1591 2450 1761 2506 Deum
1791 2450 1977 2521 aliquo

398 2548 564 2603 modo
586 2548 643 2602 in
677 2562 738 2603 se
766 2552 1068 2602 retractum
1096 2556 1175 2612 ut,
1201 2545 1580 2601 contractione
1628 2545 1793 2609 facta,
1828 2545 1974 2599 illam

399 2649 611 2713 partem
640 2649 1012 2711 componeret,
1039 2654 1071 2694 a
1096 2655 1204 2711 qua
1238 2655 1298 2696 se
1324 2639 1679 2705 retraxisset;
1708 2639 1794 2694 vel
1809 2639 1974 2693 etiam

400 2749 510 2789 una
544 2748 669 2787 cum
699 2732 924 2787 materia
959 2730 1255 2798 eﬂinxisse,
1285 2745 1396 2785 non
1448 2730 1736 2785 habentem
1794 2731 1974 2785 locum

399 2840 511 2897 quo
531 2841 591 2881 se
611 2825 829 2880 interim
852 2823 1141 2894 reciperet.
1164 2821 1219 2877 Si
1246 2837 1374 2877 vero
1407 2823 1531 2893 quis
1561 2831 1774 2877 asserat
1805 2828 1975 2876 mate-

398 2916 541 2971 riam
570 2915 624 2969 in
657 2913 768 2968 Deo
799 2913 971 2968 fuisse
992 2952 1008 2977 ,
1042 2912 1295 2967 similiter
1327 2910 1725 2982 exquirendum
1752 2916 1922 2967 restat
1955 2928 1969 2965 :

397 3014 585 3061 utrum
618 3005 848 3070 scilicet,
882 3005 1034 3061 velut
1067 3006 1186 3074 ipso
1231 3004 1407 3059 diviso
1448 3018 1478 3057 a
1508 3018 1567 3058 se
1597 3003 1716 3073 ipso
1751 3001 1886 3074 (20),
1908 3017 1973 3058 ac

2079 1904 2326 1978 ἐχώρησε
2353 1905 2445 1960 τὸν
2472 1905 2626 1961 Θεόν.
2661 1906 2725 1960 Εἰ
2748 1905 2806 1960 δὲ
2831 1907 2889 1960 ἐν
2913 1905 3064 1979 πάσῃ
3095 1900 3234 1961 εἶναι
3268 1904 3435 1974 λέγοι,
3465 1906 3559 1959 καὶ
3582 1904 3655 1957 δι’

2076 1998 2207 2069 ὅλης
2233 1998 2608 2071 κεχωρηκέναι
2657 1999 2760 2069 τῆς
2799 1998 2950 2070 ὑλης,
2982 1999 3100 2064 πῶς
3137 1998 3340 2071 ταύτην
3369 1996 3659 2070 ἐδημιούρ-

2076 2106 2213 2161 γησε
2245 2090 2525 2162 φρασάτω.
2545 2090 2780 2162 Ἀνάγκη
2814 2090 2922 2163 γὰρ
2955 2089 3216 2162 συστολὴν
3244 2108 3366 2145 τινα
3392 2090 3485 2144 τοῦ
3516 2088 3657 2144 Θεοῦ

2076 2180 2279 2250 λέγειν,
2314 2177 2384 2255 ἦς
2408 2182 2704 2255 γενομένης
2732 2182 3082 2255 ἐδημιούργει
3116 2184 3291 2236 ἐκεῖνο
3316 2183 3407 2252 ἀφ’
3435 2176 3494 2236 οὗ
3523 2182 3660 2235 ὑπε-

2078 2274 2345 2346 χώρησεν,
2374 2275 2408 2346 ἢ
2442 2275 2537 2329 καὶ⁹
2565 2276 2726 2330 αὑτὸν
2780 2278 2845 2347 τῇ
2895 2274 2995 2347 ὕλῃ
3040 2275 3505 2347 συνδημιουργεῖν,
3554 2274 3661 2327 οὐκ

2078 2366 2270 2438 ἔχοντα
2299 2369 2701 2440 ὑποχωρήσεως
2727 2367 2912 2421 τόπον.
2948 2367 3010 2420 El
3042 2366 3100 2421 δὲ
3139 2367 3240 2438 τὴν
3290 2366 3422 2438 ὓλην
3469 2368 3526 2421 ὲν
3574 2364 3660 2436 τῷ

2076 2459 2194 2530 Θεῷ
2230 2455 2367 2513 εἷναί
2410 2477 2494 2523 τις
2535 2458 2698 2524 λέξοι,
2721 2458 2922 2529 ὁμοίως
2949 2456 3222 2523 ἐξετάζειν
3265 2457 3377 2511 δεῖ·
3430 2457 3659 2528 πότερον

2075 2549 2152 2613 ὡς
2178 2549 2522 2621 διισταμένου
2548 2549 2711 2603 αὑτοῦ
2744 2550 2838 2615 ἀφ’
2860 2548 3076 2615 ἑαυτοῦ,
3106 2550 3198 2603 καὶ
3227 2547 3413 2620 ὥσπερ
3444 2550 3500 2602 έν
3533 2550 3663 2620 ἀέρι

2078 2642 2314 2714 ὑπάρχει
2358 2643 2514 2714 γένη.
2556 2641 2932 2714 διαιρουμένου
2961 2641 3057 2695 καὶ
3102 2641 3457 2714 μεριζομένου
3491 2639 3662 2695 αὑτοῦ

2074 2736 2157 2799 εἰς
2184 2734 2450 2805 ὑποδοχὴν
2477 2733 2585 2787 τῶν
2607 2733 2907 2804 γινομένων
2948 2735 3007 2787 ὲν
3056 2732 3279 2805 αὑτῷ,ἢ
3308 2733 3385 2796 ὡς
3415 2735 3472 2786 ἐν
3485 2734 3664 2804 τόπῳ,

2072 2827 2373 2890 τουτέστιν,
2400 2824 2589 2897 ὥσπερ
2620 2826 2679 2878 ὲν
2705 2827 2776 2897 γῇ
2816 2824 2961 2896 ὕδωρ
2985 2842 2998 2856 ·
3033 2827 3082 2878 ει
3117 2824 3215 2896 μὲν
3244 2824 3353 2896 γὰρ
3385 2823 3662 2894 εἴποιμεν,

2074 2918 2152 2983 ὡς
2186 2919 2244 2973 ἐν
2273 2919 2418 2990 ἀέρι,
2458 2918 2716 2990 μεριστὸν
2756 2916 2971 2988 ἀνάγκη
3013 2915 3105 2971 τὸν
3146 2917 3277 2971 Θεὸν
3302 2918 3475 2970 εἰπεῖν
3495 2932 3508 2946 ·
3536 2918 3585 2969 εἰ
3613 2916 3663 2971 δ’

2075 3008 2265 3082 ῶσπερ
2292 3012 2349 3063 ὲν
2378 3013 2449 3081 γῇ
2480 3009 2624 3082 ὕδωρ
2643 3026 2656 3040 ·
2682 3005 2751 3080 ἦν
2771 3009 2828 3063 δὲ
2848 3008 3081 3071 ἄτακτος
3111 3009 3145 3080 ἡ
3168 3006 3266 3080 ὕλη
3297 3008 3391 3062 καὶ
3410 3007 3667 3078 ἀκόσμη-

395 3098 548 3155 sicut
586 3096 906 3151 animalium
947 3109 1147 3167 genera
1188 3094 1240 3148 in
1288 3108 1413 3149 aere
1455 3097 1760 3162 exsistunt;
1794 3094 1974 3149 diviso

2081 3116 2193 3164 τος,
2239 3100 2373 3171 πρὸς
2402 3100 2460 3152 δὲ
2487 3098 2699 3163 τούτοις
2726 3097 2924 3169 ἔχουσα
2952 3098 3048 3152 καὶ
3074 3100 3221 3154 κακά
3244 3116 3257 3128 ·
3289 3098 3381 3153 τὸν
3413 3099 3544 3153 Θεὸν
3571 3099 3668 3153 λέ-

376 3190 525 3263 ἱρεο
552 3196 813 3261 sectoque
853 3186 923 3242 ad
965 3201 1029 3242 ea
1074 3186 1425 3258 suscipienda
1456 3200 1578 3257 quae
1619 3187 1676 3241 in
1706 3202 1771 3242 eo
1797 3195 1926 3241 sunt
1954 3205 1969 3241 :

2081 3208 2192 3261 γειν
2212 3192 2424 3264 ἀνάγκη
2484 3191 2648 3245 τόπον
2679 3187 2818 3245 εἶναι
2844 3192 3171 3262 ἀκοσμήτων
3197 3191 3292 3244 καὶ
3314 3190 3423 3244 τῶν
3449 3192 3665 3247 κακῶν.

398 3284 487 3338 νει
518 3283 663 3338 sicut
708 3281 764 3336 in
814 3280 936 3335 loco
982 3279 1088 3334 hoc
1137 3289 1241 3343 est,
1284 3294 1350 3335 eo
1379 3277 1542 3333 modo
1573 3293 1684 3349 quo
1728 3294 1870 3349 aqua
1917 3280 1975 3334 in

399 3377 548 3427 terra
587 3380 691 3426 est.
729 3369 785 3424 Si
814 3370 1034 3440 quidem
1065 3384 1131 3425 eo
1159 3369 1322 3424 modo
1377 3369 1681 3425 dixerimus
1724 3385 1834 3440 quo
1884 3385 1977 3426 res

402 3472 533 3521 sunt
560 3463 614 3517 in
641 3477 764 3519 aere
785 3479 801 3529 ;
826 3473 1050 3517 necesse
1072 3468 1179 3525 est,
1199 3467 1258 3514 ut
1284 3459 1454 3515 Deum
1486 3458 1813 3514 divisibilem
1834 3459 1980 3515 dica-

401 3572 547 3611 mus.
584 3553 681 3610 Sin
713 3563 892 3610 autem
940 3570 1007 3610 eo
1054 3554 1217 3609 modo
1245 3568 1355 3624 quo
1384 3568 1525 3623 aqua
1554 3560 1639 3608 est
1676 3552 1733 3607 in
1772 3560 1919 3608 terra
1958 3572 1973 3608 :

402 3661 529 3702 cum
555 3645 784 3701 materia
811 3645 1080 3716 indigesta
1098 3651 1245 3699 esset
1271 3652 1324 3699 et
1355 3643 1835 3714 incomposita;ad
1865 3643 2001 3725 haec.

400 3740 590 3803 etiam,
628 3739 773 3793 mala
801 3738 1145 3804 contineret;
1178 3737 1509 3792 necessitate
1569 3734 1883 3804 coniicitur,
1920 3744 1979 3793 ut

406 3880 541 3945 tum,
562 3874 843 3938 extremis,
873 3889 1047 3945 eoque
1095 3873 1202 3929 illis
1236 3873 1405 3945 idem,
1438 3872 1723 3945 identitate
1772 3872 1981 3945 scilicet

405 3944 642 4018 partium
692 3945 748 4018 in
798 3953 934 4000 toto.
959 3942 1162 4018 ‘PauloA
1189 3945 1347 4018 aliter
1385 3944 1652 4018 formatur
1678 3942 1793 3997 haec
1842 3944 1982 4018 ratio

406 4012 551 4085 apud
568 4012 821 4069 Pbolium
860 4037 874 4071 :
908 4023 1032 4083 post
1054 4015 1217 4070 verba
1246 4014 1391 4085 enim
1412 4030 1520 4085 non
1544 4014 1703 4085 longe
1728 4015 1981 4083 superius

403 4082 604 4166 posita,
641 4086 778 4165 ὅπερ
806 4082 1024 4168 gygen
1065 4084 1341 4168 χωρισμὸν
1381 4082 1559 4168 αὑτῶν
1588 4082 1826 4168 δεξκνυσι
1858 4103 1870 4139 :
1906 4085 1978 4166 i_ta

404 4154 606 4224 arguit,
628 4154 785 4208 τοῦτο
812 4157 889 4222 δὲ,
913 4156 1030 4227 ἤτοι
1063 4154 1259 4207 ταυτὸν
1289 4154 1370 4217 ὃν,
1403 4154 1606 4224 ἥνωται
1635 4154 1849 4226 θατέρῳ
1874 4154 1982 4207 τῶν

402 4226 530 4297 δύο·
566 4227 660 4279 καὶ
693 4227 906 4297 ἀνάγκη
955 4225 1117 4279 πάλιν
1147 4224 1180 4297 ἢ
1227 4224 1484 4297 ἕνωσιν-ἢ
1518 4224 1797 4297 χωρισμὸν
1848 4224 1983 4297 πρὸς

403 4241 530 4280 ουο·
566 4241 660 4279 και
693 4241 906 4298 ἀνάγκη
955 4241 1117 4279 πάλιν
1147 4241 1180 4297 η
1228 4241 1418 4277 ενωσιν
1452 4241 1484 4293 η
1518 4241 1797 4296 χωρισμον
1848 4241 1983 4294 προς

403 4298 467 4373 τὸ
498 4291 1157 4373 ἕτερον’ζητεῖνῙΕνωσιν
1196 4295 1309 4373 γὰρ
1350 4293 1611 4373 ἀδύνατον
1643 4294 1791 4373 ἰδεῖν,
1824 4295 1983 4373 εἴπερ

406 4362 829 4439 θατέρῴλταυτὸν
850 4362 990 4439 εἶναι
1015 4362 1375 4439 καὶᾲήνῶσθαι
1400 4365 1607 4439 δέδοται
1622 4381 1635 4394 ·
1659 4363 1853 4439 ὴνοῇτο

402 4431 675 4508 οὕτως’ἂν
704 4438 797 4490 καὶ
829 4438 889 4490 τὸ
919 4437 979 4508 ἐξ
1004 4431 1197 4508 ἀρχῆς,
1226 4432 1269 4504 ᾧ
1297 4435 1492 4508 ταυτὸν
1520 4431 1655 4508 εἶναι
1682 4431 1847 4508 τοῦ-το
1872 4431 1985 4508 ἐδύὲ-

2078 3283 2255 3354 Ὅπερ
2298 3283 2401 3336 οὑκ
2449 3280 2693 3353 εὔφημον
2735 3277 2879 3335 εἶναι
2931 3298 3021 3353 μοι
3066 3279 3231 3346 δοκεῖ,
3264 3281 3561 3351 ἐπισφαλὲς
3603 3282 3667 3336 δὲ

2081 3373 2486 3446 μᾶλλον.⁶’Υλην
2534 3374 2644 3445 γὰρ
2678 3369 2815 3451 εἶναι
2843 3373 3037 3438 Θέλεις,
3083 3373 3193 3427 ἵνα”
3217 3372 3291 3445 μὴ
3318 3373 3427 3428 τῶν
3472 3374 3668 3429 κακῶν

2078 3466 2308 3537 ποιητὴν
2341 3468 2502 3540 εἴπῃς
2533 3468 2625 3520 τὸν
2658 3465 2791 3520 Θεόν
2810 3483 2824 3497 ·
2851 3467 2946 3520 καὶ
2971 3465 3128 3519 τοῦτο
3153 3468 3342 3536 φυγεῖν
3373 3467 3671 3539 προαιρού-

2082 3576 2263 3630 μενος,
2296 3558 2500 3629 δοχεῖον
2531 3558 2693 3612 αὑτὸν
2724 3556 2831 3611 τῶν
2858 3556 3044 3611 κακῶν
3076 3551 3215 3611 εἶναι
3239 3557 3438 3626 λέγεις.
3469 3558 3534 3611 El
3558 3557 3667 3628 μὲν

2079 3647 2192 3714 οὖν,
2217 3651 2316 3723 τὴν
2346 3649 2477 3721 ὕλην
2508 3651 2573 3703 ὲκ
2595 3648 2704 3702 τῶν
2737 3648 2850 3721 (il)
2886 3647 3233 3702 ὑποστάντων
3264 3646 3504 3719 γενητῶν
3534 3649 3670 3701 ὑπο-

2080 3745 2236 3813 νοῶν,
2269 3743 2531 3815 ἀγένητον
2565 3742 2833 3813 ὑπάρχειν
2862 3740 3065 3809 ἔλεγες,
3089 3738 3258 3793 πολὺν
3285 3739 3352 3793 ἂν
3376 3740 3505 3812 περὶ
3531 3740 3669 3793 ταύ-

2082 3879 2202 3954 [ὡς]
2230 3882 2287 3933 ὲν
2309 3879 2465 3954 μέρει
2492 3876 2748 3950 ἡνῶσθαι,
2784 3890 2979 3954 nempe
3020 3873 3190 3954 Deum
3216 3873 3360 3954 uniri
3392 3873 3477 3928 vel
3506 3881 3573 3954 ιιι
3602 3874 3665 3930 in

2082 3945 2237 4021 parte
2269 3968 2282 4005 :
2309 3945 2425 4021 'vel,
2460 3945 2523 4003 ut
2559 3963 2687 4021 pars
2717 3945 3099 4021 unitur’parti.
3128 3946 3226 4021 Est
3258 3947 3426 3999 altera
3457 3945 3665 4021 proba-

2082 4015 2160 4075 iio
2192 4020 2262 4077 ab
2289 4020 2460 4074 altero
2489 4015 2651 4072 modo
2681 4015 3060 4085 unionis,’per
3103 4016 3322 4070 modum
3365 4015 3609 4083 contigui
3644 4034 3659 4069 :

2083 4091 2356 4216 {legatique
2378 4097 2433 4145 et
2461 4089 2567 4145 loci
2601 4106 2615 4143 :
2654 4103 2776 4160 quae
2804 4096 2859 4143 et
2897 4088 3015 4157 ipsa
3046 4086 3114 4141 ad
3141 4086 3419 4140 hominem
3461 4099 3665 4154 proce-

2125 4178 2138 4214 ι
2172 4202 2185 4215 .

2125 4162 2185 4216 it.

2156 4230 2269 4299 (l9)
2309 4228 2585 4296 Quomodo
2615 4245 2733 4282 eam
2775 4225 3104 4299 elaboravit?
3130 4223 3254 4289 Πῶς
3293 4222 3497 4293 ταύτην
3535 4223 3660 4296 ὲδη-

2086 4297 2407 4373 μιούργησε,
2427 4299 2785 4373 similitudine
2812 4297 3103 4373 artiﬁcum,
3130 4311 3268 4365 quos
3293 4300 3508 4364 oportet
3535 4310 3666 4351 esse

2085 4366 2336 4426 nonnihil
2367 4372 2486 4425 loco
2518 4370 2786 4425 discretos
2815 4385 2845 4422 a
2876 4366 3105 4421 materia
3134 4380 3296 4435 quam
3321 4374 3667 4433 componunt

2084 4450 2141 4497 ct
2187 4441 2503 4511 perﬁciunt;
2551 4442 2632 4494 sic
2672 4439 3052 4511 Archimedes
3100 4435 3422 4511 nonnullum
3472 4436 3663 4511 locum

405 4508 492 4579 θη.
518 4507 579 4560 Εἰ
611 4507 667 4560 δὲ
697 4504 1276 4579 κεχωρίσθαιξάπαιτεῖ
1301 4505 1329 4556 ὁ
1353 4504 1718 4579 λύγος,μπάλιν
1742 4504 1802 4557 τὸ
1820 4504 1978 4579 χωρίς

2086 4504 2239 4567 extra
2265 4504 2580 4565 universum
2611 4509 2909 4579 quairebat,
2960 4508 3055 4579 toti
3100 4507 3179 4579 illi
3225 4506 3419 4579 ciendo
3450 4513 3504 4558 et
3529 4506 3675 4579 sede

405 4574 497 4645 ζον
519 4574 868 4649 ἀπαιτητέον,
891 4578 995 4642 ἕως
1014 4577 1080 4632 ἂν
1106 4577 1501 4649 ἀπείρων-ἡμῖν
1522 4577 1797 4645 ἁγενήτων
1817 4574 1983 4645 ἐσμὸς

402 4652 677 4722 ἀναφανῇ.
714 4645 824 4722 Ego
854 4650 935 4704 sic
966 4645 1249 4722 redderem
1276 4665 1290 4701 :
1319 4645 1432 4722 Hoc
1459 4656 1635 4722 autem
1663 4650 1877 4722 (nempe
1897 4661 1984 4722 se-

403 4714 800 4792 paraiusfvelut
837 4718 975 4790 quod
1003 4720 1071 4772 sit
1104 4717 1241 4771 idem
1277 4716 1433 4792 alteri
1463 4720 1718 4780 duorum,
1759 4714 1840 4768 illi
1870 4716 1986 4792 imi-

404 4785 517 4844 ἱιιηι
539 4785 621 4845 est
640 4806 659 4844 :
701 4785 1014 4859 rursumque
1037 4805 1241 4843 necesse
1258 4788 1358 4842 erit
1379 4802 1611 4859 quwrere
1642 4796 1734 4839 aut
1763 4785 1985 4859 conjun-

368 4874 373 4879 '
403 4862 626 4917 ctionem
677 4870 771 4913 aut
817 4855 1200 4929 sepdrationem
1235 4858 1300 4913 ab
1333 4858 1519 4929 altero.
1553 4855 1806 4911 Unionem
1841 4857 1983 4909 enim

403 4932 598 4993 cidere,
630 4927 954 4999 impossibile
986 4931 1168 5000 fuerit,
1191 4931 1238 4983 si
1282 4927 1492 4999 quidem
1540 4943 1842 5000 concessum
1882 4935 1979 5000 est,

403 5018 516 5058 esse
552 4997 850 5056 idem-cum
892 4997 1082 5064 altera,
1112 5011 1163 5055 et
1198 4997 1541 5054 illiunitum.
1568 4998 1658 5052 Sic
1691 5002 1829 5051 enim
1859 4997 1984 5049 uni-

406 5082 554 5127 τοίω·
599 5073 759 5126 etiam
800 5073 1032 5140 primum
1075 5071 1231 5133 illud,
1257 5086 1372 5123 cum
1399 5086 1500 5140 quo
1532 5068 1674 5122 istud
1711 5068 1849 5121 idem
1870 5083 1983 5122 esse

404 5158 711 5198 concessum
730 5142 853 5211 fuit.
890 5141 1043 5208 Quod
1069 5143 1117 5196 si
1148 5142 1285 5196 ratio
1318 5140 1468 5194 docet
1483 5149 1793 5211 separatum
1814 5153 1833 5191 :
1855 5154 1979 5191 rur-

402 5230 496 5270 sus
525 5209 867 5284 quantillum
894 5223 972 5267 est
1005 5229 1107 5281 quo
1131 5209 1620 5284 separetur,_donec
1648 5210 1983 5284 inﬁnitarum

401 5279 755 5354 ingenuorum
782 5282 929 5337 nobis
958 5279 1110 5352 copia
1140 5279 1405 5354 occurrat.
1432 5279 1528 5354 Est
1561 5281 1675 5354 haec
1706 5281 1978 5354 rati0_sa-

401 5349 480 5409 tis
504 5354 680 5410 facilis
708 5360 762 5406 et
787 5349 1132 5421 consequens
1161 5372 1175 5408 :
1213 5349 1322 5408 nisi
1351 5351 1498 5422 quod
1547 5352 1746 5422 ubique
1800 5349 1981 5404 minus

403 5425 761 5494 probabiliter
789 5425 1004 5478 videtur
1029 5439 1358 5494 supponere,
1383 5423 1644 5494 distingui
1674 5422 1855 5494 aliqua
1886 5435 1984 5494 ne-

405 5491 668 5553 cessario.
700 5508 811 5547 non
846 5510 904 5549 se
932 5491 1219 5563 ipsisfsled
1250 5510 1345 5563 per
1377 5494 1504 5546 alia.
1537 5491 1689 5549 Valet
1716 5491 1984 5545 nihilomi-

404 5579 511 5619 nus
541 5563 633 5616 illa
664 5564 734 5618 ad
765 5564 1061 5634 hominem,
1093 5572 1148 5619 et
1177 5564 1459 5634 supposita
1497 5578 1684 5619 crassa
1705 5563 1805 5634 illa
1835 5563 1996 5617 aesti-

370 5670 377 5675 -
405 5635 646 5690 matione
678 5635 747 5689 de
774 5632 908 5697 Deo,
943 5634 1000 5686 in
1031 5649 1137 5703 qua
1165 5632 1322 5689 erant
1351 5632 1741 5688 Valentiniani.

447 5705 595 5782 _(|Sl
637 5703 906 5782 Ac_nequ_e
932 5719 1152 5782 ruragm‘
1172 5705 1327 5782 amllo
1354 5713 1419 5782 ut
1439 5712 1617 5772 partes
1644 5704 1807 5782 igniti.
1837 5703 1979 5782 Mﬁr’

407 5770 685 5846 ιῦπάλιν,
714 5777 790 5842 ὡς
816 5770 1215 5849 μέρηήνῶσθαι
1264 5770 1551 5842 Photiana,
1580 5774 1701 5847 μηδ’
1720 5770 1787 5835 αὑ
1822 5770 1980 5835 πάλιν

2084 4581 2373 4636 movendo.
2405 4574 2679 4651 lnterprés
2727 4579 2931 4649 passim
2985 4578 3052 4629 τὸ
3094 4576 3444 4651 δημιουργεῖν
3480 4574 3665 4651 reddit

2083 4667 2283 4715 creare,
2315 4652 2461 4721 quod
2493 4645 2598 4704 hoc
2618 4645 2748 4721 loco
2774 4664 2882 4721 non
2917 4645 3188 4718 congruit,
3217 4645 3314 4721 ubi
3362 4647 3541 4715 agitur
3590 4646 3667 4699 de

2084 4716 2409 4777 formatio—ne
2439 4719 2699 4786 materiae,
2731 4719 2992 4773 adversus
3017 4716 3114 4773 eos
3139 4716 3434 4786 qui'ipsam
3467 4731 3496 4769 a
3521 4730 3581 4769 se
3606 4724 3665 4770 et

2069 4792 2380 4863 ingenitam
2413 4790 2686 4845 dicebant.
2717 4787 2786 4863 [lt
2811 4804 2940 4858 ergo
2974 4802 3081 4863 non
3107 4787 3332 4841 tulerint
3369 4800 3551 4863 aures,
3601 4793 3666 4839 ut

2086 4855 2242 4916 faber
2278 4862 2497 4916 dicatur
2521 4875 2705 4916 creare
2735 4855 2963 4918 ferrum.
2997 4859 3072 4912 ita
3104 4873 3281 4928 neque
3310 4865 3369 4911 ut
3398 4855 3563 4921 Deus,
3593 4870 3666 4911 eo

2085 4947 2273 4996 sensu,
2301 4932 2516 4987 dicatur
2545 4944 2732 4986 creare
2760 4929 3069 4984 materiam.

2155 5002 2266 5074 (Ξο)
2312 5002 2459 5056 Velut
2486 5001 2600 5074 ipso
2620 5000 2788 5054 diviso
2818 5016 2930 5074 a_se
2951 5000 3081 5074 ipso.
3099 4995 3259 5053 Velut
3280 4997 3334 5051 in
3359 4996 3666 5074 loco_con_1«_-

2083 5065 2319 5127 muni'et
2347 5065 2587 5142 proprio,
2623 5071 2917 5142 ut_quovis_
2947 5065 3108 5142 modo
3142 5075 3406 5142 sequatur
3449 5065 3660 5142 aliquid

2083 5137 2670 5197 absonum—vel'divisio
2686 5137 2814 5206 Dei;
2840 5140 2923 5194 vel
2947 5140 3154 5208 indigni
3178 5137 3237 5195 et
3254 5139 3451 5208 turpis,
3473 5152 3574 5192 ceu
3600 5137 3661 5195 in

2082 5228 2212 5268 vase
2235 5221 2290 5269 et
2313 5213 2433 5267 loco
2458 5211 2698 5281 proprio,
2722 5207 3089 5281 continentia,
3102 5224 3226 5264 cum
3258 5207 3457 5281 prObro
3480 5207 3662 5281 conti-

2081 5283 2266 5339 nentis
2303 5303 2315 5337 :
2354 5278 2497 5337 unde
2524 5278 2671 5351 quod
2707 5280 3019 5353 sequiturgi)
3055 5279 3130 5343 ὡς
3153 5281 3211 5353 ἐν
3240 5278 3409 5349 τόπῳ,
3441 5278 3662 5353 ridetur

2084 5354 2446 5438 supplendam
2470 5349 2654 5438 asino
2684 5349 2818 5438 εδξςιέν
2833 5436 2842 5438 ,
2857 5351 2975 5438 ,πῆξε
2998 5349 3661 5438 taeterrime»

2081 5421 2244 5495 cuius
2268 5423 2618 5479 continentia
2657 5421 2967 5495 exemplum
2993 5421 3174 5495 statim
3205 5421 3260 5474 in
3296 5428 3440 5473 terra
3470 5427 3660 5488 ponat,

2083 5491 2188 5551 hoc
2208 5503 2313 5559 est,
2339 5509 2467 5549 vase
2488 5502 2668 5548 torreo
2695 5501 2749 5547 et
2770 5491 2921 5546 ﬁctili
2953 5491 3267 5545 continente
3283 5504 3482 5560 aquam
3512 5508 3526 5543 :
3551 5504 3662 5558 qua

2083 5564 2441 5625 continentia,
2459 5578 2558 5619 vas
2585 5563 2808 5629 dicitur,
2825 5561 2912 5617 vel
2934 5562 2991 5616 in
3019 5561 3304 5627 honorem,
3333 5559 3418 5616 ιρι
3446 5560 3502 5614 in
3524 5574 3662 5619 cou-

2082 5636 2386 5697 tumeliam,
2418 5634 2438 5687 Ι
2472 5632 2615 5688 Tim.
2645 5649 2705 5688 ιι.

2155 5707 2269 5778 (21)
2322 5707 2415 5759 Ἐκ
2437 5702 2575 5760 τῶν.
2616 5701 2778 5760 Forte
2797 5700 2902 5769 ἔξω
2929 5700 3060 5756 τῶν.
