3864 6162
219 352 328 407 253

1390 355 1518 411 LIB.
1561 356 1649 412 DE
1683 357 1932 414 LIBERO
1972 356 2322 413 ARBITRIO.

3366 364 3474 421 254

213 490 315 543 της
345 470 693 544 ἐποιησάμην
717 472 872 542 λόγον
901 475 980 539 εἰς
1008 474 1280 542 ἀπόδειξιν
1314 477 1407 531 τοῦ
1434 480 1514 532 ὅτι
1542 479 1800 535 ἀδύνατον

1919 480 2095 546 Deum,
2130 481 2308 534 locum
2340 471 2587 535 dicamus
2619 477 2731 552 (24)
2766 480 3252 551 incompositorum
3283 489 3338 538 et
3361 489 3479 537 tur-

215 563 486 635 ὑπάρχειν
533 565 700 637 αὐτὴν
752 567 1050 638 ἀγένητονο
1086 571 1208 622 ἐπεὶ
1236 570 1293 622 δὲ
1319 571 1417 642 τὴν
1457 571 1564 625 τῶν
1612 573 1796 626 κακῶν

215 656 431 724 γένεσιν
461 656 638 709 αἰτίαν
672 659 776 728 φῂς
817 653 954 711 εἶναι
988 659 1090 730 τῆς
1126 660 1377 732 τοιαύτης
1405 662 1675 726 ὑπονοίας,
1708 661 1796 716 διὰ

211 747 373 802 τοῦτο
404 749 496 800 ἐπὶ
530 748 624 819 τὴν
675 748 918 813 ἐξέτασιν
963 749 1167 805 τούτων
1209 752 1462 824 ἔρχεσθαί
1509 773 1598 825 μοι
1630 755 1795 810 δοκεῖ.

211 838 454 910 Φανεροῦ
503 840 614 911 γὰρ
668 843 952 913 γινομένου
985 843 1079 896 τοῦ
1111 844 1292 914 λόγου,
1335 846 1457 900 καθ’
1486 847 1544 901 ὂν
1599 849 1800 918 τρόπον

213 932 333 984 ἐστὶ
379 931 446 985 τὰ
493 933 657 995 κακὰ,
686 937 781 989 καὶ
818 937 899 991 ὅτι
925 936 1022 1006 οὐχ
1050 929 1159 990 οἶόν
1183 954 1242 989 τε
1286 938 1434 992 ἐστὶν
1474 939 1645 992 αἴτιον
1691 938 1800 994 τῶν

217 1023 405 1077 κακῶν
438 1026 610 1079 εἰπεῖν
639 1025 729 1079 τὸν
762 1027 916 1091 Θεὸν,
939 1028 1004 1081 ἐκ
1042 1027 1134 1081 τοῦ
1184 1026 1314 1100 ὕλην
1373 1028 1520 1099 αὐτῷ
1546 1028 1800 1083 ὑποτιθέ-

216 1129 304 1166 ναι
333 1113 432 1184 τὴν
473 1115 728 1186 τοιαύτην
765 1117 1041 1182 ὑπόνοιαν,
1087 1119 1426 1190 ἀναιρεῖσθαί
1478 1136 1568 1190 μοι
1616 1119 1797 1172 δοκεῖ·

211 1205 318 1269 ὅτι,
349 1207 401 1260 ει
451 1209 549 1271 τὰς
596 1210 887 1282 ποιότητας
949 1212 1021 1284 μὴ
1071 1212 1238 1276 οὕσας
1287 1212 1719 1284 ἐδημιούργησεν
1771 1216 1801 1268 ὁ

214 1294 370 1363 Θεὸς,
396 1299 490 1352 καὶ
515 1299 615 1364 τὰς
648 1301 834 1365 οὐσίας
864 1303 1084 1372 ὁμοίως.
1115 1305 1225 1375 Φῂς
1245 1304 1421 1357 τοίνυν
1447 1303 1636 1358 ἄποιον
1668 1303 1800 1375 ὕλην

217 1391 582 1462 συνυπάρχειν
622 1392 702 1464 τῷ
731 1392 872 1465 Θεῷ,
898 1394 957 1462 ἐξ
992 1391 1062 1467 ἦς
1090 1395 1190 1467 τὴν
1217 1394 1312 1448 τοῦ
1343 1395 1547 1467 κόσμου
1588 1394 1802 1465 γένεσιν

214 1480 648 1554 ἐδημιούργησεν
665 1501 680 1550 ;

1903 573 2074 644 pium,
2109 581 2272 642 atque
2312 572 2580 624 malorum
2615 591 2629 625 :
2661 574 2806 642 quod
2855 575 3035 628 minus
3091 573 3288 632 decens
3345 573 3478 628 mihi

1906 666 2140 728 videtur,
2163 665 2296 735 quin
2322 665 2491 717 etiam
2512 664 2899 734 periculosum.
2931 662 3066 718 Nam
3097 664 3219 719 ideo
3246 665 3328 722 vis
3355 681 3478 720 esse

1907 755 2216 819 materiam,
2261 761 2318 808 ut
2348 769 2415 808 ne
2453 751 2622 807 Deum
2656 754 2921 808 malorum
2945 764 3222 808 auctorem
3245 752 3480 808 aliirma-

1905 845 2093 900 veris:
2128 859 2362 914 cumque
2404 844 2510 897 hoc
2559 844 2697 898 velis
2754 859 2970 909 cavere,
3021 853 3290 898 malorum
3347 859 3481 898 con-

1904 938 2270 1007 ceptaculum,
2303 951 2427 990 eum
2464 936 2624 990 dicis.
2673 935 2830 1002 Quod
2893 936 2940 991 si
2991 937 3273 990 materiam
3325 944 3482 990 extra

1905 1029 2260 1084 subsistentia
2311 1035 2495 1082 creata
2543 1027 2885 1092 existimans,
2916 1027 3213 1081 increatam
3245 1027 3481 1081 dixisses

1905 1121 2194 1186 exsistere,
2209 1119 2417 1188 ﬁmultis
2435 1117 2502 1173 de
2522 1134 2584 1173 ea
2611 1120 2826 1174 locutus
2843 1135 3040 1184 essem,
3067 1119 3344 1188 probando
3371 1135 3480 1172 non

1905 1228 2070 1284 posse
2103 1212 2242 1276 ﬁeri,
2272 1219 2334 1267 ut
2357 1227 2422 1267 ea
2457 1213 2698 1266 increata
2739 1213 2828 1266 sit.
2859 1211 2997 1277 Quia
3033 1226 3161 1265 vero
3211 1213 3480 1264 malorum

1907 1310 2110 1367 ortum,
2168 1304 2504 1372 ejuscemodi
2551 1304 2824 1373 opinionis
2865 1302 3005 1358 dicis
3045 1317 3298 1367 causam,
3355 1317 3483 1372 pro-

1907 1401 2092 1465 pterea
2113 1394 2291 1448 visum
2322 1402 2426 1459 est,
2454 1404 2512 1448 ut
2546 1393 2612 1446 ad
2644 1395 2870 1448 istorum
2892 1407 3117 1446 examen
3143 1393 3478 1462 progrediar.

1906 1485 2196 1541 Declarato
2218 1487 2386 1550 enim,
2407 1483 2683 1555 quomodo
2716 1486 2849 1539 [iant
2875 1485 3038 1548 mala,
3061 1484 3313 1556 quodque
3339 1482 3484 1538 Deus

213 1577 486 1630 malorum
525 1588 718 1633 auctor
749 1578 856 1637 dici
911 1591 1168 1653 nequeat,
1231 1590 1556 1654 suggerente
1616 1582 1845 1638 materia
1897 1581 2170 1651 ejusmodi
2226 1582 2560 1652 opinionem,
2599 1581 2732 1634 mihi
2783 1579 2979 1636 conﬁci
3032 1579 3270 1645 videtur,
3322 1588 3382 1633 ut
3433 1579 3483 1635 si

211 1663 362 1720 Deus
391 1669 683 1737 qualitates
716 1688 836 1742 qua:
864 1690 975 1728 non
995 1681 1174 1738 erant,
1192 1675 1420 1741 creavit,
1449 1675 1615 1730 simili
1635 1675 1802 1730 etiam
1826 1674 2042 1728 ratione
2077 1673 2421 1728 substantias
2465 1672 2686 1730 crearit.
2725 1671 2846 1725 Ain'
2875 1685 3006 1741 ergo
3064 1674 3348 1728 materiam
3387 1687 3485 1729 nu-

212 1761 339 1816 dam
374 1765 638 1833 qualitate
668 1777 722 1824 et
744 1770 1056 1838 informem,
1076 1771 1188 1828 Deo
1210 1771 1654 1838 coexsistere,ex
1684 1786 1792 1842 qua
1825 1770 2086 1826 mundum
2117 1769 2427 1825 creaverit?

283 1855 494 1910 ΟΥᾹΛ.
535 1859 691 1914 Οῦτω
722 1879 814 1932 μοι
843 1863 1010 1918 δοκεῖ.

284 1947 520 2003 ΟΡΘΟΔ.
569 1951 775 2006 Οὐκοῦν
833 1957 882 2008 εί
924 1955 1114 2020 ἄποιος
1149 1955 1443 2026 ἐτύγχανεν
1471 1957 1503 2028 ή
1531 1954 1655 2028 ὕλη,
1707 1955 1802 2025 γέ-

212 2053 339 2104 γονε
371 2038 430 2092 δὲ
477 2041 682 2112 κόσμος
716 2045 851 2116 πρὸς
890 2047 984 2100 τοῦ
1027 2047 1184 2115 Θεοῦ,
1216 2049 1276 2100 ὲν
1323 2048 1381 2101 δὲ
1422 2048 1500 2119 τῷ
1532 2049 1721 2120 κόσμῳ
1748 2050 1805 2102 at

211 2131 531 2203 ποιότητες·
559 2135 668 2191 τῶν
693 2142 993 2213 ποιοτήτων
1026 2142 1215 2212 γέγονε
1244 2141 1474 2214 ποιητὴς
1505 2145 1534 2196 ό
1552 2143 1702 2206 Θεός.

282 2323 492 2379 υΥΔΛ.
538 2325 727 2388 Οὕτως
749 2324 884 2395 ἔχει.

281 2417 525 2470 ΟΡΘΟΔ.
581 2418 732 2470 Ἐπεὶ
768 2417 824 2470 δέ
857 2434 951 2470 σου
996 2417 1090 2472 καὶ
1119 2417 1369 2486 λέγοντος
1397 2416 1631 2488 πρόσθεν
1652 2418 1806 2489 ἡκου-

209 2527 290 2573 ον,
316 2510 682 2574 ὠς.ἁδύνατον
716 2509 775 2574 ἐξ
800 2510 899 2562 οὐκ
931 2509 1099 2563 ὅντων
1123 2509 1371 2578 γίνεσθαί
1397 2525 1468 2572 τι,
1505 2508 1641 2580 πρὸς
1667 2507 1806 2580 ἐρώ-

207 2619 372 2674 τησιν
406 2604 699 2674 ἀπόκριναι
729 2603 827 2674 τὴν
859 2604 1026 2674 ὲμήψ
1059 2601 1206 2656 δοκεῖ
1241 2619 1321 2655 σοι
1355 2601 1454 2666 τὰς
1478 2601 1573 2654 τοῦ
1600 2601 1806 2673 κόσμου

209 2696 511 2764 ποιότητας
543 2695 618 2766 μὴ
651 2697 709 2761 eg
746 2695 1121 2764 ὑποκειμένων
1151 2696 1450 2767 ποιοτήτων
1491 2695 1804 2763 γεγονέναι;

280 2785 491 2839 οΥΑΑ.
523 2787 699 2839 Δοκεῖ.

283 2876 528 2929 οΡΘΟΔ.
569 2878 795 2949 Ἕτερον
823 2877 880 2931 δέ
913 2895 969 2931 τι
1002 2877 1155 2950 παρὰ
1192 2877 1293 2942 τὰς
1327 2878 1514 2942 οὐσίας
1542 2877 1810 2952 ὑπάρχειν

211 2966 386 3028 αὐτάς
405 2983 420 3031 ;

286 3059 497 3113 ΟΥΑΛ.
534 3059 722 3124 Οὕτως
754 3059 890 3132 ἔχει.

285 3151 530 3204 ΟΡΘΟΔ.
579 3152 788 3205 Οὐκοῦν
829 3154 878 3206 εἰ
920 3152 1057 3224 μήτε
1088 3151 1149 3216 ἐξ
1191 3151 1567 3223 ὑποκειμένων
1594 3155 1810 3225 ποιοτή-

212 3259 325 3296 των
358 3243 462 3305 τὰς
504 3243 792 3314 ποιότητας
826 3219 1258 3316 ἐδημιούργησεν
1302 3246 1331 3297 ὁ
1365 3219 1530 3310 Θεὸς,
1574 3247 1710 3317 μήτε
1743 3219 1808 3300 ὲκ
1834 3219 1876 3277 C

207 3333 326 3390 τῶν
356 3335 557 3388 οὐσιῶν
597 3336 920 3408 ὑπάρχουσι,
948 3335 1026 3407 τῷ
1064 3335 1199 3406 μηδὲ
1223 3336 1410 3400 οὐσίας
1441 3337 1609 3401 αὑτὰς
1636 3335 1805 3390 εἶναι’

212 3427 283 3480 ὲκ
339 3428 415 3498 μὴ
469 3429 638 3482 ὅντων
697 3429 868 3493 αὐτὰς
914 3430 1020 3482 ὑπὸ
1082 3429 1218 3483 Θεοῦ
1263 3429 1542 3499 γεγονέναι
1598 3431 1810 3501 ἀνάγκη

213 3519 416 3572 εἰπεῖν.
458 3520 617 3573 Ὅθεν
663 3520 930 3593 περιττῶς
960 3521 1163 3586 ἐδόκεις
1196 3540 1286 3593 μοι
1316 3522 1520 3590 λέγειν,
1553 3521 1811 3576 ἀδύνατον

215 3610 464 3675 δοξάζειν
505 3611 564 3677 ἐξ
594 3611 694 3663 οὐκ
715 3610 882 3663 ὄντων
911 3611 1194 3678 γεγονέναι
1232 3629 1285 3665 τι
1321 3613 1457 3683 πρὸς
1497 3612 1592 3664 τοῦ
1647 3611 1806 3666 Θεοῦ.

231 3704 372 3758 Ἀλλ’
421 3704 452 3755 ὁ
488 3704 586 3774 μὲν
620 3703 746 3775 περὶ
775 3703 967 3756 τούτου
997 3703 1155 3773 λόγος
1183 3697 1284 3757 ὦδε
1319 3704 1510 3775 ἐχέτω.
1549 3705 1658 3757 Καὶ
1698 3705 1807 3778 γὰρ

216 3799 352 3868 παρ’
375 3799 508 3868 ἡμῖν
530 3796 746 3867 ὁρῶμεν
777 3796 872 3850 ἀνθ
882 3795 1094 3868 ρώπους
1122 3797 1180 3863 ἐξ
1209 3798 1309 3851 οὑκ
1333 3797 1500 3851 ὄντων
1523 3796 1810 3861 ποιοῦντάς

214 3904 360 3950 τινα,
397 3889 447 3940 εἰ
495 3889 590 3942 καὶ
644 3888 712 3942 τά
749 3888 981 3959 μάλιστα
1031 3889 1278 3943 δοκοῦσιν
1329 3882 1474 3944 οῦτοι
1527 3894 1699 3944 ποιεῖν
1749 3891 1809 3945 ἐν

218 3997 347 4034 τινι.
391 3976 518 4034 Οἴον
545 3981 638 4034 ἐπὶ
674 3980 781 4033 τῶν
814 3981 1214 4053 ἀρχιτεκτόνων
1242 3983 1302 4036 τὺ
1335 3985 1684 4055 παράδειγμα
1716 3983 1811 4038 λά-

222 4072 407 4145 ﬁnitae-‘1
431 4091 445 4104 ο
480 4075 576 4128 καὶ
607 4074 717 4146 γὰρ
737 4067 881 4128 οὗτοι
912 4075 1122 4128 ποιοῦσι
1148 4075 1334 4138 πόλεις
1369 4077 1469 4129 οὐκ
1492 4077 1556 4129 ἐκ
1582 4077 1806 4141 πόλεων,

223 4166 322 4222 καὶ
350 4169 513 4231 ναοὺς
539 4167 741 4238 ὁμοίως
765 4167 864 4220 οὐκ
897 4169 961 4220 ἐκ
988 4166 1130 4220 ναῶν
1156 4165 1290 4230 (22).
1340 4167 1594 4234 Ἀτελής.

577 4285 809 4337 ΛΟΙΠΑ
860 4286 963 4339 ΕΚ
1001 4287 1142 4341 ΤΩΝ
1174 4285 1455 4339 ΦΩΤΙΟΥ.

1837 1871 1881 1925 Β
1977 1861 2134 1919 VAL.
2174 1864 2249 1918 Ita
2281 1862 2414 1916 mihi
2451 1863 2685 1917 videtur.

1977 1954 2186 2008 ORTH.
2217 1953 2361 2024 Ergo
2397 1954 2442 2009 si
2476 1954 2703 2008 materia
2747 1953 2867 2008 sine
2898 1953 3162 2024 qualitate
3211 1960 3264 2008 et
3309 1951 3485 2008 inforo

1905 2049 2010 2104 mis
2041 2047 2178 2114 fuit,
2214 2047 2453 2102 mundus
2482 2064 2611 2102 vero
2642 2047 2820 2102 factus
2848 2056 2930 2103 est
2959 2062 2990 2100 a
3021 2046 3163 2114 Deo;
3199 2046 3252 2100 in
3280 2047 3486 2101 mundo

1906 2146 2086 2196 autem
2117 2146 2245 2194 sunt
2275 2140 2597 2210 qualitates;
2633 2140 2819 2210 utique
2859 2138 3182 2211 qualitatum
3231 2136 3486 2193 conditor

1905 2231 2010 2286 fuit
2035 2231 2197 2286 Deus.

1904 2337 1910 2343 ·
1979 2320 2137 2376 VAL.
2163 2322 2241 2376 lta
2272 2332 2378 2378 est.

1979 2413 2188 2469 ORTH.
2241 2414 2380 2480 Quia
2443 2429 2608 2484 porro
2665 2415 2723 2467 in
2780 2412 3158 2483 superioribus
3212 2411 3483 2466 dicentem

1908 2507 2115 2571 audivi,
2141 2522 2250 2562 non
2279 2521 2441 2577 posse
2482 2507 2686 2576 aliquid
2718 2523 2784 2562 ex
2835 2506 3007 2561 nihilo
3039 2503 3176 2568 ﬁeri,
3214 2503 3486 2573 responde

1908 2600 1977 2655 ad
2009 2615 2184 2655 meam
2235 2599 2592 2670 quaestionem
2628 2596 3006 2654 :Videnturne
3055 2599 3152 2652 tibi
3195 2598 3484 2666 qualitates

1907 2692 2121 2755 mundi,
2147 2707 2215 2746 ex
2248 2707 2357 2746 non
2392 2691 2654 2761 subjectis
2688 2690 3045 2760 qualitatibus
3076 2687 3273 2743 factas?

1978 2782 2134 2838 VAL.
2179 2782 2470 2838 Videntur.

1978 2872 2192 2929 OR’l‘ﬂ.
2242 2874 2308 2928 Et
2351 2875 2451 2928 has
2499 2889 2622 2935 esse
2660 2871 2868 2945 aliquid
2903 2870 3051 2926 aliud
3093 2885 3124 2924 a
3179 2869 3488 2926 substantia

1908 2967 2196 3022 existimas
2217 2967 2240 3020 ?

1982 3059 2140 3114 VAL.
2182 3061 2284 3122 lta,
2316 3057 2486 3112 aliud.

1980 3149 2195 3206 ORTH.
2241 3151 2378 3205 Cum
2413 3163 2546 3219 ergo
2581 3148 2724 3204 Deus
2745 3147 3040 3218 qualitates
3064 3162 3129 3201 ex
3161 3161 3270 3199 non
3301 3143 3486 3212 subje-

1910 3242 2014 3298 ctis
2046 3243 2401 3312 qualitatibus
2439 3241 2788 3308 condiderit,
2821 3256 2922 3294 ncc
2958 3240 3062 3292 illa:
3111 3238 3218 3293 sint
3242 3237 3398 3290 taetre
3416 3249 3486 3290 ex

1909 3335 2255 3400 substantiis,
2275 3350 2399 3388 cum
2433 3351 2542 3388 non
2577 3334 2688 3388 sint
2711 3332 3033 3386 substantiae
3067 3350 3080 3385 :
3111 3345 3336 3384 necesse
3383 3327 3490 3382 erit

1908 3423 2112 3490 dicere,
2153 3426 2275 3481 illas
2301 3441 2365 3479 ex
2412 3425 2583 3478 nihilo
2637 3422 2816 3493 ajDeo
2861 3431 3073 3475 creatas
3110 3433 3252 3478 esse.
3309 3418 3489 3484 Quare

1906 3520 2183 3576 videbaris
2234 3519 2506 3589 superﬂue
2565 3519 2748 3572 dicere
2781 3532 2905 3572 esse
2953 3513 3306 3584 inOpinabile,
3345 3511 3492 3582 quod

1909 3613 2054 3670 Deus
2085 3612 2291 3684 aliquid
2344 3628 2408 3667 ex
2462 3612 2633 3665 nihilo
2681 3610 2969 3665 creaverit.
3001 3608 3292 3662 Enimvero
3324 3621 3384 3660 ea
3419 3604 3492 3659 sit

1913 3706 2032 3775 ejus
2057 3705 2136 3759 rei
2174 3703 2401 3758 decisio.
2429 3701 2563 3757 Nam
2595 3703 2758 3757 etiam
2790 3701 2930 3771 apud
2969 3715 3088 3764 nos,
3123 3697 3368 3768 qumdam
3403 3696 3488 3751 vi-

1913 3799 2105 3854 demus
2153 3796 2434 3850 hominum
2476 3809 2643 3863 opera
2690 3793 2807 3847 ﬁeri
2853 3808 2919 3846 ex
2955 3791 3147 3854 nihilo,
3179 3802 3490 3858 quanquam

1916 3890 2021 3960 ipsi
2084 3887 2320 3943 maxime
2368 3885 2661 3940 videantur
2712 3883 2892 3939 facere
2947 3883 3002 3937 in
3063 3882 3266 3952 aliquo.
3321 3878 3389 3934 Ut
3444 3878 3492 3934 si

1915 3981 2224 4052 exemplum
2275 3980 2343 4034 ab
2397 3978 2714 4033 architectis
2753 3978 3036 4046 capiamus
3081 3992 3093 4026 :
3131 3990 3258 4029 nam
3303 3981 3359 4029 et
3412 3971 3494 4028 illi

1914 4071 2079 4126 urbes
2109 4069 2352 4124 condunt
2405 4084 2470 4123 ex
2511 4085 2621 4122 non
2671 4067 2922 4133 urbibus,
2957 4074 3007 4122 et
3052 4065 3253 4136 templa
3285 4079 3353 4120 ex
3383 4076 3497 4118 non

1915 4164 2158 4236 templis.
2187 4162 2555 4233 Imperfectus.

2281 4275 2602 4343 RELIQUA
2645 4273 2748 4329 EX
2785 4273 3094 4329 PHOTIO.

1495 4400 1772 4474 (Biblioth.
1822 4397 1947 4454 cod.
1983 4393 2259 4464 ccxxxvr.)

300 4515 364 4571 Εἰ
390 4515 456 4580 δ’,
488 4515 571 4570 ὅτι
603 4515 816 4581 τούτοις
842 4515 1019 4571 οὐσίαι
1054 4515 1390 4581 ὑπόκεινται,
1432 4517 1532 4569 οἴει
1577 4514 1638 4580 ἐξ
1669 4510 1804 4581 (οὐκ)

1994 4506 2150 4574 Quod
2184 4505 2251 4567 si,
2279 4504 2406 4576 quia
2439 4503 2526 4560 his
2582 4503 2903 4558 substantiae
2933 4500 3190 4570 subjectae
3217 4499 3346 4565 sint,
3379 4498 3496 4554 exi~

226 4606 399 4661 ὄντων
568 4607 740 4671 αὐτὰς
787 4611 961 4662 ταῦτα
1008 4611 1180 4660 ποιεῖν
1202 4648 1217 4672 ,
1270 4609 1346 4680 τῷ
1389 4608 1533 4679 λόγῳ
1582 4605 1808 4676 σφάλλῃ.

229 4701 368 4754 Οὐδὲ
395 4700 502 4771 γὰρ
536 4703 570 4772 ἡ
599 4701 754 4754 οὐσία
786 4703 933 4756 ἐστὶν
963 4705 996 4774 ἡ
1039 4702 1266 4756 ποιοῦσα
1290 4701 1388 4773 τὴν
1426 4700 1597 4765 πόλιν,
1626 4699 1658 4770 ἢ
1685 4699 1812 4762 τοὺς

230 4795 415 4857 ναοὺς,
443 4794 555 4848 ἀλλ’
581 4797 613 4866 ἡ
656 4795 782 4864 περὶ
815 4795 914 4866 τὴν
944 4795 1132 4849 οὐσίαν
1165 4795 1349 4864 τέχνη,
1380 4794 1416 4863 ἢ
1445 4794 1544 4846 οὐκ
1588 4792 1645 4858 ἐξ
1676 4792 1809 4847 ὑπο-

231 4886 493 4956 κειμένης
519 4886 666 4946 τινὸς
693 4885 890 4957 τέχνης
923 4889 980 4938 ὲν
1017 4889 1138 4949 ταῖς
1170 4886 1379 4949 οὐσίαις
1416 4884 1624 4953 γίνεται
1647 4901 1660 4914 ·
1692 4884 1811 4937 ἀλλ’

230 4977 298 5044 ιξ
328 4979 428 5032 οὑκ
458 4977 626 5049 οὔσης
653 4979 711 5031 ὲν
743 4979 935 5042 αὐταῖς
969 4978 1196 5046 γίνεται.
1235 4978 1596 5047 Ἀπαντὴσειν
1633 4976 1688 5029 δέ
1727 4993 1817 5046 μοι

231 5072 413 5134 δοκεῖς
442 5069 582 5123 οὕτω
610 5070 687 5141 τῷ
727 5070 902 5142 λόγῳ·
993 5070 1076 5123 ὅτι
1101 5069 1350 5142 τεχνίτης
1376 5072 1444 5141 τῇ
1475 5073 1532 5123 ὲν
1567 5071 1630 5140 τῇ
1663 5068 1821 5138 οὐσίᾳ

309 5247 421 5315 (2‘2)
452 5248 547 5301 Ἐκ
576 5246 758 5301 ναῶν.
797 5244 917 5301 Huc
953 5260 1130 5315 usque
1179 5242 1400 5315 Meursii
1447 5240 1635 5315 editio.
1671 5239 1814 5293 Pho-

231 5312 348 5373 tius
374 5334 503 5372 vero
521 5319 556 5371 l.
576 5333 626 5371 ο.
653 5324 780 5388 post
806 5318 972 5371 verba
1005 5312 1104 5370 οὐκ
1139 5317 1203 5368 ἐκ
1222 5314 1387 5388 ναῶν,
1411 5312 1600 5388 subdit
1626 5318 1810 5388 statim

277 5404 360 5442 uae
414 5381 721 5459 sequuntur
764 5407 777 5442 :
826 5389 891 5440 Εἰ
920 5388 964 5440 δ’
1006 5388 1110 5452 ὅτι,
1150 5403 1204 5439 κ.
1235 5385 1366 5459 τηλ.
1402 5384 1534 5459 Qum;
1589 5381 1808 5459 quidem

277 5405 360 5442 [ιω
414 5405 721 5459 sequuntur
764 5407 777 5442 ζ
829 5405 891 5440 ιιι
920 5405 962 5440 0'
1006 5405 1110 5452 οτι,
1150 5405 1204 5439 κ.
1235 5405 1286 5438 τ.
1318 5405 1366 5437 Α.
1402 5405 1534 5449 uuae
1589 5405 1808 5449 qluucul

231 5405 593 5514 ﬂoctissimus
622 5459 869 5520 Lamius,
901 5473 1011 5511 una
1040 5473 1163 5511 cum
1198 5456 1360 5510 tertio
1390 5453 1571 5522 operis
1603 5451 1811 5506 Metho-

231 5530 384 5582 diani
408 5539 664 5599 excerpto
694 5545 760 5583 ex
785 5527 974 5583 codice
1003 5525 1277 5599 Sirmondi
1303 5524 1604 5599 descripto,
1628 5523 1809 5599 hausit

231 5613 304 5654 ex
331 5601 478 5655 edito
506 5589 937 5660 Cdmbeﬁsiano,
968 5605 1022 5651 et
1049 5600 1103 5652 in
1136 5595 1446 5666 praefatione
1475 5589 1540 5648 ad
1562 5593 1679 5666 vol.
1698 5589 1813 5645 Vlll

232 5684 464 5738 operum
510 5670 734 5726 Meursii
774 5668 1057 5732 exhibuit,
1093 5664 1217 5738 pag.
1255 5683 1382 5729 v-x,
1413 5679 1522 5735 quo
1550 5664 1811 5738 nimirum

232 5735 309 5864 Eb
339 5741 529 5798 eodem
565 5741 804 5796 Meursio
841 5735 1189 5796 Methodiana‘
1211 5738 1462 5809 evulgata
1490 5735 1806 5806 compleret.

289 5825 402 5864 ALL.

289 5825 402 5867 Αιι..

1920 4600 2115 4656 stimas
2153 4598 2293 4668 (eos)
2324 4613 2434 4651 non
2489 4595 2602 4649 haec
2636 4595 2817 4649 facere
2839 4596 2928 4648 'ex
2959 4593 3152 4652 nihilo.
3188 4593 3354 4646 verbo
3393 4589 3496 4643 fal-

1915 4693 2070 4748 leris.
2097 4690 2283 4760 Neque
2313 4689 2458 4744 enim
2507 4687 2812 4741 substantia
2861 4685 3050 4739 condit
3099 4683 3370 4736 civitatem
3401 4687 3496 4735 aut

1917 4785 2138 4855 templa,
2179 4781 2273 4837 sed
2329 4797 2418 4835 ars
2459 4795 2579 4850 quae
2604 4786 2857 4834 versatur
2890 4777 3036 4831 circa
3083 4774 3492 4829 substantiam:

1910 4889 2103 4945 eaque,
2140 4889 2247 4927 non
2281 4887 2346 4926 ex
2370 4871 2615 4939 subjecta
2663 4870 2845 4937 aliqua
2877 4875 2992 4920 arte
3030 4881 3150 4935 qua:
3174 4864 3244 4920 sit
3277 4863 3333 4917 in
3358 4862 3494 4918 sub-

1913 4967 2168 5032 stantiis,
2205 4965 2297 5020 sed
2321 4980 2385 5020 ex
2421 4979 2530 5017 non
2561 4971 2676 5016 arte
2697 4963 2752 5016 in
2797 4963 2927 5026 illis,
2961 4967 3296 5030 procreatur.
3332 4955 3496 5011 Vide-

1916 5061 1995 5116 ris
2029 5068 2206 5112 tamen
2237 5057 2311 5110 ita
2348 5056 2545 5109 rationi
2595 5069 2757 5124 posse
2801 5067 3090 5107 occurrere
3117 5059 3208 5104 :ut
3235 5049 3495 5103 nimirum

1992 5233 2105 5306 (25)
2140 5228 2419 5306 ’_E£_(obaﬂc)
2447 5229 2656 5306 ὄντων.
2690 5225 2867 5306 Deest,
2891 5225 2999 5306 μή,
3038 5232 3134 5306 aut
3163 5239 3496 5306 supeyvvaga-

1917 5294 2171 5362 neum'rb
2199 5294 2316 5356 οὐκ.
2365 5294 2555 5354 Statim
2594 5313 2726 5352 vero
2766 5294 2907 5350 forte
2949 5294 3230 5365 legendum
3265 5294 3490 5360 αὐτούς,

1918 5384 1978 5431 ιιι
2009 5374 2277 5429 referatur
2320 5372 2388 5425 ad
2441 5370 2790 5433 architectos,
2843 5366 2913 5421 de
2955 5368 3158 5436 quibus
3191 5369 3353 5437 paulo
3393 5382 3490 5421 su-

1957 5460 2124 5500 BI‘IIIS.

1917 5465 2124 5586 mai?
2139 5511 2335 5567 Locum
2355 5512 2616 5586 dicamus.
2652 5509 2828 5562 Τόπον
2851 5505 3312 5586 sivat._Photi_ana,
3336 5521 3494 5586 men-

1917 5579 2297 5650 dose,'at'nov,
2342 5592 2452 5636 tota
2478 5582 2622 5637 enim
2659 5580 3060 5650 argumentatio
3094 5579 3148 5632 in
3180 5580 3428 5650 Ioco_est,
3458 5589 3489 5626 a

1919 5674 2027 5729 quo
2043 5647 2221 5726 arguit
2244 5654 2306 5729 ad
2325 5668 2576 5729 causam;
2595 5647 2899 5729 utquorum
2920 5651 3060 5706 Deus
3082 5647 3349 5729 nequierit
3371 5659 3491 5729 esse

1920 5715 2243 5792 eausafnec
2270 5725 2462 5780 debeat
2485 5715 2608 5777 esse
2639 5715 2792 5780 locus
2814 5730 2868 5778 et
2899 5715 3370 5794 conceptaculum,
3406 5715 3492 5774 δον

1921 5818 2075 5869 κίτρον,
2117 5803 2175 5852 ut
2198 5797 2378 5851 statim
2402 5794 2674 5851 subditur.
