3864 6162
385 298 495 356 255

1376 294 1433 349 S.
1468 289 1803 348 METHODII
1842 286 2155 347 EPISCOPI
2194 285 2282 340 ET
2323 281 2680 340 MARTYRlS

3504 357 3508 362 δ
3533 279 3640 336 256

387 413 650 470 artiﬁcem
703 421 823 470 arte
876 428 1043 485 quam
1108 413 1165 468 in
1210 413 1520 469 substantia
1554 413 1772 474 habeat,
1805 409 1957 464 dicas

2076 406 2225 478 τέχνῃ
2255 407 2417 457 ποιεῖ.
2460 402 2607 474 Φημὶ
2663 399 2719 452 δέ
2767 397 2902 472 πρὸς
2956 395 3149 462 τοῦτο,
3179 397 3264 452 δτι
3301 395 3422 451 οὐδέ
3463 397 3520 450 ἐν
3563 397 3642 468 τῷ

384 505 604 577 operari
634 504 769 576 (25).
805 503 888 559 Ad
915 504 1017 560 hoc
1048 505 1349 574 respondeo
1378 502 1597 574 :Neque
1625 502 1831 555 homini
1865 501 1962 555 ad-

387 598 542 654 nasci
573 608 746 653 artem
771 614 840 653 ex
890 596 1138 667 subjecta
1188 607 1336 667 arte;
1373 611 1498 650 nam
1527 611 1706 666 neque
1738 593 1964 651 concedi

386 699 586 762 potest,
621 691 796 761 ipsam
820 691 874 744 in
908 706 968 746 se
1017 689 1404 750 substantiam,
1453 697 1626 744 artem
1666 703 1808 744 esse.
1859 689 1964 743 Ars

383 784 532 838 enim
559 782 939 838 accidentibus
966 782 1313 846 adcensctur,
1358 781 1554 851 iisque,
1580 796 1814 853 quorum
1835 790 1966 836 tunc

386 875 460 931 sit
487 890 631 936 esse,
672 889 799 928 cum
855 873 911 928 in
963 873 1271 928 substantia
1303 874 1483 943 aliqua
1537 881 1823 942 procreata
1850 873 1967 927 fue-

384 967 519 1023 rint.
552 965 726 1022 Homo
778 965 1019 1036 quidem,
1055 966 1174 1021 sine
1221 966 1386 1021 etiam
1415 965 1714 1021 *tectonica
1743 965 1908 1020 fuerit
1946 982 1961 1018 :

384 1067 442 1113 at
475 1059 586 1126 illa,
619 1057 724 1113 nisi
767 1058 921 1128 prius
977 1059 1279 1113 exsistcnte
1334 1057 1576 1121 homine,
1635 1057 1786 1111 nulla
1837 1057 1962 1116 erit.

385 1150 566 1218 Quare
595 1151 888 1206 dicendum
920 1150 1260 1212 necessario,
1319 1149 1524 1205 habere
1565 1156 1713 1205 artes
1743 1157 1962 1215 natura,

386 1251 448 1298 ut
475 1259 540 1298 ex
569 1243 741 1298 nihilo
764 1242 896 1297 fiant
919 1243 976 1297 in
1007 1243 1346 1299 hominibus.
1402 1242 1545 1312 Ergo
1583 1243 1629 1298 si
1663 1243 1736 1296 ita
1766 1241 1966 1296 habere

385 1336 732 1392 ostendimus
774 1335 832 1390 in
889 1335 1248 1402 hominibus;
1282 1335 1556 1406 quomodo
1607 1349 1719 1388 non
1749 1349 1964 1405 aequum

385 1427 495 1481 erit
519 1426 724 1488 dicere,
759 1442 922 1496 posse
951 1442 981 1480 a
1003 1425 1135 1490 Deo,
1163 1441 1273 1480 non
1326 1427 1502 1482 solum
1526 1426 1839 1497 qualitates,
1870 1429 1966 1481 sed

387 1524 443 1570 et
467 1517 824 1579 substantias,
857 1518 973 1572 fieri
1009 1533 1075 1572 ex
1110 1518 1323 1572 nihilo?
1351 1517 1490 1572 Dum
1535 1518 1680 1573 enim
1706 1516 1968 1587 possibile

386 1606 603 1661 videtur
627 1614 688 1660 ut
715 1607 931 1676 aliquod
970 1624 1037 1663 ex
1063 1608 1232 1662 nihilo
1264 1611 1376 1672 fiat,
1431 1623 1594 1678 posse
1622 1612 1788 1666 etiam
1835 1611 1967 1668 sub-

388 1700 623 1754 stantias
655 1714 720 1754 ex
750 1700 924 1754 nihilo
957 1701 1071 1755 fieri
1103 1702 1430 1756 ostenditur.

463 1789 662 1845 lterum
697 1808 825 1846 vero
857 1791 1104 1847 instituta
1137 1793 1204 1847 de
1261 1794 1421 1848 malis
1475 1792 1774 1864 disputatio
1807 1809 1964 1849 resu-

391 1888 594 1936 matur.
629 1880 790 1946 Mala,
842 1890 1024 1936 utrum
1059 1883 1386 1940 substantiae
1435 1885 1696 1940 videntur
1717 1886 1804 1941 vel
1834 1901 1972 1956 qua-

387 1971 569 2028 litates
598 1976 1070 2030 substantiarum?

460 2060 617 2117 VAL.
651 2063 973 2130 Qualitates.

458 2154 670 2210 ORTH.
706 2156 931 2213 Materia
959 2174 1107 2225 vero,
1150 2169 1339 2216 eratne
1386 2160 1508 2217 sine
1537 2162 1894 2232 qualitatibus
1917 2171 1972 2222 et

386 2247 678 2304 informis?

464 2337 620 2394 VAL.
657 2339 906 2397 Maxime.

457 2429 820 2487 ORTHJiazc
871 2449 1001 2501 ergo
1053 2433 1277 2488 nomina
1311 2434 1639 2491 substantiae
1664 2436 1973 2510 junguntur

390 2537 459 2577 ex
493 2521 560 2577 iis
595 2538 715 2592 qua:
748 2524 851 2594 ipsi
883 2525 1162 2581 accidunt.
1193 2523 1382 2596 Neque
1433 2527 1580 2580 enim
1614 2527 1973 2586 homicidium

389 2621 476 2670 est
503 2614 832 2679 substantia,
868 2631 1044 2686 neque
1072 2616 1369 2687 quidquam
1402 2617 1633 2671 aliorum
1670 2621 1967 2690 malorum;

391 2706 485 2761 sed
523 2708 908 2777 agnominatur
941 2710 1010 2763 ab
1031 2709 1464 2779 operationibus.
1500 2707 1635 2764 Nam
1665 2727 1842 2782 neque
1873 2715 1974 2769 ho-

391 2798 675 2854 micidium
707 2809 791 2854 est
813 2800 1016 2868 homo;
1050 2801 1146 2856 scd
1186 2799 1268 2861 is,
1316 2801 1388 2856 ob
1420 2802 1553 2858 illud
1599 2812 1972 2874 perpetratum

391 2890 629 2959 quadam
661 2892 809 2946 velut
853 2893 1094 2948 nominis
1126 2891 1450 2960 deflexione,
1503 2895 1778 2950 homicida
1803 2911 1972 2967 agno-

389 2980 662 3050 minatur;
694 2997 818 3036 cum
848 2983 965 3053 ipse
993 2984 1414 3056 haudquaquam
1463 2986 1534 3040 sit
1573 2985 1968 3060 homicidium]:

391 3079 578 3141 atque,
637 3079 695 3126 ut
751 3075 1078 3145 compendio
1109 3076 1326 3141 dicam,
1384 3076 1521 3130 nihil
1553 3077 1854 3147 quidquam
1904 3095 1972 3135 ex

391 3163 513 3220 aliis
569 3166 728 3221 malis
761 3173 845 3222 est
883 3168 1188 3224 substantia
1225 3189 1237 3224 :
1273 3169 1370 3225 sed
1419 3177 1600 3238 potest
1654 3169 1763 3223 dici
1799 3171 1964 3236 mala,
1995 3168 2037 3228 C

390 3255 539 3327 quod
593 3257 861 3312 mal'orum
911 3260 1192 3330 quidpiam
1221 3261 1414 3330 egerit.
1462 3259 1643 3315 Simili
1689 3262 1850 3317 modo
1879 3280 1970 3318 ra-

394 3349 683 3414 tiocinare,
724 3351 928 3422 siquid
972 3353 1120 3408 aliud
1165 3355 1310 3425 quod
1341 3357 1412 3411 sit
1457 3371 1625 3413 causa
1673 3361 1966 3424 malorum,

388 3450 571 3499 mente
593 3444 923 3502 confinxeris
958 3464 972 3499 :
999 3463 1194 3517 nempe
1227 3449 1391 3503 etiam
1433 3449 1570 3504 illud
1598 3451 1802 3506 malum
1821 3467 1966 3518 esse,

391 3537 537 3605 quod
591 3537 909 3597 hominibus
959 3549 1306 3611 cooperetur,
1343 3553 1398 3598 et
1437 3553 1694 3614 suggerat
1742 3551 1801 3599 ut
1825 3545 1970 3600 mala

391 3626 615 3682 faciant.
669 3630 766 3687 Est
795 3633 940 3687 enim
970 3641 1025 3688 et
1053 3635 1172 3704 ipse
1205 3635 1402 3702 malus,
1434 3638 1506 3691 ob
1538 3652 1601 3692 ea
1636 3652 1757 3708 quae
1816 3636 1968 3694 facit.

389 3716 687 3790 PrOpterea
710 3723 853 3778 enim
876 3725 1078 3780 dicitur
1116 3743 1240 3784 esse
1271 3729 1467 3797 malus,
1501 3731 1648 3802 quod
1681 3732 1752 3787 sit
1781 3738 1974 3788 auctor

391 3811 685 3869 malorum.
713 3813 906 3881 Porro,
937 3816 1083 3888 quod
1115 3819 1239 3889 quis
1291 3819 1444 3886 facit,
1486 3837 1598 3876 non
1634 3823 1750 3894 ipse
1774 3831 1859 3879 est
1879 3823 1974 3894 qui

391 3901 546 3968 facit,
577 3905 672 3960 sed
694 3907 814 3976 ejus
847 3910 1091 3978 operatio
1113 3951 1128 3974 ,
1161 3913 1308 3968 unde
1330 3914 1436 3969 sibi
1489 3931 1795 3987 cognomen
1845 3917 1974 3971 mali

393 3995 635 4054 asciscit.
666 3996 801 4053 Nam
857 4003 903 4056 si
965 4002 1020 4057 id
1071 4002 1255 4073 ipsum
1305 4005 1610 4064 dixerimus
1671 4024 1794 4065 esse
1828 4007 1976 4079 quod

390 4085 559 4154 facit;
589 4103 713 4142 cum
746 4091 912 4146 faciat
931 4095 1108 4150 caedes
1135 4103 1189 4150 et
1221 4095 1492 4154 adulteria
1540 4106 1596 4154 et
1644 4099 1750 4154 hoc
1802 4115 1976 4170 genus

393 4179 626 4246 similia,
654 4182 771 4252 ipse
803 4184 896 4239 illa
935 4185 1060 4240 erit.
1087 4185 1244 4253 Quod
1274 4189 1320 4244 si
1354 4191 1492 4262 ipse,
1542 4192 1636 4246 illa
1663 4201 1777 4256 est;
1812 4191 1977 4246 habet

394 4287 556 4328 suum
591 4290 734 4342 esse,
761 4289 884 4332 cum
914 4277 1006 4332 illa
1036 4286 1165 4335 sunt
1202 4295 1215 4331 :
1254 4281 1348 4336 ubi
1379 4291 1560 4338 autem
1607 4299 1718 4338 non
1748 4282 1972 4350 fuerint,

391 4365 558 4421 etiam
589 4366 704 4438 ipse
725 4368 926 4425 desinit
947 4385 1088 4427 esse.
1130 4371 1294 4428 Fiunt
1325 4383 1508 4430 autem
1538 4375 1654 4430 haec
1692 4375 1760 4430 ab
1799 4375 1977 4429 homi-

393 4457 557 4516 nibus
585 4475 599 4511 :
628 4469 792 4516 erunt
827 4478 957 4534 ergo
986 4463 1239 4522 homines
1269 4467 1466 4522 horum
1498 4475 1789 4535 auctores;
1831 4474 1886 4522 et
1915 4474 1975 4522 ut

393 4549 506 4605 sint
533 4551 618 4606 vel
644 4568 753 4608 non
770 4553 901 4622 sint,
933 4571 1135 4612 causae.
1159 4557 1325 4629 Atqui
1349 4560 1395 4616 si
1420 4560 1494 4615 ob
1511 4575 1575 4615 ea
1594 4575 1714 4629 qua:
1740 4558 1972 4629 quisque

395 4638 549 4707 facit,
579 4642 756 4700 malus
780 4653 900 4714 est;
945 4663 1068 4717 quae
1095 4656 1280 4704 autem
1325 4648 1476 4712 facit,
1505 4649 1836 4719 principium
1868 4649 1970 4702 ha-

396 4734 561 4803 bent;
597 4751 942 4809 consequens
973 4741 1050 4806 fit,
1083 4748 1143 4796 ut
1171 4751 1225 4797 et
1244 4741 1336 4797 ille
1363 4741 1592 4811 cmperit
1618 4757 1742 4797 esse
1771 4743 1971 4805 malus,

396 4829 774 4900 caeperintque
802 4831 966 4886 etiam
1001 4832 1109 4888 ista
1160 4833 1323 4887 mala.
1355 4833 1514 4899 Quod
1558 4833 1605 4888 si
1637 4849 1823 4886 verum
1866 4843 1970 4897 est,

398 4934 559 4974 nemo
603 4921 769 4992 igitur
832 4931 961 4979 ante
1008 4940 1173 4981 omne
1216 4925 1546 4995 principium
1601 4931 1976 4995 aeternumque

399 5010 577 5066 malus
606 5020 713 5078 est,
745 5028 810 5068 ac
842 5029 1018 5086 neque
1046 5016 1189 5070 mala
1218 5025 1346 5072 sunt
1374 5016 1635 5072 increata.

472 5166 584 5288 £25)
615 5167 684 5222 Ut
709 5169 960 5224 nimirum
1006 5170 1265 5238 artiﬁcem
1290 5178 1404 5223 arte
1424 5186 1582 5239 quam
1604 5170 1658 5222 in
1680 5167 1979 5223 substantia

505 5246 624 5288 eat.
679 5238 828 5288 dicas
876 5243 1103 5288 onerari-
1146 5243 1209 5288 τῆ
1246 5243 1305 5288 ὲν
1342 5243 1405 5288 τῆ
1437 5240 1593 5288 οὐσία
1621 5239 1784 5288 τένντὶ
1814 5241 1975 5288 ποιεῖ.

401 5236 624 5312 ζιᾳὺεαζ.
679 5238 828 5312 dicas
876 5236 1131 5312 operari,
1146 5243 1210 5311 τῇ
1246 5243 1305 5294 ἐν
1342 5243 1407 5310 τῇ
1435 5236 1593 5311 οὐσίᾳ
1621 5239 1787 5312 τέχνη
1814 5241 1975 5312 ποιεῖ.

401 5305 520 5380 Non
573 5309 709 5363 bene
755 5305 1024 5380 interpres
1075 5305 1290 5375 Photii,
1343 5305 1433 5380 per
1474 5305 1642 5364 artem
1686 5305 1890 5380 aliquid
1923 5310 1977 5363 in

403 5377 707 5459 substantia
746 5377 1016 5448 ﬁert—Qui
1047 5383 1192 5437 enim
1230 5377 1431 5459 hoc'ad
1460 5377 1838 5459 propositum,
1869 5394 1977 5459 quo

404 5453 669 5522 quaeritur
693 5489 709 5522 ,
748 5467 879 5506 num
915 5468 1005 5507 ars
1029 5468 1094 5506 ex
1128 5454 1454 5522 pracjacente
1487 5461 1603 5504 arte
1635 5453 1758 5513 fiat,
1794 5453 1850 5522 in
1880 5454 1978 5522 ha-

405 5517 598 5592 bente,
634 5519 715 5574 vel
758 5529 818 5592 ut
857 5537 922 5576 ex
966 5529 1083 5576 arte
1121 5517 1283 5592 quam
1315 5522 1510 5577 artifex
1541 5521 1978 5592 substantialiter

407 5588 625 5651 habeat,
663 5599 722 5643 ut
753 5591 857 5646 ista
884 5592 1084 5647 solutio
1113 5588 1428 5658 contendit;
1456 5592 1538 5646 vel
1567 5608 1633 5646 ex
1673 5592 1842 5646 nihilo
1865 5591 1973 5656 sui,

407 5667 680 5731 tanquam,
697 5676 884 5715 verum
915 5663 1194 5726 accidens,
1221 5662 1366 5731 quod
1400 5669 1610 5715 tantum
1645 5663 1737 5727 sit,
1764 5677 1888 5715 cum
1918 5663 1976 5716 in

411 5729 720 5786 substantia
768 5733 950 5805 aliqua
997 5733 1161 5789 fuerit
1207 5729 1442 5802 factum;
1479 5733 1621 5804 quod
1669 5733 1974 5790 Methodius

2065 497 2336 568 ἀνθρώπῳ
2365 496 2428 548 ἐκ
2455 511 2597 558 τινος
2631 492 2998 563 ὑποκειμένης
3031 491 3224 561 τέχνης
3258 489 3638 560 προσγίνεται·

2064 589 2184 644 οὐδὲ
2216 589 2324 658 γὰρ
2377 587 2550 640 ἔνεστι
2593 586 2692 655 τὴν
2720 585 2806 653 ἐφ’
2841 583 3039 654 ἑαυτῆς
3098 583 3283 636 οὐσίαν
3315 581 3498 634 δοῦναι
3543 582 3644 650 τὴν

2064 683 2278 753 τέχνην.
2315 679 2435 733 Τῶν
2457 678 2566 750 γὰρ
2611 676 3030 748 ωμὸεόηκότων
3071 675 3208 738 ἐστὶ,
3249 673 3341 728 καὶ
3378 673 3486 726 τῶν
3520 672 3642 725 τότε

2064 773 2125 825 τὸ
2148 767 2288 825 εἶναι
2321 771 2585 842 ἐχόντων,
2625 769 2826 822 ὁπόταν
2880 769 2938 821 ἐν
2970 766 3126 838 οὐσίᾳ
3155 765 3260 818 τινὶ
3293 763 3536 834 γένηται.
3585 759 3643 816 Ὁ

2069 864 2170 934 μὲν
2199 863 2308 934 γὰρ
2339 863 2623 933 ἄνθρωπος
2655 861 2750 916 καὶ
2783 861 2951 931 χωρἰς
2981 858 3081 930 τῆς
3116 856 3434 927 τεκτονικῆς
3466 856 3639 918 ἔσται,

2066 953 2178 1024 ἠδὲ
2205 953 2304 1006 οὐκ
2340 952 2512 1018 ἐσται,
2543 951 2639 1006 ἐὰν
2672 952 2745 1023 μὴ
2774 951 3035 1022 πρότερον
3068 947 3351 1019 ἄνθρωπος
3458 945 3638 1012 Ὀθεν,

2064 1044 2164 1107 τὰς
2196 1044 2390 1114 τέχνας
2434 1043 2492 1110 ἐξ
2525 1044 2625 1099 οὐκ
2651 1043 2817 1098 ὄντων
2857 1043 2936 1104 εἰς
2978 1039 3298 1112 ἀνθρώπους
3341 1038 3642 1105 πεφυκέναι

2066 1137 2331 1207 γίνεσθαι,
2367 1138 2545 1206 λέγειν
2584 1139 2898 1207 ἀναγκαῖον.
2948 1136 3012 1192 El
3056 1135 3233 1188 τοίνυν
3271 1132 3427 1186 τοῦτο
3468 1132 3641 1196 οὕτως

2067 1230 2211 1302 ἔχειν
2248 1231 2335 1283 ἐπ’
2382 1230 2685 1303 ἀνθρώπων
2725 1229 3025 1298 ἐδείξαμεν,
3072 1226 3189 1292 πῶς
3241 1225 3359 1297 οὐχὶ
3396 1223 3642 1294 προσῆκε

2065 1323 2157 1376 τὸν
2201 1321 2330 1376 Θεὸν
2365 1323 2439 1394 μὴ
2489 1321 2646 1392 μόνον
2688 1321 2997 1390 ποιότητας,
3048 1321 3105 1385 ἐξ
3135 1319 3235 1371 οὐκ
3276 1317 3441 1370 ὄντων
3477 1317 3643 1385 φάναι

2067 1413 2325 1468 δύνασθαι
2370 1416 2570 1478 ποιεῖν,
2605 1412 2740 1467 ἀλλὰ
2777 1411 2872 1466 καὶ
2911 1411 3129 1476 οὐσίας;
3170 1410 3243 1464 Τὸ
3283 1411 3390 1479 γάρ
3422 1408 3645 1462 δυνατὸν

2070 1505 2304 1576 φανῆναι
2338 1506 2398 1560 τὸ
2424 1506 2670 1576 γίνεσθαί
2694 1524 2744 1559 τι
2773 1503 2833 1570 ἐξ
2859 1505 2958 1559 οὐκ
2977 1503 3166 1568 ὄντων,
3201 1503 3296 1556 καὶ
3333 1502 3430 1565 τὰς
3457 1500 3646 1564 οὐσίας

2069 1599 2241 1663 οὕτως
2266 1598 2411 1668 ἔχειν
2442 1599 2739 1654 δείκνυται.

1994 1787 2037 1844 Β
2135 1752 2306 1808 Πάλιν
2350 1753 2407 1807 δὲ
2447 1752 2770 1825 διαληπτέον
2818 1752 2926 1807 τῶν
2957 1749 3144 1806 κακῶν
3175 1749 3324 1821 πέρι.
3377 1747 3458 1804 Τὰ
3504 1748 3653 1804 κακά

2073 1847 2299 1919 πότερον
2325 1847 2504 1901 οὐσίαι
2553 1864 2634 1900 σοι
2675 1845 2921 1901 δοκοῦσιν
2959 1841 3096 1899 εἶναι
3119 1883 3134 1909 ,
3169 1843 3203 1915 ἢ
3237 1842 3514 1912 ποιότητες
3559 1840 3655 1896 οὐ·

2074 1938 2204 1991 σιῶν
2225 1954 2240 2004 ;

2143 2031 2348 2086 ΟΥΑΛ.
2384 2032 2698 2103 Ποιότητες.

2143 2124 2380 2178 ΟΡΘΟΔ.
2440 2123 2506 2178 Ἦ
2557 2123 2614 2177 δὲ
2664 2122 2764 2194 ὕλη
2820 2120 3011 2185 ἄποιος
3069 2116 3139 2193 ἦν
3198 2121 3293 2174 καὶ
3346 2117 3658 2190 ἀσχημάτι-

2075 2232 2198 2278 στος
2221 2233 2236 2280 ς

2145 2307 2346 2362 ΟΥΑΛ.
2390 2306 2566 2361 Οὕτω.

2145 2400 2381 2454 ΟΡΘΟΔ.
2425 2399 2734 2454 Πέπλεκται
2783 2399 2892 2471 ἄρα
2931 2399 3002 2453 τὰ
3041 2397 3282 2468 ὀνόματα
3347 2393 3519 2448 ταῦτα
3580 2395 3654 2464 τῇ

2073 2489 2232 2560 οὐσία
2267 2490 2332 2542 ἐκ
2357 2489 2466 2543 τῶν
2507 2489 2928 2561 συμϐεϐηκότων
2952 2490 3109 2560 αὐτῇ.
3145 2487 3283 2542 Οὔτε
3310 2486 3418 2557 γάρ
3453 2487 3597 2538 ἐστιν
3626 2487 3659 2538 ὁ

2075 2582 2234 2650 φόνος
2280 2583 2312 2653 ἡ
2358 2582 2536 2646 οὐσία,
2577 2581 2699 2635 οὔτε
2732 2600 2786 2636 τι
2817 2581 2925 2635 τῶν
2961 2580 3132 2636 ἄλλων
3171 2578 3544 2635 κακῶν’.άλλ’
3588 2580 3660 2631 ἐκ

2073 2676 2181 2728 τῶν
2235 2676 2524 2747 ἐνεργειῶν
2573 2673 3034 2747 παρονομάζεται.
3075 2673 3213 2728 Οὔτε
3262 2674 3373 2745 γὰρ
3426 2673 3584 2742 φόνος
3627 2673 3661 2725 ὁ

2073 2767 2388 2840 ἄνθρωπος·
2418 2768 2551 2822 ἀλλὰ
2573 2768 2650 2840 τῷ
2677 2768 3035 2839 ἐνεργηκέναι
3061 2767 3268 2830 τοῦτον,
3311 2764 3661 2834 παρωνύμως

2073 2861 2268 2929 φονεὺς
2311 2861 2748 2934 παρονομάζεται
2773 2902 2787 2925 ,
2826 2861 2899 2932 μὴ
2943 2859 3018 2914 ὢν
3048 2861 3208 2931 φόνος
3263 2859 3457 2922 αὐτός·
3505 2857 3659 2925 οὔτε,

2077 2953 2375 3025 συλλήϐδην
2429 2956 2638 3018 εἰπεῖν,
2696 2953 2749 3006 τὶ
2796 2954 2904 3006 τῶν
2957 2953 3131 3008 ἄλλων
3181 2951 3368 3006 κακῶν
3423 2953 3570 3004 ἐστιν
3621 2951 3661 3022 ἡ

2072 3045 2258 3098 οὐσία’
2303 3045 2439 3099 ἀλλὰ
2477 3046 2555 3116 τῷ
2600 3045 2803 3117 πρᾶξαί
2842 3062 2895 3097 τι
2938 3045 3046 3099 τῶν
3094 3045 3278 3099 κακῶν
3317 3044 3456 3116 κακὴ
3501 3043 3666 3110 λέγε-

2074 3135 2199 3190 σθαι
2223 3135 2463 3191 δύναται.
2505 3138 2734 3208 Ὁμοίως
2773 3136 3090 3208 ἐπινόησον,
3124 3135 3177 3188 εἴ
3214 3153 3266 3189 τι
3306 3137 3488 3207 ἕτερον
3523 3135 3663 3186 ἀνα-

2072 3232 2324 3296 πλάττεις
2369 3235 2427 3286 ἐν
2466 3231 2544 3303 τῷ
2590 3231 2697 3302 νῷ,
2733 3231 2920 3285 κακῶν
2950 3233 3061 3292 τοῖς
3099 3229 3405 3301 ἀνθρώποις
3447 3226 3660 3293 αἴτιον,

2071 3324 2146 3389 ὡς
2177 3325 2398 3378 κάκεῖνο
2430 3324 2596 3378 κακὸν
2623 3322 2756 3393 (26),
2796 3324 2853 3375 ἐν
2887 3321 2964 3392 τῷ
2997 3321 3207 3384 τούτοις
3248 3323 3519 3392 ἐνεργεῖν,
3558 3321 3665 3374 καὶ
3705 3384 3712 3393 ι

2073 3415 2396 3470 ὑποϐάλλειν
2441 3418 2613 3469 ποιεῖν
2668 3414 2736 3468 τὰ
2787 3413 2952 3468 κακά.
2989 3415 3143 3467 Ἔστι
3183 3411 3290 3484 γὰρ
3350 3413 3443 3465 καὶ
3493 3413 3664 3477 αὐτὸς

2073 3507 2264 3572 κακὸς,
2299 3506 2359 3573 ἐξ
2389 3501 2464 3562 ὧν
2494 3510 2654 3560 ποιεῖ.
2684 3507 2784 3561 Διὰ
2808 3507 2917 3579 γάρ
2947 3507 3104 3561 τοῦτο
3137 3507 3305 3570 κακὸς
3339 3501 3475 3558 εἶναι
3498 3504 3663 3573 λέγε-

2072 3615 2183 3666 ται,
2209 3601 2290 3653 ὅτι
2322 3599 2496 3670 (τῶν)
2538 3599 2724 3653 κακῶν
2769 3602 2883 3652 ἐστι
2914 3599 3176 3670 ποιητής·
3217 3597 3254 3650 ἃ.
3285 3596 3342 3649 δέ
3373 3613 3458 3659 τις
3491 3599 3662 3659 ποιεῖ,

2073 3691 2174 3745 οὐκ
2205 3691 2353 3745 ἐστιν
2407 3691 2589 3754 αὐτὸς,
2635 3691 2749 3744 ἀλλ’
2792 3691 3043 3761 ἐνέργεια
3081 3688 3280 3749 αὐτοῦ,
3324 3688 3417 3757 ἀφ’
3455 3681 3529 3740 ὧν
3557 3687 3663 3758 τὴν

2075 3784 2448 3856 προσηγορίαν
2487 3783 2581 3838 τοῦ
2613 3782 2780 3847 κακὸς
2813 3783 2924 3856 (27)
2969 3781 3221 3852 λέγεσθαι
3255 3781 3539 3851 λαμϐάνει.
3591 3779 3663 3832 Et

2075 3876 2184 3948 γὰρ
2208 3877 2370 3930 αὐτὸν
2408 3877 2656 3947 εἴποιμεν
2693 3871 2832 3930 εἶναι
2865 3876 2902 3930 ἃ
2931 3877 3104 3928 ποιεῖ·
3151 3876 3296 3926 ποιεῖ
3337 3871 3393 3924 δὲ
3425 3871 3624 3939 φόνους
3644 3910 3661 3934 ,

2075 3967 2170 4020 καὶ
2203 3965 2466 4037 μοιχείας,
2503 3966 2598 4018 καὶ
2630 3965 2729 4017 ὅσα
2761 3965 2952 4035 ὅμοια·
2983 3963 3145 4026 αὐτὸς
3185 3961 3336 4015 ἔσται
3369 3960 3560 4014 ταῦτα.
3589 3961 3662 4014 Et

2076 4057 2133 4109 δὲ
2163 4057 2324 4119 αὐτός
2352 4059 2468 4109 ἐστι
2500 4053 2700 4110 ταῦτα·
2733 4056 2822 4108 ὅτε
2848 4055 3078 4124 γίνεται,
3100 4052 3196 4124 τὴν
3226 4053 3483 4106 σύστασιν
3508 4051 3658 4121 ἔχει·

2076 4149 2136 4202 οὐ
2175 4149 2433 4219 γινόμενα
2471 4147 2549 4209 δέ,
2587 4149 2679 4202 καὶ
2727 4146 2821 4201 τοῦ
2857 4142 2996 4200 εἶναι
3038 4139 3290 4198 παύεται.
3341 4145 3553 4198 Γίνεται
3598 4144 3664 4198 δὲ

2075 4240 2250 4296 ταῦτα
2294 4241 2430 4312 πρὸς
2462 4240 2793 4314 ἀνθρώπων·
2839 4240 3048 4293 ἔσονται
3075 4239 3183 4310 ἄρα
3227 4238 3432 4290 τούτων
3471 4239 3520 4290 οἱ
3561 4237 3664 4291 ἄν-

2078 4331 2285 4404 θρωποι
2336 4331 2591 4403 ποιηταὶ,
2643 4331 2737 4383 καὶ
2785 4329 2877 4382 τοῦ
2927 4325 3063 4382 εἶναι
3103 4327 3198 4380 καὶ
3249 4327 3344 4380 τοῦ
3392 4325 3466 4397 μὴ
3513 4321 3661 4381 εἶναι

2079 4423 2261 4476 αἴτιοι.
2303 4422 2439 4474 Ἀλλ’
2462 4425 2509 4475 εί
2541 4419 2600 4486 ἐξ
2641 4415 2714 4474 ὧν
2740 4421 2953 4491 ἐνεργεῖ
2984 4418 3232 4482 ἕκαστος,
3277 4418 3510 4488 ὑπάρχει
3550 4433 3662 4470 κα-

2007 4514 2050 4570 D
2079 4513 2202 4578 κός·
2232 4513 2268 4567 ἃ
2298 4514 2354 4568 δέ
2383 4515 2613 4584 ἐνεργεῖ,
2638 4511 2811 4583 ἀρχὴν
2841 4509 2935 4563 τοῦ
2965 4506 3102 4564 εἷναι
3131 4508 3393 4579 λαμϐάνει
3414 4525 3426 4538 ο
3451 4507 3663 4579 ἤρξατο

2079 4604 2328 4668 κάκεῖνος
2357 4600 2493 4657 εῖναι
2523 4603 2690 4667 κακός
2708 4620 2722 4633 ν
2759 4602 2963 4673 ἤρξατο
2986 4601 3042 4654 δέ
3069 4601 3162 4654 καὶ
3188 4600 3360 4654 ταῦτα
3391 4601 3460 4652 τὰ
3483 4601 3658 4655 κακά.

2079 4695 2143 4746 Εἰ
2175 4696 2219 4748 δ’
2249 4694 2420 4758 οὕτως
2454 4694 2586 4765 ἔχει,
2623 4695 2726 4748 οὐκ
2758 4692 2904 4748 ἐστιν
2935 4692 3186 4762 ἀνάρχως
3212 4707 3295 4754 τις
3319 4689 3506 4754 κακὸς,
3531 4689 3661 4744 οὐδὲ

2080 4787 2352 4859 ἀγέννητα
2383 4785 2453 4840 τὰ
2471 4785 2635 4840 κακά.

2083 5170 2340 5236 intendit,
2371 5179 2428 5224 ut
2455 5183 2519 5225 eo
2551 5169 2784 5232 evincat,
2813 5180 2976 5237 posse
3004 5164 3174 5237 Deum
3203 5167 3407 5236 aliquid
3438 5165 3619 5236 majus
3640 5205 3656 5228 ,

2085 5257 2281 5312 nempe
2323 5257 2395 5312 ex;
2424 5240 2608 5312 nihilo
2639 5235 3067 5312 etiam'subjecti
3113 5245 3166 5312 et
3219 5235 3492 5300 absolute;
3528 5235 3664 5290 ’nec

2087 5309 2262 5366 solum
2288 5311 2587 5365 accidentia
2611 5348 2628 5373 ,
2663 5309 2754 5365 sed
2789 5317 2843 5362 et
2870 5309 3207 5362 substantias
3237 5322 3456 5368 creare,
3480 5322 3658 5376 eoque

2086 5397 2195 5435 non
2225 5380 2482 5435 habuisse
2514 5395 2652 5449 Opus
2679 5379 2907 5432 materia
2931 5376 3234 5449 adjutrice?
3259 5376 3485 5448 Reliqua
3515 5375 3658 5430 nihil

2086 5452 2202 5506 fere
2235 5453 2448 5506 felicius
2481 5447 2692 5505 reddita
2716 5490 2731 5515 ,
2767 5447 2949 5502 conati
2991 5463 3183 5502 sumus
3223 5450 3517 5503 restituere
3548 5464 3561 5500 :
3598 5453 3661 5500 et

2085 5522 2319 5591 quisque
2343 5522 2670 5585 adverterit,
2703 5519 2899 5574 collata
2921 5525 3149 5586 utraque
3171 5519 3446 5582 versione,
3471 5524 3526 5572 et
3548 5515 3661 5571 sibi

2085 5592 2307 5663 ipsa,ret
2335 5592 2530 5663 textui.
2709 5661 2719 5663 _
2830 5628 2852 5663 με

2178 5662 2268 5730 ’26)
2297 5659 2552 5730 Κάκεῖνοί
2569 5661 2776 5714 κακόν.
2807 5657 2902 5730 ῨΑΙ.
2935 5661 3188 5723 κάκεῖνος
3211 5659 3405 5721 κακός.

2176 5733 2266 5803 27)
2290 5735 2504 5798 Καλός.
2529 5729 2612 5785 Al.
2657 5729 2852 5785 κακοῦ.
