3864 6162
249 301 358 356 257

1420 295 1551 353 LIB.
1593 294 1682 350 DE
1720 291 1972 350 LIBERO
2009 290 2358 349 ARBITRXO.

3397 297 3505 354 258

323 417 530 473 ΟΥΑΛ.
575 413 734 469 Ἀλλὰ
768 414 856 466 τὸν
885 414 982 484 μὲν
1012 411 1149 484 πρὸς
1182 410 1276 466 τὸν
1305 411 1491 482 ἕτερον
1516 411 1672 480 λόγον
1714 414 1825 464 ίκα-

2007 406 2163 462 VAL.
2189 407 2301 478 (28)
2333 405 2642 473 Enimvero,
2675 409 2872 476 amice,
2925 419 3246 482 praesentem
3279 413 3504 482 quidem

252 529 384 574 νως,
432 507 477 564 ὧ
507 511 626 580 φίλε
650 550 666 573 ,
723 504 1080 576 πεποιηκέναι
1116 521 1207 575 μοι
1249 504 1444 568 δοκεῖς.
1476 505 1565 571 Ἐξ
1598 499 1674 558 ὧν
1720 503 1830 576 γὰρ

253 599 544 670 προλαϐὼν
567 600 731 653 ἔδωκε
756 597 834 669 τῷ
861 598 1026 668 λόγῳ,
1050 597 1114 648 ὲκ
1134 595 1338 648 τούτων
1367 594 1619 662 συνάγειν
1645 594 1829 661 ἔδοξας

253 695 458 758 καλῶς.
501 695 587 756 Ὠς
612 693 826 764 ἀληθῶς
855 691 984 763 γὰρ,
1019 692 1069 744 εί
1099 691 1285 753 ἄποιος
1311 688 1600 760 ἐτύγχανεν
1631 689 1665 758 ή
1706 687 1826 758 ὕλη,

251 789 362 842 τῶν
395 789 452 842 δὲ
495 787 792 856 ποιοτήτων
832 783 1163 856 δημιουργὸς
1191 781 1220 833 ὁ
1259 781 1420 843 Θεός·
1460 782 1742 852 ποιότητες
1772 781 1830 834 δὲ

251 881 324 934 τὰ
352 881 502 934 κακά
523 898 534 910 ·
585 878 694 932 τῶν
735 877 920 932 κακῶν
947 877 1100 930 ἔσται
1153 875 1382 947 ποιητὴς
1412 876 1441 928 ό
1469 875 1621 938 Θεός.
1676 876 1829 946 Ἐμοὶ

249 972 307 1024 δὲ
333 969 530 1040 ψεῦδος
557 969 722 1032 δοκεῖ,
759 967 855 1038 τὴν
887 965 1020 1038 ὕλην
1059 965 1244 1020 ἄποιον
1297 963 1504 1032 λέγειν·
1561 961 1681 1016 οὐδὲ
1720 963 1830 1033 γὰρ

252 1064 462 1117 ἔνεστιν
514 1063 688 1115 εἰπεῖν
743 1059 871 1132 περὶ
927 1059 1028 1129 τῆς
1067 1075 1213 1121 τινος
1270 1055 1455 1118 οὐσίας
1481 1096 1494 1120 ,
1557 1055 1631 1118 ὡς
1683 1053 1828 1106 ἐστιν

250 1159 462 1221 ἄποιος.
508 1153 669 1209 Ἀλλὰ
693 1155 820 1226 μὴν,
855 1152 948 1208 καὶ
975 1153 1034 1206 ὲν
1130 1151 1320 1206 ἄποιον
1354 1145 1492 1202 εἶναι
1531 1148 1700 1216 λέγει,
1729 1147 1828 1222 τήν

251 1249 514 1320 ποιότητα
560 1247 730 1315 αὐτῆς
760 1241 898 1299 εἶναι
953 1243 1208 1316 μηνύεις,
1260 1239 1418 1295 ὁποία
1463 1239 1611 1292 ἐστὶν
1659 1237 1824 1310 ήῦλη

247 1339 712 1411 διαγραφόμενος·
743 1338 878 1407 ὅπερ
909 1335 1027 1388 ἐστὶ
1065 1334 1348 1404 ποιότητος
1376 1326 1535 1394 εἶδος.
1568 1329 1749 1392 Ὂθεν,
1777 1328 1832 1382 sf

250 1449 334 1487 σοι
366 1432 519 1502 φίλον
543 1431 711 1496 ἐστὶν,
736 1429 941 1484 ἄνωθεν
980 1428 1149 1499 ἄρχου
1183 1425 1276 1480 τοῦ
1311 1425 1505 1494 λόγου·
1553 1423 1678 1494 ἐμοὶ
1717 1421 1826 1493 γὰρ

246 1527 283 1597 ή
315 1523 418 1595 ὕλη
447 1522 740 1592 ποιότητας
769 1520 1021 1592 ἀνάρχως
1052 1519 1193 1589 ἔχειν
1213 1517 1379 1571 δοκεῖ.
1412 1513 1568 1570 Οὕτω
1595 1512 1705 1585 γὰρ
1732 1512 1827 1597 καὶ

244 1596 317 1669 τὰ
365 1613 513 1668 κακὰ
559 1615 626 1668 ὲκ
679 1613 780 1684 τῆς
805 1610 1107 1682 ἀωρῤοίας
1152 1608 1323 1679 αὐτῆς
1377 1601 1516 1661 εἶναι
1563 1603 1729 1673 λέγω,
1778 1596 1825 1657 ὦ

245 1707 398 1778 φίλε.

316 1980 557 2036 ΟΡΘΟΔ.
607 1980 671 2034 ΕΞ
720 1978 945 2050 ἑμποιος
994 1972 1064 2048 ἦν
1105 1976 1356 2047 ἀνάρχως
1399 1976 1432 2048 ή
1487 1974 1621 2046 ὕλη,
1681 1973 1825 2038 τίνος

244 2073 398 2146 (ἄρα)
423 2071 578 2126 ἔσται
612 2072 840 2144 ποιητὴς
872 2073 900 2124 ὁ
939 2069 1107 2135 Θεός;
1154 2068 1280 2122 Είτε
1305 2068 1415 2140 γὰρ
1447 2066 1634 2129 οὐσίας
1666 2065 1825 2137 ὲροῦ-

248 2184 372 2237 μεν,
397 2167 647 2238 προεῖναι
675 2180 882 2236 φαμενο
918 2163 1029 2216 εἴτε
1061 2158 1128 2218 αὖ
1163 2165 1474 2232 ποιότητας,
1500 2161 1594 2214 καὶ
1625 2159 1826 2222 ταύτας

241 2257 517 2329 θπάρχειν
585 2256 832 2326 λέγομεν.
881 2255 1091 2310 Οὐκοῦν
1135 2255 1323 2318 οὐσίας
1373 2271 1432 2307 τε
1484 2252 1686 2324 οὕσης,
1732 2252 1826 2306 καὶ

241 2350 548 2420 ποιοτήτων
571 2387 587 2412 ,
639 2347 892 2418 περιττὸν
941 2343 1079 2401 εἶναί
1132 2365 1222 2418 μοι
1270 2346 1445 2410 δοκεῖ,
1495 2344 1827 2416 δημιουργὸν

240 2439 428 2508 λέγειν
464 2441 556 2494 τὸν
583 2439 734 2494 Θεόν.
773 2439 934 2494 Ἀλλὰ
965 2440 1262 2510 ἀπόκριναι
1305 2435 1685 2510 ἐρωτώμενος·
1719 2437 1824 2490 τίνι

237 2533 398 2604 ⁴τόπῳ
441 2533 769 2605 δημιουργὸν
801 2529 938 2587 εἶναι
972 2534 1079 2605 φῂς
1108 2532 1200 2586 τὸν
1231 2531 1393 2596 Θεόν;
1442 2531 1698 2602 πότερον,
1744 2531 1827 2585 ὅτι

236 2625 342 2689 τὰς
377 2625 568 2689 οὐσίας
597 2626 820 2698 ἔτρεψεν
849 2625 1062 2688 ὲκείνας
1088 2627 1167 2689 είς
1206 2625 1268 2679 τὺ
1307 2624 1504 2696 μηκέτι
1540 2623 1822 2694 ὑπάρχειν,

236 2719 409 2789 αἴπερ
432 2713 574 2789 ἦσάν
605 2734 767 2772 ποτεο
797 2717 831 2790 ἢ
866 2717 947 2770 ὅτι
977 2717 1076 2780 τὰς
1111 2717 1210 2788 μὲν
1242 2717 1428 2780 οὐσίας
1448 2714 1700 2786 ἐφύλαξε,
1727 2716 1826 2780 τὰς

235 2810 295 2864 δὲ
322 2812 622 2884 ποιότητας
648 2810 852 2865 τούτων
883 2809 1113 2882 {spati/3;

313 2994 523 3048 ΟΥΑΛ.
552 2993 685 3048 Οὕτι
724 3012 814 3066 μοι
842 2994 990 3048 δοκεί
1025 2993 1262 3066 ἀλλαγὴν
1290 2994 1486 3050 οὐσιῶν
1517 2995 1822 3065 γεγονέναι,

1935 500 2388 570 diSputationem,
2430 501 2563 555 mihi
2595 508 2790 556 contra
2840 503 3008 558 alium
3038 507 3398 574 opportunius
3425 509 3510 564 vi-

1933 595 2082 651 deris
2135 593 2459 649 instituisse.
2525 593 2680 651 Unde
2732 595 2878 651 enim
2935 597 3025 653 ille
3057 599 3209 669 prius
3249 601 3401 658 visus
3421 610 3508 659 est

1933 687 2172 743 orationi
2223 687 2546 753 concedere,
2573 687 2700 744 inde
2741 694 2799 742 tu
2851 689 2991 746 bene
3028 692 3178 748 visus
3202 707 3262 749 es
3283 696 3508 750 conclu-

1933 781 2084 835 dere.
2115 779 2251 836 Nam
2275 796 2464 844 verum
2510 779 2704 847 habet,
2742 783 2907 837 semel
2931 797 3218 847 concesso,
3244 800 3366 840 esse
3389 801 3507 842 ma-

1935 872 2128 926 teriam
2162 873 2282 928 sine
2306 873 2567 943 qualitate
2605 881 2660 927 et
2713 872 3002 930 informem
3029 919 3044 943 ,
3085 874 3362 948 Deumque
3383 895 3508 936 esse

1933 963 2262 1032 qualitatum
2319 971 2638 1033 auctorem,
2701 979 2766 1020 ac
2815 967 3107 1036 qualitates
3145 983 3270 1024 esse
3319 971 3503 1039 mala;

1935 1053 2051 1122 fore
2072 1053 2241 1110 Deum
2269 1057 2538 1110 malorum
2585 1065 2882 1113 auctorem.
2917 1057 2986 1113 At
3035 1060 3170 1115 mihi
3200 1060 3396 1118 falsum
3424 1064 3507 1118 vi-

1939 1144 2101 1200 detur
2143 1163 2266 1204 esse
2311 1149 2595 1204 materiam
2644 1149 2763 1206 sine
2792 1151 3054 1220 qualitate.
3109 1164 3162 1208 et
3193 1154 3502 1212 informem.

1932 1236 2010 1292 De
2053 1239 2203 1294 nulla
2255 1240 2402 1296 enim
2461 1241 2768 1310 substantia
2817 1243 2997 1312 possis
3057 1243 3328 1302 aiiirmare
3382 1263 3506 1304 esse

1931 1334 2214 1406 qualitatis
2241 1340 2537 1403 expertem.
2571 1331 2713 1400 Quin
2744 1333 2847 1389 hoc
2876 1334 2996 1404 ipso
3027 1336 3174 1406 quod
3222 1338 3341 1393 sine
3369 1354 3507 1410 qua-

1931 1425 2083 1480 litate
2119 1425 2282 1490 dicis,
2331 1424 2646 1494 qualitatem
2677 1425 2797 1496 ejus
2841 1426 3088 1483 declaras
3113 1467 3130 1493 ,
3185 1428 3506 1486 describens

1929 1517 2111 1587 qualis
2144 1516 2458 1572 sitmateria
2489 1535 2502 1571 :
2543 1515 2689 1587 quod
2716 1524 2800 1572 est
2822 1517 3070 1588 quaedam
3104 1521 3314 1590 species
3362 1537 3503 1593 qua-

1929 1608 2124 1663 litatis.
2157 1607 2362 1674 Quare.
2392 1606 2440 1663 si
2467 1606 2564 1662 tibi
2608 1608 2808 1678 placet,
2855 1608 3022 1664 altius
3046 1610 3233 1667 ordire
3264 1612 3508 1684 disputa-

1929 1698 2157 1752 tionem.
2192 1696 2323 1751 Mihi
2373 1696 2520 1753 enim
2571 1698 2804 1752 materia
2857 1698 3150 1768 qualitates
3191 1701 3261 1757 ab
3299 1711 3504 1760 aeterno

1850 1791 1896 1848 Β
1923 1789 2125 1844 habere
2177 1789 2412 1843 videtur.
2455 1786 2535 1842 Ita
2568 1789 2790 1859 quippe,
2832 1805 2867 1845 o
2899 1793 3097 1858 amice,
3145 1801 3202 1849 et
3231 1795 3398 1861 mala,
3435 1797 3506 1852 ab

1925 1881 2048 1952 ejus
2074 1895 2199 1936 esse
2226 1878 2470 1946 deﬂuxu,
2501 1880 2822 1952 pronuntio.

1998 1971 2304 2030 ORTHOD.
2332 1970 2388 2028 Si
2409 1973 2639 2030 materia
2667 1975 2784 2031 suis
2813 1972 3006 2031 affecta
3037 1977 3395 2047 qualitatibus
3436 1978 3506 2035 ab

1927 2072 2134 2120 aeterno
2182 2063 2307 2129 fuit,
2357 2063 2518 2135 cujus
2577 2064 2682 2120 erit
2730 2072 2946 2120 creator
2974 2065 3158 2122 Deus?
3212 2065 3338 2122 Sive
3357 2067 3504 2122 enim

1927 2157 2268 2212 substantias
2293 2155 2616 2224 dixerimus,
2641 2157 2755 2228 jam
2789 2164 2918 2213 ante
2947 2156 3116 2214 fuisse
3132 2157 3504 2228 aﬂirmamus;

1927 2249 2042 2303 sive
2063 2264 2260 2304 rursus
2280 2249 2594 2320 qualitates,
2625 2256 2677 2304 et
2711 2250 2834 2305 illas
2856 2250 3138 2306 exstitisse
3181 2252 3503 2310 asserimus.

1925 2337 2064 2393 Cum
2098 2355 2229 2412 ergo
2246 2342 2357 2396 sint
2388 2341 2506 2396 sine
2529 2339 2639 2395 Deo
2667 2348 2720 2396 et
2757 2341 3078 2397 substantia
3104 2353 3158 2398 et
3191 2346 3504 2414 qualitates,

1927 2445 2392 2500 supervacaneum
2428 2433 2666 2496 videtur,
2729 2443 2789 2488 ut
2821 2432 2966 2489 Deus
2999 2435 3216 2490 dicatur
3265 2447 3502 2495 creator.

1925 2517 2195 2574 Caeterum
2227 2522 2571 2590 percontanti
2619 2522 2928 2592 responde:
2956 2522 3074 2590 Qua
3115 2527 3328 2582 ratione
3363 2528 3506 2586 dicis

1928 2606 2100 2664 Deum
2129 2625 2254 2665 esse
2287 2610 2650 2666 Creatorem?
2689 2612 2774 2667 An
2798 2614 2946 2683 quod
3000 2616 3337 2672 substantias
3384 2635 3507 2689 qua:

1928 2699 2224 2769 aliquando
2252 2700 2494 2765 fuerunt,
2538 2701 2594 2755 in
2633 2702 2865 2757 nihilum
2916 2705 3222 2776 redegerit;
3257 2721 3324 2761 an
3358 2708 3506 2778 quod

1927 2789 2263 2846 substantias
2319 2791 2540 2860 quidem
2606 2795 3003 2868 conservarit,
3069 2797 3168 2852 sed
3213 2799 3507 2868 qualizates

1929 2897 2119 2937 earum
2144 2884 2411 2939 mutarit?
2990 2867 3009 2896 ’

1998 2993 2156 3050 VAL.
2183 2995 2342 3051 Nulla
2405 2999 2541 3053 mihi
2592 2999 2812 3055 videtur
2873 3001 3308 3060 substantiarum
3363 3006 3508 3063 facta

235 3083 380 3137 ἀλλὰ
403 3084 564 3156 μόνον
596 3088 925 3156 ποιοτήτων⁸
961 3087 1082 3140 καθ’
1107 3087 1172 3152 ἃς
1200 3087 1529 3160 δημιουργὸν
1563 3085 1702 3142 εἶναι
1734 3088 1824 3141 λέ-

1943 3089 2185 3153 mutatio,
2244 3089 2340 3144 sed
2383 3097 2597 3145 tantum
2655 3094 3004 3162 qualitatum,
3050 3113 3282 3167 quarum
3339 3116 3507 3155 causa

233 3194 412 3249 γομεν
443 3177 535 3231 τὸν
569 3177 720 3234 Θεόν.
750 3180 862 3232 Καὶ
890 3178 1078 3251 ὥσπερ
1105 3182 1152 3233 εί
1182 3180 1331 3251 τύχοι
1357 3180 1535 3250 λέγειν
1573 3183 1636 3236 ἐκ
1661 3181 1824 3236 λίθων

1943 3177 2101 3233 Deum
2135 3195 2257 3236 esse
2297 3191 2600 3238 creatorem
2652 3184 2906 3242 dicimus.
2957 3186 3023 3240 Et
3051 3191 3507 3259 quemadmodum

233 3269 417 3323 οίκίαν
473 3269 771 3338 γεγονέναι,
832 3271 920 3341 ἐφ’
963 3265 1038 3325 ὧν
1075 3273 1174 3326 οὐκ
1228 3273 1432 3328 ἔνεστιν
1479 3276 1686 3339 εἰπεῖν,
1747 3274 1824 3338 ὼς

233 3357 425 3412 οὐκέτι
477 3357 614 3413 λίθοι
661 3359 880 3430 μένουσι
921 3362 986 3431 τῇ
1030 3361 1221 3432 οὐσία,
1265 3362 1411 3415 οἰκία
1446 3362 1726 3434 λεγόμενοι
1773 3365 1822 3416 οἱ

233 3446 414 3502 λίθοι’
451 3451 520 3520 τῇ
573 3449 683 3521 γὰρ
720 3451 964 3520 ποιότητι
1001 3450 1102 3521 τῆς
1158 3450 1460 3516 συνθέσεως
1501 3453 1601 3524 τὴν
1647 3455 1824 3508 οἰκίαν

235 3539 525 3609 γεγονέναι
557 3541 734 3611 φημί·
779 3540 922 3594 οὕτω
957 3559 1045 3612 μοι
1082 3543 1230 3597 δοκεῖ
1265 3546 1357 3598 καὶ
1383 3547 1474 3600 τὸν
1503 3547 1654 3612 Θεὸν,
1688 3550 1823 3603 ὐπο-

239 3631 518 3702 μενούσης
558 3631 659 3702 τῆς
703 3633 921 3698 οὐσίας,
952 3636 1162 3707 τροπήν
1199 3653 1324 3692 τινα
1369 3637 1479 3691 τῶν
1525 3642 1824 3712 ποιοτήτων

238 3721 416 3791 αὐτῆς
447 3723 838 3793 πεποιηκέναι,
878 3724 999 3777 καθ’
1042 3725 1110 3796 ἣν
1148 3727 1248 3796 τὴν
1289 3728 1442 3782 τοῦδε
1482 3729 1577 3784 τοῦ
1616 3731 1822 3803 κόσμου

239 3815 460 3882 γένεσιν
489 3815 626 3887 πρὸς
649 3816 743 3870 τοῦ
776 3815 912 3870 Θεοῦ
937 3818 1218 3886 γεγονέναι
1251 3820 1411 3891 φημί.

317 3906 563 3960 ΟΡΘΟΔ.
611 3906 846 3979 Πότερον
869 3908 964 3962 καὶ
993 3909 1076 3961 σοὶ
1099 3908 1336 3964 δοκεῖτὰ
1368 3909 1513 3965 κακὰ
1539 3911 1822 3984 ποιότητες

237 3995 441 4050 οὐσιῶν
469 3991 606 4050 εἶναι
626 4014 642 4063 ;

314 4090 522 4143 ΟΥΑΛ.
551 4091 727 4145 Δοκεῖ.

315 4180 554 4233 ΟΡΘΟΔ.
599 4182 837 4237 ’Λνωθεν
871 4183 930 4237 δὲ
969 4179 1109 4257 ἦσαν
1152 4187 1206 4239 αῐ
1248 4186 1529 4258 ποιότητες
1562 4182 1720 4264 αὗται
1764 4190 1824 4244 ὲν

238 4272 312 4342 τῇ
350 4270 472 4344 ὕλῃ,
497 4273 530 4344 ἢ
562 4272 734 4345 ἀρχὴν
762 4274 918 4346 ἔσχον
942 4275 1036 4330 τοῦ
1063 4272 1236 4346 εἷναι;

315 4361 522 4418 ΟΥΔΛ.
553 4363 798 4418 Συνείναι
826 4366 968 4437 φημὶ
1000 4367 1278 4441 ἀγενήτως
1295 4371 1362 4441 τῇ
1397 4367 1497 4443 ὕλῃ
1529 4369 1730 4434 ταύτας
1757 4370 1822 4442 δὴ

239 4454 347 4518 τὰς
378 4457 690 4529 ποιότητας.

316 4549 556 4604 ΟΡΘΟΔ.
597 4550 732 4622 Οὐχὶ
769 4549 824 4604 δὲ
861 4551 952 4606 τὸν
990 4551 1122 4608 Θεὸν
1169 4553 1275 4626 φῂς
1312 4555 1520 4627 τροπήν
1563 4571 1684 4608 τινα
1711 4554 1824 4610 τῶν

239 4641 548 4710 ποιοτήτων
588 4641 945 4712 πεποιηκέναι
963 4659 978 4710 ;

317 4732 524 4784 ΟΥΑΛ.
562 4731 732 4786 Τοῦτό
766 4751 927 4804 φημι.

318 4824 559 4880 ΟΡΘΟΔ.
589 4824 685 4888 Εἰς
713 4825 774 4878 τὸ
801 4828 1050 4896 κρεῖττον
1076 4843 1091 4893 ;

319 4915 526 4968 ΟΥΑΛ.
572 4915 724 4984 Ἐμοὶ
756 4915 922 4971 δοκεῖ.

319 5009 558 5063 ΟΡΘΟΔ.
612 5009 821 5064 Οὐκοῦν
855 5012 905 5063 εἰ
939 5011 1220 5082 ποιότητες
1251 5010 1384 5082 ὕλης
1413 5012 1482 5066 τὰ
1520 5012 1687 5074 κακὰ,
1727 5011 1825 5076 τὰς

242 5101 306 5154 Gl
340 5104 632 5173 ποιότητας
660 5103 831 5172 αὐτῆς
871 5105 952 5166 είς
978 5103 1041 5156 τὸ
1069 5105 1316 5176 κρεῖττον
1343 5103 1566 5176 ἔτρεψεν
1595 5107 1624 5158 ὁ
1657 5104 1790 5169 Θεός
1808 5123 1823 5137 ·

243 5192 414 5248 πόθεν
433 5193 504 5248 τὰ
526 5193 672 5248 κακὰ
709 5193 892 5265 ζητεῖν
917 5195 1151 5266 ἀνάγκη.
1179 5196 1251 5248 Ἦ
1279 5196 1390 5268 γὰρ
1431 5196 1623 5266 πᾶσαι,
1658 5197 1828 5250 κακαὶ

318 5351 432 5434 (28)
460 5351 607 5434 Vn.
653 5349 1030 5434 Yidetur__hic
1071 5349 1434 5434 esse'tertius
1461 5353 1824 5434 _co_llocuto_r,

243 5422 423 5492 cujus
436 5424 648 5492 mentio
678 5424 837 5478 initio
866 5422 945 5488 ﬁt,
974 5429 1037 5476 ut
1070 5423 1258 5478 eadem
1284 5423 1475 5480 haeresi
1499 5424 1825 5489 laborantis,

244 5491 413 5562 atque
433 5491 854 5550 Valentinianus
878 5492 972 5563 qui
1005 5494 1226 5548 modum
1261 5495 1428 5549 alium
1459 5493 1647 5550 tuendi
1674 5509 1828 5549 erro-

245 5580 403 5636 rem.
457 5565 610 5636 socio
665 5580 804 5634 pene
845 5564 1085 5628 revicto,
1121 5572 1396 5636 suggerat.
1455 5563 1595 5631 Quia
1624 5572 1825 5636 tamen

245 5632 477 5690 Photinus
502 5632 774 5703 ejusmodi
803 5649 1070 5705 personas
1109 5632 1249 5702 Vnon'
1279 5635 1478 5699 refert,
1533 5634 1828 5705 maluimus

245 5706 486 5775 primum
521 5705 656 5759 illud
686 5703 886 5759 nomen
917 5704 1150 5775 retinere
1176 5720 1338 5775 quam
1377 5721 1442 5759 ex
1475 5705 1635 5759 nobis
1679 5703 1828 5758 aliud

244 5776 399 5830 dare.
436 5773 668 5832 Multum
707 5776 848 5835 lucis
876 5773 1034 5834 aﬂcrt
1064 5773 1346 5848 expressio
1383 5789 1744 5848 personarum
1771 5775 1827 5830 in

1931 3272 1976 3326 si
2014 3273 2138 3343 quis
2174 3275 2342 3338 dicat,
2402 3274 2600 3330 factam
2647 3292 2715 3330 ex
2767 3278 3041 3347 lapidibus
3098 3281 3358 3349 domum;
3397 3300 3508 3355 quo

1930 3375 2113 3421 tamen
2140 3368 2363 3422 minime
2379 3365 2544 3421 fuerit
2571 3370 2877 3438 negandum
2911 3371 3046 3442 (29).
3082 3388 3300 3429 manere
3329 3377 3508 3432 adhuc

1929 3455 2138 3524 lapides
2156 3459 2456 3514 secundum
2482 3461 2868 3524 substantiam,
2889 3465 2980 3532 qui
2999 3463 3257 3521 dicuntur
3275 3467 3504 3525 domus:

1929 3544 2151 3600 domum
2183 3549 2328 3604 enim
2369 3553 2785 3622 compositionis
2813 3557 3075 3623 qualitate
3111 3559 3232 3614 dico
3261 3558 3457 3614 factam
3487 3581 3503 3619 :

1929 3634 2005 3688 ita
2033 3649 2250 3702 censeo,
2279 3636 2471 3707 Deum,
2499 3651 2754 3697 manente
2782 3645 3111 3712 substantia,
3148 3652 3502 3709 mutationem

1929 3728 2220 3796 quamdam
2265 3730 2590 3800 qualitatum
2621 3732 2840 3802 fecisse,
2871 3737 3086 3794 ratione
3132 3739 3292 3811 cujus
3344 3759 3507 3799 mune

1929 3818 2059 3872 dum
2092 3834 2123 3872 a
2163 3817 2274 3874 Deo
2296 3831 2540 3876 creatum
2573 3823 2800 3881 allirmo.

2000 3906 2304 3965 ORTHOD.
2340 3909 2640 3968 Videturne
2685 3915 2847 3968 etiam
2877 3913 2976 3971 tibi
3003 3913 3146 3968 mala
3173 3915 3509 3973 substantia-

1900 4008 2053 4050 ~rum
2086 4006 2210 4048 esse
2242 3997 2571 4064 qualitates?

2002 4089 2158 4146 VAL.
2195 4091 2438 4148 Videtur.

2001 4182 2306 4238 ORTHOD.
2333 4183 2647 4240 Fueruntne
2691 4185 2777 4241 hae
2833 4187 3127 4257 qualitates
3181 4190 3249 4244 ab
3295 4199 3501 4248 aeterno

1929 4274 1984 4328 in
2016 4276 2267 4340 materia,
2297 4289 2367 4328 an
2408 4275 2738 4346 principium
2768 4276 2984 4332 essendi
3014 4277 3362 4333 habuerunt?

2012 4366 2163 4421 VAL.
2200 4365 2395 4421 Fuisse
2450 4366 2550 4422 has
2578 4368 2868 4436 qualitates
2901 4369 2971 4424 ab
2989 4377 3193 4425 aeterno
3221 4385 3346 4424 cum
3377 4385 3497 4428 ma-

1855 4494 1900 4550 Β
1929 4459 2066 4514 teria
2098 4457 2374 4514 existimo.

1996 4547 2209 4603 URTH.
2274 4547 2394 4603 Non
2445 4549 2731 4606 arbitraris
2785 4551 3144 4620 mutationem
3203 4553 3496 4622 quamdam

1921 4642 2248 4712 qualitatum
2279 4656 2404 4696 esse
2429 4655 2460 4694 a
2496 4640 2606 4697 Deo
2635 4641 2884 4698 factam?

1994 4733 2150 4788 VAL.
2175 4735 2425 4790 Arbitror
2446 4733 2668 4790 factam.

1995 4825 2206 4881 ORTH.
2243 4826 2301 4880 In
2334 4826 2571 4882 melius?

1999 4916 2156 4974 VAL.
2182 4917 2314 4973 Mihi
2336 4918 2577 4977 videtur.

1995 5009 2207 5067 ORTH.
2241 5012 2300 5066 Si
2327 5026 2457 5083 ergo
2499 5011 2742 5067 materias
2769 5011 3064 5082 qualitates
3121 5011 3266 5065 mala
3327 5019 3492 5077 sunt,

1925 5103 2072 5160 Deus
2125 5111 2305 5158 autem
2355 5119 2448 5160 eas
2501 5103 2558 5157 in
2595 5103 2790 5158 melius
2845 5101 3136 5171 convertit,
3187 5103 3498 5158 necessario

1925 5195 2279 5269 quaerendum
2309 5202 2414 5259 est,
2445 5194 2589 5250 unde
2633 5195 2777 5248 mala
2810 5193 2942 5249 sint.
2978 5195 3086 5248 Aut
3115 5194 3262 5248 enim
3307 5207 3500 5250 omnes

1928 5353 2132 5408 talibus
2163 5350 2413 5421 dialogis.

2000 5423 2112 5493 (29)
2146 5422 2263 5488 Quo
2318 5419 2492 5493 tamen
2539 5419 2752 5493 minime
2796 5419 2956 5493 fuerit
3001 5425 3352 5493 negandum,
3387 5425 3495 5474 etc.

1928 5489 2234 5561 Qu'od'sola
2259 5492 2490 5546 mutatio
2533 5491 2886 5546 accidentalis
2919 5489 3214 5546 accesserit
3236 5529 3250 5553 ,
3287 5489 3500 5558 aliaque

1877 5586 1879 5588 ·
1927 5573 2138 5618 tantum
2157 5572 2211 5618 et
2239 5562 2344 5616 alia
2364 5561 2712 5631 compositio,
2732 5562 2883 5617 salva
2906 5562 3212 5617 substantia
3236 5561 3497 5631 lapidum.

1929 5636 2206 5704 lnterpres
2253 5631 2434 5686 Photii
2480 5628 2655 5686 totum
2703 5634 3017 5704 oppositum
3063 5628 3350 5702 exprimit,
3402 5628 3499 5686 sed

1892 5746 1898 5752 -
1931 5705 2086 5765 nullo
2117 5721 2285 5763 sensu
2305 5705 2441 5762 satis
2464 5717 2726 5775 congruo.

1937 5845 1987 5866 σαψ
