3864 6162
415 237 523 295 259

1396 237 1456 294 S.
1499 237 1830 294 METIIODH
1868 238 2174 299 EPlSCOPI
2215 242 2302 297 ET
2334 244 2692 300 MARTYRIS

3569 253 3674 309 260

418 374 546 413 cum
578 358 736 413 home
790 366 998 425 essent,
1031 359 1085 413 in
1120 357 1317 413 melius
1368 364 1498 412 sunt
1545 373 1824 415 conversa:
1854 377 1868 412 :
1900 374 1966 412 au

2095 356 2274 425 οὖσαι,
2309 363 2401 416 ἐπὶ
2442 363 2502 416 τὸ
2547 367 2792 435 κρεῖττον
2830 364 3179 436 ἐτράπησαν·
3209 367 3241 438 ἢ
3295 369 3350 422 αἱ
3384 371 3483 440 μὲν
3518 369 3672 427 οὖσαι

417 466 544 506 cum
580 451 700 505 alia:
751 450 972 521 quidem
1009 451 1166 505 bonae
1221 457 1427 513 essent,
1465 449 1584 503 aliae
1625 450 1810 516 mala);
1841 451 1996 504 malae

417 542 642 613 quidem
669 559 779 599 non
813 549 940 598 sunt
967 550 1186 597 mutatae
1219 543 1275 596 in
1324 539 1517 594 melius
1543 556 1558 606 ;
1585 540 1809 610 reliquie
1839 556 1991 608 vero,

414 649 753 704 quaecunque
780 643 936 688 erant
991 632 1311 699 commodae,
1348 639 1576 688 ornatus
1623 645 1790 686 causa
1829 630 1993 688 aDeo

414 734 634 780 mutata:
669 733 818 780 sunt.

484 818 640 874 VAL.
670 818 762 872 Sic
791 834 891 888 ego
915 818 1029 888 jam
1067 817 1195 871 olim
1227 816 1548 871 sentiebam.

479 911 689 967 ORTlI.
743 911 1027 978 Quomodo
1073 926 1203 980 ergo
1261 911 1432 964 malas
1485 909 1808 980 qualitates,
1872 923 1990 965 uta

410 1007 678 1077 principio
709 1003 949 1070 fuerunt,
983 1003 1204 1058 relictas
1257 1002 1436 1058 dicis?
1478 1001 1575 1057 Vel
1630 1002 1722 1069 ita,
1771 1011 1831 1056 ιιι
1863 1019 1990 1077 pos-

411 1076 494 1155 Set
530 1101 669 1154 Deus
697 1113 789 1152 eas
848 1095 1081 1162 tollere;
1123 1095 1206 1150 vel
1241 1103 1301 1148 ut
1341 1095 1576 1151 voluerit
1621 1094 1860 1165 quidem,
1886 1076 1988 1151 sed

408 1206 518 1246 non
549 1189 820 1260 potuerit?
853 1186 912 1242 Si
941 1188 1187 1258 potuisse
1220 1187 1322 1251 ais,
1373 1197 1427 1241 et
1459 1186 1724 1251 noluisse,
1763 1201 1988 1241 necesse

406 1293 490 1340 est
523 1290 582 1336 ut
615 1288 807 1336 auctor
838 1282 1033 1335 horum
1059 1279 1276 1334 dicatur
1313 1296 1327 1332 :
1359 1278 1504 1348 quod
1539 1279 1776 1348 potuerit
1809 1277 1987 1333 eﬂicev

406 1391 467 1431 re
490 1385 548 1430 ut
569 1391 677 1430 non
698 1380 885 1429 essent
907 1373 1079 1439 mala;
1107 1379 1162 1426 et
1201 1379 1381 1424 tamen
1413 1371 1522 1435 illa,
1557 1378 1614 1424 ut
1653 1377 1831 1436 erant,
1863 1385 1986 1426 esse

406 1468 717 1541 permiserit
751 1486 763 1520 :
803 1466 966 1536 idque
999 1465 1252 1529 maxime,
1277 1471 1565 1533 postquam
1594 1465 1852 1532 coepisset
1870 1477 1986 1516 ma-

404 1562 600 1615 teriam
655 1560 912 1614 forntare.
951 1555 1008 1610 Si
1057 1557 1200 1611 enim
1253 1556 1460 1609 nullam
1501 1572 1729 1626 prorsus
1753 1556 1873 1626 ejus
1901 1572 1985 1610 ra-

403 1654 611 1707 tionem
663 1650 969 1714 habuisset,
997 1648 1171 1704 videri
1213 1648 1484 1718 potuisset
1535 1663 1644 1702 non
1667 1659 1858 1703 auctor
1887 1664 1982 1703 eo-

2095 454 2372 516 κακαὶ,⁹αἱ
2398 455 2455 508 δὲ
2496 457 2604 526 μή·
2645 458 2698 509 αἱ
2735 456 2834 526 μὲν
2871 457 3037 510 κακαὶ
3079 460 3178 512 οὑκ
3225 462 3538 534 ἐτράπησαν
3581 467 3673 520 ὲπὶ

2092 543 2154 596 τὸ
2187 548 2463 614 κρεῖττονο
2501 548 2556 600 αἱ
2584 546 2639 599 δὲ
2668 546 2880 612 λοιπαὶ,
2918 549 3041 602 ὅσαι
3075 549 3319 622 διάφοροι
3360 549 3670 625 ἐτύγχανον,

2091 636 2190 708 τῆς
2219 637 2631 710 διακοσμήσεως
2661 639 2826 693 ’ἑνεκα
2851 641 2987 712 πρὸς
3011 642 3146 696 Θεοῦ
3172 645 3508 718 ἐτράπησαν.

2163 816 2365 870 ΟΥΑΛ.
2395 817 2580 882 Οὕτως
2609 819 2814 875 ἄνωθεν
2837 819 2980 893 εἶχον
3007 823 3139 892 ἐγώ.

2160 906 2398 994 ΟΡΘΟΔ.
2451 903 2576 972 Πῶς
2617 909 2796 963 τοίνυν
2827 913 2926 975 τὰς
2959 913 3067 968 τῶν
3103 915 3318 984 φαύλων
3357 919 3662 994 ποιότητας,

2089 990 2166 1060 ὼς
2195 993 2364 1068 εἶχον,
2402 999 2845 1056 καταλελοιπέναι
2887 1004 3104 1073 λέγεις;
3145 1009 3398 1082 Πότερον,
3433 990 3668 1087 δυνάμε-

2088 1104 2177 1140 νον
2204 1087 2301 1158 μὲν
2323 1089 2538 1153 ὲκείνας
2573 1091 2781 1146 ἀνελεῖν
2805 1111 2819 1124 ο
2845 1095 2877 1166 ἢ
2907 1094 3232 1167 βουληθέντα
3261 1095 3378 1170 μὲν,
3409 1105 3482 1174 μὴ
3513 1099 3672 1161 δυνά-

2091 1196 2251 1250 μενον
2294 1180 2386 1246 δέ;
2423 1183 2485 1235 Εἰ
2513 1182 2614 1253 μὲν
2637 1183 2743 1256 γὰρ
2784 1185 3081 1258 δυνάμενον
3119 1189 3317 1260 λέγεις,
3355 1195 3428 1267 μὴ
3474 1197 3668 1270 βουλη-

2087 1271 2247 1324 θέντα
2290 1272 2346 1326 δὲ
2388 1274 2549 1327 αὑτὸν
2595 1276 2764 1330 αἴτιον
2811 1279 3015 1334 τούτων
3046 1281 3190 1352 (51)·
3247 1286 3328 1337 ὅτι
3373 1284 3670 1359 δυνάμενος

2086 1365 2307 1452 ποιῆσαι
2339 1366 2413 1438 μὴ
2441 1364 2580 1422 εἶναι
2608 1370 2773 1436 κακὰ,
2802 1373 3178 1446 συνεχώρησεν
3211 1379 3348 1433 αὐτὰ
3381 1382 3562 1452 μένειν
3590 1385 3668 1448 ὡς

2083 1445 2180 1523 ἦν·
2226 1456 2321 1508 καὶ
2353 1455 2586 1527 μάλιστα
2621 1461 2712 1514 ὅτε
2753 1445 3102 1536 δημιουργεῖν
3141 1466 3240 1538 τὴν
3277 1445 3407 1542 ὕλην
3442 1445 3663 1545 ἧρξατᾷ

2083 1544 2147 1597 Εἰ
2190 1545 2300 1618 γὰρ
2347 1547 2482 1619 μηδὲ
2516 1549 2653 1614 ὅλως
2702 1551 2894 1623 ἔμελεν
2929 1554 3078 1627 αύτῷ
3121 1555 3221 1629 τῆς
3271 1560 3421 1633 ὕλης,
3464 1544 3563 1619 οὐκ
3596 1567 3667 1622 ἂν

2083 1634 2256 1730 αἴτιος
2301 1633 2407 1730 ἦν,
2439 1633 2514 1694 ὧν
2561 1642 2906 1715 συνεχώρησε
2961 1647 3161 1718 μένειν.
3205 1651 3356 1706 Ἐπεὶ
3397 1650 3454 1709 δὲ
3499 1659 3665 1730 μέρος

403 1757 526 1797 rum
555 1757 677 1812 quae
709 1740 959 1811 permisit
987 1755 1228 1794 manere.
1278 1737 1574 1809 Postquam
1618 1747 1819 1804 autem,
1856 1756 1968 1810 par-

2089 1727 2188 1798 μέν
2211 1745 2261 1780 τι
2290 1729 2462 1800 αὐτῆς
2493 1711 2840 1806 δημιουργεῖ,
2863 1711 3026 1808 μέρος
3058 1739 3113 1792 δέ
3137 1758 3189 1793 τι
3217 1743 3352 1815 αὐτῇ
3383 1747 3466 1817 ὲᾷ,

402 1842 512 1890 tem
556 1833 775 1905 quidem
824 1831 1065 1886 materia:
1123 1830 1322 1884 format
1374 1840 1428 1885 et
1478 1830 1709 1901 perficit,
1767 1843 1978 1901 partem

400 1927 654 1997 negligit;
699 1940 823 1979 cum
854 1933 908 1979 et
957 1924 1103 1979 illam
1148 1930 1333 1993 posset
1395 1924 1455 1978 in
1499 1924 1696 1977 melius
1740 1931 1974 1992 mutare,

400 2018 536 2072 mihi
566 2016 784 2072 videtur
828 2016 1096 2070 malorum
1146 2031 1335 2078 causa,
1365 2015 1458 2085 qui
1490 2021 1696 2084 partem
1736 2015 1978 2069 materiae

399 2112 597 2166 malam
649 2110 953 2180 reliquerit.
1007 2110 1247 2164 Alteram
1291 2124 1424 2178 ergo
1482 2116 1687 2177 partem
1733 2107 1789 2160 in
1813 2105 1976 2176 hujus

396 2204 624 2260 exitium
651 2202 907 2257 formavit
939 2221 953 2256 :
989 2203 1120 2266 imo,
1173 2211 1226 2256 et
1259 2201 1312 2254 in
1340 2199 1444 2254 hoc
1489 2200 1743 2262 maxime,
1766 2208 1974 2265 partem

395 2295 540 2350 hanc
589 2295 840 2350 materiae-
864 2310 1029 2365 quam
1062 2292 1351 2364 disposuit,
1386 2306 1614 2361 qumque
1643 2290 1756 2359 jam
1796 2290 1975 2359 perci-

395 2390 510 2460 piat
539 2391 806 2444 malorum
836 2386 1204 2450 incommoda,
1255 2385 1460 2454 injuria
1502 2383 1766 2438 affecerit.
1803 2382 1975 2439 Ante-

397 2497 558 2550 quam
587 2480 732 2534 enim
763 2485 1014 2533 ornatum
1048 2477 1314 2545 reciperet
1339 2473 1473 2545 (50),
1499 2473 1682 2526 nullus
1701 2471 1750 2525 ei
1787 2469 1974 2525 aderat

395 2575 665 2629 malorum
691 2587 889 2626 sensus
921 2587 937 2626 :
972 2584 1119 2624 nunc
1141 2583 1290 2632 vero,
1327 2566 1499 2619 ambae
1551 2571 1734 2633 partes
1765 2563 1972 2617 malum

395 2665 659 2720 sentiunt.
703 2661 786 2716 Sit
807 2663 904 2716 tibi
933 2662 1002 2716 ab
1034 2659 1256 2715 homine
1281 2657 1612 2726 exemplum.
1641 2653 1970 2724 Priusquam

392 2757 538 2812 enim
575 2756 726 2810 fieret
777 2753 1001 2817 animal,
1053 2752 1201 2807 omni
1230 2763 1460 2821 prorsus
1503 2746 1774 2801 malorum
1802 2759 1970 2800 sensu

391 2849 642 2903 vacabat.
669 2845 748 2900 Ex
778 2862 887 2916 quo
937 2853 1120 2899 autem
1153 2842 1362 2898 ellictus
1408 2841 1570 2895 homo
1595 2839 1970 2908 formatusque

390 2940 627 3010 imagine
654 2937 882 2993 efﬁcitur
907 2951 937 2989 a
959 2934 1090 2999 Deo,
1123 2935 1288 2988 etiam
1319 2932 1686 2988 incumbentis
1720 2930 1848 2984 mali
1877 2945 1970 2983 ac-

389 3033 524 3100 cipit
552 3044 797 3086 sensum.
831 3027 1010 3098 Atque
1048 3027 1204 3090 adeo,
1240 3025 1386 3095 quod
1422 3023 1664 3077 materia:
1715 3022 1770 3076 in
1804 3023 1969 3077 bene-

390 3125 498 3178 ficii
527 3131 733 3194 partem
758 3138 788 3175 a
821 3119 934 3176 Deo
965 3119 1219 3175 collatum
1245 3118 1407 3179 dicis,
1442 3117 1623 3187 potius
1649 3115 1717 3170 ad
1742 3114 1969 3170 exitium

389 3215 691 3272 accessisse
735 3210 1180 3283 deprehenditur.
1239 3207 1298 3264 Si
1327 3223 1456 3264 vero
1489 3206 1666 3274 dicas,
1716 3223 1827 3262 non
1873 3221 1972 3276 ρος

387 3308 562 3361 tuisse
591 3321 622 3358 a
653 3303 762 3358 Deo
792 3301 999 3358 aboleri
1023 3301 1165 3355 mala
1200 3319 1215 3355 :
1256 3315 1382 3354 cum
1447 3297 1719 3368 ejusmodi
1766 3298 1971 3367 impos-

389 3400 647 3462 sibilitas,
673 3409 767 3451 aut
789 3404 988 3450 natura
1020 3393 1356 3449 imbecillum
1395 3400 1611 3462 arguat,
1649 3399 1742 3445 aut
1772 3390 1969 3446 timore

385 3491 640 3546 vincente
685 3488 898 3544 fortiori
949 3486 1114 3540 alicui
1155 3486 1548 3554 mancipatum,
1609 3483 1734 3538 vide
1780 3491 1965 3537 utrum

382 3585 577 3638 horum
607 3581 966 3651 omnipotenti
995 3585 1048 3634 et
1075 3579 1219 3634 bono
1234 3578 1342 3634 Deo
1359 3579 1494 3634 velis
1519 3573 1965 3632 ascriberePoro

383 3688 447 3728 ro
475 3675 672 3728 iterum
728 3669 1020 3740 proposita:
1051 3668 1201 3722 circa
1246 3665 1532 3720 materiam
1555 3662 1846 3735 quaestioni
1876 3676 1966 3716 re-

383 3765 611 3836 sponde.
641 3763 808 3819 Estne
828 3761 1062 3836 materia
1088 3760 1340 3830 simplex,
1374 3773 1447 3813 an
1470 3755 1802 3826 composita?
1827 3754 1964 3810 Nam

385 3857 434 3912 si
458 3850 686 3911 materia
710 3854 940 3924 simplex
966 3851 1068 3906 fuit
1124 3859 1180 3907 et
1210 3846 1523 3914 uniformis,
1567 3864 1692 3903 cum
1725 3847 1963 3902 mundus

382 3946 726 4018 compositus
759 3947 830 4000 sit
859 3953 913 3998 et
943 3960 1012 3998 ex
1043 3942 1276 3998 diversis
1322 3939 1652 3995 substantiis
1702 3945 1958 4004 constet,

383 4054 497 4094 non
523 4044 706 4108 potest
726 4036 836 4090 dici
866 4033 1046 4088 factus
1089 4050 1157 4089 ex
1188 4032 1446 4098 materia;
1478 4031 1623 4102 quod
1686 4047 1796 4086 non
1829 4044 1960 4100 pos-

380 4131 494 4188 sint
561 4144 682 4200 qua:
741 4137 871 4184 sunt
932 4127 1278 4196 composita,
1329 4138 1441 4178 uno
1501 4123 1684 4192 aliquo
1736 4119 1960 4177 informi

373 4225 660 4282 ‘constitui.
714 4221 1088 4291 Compositum
1142 4218 1309 4283 enim,
1359 4215 1688 4287 simplicium
1741 4215 1956 4283 aliquo-

378 4332 504 4372 rum
565 4313 879 4369 mistionem
937 4310 1162 4364 indicat.
1221 4306 1380 4374 Quod
1435 4307 1483 4362 si
1538 4305 1734 4360 iterum
1786 4310 1959 4358 mate—

2088 1833 2252 1912 μενος
2308 1819 2529 1912 κάκεῖνο
2560 1823 2781 1894 τρέπειν
2812 1827 2892 1891 εἰς
2941 1827 3002 1881 τὺ
3053 1833 3298 1902 κρεῖττον
3321 1852 3335 1865 ·
3369 1838 3540 1904 αἴτιός
3568 1859 3664 1912 μοι

2083 1908 2192 2003 τῶν
2221 1912 2405 1965 κακῶν
2439 1911 2650 2003 (δοκεῖ),
2683 1918 2996 1975 καταλιπὼν
3022 1923 3186 1995 μέρος
3227 1924 3360 1997 ὕλης
3401 1908 3658 2003 πονηρδν.

2095 2001 2212 2055 Ἐπ’
2240 2004 2444 2076 ὀλέθρῳ
2471 2001 2564 2061 οὗν
2586 2009 2982 2086 ἐδημιούργησε
3009 2011 3209 2086 μέρους
3227 2036 3241 2049 ο
3265 2015 3399 2075 ἀλλὰ
3429 2001 3662 2093 μὴν-καὶ

2082 2095 2150 2149 τὰ
2182 2097 2444 2166 μέγιστα,
2488 2102 2630 2156 κατὰ
2663 2105 2852 2172 τοῦτο,
2887 2107 3044 2162 τοῦτο
3069 2107 3131 2163 τὸ
3168 2112 3340 2185 μέρος
3369 2115 3662 2188 ἠδικῆσθαι

2085 2203 2174 2279 μοι
2202 2189 2366 2256 δοκεῖ,
2396 2192 2534 2264 ὅπερ
2575 2197 2946 2253 κατεσκεύασε
2977 2201 3078 2272 τῆς
3119 2199 3250 2276 ὕλης
3293 2206 3476 2279 μέρος,
3511 2212 3664 2265 ἀντι-

2081 2276 2490 2376 λαμϐανόμενον
2531 2286 2600 2340 τὰ
2659 2289 2723 2341 ὲκ
2767 2289 2875 2344 τῶν
2915 2293 3118 2348 κακῶν.
3161 2297 3298 2369 Πρὶν
3338 2276 3446 2375 γὰρ
3489 2303 3662 2376 αὐτὴν

2078 2369 2550 2448 διακοσμηθῆναι,
2598 2378 2659 2433 τὸ
2711 2383 2846 2454 μηδὲ
2897 2386 3247 2444 αἰσθάνεσθαι
3303 2369 3425 2448 τῶν-
3471 2369 3663 2453 κακῶν

2079 2467 2260 2560 παρῆν
2307 2471 2479 2542 αὐτῇ’
2523 2471 2616 2526 νῦν
2669 2468 2727 2527 δὲ
2796 2475 3023 2532 ἕκαστον
3067 2480 3176 2534 τῶν
3244 2483 3426 2553 μερῶν
3489 2487 3663 2560 αὐτῆς

2077 2559 2329 2632 αἴσθησιν
2361 2563 2626 2636 λαμϐάνει
2656 2567 2768 2620 τῶν
2796 2569 3005 2626 κακῶν.
3037 2573 3148 2626 Καὶ
3189 2592 3278 2644 μοι
3317 2577 3401 2629 ἐπ’
3442 2577 3660 2651 ἀνθρὼ-

2076 2667 2179 2703 που
2202 2653 2334 2706 λάϐε
2357 2655 2419 2708 τὸ
2436 2655 2824 2741 παράδειγμα.
2872 2661 3010 2732 Πρὶν
3047 2663 3196 2735 (γὰρ)
3237 2664 3373 2728 ζῶον
3411 2666 3659 2741 γένηται,

2075 2741 2399 2815 ἀναίσθητον
2429 2740 2497 2816 ἦν
2547 2745 2656 2799 τῶν
2706 2747 2910 2803 κακῶν.
2973 2746 3088 2819 ⁴Αφ’
3138 2745 3199 2805 οὕ
3243 2751 3300 2807 δὲ
3359 2740 3663 2813 εἰκονισθὲν

2075 2830 2360 2904 ἄνθρωπος
2387 2836 2524 2906 πρὸς
2555 2834 2692 2889 Θεοῦ
2726 2836 2968 2905 γίνεται,
2999 2838 3118 2894 τότε
3152 2844 3245 2896 καὶ
3283 2844 3381 2916 τὴν
3407 2847 3663 2917 αἴσθησιν

2073 2924 2168 2977 τοῦ
2212 2927 2646 2998 προπελάζοντος
2682 2929 2852 2982 κακοῦ
2900 2933 3324 3005 προσλαμϐάνει.
3357 2940 3466 2993 Καὶ
3497 2939 3662 2995 τοῦτο

2073 3017 2210 3089 ὅπερ
2239 3017 2361 3071 ἐπεὶ
2395 3017 2686 3092 εὐεργεσίᾳ
2725 3020 2826 3091 τῆς
2852 3019 2984 3095 ὕλης
3017 3021 3152 3097 πρὸς
3199 3025 3333 3082 Θεοῦ
3375 3030 3662 3099 γεγονέναι

2073 3106 2270 3177 λέγεις,
2301 3107 2613 3181 εὑρίσκεται
2651 3109 2853 3183 μᾶλλον
2880 3116 2972 3168 ἐπὶ
3003 3116 3080 3187 τῷ
3122 3117 3324 3189 χείρονι
3357 3122 3662 3192 προσγενό-

2075 3216 2234 3270 μενον
2267 3202 2424 3273 αύτῇ.
2456 3203 2521 3255 Εἰ
2553 3203 2610 3256 δὲ
2647 3205 2721 3276 μὴ
2754 3203 3013 3260 δύνασθαι
3055 3208 3262 3264 παῦσαι
3288 3209 3354 3264 τὰ
3386 3213 3532 3266 κακὰ
3561 3214 3662 3268 τὸν

2069 3290 2200 3344 Θεὸν
2253 3293 2392 3365 φῄς’
2447 3293 2509 3348 τὸ
2552 3295 2609 3348 δὲ
2656 3291 2914 3352 ἀδύνατον
2955 3295 3073 3370 ἦτοι
3117 3303 3184 3373 τῇ
3232 3300 3390 3371 φύσει
3448 3304 3660 3378 ἀσθενῆ

2071 3379 2335 3455 ὑπάρχειν
2378 3383 2545 3449 ἐστὶν,
2579 3384 2612 3457 ἢ
2658 3387 2737 3459 τῷ
2781 3390 3032 3444 νικᾶσθαι
3073 3391 3152 3462 τῷ
3196 3392 3345 3465 φόϐῳ
3388 3394 3659 3450 δεδουλω-

2072 3472 2232 3542 μένον
2279 3473 2416 3544 πρός
2463 3491 2609 3538 τινος
2663 3477 3009 3548 κρείττονος;
3060 3482 3160 3551 ὅρα
3209 3484 3390 3536 ὁποῖον
3445 3484 3659 3539 τούτων

2069 3566 2404 3634 προσάπτειν
2433 3565 2638 3631 ἐθέλοις
2660 3567 2739 3639 τῷ
2763 3569 3162 3644 παντοκράτορι
3187 3573 3281 3626 καὶ
3304 3573 3491 3644 ἀγαθῷ
3505 3575 3655 3646 Θεῷ.

2080 3657 2238 3713 Ἀλλὰ
2290 3659 2453 3713 πάλιν
2501 3660 2632 3733 περὶ
2688 3663 2788 3734 τῆς
2848 3661 2980 3736 ὕλης
3033 3666 3344 3738 ἀπόκριναι.
3413 3667 3658 3740 Πότερον

2064 3749 2209 3821 ἁπλῆ
2241 3748 2326 3815 τίς
2367 3751 2515 3806 ἐστιν
2544 3751 2576 3824 ἡ
2606 3747 2727 3825 ὕλη,
2765 3755 2797 3826 ἢ
2834 3751 3120 3824 σύνθετος;
3156 3759 3219 3813 Εἰ
3247 3758 3353 3834 γὰρ
3386 3759 3527 3832 ἁπλῆ
3562 3779 3657 3826 τις

2063 3843 2356 3916 ἐτύγχανεν
2382 3845 2481 3918 ὕλη
2513 3847 2609 3900 καὶ
2642 3849 2938 3922 μονοειδὴς,
2971 3851 3222 3916 σύνθετος
3245 3850 3300 3906 δὲ
3349 3856 3378 3908 ὁ
3417 3855 3653 3925 κόσμος,

2062 3940 2156 3991 καὶ
2198 3940 2262 3992 ὲκ
2296 3935 2568 4012 διαφόρων
2613 3936 2811 3996 οὐσιῶν
2845 3943 3114 4010 συνεστὼς
3160 3947 3338 4000 ἐστιν⁸
3383 3947 3662 4008 ἀδύνατον

2060 4033 2246 4086 τοῦτον
2271 4031 2330 4097 et:
2360 4032 2494 4105 ὕλης
2528 4035 2811 4103 γεγονέναι
2835 4037 3015 4106 λέγειν
3040 4056 3053 4068 ·
3083 4038 3162 4110 τῷ
3203 4034 3274 4093 τὰ
3306 4039 3532 4094 σύνθετα
3567 4044 3654 4117 μὴ

2059 4119 2170 4178 οἷόν
2212 4143 2273 4178 τε
2314 4125 2374 4192 ἐξ
2424 4127 2543 4190 ἐνὸς
2570 4127 2763 4182 ἀποίου
2795 4128 2893 4201 τὴν
2927 4130 3184 4185 σύστασιν
3216 4130 3378 4202 ἔχειν.
3412 4135 3485 4188 Τὸ
3530 4136 3654 4209 γὰρ

2061 4216 2314 4270 σύνθετον
2345 4217 2533 4271 ἁπλῶν
2565 4235 2727 4274 τινων
2763 4220 2907 4291 μίξιν
2943 4219 3153 4295 μηνύει.
3199 4224 3263 4276 Εἰ
3289 4223 3332 4276 δ’
3363 4219 3430 4279 αῦ
3476 4228 3655 4286 πάλιν

2059 4308 2310 4363 σύνθετον
2353 4310 2534 4380 λέγεις
2578 4310 2678 4383 τὴν
2707 4309 2872 4383 ὕλην,
2915 4313 3132 4377 πάντως
3175 4312 3235 4380 ἐξ
3283 4315 3470 4369 ἁπλῶν
3517 4335 3655 4373 συν-

378 4413 518 4465 riam
571 4406 723 4461 dicas
754 4403 884 4474 quid
937 4401 1332 4472 compositum,
1378 4398 1600 4453 omnino
1650 4397 1839 4452 debuit
1885 4412 1954 4452 ex

2075 4401 2234 4472 ετέθηο
2261 4403 2352 4456 καὶ
2374 4399 2442 4475 ἦν
2466 4420 2596 4457 ποτε
2623 4403 2744 4458 καθ’
2768 4401 2936 4459 ἑαυτὰ
2965 4405 3130 4460 ἀπλᾶο
3152 4399 3226 4462 ὧν
3255 4407 3648 4482 συντεθέντων,

379 4497 722 4569 simplicibus
746 4491 1036 4564 componi;
1069 4499 1334 4560 erantque
1378 4490 1508 4546 olim
1539 4495 1787 4559 separata
1821 4489 1955 4544 sim-

374 4593 561 4664 plicia,
613 4605 845 4661 quorum
900 4585 1299 4657 compositione
1350 4583 1494 4639 facta
1547 4589 1632 4638 est
1687 4583 1951 4652 materia;

376 4683 680 4755 composita
737 4689 918 4736 autem
956 4679 1300 4749 simplicibus
1349 4675 1800 4732 constituuntur:
1835 4685 1953 4731 erat

374 4777 534 4847 plane
566 4789 691 4828 cum
724 4773 956 4828 materia
989 4786 1098 4826 non
1121 4779 1260 4834 erat,
1305 4769 1460 4839 prius
1501 4768 1761 4822 nimirum
1786 4781 1952 4838 quam

372 4865 640 4936 simplicia
668 4865 900 4919 coirent.
938 4861 1094 4929 Quod
1152 4861 1200 4917 si
1251 4866 1369 4916 erat
1407 4860 1759 4930 quandoque,
1824 4873 1950 4913 cum

375 4958 602 5014 materia
632 4973 741 5013 non
763 4963 916 5023 erat;
946 4969 1228 5025 nunquam
1252 4969 1381 5009 vero
1418 4951 1541 5016 fuit,
1576 4967 1699 5006 eum
1749 4950 1953 5021 ingeni-

371 5056 489 5102 tum
515 5063 623 5101 non
649 5053 795 5101 esset
828 5064 841 5100 :
874 5059 980 5100 non
1014 5059 1144 5114 ergo
1161 5042 1387 5097 materia
1417 5040 1660 5112 ingenita
1678 5047 1783 5094 est.
1816 5033 1950 5094 Por-

371 5155 438 5194 ro
491 5139 759 5210 sequitur,
822 5146 884 5192 ut
947 5135 1286 5192 admittenda
1345 5133 1458 5191 sint
1500 5135 1657 5205 plura
1684 5133 1978 5218 ingenitam

443 5333 575 5406 (50)Δ
592 5333 886 5406 Antequam
907 5332 1045 5406 enim
1073 5342 1320 5406 omnium
1359 5331 1626 5406 reciperet.
1663 5331 1800 5406 Πρὶν
1828 5333 1945 5386 δια-

372 5402 746 5476 κοσμηθῆναι.
767 5402 950 5476 Altera
977 5405 1138 5476 lectio
1164 5403 1542 5476 διακριθῆναι,
1573 5402 1736 5476 quam
1775 5403 1948 5457 inter-

408 5474 498 5530 res
532 5474 710 5528 PliOtii
756 5474 928 5542 magis
961 5475 1190 5543 probat:
1228 5475 1431 5543 ubique
1484 5474 1946 5543 tameniloquitur

427 5545 678 5600 ethodius
707 5543 775 5597 de
812 5542 1048 5607 ornatu,
1094 5542 1420 5598 formatione
1463 5551 1518 5598 et
1565 5542 1901 5610 perfectione
1925 5584 1940 5607 ,

369 5632 534 5687 quam
583 5613 1264 5687 rnateria_,_juxta_etiam
1308 5614 1633 5687 haereticos,
1677 5614 1942 5687 δημιουρ-

373 5682 494 5757 γίᾳ,
523 5700 554 5740 a
583 5682 692 5742 Deo
717 5683 946 5754 accipiat
974 5702 988 5741 ;
1025 5683 1093 5739 ad
1121 5699 1287 5755 quam
1328 5684 1515 5750 etiam,
1540 5694 1692 5755 parte
1727 5682 1942 5744 tantum

2054 4493 2276 4562 γέγονεν
2305 4497 2338 4567 ή
2365 4495 2464 4569 ὕλη
2484 4513 2500 4528 ο
2534 4497 2604 4552 τὰ
2623 4498 2679 4551 δὲ
2706 4497 2937 4551 σύνθετα
2961 4497 3018 4563 ἐξ
3045 4497 3231 4552 ἁπλῶν
3260 4498 3358 4570 τὴν
3382 4496 3650 4555 σύστασιν

2053 4585 2186 4657 ἔχει.
2211 4584 2319 4642 Ἦν
2345 4607 2474 4643 ποτε
2504 4587 2713 4662 καιρὸς,
2736 4591 2823 4643 ὅτε
2848 4588 2946 4662 ὕλη
2975 4590 3073 4643 οὐκ
3101 4585 3196 4660 ἦν·
3223 4591 3465 4645 τουτέστι
3495 4594 3649 4666 πλὴν

2051 4677 2121 4731 τὰ
2148 4679 2293 4733 ἁπλᾶ
2317 4681 2611 4735 συνελθεῖν.
2643 4683 2706 4735 Εἰ
2738 4681 2795 4735 δὲ
2828 4676 2898 4752 ἦν
2931 4698 3061 4735 ποτε
3093 4680 3304 4752 καιρὸς,
3335 4683 3423 4736 ὅτε
3461 4685 3493 4754 ἡ
3529 4684 3646 4758 ὕλη

2051 4770 2150 4824 οὐκ
2179 4765 2277 4841 ἦν·
2304 4772 2404 4826 οὐκ
2447 4769 2515 4844 ἦν
2552 4773 2610 4826 δέ
2657 4791 2786 4828 ποτε
2816 4774 3006 4846 καιρὸς
3029 4813 3043 4838 ,
3091 4774 3180 4826 ὅτε
3213 4775 3472 4845 ἀγένητον
3517 4776 3644 4849 (52)

2051 4864 2152 4917 οὐκ
2176 4861 2244 4936 ἦν
2260 4883 2272 4895 ·
2305 4866 2407 4920 οὐκ
2435 4867 2563 4938 (ἄρα
2583 4866 2757 4934 ἔσται)
2786 4864 3047 4938 ἀγένητος
3073 4869 3106 4939 ἡ
3136 4867 3258 4938 ὕλη.
3282 4868 3354 4921 Τὸ
3379 4869 3424 4922 δ’
3448 4869 3645 4922 ἐντεῦ-

2052 4953 2142 5008 θεν
2173 4956 2310 5027 (ἄρα
2340 4957 2523 5026 ἔσται)
2558 4959 2727 5013 πολλὰ
2770 4959 2840 5014 τὰ
2878 4961 3135 5032 ἀγένητα.
3171 4962 3236 5014 Εἰ
3265 4961 3373 5034 γὰρ
3403 4957 3470 5034 ἦν
3499 4963 3645 5031 ἀγέ-

2022 5102 2024 5104 τ
2051 5062 2211 5115 νητος
2253 5048 2280 5099 ὁ
2315 5048 2466 5115 Θεὸς,
2495 5045 2563 5120 ἦν
2608 5050 2666 5103 δὲ
2709 5051 2948 5122 ἀγένητα
2981 5052 3077 5104 καὶ
3109 5051 3178 5105 τὰ
3204 5053 3370 5117 ἁπλᾶ,
3404 5052 3462 5117 ἐξ
3490 5047 3570 5107 ὧν
3597 5057 3638 5126 ἡ

2051 5135 2151 5209 ὕλη
2203 5139 2489 5212 συνετέθη’
2537 5142 2639 5195 οὐκ
2694 5141 2804 5213 ἄρα
2858 5138 3078 5229 (ἔσται)
3110 5143 3205 5197 δύο
3236 5144 3330 5199 καὶ
3375 5145 3510 5215 μόνα
3560 5146 3642 5200 τὰ

2048 5346 2379 5405 perornata,
2430 5331 2679 5407 sequitur
2749 5337 3017 5405 ejusmodi
3070 5334 3371 5400 discretio,
3428 5340 3638 5389 contra

2046 5422 2220 5479 quam
2243 5419 2437 5462 auctor
2461 5409 2664 5479 arguit.

2121 5478 2231 5547 (51)
2265 5480 2461 5533 Αὐτὸν
2512 5472 2704 5532 (liuor
2763 5478 3008 5532 τούτων.
3059 5476 3142 5532 Ai.
3203 5477 3364 5532 αὐτὸν
3415 5472 3638 5528 τούτων

2045 5548 2272 5620 ποιητὴν
2303 5552 2475 5620 εἰπεῖν
2501 5550 2737 5620 ἀνάγκη.

2117 5619 2239 5691 (52)
2273 5619 2599 5691 Ἁγένητον.
2641 5619 2947 5693 Ἀγένητος.
