  <div class='ocr_page' id='page_1' title='image "/cluster/home/n/w/nwhite01/storage/ocr_20150623/18/nnc1.0046978550/138.png"; bbox 0 0 3864 6162; ppageno 0'>
   <div class='ocr_carea' id='block_1_1' title="bbox 218 255 3483 318">
    <p class='ocr_par' dir='ltr' id='par_1_1' title="bbox 218 255 3483 318">
     <span class='ocr_line' id='line_1_1' title="bbox 218 255 3483 318; baseline 0 -1"><span class='ocrx_word' id='word_1_1' title='bbox 218 262 320 318; x_wconf 78' lang='grc'><strong>261</strong></span> <span class='ocrx_word' id='word_1_2' title='bbox 1385 261 1511 318; x_wconf 81' lang='lat' dir='ltr'><strong>LIB.</strong></span> <span class='ocrx_word' id='word_1_3' title='bbox 1552 260 1640 316; x_wconf 87' lang='lat' dir='ltr'><strong>DE</strong></span> <span class='ocrx_word' id='word_1_4' title='bbox 1679 256 1927 314; x_wconf 80' lang='lat' dir='ltr'><strong>LIBERO</strong></span> <span class='ocrx_word' id='word_1_5' title='bbox 1965 255 2320 312; x_wconf 78' lang='lat' dir='ltr'><strong>ARBITRIO.</strong></span> <span class='ocrx_word' id='word_1_6' title='bbox 3375 261 3483 317; x_wconf 74' lang='lat'><strong>262</strong></span> 
     </span>
    </p>
   </div>
   <div class='ocr_carea' id='block_1_2' title="bbox 216 370 1781 447">
    <p class='ocr_par' dir='ltr' id='par_1_2' title="bbox 216 373 1781 447">
     <span class='ocr_line' id='line_1_2' title="bbox 216 373 1781 447; baseline -0.002 -17"><span class='ocrx_word' id='word_1_7' title='bbox 216 377 492 447; x_wconf 79' lang='grc' dir='ltr'><strong>ἀγένητα·</strong></span> <span class='ocrx_word' id='word_1_8' title='bbox 540 373 629 429; x_wconf 79' lang='grc' dir='ltr'>ἵνα</span> <span class='ocrx_word' id='word_1_9' title='bbox 667 375 899 446; x_wconf 80' lang='grc' dir='ltr'>παρήσω</span> <span class='ocrx_word' id='word_1_10' title='bbox 926 374 1037 446; x_wconf 78' lang='lat'>(53)</span> <span class='ocrx_word' id='word_1_11' title='bbox 1086 374 1146 428; x_wconf 82' lang='grc' dir='ltr'><strong>τὸ</strong></span> <span class='ocrx_word' id='word_1_12' title='bbox 1180 374 1547 446; x_wconf 77' lang='grc' dir='ltr'>ἐπιζητῆσαι,</span> <span class='ocrx_word' id='word_1_13' title='bbox 1591 376 1643 428; x_wconf 86' lang='grc' dir='ltr'><strong>τί</strong></span> <span class='ocrx_word' id='word_1_14' title='bbox 1672 375 1781 428; x_wconf 71' lang='grc' dir='ltr'>ὄντα</span> 
     </span>
    </p>
   </div>
   <div class='ocr_carea' id='block_1_3' title="bbox 1897 370 3486 447">
    <p class='ocr_par' dir='ltr' id='par_1_3' title="bbox 1901 370 3486 445">
     <span class='ocr_line' id='line_1_3' title="bbox 1901 370 3486 445; baseline 0.004 -19"><span class='ocrx_word' id='word_1_15' title='bbox 1901 372 2035 426; x_wconf 85' lang='lat' dir='ltr'><strong>Nam</strong></span> <span class='ocrx_word' id='word_1_16' title='bbox 2065 372 2113 427; x_wconf 91' lang='lat' dir='ltr'><strong>si</strong></span> <span class='ocrx_word' id='word_1_17' title='bbox 2169 370 2312 426; x_wconf 89' lang='lat' dir='ltr'><strong>Deus</strong></span> <span class='ocrx_word' id='word_1_18' title='bbox 2363 380 2482 426; x_wconf 89' lang='lat' dir='ltr'><strong>erat</strong></span> <span class='ocrx_word' id='word_1_19' title='bbox 2541 371 2852 442; x_wconf 83' lang='lat' dir='ltr'><strong>ingenitus,</strong></span> <span class='ocrx_word' id='word_1_20' title='bbox 2899 378 3164 443; x_wconf 77' lang='lat' dir='ltr'><strong>erantque</strong></span> <span class='ocrx_word' id='word_1_21' title='bbox 3213 373 3486 445; x_wconf 79' lang='lat' dir='ltr'><strong>simplicia</strong></span> 
     </span>
    </p>
   </div>
   <div class='ocr_carea' id='block_1_4' title="bbox 215 463 1781 539">
    <p class='ocr_par' dir='ltr' id='par_1_4' title="bbox 215 463 1781 539">
     <span class='ocr_line' id='line_1_4' title="bbox 215 463 1781 539; baseline -0.002 -17"><span class='ocrx_word' id='word_1_22' title='bbox 215 471 369 522; x_wconf 70' lang='grc' dir='ltr'>ἐστὶν</span> <span class='ocrx_word' id='word_1_23' title='bbox 423 468 602 523; x_wconf 78' lang='grc' dir='ltr'>ἀπλᾶο</span> <span class='ocrx_word' id='word_1_24' title='bbox 636 466 735 538; x_wconf 80' lang='grc' dir='ltr'>ὕλη</span> <span class='ocrx_word' id='word_1_25' title='bbox 759 509 773 533; x_wconf 92' lang='grc'><strong>,</strong></span> <span class='ocrx_word' id='word_1_26' title='bbox 807 469 840 539; x_wconf 88' lang='grc' dir='ltr'>ἢ</span> <span class='ocrx_word' id='word_1_27' title='bbox 893 465 1066 533; x_wconf 82' lang='grc' dir='ltr'>εἷδος;</span> <span class='ocrx_word' id='word_1_28' title='bbox 1120 468 1297 522; x_wconf 80' lang='grc' dir='ltr'>Πολλά</span> <span class='ocrx_word' id='word_1_29' title='bbox 1344 468 1453 538; x_wconf 79' lang='grc' dir='ltr'>γὰρ</span> <span class='ocrx_word' id='word_1_30' title='bbox 1498 468 1591 520; x_wconf 75' lang='grc' dir='ltr'>καὶ</span> <span class='ocrx_word' id='word_1_31' title='bbox 1629 463 1781 520; x_wconf 67' lang='grc' dir='ltr'>οὕτως</span> 
     </span>
    </p>
   </div>
   <div class='ocr_carea' id='block_1_5' title="bbox 1897 463 3483 539">
    <p class='ocr_par' dir='ltr' id='par_1_5' title="bbox 1907 463 3483 536">
     <span class='ocr_line' id='line_1_5' title="bbox 1907 463 3483 536; baseline 0.001 -16"><span class='ocrx_word' id='word_1_32' title='bbox 1907 467 1997 520; x_wconf 90' lang='lat' dir='ltr'><strong>illa</strong></span> <span class='ocrx_word' id='word_1_33' title='bbox 2029 466 2230 536; x_wconf 89' lang='lat' dir='ltr'><strong>quibus</strong></span> <span class='ocrx_word' id='word_1_34' title='bbox 2260 464 2486 518; x_wconf 90' lang='lat' dir='ltr'><strong>materia</strong></span> <span class='ocrx_word' id='word_1_35' title='bbox 2517 465 2820 535; x_wconf 89' lang='lat' dir='ltr'><strong>composita</strong></span> <span class='ocrx_word' id='word_1_36' title='bbox 2843 463 2966 528; x_wconf 84' lang='lat' dir='ltr'><strong>fuit,</strong></span> <span class='ocrx_word' id='word_1_37' title='bbox 2997 465 3236 536; x_wconf 83' lang='lat' dir='ltr'><strong>ingenita</strong></span> <span class='ocrx_word' id='word_1_38' title='bbox 3271 487 3282 520; x_wconf 86' lang='lat'>:</span> <span class='ocrx_word' id='word_1_39' title='bbox 3323 468 3483 536; x_wconf 80' lang='lat' dir='ltr'><strong>plane</strong></span> 
     </span>
    </p>
   </div>
   <div class='ocr_carea' id='block_1_6' title="bbox 213 557 1781 632">
    <p class='ocr_par' dir='ltr' id='par_1_6' title="bbox 213 557 1781 632">
     <span class='ocr_line' id='line_1_6' title="bbox 213 557 1781 632; baseline -0.003 -17"><span class='ocrx_word' id='word_1_40' title='bbox 213 562 393 615; x_wconf 74' lang='grc' dir='ltr'>ἄτοπα</span> <span class='ocrx_word' id='word_1_41' title='bbox 414 561 852 632; x_wconf 87' lang='grc' dir='ltr'>ἀκολουθήσειαν.</span> <span class='ocrx_word' id='word_1_42' title='bbox 881 565 1039 614; x_wconf 86' lang='grc' dir='ltr'>Δοκεῖ</span> <span class='ocrx_word' id='word_1_43' title='bbox 1069 562 1124 614; x_wconf 83' lang='grc' dir='ltr'><strong>δέ</strong></span> <span class='ocrx_word' id='word_1_44' title='bbox 1154 579 1235 615; x_wconf 88' lang='grc' dir='ltr'><strong>σοι</strong></span> <span class='ocrx_word' id='word_1_45' title='bbox 1279 561 1442 632; x_wconf 68' lang='grc' dir='ltr'>μηδὲν</span> <span class='ocrx_word' id='word_1_46' title='bbox 1483 560 1590 614; x_wconf 84' lang='grc' dir='ltr'><strong>τῶν</strong></span> <span class='ocrx_word' id='word_1_47' title='bbox 1630 557 1781 612; x_wconf 58' lang='grc' dir='ltr'>ὂντωι</span> 
     </span>
    </p>
   </div>
   <div class='ocr_carea' id='block_1_7' title="bbox 1897 557 3480 632">
    <p class='ocr_par' dir='ltr' id='par_1_7' title="bbox 1904 558 3480 631">
     <span class='ocr_line' id='line_1_7' title="bbox 1904 558 3480 631; baseline 0.002 -17"><span class='ocrx_word' id='word_1_48' title='bbox 1904 577 2015 616; x_wconf 85' lang='lat' dir='ltr'><strong>non</strong></span> <span class='ocrx_word' id='word_1_49' title='bbox 2043 568 2200 615; x_wconf 91' lang='lat' dir='ltr'><strong>erunt</strong></span> <span class='ocrx_word' id='word_1_50' title='bbox 2249 559 2482 630; x_wconf 86' lang='lat' dir='ltr'><strong>amplius</strong></span> <span class='ocrx_word' id='word_1_51' title='bbox 2531 558 2660 622; x_wconf 89' lang='lat' dir='ltr'><strong>duo,</strong></span> <span class='ocrx_word' id='word_1_52' title='bbox 2687 568 2741 614; x_wconf 89' lang='lat' dir='ltr'><strong>et</strong></span> <span class='ocrx_word' id='word_1_53' title='bbox 2770 560 2885 614; x_wconf 89' lang='lat' dir='ltr'><strong>sola</strong></span> <span class='ocrx_word' id='word_1_54' title='bbox 2912 560 3150 630; x_wconf 82' lang='lat' dir='ltr'><strong>ingenita</strong></span> <span class='ocrx_word' id='word_1_55' title='bbox 3179 579 3192 614; x_wconf 91' lang='lat'><strong>:</strong></span> <span class='ocrx_word' id='word_1_56' title='bbox 3251 567 3311 614; x_wconf 90' lang='lat' dir='ltr'><strong>ut</strong></span> <span class='ocrx_word' id='word_1_57' title='bbox 3344 578 3480 631; x_wconf 69' lang='lat' dir='ltr'><strong>prae-</strong></span> 
     </span>
    </p>
   </div>
   <div class='ocr_carea' id='block_1_8' title="bbox 214 653 949 724">
    <p class='ocr_par' dir='ltr' id='par_1_8' title="bbox 214 653 949 724">
     <span class='ocr_line' id='line_1_8' title="bbox 214 653 949 724; baseline -0.003 -16"><span class='ocrx_word' id='word_1_58' title='bbox 214 654 347 708; x_wconf 72' lang='grc' dir='ltr'>αὖτὸ</span> <span class='ocrx_word' id='word_1_59' title='bbox 375 653 551 724; x_wconf 80' lang='grc' dir='ltr'>ἑαυτῷ</span> <span class='ocrx_word' id='word_1_60' title='bbox 580 654 949 719; x_wconf 86' lang='grc' dir='ltr'>ἀντικεῖσθαι;</span> 
     </span>
    </p>
   </div>
   <div class='ocr_carea' id='block_1_9' title="bbox 1904 650 3480 724">
    <p class='ocr_par' dir='ltr' id='par_1_9' title="bbox 1904 650 3480 724">
     <span class='ocr_line' id='line_1_9' title="bbox 1904 650 3480 724; baseline -0.001 -16"><span class='ocrx_word' id='word_1_61' title='bbox 1904 653 2199 708; x_wconf 87' lang='lat' dir='ltr'><strong>termittam</strong></span> <span class='ocrx_word' id='word_1_62' title='bbox 2251 667 2532 721; x_wconf 81' lang='lat' dir='ltr'><strong>quaerere,</strong></span> <span class='ocrx_word' id='word_1_63' title='bbox 2592 652 2724 722; x_wconf 88' lang='lat' dir='ltr'><strong>quid</strong></span> <span class='ocrx_word' id='word_1_64' title='bbox 2755 650 2974 706; x_wconf 81' lang='lat' dir='ltr'><strong>&#39;fuerint</strong></span> <span class='ocrx_word' id='word_1_65' title='bbox 3031 652 3122 706; x_wconf 89' lang='lat' dir='ltr'><strong>illa</strong></span> <span class='ocrx_word' id='word_1_66' title='bbox 3175 653 3480 724; x_wconf 79' lang='lat' dir='ltr'><strong>simplicia;</strong></span> 
     </span>
    </p>
   </div>
   <div class='ocr_carea' id='block_1_10' title="bbox 219 741 3479 816">
    <p class='ocr_par' dir='ltr' id='par_1_10' title="bbox 219 741 3479 816">
     <span class='ocr_line' id='line_1_10' title="bbox 219 741 3479 816; baseline -0.001 -16"><span class='ocrx_word' id='word_1_67' title='bbox 219 764 344 801; x_wconf 89' lang='lat' dir='ltr'><strong>num</strong></span> <span class='ocrx_word' id='word_1_68' title='bbox 376 748 624 813; x_wconf 89' lang='lat' dir='ltr'><strong>materia,</strong></span> <span class='ocrx_word' id='word_1_69' title='bbox 655 762 726 800; x_wconf 87' lang='lat' dir='ltr'><strong>an</strong></span> <span class='ocrx_word' id='word_1_70' title='bbox 782 747 994 801; x_wconf 84' lang='lat' dir='ltr'><strong>forma?</strong></span> <span class='ocrx_word' id='word_1_71' title='bbox 1028 745 1163 799; x_wconf 89' lang='lat' dir='ltr'><strong>Nam</strong></span> <span class='ocrx_word' id='word_1_72' title='bbox 1196 745 1323 800; x_wconf 89' lang='lat' dir='ltr'><strong>hinc</strong></span> <span class='ocrx_word' id='word_1_73' title='bbox 1349 745 1510 799; x_wconf 84' lang='lat' dir='ltr'><strong>etiam</strong></span> <span class='ocrx_word' id='word_1_74' title='bbox 1537 752 1838 814; x_wconf 79' lang='lat' dir='ltr'><strong>sequentur</strong></span> <span class='ocrx_word' id='word_1_75' title='bbox 1870 744 2043 798; x_wconf 88' lang='lat' dir='ltr'><strong>multa</strong></span> <span class='ocrx_word' id='word_1_76' title='bbox 2077 744 2333 799; x_wconf 88' lang='lat' dir='ltr'><strong>absurda.</strong></span> <span class='ocrx_word' id='word_1_77' title='bbox 2394 741 2501 798; x_wconf 88' lang='lat' dir='ltr'><strong>Sed</strong></span> <span class='ocrx_word' id='word_1_78' title='bbox 2547 751 2601 799; x_wconf 90' lang='lat' dir='ltr'><strong>et</strong></span> <span class='ocrx_word' id='word_1_79' title='bbox 2633 744 2738 799; x_wconf 91' lang='lat' dir='ltr'><strong>hoc</strong></span> <span class='ocrx_word' id='word_1_80' title='bbox 2785 758 2972 816; x_wconf 77' lang='lat' dir='ltr'><strong>quaero</strong></span> <span class='ocrx_word' id='word_1_81' title='bbox 3011 763 3025 800; x_wconf 85' lang='lat'><strong>:</strong></span> <span class='ocrx_word' id='word_1_82' title='bbox 3054 743 3197 799; x_wconf 89' lang='lat' dir='ltr'><strong>Num</strong></span> <span class='ocrx_word' id='word_1_83' title='bbox 3261 742 3479 801; x_wconf 85' lang='lat' dir='ltr'><strong>videtur</strong></span> 
     </span>
    </p>
   </div>
   <div class='ocr_carea' id='block_1_11' title="bbox 215 839 1547 910">
    <p class='ocr_par' dir='ltr' id='par_1_11' title="bbox 215 839 1547 910">
     <span class='ocr_line' id='line_1_11' title="bbox 215 839 1547 910; baseline -0.002 -16"><span class='ocrx_word' id='word_1_84' title='bbox 215 842 352 894; x_wconf 84' lang='lat' dir='ltr'><strong>nihil</strong></span> <span class='ocrx_word' id='word_1_85' title='bbox 375 842 430 894; x_wconf 90' lang='lat' dir='ltr'><strong>in</strong></span> <span class='ocrx_word' id='word_1_86' title='bbox 452 842 616 897; x_wconf 83' lang='lat' dir='ltr'><strong>rebus</strong></span> <span class='ocrx_word' id='word_1_87' title='bbox 670 841 775 896; x_wconf 88' lang='lat' dir='ltr'><strong>sibi</strong></span> <span class='ocrx_word' id='word_1_88' title='bbox 809 845 988 910; x_wconf 89' lang='lat' dir='ltr'><strong>ipsum</strong></span> <span class='ocrx_word' id='word_1_89' title='bbox 1011 855 1135 895; x_wconf 89' lang='lat' dir='ltr'><strong>esse</strong></span> <span class='ocrx_word' id='word_1_90' title='bbox 1163 839 1547 894; x_wconf 88' lang='lat' dir='ltr'><strong>contrarium?</strong></span> 
     </span>
    </p>
   </div>
   <div class='ocr_carea' id='block_1_12' title="bbox 283 935 1390 988">
    <p class='ocr_par' dir='ltr' id='par_1_12' title="bbox 283 935 1390 988">
     <span class='ocr_line' id='line_1_12' title="bbox 283 935 1390 988; baseline -0.003 0"><span class='ocrx_word' id='word_1_91' title='bbox 283 935 493 988; x_wconf 74' lang='grc' dir='ltr'><strong>ΟΥΑΛ.</strong></span> <span class='ocrx_word' id='word_1_92' title='bbox 530 936 706 988; x_wconf 85' lang='grc' dir='ltr'>Δοκεῖ.</span> <span class='ocrx_word' id='word_1_93' title='bbox 1380 941 1390 950; x_wconf 93' lang='grc'><strong><em>“</em></strong></span> 
     </span>
    </p>
   </div>
   <div class='ocr_carea' id='block_1_13' title="bbox 279 1018 1798 1091">
    <p class='ocr_par' dir='ltr' id='par_1_13' title="bbox 279 1018 1798 1091">
     <span class='ocr_line' id='line_1_13' title="bbox 279 1018 1798 1091; baseline -0.001 -19"><span class='ocrx_word' id='word_1_94' title='bbox 279 1021 521 1074; x_wconf 82' lang='grc' dir='ltr'><strong>ΟΡΘΟΔ.</strong></span> <span class='ocrx_word' id='word_1_95' title='bbox 563 1021 888 1073; x_wconf 81' lang='grc' dir='ltr'>Ἀντίκειται</span> <span class='ocrx_word' id='word_1_96' title='bbox 930 1019 986 1072; x_wconf 86' lang='grc' dir='ltr'>δὲ</span> <span class='ocrx_word' id='word_1_97' title='bbox 1015 1018 1092 1089; x_wconf 85' lang='grc' dir='ltr'>τῷ</span> <span class='ocrx_word' id='word_1_98' title='bbox 1128 1020 1262 1090; x_wconf 79' lang='grc' dir='ltr'>πυρὶ</span> <span class='ocrx_word' id='word_1_99' title='bbox 1298 1019 1358 1072; x_wconf 81' lang='grc' dir='ltr'>τὸ</span> <span class='ocrx_word' id='word_1_100' title='bbox 1383 1018 1526 1091; x_wconf 76' lang='grc' dir='ltr'>ὕδωρ</span> <span class='ocrx_word' id='word_1_101' title='bbox 1549 1037 1562 1049; x_wconf 69' lang='grc'><strong><em>⁸</em></strong></span> <span class='ocrx_word' id='word_1_102' title='bbox 1597 1019 1691 1072; x_wconf 76' lang='grc' dir='ltr'><strong>καὶ</strong></span> <span class='ocrx_word' id='word_1_103' title='bbox 1720 1018 1798 1090; x_wconf 86' lang='grc' dir='ltr'><strong>τῷ</strong></span> 
     </span>
    </p>
   </div>
   <div class='ocr_carea' id='block_1_14' title="bbox 1981 920 2414 978">
    <p class='ocr_par' dir='ltr' id='par_1_14' title="bbox 1981 920 2414 978">
     <span class='ocr_line' id='line_1_14' title="bbox 1981 920 2414 978; baseline 0.007 -4"><span class='ocrx_word' id='word_1_104' title='bbox 1981 920 2136 978; x_wconf 80' lang='lat' dir='ltr'><strong>VAL.</strong></span> <span class='ocrx_word' id='word_1_105' title='bbox 2168 920 2414 977; x_wconf 76' lang='lat' dir='ltr'><strong>Videtur.</strong></span> 
     </span>
    </p>
   </div>
   <div class='ocr_carea' id='block_1_15' title="bbox 1973 1013 3480 1088">
    <p class='ocr_par' dir='ltr' id='par_1_15' title="bbox 1973 1013 3480 1088">
     <span class='ocr_line' id='line_1_15' title="bbox 1973 1013 3480 1088; baseline 0.007 -20"><span class='ocrx_word' id='word_1_106' title='bbox 1973 1013 2182 1070; x_wconf 79' lang='lat' dir='ltr'><strong>ORTH.</strong></span> <span class='ocrx_word' id='word_1_107' title='bbox 2208 1015 2370 1085; x_wconf 86' lang='lat' dir='ltr'><strong>Atqui</strong></span> <span class='ocrx_word' id='word_1_108' title='bbox 2409 1015 2520 1085; x_wconf 81' lang='lat' dir='ltr'><strong>igni</strong></span> <span class='ocrx_word' id='word_1_109' title='bbox 2548 1016 2824 1070; x_wconf 88' lang='lat' dir='ltr'><strong>contraria</strong></span> <span class='ocrx_word' id='word_1_110' title='bbox 2855 1025 2940 1071; x_wconf 91' lang='lat' dir='ltr'><strong>est</strong></span> <span class='ocrx_word' id='word_1_111' title='bbox 2967 1027 3138 1088; x_wconf 86' lang='lat' dir='ltr'><strong>aqua;</strong></span> <span class='ocrx_word' id='word_1_112' title='bbox 3191 1027 3245 1074; x_wconf 90' lang='lat' dir='ltr'><strong>et</strong></span> <span class='ocrx_word' id='word_1_113' title='bbox 3268 1021 3375 1076; x_wconf 91' lang='lat' dir='ltr'><strong>luci</strong></span> <span class='ocrx_word' id='word_1_114' title='bbox 3401 1032 3480 1081; x_wconf 86' lang='lat' dir='ltr'><strong>te-</strong></span> 
     </span>
    </p>
   </div>
   <div class='ocr_carea' id='block_1_16' title="bbox 211 1107 1781 1197">
    <p class='ocr_par' dir='ltr' id='par_1_16' title="bbox 211 1107 1781 1181">
     <span class='ocr_line' id='line_1_16' title="bbox 211 1107 1781 1181; baseline -0.001 -19"><span class='ocrx_word' id='word_1_115' title='bbox 211 1111 351 1179; x_wconf 72' lang='grc' dir='ltr'>φωτὶ</span> <span class='ocrx_word' id='word_1_116' title='bbox 386 1111 447 1162; x_wconf 82' lang='grc' dir='ltr'><strong>τὸ</strong></span> <span class='ocrx_word' id='word_1_117' title='bbox 496 1111 719 1173; x_wconf 76' lang='grc' dir='ltr'>σκότος’</span> <span class='ocrx_word' id='word_1_118' title='bbox 755 1110 849 1164; x_wconf 77' lang='grc' dir='ltr'><strong>καὶ</strong></span> <span class='ocrx_word' id='word_1_119' title='bbox 879 1109 958 1180; x_wconf 80' lang='grc' dir='ltr'>τῷ</span> <span class='ocrx_word' id='word_1_120' title='bbox 997 1109 1190 1181; x_wconf 71' lang='grc' dir='ltr'>ψυχρῷ</span> <span class='ocrx_word' id='word_1_121' title='bbox 1221 1107 1281 1162; x_wconf 82' lang='grc' dir='ltr'><strong>τὸ</strong></span> <span class='ocrx_word' id='word_1_122' title='bbox 1326 1109 1556 1181; x_wconf 87' lang='grc' dir='ltr'>θερμόν·</span> <span class='ocrx_word' id='word_1_123' title='bbox 1589 1110 1680 1163; x_wconf 74' lang='grc' dir='ltr'>καὶ</span> <span class='ocrx_word' id='word_1_124' title='bbox 1719 1108 1781 1179; x_wconf 68' lang='grc' dir='ltr'><strong>τίς</strong></span> 
     </span>
    </p>
   </div>
   <div class='ocr_carea' id='block_1_17' title="bbox 1897 1107 3322 1197">
    <p class='ocr_par' dir='ltr' id='par_1_17' title="bbox 1899 1107 3322 1178">
     <span class='ocr_line' id='line_1_17' title="bbox 1899 1107 3322 1178; baseline 0.006 -18"><span class='ocrx_word' id='word_1_125' title='bbox 1899 1107 2111 1174; x_wconf 67' lang='lat' dir='ltr'><strong>netu-aa;</strong></span> <span class='ocrx_word' id='word_1_126' title='bbox 2147 1116 2198 1163; x_wconf 84' lang='lat' dir='ltr'><strong>et</strong></span> <span class='ocrx_word' id='word_1_127' title='bbox 2223 1107 2418 1178; x_wconf 79' lang='lat' dir='ltr'><strong>frigido</strong></span> <span class='ocrx_word' id='word_1_128' title='bbox 2448 1107 2720 1176; x_wconf 88' lang='lat' dir='ltr'><strong>calidum;</strong></span> <span class='ocrx_word' id='word_1_129' title='bbox 2744 1115 2798 1164; x_wconf 88' lang='lat' dir='ltr'><strong>et</strong></span> <span class='ocrx_word' id='word_1_130' title='bbox 2829 1109 2982 1166; x_wconf 86' lang='lat' dir='ltr'><strong>arido</strong></span> <span class='ocrx_word' id='word_1_131' title='bbox 3015 1111 3322 1169; x_wconf 88' lang='lat' dir='ltr'><strong>humidum.</strong></span> 
     </span>
    </p>
   </div>
   <div class='ocr_carea' id='block_1_18' title="bbox 210 1201 668 1273">
    <p class='ocr_par' dir='ltr' id='par_1_18' title="bbox 210 1201 668 1273">
     <span class='ocr_line' id='line_1_18' title="bbox 210 1201 668 1273; baseline 0.004 -20"><span class='ocrx_word' id='word_1_132' title='bbox 210 1203 273 1272; x_wconf 76' lang='grc' dir='ltr'>ξη</span> <span class='ocrx_word' id='word_1_133' title='bbox 283 1201 364 1273; x_wconf 82' lang='grc' dir='ltr'>ρῷ</span> <span class='ocrx_word' id='word_1_134' title='bbox 387 1202 449 1254; x_wconf 73' lang='grc' dir='ltr'>τὸ</span> <span class='ocrx_word' id='word_1_135' title='bbox 482 1202 668 1272; x_wconf 74' lang='grc' dir='ltr'>ὑγρόν.</span> 
     </span>
    </p>
   </div>
   <div class='ocr_carea' id='block_1_19' title="bbox 187 1293 1311 1364">
    <p class='ocr_par' dir='ltr' id='par_1_19' title="bbox 187 1293 1311 1364">
     <span class='ocr_line' id='line_1_19' title="bbox 187 1293 1311 1364; baseline 0 -17"><span class='ocrx_word' id='word_1_136' title='bbox 187 1311 197 1324; x_wconf 72' lang='grc'><strong><em>⁸</em></strong></span> <span class='ocrx_word' id='word_1_137' title='bbox 278 1295 490 1349; x_wconf 77' lang='grc' dir='ltr'><strong>ΟΥΑΛ.</strong></span> <span class='ocrx_word' id='word_1_138' title='bbox 523 1294 710 1358; x_wconf 76' lang='grc' dir='ltr'>Οὕτως</span> <span class='ocrx_word' id='word_1_139' title='bbox 740 1293 882 1364; x_wconf 78' lang='grc' dir='ltr'>ἔχειν</span> <span class='ocrx_word' id='word_1_140' title='bbox 910 1293 984 1364; x_wconf 80' lang='grc' dir='ltr'><strong>μὴ</strong></span> <span class='ocrx_word' id='word_1_141' title='bbox 1012 1293 1119 1364; x_wconf 68' lang='grc'>(54)</span> <span class='ocrx_word' id='word_1_142' title='bbox 1147 1294 1311 1347; x_wconf 89' lang='grc' dir='ltr'>δοκεῖ.</span> 
     </span>
    </p>
   </div>
   <div class='ocr_carea' id='block_1_20' title="bbox 275 1383 1793 1458">
    <p class='ocr_par' dir='ltr' id='par_1_20' title="bbox 275 1383 1793 1458">
     <span class='ocr_line' id='line_1_20' title="bbox 275 1383 1793 1458; baseline 0.001 -20"><span class='ocrx_word' id='word_1_143' title='bbox 275 1385 515 1438; x_wconf 80' lang='grc' dir='ltr'><strong>ΟΡΘΟΔ.</strong></span> <span class='ocrx_word' id='word_1_144' title='bbox 567 1385 774 1439; x_wconf 74' lang='grc' dir='ltr'>Οὐκοῦν</span> <span class='ocrx_word' id='word_1_145' title='bbox 823 1388 871 1438; x_wconf 81' lang='grc' dir='ltr'><strong>εί</strong></span> <span class='ocrx_word' id='word_1_146' title='bbox 909 1385 1074 1456; x_wconf 84' lang='grc' dir='ltr'>μηδὲν</span> <span class='ocrx_word' id='word_1_147' title='bbox 1102 1386 1208 1438; x_wconf 89' lang='grc' dir='ltr'><strong>τῶν</strong></span> <span class='ocrx_word' id='word_1_148' title='bbox 1248 1385 1416 1439; x_wconf 76' lang='grc' dir='ltr'>ὄντων</span> <span class='ocrx_word' id='word_1_149' title='bbox 1450 1383 1581 1439; x_wconf 78' lang='grc' dir='ltr'>αὐτὸ</span> <span class='ocrx_word' id='word_1_150' title='bbox 1615 1384 1793 1458; x_wconf 81' lang='grc' dir='ltr'>ἑαυτῷ</span> 
     </span>
    </p>
   </div>
   <div class='ocr_carea' id='block_1_21' title="bbox 205 1478 1793 1549">
    <p class='ocr_par' dir='ltr' id='par_1_21' title="bbox 205 1478 1793 1549">
     <span class='ocr_line' id='line_1_21' title="bbox 205 1478 1793 1549; baseline 0.003 -17"><span class='ocrx_word' id='word_1_151' title='bbox 205 1478 527 1545; x_wconf 86' lang='grc' dir='ltr'>ἀντίκειται,</span> <span class='ocrx_word' id='word_1_152' title='bbox 563 1478 812 1549; x_wconf 85' lang='grc' dir='ltr'>ἀλλήλοις</span> <span class='ocrx_word' id='word_1_153' title='bbox 843 1479 901 1532; x_wconf 80' lang='grc' dir='ltr'>δὲ</span> <span class='ocrx_word' id='word_1_154' title='bbox 939 1480 1111 1532; x_wconf 80' lang='grc' dir='ltr'>ταῦτα</span> <span class='ocrx_word' id='word_1_155' title='bbox 1141 1479 1476 1534; x_wconf 84' lang='grc' dir='ltr'>ἀντίκειται·</span> <span class='ocrx_word' id='word_1_156' title='bbox 1508 1482 1608 1535; x_wconf 80' lang='grc' dir='ltr'><strong>οὐκ</strong></span> <span class='ocrx_word' id='word_1_157' title='bbox 1638 1483 1793 1537; x_wconf 76' lang='grc' dir='ltr'>ἔσον-</span> 
     </span>
    </p>
   </div>
   <div class='ocr_carea' id='block_1_22' title="bbox 1969 1288 2638 1344">
    <p class='ocr_par' dir='ltr' id='par_1_22' title="bbox 1969 1288 2638 1344">
     <span class='ocr_line' id='line_1_22' title="bbox 1969 1288 2638 1344; baseline 0.003 -2"><span class='ocrx_word' id='word_1_158' title='bbox 1969 1288 2126 1343; x_wconf 87' lang='lat' dir='ltr'><strong>VAL.</strong></span> <span class='ocrx_word' id='word_1_159' title='bbox 2154 1288 2282 1343; x_wconf 84' lang='lat' dir='ltr'><strong>Mihi</strong></span> <span class='ocrx_word' id='word_1_160' title='bbox 2307 1289 2382 1343; x_wconf 85' lang='lat' dir='ltr'><strong>ita</strong></span> <span class='ocrx_word' id='word_1_161' title='bbox 2407 1289 2638 1344; x_wconf 82' lang='lat' dir='ltr'><strong>videtur.</strong></span> 
     </span>
    </p>
   </div>
   <div class='ocr_carea' id='block_1_23' title="bbox 1969 1382 3472 1456">
    <p class='ocr_par' dir='ltr' id='par_1_23' title="bbox 1969 1382 3472 1456">
     <span class='ocr_line' id='line_1_23' title="bbox 1969 1382 3472 1456; baseline 0.003 -18"><span class='ocrx_word' id='word_1_162' title='bbox 1969 1382 2178 1438; x_wconf 78' lang='lat' dir='ltr'><strong>ORTH.</strong></span> <span class='ocrx_word' id='word_1_163' title='bbox 2209 1382 2350 1453; x_wconf 81' lang='lat' dir='ltr'><strong>Ergo</strong></span> <span class='ocrx_word' id='word_1_164' title='bbox 2378 1382 2421 1436; x_wconf 92' lang='lat' dir='ltr'><strong>si</strong></span> <span class='ocrx_word' id='word_1_165' title='bbox 2446 1384 2596 1437; x_wconf 89' lang='lat' dir='ltr'><strong>nulla</strong></span> <span class='ocrx_word' id='word_1_166' title='bbox 2625 1396 2713 1438; x_wconf 92' lang='lat' dir='ltr'><strong>res</strong></span> <span class='ocrx_word' id='word_1_167' title='bbox 2752 1382 2856 1439; x_wconf 84' lang='lat' dir='ltr'><strong>sibi</strong></span> <span class='ocrx_word' id='word_1_168' title='bbox 2898 1383 3016 1454; x_wconf 88' lang='lat' dir='ltr'><strong>ipsa</strong></span> <span class='ocrx_word' id='word_1_169' title='bbox 3049 1387 3325 1442; x_wconf 86' lang='lat' dir='ltr'><strong>contraria</strong></span> <span class='ocrx_word' id='word_1_170' title='bbox 3354 1397 3472 1456; x_wconf 89' lang='lat' dir='ltr'><strong>est;</strong></span> 
     </span>
    </p>
   </div>
   <div class='ocr_carea' id='block_1_24' title="bbox 1899 1474 3473 1547">
    <p class='ocr_par' dir='ltr' id='par_1_24' title="bbox 1899 1474 3473 1547">
     <span class='ocr_line' id='line_1_24' title="bbox 1899 1474 3473 1547; baseline 0.005 -19"><span class='ocrx_word' id='word_1_171' title='bbox 1899 1474 2014 1529; x_wconf 63' lang='lat' dir='ltr'><strong>haec</strong></span> <span class='ocrx_word' id='word_1_172' title='bbox 2045 1483 2228 1529; x_wconf 90' lang='lat' dir='ltr'><strong>autem</strong></span> <span class='ocrx_word' id='word_1_173' title='bbox 2284 1474 2387 1530; x_wconf 91' lang='lat' dir='ltr'><strong>sibi</strong></span> <span class='ocrx_word' id='word_1_174' title='bbox 2431 1482 2778 1546; x_wconf 83' lang='lat' dir='ltr'><strong>repugnant:</strong></span> <span class='ocrx_word' id='word_1_175' title='bbox 2844 1493 2956 1532; x_wconf 89' lang='lat' dir='ltr'><strong>non</strong></span> <span class='ocrx_word' id='word_1_176' title='bbox 2997 1493 3125 1547; x_wconf 86' lang='lat' dir='ltr'><strong>ergo</strong></span> <span class='ocrx_word' id='word_1_177' title='bbox 3151 1490 3312 1536; x_wconf 89' lang='lat' dir='ltr'><strong>erunt</strong></span> <span class='ocrx_word' id='word_1_178' title='bbox 3357 1483 3473 1536; x_wconf 91' lang='lat' dir='ltr'><strong>sola</strong></span> 
     </span>
    </p>
   </div>
   <div class='ocr_carea' id='block_1_25' title="bbox 203 1567 1781 1644">
    <p class='ocr_par' dir='ltr' id='par_1_25' title="bbox 203 1570 1781 1644">
     <span class='ocr_line' id='line_1_25' title="bbox 203 1570 1781 1644; baseline 0.003 -20"><span class='ocrx_word' id='word_1_179' title='bbox 203 1587 293 1625; x_wconf 85' lang='grc' dir='ltr'><strong>ται</strong></span> <span class='ocrx_word' id='word_1_180' title='bbox 331 1571 434 1642; x_wconf 80' lang='grc' dir='ltr'><strong>ὕλη</strong></span> <span class='ocrx_word' id='word_1_181' title='bbox 483 1571 602 1642; x_wconf 84' lang='grc' dir='ltr'>μία,</span> <span class='ocrx_word' id='word_1_182' title='bbox 633 1572 754 1626; x_wconf 80' lang='grc' dir='ltr'>οὐδὲ</span> <span class='ocrx_word' id='word_1_183' title='bbox 792 1572 896 1643; x_wconf 86' lang='grc' dir='ltr'><strong>μὴν</strong></span> <span class='ocrx_word' id='word_1_184' title='bbox 927 1572 985 1636; x_wconf 74' lang='grc' dir='ltr'>ἐξ</span> <span class='ocrx_word' id='word_1_185' title='bbox 1017 1570 1150 1644; x_wconf 75' lang='grc' dir='ltr'>ὕλης</span> <span class='ocrx_word' id='word_1_186' title='bbox 1197 1577 1347 1644; x_wconf 78' lang='grc' dir='ltr'>μιᾶς.</span> <span class='ocrx_word' id='word_1_187' title='bbox 1387 1575 1556 1630; x_wconf 84' lang='grc' dir='ltr'>Πάλιν</span> <span class='ocrx_word' id='word_1_188' title='bbox 1592 1576 1650 1629; x_wconf 86' lang='grc' dir='ltr'>δὲ</span> <span class='ocrx_word' id='word_1_189' title='bbox 1692 1591 1781 1629; x_wconf 83' lang='grc' dir='ltr'><strong>πυ-</strong></span> 
     </span>
    </p>
   </div>
   <div class='ocr_carea' id='block_1_26' title="bbox 1897 1567 3475 1644">
    <p class='ocr_par' dir='ltr' id='par_1_26' title="bbox 1898 1567 3475 1638">
     <span class='ocr_line' id='line_1_26' title="bbox 1898 1567 3475 1638; baseline 0.006 -19"><span class='ocrx_word' id='word_1_190' title='bbox 1898 1567 2169 1631; x_wconf 86' lang='lat' dir='ltr'><strong>materia;</strong></span> <span class='ocrx_word' id='word_1_191' title='bbox 2203 1567 2313 1621; x_wconf 92' lang='lat' dir='ltr'><strong>imo</strong></span> <span class='ocrx_word' id='word_1_192' title='bbox 2339 1583 2516 1638; x_wconf 89' lang='lat' dir='ltr'><strong>neque</strong></span> <span class='ocrx_word' id='word_1_193' title='bbox 2543 1581 2610 1623; x_wconf 84' lang='lat' dir='ltr'><strong>ex</strong></span> <span class='ocrx_word' id='word_1_194' title='bbox 2645 1569 2874 1623; x_wconf 83' lang='lat' dir='ltr'><strong>materia</strong></span> <span class='ocrx_word' id='word_1_195' title='bbox 2906 1570 3042 1624; x_wconf 87' lang='lat' dir='ltr'><strong>sola.</strong></span> <span class='ocrx_word' id='word_1_196' title='bbox 3077 1569 3314 1628; x_wconf 83' lang='lat' dir='ltr'><strong>Rursum</strong></span> <span class='ocrx_word' id='word_1_197' title='bbox 3346 1588 3475 1628; x_wconf 83' lang='lat' dir='ltr'><strong>vero</strong></span> 
     </span>
    </p>
   </div>
   <div class='ocr_carea' id='block_1_27' title="bbox 205 1655 1781 1740">
    <p class='ocr_par' dir='ltr' id='par_1_27' title="bbox 205 1663 1781 1740">
     <span class='ocr_line' id='line_1_27' title="bbox 205 1663 1781 1740; baseline 0.004 -24"><span class='ocrx_word' id='word_1_198' title='bbox 205 1663 394 1718; x_wconf 79' lang='grc' dir='ltr'><strong>θέσθαι</strong></span> <span class='ocrx_word' id='word_1_199' title='bbox 434 1664 725 1737; x_wconf 78' lang='grc' dir='ltr'>βούλομαι·</span> <span class='ocrx_word' id='word_1_200' title='bbox 759 1667 917 1719; x_wconf 86' lang='grc' dir='ltr'>Δοκεῖ</span> <span class='ocrx_word' id='word_1_201' title='bbox 951 1682 1032 1719; x_wconf 83' lang='grc' dir='ltr'><strong>σοι</strong></span> <span class='ocrx_word' id='word_1_202' title='bbox 1077 1665 1144 1719; x_wconf 78' lang='grc' dir='ltr'>τὰ</span> <span class='ocrx_word' id='word_1_203' title='bbox 1183 1667 1323 1737; x_wconf 86' lang='grc' dir='ltr'>μέρη</span> <span class='ocrx_word' id='word_1_204' title='bbox 1360 1668 1434 1739; x_wconf 82' lang='grc' dir='ltr'><strong>μὴ</strong></span> <span class='ocrx_word' id='word_1_205' title='bbox 1473 1669 1781 1740; x_wconf 83' lang='grc' dir='ltr'>ἀναιρετικὰ</span> 
     </span>
    </p>
   </div>
   <div class='ocr_carea' id='block_1_28' title="bbox 1897 1655 3476 1740">
    <p class='ocr_par' dir='ltr' id='par_1_28' title="bbox 1897 1655 3476 1730">
     <span class='ocr_line' id='line_1_28' title="bbox 1897 1655 3476 1730; baseline 0.005 -20"><span class='ocrx_word' id='word_1_206' title='bbox 1897 1657 2058 1710; x_wconf 85' lang='lat' dir='ltr'><strong>velim</strong></span> <span class='ocrx_word' id='word_1_207' title='bbox 2087 1657 2276 1711; x_wconf 88' lang='lat' dir='ltr'><strong>audire</strong></span> <span class='ocrx_word' id='word_1_208' title='bbox 2309 1677 2320 1710; x_wconf 91' lang='lat'><strong>:</strong></span> <span class='ocrx_word' id='word_1_209' title='bbox 2355 1655 2498 1710; x_wconf 85' lang='lat' dir='ltr'><strong>Num</strong></span> <span class='ocrx_word' id='word_1_210' title='bbox 2531 1666 2692 1728; x_wconf 87' lang='lat' dir='ltr'><strong>putas</strong></span> <span class='ocrx_word' id='word_1_211' title='bbox 2721 1665 2906 1729; x_wconf 88' lang='lat' dir='ltr'><strong>partes</strong></span> <span class='ocrx_word' id='word_1_212' title='bbox 2939 1675 3050 1713; x_wconf 84' lang='lat' dir='ltr'><strong>non</strong></span> <span class='ocrx_word' id='word_1_213' title='bbox 3091 1672 3151 1716; x_wconf 86' lang='lat' dir='ltr'><strong>se</strong></span> <span class='ocrx_word' id='word_1_214' title='bbox 3195 1661 3344 1730; x_wconf 85' lang='lat' dir='ltr'><strong>ipsas</strong></span> <span class='ocrx_word' id='word_1_215' title='bbox 3388 1663 3476 1718; x_wconf 83' lang='lat' dir='ltr'><strong>in-</strong></span> 
     </span>
    </p>
   </div>
   <div class='ocr_carea' id='block_1_29' title="bbox 201 1753 660 1828">
    <p class='ocr_par' dir='ltr' id='par_1_29' title="bbox 201 1753 660 1828">
     <span class='ocr_line' id='line_1_29' title="bbox 201 1753 660 1828; baseline 0.009 -20"><span class='ocrx_word' id='word_1_216' title='bbox 201 1756 452 1828; x_wconf 77' lang='grc' dir='ltr'>ἀλλήλων</span> <span class='ocrx_word' id='word_1_217' title='bbox 481 1753 619 1812; x_wconf 84' lang='grc' dir='ltr'>εἶναι</span> <span class='ocrx_word' id='word_1_218' title='bbox 645 1775 660 1825; x_wconf 90' lang='lat'><strong>;</strong></span> 
     </span>
    </p>
   </div>
   <div class='ocr_carea' id='block_1_30' title="bbox 274 1847 695 1904">
    <p class='ocr_par' dir='ltr' id='par_1_30' title="bbox 274 1847 695 1904">
     <span class='ocr_line' id='line_1_30' title="bbox 274 1847 695 1904; baseline 0.01 -6"><span class='ocrx_word' id='word_1_219' title='bbox 274 1847 486 1900; x_wconf 85' lang='grc' dir='ltr'><strong>ΟΥΑΛ.</strong></span> <span class='ocrx_word' id='word_1_220' title='bbox 523 1849 695 1904; x_wconf 91' lang='grc' dir='ltr'>Δοκεῖ.</span> 
     </span>
    </p>
   </div>
   <div class='ocr_carea' id='block_1_31' title="bbox 272 1936 1789 2018">
    <p class='ocr_par' dir='ltr' id='par_1_31' title="bbox 272 1936 1789 2018">
     <span class='ocr_line' id='line_1_31' title="bbox 272 1936 1789 2018; baseline 0.007 -27"><span class='ocrx_word' id='word_1_221' title='bbox 272 1939 513 1993; x_wconf 88' lang='grc' dir='ltr'><strong>ΟΡΘΟΔ.</strong></span> <span class='ocrx_word' id='word_1_222' title='bbox 564 1936 719 1993; x_wconf 70' lang='grc' dir='ltr'>Εἶναι</span> <span class='ocrx_word' id='word_1_223' title='bbox 757 1939 812 1993; x_wconf 83' lang='grc' dir='ltr'><strong>δὲ</strong></span> <span class='ocrx_word' id='word_1_224' title='bbox 844 1941 940 2012; x_wconf 86' lang='grc' dir='ltr'>τῆς</span> <span class='ocrx_word' id='word_1_225' title='bbox 979 1941 1110 2012; x_wconf 84' lang='grc' dir='ltr'>ὓλης</span> <span class='ocrx_word' id='word_1_226' title='bbox 1138 1943 1331 2014; x_wconf 83' lang='grc' dir='ltr'><strong>μέρος·</strong></span> <span class='ocrx_word' id='word_1_227' title='bbox 1367 1940 1428 1997; x_wconf 87' lang='grc' dir='ltr'>τό</span> <span class='ocrx_word' id='word_1_228' title='bbox 1460 1962 1519 1999; x_wconf 86' lang='grc' dir='ltr'><strong>τε</strong></span> <span class='ocrx_word' id='word_1_229' title='bbox 1553 1945 1665 2018; x_wconf 78' lang='grc' dir='ltr'><strong>πῦρ</strong></span> <span class='ocrx_word' id='word_1_230' title='bbox 1696 1949 1789 2002; x_wconf 76' lang='grc' dir='ltr'><strong>καὶ</strong></span> 
     </span>
    </p>
   </div>
   <div class='ocr_carea' id='block_1_32' title="bbox 199 2028 1272 2100">
    <p class='ocr_par' dir='ltr' id='par_1_32' title="bbox 199 2028 1272 2100">
     <span class='ocr_line' id='line_1_32' title="bbox 199 2028 1272 2100; baseline 0.007 -20"><span class='ocrx_word' id='word_1_231' title='bbox 199 2029 262 2081; x_wconf 82' lang='grc' dir='ltr'><strong>τὸ</strong></span> <span class='ocrx_word' id='word_1_232' title='bbox 296 2028 467 2099; x_wconf 80' lang='grc' dir='ltr'>ὕδωρ,</span> <span class='ocrx_word' id='word_1_233' title='bbox 488 2030 752 2095; x_wconf 82' lang='grc' dir='ltr'><strong>ὡσαύτως</strong></span> <span class='ocrx_word' id='word_1_234' title='bbox 778 2031 835 2085; x_wconf 84' lang='grc' dir='ltr'>δὲ</span> <span class='ocrx_word' id='word_1_235' title='bbox 860 2033 953 2086; x_wconf 81' lang='grc' dir='ltr'><strong>καὶ</strong></span> <span class='ocrx_word' id='word_1_236' title='bbox 977 2033 1046 2086; x_wconf 86' lang='grc' dir='ltr'><strong>τὰ</strong></span> <span class='ocrx_word' id='word_1_237' title='bbox 1074 2032 1238 2089; x_wconf 87' lang='grc' dir='ltr'>λοιπά</span> <span class='ocrx_word' id='word_1_238' title='bbox 1258 2076 1272 2100; x_wconf 94' lang='grc'><strong>,</strong></span> 
     </span>
    </p>
   </div>
   <div class='ocr_carea' id='block_1_33' title="bbox 273 2121 871 2193">
    <p class='ocr_par' dir='ltr' id='par_1_33' title="bbox 273 2121 871 2193">
     <span class='ocr_line' id='line_1_33' title="bbox 273 2121 871 2193; baseline 0.01 -21"><span class='ocrx_word' id='word_1_239' title='bbox 273 2121 482 2175; x_wconf 79' lang='grc' dir='ltr'>ΟΥΑΛ.</span> <span class='ocrx_word' id='word_1_240' title='bbox 519 2121 708 2187; x_wconf 73' lang='grc' dir='ltr'>Οὕτως</span> <span class='ocrx_word' id='word_1_241' title='bbox 743 2123 871 2193; x_wconf 77' lang='grc' dir='ltr'>ἔχω.</span> 
     </span>
    </p>
   </div>
   <div class='ocr_carea' id='block_1_34' title="bbox 269 2212 1787 2292">
    <p class='ocr_par' dir='ltr' id='par_1_34' title="bbox 269 2212 1787 2292">
     <span class='ocr_line' id='line_1_34' title="bbox 269 2212 1787 2292; baseline 0.009 -29"><span class='ocrx_word' id='word_1_242' title='bbox 269 2212 508 2266; x_wconf 79' lang='grc' dir='ltr'><strong>ΟΡΘΟΔ.</strong></span> <span class='ocrx_word' id='word_1_243' title='bbox 547 2215 612 2266; x_wconf 90' lang='grc' dir='ltr'>Τί</span> <span class='ocrx_word' id='word_1_244' title='bbox 643 2215 736 2280; x_wconf 86' lang='grc' dir='ltr'>δέ;</span> <span class='ocrx_word' id='word_1_245' title='bbox 763 2216 822 2268; x_wconf 85' lang='grc' dir='ltr'><strong>οὑ</strong></span> <span class='ocrx_word' id='word_1_246' title='bbox 854 2217 1002 2271; x_wconf 91' lang='grc' dir='ltr'>δοκεῖ</span> <span class='ocrx_word' id='word_1_247' title='bbox 1034 2234 1114 2270; x_wconf 91' lang='grc' dir='ltr'><strong>σοι</strong></span> <span class='ocrx_word' id='word_1_248' title='bbox 1141 2217 1482 2289; x_wconf 83' lang='grc' dir='ltr'><strong>ἀναιρετικὸν</strong></span> <span class='ocrx_word' id='word_1_249' title='bbox 1515 2221 1615 2292; x_wconf 85' lang='grc' dir='ltr'>μὲν</span> <span class='ocrx_word' id='word_1_250' title='bbox 1651 2219 1787 2277; x_wconf 73' lang='grc' dir='ltr'>εἶναι</span> 
     </span>
    </p>
   </div>
   <div class='ocr_carea' id='block_1_35' title="bbox 195 2300 1787 2378">
    <p class='ocr_par' dir='ltr' id='par_1_35' title="bbox 195 2300 1787 2378">
     <span class='ocr_line' id='line_1_35' title="bbox 195 2300 1787 2378; baseline 0.007 -24"><span class='ocrx_word' id='word_1_251' title='bbox 195 2300 293 2355; x_wconf 80' lang='grc' dir='ltr'>τοῦ</span> <span class='ocrx_word' id='word_1_252' title='bbox 321 2303 493 2375; x_wconf 81' lang='grc' dir='ltr'>πυρὸς</span> <span class='ocrx_word' id='word_1_253' title='bbox 518 2305 579 2357; x_wconf 75' lang='grc' dir='ltr'>τὸ</span> <span class='ocrx_word' id='word_1_254' title='bbox 601 2305 764 2377; x_wconf 79' lang='grc' dir='ltr'>ὕδωρ,</span> <span class='ocrx_word' id='word_1_255' title='bbox 787 2306 880 2359; x_wconf 83' lang='grc' dir='ltr'><strong>τοῦ</strong></span> <span class='ocrx_word' id='word_1_256' title='bbox 911 2306 964 2360; x_wconf 81' lang='grc' dir='ltr'><strong>δὲ</strong></span> <span class='ocrx_word' id='word_1_257' title='bbox 990 2307 1212 2372; x_wconf 82' lang='grc' dir='ltr'>σκότους</span> <span class='ocrx_word' id='word_1_258' title='bbox 1239 2307 1298 2362; x_wconf 86' lang='grc' dir='ltr'>τὸ</span> <span class='ocrx_word' id='word_1_259' title='bbox 1337 2311 1471 2378; x_wconf 84' lang='grc' dir='ltr'>φῶς,</span> <span class='ocrx_word' id='word_1_260' title='bbox 1504 2312 1594 2364; x_wconf 81' lang='grc' dir='ltr'><strong>καὶ</strong></span> <span class='ocrx_word' id='word_1_261' title='bbox 1620 2307 1787 2366; x_wconf 78' lang='grc' dir='ltr'><strong>τᾶλλα</strong></span> 
     </span>
    </p>
   </div>
   <div class='ocr_carea' id='block_1_36' title="bbox 194 2396 967 2470">
    <p class='ocr_par' dir='ltr' id='par_1_36' title="bbox 194 2396 967 2470">
     <span class='ocr_line' id='line_1_36' title="bbox 194 2396 967 2470; baseline 0.004 -22"><span class='ocrx_word' id='word_1_262' title='bbox 194 2396 298 2448; x_wconf 74' lang='grc' dir='ltr'>ὅσα</span> <span class='ocrx_word' id='word_1_263' title='bbox 330 2397 543 2461; x_wconf 81' lang='grc' dir='ltr'>τούτοις</span> <span class='ocrx_word' id='word_1_264' title='bbox 575 2398 931 2470; x_wconf 84' lang='grc' dir='ltr'>παραπλήσια</span> <span class='ocrx_word' id='word_1_265' title='bbox 953 2414 967 2464; x_wconf 90' lang='grc'><strong>;</strong></span> 
     </span>
    </p>
   </div>
   <div class='ocr_carea' id='block_1_37' title="bbox 269 2488 688 2543">
    <p class='ocr_par' dir='ltr' id='par_1_37' title="bbox 269 2488 688 2543">
     <span class='ocr_line' id='line_1_37' title="bbox 269 2488 688 2543; baseline 0.007 -3"><span class='ocrx_word' id='word_1_266' title='bbox 269 2488 480 2542; x_wconf 79' lang='grc' dir='ltr'><strong>ΟΥΑΛ.</strong></span> <span class='ocrx_word' id='word_1_267' title='bbox 510 2489 688 2543; x_wconf 87' lang='grc' dir='ltr'>Δοκεῖ.</span> 
     </span>
    </p>
   </div>
   <div class='ocr_carea' id='block_1_38' title="bbox 270 2580 1786 2656">
    <p class='ocr_par' dir='ltr' id='par_1_38' title="bbox 270 2580 1786 2656">
     <span class='ocr_line' id='line_1_38' title="bbox 270 2580 1786 2656; baseline 0.003 -23"><span class='ocrx_word' id='word_1_268' title='bbox 270 2581 513 2635; x_wconf 75' lang='grc' dir='ltr'><strong>ΟΡΘΟΔ.</strong></span> <span class='ocrx_word' id='word_1_269' title='bbox 573 2580 803 2646; x_wconf 77' lang='grc' dir='ltr'>Οὐκοῦν,</span> <span class='ocrx_word' id='word_1_270' title='bbox 848 2583 897 2634; x_wconf 76' lang='grc' dir='ltr'>εἰ</span> <span class='ocrx_word' id='word_1_271' title='bbox 940 2581 1008 2635; x_wconf 84' lang='grc' dir='ltr'>τὰ</span> <span class='ocrx_word' id='word_1_272' title='bbox 1041 2580 1180 2653; x_wconf 80' lang='grc' dir='ltr'>μέρη</span> <span class='ocrx_word' id='word_1_273' title='bbox 1218 2582 1319 2634; x_wconf 84' lang='grc' dir='ltr'><strong>οὐκ</strong></span> <span class='ocrx_word' id='word_1_274' title='bbox 1365 2581 1510 2636; x_wconf 78' lang='grc' dir='ltr'>ἔστιν</span> <span class='ocrx_word' id='word_1_275' title='bbox 1543 2583 1786 2656; x_wconf 82' lang='grc' dir='ltr'>ἀλλήλων</span> 
     </span>
    </p>
   </div>
   <div class='ocr_carea' id='block_1_39' title="bbox 191 2672 1787 2747">
    <p class='ocr_par' dir='ltr' id='par_1_39' title="bbox 191 2672 1787 2747">
     <span class='ocr_line' id='line_1_39' title="bbox 191 2672 1787 2747; baseline 0.004 -22"><span class='ocrx_word' id='word_1_276' title='bbox 191 2672 544 2744; x_wconf 71' lang='grc' dir='ltr'>ἀναιρετικά,</span> <span class='ocrx_word' id='word_1_277' title='bbox 577 2672 750 2727; x_wconf 76' lang='grc' dir='ltr'>ταῦτα</span> <span class='ocrx_word' id='word_1_278' title='bbox 773 2673 829 2727; x_wconf 86' lang='grc' dir='ltr'>δὲ</span> <span class='ocrx_word' id='word_1_279' title='bbox 861 2675 1183 2745; x_wconf 84' lang='grc' dir='ltr'>ἀναιρετικά</span> <span class='ocrx_word' id='word_1_280' title='bbox 1213 2675 1325 2746; x_wconf 77' lang='lat'>(55)</span> <span class='ocrx_word' id='word_1_281' title='bbox 1362 2676 1648 2747; x_wconf 83' lang='grc' dir='ltr'>τυγχάνει·</span> <span class='ocrx_word' id='word_1_282' title='bbox 1687 2679 1787 2731; x_wconf 79' lang='grc' dir='ltr'><strong>οὐκ</strong></span> 
     </span>
    </p>
   </div>
   <div class='ocr_carea' id='block_1_40' title="bbox 185 2764 1786 2838">
    <p class='ocr_par' dir='ltr' id='par_1_40' title="bbox 185 2764 1786 2838">
     <span class='ocr_line' id='line_1_40' title="bbox 185 2764 1786 2838; baseline 0.002 -20"><span class='ocrx_word' id='word_1_283' title='bbox 185 2764 348 2837; x_wconf 73' lang='grc' dir='ltr'>(ἄρα)</span> <span class='ocrx_word' id='word_1_284' title='bbox 381 2764 535 2818; x_wconf 78' lang='grc' dir='ltr'>ἔσται</span> <span class='ocrx_word' id='word_1_285' title='bbox 562 2765 806 2836; x_wconf 83' lang='grc' dir='ltr'>ἀλλήλων</span> <span class='ocrx_word' id='word_1_286' title='bbox 844 2766 1008 2838; x_wconf 79' lang='grc' dir='ltr'>μέρη.</span> <span class='ocrx_word' id='word_1_287' title='bbox 1040 2767 1102 2820; x_wconf 76' lang='grc' dir='ltr'><strong>Εἰ</strong></span> <span class='ocrx_word' id='word_1_288' title='bbox 1135 2767 1192 2819; x_wconf 87' lang='grc' dir='ltr'><strong>δὲ</strong></span> <span class='ocrx_word' id='word_1_289' title='bbox 1226 2766 1326 2819; x_wconf 85' lang='grc' dir='ltr'><strong>οὐκ</strong></span> <span class='ocrx_word' id='word_1_290' title='bbox 1357 2766 1510 2821; x_wconf 75' lang='grc' dir='ltr'>ἔσται</span> <span class='ocrx_word' id='word_1_291' title='bbox 1539 2768 1786 2837; x_wconf 80' lang='grc' dir='ltr'>ἀλλήλων</span> 
     </span>
    </p>
   </div>
   <div class='ocr_carea' id='block_1_41' title="bbox 195 2858 1786 2931">
    <p class='ocr_par' dir='ltr' id='par_1_41' title="bbox 195 2858 1786 2931">
     <span class='ocr_line' id='line_1_41' title="bbox 195 2858 1786 2931; baseline 0.003 -21"><span class='ocrx_word' id='word_1_292' title='bbox 195 2859 362 2930; x_wconf 81' lang='grc' dir='ltr'>μέρη,</span> <span class='ocrx_word' id='word_1_293' title='bbox 403 2859 506 2912; x_wconf 79' lang='grc' dir='ltr'><strong>οὐκ</strong></span> <span class='ocrx_word' id='word_1_294' title='bbox 551 2858 766 2913; x_wconf 73' lang='grc' dir='ltr'>ἔσονται</span> <span class='ocrx_word' id='word_1_295' title='bbox 816 2858 948 2928; x_wconf 77' lang='grc' dir='ltr'>ὕλης</span> <span class='ocrx_word' id='word_1_296' title='bbox 1002 2861 1149 2930; x_wconf 77' lang='grc' dir='ltr'>μιᾶς.</span> <span class='ocrx_word' id='word_1_297' title='bbox 1210 2860 1369 2914; x_wconf 87' lang='grc' dir='ltr'><strong>Ἀλλά</strong></span> <span class='ocrx_word' id='word_1_298' title='bbox 1421 2859 1525 2931; x_wconf 84' lang='grc' dir='ltr'>μὴν</span> <span class='ocrx_word' id='word_1_299' title='bbox 1572 2861 1679 2914; x_wconf 80' lang='grc' dir='ltr'>οὐδ’</span> <span class='ocrx_word' id='word_1_300' title='bbox 1719 2861 1786 2914; x_wconf 86' lang='grc' dir='ltr'><strong>ἂν</strong></span> 
     </span>
    </p>
   </div>
   <div class='ocr_carea' id='block_1_42' title="bbox 187 2948 1783 3021">
    <p class='ocr_par' dir='ltr' id='par_1_42' title="bbox 187 2948 1783 3021">
     <span class='ocr_line' id='line_1_42' title="bbox 187 2948 1783 3021; baseline 0.002 -21"><span class='ocrx_word' id='word_1_301' title='bbox 187 2951 407 3002; x_wconf 78' lang='grc' dir='ltr'>ἔσονται</span> <span class='ocrx_word' id='word_1_302' title='bbox 452 2948 575 3020; x_wconf 83' lang='grc' dir='ltr'>ὕλη,</span> <span class='ocrx_word' id='word_1_303' title='bbox 610 2949 689 3019; x_wconf 74' lang='grc' dir='ltr'>τῷ</span> <span class='ocrx_word' id='word_1_304' title='bbox 733 2949 898 3020; x_wconf 83' lang='grc' dir='ltr'>μηδὲν</span> <span class='ocrx_word' id='word_1_305' title='bbox 934 2952 998 3021; x_wconf 86' lang='grc' dir='ltr'>τῇ</span> <span class='ocrx_word' id='word_1_306' title='bbox 1047 2949 1155 3003; x_wconf 87' lang='grc' dir='ltr'><strong>τῶν</strong></span> <span class='ocrx_word' id='word_1_307' title='bbox 1207 2950 1376 3004; x_wconf 79' lang='grc' dir='ltr'>ὅντων</span> <span class='ocrx_word' id='word_1_308' title='bbox 1420 2950 1553 3003; x_wconf 84' lang='grc' dir='ltr'>αὐτὸ</span> <span class='ocrx_word' id='word_1_309' title='bbox 1591 2951 1783 3004; x_wconf 82' lang='grc' dir='ltr'>ἑαυτοῦ</span> 
     </span>
    </p>
   </div>
   <div class='ocr_carea' id='block_1_43' title="bbox 183 3035 1785 3114">
    <p class='ocr_par' dir='ltr' id='par_1_43' title="bbox 183 3035 1785 3114">
     <span class='ocr_line' id='line_1_43' title="bbox 183 3035 1785 3114; baseline 0.001 -22"><span class='ocrx_word' id='word_1_310' title='bbox 183 3041 543 3112; x_wconf 78' lang='grc' dir='ltr'>ἀναιρετικὸν</span> <span class='ocrx_word' id='word_1_311' title='bbox 567 3035 730 3096; x_wconf 77' lang='grc' dir='ltr'>εἶναι.</span> <span class='ocrx_word' id='word_1_312' title='bbox 759 3040 946 3104; x_wconf 76' lang='grc' dir='ltr'>Οὕτως</span> <span class='ocrx_word' id='word_1_313' title='bbox 970 3037 1062 3095; x_wconf 82' lang='grc' dir='ltr'><strong>οὖν</strong></span> <span class='ocrx_word' id='word_1_314' title='bbox 1090 3041 1197 3096; x_wconf 88' lang='grc' dir='ltr'><strong>τῶν</strong></span> <span class='ocrx_word' id='word_1_315' title='bbox 1226 3041 1616 3112; x_wconf 72' lang='grc' dir='ltr'>ἀντικειμένων</span> <span class='ocrx_word' id='word_1_316' title='bbox 1640 3043 1785 3114; x_wconf 77' lang='grc' dir='ltr'>ἐχόν-</span> 
     </span>
    </p>
   </div>
   <div class='ocr_carea' id='block_1_44' title="bbox 183 3131 1780 3206">
    <p class='ocr_par' dir='ltr' id='par_1_44' title="bbox 183 3131 1780 3206">
     <span class='ocr_line' id='line_1_44' title="bbox 183 3131 1780 3206; baseline 0.008 -20"><span class='ocrx_word' id='word_1_317' title='bbox 183 3151 318 3197; x_wconf 85' lang='grc' dir='ltr'>των,</span> <span class='ocrx_word' id='word_1_318' title='bbox 353 3134 417 3187; x_wconf 79' lang='grc' dir='ltr'><strong>τὸ</strong></span> <span class='ocrx_word' id='word_1_319' title='bbox 452 3134 527 3205; x_wconf 80' lang='grc' dir='ltr'>μὴ</span> <span class='ocrx_word' id='word_1_320' title='bbox 561 3131 698 3187; x_wconf 75' lang='grc' dir='ltr'>εἶναι</span> <span class='ocrx_word' id='word_1_321' title='bbox 738 3133 836 3205; x_wconf 82' lang='grc' dir='ltr'>τὴν</span> <span class='ocrx_word' id='word_1_322' title='bbox 870 3133 1000 3205; x_wconf 78' lang='grc' dir='ltr'>ὓλην</span> <span class='ocrx_word' id='word_1_323' title='bbox 1041 3133 1332 3189; x_wconf 80' lang='grc' dir='ltr'>δείκνυται.</span> <span class='ocrx_word' id='word_1_324' title='bbox 1378 3134 1514 3205; x_wconf 80' lang='grc' dir='ltr'>Περὶ</span> <span class='ocrx_word' id='word_1_325' title='bbox 1548 3135 1646 3204; x_wconf 85' lang='grc' dir='ltr'>μὲν</span> <span class='ocrx_word' id='word_1_326' title='bbox 1677 3136 1780 3206; x_wconf 81' lang='grc' dir='ltr'>τῆς</span> 
     </span>
    </p>
   </div>
   <div class='ocr_carea' id='block_1_45' title="bbox 187 3226 818 3299">
    <p class='ocr_par' dir='ltr' id='par_1_45' title="bbox 187 3226 818 3299">
     <span class='ocr_line' id='line_1_45' title="bbox 187 3226 818 3299; baseline 0 -21"><span class='ocrx_word' id='word_1_327' title='bbox 187 3226 323 3298; x_wconf 72' lang='grc' dir='ltr'>ὕλης</span> <span class='ocrx_word' id='word_1_328' title='bbox 357 3228 654 3299; x_wconf 80' lang='grc' dir='ltr'>αὐτάρκως</span> <span class='ocrx_word' id='word_1_329' title='bbox 685 3226 818 3296; x_wconf 78' lang='grc' dir='ltr'>ἔχει.</span> 
     </span>
    </p>
   </div>
   <div class='ocr_carea' id='block_1_46' title="bbox 271 3317 1780 3393">
    <p class='ocr_par' dir='ltr' id='par_1_46' title="bbox 271 3317 1780 3393">
     <span class='ocr_line' id='line_1_46' title="bbox 271 3317 1780 3393; baseline 0.001 -21"><span class='ocrx_word' id='word_1_330' title='bbox 271 3320 400 3372; x_wconf 76' lang='grc' dir='ltr'>Ἐπὶ</span> <span class='ocrx_word' id='word_1_331' title='bbox 434 3319 491 3372; x_wconf 84' lang='grc' dir='ltr'>δὲ</span> <span class='ocrx_word' id='word_1_332' title='bbox 514 3319 612 3391; x_wconf 82' lang='grc' dir='ltr'>τὴν</span> <span class='ocrx_word' id='word_1_333' title='bbox 644 3317 752 3373; x_wconf 90' lang='grc' dir='ltr'><strong>τῶν</strong></span> <span class='ocrx_word' id='word_1_334' title='bbox 785 3319 971 3373; x_wconf 83' lang='grc' dir='ltr'>κακῶν</span> <span class='ocrx_word' id='word_1_335' title='bbox 997 3319 1241 3386; x_wconf 78' lang='grc' dir='ltr'>ἐξέτασιν</span> <span class='ocrx_word' id='word_1_336' title='bbox 1261 3318 1518 3393; x_wconf 82' lang='grc' dir='ltr'>ἔρχεσθαι</span> <span class='ocrx_word' id='word_1_337' title='bbox 1551 3319 1650 3384; x_wconf 88' lang='grc' dir='ltr'>δεῖ,</span> <span class='ocrx_word' id='word_1_338' title='bbox 1685 3322 1780 3373; x_wconf 78' lang='grc' dir='ltr'><strong>καὶ</strong></span> 
     </span>
    </p>
   </div>
   <div class='ocr_carea' id='block_1_47' title="bbox 185 3410 1779 3482">
    <p class='ocr_par' dir='ltr' id='par_1_47' title="bbox 185 3410 1779 3482">
     <span class='ocr_line' id='line_1_47' title="bbox 185 3410 1779 3482; baseline -0.001 -17"><span class='ocrx_word' id='word_1_339' title='bbox 185 3411 511 3479; x_wconf 79' lang='grc' dir='ltr'>ἀναγκαίως</span> <span class='ocrx_word' id='word_1_340' title='bbox 547 3410 836 3481; x_wconf 81' lang='grc' dir='ltr'>ἀναζητεῖν</span> <span class='ocrx_word' id='word_1_341' title='bbox 883 3412 953 3465; x_wconf 77' lang='grc' dir='ltr'>τὰ</span> <span class='ocrx_word' id='word_1_342' title='bbox 987 3411 1118 3482; x_wconf 85' lang='grc' dir='ltr'>παρ’</span> <span class='ocrx_word' id='word_1_343' title='bbox 1150 3410 1479 3482; x_wconf 87' lang='grc' dir='ltr'>ἀνθρώποις.</span> <span class='ocrx_word' id='word_1_344' title='bbox 1507 3410 1586 3463; x_wconf 81' lang='grc' dir='ltr'>Τὰ</span> <span class='ocrx_word' id='word_1_345' title='bbox 1631 3410 1779 3482; x_wconf 85' lang='grc' dir='ltr'>παρὰ</span> 
     </span>
    </p>
   </div>
   <div class='ocr_carea' id='block_1_48' title="bbox 182 3500 1778 3573">
    <p class='ocr_par' dir='ltr' id='par_1_48' title="bbox 182 3500 1778 3573">
     <span class='ocr_line' id='line_1_48' title="bbox 182 3500 1778 3573; baseline -0.001 -19"><span class='ocrx_word' id='word_1_346' title='bbox 182 3501 504 3572; x_wconf 84' lang='grc' dir='ltr'>ἀνθρώποις</span> <span class='ocrx_word' id='word_1_347' title='bbox 554 3500 736 3562; x_wconf 86' lang='grc' dir='ltr'>κακὰ,</span> <span class='ocrx_word' id='word_1_348' title='bbox 774 3503 1002 3573; x_wconf 75' lang='grc' dir='ltr'>πότερον</span> <span class='ocrx_word' id='word_1_349' title='bbox 1058 3501 1174 3572; x_wconf 85' lang='grc' dir='ltr'>εῖδη</span> <span class='ocrx_word' id='word_1_350' title='bbox 1220 3501 1476 3571; x_wconf 85' lang='grc' dir='ltr'>τυγχάνει</span> <span class='ocrx_word' id='word_1_351' title='bbox 1523 3500 1692 3553; x_wconf 82' lang='grc' dir='ltr'>κακοῦ</span> <span class='ocrx_word' id='word_1_352' title='bbox 1744 3500 1778 3573; x_wconf 84' lang='grc' dir='ltr'>ἢ</span> 
     </span>
    </p>
   </div>
   <div class='ocr_carea' id='block_1_49' title="bbox 189 3593 1780 3669">
    <p class='ocr_par' dir='ltr' id='par_1_49' title="bbox 189 3593 1780 3669">
     <span class='ocr_line' id='line_1_49' title="bbox 189 3593 1780 3669; baseline -0.001 -23"><span class='ocrx_word' id='word_1_353' title='bbox 189 3593 367 3669; x_wconf 73' lang='grc' dir='ltr'>μέρῃ;</span> <span class='ocrx_word' id='word_1_354' title='bbox 403 3593 468 3646; x_wconf 75' lang='grc' dir='ltr'><strong>Εἰ</strong></span> <span class='ocrx_word' id='word_1_355' title='bbox 518 3594 626 3665; x_wconf 81' lang='grc' dir='ltr'>γὰρ</span> <span class='ocrx_word' id='word_1_356' title='bbox 670 3593 784 3664; x_wconf 81' lang='grc' dir='ltr'>εἴδη</span> <span class='ocrx_word' id='word_1_357' title='bbox 806 3609 820 3624; x_wconf 89' lang='grc'><strong>·</strong></span> <span class='ocrx_word' id='word_1_358' title='bbox 855 3594 956 3646; x_wconf 82' lang='grc' dir='ltr'><strong>οὐκ</strong></span> <span class='ocrx_word' id='word_1_359' title='bbox 990 3593 1167 3666; x_wconf 84' lang='grc' dir='ltr'>(ἄρα)</span> <span class='ocrx_word' id='word_1_360' title='bbox 1197 3594 1348 3647; x_wconf 75' lang='grc' dir='ltr'>ἔσται</span> <span class='ocrx_word' id='word_1_361' title='bbox 1398 3594 1584 3664; x_wconf 80' lang='grc' dir='ltr'>ἓτερον</span> <span class='ocrx_word' id='word_1_362' title='bbox 1629 3595 1780 3664; x_wconf 86' lang='grc' dir='ltr'>παρὰ</span> 
     </span>
    </p>
   </div>
   <div class='ocr_carea' id='block_1_50' title="bbox 185 3685 1781 3758">
    <p class='ocr_par' dir='ltr' id='par_1_50' title="bbox 185 3685 1781 3758">
     <span class='ocr_line' id='line_1_50' title="bbox 185 3685 1781 3758; baseline 0.001 -21"><span class='ocrx_word' id='word_1_363' title='bbox 185 3685 363 3738; x_wconf 81' lang='grc' dir='ltr'>ταῦτα</span> <span class='ocrx_word' id='word_1_364' title='bbox 404 3685 497 3738; x_wconf 77' lang='grc' dir='ltr'>τὸν</span> <span class='ocrx_word' id='word_1_365' title='bbox 545 3685 713 3739; x_wconf 79' lang='grc' dir='ltr'>κακὸν</span> <span class='ocrx_word' id='word_1_366' title='bbox 744 3685 864 3739; x_wconf 86' lang='grc' dir='ltr'>καθ’</span> <span class='ocrx_word' id='word_1_367' title='bbox 909 3685 1098 3739; x_wconf 75' lang='grc' dir='ltr'>ἑαυτόο</span> <span class='ocrx_word' id='word_1_368' title='bbox 1143 3685 1223 3757; x_wconf 82' lang='grc' dir='ltr'>τῷ</span> <span class='ocrx_word' id='word_1_369' title='bbox 1269 3686 1338 3739; x_wconf 87' lang='grc' dir='ltr'><strong>τά</strong></span> <span class='ocrx_word' id='word_1_370' title='bbox 1382 3686 1513 3758; x_wconf 89' lang='grc' dir='ltr'>γένη</span> <span class='ocrx_word' id='word_1_371' title='bbox 1571 3688 1628 3738; x_wconf 83' lang='grc' dir='ltr'>ὲν</span> <span class='ocrx_word' id='word_1_372' title='bbox 1661 3689 1781 3749; x_wconf 84' lang='grc' dir='ltr'>ταῖς</span> 
     </span>
    </p>
   </div>
   <div class='ocr_carea' id='block_1_51' title="bbox 187 3778 1778 3848">
    <p class='ocr_par' dir='ltr' id='par_1_51' title="bbox 187 3778 1778 3848">
     <span class='ocr_line' id='line_1_51' title="bbox 187 3778 1778 3848; baseline -0.001 -16"><span class='ocrx_word' id='word_1_373' title='bbox 187 3779 385 3832; x_wconf 74' lang='grc' dir='ltr'>εἴδεσιν</span> <span class='ocrx_word' id='word_1_374' title='bbox 413 3778 804 3844; x_wconf 78' lang='grc' dir='ltr'>ἐξετάζεσθαι,</span> <span class='ocrx_word' id='word_1_375' title='bbox 864 3778 960 3832; x_wconf 79' lang='grc' dir='ltr'><strong>καὶ</strong></span> <span class='ocrx_word' id='word_1_376' title='bbox 1009 3779 1323 3848; x_wconf 76' lang='grc' dir='ltr'>ὑφεστάναι.</span> <span class='ocrx_word' id='word_1_377' title='bbox 1379 3780 1442 3832; x_wconf 79' lang='grc' dir='ltr'><strong>Εἰ</strong></span> <span class='ocrx_word' id='word_1_378' title='bbox 1485 3779 1542 3832; x_wconf 84' lang='grc' dir='ltr'>δὲ</span> <span class='ocrx_word' id='word_1_379' title='bbox 1586 3778 1778 3842; x_wconf 82' lang='grc' dir='ltr'>τοῦτο,</span> 
     </span>
    </p>
   </div>
   <div class='ocr_carea' id='block_1_52' title="bbox 189 3867 1780 3942">
    <p class='ocr_par' dir='ltr' id='par_1_52' title="bbox 189 3867 1780 3942">
     <span class='ocr_line' id='line_1_52' title="bbox 189 3867 1780 3942; baseline 0 -19"><span class='ocrx_word' id='word_1_380' title='bbox 189 3870 424 3941; x_wconf 83' lang='grc' dir='ltr'>γενητὸν</span> <span class='ocrx_word' id='word_1_381' title='bbox 457 3867 608 3941; x_wconf 78' lang='grc' dir='ltr'>(ἄρα)</span> <span class='ocrx_word' id='word_1_382' title='bbox 641 3871 792 3924; x_wconf 78' lang='grc' dir='ltr'>ἔσται</span> <span class='ocrx_word' id='word_1_383' title='bbox 832 3870 892 3924; x_wconf 85' lang='grc' dir='ltr'><strong>τὸ</strong></span> <span class='ocrx_word' id='word_1_384' title='bbox 935 3871 1128 3926; x_wconf 86' lang='grc' dir='ltr'>κακόν.</span> <span class='ocrx_word' id='word_1_385' title='bbox 1165 3871 1246 3924; x_wconf 86' lang='grc' dir='ltr'><strong>Τὰ</strong></span> <span class='ocrx_word' id='word_1_386' title='bbox 1284 3870 1393 3942; x_wconf 86' lang='grc' dir='ltr'>γὰρ</span> <span class='ocrx_word' id='word_1_387' title='bbox 1431 3871 1546 3942; x_wconf 81' lang='grc' dir='ltr'>εἴδη</span> <span class='ocrx_word' id='word_1_388' title='bbox 1579 3870 1780 3940; x_wconf 83' lang='grc' dir='ltr'>γενητὰ</span> 
     </span>
    </p>
   </div>
   <div class='ocr_carea' id='block_1_53' title="bbox 183 3958 1781 4033">
    <p class='ocr_par' dir='ltr' id='par_1_53' title="bbox 183 3958 1781 4033">
     <span class='ocr_line' id='line_1_53' title="bbox 183 3958 1781 4033; baseline 0.001 -19"><span class='ocrx_word' id='word_1_389' title='bbox 183 3962 319 4014; x_wconf 70' lang='grc' dir='ltr'>ὅντα</span> <span class='ocrx_word' id='word_1_390' title='bbox 369 3961 649 4015; x_wconf 84' lang='grc' dir='ltr'>δείκνυται</span> <span class='ocrx_word' id='word_1_391' title='bbox 675 3979 691 3995; x_wconf 76' lang='grc' dir='ltr'><strong><em>ο</em></strong></span> <span class='ocrx_word' id='word_1_392' title='bbox 726 3958 840 4016; x_wconf 75' lang='grc' dir='ltr'>οἷον</span> <span class='ocrx_word' id='word_1_393' title='bbox 872 3963 1068 4031; x_wconf 84' lang='grc' dir='ltr'>φόνος,</span> <span class='ocrx_word' id='word_1_394' title='bbox 1127 3963 1222 4016; x_wconf 68' lang='grc' dir='ltr'><strong>κα)⁵</strong></span> <span class='ocrx_word' id='word_1_395' title='bbox 1279 3962 1522 4033; x_wconf 86' lang='grc' dir='ltr'>μοιχεία,</span> <span class='ocrx_word' id='word_1_396' title='bbox 1569 3961 1664 4016; x_wconf 80' lang='grc' dir='ltr'><strong>καὶ</strong></span> <span class='ocrx_word' id='word_1_397' title='bbox 1713 3960 1781 4015; x_wconf 81' lang='grc' dir='ltr'>τὰ</span> 
     </span>
    </p>
   </div>
   <div class='ocr_carea' id='block_1_54' title="bbox 183 4052 1782 4126">
    <p class='ocr_par' dir='ltr' id='par_1_54' title="bbox 183 4052 1782 4126">
     <span class='ocr_line' id='line_1_54' title="bbox 183 4052 1782 4126; baseline -0.001 -19"><span class='ocrx_word' id='word_1_398' title='bbox 183 4054 403 4118; x_wconf 77' lang='grc' dir='ltr'>τούτοις</span> <span class='ocrx_word' id='word_1_399' title='bbox 432 4054 811 4126; x_wconf 81' lang='grc' dir='ltr'>παραπλήσια.</span> <span class='ocrx_word' id='word_1_400' title='bbox 853 4055 916 4107; x_wconf 77' lang='lat' dir='ltr'><strong>Ei</strong></span> <span class='ocrx_word' id='word_1_401' title='bbox 943 4053 1000 4107; x_wconf 80' lang='grc' dir='ltr'>δὲ</span> <span class='ocrx_word' id='word_1_402' title='bbox 1041 4053 1182 4126; x_wconf 88' lang='grc' dir='ltr'>μέρη</span> <span class='ocrx_word' id='word_1_403' title='bbox 1219 4053 1362 4116; x_wconf 83' lang='grc' dir='ltr'>τινὸς</span> <span class='ocrx_word' id='word_1_404' title='bbox 1406 4052 1578 4107; x_wconf 81' lang='grc' dir='ltr'>κακοῦ</span> <span class='ocrx_word' id='word_1_405' title='bbox 1607 4052 1782 4106; x_wconf 81' lang='grc' dir='ltr'>ταῦτα</span> 
     </span>
    </p>
   </div>
   <div class='ocr_carea' id='block_1_55' title="bbox 188 4147 1782 4218">
    <p class='ocr_par' dir='ltr' id='par_1_55' title="bbox 188 4147 1782 4218">
     <span class='ocr_line' id='line_1_55' title="bbox 188 4147 1782 4218; baseline -0.004 -12"><span class='ocrx_word' id='word_1_406' title='bbox 188 4150 330 4207; x_wconf 81' lang='grc' dir='ltr'>εἶναι</span> <span class='ocrx_word' id='word_1_407' title='bbox 354 4151 581 4215; x_wconf 78' lang='grc' dir='ltr'>ἐθέλοις,</span> <span class='ocrx_word' id='word_1_408' title='bbox 618 4153 736 4204; x_wconf 75' lang='grc' dir='ltr'>ἐστὶ</span> <span class='ocrx_word' id='word_1_409' title='bbox 763 4150 820 4203; x_wconf 81' lang='grc' dir='ltr'>δὲ</span> <span class='ocrx_word' id='word_1_410' title='bbox 852 4147 1024 4203; x_wconf 78' lang='grc' dir='ltr'>ταῦτα</span> <span class='ocrx_word' id='word_1_411' title='bbox 1045 4149 1278 4218; x_wconf 77' lang='grc' dir='ltr'><strong>γενητά⁸</strong></span> <span class='ocrx_word' id='word_1_412' title='bbox 1313 4149 1526 4218; x_wconf 82' lang='grc' dir='ltr'>ἀνάγκη</span> <span class='ocrx_word' id='word_1_413' title='bbox 1561 4149 1782 4201; x_wconf 82' lang='grc' dir='ltr'>κάκεῖνο</span> 
     </span>
    </p>
   </div>
   <div class='ocr_carea' id='block_1_56' title="bbox 187 4237 1781 4316">
    <p class='ocr_par' dir='ltr' id='par_1_56' title="bbox 187 4237 1781 4316">
     <span class='ocr_line' id='line_1_56' title="bbox 187 4237 1781 4316; baseline -0.003 -18"><span class='ocrx_word' id='word_1_414' title='bbox 187 4245 418 4316; x_wconf 83' lang='grc' dir='ltr'>γενητὸν</span> <span class='ocrx_word' id='word_1_415' title='bbox 447 4244 734 4316; x_wconf 77' lang='grc' dir='ltr'>ὑπάρχειν.</span> <span class='ocrx_word' id='word_1_416' title='bbox 768 4237 868 4296; x_wconf 78' lang='grc' dir='ltr'>Ὧν</span> <span class='ocrx_word' id='word_1_417' title='bbox 900 4242 1008 4314; x_wconf 82' lang='grc' dir='ltr'>γὰρ</span> <span class='ocrx_word' id='word_1_418' title='bbox 1040 4242 1108 4299; x_wconf 84' lang='grc' dir='ltr'>τὰ</span> <span class='ocrx_word' id='word_1_419' title='bbox 1156 4242 1298 4314; x_wconf 88' lang='grc' dir='ltr'>μέρη</span> <span class='ocrx_word' id='word_1_420' title='bbox 1342 4242 1574 4312; x_wconf 83' lang='grc' dir='ltr'>γενητὰ,</span> <span class='ocrx_word' id='word_1_421' title='bbox 1608 4241 1781 4294; x_wconf 79' lang='grc' dir='ltr'>ταῦτα</span> 
     </span>
    </p>
   </div>
   <div class='ocr_carea' id='block_1_57' title="bbox 182 4333 1781 4408">
    <p class='ocr_par' dir='ltr' id='par_1_57' title="bbox 182 4333 1781 4408">
     <span class='ocr_line' id='line_1_57' title="bbox 182 4333 1781 4408; baseline -0.004 -17"><span class='ocrx_word' id='word_1_422' title='bbox 182 4337 393 4408; x_wconf 73' lang='grc' dir='ltr'>ὁμοίως</span> <span class='ocrx_word' id='word_1_423' title='bbox 439 4335 500 4401; x_wconf 79' lang='grc' dir='ltr'>ἐξ</span> <span class='ocrx_word' id='word_1_424' title='bbox 551 4336 798 4406; x_wconf 83' lang='grc' dir='ltr'>ἀνάγκης</span> <span class='ocrx_word' id='word_1_425' title='bbox 831 4337 947 4390; x_wconf 73' lang='grc' dir='ltr'>ἐστὶ</span> <span class='ocrx_word' id='word_1_426' title='bbox 1002 4335 1224 4407; x_wconf 87' lang='grc' dir='ltr'>γενητά.</span> <span class='ocrx_word' id='word_1_427' title='bbox 1273 4334 1346 4387; x_wconf 87' lang='grc' dir='ltr'>Τὸ</span> <span class='ocrx_word' id='word_1_428' title='bbox 1397 4333 1506 4404; x_wconf 81' lang='grc' dir='ltr'>γὰρ</span> <span class='ocrx_word' id='word_1_429' title='bbox 1557 4333 1675 4386; x_wconf 66' lang='grc' dir='ltr'>ὅλον</span> <span class='ocrx_word' id='word_1_430' title='bbox 1718 4335 1781 4385; x_wconf 80' lang='grc' dir='ltr'>ἐκ</span> 
     </span>
    </p>
   </div>
   <div class='ocr_carea' id='block_1_58' title="bbox 1820 1749 2181 1804">
    <p class='ocr_par' dir='ltr' id='par_1_58' title="bbox 1820 1749 2181 1804">
     <span class='ocr_line' id='line_1_58' title="bbox 1820 1749 2181 1804; baseline -0.003 0"><span class='ocrx_word' id='word_1_431' title='bbox 1820 1749 1862 1804; x_wconf 87' lang='grc' dir='ltr'><strong>Β</strong></span> <span class='ocrx_word' id='word_1_432' title='bbox 1890 1750 2181 1803; x_wconf 82' lang='lat' dir='ltr'><strong>terimere?</strong></span> 
     </span>
    </p>
   </div>
   <div class='ocr_carea' id='block_1_59' title="bbox 1963 1839 2312 1898">
    <p class='ocr_par' dir='ltr' id='par_1_59' title="bbox 1963 1839 2312 1898">
     <span class='ocr_line' id='line_1_59' title="bbox 1963 1839 2312 1898; baseline 0.014 -4"><span class='ocrx_word' id='word_1_433' title='bbox 1963 1839 2120 1896; x_wconf 81' lang='lat' dir='ltr'><strong>VAL.</strong></span> <span class='ocrx_word' id='word_1_434' title='bbox 2153 1841 2312 1898; x_wconf 88' lang='lat' dir='ltr'><strong>Puto.</strong></span> 
     </span>
    </p>
   </div>
   <div class='ocr_carea' id='block_1_60' title="bbox 1961 1932 3473 2008">
    <p class='ocr_par' dir='ltr' id='par_1_60' title="bbox 1961 1932 3473 2008">
     <span class='ocr_line' id='line_1_60' title="bbox 1961 1932 3473 2008; baseline 0.002 -20"><span class='ocrx_word' id='word_1_435' title='bbox 1961 1932 2172 1988; x_wconf 81' lang='lat' dir='ltr'><strong>OR&#39;I‘H.</strong></span> <span class='ocrx_word' id='word_1_436' title='bbox 2202 1933 2342 1988; x_wconf 88' lang='lat' dir='ltr'><strong>Num</strong></span> <span class='ocrx_word' id='word_1_437' title='bbox 2374 1948 2502 1989; x_wconf 85' lang='lat' dir='ltr'><strong>vero</strong></span> <span class='ocrx_word' id='word_1_438' title='bbox 2535 1933 2820 1989; x_wconf 75' lang='lat' dir='ltr'><strong>existimas</strong></span> <span class='ocrx_word' id='word_1_439' title='bbox 2865 1934 3042 2006; x_wconf 76' lang='lat' dir='ltr'><strong>ignem</strong></span> <span class='ocrx_word' id='word_1_440' title='bbox 3073 1941 3127 1990; x_wconf 90' lang='lat' dir='ltr'><strong>et</strong></span> <span class='ocrx_word' id='word_1_441' title='bbox 3157 1951 3377 2008; x_wconf 87' lang='lat' dir='ltr'><strong>aquam,</strong></span> <span class='ocrx_word' id='word_1_442' title='bbox 3409 1951 3473 1992; x_wconf 88' lang='lat' dir='ltr'><strong>ac</strong></span> 
     </span>
    </p>
   </div>
   <div class='ocr_carea' id='block_1_61' title="bbox 1891 2027 3088 2098">
    <p class='ocr_par' dir='ltr' id='par_1_61' title="bbox 1891 2027 3088 2098">
     <span class='ocr_line' id='line_1_61' title="bbox 1891 2027 3088 2098; baseline -0.001 -15"><span class='ocrx_word' id='word_1_443' title='bbox 1891 2028 2150 2083; x_wconf 81' lang='lat' dir='ltr'><strong>similiter</strong></span> <span class='ocrx_word' id='word_1_444' title='bbox 2179 2028 2409 2098; x_wconf 86' lang='lat' dir='ltr'><strong>reliqua,</strong></span> <span class='ocrx_word' id='word_1_445' title='bbox 2441 2042 2564 2082; x_wconf 90' lang='lat' dir='ltr'><strong>esse</strong></span> <span class='ocrx_word' id='word_1_446' title='bbox 2595 2035 2778 2098; x_wconf 89' lang='lat' dir='ltr'><strong>partes</strong></span> <span class='ocrx_word' id='word_1_447' title='bbox 2810 2027 3088 2083; x_wconf 66' lang='lat' dir='ltr'><strong>materiae?</strong></span> 
     </span>
    </p>
   </div>
   <div class='ocr_carea' id='block_1_62' title="bbox 1959 2116 2524 2174">
    <p class='ocr_par' dir='ltr' id='par_1_62' title="bbox 1959 2116 2524 2174">
     <span class='ocr_line' id='line_1_62' title="bbox 1959 2116 2524 2174; baseline 0 -2"><span class='ocrx_word' id='word_1_448' title='bbox 1959 2117 2115 2174; x_wconf 79' lang='lat' dir='ltr'><strong>VAL.</strong></span> <span class='ocrx_word' id='word_1_449' title='bbox 2149 2116 2226 2172; x_wconf 88' lang='lat' dir='ltr'><strong>lla</strong></span> <span class='ocrx_word' id='word_1_450' title='bbox 2250 2118 2524 2173; x_wconf 79' lang='lat' dir='ltr'><strong>existimo.</strong></span> 
     </span>
    </p>
   </div>
   <div class='ocr_carea' id='block_1_63' title="bbox 1959 2208 3472 2281">
    <p class='ocr_par' dir='ltr' id='par_1_63' title="bbox 1959 2208 3472 2281">
     <span class='ocr_line' id='line_1_63' title="bbox 1959 2208 3472 2281; baseline -0.001 -16"><span class='ocrx_word' id='word_1_451' title='bbox 1959 2209 2170 2265; x_wconf 78' lang='lat' dir='ltr'><strong>ORTll.</strong></span> <span class='ocrx_word' id='word_1_452' title='bbox 2207 2209 2348 2276; x_wconf 84' lang='lat' dir='ltr'><strong>Quid</strong></span> <span class='ocrx_word' id='word_1_453' title='bbox 2381 2210 2550 2265; x_wconf 85' lang='lat' dir='ltr'><strong>vero?</strong></span> <span class='ocrx_word' id='word_1_454' title='bbox 2575 2208 2696 2264; x_wconf 92' lang='lat' dir='ltr'><strong>Non</strong></span> <span class='ocrx_word' id='word_1_455' title='bbox 2730 2209 2946 2265; x_wconf 89' lang='lat' dir='ltr'><strong>videtur</strong></span> <span class='ocrx_word' id='word_1_456' title='bbox 2996 2211 3096 2266; x_wconf 84' lang='lat' dir='ltr'><strong>tibi</strong></span> <span class='ocrx_word' id='word_1_457' title='bbox 3128 2226 3267 2281; x_wconf 87' lang='lat' dir='ltr'><strong>aqua</strong></span> <span class='ocrx_word' id='word_1_458' title='bbox 3295 2211 3472 2267; x_wconf 85' lang='lat' dir='ltr'><strong>letha-</strong></span> 
     </span>
    </p>
   </div>
   <div class='ocr_carea' id='block_1_64' title="bbox 1888 2300 3472 2372">
    <p class='ocr_par' dir='ltr' id='par_1_64' title="bbox 1888 2300 3472 2372">
     <span class='ocr_line' id='line_1_64' title="bbox 1888 2300 3472 2372; baseline 0.003 -19"><span class='ocrx_word' id='word_1_459' title='bbox 1888 2301 1957 2355; x_wconf 91' lang='lat' dir='ltr'><strong>lis</strong></span> <span class='ocrx_word' id='word_1_460' title='bbox 2004 2301 2148 2371; x_wconf 82' lang='lat' dir='ltr'><strong>igni;</strong></span> <span class='ocrx_word' id='word_1_461' title='bbox 2183 2300 2386 2370; x_wconf 82' lang='lat' dir='ltr'><strong>luxque</strong></span> <span class='ocrx_word' id='word_1_462' title='bbox 2440 2300 2716 2369; x_wconf 87' lang='lat' dir='ltr'><strong>tenebris;</strong></span> <span class='ocrx_word' id='word_1_463' title='bbox 2769 2308 2824 2356; x_wconf 86' lang='lat' dir='ltr'><strong>et</strong></span> <span class='ocrx_word' id='word_1_464' title='bbox 2853 2302 2979 2366; x_wconf 86' lang='lat' dir='ltr'><strong>alia,</strong></span> <span class='ocrx_word' id='word_1_465' title='bbox 3017 2305 3192 2372; x_wconf 88' lang='lat' dir='ltr'><strong>siqua</strong></span> <span class='ocrx_word' id='word_1_466' title='bbox 3223 2311 3350 2356; x_wconf 90' lang='lat' dir='ltr'><strong>sunt</strong></span> <span class='ocrx_word' id='word_1_467' title='bbox 3383 2304 3472 2359; x_wconf 81' lang='lat' dir='ltr'><strong>his</strong></span> 
     </span>
    </p>
   </div>
   <div class='ocr_carea' id='block_1_65' title="bbox 1889 2393 2127 2447">
    <p class='ocr_par' dir='ltr' id='par_1_65' title="bbox 1889 2393 2127 2447">
     <span class='ocr_line' id='line_1_65' title="bbox 1889 2393 2127 2447; baseline -0.004 0"><span class='ocrx_word' id='word_1_468' title='bbox 1889 2393 2127 2447; x_wconf 85' lang='lat' dir='ltr'><strong>similia?</strong></span> 
     </span>
    </p>
   </div>
   <div class='ocr_carea' id='block_1_66' title="bbox 1962 2484 2400 2543">
    <p class='ocr_par' dir='ltr' id='par_1_66' title="bbox 1962 2484 2400 2543">
     <span class='ocr_line' id='line_1_66' title="bbox 1962 2484 2400 2543; baseline 0 -5"><span class='ocrx_word' id='word_1_469' title='bbox 1962 2485 2118 2538; x_wconf 81' lang='lat' dir='ltr'><strong>VAL.</strong></span> <span class='ocrx_word' id='word_1_470' title='bbox 2160 2484 2400 2543; x_wconf 75' lang='lat' dir='ltr'><strong>Videtur.</strong></span> 
     </span>
    </p>
   </div>
   <div class='ocr_carea' id='block_1_67' title="bbox 1957 2575 3472 2648">
    <p class='ocr_par' dir='ltr' id='par_1_67' title="bbox 1957 2575 3472 2648">
     <span class='ocr_line' id='line_1_67' title="bbox 1957 2575 3472 2648; baseline 0.001 -16"><span class='ocrx_word' id='word_1_471' title='bbox 1957 2575 2168 2632; x_wconf 83' lang='lat' dir='ltr'><strong>ORTH.</strong></span> <span class='ocrx_word' id='word_1_472' title='bbox 2206 2575 2263 2631; x_wconf 92' lang='lat' dir='ltr'><strong>Si</strong></span> <span class='ocrx_word' id='word_1_473' title='bbox 2290 2593 2420 2647; x_wconf 81' lang='lat' dir='ltr'><strong>ergo</strong></span> <span class='ocrx_word' id='word_1_474' title='bbox 2470 2584 2656 2648; x_wconf 87' lang='lat' dir='ltr'><strong>partes</strong></span> <span class='ocrx_word' id='word_1_475' title='bbox 2689 2577 2914 2632; x_wconf 91' lang='lat' dir='ltr'><strong>minime</strong></span> <span class='ocrx_word' id='word_1_476' title='bbox 2946 2577 3049 2634; x_wconf 91' lang='lat' dir='ltr'><strong>sibi</strong></span> <span class='ocrx_word' id='word_1_477' title='bbox 3102 2578 3334 2634; x_wconf 80' lang='lat' dir='ltr'><strong>invicem</strong></span> <span class='ocrx_word' id='word_1_478' title='bbox 3361 2580 3472 2634; x_wconf 82' lang='lat' dir='ltr'><strong>exi-</strong></span> 
     </span>
    </p>
   </div>
   <div class='ocr_carea' id='block_1_68' title="bbox 1887 2670 3466 2743">
    <p class='ocr_par' dir='ltr' id='par_1_68' title="bbox 1887 2670 3466 2743">
     <span class='ocr_line' id='line_1_68' title="bbox 1887 2670 3466 2743; baseline 0.003 -21"><span class='ocrx_word' id='word_1_479' title='bbox 1887 2670 1962 2724; x_wconf 89' lang='lat' dir='ltr'><strong>tio</strong></span> <span class='ocrx_word' id='word_1_480' title='bbox 1993 2679 2148 2736; x_wconf 87' lang='lat' dir='ltr'><strong>sunt;</strong></span> <span class='ocrx_word' id='word_1_481' title='bbox 2179 2670 2294 2724; x_wconf 63' lang='lat' dir='ltr'><strong>haec</strong></span> <span class='ocrx_word' id='word_1_482' title='bbox 2320 2679 2500 2724; x_wconf 90' lang='lat' dir='ltr'><strong>autem</strong></span> <span class='ocrx_word' id='word_1_483' title='bbox 2527 2687 2584 2726; x_wconf 92' lang='lat' dir='ltr'><strong>se</strong></span> <span class='ocrx_word' id='word_1_484' title='bbox 2616 2678 2805 2726; x_wconf 87' lang='lat' dir='ltr'><strong>mutuo</strong></span> <span class='ocrx_word' id='word_1_485' title='bbox 2859 2672 3165 2740; x_wconf 85' lang='lat' dir='ltr'><strong>perimunt;</strong></span> <span class='ocrx_word' id='word_1_486' title='bbox 3198 2673 3466 2743; x_wconf 87' lang='lat' dir='ltr'><strong>sequitur,</strong></span> 
     </span>
    </p>
   </div>
   <div class='ocr_carea' id='block_1_69' title="bbox 1887 2761 3468 2834">
    <p class='ocr_par' dir='ltr' id='par_1_69' title="bbox 1887 2761 3468 2834">
     <span class='ocr_line' id='line_1_69' title="bbox 1887 2761 3468 2834; baseline 0.005 -21"><span class='ocrx_word' id='word_1_487' title='bbox 1887 2770 1948 2814; x_wconf 74' lang='lat' dir='ltr'><strong>ut</strong></span> <span class='ocrx_word' id='word_1_488' title='bbox 1977 2778 2088 2815; x_wconf 91' lang='lat' dir='ltr'><strong>non</strong></span> <span class='ocrx_word' id='word_1_489' title='bbox 2122 2762 2232 2816; x_wconf 90' lang='lat' dir='ltr'><strong>sint</strong></span> <span class='ocrx_word' id='word_1_490' title='bbox 2263 2763 2497 2817; x_wconf 85' lang='lat' dir='ltr'><strong>invicem</strong></span> <span class='ocrx_word' id='word_1_491' title='bbox 2527 2770 2730 2834; x_wconf 91' lang='lat' dir='ltr'><strong>partes.</strong></span> <span class='ocrx_word' id='word_1_492' title='bbox 2770 2761 2827 2817; x_wconf 90' lang='lat' dir='ltr'><strong>Si</strong></span> <span class='ocrx_word' id='word_1_493' title='bbox 2862 2772 3044 2819; x_wconf 88' lang='lat' dir='ltr'><strong>autem</strong></span> <span class='ocrx_word' id='word_1_494' title='bbox 3087 2783 3196 2820; x_wconf 91' lang='lat' dir='ltr'><strong>non</strong></span> <span class='ocrx_word' id='word_1_495' title='bbox 3221 2777 3349 2821; x_wconf 91' lang='lat' dir='ltr'><strong>sunt</strong></span> <span class='ocrx_word' id='word_1_496' title='bbox 3379 2768 3468 2822; x_wconf 87' lang='lat' dir='ltr'><strong>in-</strong></span> 
     </span>
    </p>
   </div>
   <div class='ocr_carea' id='block_1_70' title="bbox 1887 2854 3466 2928">
    <p class='ocr_par' dir='ltr' id='par_1_70' title="bbox 1887 2854 3466 2928">
     <span class='ocr_line' id='line_1_70' title="bbox 1887 2854 3466 2928; baseline 0.004 -21"><span class='ocrx_word' id='word_1_497' title='bbox 1887 2854 2064 2909; x_wconf 80' lang='lat' dir='ltr'><strong>vicem</strong></span> <span class='ocrx_word' id='word_1_498' title='bbox 2097 2864 2315 2924; x_wconf 87' lang='lat' dir='ltr'><strong>partes;</strong></span> <span class='ocrx_word' id='word_1_499' title='bbox 2345 2872 2523 2926; x_wconf 91' lang='lat' dir='ltr'><strong>neque</strong></span> <span class='ocrx_word' id='word_1_500' title='bbox 2557 2857 2721 2911; x_wconf 90' lang='lat' dir='ltr'><strong>unius</strong></span> <span class='ocrx_word' id='word_1_501' title='bbox 2751 2859 2992 2912; x_wconf 75' lang='lat' dir='ltr'><strong>materiae</strong></span> <span class='ocrx_word' id='word_1_502' title='bbox 3021 2867 3204 2928; x_wconf 88' lang='lat' dir='ltr'><strong>partes</strong></span> <span class='ocrx_word' id='word_1_503' title='bbox 3240 2859 3466 2914; x_wconf 84' lang='lat' dir='ltr'><strong>fuerint.</strong></span> 
     </span>
    </p>
   </div>
   <div class='ocr_carea' id='block_1_71' title="bbox 1887 2943 3468 3022">
    <p class='ocr_par' dir='ltr' id='par_1_71' title="bbox 1887 2943 3468 3022">
     <span class='ocr_line' id='line_1_71' title="bbox 1887 2943 3468 3022; baseline 0.005 -24"><span class='ocrx_word' id='word_1_504' title='bbox 1887 2943 2000 2999; x_wconf 88' lang='lat' dir='ltr'><strong>Imo</strong></span> <span class='ocrx_word' id='word_1_505' title='bbox 2040 2962 2218 3016; x_wconf 89' lang='lat' dir='ltr'><strong>neque</strong></span> <span class='ocrx_word' id='word_1_506' title='bbox 2240 2956 2402 3002; x_wconf 89' lang='lat' dir='ltr'><strong>erunt</strong></span> <span class='ocrx_word' id='word_1_507' title='bbox 2424 2949 2672 3014; x_wconf 85' lang='lat' dir='ltr'><strong>materia,</strong></span> <span class='ocrx_word' id='word_1_508' title='bbox 2711 2950 2858 3018; x_wconf 92' lang='lat' dir='ltr'><strong>quod</strong></span> <span class='ocrx_word' id='word_1_509' title='bbox 2890 2951 3027 3004; x_wconf 87' lang='lat' dir='ltr'><strong>nihil</strong></span> <span class='ocrx_word' id='word_1_510' title='bbox 3077 2952 3181 3005; x_wconf 90' lang='lat' dir='ltr'><strong>sibi</strong></span> <span class='ocrx_word' id='word_1_511' title='bbox 3219 2953 3323 3022; x_wconf 90' lang='lat' dir='ltr'><strong>ipsi</strong></span> <span class='ocrx_word' id='word_1_512' title='bbox 3349 2954 3468 3008; x_wconf 81' lang='lat' dir='ltr'><strong>exi-</strong></span> 
     </span>
    </p>
   </div>
   <div class='ocr_carea' id='block_1_72' title="bbox 1887 3039 3468 3117">
    <p class='ocr_par' dir='ltr' id='par_1_72' title="bbox 1887 3039 3468 3117">
     <span class='ocr_line' id='line_1_72' title="bbox 1887 3039 3468 3117; baseline 0.006 -26"><span class='ocrx_word' id='word_1_513' title='bbox 1887 3039 1964 3092; x_wconf 83' lang='lat' dir='ltr'><strong>tio</strong></span> <span class='ocrx_word' id='word_1_514' title='bbox 1987 3039 2058 3094; x_wconf 90' lang='lat' dir='ltr'><strong>sit</strong></span> <span class='ocrx_word' id='word_1_515' title='bbox 2080 3049 2133 3094; x_wconf 92' lang='lat' dir='ltr'><strong>et</strong></span> <span class='ocrx_word' id='word_1_516' title='bbox 2151 3042 2512 3097; x_wconf 90' lang='lat' dir='ltr'><strong>contrarium.</strong></span> <span class='ocrx_word' id='word_1_517' title='bbox 2568 3041 2706 3097; x_wconf 89' lang='lat' dir='ltr'><strong>Cum</strong></span> <span class='ocrx_word' id='word_1_518' title='bbox 2733 3058 2865 3113; x_wconf 82' lang='lat' dir='ltr'><strong>ergo</strong></span> <span class='ocrx_word' id='word_1_519' title='bbox 2898 3043 2974 3098; x_wconf 89' lang='lat' dir='ltr'><strong>ita</strong></span> <span class='ocrx_word' id='word_1_520' title='bbox 3012 3061 3071 3100; x_wconf 89' lang='lat' dir='ltr'><strong>se</strong></span> <span class='ocrx_word' id='word_1_521' title='bbox 3107 3045 3342 3100; x_wconf 88' lang='lat' dir='ltr'><strong>habeant</strong></span> <span class='ocrx_word' id='word_1_522' title='bbox 3366 3064 3468 3117; x_wconf 90' lang='lat' dir='ltr'><strong>op-</strong></span> 
     </span>
    </p>
   </div>
   <div class='ocr_carea' id='block_1_73' title="bbox 1884 3132 3469 3210">
    <p class='ocr_par' dir='ltr' id='par_1_73' title="bbox 1884 3132 3469 3210">
     <span class='ocr_line' id='line_1_73' title="bbox 1884 3132 3469 3210; baseline 0.006 -25"><span class='ocrx_word' id='word_1_523' title='bbox 1884 3132 2084 3201; x_wconf 86' lang='lat' dir='ltr'><strong>posita,</strong></span> <span class='ocrx_word' id='word_1_524' title='bbox 2112 3142 2258 3203; x_wconf 87' lang='lat' dir='ltr'><strong>patet</strong></span> <span class='ocrx_word' id='word_1_525' title='bbox 2278 3135 2405 3189; x_wconf 89' lang='lat' dir='ltr'><strong>inde</strong></span> <span class='ocrx_word' id='word_1_526' title='bbox 2431 3150 2495 3189; x_wconf 87' lang='lat' dir='ltr'><strong>ea</strong></span> <span class='ocrx_word' id='word_1_527' title='bbox 2530 3150 2639 3188; x_wconf 90' lang='lat' dir='ltr'><strong>non</strong></span> <span class='ocrx_word' id='word_1_528' title='bbox 2670 3151 2794 3191; x_wconf 89' lang='lat' dir='ltr'><strong>esse</strong></span> <span class='ocrx_word' id='word_1_529' title='bbox 2841 3139 3149 3192; x_wconf 81' lang='lat' dir='ltr'><strong>materiam.</strong></span> <span class='ocrx_word' id='word_1_530' title='bbox 3195 3139 3373 3210; x_wconf 83' lang='lat' dir='ltr'><strong>Atque</strong></span> <span class='ocrx_word' id='word_1_531' title='bbox 3400 3141 3469 3195; x_wconf 86' lang='lat' dir='ltr'><strong>de</strong></span> 
     </span>
    </p>
   </div>
   <div class='ocr_carea' id='block_1_74' title="bbox 1883 3226 2634 3282">
    <p class='ocr_par' dir='ltr' id='par_1_74' title="bbox 1883 3226 2634 3282">
     <span class='ocr_line' id='line_1_74' title="bbox 1883 3226 2634 3282; baseline 0.005 -4"><span class='ocrx_word' id='word_1_532' title='bbox 1883 3226 2109 3278; x_wconf 82' lang='lat' dir='ltr'><strong>materia</strong></span> <span class='ocrx_word' id='word_1_533' title='bbox 2143 3226 2276 3280; x_wconf 87' lang='lat' dir='ltr'><strong>satis</strong></span> <span class='ocrx_word' id='word_1_534' title='bbox 2307 3227 2513 3280; x_wconf 89' lang='lat' dir='ltr'><strong>dictum</strong></span> <span class='ocrx_word' id='word_1_535' title='bbox 2543 3228 2634 3282; x_wconf 87' lang='lat' dir='ltr'><strong>sit.</strong></span> 
     </span>
    </p>
   </div>
   <div class='ocr_carea' id='block_1_75' title="bbox 1953 3316 3464 3394">
    <p class='ocr_par' dir='ltr' id='par_1_75' title="bbox 1953 3316 3464 3394">
     <span class='ocr_line' id='line_1_75' title="bbox 1953 3316 3464 3394; baseline 0.004 -22"><span class='ocrx_word' id='word_1_536' title='bbox 1953 3316 2292 3373; x_wconf 79' lang='lat' dir='ltr'><strong>Veniendum</strong></span> <span class='ocrx_word' id='word_1_537' title='bbox 2328 3327 2508 3374; x_wconf 90' lang='lat' dir='ltr'><strong>autem</strong></span> <span class='ocrx_word' id='word_1_538' title='bbox 2542 3328 2625 3376; x_wconf 89' lang='lat' dir='ltr'><strong>est</strong></span> <span class='ocrx_word' id='word_1_539' title='bbox 2677 3321 2745 3375; x_wconf 90' lang='lat' dir='ltr'><strong>ad</strong></span> <span class='ocrx_word' id='word_1_540' title='bbox 2797 3323 3071 3376; x_wconf 88' lang='lat' dir='ltr'><strong>malorum</strong></span> <span class='ocrx_word' id='word_1_541' title='bbox 3121 3321 3464 3394; x_wconf 87' lang='lat' dir='ltr'><strong>disquisitio-</strong></span> 
     </span>
    </p>
   </div>
   <div class='ocr_carea' id='block_1_76' title="bbox 1882 3411 3463 3481">
    <p class='ocr_par' dir='ltr' id='par_1_76' title="bbox 1882 3411 3463 3481">
     <span class='ocr_line' id='line_1_76' title="bbox 1882 3411 3463 3481; baseline 0.003 -17"><span class='ocrx_word' id='word_1_542' title='bbox 1882 3425 2028 3474; x_wconf 75' lang='lat' dir='ltr'><strong>nem,</strong></span> <span class='ocrx_word' id='word_1_543' title='bbox 2049 3411 2469 3481; x_wconf 88' lang='lat' dir='ltr'><strong>necessarioque</strong></span> <span class='ocrx_word' id='word_1_544' title='bbox 2495 3413 2820 3468; x_wconf 84' lang='lat' dir='ltr'><strong>excutienda</strong></span> <span class='ocrx_word' id='word_1_545' title='bbox 2842 3422 2970 3469; x_wconf 89' lang='lat' dir='ltr'><strong>sunt</strong></span> <span class='ocrx_word' id='word_1_546' title='bbox 2996 3415 3135 3468; x_wconf 89' lang='lat' dir='ltr'><strong>mala</strong></span> <span class='ocrx_word' id='word_1_547' title='bbox 3161 3415 3463 3470; x_wconf 81' lang='lat' dir='ltr'><strong>hominum.</strong></span> 
     </span>
    </p>
   </div>
   <div class='ocr_carea' id='block_1_77' title="bbox 1882 3492 3460 3576">
    <p class='ocr_par' dir='ltr' id='par_1_77' title="bbox 1882 3492 3460 3576">
     <span class='ocr_line' id='line_1_77' title="bbox 1882 3492 3460 3576; baseline 0.002 -18"><span class='ocrx_word' id='word_1_548' title='bbox 1882 3501 2081 3569; x_wconf 62' lang='lat' dir='ltr'><strong>Quaero</strong></span> <span class='ocrx_word' id='word_1_549' title='bbox 2107 3504 2275 3574; x_wconf 85' lang='lat' dir='ltr'><strong>igitur</strong></span> <span class='ocrx_word' id='word_1_550' title='bbox 2301 3523 2315 3558; x_wconf 90' lang='lat'>:</span> <span class='ocrx_word' id='word_1_551' title='bbox 2349 3503 2488 3558; x_wconf 80' lang='lat' dir='ltr'><strong>Mala</strong></span> <span class='ocrx_word' id='word_1_552' title='bbox 2510 3505 2815 3570; x_wconf 88' lang='lat' dir='ltr'><strong>hominum,</strong></span> <span class='ocrx_word' id='word_1_553' title='bbox 2844 3492 3051 3560; x_wconf 34' lang='lat' dir='ltr'><strong>suntne.</strong></span> <span class='ocrx_word' id='word_1_554' title='bbox 3073 3508 3286 3576; x_wconf 90' lang='lat' dir='ltr'><strong>species</strong></span> <span class='ocrx_word' id='word_1_555' title='bbox 3308 3507 3460 3571; x_wconf 92' lang='lat' dir='ltr'><strong>mali,</strong></span> 
     </span>
    </p>
   </div>
   <div class='ocr_carea' id='block_1_78' title="bbox 1883 3593 3464 3667">
    <p class='ocr_par' dir='ltr' id='par_1_78' title="bbox 1883 3593 3464 3667">
     <span class='ocr_line' id='line_1_78' title="bbox 1883 3593 3464 3667; baseline 0.003 -20"><span class='ocrx_word' id='word_1_556' title='bbox 1883 3608 1952 3648; x_wconf 90' lang='lat' dir='ltr'><strong>an</strong></span> <span class='ocrx_word' id='word_1_557' title='bbox 1985 3594 2208 3664; x_wconf 87' lang='lat' dir='ltr'><strong>partes?</strong></span> <span class='ocrx_word' id='word_1_558' title='bbox 2240 3593 2298 3648; x_wconf 89' lang='lat' dir='ltr'><strong>Si</strong></span> <span class='ocrx_word' id='word_1_559' title='bbox 2336 3596 2582 3665; x_wconf 88' lang='lat' dir='ltr'><strong>species;</strong></span> <span class='ocrx_word' id='word_1_560' title='bbox 2619 3611 2729 3650; x_wconf 92' lang='lat' dir='ltr'><strong>non</strong></span> <span class='ocrx_word' id='word_1_561' title='bbox 2776 3597 2883 3650; x_wconf 93' lang='lat' dir='ltr'><strong>erit</strong></span> <span class='ocrx_word' id='word_1_562' title='bbox 2914 3611 3045 3667; x_wconf 85' lang='lat' dir='ltr'><strong>ergo</strong></span> <span class='ocrx_word' id='word_1_563' title='bbox 3077 3597 3223 3651; x_wconf 86' lang='lat' dir='ltr'><strong>aliud</strong></span> <span class='ocrx_word' id='word_1_564' title='bbox 3266 3606 3464 3667; x_wconf 71' lang='lat' dir='ltr'><strong>praeter</strong></span> 
     </span>
    </p>
   </div>
   <div class='ocr_carea' id='block_1_79' title="bbox 1881 3684 3464 3760">
    <p class='ocr_par' dir='ltr' id='par_1_79' title="bbox 1881 3684 3464 3760">
     <span class='ocr_line' id='line_1_79' title="bbox 1881 3684 3464 3760; baseline 0.005 -22"><span class='ocrx_word' id='word_1_565' title='bbox 1881 3684 1997 3738; x_wconf 69' lang='lat' dir='ltr'><strong>haec</strong></span> <span class='ocrx_word' id='word_1_566' title='bbox 2065 3685 2373 3742; x_wconf 83' lang='lat' dir='ltr'><strong>subsistens</strong></span> <span class='ocrx_word' id='word_1_567' title='bbox 2428 3687 2653 3752; x_wconf 90' lang='lat' dir='ltr'><strong>malum,</strong></span> <span class='ocrx_word' id='word_1_568' title='bbox 2691 3702 2758 3742; x_wconf 89' lang='lat' dir='ltr'><strong>eo</strong></span> <span class='ocrx_word' id='word_1_569' title='bbox 2791 3689 2937 3758; x_wconf 92' lang='lat' dir='ltr'><strong>quod</strong></span> <span class='ocrx_word' id='word_1_570' title='bbox 2983 3705 3182 3760; x_wconf 78' lang='lat' dir='ltr'><strong>genera</strong></span> <span class='ocrx_word' id='word_1_571' title='bbox 3238 3689 3292 3744; x_wconf 90' lang='lat' dir='ltr'><strong>in</strong></span> <span class='ocrx_word' id='word_1_572' title='bbox 3337 3706 3464 3760; x_wconf 89' lang='lat' dir='ltr'><strong>spe-</strong></span> 
     </span>
    </p>
   </div>
   <div class='ocr_carea' id='block_1_80' title="bbox 1881 3777 3461 3849">
    <p class='ocr_par' dir='ltr' id='par_1_80' title="bbox 1881 3777 3461 3849">
     <span class='ocr_line' id='line_1_80' title="bbox 1881 3777 3461 3849; baseline 0.004 -18"><span class='ocrx_word' id='word_1_573' title='bbox 1881 3777 2072 3832; x_wconf 88' lang='lat' dir='ltr'><strong>ciebus</strong></span> <span class='ocrx_word' id='word_1_574' title='bbox 2101 3777 2454 3832; x_wconf 86' lang='lat' dir='ltr'><strong>inveniantur</strong></span> <span class='ocrx_word' id='word_1_575' title='bbox 2481 3788 2535 3834; x_wconf 90' lang='lat' dir='ltr'><strong>et</strong></span> <span class='ocrx_word' id='word_1_576' title='bbox 2562 3781 2886 3836; x_wconf 90' lang='lat' dir='ltr'><strong>subsistant.</strong></span> <span class='ocrx_word' id='word_1_577' title='bbox 2915 3780 3072 3847; x_wconf 86' lang='lat' dir='ltr'><strong>Quod</strong></span> <span class='ocrx_word' id='word_1_578' title='bbox 3104 3783 3152 3838; x_wconf 79' lang='lat' dir='ltr'><strong>si</strong></span> <span class='ocrx_word' id='word_1_579' title='bbox 3174 3784 3248 3837; x_wconf 89' lang='lat' dir='ltr'><strong>ita</strong></span> <span class='ocrx_word' id='word_1_580' title='bbox 3275 3783 3461 3849; x_wconf 86' lang='lat' dir='ltr'><strong>habet,</strong></span> 
     </span>
    </p>
   </div>
   <div class='ocr_carea' id='block_1_81' title="bbox 1880 3870 3463 3944">
    <p class='ocr_par' dir='ltr' id='par_1_81' title="bbox 1880 3870 3463 3944">
     <span class='ocr_line' id='line_1_81' title="bbox 1880 3870 3463 3944; baseline 0.006 -21"><span class='ocrx_word' id='word_1_581' title='bbox 1880 3870 1984 3924; x_wconf 91' lang='lat' dir='ltr'><strong>erit</strong></span> <span class='ocrx_word' id='word_1_582' title='bbox 2037 3885 2168 3926; x_wconf 90' lang='lat' dir='ltr'><strong>sane</strong></span> <span class='ocrx_word' id='word_1_583' title='bbox 2217 3871 2419 3925; x_wconf 91' lang='lat' dir='ltr'><strong>malum</strong></span> <span class='ocrx_word' id='word_1_584' title='bbox 2506 3873 2714 3942; x_wconf 91' lang='lat' dir='ltr'><strong>aliquid</strong></span> <span class='ocrx_word' id='word_1_585' title='bbox 2765 3883 3135 3944; x_wconf 85' lang='lat' dir='ltr'><strong>procreatum.</strong></span> <span class='ocrx_word' id='word_1_586' title='bbox 3183 3877 3289 3932; x_wconf 76' lang='lat' dir='ltr'><strong>Sic.</strong></span> <span class='ocrx_word' id='word_1_587' title='bbox 3313 3878 3463 3933; x_wconf 89' lang='lat' dir='ltr'><strong>enim</strong></span> 
     </span>
    </p>
   </div>
   <div class='ocr_carea' id='block_1_82' title="bbox 1882 3963 3461 4041">
    <p class='ocr_par' dir='ltr' id='par_1_82' title="bbox 1882 3963 3461 4041">
     <span class='ocr_line' id='line_1_82' title="bbox 1882 3963 3461 4041; baseline 0.004 -24"><span class='ocrx_word' id='word_1_588' title='bbox 1882 3963 2092 4030; x_wconf 87' lang='lat' dir='ltr'><strong>species</strong></span> <span class='ocrx_word' id='word_1_589' title='bbox 2129 3978 2252 4034; x_wconf 74' lang='lat' dir='ltr'><strong>qua:</strong></span> <span class='ocrx_word' id='word_1_590' title='bbox 2280 3963 2411 4030; x_wconf 91' lang='lat' dir='ltr'><strong>sint,</strong></span> <span class='ocrx_word' id='word_1_591' title='bbox 2443 3963 2648 4020; x_wconf 83' lang='lat' dir='ltr'><strong>factum</strong></span> <span class='ocrx_word' id='word_1_592' title='bbox 2679 3967 2900 4037; x_wconf 82' lang='lat' dir='ltr'><strong>aliquod</strong></span> <span class='ocrx_word' id='word_1_593' title='bbox 2928 3969 3230 4024; x_wconf 89' lang='lat' dir='ltr'><strong>ostendunt</strong></span> <span class='ocrx_word' id='word_1_594' title='bbox 3260 3989 3273 4024; x_wconf 92' lang='lat'>:</span> <span class='ocrx_word' id='word_1_595' title='bbox 3305 3978 3461 4041; x_wconf 88' lang='lat' dir='ltr'><strong>puta,</strong></span> 
     </span>
    </p>
   </div>
   <div class='ocr_carea' id='block_1_83' title="bbox 1881 4053 3460 4121">
    <p class='ocr_par' dir='ltr' id='par_1_83' title="bbox 1881 4053 3460 4121">
     <span class='ocr_line' id='line_1_83' title="bbox 1881 4053 3460 4121; baseline 0.006 -13"><span class='ocrx_word' id='word_1_596' title='bbox 1881 4053 2258 4121; x_wconf 87' lang='lat' dir='ltr'><strong>homicidium,</strong></span> <span class='ocrx_word' id='word_1_597' title='bbox 2311 4056 2638 4114; x_wconf 86' lang='lat' dir='ltr'><strong>adulterium</strong></span> <span class='ocrx_word' id='word_1_598' title='bbox 2663 4066 2718 4113; x_wconf 90' lang='lat' dir='ltr'><strong>et</strong></span> <span class='ocrx_word' id='word_1_599' title='bbox 2778 4059 2866 4115; x_wconf 90' lang='lat' dir='ltr'><strong>his</strong></span> <span class='ocrx_word' id='word_1_600' title='bbox 2898 4060 3120 4115; x_wconf 86' lang='lat' dir='ltr'><strong>similia.</strong></span> <span class='ocrx_word' id='word_1_601' title='bbox 3160 4060 3254 4116; x_wconf 90' lang='lat' dir='ltr'><strong>Sin</strong></span> <span class='ocrx_word' id='word_1_602' title='bbox 3278 4071 3460 4118; x_wconf 88' lang='lat' dir='ltr'><strong>autem</strong></span> 
     </span>
    </p>
   </div>
   <div class='ocr_carea' id='block_1_84' title="bbox 1880 4148 3461 4220">
    <p class='ocr_par' dir='ltr' id='par_1_84' title="bbox 1880 4148 3461 4220">
     <span class='ocr_line' id='line_1_84' title="bbox 1880 4148 3461 4220; baseline 0.005 -20"><span class='ocrx_word' id='word_1_603' title='bbox 1880 4148 2140 4203; x_wconf 89' lang='lat' dir='ltr'><strong>malueris</strong></span> <span class='ocrx_word' id='word_1_604' title='bbox 2174 4164 2295 4204; x_wconf 90' lang='lat' dir='ltr'><strong>esse</strong></span> <span class='ocrx_word' id='word_1_605' title='bbox 2328 4158 2513 4219; x_wconf 88' lang='lat' dir='ltr'><strong>partes</strong></span> <span class='ocrx_word' id='word_1_606' title='bbox 2557 4150 2794 4220; x_wconf 88' lang='lat' dir='ltr'><strong>alicujus</strong></span> <span class='ocrx_word' id='word_1_607' title='bbox 2825 4152 2953 4206; x_wconf 90' lang='lat' dir='ltr'><strong>mali</strong></span> <span class='ocrx_word' id='word_1_608' title='bbox 3013 4173 3026 4209; x_wconf 88' lang='lat'><strong>:</strong></span> <span class='ocrx_word' id='word_1_609' title='bbox 3061 4169 3188 4208; x_wconf 89' lang='lat' dir='ltr'><strong>cum</strong></span> <span class='ocrx_word' id='word_1_610' title='bbox 3223 4155 3327 4209; x_wconf 72' lang='lat' dir='ltr'><strong>illae</strong></span> <span class='ocrx_word' id='word_1_611' title='bbox 3350 4155 3461 4208; x_wconf 84' lang='lat' dir='ltr'><strong>sint</strong></span> 
     </span>
    </p>
   </div>
   <div class='ocr_carea' id='block_1_85' title="bbox 1880 4239 3462 4311">
    <p class='ocr_par' dir='ltr' id='par_1_85' title="bbox 1880 4239 3462 4311">
     <span class='ocr_line' id='line_1_85' title="bbox 1880 4239 3462 4311; baseline 0.004 -17"><span class='ocrx_word' id='word_1_612' title='bbox 1880 4239 2011 4310; x_wconf 84' lang='lat' dir='ltr'><strong>quid</strong></span> <span class='ocrx_word' id='word_1_613' title='bbox 2051 4239 2290 4306; x_wconf 80' lang='lat' dir='ltr'><strong>factum;</strong></span> <span class='ocrx_word' id='word_1_614' title='bbox 2336 4241 2497 4311; x_wconf 88' lang='lat' dir='ltr'><strong>plane</strong></span> <span class='ocrx_word' id='word_1_615' title='bbox 2540 4240 2601 4296; x_wconf 82' lang='lat' dir='ltr'><strong>[it</strong></span> <span class='ocrx_word' id='word_1_616' title='bbox 2655 4258 2967 4308; x_wconf 88' lang='lat' dir='ltr'><strong>necessum,</strong></span> <span class='ocrx_word' id='word_1_617' title='bbox 3007 4253 3067 4298; x_wconf 89' lang='lat' dir='ltr'><strong>ut</strong></span> <span class='ocrx_word' id='word_1_618' title='bbox 3117 4252 3173 4298; x_wconf 88' lang='lat' dir='ltr'><strong>et</strong></span> <span class='ocrx_word' id='word_1_619' title='bbox 3226 4246 3360 4299; x_wconf 94' lang='lat' dir='ltr'><strong>illud</strong></span> <span class='ocrx_word' id='word_1_620' title='bbox 3388 4245 3462 4300; x_wconf 87' lang='lat' dir='ltr'><strong>sit</strong></span> 
     </span>
    </p>
   </div>
   <div class='ocr_carea' id='block_1_86' title="bbox 1880 4329 3456 4404">
    <p class='ocr_par' dir='ltr' id='par_1_86' title="bbox 1880 4329 3456 4404">
     <span class='ocr_line' id='line_1_86' title="bbox 1880 4329 3456 4404; baseline 0.004 -20"><span class='ocrx_word' id='word_1_621' title='bbox 1880 4331 2014 4401; x_wconf 92' lang='lat' dir='ltr'><strong>quid</strong></span> <span class='ocrx_word' id='word_1_622' title='bbox 2046 4329 2532 4397; x_wconf 84' lang='lat' dir='ltr'><strong>factum.Quorum</strong></span> <span class='ocrx_word' id='word_1_623' title='bbox 2563 4333 2706 4386; x_wconf 89' lang='lat' dir='ltr'><strong>enim</strong></span> <span class='ocrx_word' id='word_1_624' title='bbox 2721 4341 2904 4402; x_wconf 90' lang='lat' dir='ltr'><strong>partes</strong></span> <span class='ocrx_word' id='word_1_625' title='bbox 2930 4342 3059 4387; x_wconf 92' lang='lat' dir='ltr'><strong>sunt</strong></span> <span class='ocrx_word' id='word_1_626' title='bbox 3084 4334 3213 4404; x_wconf 92' lang='lat' dir='ltr'><strong>quid</strong></span> <span class='ocrx_word' id='word_1_627' title='bbox 3231 4335 3456 4403; x_wconf 80' lang='lat' dir='ltr'><strong>factum,</strong></span> 
     </span>
    </p>
   </div>
   <div class='ocr_carea' id='block_1_87' title="bbox 191 4421 1781 4501">
    <p class='ocr_par' dir='ltr' id='par_1_87' title="bbox 191 4424 1777 4501">
     <span class='ocr_line' id='line_1_87' title="bbox 191 4424 1777 4501; baseline -0.003 -19"><span class='ocrx_word' id='word_1_628' title='bbox 191 4430 378 4501; x_wconf 84' lang='grc' dir='ltr'>μερῶν</span> <span class='ocrx_word' id='word_1_629' title='bbox 411 4429 731 4499; x_wconf 84' lang='grc' dir='ltr'>συνέστηκε.</span> <span class='ocrx_word' id='word_1_630' title='bbox 788 4431 897 4482; x_wconf 78' lang='grc' dir='ltr'><strong>Καὶ</strong></span> <span class='ocrx_word' id='word_1_631' title='bbox 937 4429 998 4482; x_wconf 87' lang='grc' dir='ltr'><strong>τὸ</strong></span> <span class='ocrx_word' id='word_1_632' title='bbox 1034 4427 1131 4499; x_wconf 85' lang='grc' dir='ltr'><strong>μὲν</strong></span> <span class='ocrx_word' id='word_1_633' title='bbox 1170 4426 1289 4481; x_wconf 79' lang='grc' dir='ltr'>ὅλον</span> <span class='ocrx_word' id='word_1_634' title='bbox 1346 4427 1448 4480; x_wconf 83' lang='grc' dir='ltr'><strong>οὑκ</strong></span> <span class='ocrx_word' id='word_1_635' title='bbox 1490 4425 1664 4488; x_wconf 78' lang='grc' dir='ltr'>ἔσται,</span> <span class='ocrx_word' id='word_1_636' title='bbox 1703 4424 1777 4495; x_wconf 85' lang='grc' dir='ltr'>μὴ</span> 
     </span>
    </p>
   </div>
   <div class='ocr_carea' id='block_1_88' title="bbox 1897 4421 3458 4501">
    <p class='ocr_par' dir='ltr' id='par_1_88' title="bbox 1897 4421 3458 4492">
     <span class='ocr_line' id='line_1_88' title="bbox 1897 4421 3458 4492; baseline 0.003 -17"><span class='ocrx_word' id='word_1_637' title='bbox 1897 4422 2046 4475; x_wconf 69' lang='grc' dir='ltr'>ιιίοιη</span> <span class='ocrx_word' id='word_1_638' title='bbox 2077 4421 2195 4490; x_wconf 88' lang='lat' dir='ltr'><strong>ipsa</strong></span> <span class='ocrx_word' id='word_1_639' title='bbox 2224 4421 2477 4475; x_wconf 88' lang='lat' dir='ltr'><strong>similiter</strong></span> <span class='ocrx_word' id='word_1_640' title='bbox 2505 4423 2820 4478; x_wconf 84' lang='lat' dir='ltr'><strong>necessario</strong></span> <span class='ocrx_word' id='word_1_641' title='bbox 2847 4423 3118 4492; x_wconf 87' lang='lat' dir='ltr'><strong>ejusmodi</strong></span> <span class='ocrx_word' id='word_1_642' title='bbox 3141 4432 3288 4480; x_wconf 89' lang='lat' dir='ltr'><strong>sunt.</strong></span> <span class='ocrx_word' id='word_1_643' title='bbox 3321 4425 3458 4480; x_wconf 90' lang='lat' dir='ltr'><strong>Nam</strong></span> 
     </span>
    </p>
   </div>
   <div class='ocr_carea' id='block_1_89' title="bbox 184 4513 1778 4590">
    <p class='ocr_par' dir='ltr' id='par_1_89' title="bbox 184 4513 1778 4590">
     <span class='ocr_line' id='line_1_89' title="bbox 184 4513 1778 4590; baseline -0.003 -18"><span class='ocrx_word' id='word_1_644' title='bbox 184 4520 359 4573; x_wconf 79' lang='grc' dir='ltr'>δντων</span> <span class='ocrx_word' id='word_1_645' title='bbox 397 4520 581 4590; x_wconf 83' lang='grc' dir='ltr'>μερῶν</span> <span class='ocrx_word' id='word_1_646' title='bbox 605 4537 617 4550; x_wconf 93' lang='grc'><strong>·</strong></span> <span class='ocrx_word' id='word_1_647' title='bbox 650 4519 802 4574; x_wconf 76' lang='grc' dir='ltr'>ἔσται</span> <span class='ocrx_word' id='word_1_648' title='bbox 823 4519 881 4572; x_wconf 84' lang='grc' dir='ltr'><strong>δέ</strong></span> <span class='ocrx_word' id='word_1_649' title='bbox 910 4519 1020 4590; x_wconf 78' lang='grc'>(56)</span> <span class='ocrx_word' id='word_1_650' title='bbox 1055 4535 1176 4571; x_wconf 85' lang='grc' dir='ltr'>τινα</span> <span class='ocrx_word' id='word_1_651' title='bbox 1203 4517 1311 4570; x_wconf 87' lang='grc' dir='ltr'><strong>τῶν</strong></span> <span class='ocrx_word' id='word_1_652' title='bbox 1339 4515 1544 4588; x_wconf 90' lang='grc' dir='ltr'>μερῶν,</span> <span class='ocrx_word' id='word_1_653' title='bbox 1577 4515 1677 4568; x_wconf 85' lang='grc' dir='ltr'><strong>κᾶν</strong></span> <span class='ocrx_word' id='word_1_654' title='bbox 1705 4513 1778 4585; x_wconf 85' lang='grc' dir='ltr'>μὴ</span> 
     </span>
    </p>
   </div>
   <div class='ocr_carea' id='block_1_90' title="bbox 185 4608 1779 4683">
    <p class='ocr_par' dir='ltr' id='par_1_90' title="bbox 185 4608 1779 4683">
     <span class='ocr_line' id='line_1_90' title="bbox 185 4608 1779 4683; baseline -0.004 -16"><span class='ocrx_word' id='word_1_655' title='bbox 185 4614 249 4667; x_wconf 83' lang='grc' dir='ltr'><strong>τὸ</strong></span> <span class='ocrx_word' id='word_1_656' title='bbox 278 4613 402 4667; x_wconf 80' lang='grc' dir='ltr'>ὅλον</span> <span class='ocrx_word' id='word_1_657' title='bbox 433 4615 606 4683; x_wconf 82' lang='grc' dir='ltr'>παρῇ.</span> <span class='ocrx_word' id='word_1_658' title='bbox 641 4613 870 4676; x_wconf 81' lang='grc' dir='ltr'>Οὐδενὸς</span> <span class='ocrx_word' id='word_1_659' title='bbox 895 4614 956 4666; x_wconf 85' lang='grc' dir='ltr'><strong>δὲ</strong></span> <span class='ocrx_word' id='word_1_660' title='bbox 985 4612 1094 4665; x_wconf 88' lang='grc' dir='ltr'><strong>τῶν</strong></span> <span class='ocrx_word' id='word_1_661' title='bbox 1119 4611 1286 4664; x_wconf 75' lang='grc' dir='ltr'>ὅντων</span> <span class='ocrx_word' id='word_1_662' title='bbox 1318 4609 1481 4680; x_wconf 86' lang='grc' dir='ltr'>μέρος</span> <span class='ocrx_word' id='word_1_663' title='bbox 1531 4608 1631 4678; x_wconf 86' lang='grc' dir='ltr'><strong>μέν</strong></span> <span class='ocrx_word' id='word_1_664' title='bbox 1665 4610 1779 4660; x_wconf 76' lang='grc' dir='ltr'>ἐστι</span> 
     </span>
    </p>
   </div>
   <div class='ocr_carea' id='block_1_91' title="bbox 186 4701 1779 4777">
    <p class='ocr_par' dir='ltr' id='par_1_91' title="bbox 186 4701 1779 4777">
     <span class='ocr_line' id='line_1_91' title="bbox 186 4701 1779 4777; baseline -0.004 -18"><span class='ocrx_word' id='word_1_665' title='bbox 186 4706 441 4775; x_wconf 71' lang='grc' dir='ltr'>γενητὸν,</span> <span class='ocrx_word' id='word_1_666' title='bbox 476 4705 641 4777; x_wconf 78' lang='grc' dir='ltr'>μέρος</span> <span class='ocrx_word' id='word_1_667' title='bbox 666 4705 723 4758; x_wconf 83' lang='grc' dir='ltr'>δὲ</span> <span class='ocrx_word' id='word_1_668' title='bbox 745 4705 1030 4775; x_wconf 84' lang='grc' dir='ltr'>ἀγένητον.</span> <span class='ocrx_word' id='word_1_669' title='bbox 1065 4705 1129 4757; x_wconf 79' lang='grc' dir='ltr'><strong>Εἰ</strong></span> <span class='ocrx_word' id='word_1_670' title='bbox 1163 4703 1220 4757; x_wconf 88' lang='grc' dir='ltr'>δὲ</span> <span class='ocrx_word' id='word_1_671' title='bbox 1252 4701 1526 4756; x_wconf 79' lang='grc' dir='ltr'>καὶτοῦτο</span> <span class='ocrx_word' id='word_1_672' title='bbox 1568 4719 1779 4771; x_wconf 88' lang='grc' dir='ltr'>συγχω-</span> 
     </span>
    </p>
   </div>
   <div class='ocr_carea' id='block_1_92' title="bbox 190 4790 1778 4867">
    <p class='ocr_par' dir='ltr' id='par_1_92' title="bbox 190 4790 1778 4867">
     <span class='ocr_line' id='line_1_92' title="bbox 190 4790 1778 4867; baseline -0.003 -19"><span class='ocrx_word' id='word_1_673' title='bbox 190 4798 428 4867; x_wconf 82' lang='grc' dir='ltr'>ρήσαιμι</span> <span class='ocrx_word' id='word_1_674' title='bbox 458 4795 536 4865; x_wconf 82' lang='grc' dir='ltr'>τῷ</span> <span class='ocrx_word' id='word_1_675' title='bbox 562 4795 726 4866; x_wconf 84' lang='grc' dir='ltr'>λόγῳ,</span> <span class='ocrx_word' id='word_1_676' title='bbox 760 4790 828 4864; x_wconf 81' lang='grc' dir='ltr'>ἦν</span> <span class='ocrx_word' id='word_1_677' title='bbox 863 4811 992 4846; x_wconf 87' lang='grc' dir='ltr'>ποτε</span> <span class='ocrx_word' id='word_1_678' title='bbox 1019 4793 1081 4846; x_wconf 82' lang='grc' dir='ltr'>τὸ</span> <span class='ocrx_word' id='word_1_679' title='bbox 1127 4793 1319 4857; x_wconf 75' lang='grc' dir='ltr'>κακὸν,</span> <span class='ocrx_word' id='word_1_680' title='bbox 1366 4793 1455 4845; x_wconf 84' lang='grc' dir='ltr'>ὅτε</span> <span class='ocrx_word' id='word_1_681' title='bbox 1489 4791 1778 4861; x_wconf 81' lang='grc' dir='ltr'>ὁλόκληρον</span> 
     </span>
    </p>
   </div>
   <div class='ocr_carea' id='block_1_93' title="bbox 187 4880 1780 4959">
    <p class='ocr_par' dir='ltr' id='par_1_93' title="bbox 187 4880 1780 4959">
     <span class='ocr_line' id='line_1_93' title="bbox 187 4880 1780 4959; baseline -0.004 -18"><span class='ocrx_word' id='word_1_682' title='bbox 187 4889 292 4941; x_wconf 80' lang='grc' dir='ltr'><strong>οὐκ</strong></span> <span class='ocrx_word' id='word_1_683' title='bbox 327 4885 433 4959; x_wconf 78' lang='grc' dir='ltr'><strong>ἦν’</strong></span> <span class='ocrx_word' id='word_1_684' title='bbox 474 4888 720 4941; x_wconf 88' lang='grc' dir='ltr'>τουτέστι</span> <span class='ocrx_word' id='word_1_685' title='bbox 762 4887 892 4959; x_wconf 77' lang='grc' dir='ltr'>πρὶν</span> <span class='ocrx_word' id='word_1_686' title='bbox 920 4885 1322 4957; x_wconf 80' lang='grc' dir='ltr'>δημιουργῆσαι</span> <span class='ocrx_word' id='word_1_687' title='bbox 1363 4884 1463 4953; x_wconf 84' lang='grc' dir='ltr'>τὴν</span> <span class='ocrx_word' id='word_1_688' title='bbox 1508 4883 1640 4954; x_wconf 72' lang='grc' dir='ltr'>ὓλην</span> <span class='ocrx_word' id='word_1_689' title='bbox 1689 4880 1780 4934; x_wconf 73' lang='grc' dir='ltr'><strong>τὸν</strong></span> 
     </span>
    </p>
   </div>
   <div class='ocr_carea' id='block_1_94' title="bbox 188 4973 1777 5052">
    <p class='ocr_par' dir='ltr' id='par_1_94' title="bbox 188 4973 1777 5052">
     <span class='ocr_line' id='line_1_94' title="bbox 188 4973 1777 5052; baseline -0.004 -19"><span class='ocrx_word' id='word_1_690' title='bbox 188 4981 346 5036; x_wconf 80' lang='grc' dir='ltr'>Θεόν.</span> <span class='ocrx_word' id='word_1_691' title='bbox 398 4982 533 5035; x_wconf 86' lang='grc' dir='ltr'>Τότε</span> <span class='ocrx_word' id='word_1_692' title='bbox 585 4982 642 5034; x_wconf 83' lang='grc' dir='ltr'>δὲ</span> <span class='ocrx_word' id='word_1_693' title='bbox 693 4981 988 5052; x_wconf 82' lang='grc' dir='ltr'>ὁλόκληρον</span> <span class='ocrx_word' id='word_1_694' title='bbox 1032 4979 1274 5047; x_wconf 86' lang='grc' dir='ltr'>γίνεται,</span> <span class='ocrx_word' id='word_1_695' title='bbox 1327 4979 1418 5030; x_wconf 83' lang='grc' dir='ltr'><strong>ὅτε</strong></span> <span class='ocrx_word' id='word_1_696' title='bbox 1463 4976 1598 5047; x_wconf 85' lang='grc' dir='ltr'>πρὸς</span> <span class='ocrx_word' id='word_1_697' title='bbox 1643 4973 1777 5027; x_wconf 81' lang='grc' dir='ltr'>Θεοῦ</span> 
     </span>
    </p>
   </div>
   <div class='ocr_carea' id='block_1_95' title="bbox 190 5067 1776 5146">
    <p class='ocr_par' dir='ltr' id='par_1_95' title="bbox 190 5067 1776 5146">
     <span class='ocr_line' id='line_1_95' title="bbox 190 5067 1776 5146; baseline -0.005 -18"><span class='ocrx_word' id='word_1_698' title='bbox 190 5076 418 5143; x_wconf 83' lang='grc' dir='ltr'>γέγονεν</span> <span class='ocrx_word' id='word_1_699' title='bbox 458 5075 771 5146; x_wconf 78' lang='grc' dir='ltr'>ἄνθρωπος’</span> <span class='ocrx_word' id='word_1_700' title='bbox 797 5073 906 5126; x_wconf 85' lang='grc' dir='ltr'><strong>τῶν</strong></span> <span class='ocrx_word' id='word_1_701' title='bbox 955 5071 1064 5142; x_wconf 84' lang='grc' dir='ltr'>γὰρ</span> <span class='ocrx_word' id='word_1_702' title='bbox 1095 5071 1280 5142; x_wconf 83' lang='grc' dir='ltr'>μερῶν</span> <span class='ocrx_word' id='word_1_703' title='bbox 1322 5068 1418 5123; x_wconf 82' lang='grc' dir='ltr'>τοῦ</span> <span class='ocrx_word' id='word_1_704' title='bbox 1459 5067 1630 5122; x_wconf 81' lang='grc' dir='ltr'>κακοῦ</span> <span class='ocrx_word' id='word_1_705' title='bbox 1681 5067 1776 5121; x_wconf 81' lang='grc' dir='ltr'><strong>ἄν-</strong></span> 
     </span>
    </p>
   </div>
   <div class='ocr_carea' id='block_1_96' title="bbox 191 5159 1776 5238">
    <p class='ocr_par' dir='ltr' id='par_1_96' title="bbox 191 5159 1776 5238">
     <span class='ocr_line' id='line_1_96' title="bbox 191 5159 1776 5238; baseline -0.004 -18"><span class='ocrx_word' id='word_1_706' title='bbox 191 5167 414 5238; x_wconf 76' lang='grc' dir='ltr'>θρωπος</span> <span class='ocrx_word' id='word_1_707' title='bbox 441 5167 671 5238; x_wconf 80' lang='grc' dir='ltr'>ὑπάρχει</span> <span class='ocrx_word' id='word_1_708' title='bbox 695 5165 944 5237; x_wconf 86' lang='grc' dir='ltr'>ποιητής.</span> <span class='ocrx_word' id='word_1_709' title='bbox 969 5163 1078 5216; x_wconf 73' lang='grc' dir='ltr'>Καὶ</span> <span class='ocrx_word' id='word_1_710' title='bbox 1104 5162 1167 5215; x_wconf 88' lang='grc' dir='ltr'>τὺ</span> <span class='ocrx_word' id='word_1_711' title='bbox 1204 5160 1453 5215; x_wconf 76' lang='grc' dir='ltr'>ἐντεῦθεν</span> <span class='ocrx_word' id='word_1_712' title='bbox 1486 5159 1776 5238; x_wconf 71' lang='grc' dir='ltr'>ὁλόκληρον</span> 
     </span>
    </p>
   </div>
   <div class='ocr_carea' id='block_1_97' title="bbox 189 5256 1772 5329">
    <p class='ocr_par' dir='ltr' id='par_1_97' title="bbox 189 5256 1772 5329">
     <span class='ocr_line' id='line_1_97' title="bbox 189 5256 1772 5329; baseline -0.004 -14"><span class='ocrx_word' id='word_1_713' title='bbox 189 5259 332 5315; x_wconf 82' lang='grc' dir='ltr'>εἶναι</span> <span class='ocrx_word' id='word_1_714' title='bbox 387 5261 450 5314; x_wconf 88' lang='grc' dir='ltr'>τὺ</span> <span class='ocrx_word' id='word_1_715' title='bbox 502 5261 670 5314; x_wconf 76' lang='grc' dir='ltr'>κακὸν</span> <span class='ocrx_word' id='word_1_716' title='bbox 705 5262 875 5324; x_wconf 78' lang='grc' dir='ltr'>αἴτιος</span> <span class='ocrx_word' id='word_1_717' title='bbox 915 5257 1066 5311; x_wconf 75' lang='grc' dir='ltr'>ἔσται</span> <span class='ocrx_word' id='word_1_718' title='bbox 1103 5257 1516 5329; x_wconf 78' lang='grc' dir='ltr'>δημιουργήσας</span> <span class='ocrx_word' id='word_1_719' title='bbox 1560 5257 1589 5308; x_wconf 84' lang='grc' dir='ltr'><strong>δ</strong></span> <span class='ocrx_word' id='word_1_720' title='bbox 1613 5256 1772 5320; x_wconf 87' lang='grc' dir='ltr'>Θεός·</span> 
     </span>
    </p>
   </div>
   <div class='ocr_carea' id='block_1_98' title="bbox 187 5348 1777 5425">
    <p class='ocr_par' dir='ltr' id='par_1_98' title="bbox 187 5348 1777 5425">
     <span class='ocr_line' id='line_1_98' title="bbox 187 5348 1777 5425; baseline -0.004 -16"><span class='ocrx_word' id='word_1_721' title='bbox 187 5356 329 5425; x_wconf 74' lang='grc' dir='ltr'>ὅπερ</span> <span class='ocrx_word' id='word_1_722' title='bbox 355 5353 571 5417; x_wconf 76' lang='grc' dir='ltr'>ἀσεϐές.</span> <span class='ocrx_word' id='word_1_723' title='bbox 619 5354 682 5406; x_wconf 79' lang='lat' dir='ltr'><strong>El</strong></span> <span class='ocrx_word' id='word_1_724' title='bbox 719 5353 762 5406; x_wconf 87' lang='grc' dir='ltr'>δ’</span> <span class='ocrx_word' id='word_1_725' title='bbox 792 5352 900 5405; x_wconf 75' lang='grc' dir='ltr'>οὐδ’</span> <span class='ocrx_word' id='word_1_726' title='bbox 950 5351 1210 5421; x_wconf 85' lang='grc' dir='ltr'>ὁπότερον</span> <span class='ocrx_word' id='word_1_727' title='bbox 1250 5349 1454 5402; x_wconf 84' lang='grc' dir='ltr'>τούτων</span> <span class='ocrx_word' id='word_1_728' title='bbox 1492 5348 1670 5417; x_wconf 81' lang='grc' dir='ltr'>λέγεις</span> <span class='ocrx_word' id='word_1_729' title='bbox 1715 5349 1777 5402; x_wconf 84' lang='grc' dir='ltr'>τὺ</span> 
     </span>
    </p>
   </div>
   <div class='ocr_carea' id='block_1_99' title="bbox 188 5436 1775 5516">
    <p class='ocr_par' dir='ltr' id='par_1_99' title="bbox 188 5436 1775 5516">
     <span class='ocr_line' id='line_1_99' title="bbox 188 5436 1775 5516; baseline -0.006 -16"><span class='ocrx_word' id='word_1_730' title='bbox 188 5447 383 5516; x_wconf 67' lang='grc' dir='ltr'>κακὸγ,</span> <span class='ocrx_word' id='word_1_731' title='bbox 414 5443 612 5515; x_wconf 81' lang='grc' dir='ltr'>πρᾶξιν</span> <span class='ocrx_word' id='word_1_732' title='bbox 641 5443 700 5496; x_wconf 86' lang='grc' dir='ltr'><strong>δέ</strong></span> <span class='ocrx_word' id='word_1_733' title='bbox 731 5460 875 5505; x_wconf 91' lang='grc' dir='ltr'>τινος</span> <span class='ocrx_word' id='word_1_734' title='bbox 908 5439 1081 5495; x_wconf 87' lang='grc' dir='ltr'>κακοῦ</span> <span class='ocrx_word' id='word_1_735' title='bbox 1115 5440 1228 5510; x_wconf 79' lang='grc'>(57)</span> <span class='ocrx_word' id='word_1_736' title='bbox 1269 5436 1406 5496; x_wconf 79' lang='grc' dir='ltr'>εἶναι</span> <span class='ocrx_word' id='word_1_737' title='bbox 1436 5439 1615 5508; x_wconf 87' lang='grc' dir='ltr'>λέγεις</span> <span class='ocrx_word' id='word_1_738' title='bbox 1634 5456 1648 5470; x_wconf 74' lang='grc' dir='ltr'><strong>ο</strong></span> <span class='ocrx_word' id='word_1_739' title='bbox 1683 5455 1775 5506; x_wconf 86' lang='grc' dir='ltr'>γε-</span> 
     </span>
    </p>
   </div>
   <div class='ocr_carea' id='block_1_100' title="bbox 166 5550 1162 5717">
    <p class='ocr_par' dir='ltr' id='par_1_100' title="bbox 166 5550 1162 5717">
     <span class='ocr_line' id='line_1_100' title="bbox 166 5550 1162 5717; baseline -0.005 -82"><span class='ocrx_word' id='word_1_740' title='bbox 166 5550 184 5597; x_wconf 43' lang='grc' dir='ltr'>Ἀ</span> <span class='ocrx_word' id='word_1_741' title='bbox 262 5579 380 5717; x_wconf 69' lang='lat'>(53)</span> <span class='ocrx_word' id='word_1_742' title='bbox 425 5578 698 5659; x_wconf 68' lang='lat' dir='ltr'><strong>Hapﬁo’w.</strong></span> <span class='ocrx_word' id='word_1_743' title='bbox 734 5577 820 5632; x_wconf 86' lang='lat' dir='ltr'><strong>Al.</strong></span> <span class='ocrx_word' id='word_1_744' title='bbox 855 5579 1162 5650; x_wconf 81' lang='grc' dir='ltr'>παρήσατο.</span> 
     </span>
     <span class='ocr_line' id='line_1_101' title="bbox 167 5648 899 5717; baseline -0.004 -13"><span class='ocrx_word' id='word_1_745' title='bbox 167 5678 185 5692; x_wconf 78' lang='grc' dir='ltr'><strong>ο</strong></span> <span class='ocrx_word' id='word_1_746' title='bbox 262 5652 355 5713; x_wconf 66' lang='grc'><strong>(54</strong></span> <span class='ocrx_word' id='word_1_747' title='bbox 415 5649 534 5715; x_wconf 84' lang='grc' dir='ltr'><strong>Μή.</strong></span> <span class='ocrx_word' id='word_1_748' title='bbox 573 5648 753 5703; x_wconf 84' lang='lat' dir='ltr'><strong>Scrlb.</strong></span> <span class='ocrx_word' id='word_1_749' title='bbox 789 5649 899 5717; x_wconf 84' lang='grc' dir='ltr'>μοί.</span> 
     </span>
    </p>
   </div>
   <div class='ocr_carea' id='block_1_101' title="bbox 167 5648 899 5719">
    <p class='ocr_par' dir='ltr' id='par_1_101' title="bbox 167 5648 899 5719">
     <span class='ocr_line' id='line_1_102' title="bbox 167 5648 899 5719; baseline -0.004 -15"><span class='ocrx_word' id='word_1_750' title='bbox 167 5678 192 5719; x_wconf 30' lang='grc' dir='ltr'><strong>τ.</strong></span> <span class='ocrx_word' id='word_1_751' title='bbox 262 5648 380 5717; x_wconf 66' lang='grc'>(54)</span> <span class='ocrx_word' id='word_1_752' title='bbox 415 5649 534 5715; x_wconf 84' lang='grc' dir='ltr'><strong>Μή.</strong></span> <span class='ocrx_word' id='word_1_753' title='bbox 573 5648 753 5703; x_wconf 88' lang='lat' dir='ltr'><strong>Scrib.</strong></span> <span class='ocrx_word' id='word_1_754' title='bbox 789 5649 899 5719; x_wconf 86' lang='grc' dir='ltr'>μοί.</span> 
     </span>
    </p>
   </div>
   <div class='ocr_carea' id='block_1_102' title="bbox 166 5717 1310 5791">
    <p class='ocr_par' dir='ltr' id='par_1_102' title="bbox 166 5717 1310 5791">
     <span class='ocr_line' id='line_1_103' title="bbox 166 5717 1310 5791; baseline -0.001 -18"><span class='ocrx_word' id='word_1_755' title='bbox 166 5717 192 5729; x_wconf 66' lang='grc'><strong>’⁷</strong></span> <span class='ocrx_word' id='word_1_756' title='bbox 267 5721 383 5791; x_wconf 67' lang='lat'>{&#39;55)</span> <span class='ocrx_word' id='word_1_757' title='bbox 425 5717 808 5789; x_wconf 62' lang='lat' dir='ltr'><strong>fAraIpe‘ttxd.</strong></span> <span class='ocrx_word' id='word_1_758' title='bbox 847 5720 932 5775; x_wconf 81' lang='lat' dir='ltr'><strong>Al.</strong></span> <span class='ocrx_word' id='word_1_759' title='bbox 967 5718 1310 5775; x_wconf 82' lang='grc' dir='ltr'>συνανετικά.</span> 
     </span>
    </p>
   </div>
   <div class='ocr_carea' id='block_1_103' title="bbox 1881 4516 3456 4589">
    <p class='ocr_par' dir='ltr' id='par_1_103' title="bbox 1881 4516 3456 4589">
     <span class='ocr_line' id='line_1_104' title="bbox 1881 4516 3456 4589; baseline 0 -18"><span class='ocrx_word' id='word_1_760' title='bbox 1881 4525 2055 4573; x_wconf 80' lang='lat' dir='ltr'><strong>tomm</strong></span> <span class='ocrx_word' id='word_1_761' title='bbox 2089 4527 2306 4574; x_wconf 89' lang='lat' dir='ltr'><strong>constat</strong></span> <span class='ocrx_word' id='word_1_762' title='bbox 2331 4518 2602 4589; x_wconf 82' lang='lat' dir='ltr'><strong>partibus.</strong></span> <span class='ocrx_word' id='word_1_763' title='bbox 2635 4519 2714 4572; x_wconf 87' lang='lat' dir='ltr'><strong>Ac</strong></span> <span class='ocrx_word' id='word_1_764' title='bbox 2746 4525 2921 4573; x_wconf 89' lang='lat' dir='ltr'><strong>totum</strong></span> <span class='ocrx_word' id='word_1_765' title='bbox 2949 4516 3169 4587; x_wconf 90' lang='lat' dir='ltr'><strong>quidem</strong></span> <span class='ocrx_word' id='word_1_766' title='bbox 3201 4533 3313 4571; x_wconf 89' lang='lat' dir='ltr'><strong>non</strong></span> <span class='ocrx_word' id='word_1_767' title='bbox 3331 4519 3456 4579; x_wconf 88' lang='lat' dir='ltr'><strong>erit.</strong></span> 
     </span>
    </p>
   </div>
   <div class='ocr_carea' id='block_1_104' title="bbox 1880 4610 3460 4682">
    <p class='ocr_par' dir='ltr' id='par_1_104' title="bbox 1880 4610 3460 4682">
     <span class='ocr_line' id='line_1_105' title="bbox 1880 4610 3460 4682; baseline 0.001 -18"><span class='ocrx_word' id='word_1_768' title='bbox 1880 4612 2128 4682; x_wconf 86' lang='lat' dir='ltr'><strong>partibus</strong></span> <span class='ocrx_word' id='word_1_769' title='bbox 2181 4628 2293 4666; x_wconf 90' lang='lat' dir='ltr'><strong>non</strong></span> <span class='ocrx_word' id='word_1_770' title='bbox 2347 4611 2784 4668; x_wconf 79' lang='lat' dir='ltr'><strong>exsistentihus:</strong></span> <span class='ocrx_word' id='word_1_771' title='bbox 2838 4617 3020 4680; x_wconf 81' lang='lat' dir='ltr'><strong>partes</strong></span> <span class='ocrx_word' id='word_1_772' title='bbox 3077 4626 3207 4665; x_wconf 88' lang='lat' dir='ltr'><strong>vero</strong></span> <span class='ocrx_word' id='word_1_773' title='bbox 3263 4610 3460 4680; x_wconf 63' lang='lat' dir='ltr'><strong>aliqua</strong></span> 
     </span>
    </p>
   </div>
   <div class='ocr_carea' id='block_1_105' title="bbox 1879 4700 3456 4774">
    <p class='ocr_par' dir='ltr' id='par_1_105' title="bbox 1879 4700 3456 4774">
     <span class='ocr_line' id='line_1_106' title="bbox 1879 4700 3456 4774; baseline -0.003 -15"><span class='ocrx_word' id='word_1_774' title='bbox 1879 4713 2061 4769; x_wconf 89' lang='lat' dir='ltr'><strong>erunt,</strong></span> <span class='ocrx_word' id='word_1_775' title='bbox 2091 4719 2402 4774; x_wconf 78' lang='lat' dir='ltr'><strong>quanquam</strong></span> <span class='ocrx_word' id='word_1_776' title='bbox 2434 4713 2608 4758; x_wconf 90' lang='lat' dir='ltr'><strong>totum</strong></span> <span class='ocrx_word' id='word_1_777' title='bbox 2631 4702 2992 4759; x_wconf 89' lang='lat' dir='ltr'><strong>desideretur.</strong></span> <span class='ocrx_word' id='word_1_778' title='bbox 3030 4700 3246 4757; x_wconf 80' lang='lat' dir='ltr'><strong>Nullius</strong></span> <span class='ocrx_word' id='word_1_779' title='bbox 3274 4711 3456 4757; x_wconf 89' lang='lat' dir='ltr'><strong>autem</strong></span> 
     </span>
    </p>
   </div>
   <div class='ocr_carea' id='block_1_106' title="bbox 1878 4793 3457 4868">
    <p class='ocr_par' dir='ltr' id='par_1_106' title="bbox 1878 4793 3457 4868">
     <span class='ocr_line' id='line_1_107' title="bbox 1878 4793 3457 4868; baseline -0.001 -17"><span class='ocrx_word' id='word_1_780' title='bbox 1878 4797 1960 4852; x_wconf 84' lang='lat' dir='ltr'><strong>rei</strong></span> <span class='ocrx_word' id='word_1_781' title='bbox 1993 4813 2121 4868; x_wconf 90' lang='lat' dir='ltr'><strong>pars</strong></span> <span class='ocrx_word' id='word_1_782' title='bbox 2147 4799 2317 4852; x_wconf 87' lang='lat' dir='ltr'><strong>altera</strong></span> <span class='ocrx_word' id='word_1_783' title='bbox 2348 4797 2530 4868; x_wconf 77' lang='lat' dir='ltr'><strong>genita</strong></span> <span class='ocrx_word' id='word_1_784' title='bbox 2570 4803 2676 4862; x_wconf 90' lang='lat' dir='ltr'><strong>est,</strong></span> <span class='ocrx_word' id='word_1_785' title='bbox 2703 4797 2874 4850; x_wconf 87' lang='lat' dir='ltr'><strong>altera</strong></span> <span class='ocrx_word' id='word_1_786' title='bbox 2905 4795 3170 4866; x_wconf 78' lang='lat' dir='ltr'><strong>ingenita.</strong></span> <span class='ocrx_word' id='word_1_787' title='bbox 3198 4793 3294 4848; x_wconf 91' lang='lat' dir='ltr'><strong>Sin</strong></span> <span class='ocrx_word' id='word_1_788' title='bbox 3326 4810 3457 4850; x_wconf 88' lang='lat' dir='ltr'><strong>vero</strong></span> 
     </span>
    </p>
   </div>
   <div class='ocr_carea' id='block_1_107' title="bbox 1880 4883 3454 4954">
    <p class='ocr_par' dir='ltr' id='par_1_107' title="bbox 1880 4883 3454 4954">
     <span class='ocr_line' id='line_1_108' title="bbox 1880 4883 3454 4954; baseline -0.002 -13"><span class='ocrx_word' id='word_1_789' title='bbox 1880 4887 1983 4943; x_wconf 88' lang='lat' dir='ltr'><strong>hoc</strong></span> <span class='ocrx_word' id='word_1_790' title='bbox 2011 4888 2175 4942; x_wconf 87' lang='lat' dir='ltr'><strong>etiam</strong></span> <span class='ocrx_word' id='word_1_791' title='bbox 2205 4886 2443 4942; x_wconf 88' lang='lat' dir='ltr'><strong>orationi</strong></span> <span class='ocrx_word' id='word_1_792' title='bbox 2476 4886 2715 4951; x_wconf 88' lang='lat' dir='ltr'><strong>dedero;</strong></span> <span class='ocrx_word' id='word_1_793' title='bbox 2750 4883 2897 4938; x_wconf 89' lang='lat' dir='ltr'><strong>haud</strong></span> <span class='ocrx_word' id='word_1_794' title='bbox 2927 4893 3111 4939; x_wconf 88' lang='lat' dir='ltr'><strong>tamen</strong></span> <span class='ocrx_word' id='word_1_795' title='bbox 3140 4885 3327 4954; x_wconf 78' lang='lat' dir='ltr'><strong>negari</strong></span> <span class='ocrx_word' id='word_1_796' title='bbox 3354 4899 3454 4953; x_wconf 90' lang='lat' dir='ltr'><strong>po-</strong></span> 
     </span>
    </p>
   </div>
   <div class='ocr_carea' id='block_1_108' title="bbox 1877 4975 3449 5046">
    <p class='ocr_par' dir='ltr' id='par_1_108' title="bbox 1877 4975 3449 5046">
     <span class='ocr_line' id='line_1_109' title="bbox 1877 4975 3449 5046; baseline -0.002 -15"><span class='ocrx_word' id='word_1_797' title='bbox 1877 4984 2006 5042; x_wconf 88' lang='lat' dir='ltr'><strong>test,</strong></span> <span class='ocrx_word' id='word_1_798' title='bbox 2070 4977 2241 5033; x_wconf 72' lang='lat' dir='ltr'><strong>tuisse</strong></span> <span class='ocrx_word' id='word_1_799' title='bbox 2294 4975 2514 5046; x_wconf 90' lang='lat' dir='ltr'><strong>quando</strong></span> <span class='ocrx_word' id='word_1_800' title='bbox 2565 4977 2771 5030; x_wconf 89' lang='lat' dir='ltr'><strong>malum</strong></span> <span class='ocrx_word' id='word_1_801' title='bbox 2802 4990 2910 5028; x_wconf 89' lang='lat' dir='ltr'><strong>non</strong></span> <span class='ocrx_word' id='word_1_802' title='bbox 2943 4976 3216 5044; x_wconf 81' lang='lat' dir='ltr'><strong>integrum</strong></span> <span class='ocrx_word' id='word_1_803' title='bbox 3251 4981 3400 5029; x_wconf 89' lang='lat' dir='ltr'><strong>esset</strong></span> <span class='ocrx_word' id='word_1_804' title='bbox 3437 4993 3449 5028; x_wconf 91' lang='lat'><strong>:</strong></span> 
     </span>
    </p>
   </div>
   <div class='ocr_carea' id='block_1_109' title="bbox 1880 5063 3456 5138">
    <p class='ocr_par' dir='ltr' id='par_1_109' title="bbox 1880 5063 3456 5138">
     <span class='ocr_line' id='line_1_110' title="bbox 1880 5063 3456 5138; baseline -0.004 -15"><span class='ocrx_word' id='word_1_805' title='bbox 1880 5069 1984 5124; x_wconf 90' lang='lat' dir='ltr'><strong>hoc</strong></span> <span class='ocrx_word' id='word_1_806' title='bbox 2025 5077 2130 5131; x_wconf 86' lang='lat' dir='ltr'><strong>est,</strong></span> <span class='ocrx_word' id='word_1_807' title='bbox 2158 5077 2448 5138; x_wconf 88' lang='lat' dir='ltr'><strong>antequam</strong></span> <span class='ocrx_word' id='word_1_808' title='bbox 2484 5066 2628 5121; x_wconf 91' lang='lat' dir='ltr'><strong>Deus</strong></span> <span class='ocrx_word' id='word_1_809' title='bbox 2671 5066 2956 5121; x_wconf 88' lang='lat' dir='ltr'><strong>materiam</strong></span> <span class='ocrx_word' id='word_1_810' title='bbox 2988 5065 3270 5120; x_wconf 80' lang='lat' dir='ltr'><strong>formaret.</strong></span> <span class='ocrx_word' id='word_1_811' title='bbox 3295 5063 3456 5119; x_wconf 87' lang='lat' dir='ltr'><strong>Post-</strong></span> 
     </span>
    </p>
   </div>
   <div class='ocr_carea' id='block_1_110' title="bbox 1878 5157 3455 5231">
    <p class='ocr_par' dir='ltr' id='par_1_110' title="bbox 1878 5157 3455 5231">
     <span class='ocr_line' id='line_1_111' title="bbox 1878 5157 3455 5231; baseline 0 -18"><span class='ocrx_word' id='word_1_812' title='bbox 1878 5176 2042 5231; x_wconf 88' lang='lat' dir='ltr'><strong>quam</strong></span> <span class='ocrx_word' id='word_1_813' title='bbox 2075 5160 2220 5215; x_wconf 91' lang='lat' dir='ltr'><strong>Deus</strong></span> <span class='ocrx_word' id='word_1_814' title='bbox 2248 5160 2523 5214; x_wconf 90' lang='lat' dir='ltr'><strong>hominem</strong></span> <span class='ocrx_word' id='word_1_815' title='bbox 2573 5158 2799 5220; x_wconf 87' lang='lat' dir='ltr'><strong>creavit,</strong></span> <span class='ocrx_word' id='word_1_816' title='bbox 2831 5157 2945 5228; x_wconf 85' lang='lat' dir='ltr'><strong>jam</strong></span> <span class='ocrx_word' id='word_1_817' title='bbox 2977 5157 3340 5228; x_wconf 77' lang='lat' dir='ltr'><strong>integritatem</strong></span> <span class='ocrx_word' id='word_1_818' title='bbox 3369 5174 3455 5213; x_wconf 86' lang='lat' dir='ltr'><strong>re-</strong></span> 
     </span>
    </p>
   </div>
   <div class='ocr_carea' id='block_1_111' title="bbox 1878 5248 3452 5323">
    <p class='ocr_par' dir='ltr' id='par_1_111' title="bbox 1878 5248 3452 5323">
     <span class='ocr_line' id='line_1_112' title="bbox 1878 5248 3452 5323; baseline -0.003 -16"><span class='ocrx_word' id='word_1_819' title='bbox 1878 5254 2030 5323; x_wconf 88' lang='lat' dir='ltr'><strong>cipit.</strong></span> <span class='ocrx_word' id='word_1_820' title='bbox 2055 5250 2188 5304; x_wconf 87' lang='lat' dir='ltr'><strong>Nam</strong></span> <span class='ocrx_word' id='word_1_821' title='bbox 2224 5251 2404 5314; x_wconf 86' lang='lat' dir='ltr'><strong>homo,</strong></span> <span class='ocrx_word' id='word_1_822' title='bbox 2429 5248 2826 5318; x_wconf 70' lang='lat' dir='ltr'><strong>partium,mali</strong></span> <span class='ocrx_word' id='word_1_823' title='bbox 2856 5256 3046 5304; x_wconf 89' lang='lat' dir='ltr'><strong>auctor</strong></span> <span class='ocrx_word' id='word_1_824' title='bbox 3073 5255 3159 5304; x_wconf 82' lang='lat' dir='ltr'><strong>est</strong></span> <span class='ocrx_word' id='word_1_825' title='bbox 3191 5267 3205 5302; x_wconf 90' lang='lat'><strong>:</strong></span> <span class='ocrx_word' id='word_1_826' title='bbox 3254 5263 3452 5318; x_wconf 87' lang='lat' dir='ltr'><strong>eoque,</strong></span> 
     </span>
    </p>
   </div>
   <div class='ocr_carea' id='block_1_112' title="bbox 1878 5339 3449 5415">
    <p class='ocr_par' dir='ltr' id='par_1_112' title="bbox 1878 5339 3449 5415">
     <span class='ocr_line' id='line_1_113' title="bbox 1878 5339 3449 5415; baseline -0.002 -14"><span class='ocrx_word' id='word_1_827' title='bbox 1878 5347 2021 5402; x_wconf 86' lang='lat' dir='ltr'><strong>Deus</strong></span> <span class='ocrx_word' id='word_1_828' title='bbox 2044 5342 2425 5415; x_wconf 87' lang='lat' dir='ltr'><strong>quicondidit,</strong></span> <span class='ocrx_word' id='word_1_829' title='bbox 2472 5353 2664 5396; x_wconf 89' lang='lat' dir='ltr'><strong>auctor</strong></span> <span class='ocrx_word' id='word_1_830' title='bbox 2696 5339 2859 5396; x_wconf 85' lang='lat' dir='ltr'><strong>fuerit</strong></span> <span class='ocrx_word' id='word_1_831' title='bbox 2903 5342 3235 5412; x_wconf 78' lang='lat' dir='ltr'><strong>integritatis</strong></span> <span class='ocrx_word' id='word_1_832' title='bbox 3283 5341 3449 5398; x_wconf 86' lang='lat' dir='ltr'><strong>mali:</strong></span> 
     </span>
    </p>
   </div>
   <div class='ocr_carea' id='block_1_113' title="bbox 1876 5432 3454 5508">
    <p class='ocr_par' dir='ltr' id='par_1_113' title="bbox 1876 5432 3454 5508">
     <span class='ocr_line' id='line_1_114' title="bbox 1876 5432 3454 5508; baseline -0.006 -15"><span class='ocrx_word' id='word_1_833' title='bbox 1876 5437 2022 5508; x_wconf 89' lang='lat' dir='ltr'><strong>quod</strong></span> <span class='ocrx_word' id='word_1_834' title='bbox 2052 5435 2278 5506; x_wconf 90' lang='lat' dir='ltr'><strong>impium</strong></span> <span class='ocrx_word' id='word_1_835' title='bbox 2307 5434 2457 5489; x_wconf 86' lang='lat' dir='ltr'><strong>dictu</strong></span> <span class='ocrx_word' id='word_1_836' title='bbox 2481 5434 2573 5489; x_wconf 90' lang='lat' dir='ltr'><strong>sit.</strong></span> <span class='ocrx_word' id='word_1_837' title='bbox 2605 5432 2662 5487; x_wconf 92' lang='lat' dir='ltr'><strong>Si</strong></span> <span class='ocrx_word' id='word_1_838' title='bbox 2682 5447 2812 5489; x_wconf 73' lang='lat' dir='ltr'><strong>vero</strong></span> <span class='ocrx_word' id='word_1_839' title='bbox 2831 5443 3082 5489; x_wconf 89' lang='lat' dir='ltr'><strong>neutrum</strong></span> <span class='ocrx_word' id='word_1_840' title='bbox 3115 5433 3308 5490; x_wconf 90' lang='lat' dir='ltr'><strong>horum</strong></span> <span class='ocrx_word' id='word_1_841' title='bbox 3340 5447 3454 5486; x_wconf 89' lang='lat' dir='ltr'><strong>ma-</strong></span> 
     </span>
    </p>
   </div>
   <div class='ocr_carea' id='block_1_114' title="bbox 1950 5569 3451 5643">
    <p class='ocr_par' dir='ltr' id='par_1_114' title="bbox 1950 5569 3451 5643">
     <span class='ocr_line' id='line_1_115' title="bbox 1950 5569 3451 5643; baseline -0.003 -17"><span class='ocrx_word' id='word_1_842' title='bbox 1950 5572 2068 5641; x_wconf 76' lang='lat'>(36)</span> <span class='ocrx_word' id='word_1_843' title='bbox 2107 5574 2311 5626; x_wconf 82' lang='grc' dir='ltr'>Ἔσται</span> <span class='ocrx_word' id='word_1_844' title='bbox 2339 5569 2425 5643; x_wconf 71' lang='grc' dir='ltr'>δέ.</span> <span class='ocrx_word' id='word_1_845' title='bbox 2467 5570 2553 5624; x_wconf 81' lang='lat' dir='ltr'><strong>Al.</strong></span> <span class='ocrx_word' id='word_1_846' title='bbox 2597 5570 2705 5642; x_wconf 81' lang='grc' dir='ltr'>ἄρα</span> <span class='ocrx_word' id='word_1_847' title='bbox 2732 5571 2808 5627; x_wconf 82' lang='grc' dir='ltr'>δέ.</span> <span class='ocrx_word' id='word_1_848' title='bbox 2855 5571 2945 5628; x_wconf 89' lang='lat' dir='ltr'><strong>Sic</strong></span> <span class='ocrx_word' id='word_1_849' title='bbox 2986 5578 3040 5628; x_wconf 89' lang='lat' dir='ltr'><strong>et</strong></span> <span class='ocrx_word' id='word_1_850' title='bbox 3090 5570 3256 5643; x_wconf 87' lang='lat' dir='ltr'><strong>paulo</strong></span> <span class='ocrx_word' id='word_1_851' title='bbox 3303 5574 3451 5640; x_wconf 83' lang='lat' dir='ltr'><strong>post,</strong></span> 
     </span>
    </p>
   </div>
   <div class='ocr_carea' id='block_1_115' title="bbox 1877 5642 2528 5713">
    <p class='ocr_par' dir='ltr' id='par_1_115' title="bbox 1877 5642 2528 5713">
     <span class='ocr_line' id='line_1_116' title="bbox 1877 5642 2528 5713; baseline -0.012 -13"><span class='ocrx_word' id='word_1_852' title='bbox 1877 5647 2048 5706; x_wconf 77' lang='grc' dir='ltr'>αἴτιος</span> <span class='ocrx_word' id='word_1_853' title='bbox 2079 5644 2186 5713; x_wconf 83' lang='grc' dir='ltr'><strong>ἄρα</strong></span> <span class='ocrx_word' id='word_1_854' title='bbox 2216 5643 2367 5695; x_wconf 78' lang='grc' dir='ltr'>ἔσται</span> <span class='ocrx_word' id='word_1_855' title='bbox 2399 5642 2528 5712; x_wconf 86' lang='grc' dir='ltr'>δημ.</span> 
     </span>
    </p>
   </div>
   <div class='ocr_carea' id='block_1_116' title="bbox 1952 5712 2668 5800">
    <p class='ocr_par' dir='ltr' id='par_1_116' title="bbox 1952 5712 2668 5800">
     <span class='ocr_line' id='line_1_117' title="bbox 1952 5712 2668 5800; baseline 0.001 -31"><span class='ocrx_word' id='word_1_856' title='bbox 1952 5715 2063 5788; x_wconf 80' lang='lat'>(&#39;57)</span> <span class='ocrx_word' id='word_1_857' title='bbox 2101 5712 2319 5798; x_wconf 74' lang='grc' dir='ltr'><strong>Κᾳκοῦ.</strong></span> <span class='ocrx_word' id='word_1_858' title='bbox 2352 5713 2438 5800; x_wconf 71' lang='lat' dir='ltr'><strong>Al.</strong></span> <span class='ocrx_word' id='word_1_859' title='bbox 2476 5712 2668 5770; x_wconf 79' lang='grc' dir='ltr'>κακόν.</span> 
     </span>
    </p>
   </div>
  </div>
