3890 6166
430 271 538 329 265

1385 273 1446 328 S.
1487 270 1822 329 METHDDII
1862 271 2173 331 EPISCOPI
2208 275 2297 330 ET
2342 273 2704 330 MARTYRIS

3582 274 3686 330 εει

429 385 543 440 lum
593 383 798 442 dixeris
830 400 974 451 esse,
1037 385 1132 442 sed
1188 386 1420 458 alicujus
1443 389 1640 443 malam
1693 389 2005 446 actionem:

2117 392 2271 462 νητὸν
2330 392 2492 446 αὑτὸν
2536 391 2801 462 ὑπάρχειν
2840 388 3083 461 μηνύεις.
3142 390 3206 443 Ἥ
3252 390 3371 463 γάρ-
3407 390 3502 446 τοῦ
3549 409 3690 457 τινος

431 486 545 532 tum
583 478 826 548 genitum
862 493 926 532 ac
955 479 1088 549 quid
1150 477 1378 542 factum,
1413 479 1590 549 ipsum
1631 479 1819 536 doces.
1853 479 2010 546 Quod

431 571 579 625 enim
613 570 849 640 alicujus
878 573 1022 627 actio
1057 577 1163 637 est,
1225 571 1443 626 initium
1473 572 1694 627 essendi
1724 580 2009 642 acceptum

431 662 617 716 habet.
650 662 732 718 Ad
765 663 900 727 hac,
934 665 1145 718 nullum
1169 672 1429 734 praeterea
1463 665 1613 720 aliud
1637 666 1835 719 malum
1868 667 2010 720 assi-

431 769 598 824 gnare
623 763 794 824 potes.
829 755 1002 822 Quam
1031 757 1176 810 enim
1209 756 1371 811 aliam
1400 757 1693 821 actionem,
1741 767 1934 827 prteter
1957 757 2011 812 id

430 846 577 916 quod
624 848 977 902 committunt
1030 848 1324 912 homines,
1380 851 1664 921 assignare
1717 850 2012 906 habueris?

430 936 566 991 Nam
591 938 738 1008 quod
762 939 810 995 is
839 939 933 1010 qui
969 948 1248 1010 operatur,
1285 957 1395 996 non
1430 942 1502 996 sit
1531 942 1648 1012 ipse
1680 942 1882 997 malum
1924 959 2012 998 se-

429 1033 670 1088 cundum
704 1036 970 1090 rationem
989 1037 1329 1102 substantiae,
1366 1040 1462 1092 sed
1491 1037 1792 1093 secundum
1836 1037 2009 1106 ipsam

429 1127 553 1180 mali
591 1129 980 1196 operationem,
1033 1129 1148 1199 jam
1201 1137 1482 1185 ostensum
1525 1128 1652 1185 fuit.
1703 1127 1839 1184 Nam
1871 1130 2011 1184 nihil

428 1226 514 1272 est
547 1219 751 1273 malum
808 1229 1029 1287 natura,
1081 1220 1177 1276 sed
1231 1238 1334 1276 usu
1363 1221 1501 1276 fiunt
1552 1222 1692 1276 mala
1720 1237 1841 1292 quae
1869 1223 2013 1276 mala

431 1319 583 1368 sunt.
615 1311 828 1384 Quippe
852 1314 1004 1379 dico,
1033 1314 1208 1385 inquit
1231 1313 1603 1385 (Methodius),
1635 1323 1877 1369 creatum
1913 1313 2013 1368 ho-

430 1403 635 1457 minem
666 1405 825 1459 liberi
875 1405 1113 1470 arbitrii,
1155 1421 1265 1461 non
1311 1407 1461 1461 velut
1491 1405 1634 1460 malo
1690 1406 1875 1476 aliquo
1898 1406 2011 1474 jam

430 1495 755 1562 exsistente,
788 1497 946 1568 cujus
974 1498 1228 1570 eligendi,
1272 1500 1318 1554 si
1349 1499 1528 1562 vellet,
1559 1503 1882 1568 potestatem
1915 1496 2012 1551 ha-

439 1587 645 1644 beret:
697 1589 792 1645 sed
849 1603 1070 1661 propter
1120 1606 1438 1647 concessam
1493 1590 1804 1644 facultatem
1851 1587 2012 1643 obse-

430 1681 635 1751 quendi
667 1680 778 1737 Deo
800 1684 884 1738 vel
907 1699 1017 1738 non
1046 1683 1404 1754 obsequendi.
1440 1682 1552 1738 Hoc
1575 1681 1723 1739 enim
1753 1681 1856 1737 sibi
1879 1688 2010 1734 tunc

429 1772 668 1838 volebat,
707 1787 772 1827 ac
798 1781 938 1839 erat,
972 1775 1202 1830 liberum
1229 1775 1538 1829 arbitrium.
1575 1772 1747 1828 Porro
1791 1778 2011 1826 creatus

428 1862 594 1918 homo
629 1871 956 1934 praeceptum
982 1878 1013 1917 a
1047 1862 1158 1919 Deo
1193 1863 1394 1933 accipit
1429 1882 1444 1918 :
1483 1870 1710 1933 tumque
1741 1859 1872 1915 hinc
1895 1874 2012 1914 ma-

430 1952 542 2006 lum
573 1953 779 2025 incipit.
817 1953 935 2010 Non
974 1957 1116 2010 enim
1166 1963 1322 2026 paret
1355 1953 1540 2009 divino
1591 1951 1846 2006 mandato
1887 1947 2013 2004 :id-

431 2058 539 2116 que
589 2052 643 2098 et
670 2044 847 2099 solum
903 2044 1110 2100 malum
1139 2051 1279 2109 erat,
1338 2044 1708 2101 inobedientia
1737 2058 1858 2116 quae
1887 2057 2011 2098 esse

431 2136 618 2206 coepit.
1290 2153 1295 2157 η

552 2245 936 2306 ΜΕΤΗΟΒΙΙ
994 2247 1098 2304 EX
1158 2248 1380 2305 LIBRO
1446 2248 1545 2303 DE
1607 2246 1882 2303 LIBERO

1031 2319 1406 2375 ARBITRIO.

2111 481 2309 554 πρᾶξις
2347 485 2522 556 ἀρχὴν
2569 484 2664 536 τοῦ
2703 477 2842 535 εἶναι
2886 481 3171 550 λαμϐάνει.
3213 483 3357 555 Πρὸς
3395 484 3453 538 δέ
3485 484 3690 549 τούτοις

2110 572 2263 624 οὐδὲν
2299 572 2484 644 ἕτερον
2516 571 2668 643 παρὰ
2709 570 2883 626 ταῦτα
2914 571 3082 625 κακὸν
3116 574 3289 625 είπείν
3330 571 3494 643 ἔχεις.
3526 575 3688 629 Ποίαν

2111 663 2219 735 γάρ
2249 663 2445 734 πρᾶξιν
2475 664 2670 734 ἑτέραν
2714 663 2865 735 παρὰ
2893 663 2954 716 τὸ
2987 664 3092 735 (58)
3135 665 3192 717 ἐν
3239 663 3548 736 ἀνθρώποις
3582 665 3688 719 δει-

2112 755 2294 809 κνύειν
2338 755 2518 826 ἐχεις;
2552 757 2674 808 ’Ότι
2719 754 2828 826 γὰρ
2869 755 3136 827 ἐνεργῶν,
3177 755 3238 809 οὑ
3271 755 3416 809 κατὰ
3457 757 3551 810 τὸν
3595 758 3689 828 τῆς

2111 846 2300 911 οὐσίας
2357 847 2512 917 λόγον
2571 848 2804 919 ὑπάρχει
2847 847 3049 912 κακία,
3107 847 3243 901 ἀλλὰ
3285 847 3406 900 κατ’
3451 847 3582 900 αὑτὸ
3631 847 3690 900 τὸ

2112 940 2353 1010 ἐνεργεῖν
2378 937 2438 991 τὸ
2469 937 2637 991 κακὸν
2658 937 2759 1010 ἤδη
2783 937 3070 992 δέδεικται.
3102 939 3223 991 Ὀτι
3243 941 3310 1009 τῇ
3341 938 3498 1007 φύσει
3525 938 3690 992 κακὸν

2110 1031 2262 1084 οὐδέν
2296 1032 2464 1096 ἐστιν,
2499 1031 2634 1084 ἀλλὰ
2669 1033 2736 1102 τῇ
2771 1032 2963 1103 χρήσει
2995 1031 3203 1100 γίνεται
3254 1030 3400 1082 κακὰ
3427 1029 3495 1082 τά
3524 1030 3685 1084 κακά.

2115 1123 2234 1178 ’Ότι
2262 1120 2625 1187 αὐτεξούσιον,
2672 1123 2827 1193 φησι,
2870 1123 3150 1193 γεγονέναι
3183 1123 3324 1194 φημὶ
3367 1123 3456 1176 τὸν
3487 1122 3693 1193 ἄνθρω-

2112 1233 2233 1281 πον,
2269 1217 2366 1288 οὑχ
2392 1217 2467 1280 ὡς
2491 1217 2960 1291 προῦποκειμένου
2991 1217 3136 1280 τινὸς
3153 1217 3251 1288 ἤδη
3285 1215 3477 1281 κακοῦ,
3507 1209 3569 1269 οὑ
3595 1217 3692 1286 τὴν

2113 1308 2359 1373 ἐξουσίαν
2381 1350 2394 1373 ,
2431 1313 2480 1362 εί
2508 1309 2767 1380 βούλοιτο,
2811 1309 2905 1362 τοῦ
2948 1309 3160 1362 ἑλέσθαι
3207 1308 3492 1379 ἄνθρωπος
3522 1309 3690 1378 ἐλάμ-

2113 1401 2293 1465 ϐανεν,
2315 1401 2448 1456 ἀλλὰ
2482 1403 2580 1474 τὴν
2611 1402 2706 1455 τοῦ
2733 1399 3027 1454 ὑπακούειν
3048 1400 3158 1471 (59)
3184 1398 3284 1472 [τῷ
3313 1399 3451 1470 Θεῷ,
3485 1401 3582 1454 καὶ
3618 1401 3691 1472 μὴ

2113 1492 2430 1566 ὑπακούειν]
2454 1494 2624 1547 αἴτιον
2659 1494 2817 1565 μόνον
2839 1489 2926 1564 ἦν.
2946 1491 3115 1546 Τοῦτο
3141 1492 3250 1564 γὰρ
3271 1491 3331 1546 τὸ
3350 1491 3694 1559 αὐτεξούσιον

2113 1585 2362 1638 ἐϐούλετο
2409 1586 2549 1639 τότε.
2615 1586 2727 1640 Καὶ
2788 1586 3084 1657 γενόμενος
3144 1585 3428 1656 ἄνθρωπος
3473 1583 3694 1655 ἐντολὴν

2113 1675 2377 1747 λαμϐάνει
2409 1676 2558 1749 παρὰ
2590 1675 2683 1730 τοῦ
2717 1676 2870 1730 Θεοῦ.
2915 1677 3027 1731 Καὶ
3059 1677 3306 1730 ἐντεῦθεν
3350 1677 3449 1747 ἤδη
3479 1675 3543 1729 τὸ
3586 1692 3690 1730 κα-

2113 1767 2208 1821 κὸν
2233 1768 2478 1840 ἄρχεται.
2503 1769 2576 1822 Οὑ
2607 1768 2715 1842 γὰρ
2743 1769 2991 1822 πείθεται
3021 1768 3099 1839 τῷ
3119 1767 3247 1839 θείῳ
3277 1767 3688 1839 προστάγματιο

2115 1861 2210 1915 καὶ
2239 1861 2396 1914 τοῦτο
2437 1861 2531 1914 καὶ
2565 1860 2722 1931 μόνον
2752 1856 2821 1931 ἦν
2853 1860 2914 1914 τὸ
2947 1859 3137 1924 κακὸν,
3183 1861 3216 1931 ἡ
3247 1860 3499 1932 παρακοὴ
3519 1897 3535 1922 ,
3566 1859 3690 1929 ἥτις

2110 1946 2202 2000 τοῦ
2228 1947 2338 2018 (40)
2369 1942 2509 2002 εῖναι
2533 1947 2752 2019 ἧρξατο.

2120 2239 2482 2295 ΜΕΘΟΔῙΟΥ
2536 2239 2636 2294 ΕΚ
2693 2239 3067 2362 Τοιὲιῦῖξρι
3131 2238 3274 2292 ΤΟΥ
3323 2236 3689 2293 ΛΥΊῈΞΟΥ-

1559 2448 1902 2522 (Excerptum
1925 2447 1990 2502 R.
2017 2446 2083 2502 P.
2111 2444 2385 2501 Sirmondi
2417 2442 2472 2498 S.
2498 2442 2582 2515 J.)

503 2568 674 2627 Homo
700 2569 844 2626 enim
869 2576 1193 2640 potestatem
1227 2572 1440 2643 accepit
1459 2611 1475 2637 ,
1510 2578 1571 2626 ut
1601 2588 1660 2627 se
1689 2573 1806 2643 ipse
1839 2569 2013 2625 servi-

426 2662 529 2718 tuti
567 2661 875 2727 addiceret,
905 2679 1015 2718 non
1071 2665 1324 2718 vincente
1384 2665 1713 2719 necessitate
1758 2671 2007 2727 naturae;

429 2769 606 2824 neque
631 2753 888 2808 facultate
911 2752 1212 2818 auferente,
1245 2755 1391 2824 quod
1421 2763 1536 2810 erat
1565 2756 1801 2822 melius;
1851 2754 2009 2822 cujus

429 2845 592 2899 etiam
629 2845 824 2914 gratia,
848 2844 973 2899 dico
1017 2843 1187 2900 fuisse
1217 2861 1540 2901 concessam
1577 2865 1590 2900 :
1643 2855 1702 2900 ut
1745 2845 2008 2899 nimirum

2186 2561 2504 2630 Ἀνθρωπος
2535 2559 2643 2632 γὰρ
2677 2558 3011 2632 προσέλαϐεν
3047 2559 3317 2626 ἐξουσίαν,
3349 2559 3540 2615 ἑαυτὸν
3571 2563 3693 2617 δου-

2111 2653 2394 2724 λαγωγῶν,
2421 2653 2521 2706 οὑκ
2550 2652 2763 2724 ἀνάγκῃ
2787 2653 2886 2724 τῆς
2913 2651 3128 2721 φύσεως
3154 2652 3542 2724 κρατούμενος,
3569 2656 3693 2710 οὑδὲ

2109 2748 2208 2818 τῆς
2239 2745 2518 2816 δυνάμεως
2546 2744 2943 2817 ἀφαιρούμενος
2974 2744 3106 2818 (41),
3142 2746 3278 2817 ὅπερ
3313 2746 3463 2818 αὑτῷ
3511 2752 3695 2820 κρεῖτ-

2109 2855 2233 2894 τον’
2287 2833 2347 2892 οὗ
2394 2838 2555 2891 ἕνεκα
2599 2836 2922 2909 κεχαρίσθαι
2975 2837 3146 2908 φημί·
3193 2838 3279 2891 ἵνα
3319 2857 3371 2892 τι
3411 2839 3573 2893 πλέον
3615 2834 3695 2896 ὧν

432 2936 677 2990 accessio
705 2935 886 3006 aliqua
937 2935 1098 2990 bonis
1130 2937 1406 3006 prioribus
1438 2937 1620 3004 fieret;
1655 2938 1800 3008 quod
1845 2939 1895 2992 ei
1941 2953 2008 2992 ex

2117 2931 2225 3002 ἔχει
2259 2929 2562 3004 προσλάϐῃ,
2602 2931 2738 3000 ὅπερ
2787 2928 2937 3000 αὑτῷ
2981 2929 3131 2999 παρὰ
3157 2927 3251 2982 τοῦ
3293 2932 3602 3002 κρείττονος
3626 2935 3694 2986 ἐκ

431 3026 739 3080 obedientia
771 3042 801 3080 a
827 3026 1038 3081 meliori
1060 3027 1310 3092 accedit,
1340 3035 1394 3083 et
1413 3035 1471 3082 ut
1497 3029 1740 3084 debitum
1777 3028 2010 3099 exigitur

2117 3026 2214 3096 τῆς
2244 3025 2487 3095 ὑπακοῆς
2512 3023 2884 3096 προσγίνεται,
2911 3023 3005 3076 καὶ
3032 3022 3108 3086 ὡς
3137 3021 3354 3094 ὀφειλὴν
3380 3024 3694 3079 ἀπαιτείται

431 3117 503 3172 ab
531 3125 774 3175 auctore.
806 3116 925 3172 Non
955 3118 1099 3172 enim
1125 3119 1247 3175 dico
1277 3120 1448 3176 fuisse
1475 3131 1717 3176 creatum
1739 3122 2010 3176 hominem

2117 3116 2266 3188 παρὰ
2307 3114 2402 3169 τοῦ
2451 3115 2832 3186 πεποιηκότος.
2870 3115 2944 3168 Οὑ
2986 3113 3095 3185 γὰρ
3129 3114 3222 3167 ἐπὶ
3257 3113 3425 3188 βλάϐῃ
3471 3117 3562 3168 τὸν
3594 3117 3692 3170 άν-

429 3204 489 3260 in
527 3205 826 3274 interitum,
875 3207 970 3263 sed
995 3217 1216 3278 propter
1244 3211 1490 3265 meliora.
1547 3209 1682 3264 Nam
1732 3211 1779 3266 si
1833 3209 2010 3264 factus

430 3303 576 3351 esset
601 3297 746 3351 velut
791 3296 1011 3367 aliquod
1058 3298 1127 3353 de
1157 3299 1438 3354 elementis
1471 3300 1585 3355 sive
1642 3299 1767 3356 aliis
1815 3299 1896 3354 sic
1925 3299 2011 3353 in-

431 3398 651 3443 sensate
683 3389 1048 3444 servientibus
1100 3388 1231 3456 Deo,
1264 3407 1375 3446 non
1425 3391 1538 3461 jam
1592 3393 1871 3462 proposito
1920 3391 2007 3445 di-

431 3495 591 3550 gnam
619 3481 922 3536 mercedem
951 3483 1248 3552 reciperet;
1295 3485 1390 3539 sed
1423 3493 1569 3540 esset
1598 3486 1742 3540 velut
1770 3486 2010 3541 auctoris

431 3573 878 3638 instrumentum,
910 3573 1087 3628 aliene
1119 3589 1149 3628 a
1187 3576 1419 3641 ratione,
1448 3577 1519 3632 ob
1545 3577 1685 3632 male
1716 3585 1870 3648 gesta
1921 3592 2010 3632 re-

431 3665 781 3735 prehensioni
825 3667 1118 3722 obnoxius.
1157 3666 1339 3723 Causa
1384 3670 1532 3724 enim
1590 3668 1788 3726 horum
1862 3679 2010 3726 esset

432 3764 613 3810 utens.
641 3757 758 3810 lmo
783 3772 958 3828 neque
985 3759 1132 3828 quod
1167 3767 1250 3814 est
1281 3761 1476 3817 melius
1509 3761 1672 3817 homo
1715 3777 2010 3833 cognosce-

431 3857 538 3916 ret,
562 3849 666 3904 nisi
701 3849 846 3906 illius
871 3853 1216 3921 cognovisset
1248 3863 1526 3911 auctorem
1547 3899 1563 3921 ,
1591 3857 1686 3912 sed
1717 3857 1848 3912 illud
1887 3866 2010 3912 tan-

435 3947 550 3992 tum
583 3938 651 3992 ad
673 3939 820 4010 quod
849 3956 971 3997 esse
997 3953 1162 4000 natus
1194 3953 1297 4000 est.
1332 3944 1512 4011 Quare
1544 3947 1688 4012 dico,
1719 3965 1844 4003 cum
1866 3948 2010 4005 Deus

435 4029 711 4086 hominem
739 4031 1008 4089 honorare
1039 4043 1095 4090 et
1117 4037 1259 4092 scire
1288 4053 1413 4093 eum
1440 4039 1667 4095 meliora
1694 4041 1853 4096 vellet
1874 4081 1890 4103 ,
1916 4042 2012 4097 de-

433 4121 514 4178 dit
553 4123 602 4177 ei
633 4131 992 4194 potestatem,
1038 4144 1143 4197 qua
1184 4141 1367 4200 posset
1416 4131 1594 4187 facere
1639 4149 1760 4204 quae
1809 4135 2006 4203 vellet;

431 4215 662 4286 ejusque
693 4224 1016 4287 potestatem
1055 4221 1122 4275 ad
1157 4222 1384 4278 meliora
1413 4223 1682 4291 hortatur,
1715 4241 1822 4281 non
1864 4226 2009 4298 quod

433 4323 630 4363 rursus
663 4307 876 4364 auferat
913 4317 1234 4380 potestatem
1269 4313 1494 4369 liberam
1520 4331 1682 4385 quam
1716 4317 1891 4385 dedit,
1914 4317 2010 4373 sed

2116 3207 2331 3277 θρωπον
2375 3208 2654 3277 γεγονέναι
2694 3208 2862 3278 φημί*
2903 3206 3066 3260 ἕνεκα
3097 3207 3155 3260 δὲ
3198 3207 3308 3260 τῶν
3341 3209 3694 3278 κρειττόνων.

2115 3299 2178 3352 Et
2199 3299 2306 3370 γὰρ
2333 3299 2409 3362 ὡς
2441 3299 2498 3351 ἓν
2525 3317 2577 3352 τι
2601 3298 2793 3368 γέγονε
2824 3298 2932 3354 τῶν
2967 3299 3268 3370 στοιχείων,
3298 3299 3331 3370 ἢ
3362 3299 3470 3353 τῶν
3491 3301 3696 3371 ὁμοίως

2113 3390 2470 3445 δουλευόντων
2497 3389 2637 3462 Θεῷ,
2671 3392 2772 3445 οὑκ
2803 3390 2882 3445 ἐτι
2914 3391 3104 3462 μισθὸν
3136 3392 3284 3458 ἄξιον
3311 3392 3412 3461 τῆς
3442 3394 3702 3466 πρωιρέο

2116 3503 2254 3549 σεως
2297 3484 2562 3556 λαμϐάνει
2582 3501 2594 3514 ’
2648 3484 2762 3538 ἀλλ’
2798 3483 2988 3556 ὥσπερ
3020 3485 3251 3556 ὄργανον
3288 3485 3353 3539 ἂν
3381 3482 3447 3558 ἦν
3476 3487 3568 3540 τοῦ
3600 3488 3700 3558 δη.

2117 3579 2402 3650 μιουργοῦ,
2442 3578 2540 3650 τὴν
2590 3577 2674 3648 ἐφ’
2724 3571 2805 3641 οἷς
2843 3577 2906 3630 οὑ
2954 3576 3136 3640 καλῶς
3182 3578 3434 3651 ἔπραξεν,
3484 3579 3698 3648 ἀλόγως

2118 3672 2326 3744 μέμψιν
2355 3671 2664 3742 ὑπομένωνο
2693 3669 2897 3723 τούτων
2931 3668 3038 3739 γὰρ
3065 3669 3238 3732 αίτιος
3263 3670 3374 3741 (42)
3393 3665 3461 3742 ἦν
3487 3673 3515 3724 ὁ
3545 3672 3700 3743 χρώ-

2119 3782 2298 3837 μενος.
2348 3763 2486 3816 Ἀλλ’
2519 3762 2641 3815 οὑδέ
2679 3761 2740 3814 τὸ
2785 3763 3030 3830 κρεῖττον
3079 3760 3364 3833 ἄνθρωπος
3404 3763 3697 3832 ⁴ἠπίστατο,

2119 3859 2194 3930 μὴ
2228 3858 2319 3911 τὸν
2361 3855 2530 3910 αἴτιον
2581 3853 2757 3918 εἰδὼς,
2801 3853 2915 3907 ἀλλ’
2965 3855 3139 3907 ἐκεῖνο
3193 3855 3354 3924 μόνον
3400 3857 3481 3919 είς
3527 3855 3556 3907 ὃ
3598 3857 3702 3909 πέ-

2117 3966 2286 4018 φυκεν
2319 3943 2476 4001 εἷναι.
2510 3947 2656 4017 Φημὶ
2687 3945 2975 4017 τοιγαροῦν
3008 3946 3102 3998 τὸν
3133 3945 3266 4000 Θεὸν
3295 3945 3438 3999 οὑτω
3477 3947 3569 4000 τὸν
3600 3947 3702 4001 ἄν·

2117 4040 2332 4110 θρωπον
2359 4039 2583 4109 τιμῆσαι
2614 4037 3066 4108 προαιρούμενον,
3105 4037 3197 4090 καὶ
3229 4037 3337 4091 τῶν
3369 4039 3702 4110 κρειττόνων

2115 4133 2451 4204 ἐπιστήμονα
2483 4129 2743 4197 γίνεσθαι,
2788 4129 2889 4200 τὴν
2929 4129 3174 4192 ἐξουσίαν
3215 4129 3365 4198 αὑτῷ
3392 4129 3486 4183 τοῦ
3530 4130 3702 4184 δύνα-

2117 4225 2239 4277 σθαι
2271 4226 2442 4276 ποιεῖν
2469 4223 2504 4277 ἂ
2538 4222 2807 4294 βούλεται,
2834 4221 3156 4277 δεδωκέναι·
3187 4221 3281 4275 καὶ
3313 4221 3411 4292 τὴν
3443 4220 3703 4286 ἐξουσίαν

2115 4316 2278 4370 αὑτοῦ
2309 4319 2388 4380 είς
2422 4319 2668 4387 κρεῖττον
2698 4318 3006 4387 παραινεῖν,
3040 4315 3138 4367 οὑκ
3162 4314 3563 4386 ἀφαιρούμενον
3596 4315 3706 4369 πά-

434 4406 697 4469 tanquam
735 4401 878 4471 quod
901 4402 1096 4458 melius
1121 4410 1225 4468 est,
1257 4405 1536 4462 declarare
1555 4408 1701 4463 velit.
1734 4408 1906 4464 Habet
1935 4410 2010 4464 si-

2117 4409 2196 4462 λιν
2225 4410 2316 4463 τὸν
2349 4407 2710 4474 αὐτεξούσιον,
2745 4407 2879 4462 ἀλλὰ
2917 4409 3010 4460 τὸν
3043 4409 3288 4479 κρεῖττον
3329 4406 3552 4477 μηνύειν
3599 4407 3702 4460 θέ-

435 4491 652 4562 quidem
701 4501 1059 4563 potestatem,
1104 4504 1159 4549 et
1203 4497 1518 4551 mandatum
1561 4500 1758 4569 accipit
1805 4518 1820 4554 :
1870 4499 2012 4557 Deus

436 4591 618 4638 autem
651 4581 927 4651 admonet,
959 4593 1020 4640 ut
1049 4586 1234 4651 homo,
1266 4589 1620 4654 voluntatem,
1654 4606 1760 4660 qua
1810 4600 2009 4663 potest,

439 4673 496 4728 in
534 4673 738 4728 bonum
785 4673 1072 4730 inﬂexerit.
1113 4674 1184 4729 [1t
1217 4677 1383 4741 enim,
1415 4692 1538 4731 cum
1571 4686 1724 4748 pater
1759 4696 2008 4750 puerum,

437 4765 641 4835 alioqui
690 4764 980 4821 habentem
1032 4767 1347 4824 facultatem
1387 4769 1455 4823 ad
1499 4770 1886 4840 perdiscendas
1927 4773 2011 4827 di-

439 4856 721 4926 sciplinas,
756 4864 812 4912 et
849 4858 1024 4928 magis
1066 4873 1257 4914 earum
1304 4860 1486 4916 studio
1535 4861 2010 4919 adhaerescendum

438 4946 710 5014 hortatur,
739 4947 1027 5005 declarans
1072 4964 1196 5006 esse
1233 4950 1284 5005 ei
1334 4952 1386 5006 id
1416 4953 1644 5019 melius,
1696 4969 1806 5009 non
1836 4957 2012 5024 privat

436 5055 664 5109 puerum
714 5047 984 5111 potestate
1008 5057 1172 5113 quam
1203 5043 1366 5099 habet
1386 5059 1746 5115 ;-quanquam
1775 5047 1821 5101 is
1874 5047 2012 5102 nolit

437 5132 614 5189 libens
641 5133 822 5190 dicere
849 5153 862 5189 :
887 5134 964 5189 ita
989 5143 1042 5190 et
1070 5134 1262 5202 Deum,
1295 5153 1418 5192 cum
1461 5137 1736 5194 hominem
1763 5139 2012 5195 hortatur

440 5235 502 5278 ut
523 5225 794 5282 mandatis
830 5235 1040 5297 pareat,
1074 5229 1498 5301 haudquaquam
1550 5231 1788 5287 arbitror
1811 5233 2010 5288 volun-

439 5315 571 5370 tatis
628 5323 949 5386 potestatem
979 5319 1212 5386 auferre,
1241 5337 1350 5393 qua
1384 5323 1432 5379 is
1460 5324 1634 5396 possit
1684 5325 1848 5381 etiam
1901 5341 2012 5381 non

509 5485 623 5565 (ἓξ)
661 5487 829 5565 ἐπριρά
856 5489 946 5565 τέ·
971 5489 1058 5565 Δὶ·
1090 5491 1243 5565 πειρά
1273 5493 1388 5547 τοῢο

510 5556 624 5624 (⁷59)
663 5556 783 5627 Th?
825 5561 934 5614 τοῦ
977 5564 1079 5616 ὑπ.
1134 5556 1580 5621 P'rzemittendum
1629 5564 1861 5621 fortasse
1901 5565 2008 5620 διά.

439 5624 566 5682 Mox
609 5624 961 5687 scribendum
1006 5632 1185 5687 αἰτίαν
1237 5634 1443 5706 μόνην,
1492 5636 1577 5692 vel
1637 5635 1808 5690 αἴτιον
1849 5635 2010 5691 δύνα-

441 5713 555 5770 μιν.

2117 4501 2292 4554 λοντα.
2319 4501 2391 4554 Τὸ
2422 4501 2518 4572 μὲν
2542 4501 2650 4572 γὰρ
2677 4499 2935 4554 δύνασθαι
2971 4498 3232 4572 πάρεστιν
3257 4497 3406 4568 αὑτῴ
3427 4515 3440 4528 ο
3468 4499 3564 4552 καὶ
3590 4499 3703 4571 τὴν

2117 4593 2335 4664 ἐντολὴν
2374 4592 2671 4662 λαμϐάνειο
2719 4591 2816 4663 τὴν
2849 4591 2905 4644 δὲ
2942 4590 3037 4646 τοῦ
3082 4589 3344 4665 δύνασθαι
3374 4590 3703 4662 προαίρεσιν

2117 4688 2197 4748 εἰς
2225 4685 2284 4740 τὸ
2305 4685 2550 4755 κρεῖττον
2579 4685 2800 4755 τρέπειν
2827 4685 2856 4736 ὁ
2885 4682 3017 4747 Θεὸς
3044 4685 3318 4753 παραινεῖ.
3347 4684 3557 4754 Ὠσπερ
3583 4685 3703 4755 γὰρ

2117 4775 2302 4846 πατὴρ
2339 4775 2486 4828 παιδὶ
2515 4777 2802 4846 παραινεῖ,
2837 4772 3087 4837 ἐξουσίαν
3119 4773 3297 4843 ἔχοντι
3333 4773 3704 4843 ἐκμανθάνειν

2114 4866 2183 4918 τὰ
2211 4856 2533 4936 μαθήματα,
2565 4867 2658 4919 καὶ
2706 4865 2902 4936 μᾶλλον
2931 4864 3151 4936 ἔχεσθαι
3177 4863 3288 4917 τῶν
3325 4864 3703 4934 μαθημάτων,

2115 4956 2218 5018 ὅτι,
2251 4958 2496 5028 κρεῖττον
2519 4954 2675 5009 τοῦτο
2701 4955 2941 5027 μηνύων,
2971 4956 3033 5008 οὑ
3058 4954 3156 5026 τὴν
3178 4954 3273 5008 τοῦ
3304 4953 3563 5008 δύνασθαι
3596 4955 3704 5009 τοῦ

2117 5047 2304 5112 παιδὸς
2347 5047 2595 5112 ἐξουσίαν
2639 5048 2882 5117 ἀφαιρεῖ,
2931 5047 3035 5101 κᾶν
3094 5047 3168 5119 μὴ
3205 5046 3348 5101 ἐκὼν
3404 5046 3706 5118 μανθάνειν

2119 5137 2401 5208 βούληται·
2434 5136 2576 5191 οὑτω
2622 5154 2710 5207 μοι
2737 5136 2832 5190 καὶ
2870 5136 2960 5189 τὸν
2997 5136 3130 5190 Θεὸν
3163 5137 3226 5190 οὑ
3269 5136 3437 5200 δοκεῖ,
3466 5135 3706 5207 προτρέ-

2117 5245 2288 5281 ποντα
2319 5227 2409 5282 τὸν
2447 5226 2732 5298 ἄνθρωπον
2777 5227 3060 5282 πείθεσθαι
3099 5231 3210 5292 τοῖς
3253 5229 3705 5298 προστάγμασιν,

2116 5321 2366 5392 ἀφαιρεῖν
2413 5319 2575 5374 αὑτὸν
2618 5318 2717 5390 τὴν
2754 5319 3002 5387 ἐξουσίαν
3038 5321 3136 5392 τῆς
3180 5320 3549 5394 προαιρέσεως
3598 5319 3705 5374 τοῦ

2189 5499 2302 5569 (ιο)
2347 5499 2476 5553 Τοῦ.
2511 5499 2596 5554 Al.
2629 5500 2793 5553 αὑτοῦ

2190 5571 2302 5646 (ἐξ)
2349 5569 2819 5646 Ἁραιρούμενος.
2860 5570 3040 5646 scrib.
3077 5573 3506 5646 ἀφαιρουμένης.

2191 5639 2303 5711 (42)
2330 5641 2578 5711 ΔΤούτων·
2609 5639 2720 5711 γᾴρ
2747 5642 2864 5697 αττ.
2897 5641 3076 5698 Locus
3105 5639 3369 5700 citatur'a
3409 5639 3500 5701 Fr.
3537 5642 3700 5701 Tur-

2120 5709 2400 5766 riano'lib.
2431 5725 2482 5764 tv
2510 5709 2808 5782 pro‘Epist.
2843 5711 3026 5781 Pont.,
3048 5728 3167 5785 cap.
3193 5713 3249 5768 2.
