3864 6162
158 246 262 305 9.θὸ

1228 238 1320 294 EX
1360 237 1566 294 ΗΒΗο
1600 238 1688 293 DE
1727 236 2328 295 RESURKEBTIONE.

3299 237 3406 294 266

159 358 447 422 δύνασθαι,
498 357 595 413 καὶ
648 357 723 430 μὴ
779 356 1076 413 ὑπακούειν
1105 360 1218 422 τοῖς
1262 357 1550 429 πράγμασι
1596 356 1729 430 (45).

1850 326 2072 411 ὼεᾱὶτέ
2098 355 2394 412 mandatis.
2425 352 2560 410 Nam
2596 362 2653 411 et
2680 352 2743 409 id
2775 368 2957 410 causa:
2983 353 3254 421 ostendit,
3305 369 3407 409 cur

159 450 267 504 Καὶ
306 451 416 521 γὰρ
464 451 565 520 τὴν
598 450 772 521 ἀρχὴν
813 449 909 503 τοῦ
954 448 1128 514 οὕτως
1175 452 1485 522 παραινεῖν,
1527 449 1611 503 ὅτι
1657 448 1733 519 μὴ

158 536 346 606 ἀφεῖλε
367 537 467 609 τὴν
490 536 766 601 ἐξουσίαν,
793 536 1009 608 μηνύει.
1049 538 1382 610 Προστάττει
1408 538 1485 603 δὲ,
1518 538 1605 592 ἴνα
1627 538 1737 592 τῶν

159 625 484 698 κρειττόνων
507 625 794 699 ἄνθρωπος
823 628 1119 684 ἀπολαύειν
1157 629 1380 701 δυνηθῇ.
1425 628 1596 683 Τοῦτο
1628 629 1737 700 γὰρ

159 718 351 771 ἕπεται
408 717 489 789 τῷ
546 719 832 790 πεισθῆναι
881 720 960 792 τῷ
994 719 1087 774 τοῦ
1149 720 1285 774 Θεοῦ
1331 719 1733 792 προστάγματι.

163 810 326 863 Ὥστε
375 811 476 881 οὐχ
531 810 616 863 ἵνα
663 810 761 882 τὴν
819 811 1068 878 ἐξουσίαν
1124 812 1191 883 ἣν
1248 811 1478 865 δέδωκεν
1538 811 1734 885 ἀφέλῃ,

160 901 520 972 προστάττειν
547 902 821 974 βούλεταιο
854 903 970 957 ἀλλ’
1013 902 1100 957 ἵνα
1128 905 1374 974 κρεῖττον
1405 902 1734 975 δωρήσηται,

159 993 234 1056 ὡς
294 991 433 1063 ἀξίῳ
485 992 745 1063 μειζόνων
793 996 999 1065 τυχεῖν,
1048 993 1164 1048 ἀνθ’
1215 987 1291 1048 ὧν
1344 994 1619 1065 ὑπήκουσε
1661 990 1739 1061 τῷ

159 1083 299 1154 Θεῷ,
337 1085 430 1137 καὶ
456 1083 552 1155 τὴν
578 1084 672 1138 τοῦ
707 1084 781 1157 μὴ
814 1085 1111 1140 ὑπακούειν
1138 1083 1384 1152 ἐξουσίαν
1404 1084 1564 1156 ἔχων.
1590 1084 1738 1154 Φημὶ

159 1177 450 1247 ἄνθρωπον
488 1178 769 1246 γεγονέναι
790 1176 812 1250 [
833 1177 1178 1242 αὐτεξούσιον
1196 1177 1239 1251 ],
1272 1179 1367 1249 οὐχ
1396 1178 1472 1241 ὡς
1499 1181 1739 1248 προῡπο-

160 1266 416 1335 κειμένου
443 1268 588 1331 τινὸς
616 1268 715 1341 ῆδη
749 1269 943 1332 κακοῦ,
976 1263 1036 1323 οὗ
1064 1270 1163 1341 τὴν
1201 1268 1446 1333 ἐξουσίαν
1485 1267 1579 1323 τοῦ
1618 1268 1735 1321 ἐλέ-

164 1354 310 1419 σθαι,
364 1358 412 1408 εί
455 1355 734 1427 βούλοιτο,ο
765 1360 794 1411 0
835 1357 1122 1429 ἄνθρωπος
1168 1356 1327 1411 ἔλαϐε
1370 1394 1387 1410 .
1431 1396 1446 1410 .
1491 1395 1505 1409 .
1547 1396 1561 1409 .
1604 1395 1619 1410 .
1662 1395 1676 1409 .
1721 1396 1734 1409 .

162 1444 298 1497 ἀλλὰ
335 1446 435 1518 τὴν
471 1448 565 1501 τοῦ
599 1449 892 1502 ὑπακούειν
932 1448 1011 1519 τῷ
1043 1448 1161 1519 Θεῷ
1194 1449 1286 1515 καὶ
1330 1449 1405 1521 μὴ
1445 1447 1738 1502 ὑπακούειν

162 1536 343 1588 αἰτίαν
390 1537 577 1608 μόνην.
615 1536 788 1591 Τοῦτο
827 1538 935 1610 γὰρ
974 1538 1035 1591 τὸ
1082 1537 1426 1604 αὐτεξούσιον
1459 1536 1736 1607 ἠϐούλετο.

162 1626 272 1678 Καὶ
296 1626 591 1698 γενόμενος
626 1629 655 1681 0
696 1626 1000 1698 ἄνθρωπος,
1034 1627 1249 1699 ἐντολὴν
1282 1626 1547 1698 λαμϐάνει
1588 1625 1739 1698 παρὰ

1834 446 1910 502 ita
1940 447 2210 514 hortetur,
2244 446 2390 518 quod
2417 453 2741 519 potestatem
2775 461 2888 502 non
2928 447 3232 503 abstulerit.
3259 446 3406 503 Prae-

1834 540 1970 611 cipit
1989 547 2192 606 autem,
2223 547 2283 594 ut
2311 540 2480 595 homo
2506 540 2720 611 potiora
2748 540 3011 610 consequi
3036 540 3231 610 possit.
3249 538 3406 606 Quod

1836 632 1963 702 quis
2009 631 2154 687 enim
2215 632 2399 687 divino
2442 639 2713 701 praecepto
2749 632 3105 701 obsequatur,
3134 631 3407 699 ejusmodi

1835 720 2116 792 praemium
2143 721 2364 792 excipit.
2397 720 2762 787 Quamobrem
2802 736 2914 775 non
2944 720 3061 775 vult
3111 719 3243 775 dare
3271 734 3411 790 pne-

1836 821 2075 884 ceptum,
2103 820 2161 867 ut
2187 813 2398 868 auferat
2430 820 2750 883 potestatem
2778 826 2941 882 quam
2968 811 3152 879 dedit;
3198 812 3298 866 sed
3349 818 3410 865 ut

1836 906 2033 960 melius
2065 904 2266 975 aliquid
2324 905 2509 969 donet,
2551 911 2808 974 tanquam
2855 904 3018 974 digno
3055 903 3150 973 qui
3184 903 3410 957 meliora

1837 995 2193 1065 adipiscatur,
2217 995 2346 1065 quia
2393 995 2575 1065 paruit
2610 993 2742 1061 Deo,
2769 1010 2893 1049 cum
2924 993 3125 1063 alioqui
3170 1000 3413 1063 potesta-

1840 1096 1947 1142 tem
1975 1102 2085 1141 non
2122 1086 2348 1155 parendi
2370 1086 2612 1143 haberet.
2644 1084 2774 1141 Dico
2802 1093 2985 1140 autem
3008 1085 3211 1139 factum
3233 1084 3414 1140 homi-

1842 1195 1966 1233 nem
2003 1179 2257 1243 liberum,
2288 1194 2399 1234 non
2425 1180 2576 1234 velut
2596 1178 2738 1232 malo
2757 1179 2939 1249 aliquo
2957 1178 3070 1248 jam
3090 1177 3408 1243 exsistente,

1838 1271 1996 1340 cujus
2022 1271 2276 1341 eligendi,
2307 1271 2353 1325 si
2379 1271 2573 1333 vellet,
2607 1277 2929 1340 potestatem
2964 1269 3236 1339 acceperit
3266 1286 3280 1321 :
3314 1267 3411 1324 sed

1838 1369 2058 1431 propter
2092 1376 2410 1416 concessam
2442 1359 2775 1424 facultatem,
2810 1376 2918 1430 qua
2946 1368 3160 1430 pareret
3188 1358 3273 1413 vel
3300 1374 3412 1414 non

1841 1465 2051 1523 pareret
2078 1452 2409 1524 praecipienti
2440 1450 2569 1507 Deo.
2594 1451 2689 1507 Est
2736 1453 2842 1507 hoc
2862 1452 3031 1516 enim,
3068 1451 3125 1506 in
3156 1465 3266 1521 quo
3296 1460 3417 1506 erat

1841 1544 2018 1614 posita
2048 1543 2277 1598 facultas
2317 1544 2549 1596 arbitrii.
2575 1542 2803 1597 Creatus
2841 1550 3023 1597 autem
3056 1544 3241 1605 homo,
3276 1556 3418 1610 pra:-

1842 1642 2055 1704 ceptum
2077 1650 2107 1687 a
2137 1634 2246 1689 Deo
2271 1634 2501 1703 accipit:
2527 1633 2748 1704 jamque
2774 1633 2899 1689 inde
2922 1633 3144 1687 inchoat
3172 1633 3376 1686 malum
3396 1672 3414 1699 ,

159 1717 255 1771 τοῦ
301 1718 440 1772 Θεοῦ
462 1737 476 1750 ’
512 1723 607 1774 καὶ
650 1720 898 1774 ἐντεῦθεν
944 1722 1044 1792 ἤδη
1094 1721 1156 1774 τὸ
1187 1722 1355 1775 κακὸν
1388 1722 1645 1793 όὶρχεται⁸
1676 1722 1736 1773 ού

1850 1739 1966 1778 nam
1998 1739 2107 1777 non
2138 1731 2291 1792 paret
2324 1721 2509 1777 divino
2538 1729 2806 1792 praecepto
2850 1741 2863 1776 :
2917 1721 3131 1791 hocque
3160 1728 3214 1776 et
3247 1736 3416 1776 unum

160 1809 270 1884 γάρ
305 1811 554 1865 πείθεται
596 1812 671 1883 τῷ
703 1813 829 1884 θείῳ
867 1813 1276 1885 προστάγματι·
1315 1815 1408 1867 καὶ
1452 1812 1609 1866 τοῦτο
1645 1813 1740 1866 acati.

162 1901 328 1971 μόνον
354 1902 417 1955 τὸ
449 1902 637 1968 κακὸν,
676 1906 709 1975 ἡ
753 1905 1032 1977 παρακοὴ,
1071 1904 1195 1975 ἥτις
1221 1903 1313 1957 τοῦ
1351 1900 1488 1957 εἶναι
1516 1904 1737 1977 ἤρξατο.

160 1991 298 2045 Οὐδὲ
350 1992 461 2065 γάρ
509 1993 768 2066 ἀγένητον
821 1994 1025 2066 ταύτην
1088 2013 1172 2059 τις
1217 1998 1394 2048 εἰπεῖν
1450 1995 1582 2067 ἔχει,
1646 1995 1740 2048 τοῦ

159 2084 491 2153 ποιήσαντος
526 2085 695 2157 αὐτὴν
729 2085 880 2150 ὄντος
911 2086 1159 2157 γεντιτοί
1208 2087 1432 2150 Πάντως
1460 2088 1536 2153 δὲ,
1580 2087 1743 2141 πόθεν

156 2172 321 2226 τοῦτο
340 2173 401 2226 τὺ
426 2175 792 2245 παρακοῦσαι,
814 2180 1128 2249 ἐρωτήσεις.
1166 2177 1326 2232 Ἀλλὰ
1356 2181 1531 2232 κεῖται
1559 2178 1744 2249 σαφῶς

158 2260 220 2313 ἐν
248 2264 315 2332 τῇ
347 2261 470 2334 θείᾳ
494 2265 706 2338 Γραφῇ.
746 2267 904 2322 Ὅθεν
926 2268 1049 2322 οὐδὲ
1070 2268 1310 2322 τοιοῦτον
1336 2269 1428 2323 τὸν
1460 2269 1743 2342 ἄνθρωπον

158 2354 301 2424 πρὸς
335 2354 427 2408 τοῦ
463 2355 597 2410 Θεοῦ
628 2359 907 2427 γεγονέναι
937 2360 1106 2432 φημί·
1140 2362 1281 2415 κατά
1306 2361 1362 2414 δέ
1390 2363 1487 2433 τήν
1514 2379 1637 2417 τινα
1664 2362 1743 2415 δι-

156 2442 460 2499 δασκαλίαν
500 2448 660 2502 τοῦτο
702 2449 1031 2505 πεπονθέναι
1060 2451 1223 2521 λέγω.
1263 2452 1398 2506 Οὐδὲ
1426 2452 1534 2524 γάρ
1565 2452 1745 2507 τοιαύ-

155 2551 260 2606 την
291 2535 458 2605 φύσιν
496 2538 736 2610 εἰληφὼς
775 2541 805 2592 0
849 2540 1158 2614 ἄνθρωπος.
1204 2542 1267 2595 Ei
1300 2542 1408 2613 γὰρ
1452 2540 1624 2604 οὕτως
1670 2535 1746 2593 εἶ-

155 2641 280 2696 χεν,
343 2628 449 2682 οὐκ
497 2628 565 2683 ἂν
610 2630 757 2701 αύτῷ
804 2632 947 2686 κατὰ
991 2632 1337 2687 διδασκαλίαν
1381 2631 1536 2685 τοῦτο
1578 2648 1747 2704 προσ-

156 2717 395 2785 εγίνετο,
420 2719 523 2790 τῆς
555 2720 767 2790 φύσεως
805 2724 977 2794 αὐτῆς
1004 2723 1174 2787 οὕτως
1213 2723 1463 2795 ἐχούσης.
1497 2723 1657 2793 Λέγει
1687 2723 1746 2778 δέ

154 2826 248 2874 τις
271 2810 394 2884 θείᾳ
430 2816 582 2885 φωνῇ
602 2853 617 2876 ,
650 2815 1050 2885 μεμαθηκέναι
1081 2815 1192 2888 (44)
1226 2817 1317 2870 τὸν
1366 2815 1742 2890 ἄνθρωπον....

156 2899 526 2955 Διδάσκεσθαι
569 2899 663 2957 οὖν
706 2921 847 2975 φημι
884 2903 946 2957 το
984 2905 1317 2978 παρακούειν
1363 2905 1520 2959 Θεοῦ.
1578 2904 1747 2958 Τοῦτο

156 2992 274 3065 γάρ
310 2994 403 3047 καὶ
441 2996 600 3065 μόνον
633 2998 749 3050 ἐστὶ
787 2998 848 3050 τὸ
878 2997 1068 3063 κακὸν,
1101 2997 1130 3051 ὃ
1175 2998 1326 3070 παρὰ
1356 2999 1451 3070 τὴν
1476 2997 1570 3051 τοῦ
1611 2997 1745 3051 Θεοῦ

158 3088 490 3158 προαίρεσιν
522 3088 764 3158 γίνεται·
806 3093 868 3144 ού
901 3092 1008 3164 γάρ
1040 3091 1106 3146 ἂν
1140 3090 1262 3145 καθ’
1297 3093 1457 3144 ἑαυτὸ
1486 3090 1548 3144 τὸ
1583 3107 1748 3162 πονη-

158 3176 259 3248 ρὸν
299 3180 330 3230 0
370 3178 659 3250 ἄνθρωπος
694 3180 1024 3237 διδάσκεται.
1069 3184 1127 3237 Ὀ
1160 3182 1426 3237 διδάσκων
1463 3182 1642 3235 τοίνυν
1686 3180 1748 3234 τὸ

157 3269 334 3323 κακόν
362 3272 515 3325 ἐστιν
546 3275 575 3326 0
602 3273 838 3345 δράκων,
864 3276 957 3328 καὶ
982 3275 1052 3328 τὰ
1079 3276 1225 3346 ἐξῆς.
1256 3276 1465 3329 Λείπει.

621 3367 732 3421 Τοῦ
765 3367 951 3421 αὐτοῦ
986 3367 1305 3421 Illi-2006102).

1843 1817 2045 1871 malum
2066 1823 2203 1882 erat,
2236 1814 2601 1869 inobedientia
2630 1829 2751 1883 quae
2778 1822 2910 1867 tunc
2943 1812 3165 1883 incepit.
3186 1810 3266 1867 Ne
3292 1812 3418 1881 quis

1842 1907 1987 1961 enim
2018 1922 2136 1961 eam
2188 1906 2383 1960 dixerit
2436 1906 2755 1975 ingenitam,
2797 1905 2981 1975 genito
3025 1911 3081 1959 et
3126 1911 3312 1958 creato
3354 1917 3419 1957 eo

1843 2000 1937 2068 qui
1970 1997 2119 2052 fecit.
2152 1996 2388 2051 Prorsus
2435 2011 2566 2050 vero
2615 2011 2849 2065 quaeres,
2907 1994 3050 2050 unde
3084 1994 3201 2049 haec
3230 1993 3420 2048 inobe~

1842 2090 2069 2147 dientia.
2116 2088 2406 2143 Enimvero
2458 2088 2744 2159 perspicue
2802 2087 2860 2141 in
2903 2086 3086 2141 divina
3138 2083 3422 2153 Scriptura

1844 2182 2081 2255 positum
2108 2188 2211 2235 est.
2263 2178 2441 2245 Quare
2472 2180 2635 2234 etiam
2665 2194 2804 2249 nego
2853 2178 3017 2231 talem
3048 2190 3077 2228 a
3108 2175 3220 2230 Deo
3251 2175 3424 2229 fuisse

1845 2283 2087 2330 creatum
2144 2271 2419 2326 hominem
2472 2290 2485 2327 :
2543 2269 2667 2326 dico
2714 2284 2880 2337 vero,
2920 2269 2977 2324 id
3022 2268 3128 2338 ipsi
3166 2267 3423 2321 doctrina

1845 2365 2080 2437 quadam
2133 2363 2425 2418 accidisse.
2454 2362 2574 2417 Non
2618 2363 2762 2417 enim
2804 2362 2969 2416 homo
3021 2367 3307 2429 acceperat
3338 2367 3423 2411 ta-

1845 2456 1950 2511 lem
2001 2462 2274 2509 naturam.
2332 2450 2469 2506 Nam
2521 2452 2628 2507 hoc
2679 2450 2880 2522 posito,
2930 2450 3051 2519 ipsa
3094 2453 3290 2502 natura
3340 2447 3425 2503 sic

1847 2554 2211 2616 comparata,
2274 2544 2696 2613 haudquaquam
2758 2541 3093 2612 oportuisset
3144 2537 3277 2595 illud
3326 2552 3425 2610 per

1846 2637 2152 2692 doctrinam
2205 2635 2482 2691 accedere.
2526 2634 2698 2689 Porro
2747 2641 2831 2689 est
2887 2632 2980 2703 qui
3020 2646 3153 2687 voce
3203 2629 3422 2690 divina,

1847 2743 1912 2784 ac
1944 2743 2044 2783 ceu
2074 2742 2141 2782 ex
2179 2727 2433 2792 oraculo,
2485 2726 2761 2781 hominem
2806 2725 2951 2779 mala
2995 2723 3246 2778 didicisse
3286 2725 3307 2751 "
3339 2721 3426 2775 di-

1847 2825 1955 2872 cat.
2006 2815 2140 2869 Dico
2191 2830 2321 2885 ergo
2373 2814 2632 2879 didicisse
2684 2828 2797 2868 non
2850 2811 3074 2867 obedire
3129 2809 3260 2865 Deo.
3310 2805 3427 2862 Hoc

1849 2910 1995 2964 enim
2048 2914 2102 2962 et
2140 2906 2315 2961 solum
2340 2912 2423 2960 est
2442 2904 2642 2957 malum
2661 2902 2827 2968 illud,
2857 2900 3002 2972 quod
3020 2900 3295 2970 fitpraster
3343 2895 3432 2951 di-

1849 3002 2036 3058 vinam
2082 2998 2417 3053 voluntatem
2453 3013 2466 3048 :
2519 3011 2627 3049 non
2662 2996 2808 3050 enim
2846 2994 3047 3056 homo,
3088 2982 3290 3045 malum
3331 2988 3429 3042 ad-

1853 3093 2016 3149 discit
2051 3088 2352 3146 secundum
2391 3102 2469 3142 se.
2510 3085 2611 3152 Qui
2644 3100 2775 3157 ergo
2807 3085 3012 3138 malum
3047 3082 3228 3145 docet,
3260 3080 3428 3135 draco

1855 3192 1961 3250 est,
1987 3188 2096 3238 etc.

2361 3348 2608 3422 Ejusdem
2657 3347 2935 3403 Methodii.

1165 3462 1271 3533 (Ea:
1299 3458 1471 3515 Elem.
1499 3457 1752 3513 Damasc.
1774 3457 1933 3512 σηιξη.
1963 3450 2109 3508 card.
2138 3444 2410 3519 Rupifuc.)

231 3550 351 3623 Τὴν
385 3550 488 3622 μὲν
530 3546 625 3604 οὖν
664 3551 838 3622 ἀρχὴν
875 3550 968 3606 τοῦ
1004 3553 1177 3607 κακοῦ
1219 3553 1313 3606 τὸν
1358 3551 1550 3621 φθόνον
1593 3545 1748 3602 εἶπον

163 3640 376 3711 ἔγωγεο
412 3640 508 3694 τὸν
546 3640 603 3693 δὲ
638 3640 829 3709 φθόνον
880 3644 945 3694 ἐκ
987 3642 1081 3696 τοῦ
1116 3644 1383 3714 κρείττονι
1428 3645 1561 3714 τιμῇ
1620 3658 1750 3694 κατ-

1927 3544 2068 3600 Sane
2120 3555 2284 3604 vero,
2335 3534 2462 3591 mali
2494 3530 2844 3604 principium,
2878 3527 3110 3585 dixerim
3142 3540 3242 3597 ego
3290 3525 3432 3580 invi-

1856 3638 2003 3693 diam
2039 3654 2053 3688 :
2090 3632 2214 3687 inde
2246 3642 2373 3684 vero
2402 3632 2580 3679 ortam
2627 3618 2805 3687 illam,
2832 3619 2978 3691 quod
3008 3620 3172 3673 homo
3203 3616 3437 3687 potiori.

163 3708 437 3805 ηξιῶσθαι
448 3733 542 3787 τὸν
570 3708 854 3801 ἄνθρωπον
883 3734 1018 3806 πρὸς
1033 3735 1126 3789 τοῦ
1138 3708 1304 3804 Θεοῦ·
1329 3734 1390 3789 τὸ
1418 3708 1686 3800 δὲνκακὺν,
1718 3733 1744 3802 ἡ

1858 3731 1963 3785 bus
1998 3722 2295 3780 honoribus
2324 3732 2356 3771 a
2387 3715 2499 3771 Deo
2543 3712 2738 3770 fuisset
2764 3720 2981 3768 auctus.
3007 3708 3180 3765 Porro
3201 3708 3430 3773 malum,

166 3825 428 3896 παρακοὴ
460 3825 562 3896 τῆς
591 3824 686 3877 τοῦ
715 3823 850 3878 Θεοῦ
878 3826 1116 3899 ἐντολῆς.

247 3940 271 3974 ⁸
294 3938 503 3996 larem.
537 3953 663 4006 xm,
686 3938 782 3993 ‘25.

1860 3816 2228 3875 inobedientia
2256 3819 2341 3868 est
2364 3807 2533 3863 divini
2554 3804 2817 3861 mandati.

184 4052 2279 4095 _______________________________._____

594 4184 1186 4280 ΜΕΘΟΔΙΟΥ
1256 4182 1413 4268 ΕΚ
1468 4174 1696 4264 ΤΟΥ
1757 4173 2018 4262 ΠΕΡΙ
2095 4164 2798 4255 ΑΝΑΣΤΑΣΕΩΣ
2841 4154 3011 4249 (ίιδ).

1445 4424 2169 4547 METHODII

832 4668 996 4755 EX
1067 4657 1437 4752 LIBRO
1511 4657 1663 4745 DE
1742 4639 2792 4742 BESUBRECTIONE.

255 4945 338 4998 A'.
381 4940 499 4996 ὒύκ
530 4935 759 5007 ἐποίησε
787 4931 897 5006 (46)
932 4930 1101 4986 κακὸν
1131 4931 1162 4982 0
1201 4927 1335 4991 Θεός
1355 4944 1369 4957 ·
1399 4926 1523 4979 οὐδὲ
1551 4927 1666 4978 ἐστι
1704 4923 1744 4975 τὶ

1941 4914 1985 4969 l.
2009 4912 2210 4967 Malunt
2253 4909 2400 4965 Deus
2430 4924 2539 4964 non
2568 4905 2716 4973 fecit,
2747 4919 2852 4960 nec
2881 4903 2992 4959 ullo
3041 4898 3204 4957 modo
3249 4900 3442 4951 auctor

182 5034 409 5090 σύνολον
437 5030 576 5094 ὅλως
609 5028 676 5080 ἐκ
719 5025 916 5090 παντὸς
958 5022 1020 5076 τὸ
1048 5020 1308 5092 παράπαν
1350 5018 1520 5080 αἴτιος
1566 5013 1760 5069 κακοῦ.

195 5125 365 5183 Ἀλλά
392 5124 503 5179 πᾶν
532 5124 671 5190 ὅπερ
700 5118 767 5173 ἂν
795 5114 1136 5181 αὐτεξούσιον
1160 5111 1331 5174 οὕτως
1360 5109 1449 5164 ὑπ’
1476 5106 1640 5162 αὑτοῦ
1673 5123 1765 5176 γε-

179 5216 377 5287 γονός·
416 5214 467 5266 ει
511 5211 622 5283 (47)
648 5207 786 5277 πρὸς
822 5206 884 5260 τὸ
911 5200 1244 5275 φυλάξασθαι
1282 5200 1379 5254 καὶ
1409 5197 1643 5270 τηρῆσαι
1674 5198 1764 5251 νό-

181 5326 317 5384 μον,
352 5307 411 5360 δν
439 5303 601 5366 αὐτὸς
623 5298 847 5361 δικαίως
873 5294 1221 5360 διεστείλατο,
1253 5292 1329 5364 μὴ
1371 5290 1643 5362 τηρῆσαν,
1672 5287 1764 5342 λέ-

264 5464 381 5532 (45)
416 5459 751 5531 Πράτμασι.
783 5454 971 5522 Turn,
997 5452 1297 5524 προστάσι,
1328 5450 1466 5506 forte
1536 5443 1775 5514 προστά-

173 5551 387 5673 γμῗᾶ.
422 5599 782 5682 heremum",
812 5595 904 5661 25,
929 5591 1111 5666 μεμαθ
1153 5591 1310 5656 κότες
1340 5587 1409 5644 τά
1434 5588 1601 5643 κακά.

266 5610 384 5746 (4δῖ
428 5674 521 5725 Ἐκ
551 5688 659 5725 του
687 5666 825 5736 περὶ
855 5667 1071 5721 amat.
1104 5611 1230 5718 12am
1271 5669 1528 5732 excerpta
1574 5674 1601 5731 ρ

266 5666 384 5748 (45)
428 5674 521 5725 Ἐκ
551 5668 659 5725 τοῦ
687 5666 825 5736 περὶ
855 5667 1071 5721 ἀναστ.

477 5764 752 5824 Paeon.
784 5758 902 5820 Gn.
954 5756 1186 5821 XVIII.

1152 5679 1230 5718 ate
1271 5669 1528 5732 excerpta
1574 5657 1773 5731 partim

1869 5008 2018 5065 illius
2046 5012 2150 5061 est.
2176 5002 2283 5057 Sed
2311 4999 2576 5072 quidquid
2603 4997 2814 5053 arbitrii
2859 4995 2946 5051 sui
2995 4996 3262 5064 potestate
3305 4998 3444 5056 prae-

1872 5102 2044 5159 ditum
2064 5098 2132 5153 ab
2157 5112 2220 5152 co
2240 5094 2441 5149 factum
2472 5100 2577 5158 est,
2602 5099 2664 5145 ut
2693 5104 2857 5162 quam
2878 5088 2926 5143 is
2943 5087 3114 5156 legem
3137 5079 3444 5153 justissime

1870 5190 2226 5265 praescripsit,
2256 5184 2572 5251 servaverit,
2616 5197 2680 5237 ea
2709 5198 2817 5238 non
2861 5186 3097 5241 servata,
3143 5172 3443 5265 appellatur

1872 5263 2098 5342 malum.
2150 5280 2248 5336 Est
2281 5287 2461 5335 autem
2519 5275 2901 5348 gravissimum
2946 5272 3053 5328 hoc
3096 5269 3355 5325 damnum
3389 5263 3444 5316 in

1879 5461 1945 5502 ex
1973 5440 2298 5514 Epiphanio,
2327 5433 2761 5514 sed_emendata,
2778 5433 2990 5514 partim
3015 5444 3176 5485 nova.

1952 5490 3023 5585 (ῖξίτὸὗᾶὶῖέσίίΕιιήίΕρίριι-ιιίιίὸηὴιειλ
3044 5515 3169 5556 thv
3189 5538 3205 5566 ,
3249 5513 3307 5552 ιι.
3346 5490 3443 5560 22,

1952 5522 2065 5585 (46)
2097 5522 2221 5566 Οὐκ
2262 5522 2358 5563 επ.
2402 5522 2481 5562 nx
2526 5522 2838 5631 npllpnamo.
2867 5522 2998 5558 mer.
3044 5550 3045 5553 η

1881 5585 2194 5659 emend._e_x
2218 5578 2478 5659 _Element_.
2513 5593 2632 5659 c_ar‘
2652 5619 2664 5631 .
2697 5571 3045 5659 Buptfucaid.

1952 5654 2066 5727 (47)
2098 5654 2191 5712 Εί.
2218 5650 2410 5722 lmpr.,
2446 5651 2502 5723 ῆ,
2531 5646 2673 5705 forte
2698 5646 2757 5720 ᾗ.
