3864 6162
439 265 546 323 267

1418 263 1476 322 S.
1511 262 1850 322 ΜΕΤΗΟΒΠ
1886 262 2198 323 EPISCOPI
2234 265 2324 321 ET
2356 260 2717 324 MARTYRIS

3603 268 3708 325 268

440 387 653 456 primis,
710 383 805 441 Dei
862 388 1120 440 mandata
1173 384 1469 456 negligere,
1521 399 1586 440 ac
1635 383 1863 455 iustitiae
1901 401 2005 455 qua

2124 402 2281 455 γεται
2340 385 2528 442 κακόν.
2581 385 2867 458 Βαρυτάτη
2918 384 2976 439 δέ
3028 384 3198 458 βλάϐη
3249 385 3312 441 τὸ
3362 385 3705 459 παρακοῦσαι

440 478 698 549 adjuncta
726 474 971 532 libertati
996 484 1102 542 est,
1124 475 1326 532 limites
1344 476 1643 547 praeterire.

508 652 573 711 ll.
602 653 741 710 lllud
760 669 891 710 vero
915 654 1028 725 jam
1063 661 1220 710 antea
1249 652 1589 725 disputatum
1615 662 1722 719 est,
1744 662 2020 712 monstra-

435 755 687 820 tumque,
738 748 987 819 pelliceas
1022 749 1227 803 tunicas
1256 748 1300 815 ⁷,
1329 746 1478 802 aliud
1511 761 1634 804 esse
1662 755 1860 819 praeter
1893 763 2018 805 cor-

434 855 591 913 pora.
651 839 760 897 Sed
821 840 1177 896 nihilominus
1239 840 1386 896 idem
1434 855 1656 896 rursum
1703 841 2015 913 (dicendum

433 936 578 991 enim
600 935 809 1006 saepius
836 933 941 1007 est)
966 933 1071 990 hoc
1092 933 1214 990 loco
1242 941 1572 1005 repetamus.
1604 932 1822 991 Primus
1852 935 2017 1007 igitur

433 1028 554 1097 ipse
601 1043 824 1099 parens,
884 1033 1179 1098 antequam
1226 1042 1306 1083 eat
1352 1026 1551 1082 tunicae
1596 1039 2014 1097 consuerentur,

432 1133 561 1175 ossa
581 1134 641 1175 se
663 1126 718 1175 et
741 1133 962 1175 carnem
989 1118 1192 1174 habere
1220 1118 1546 1187 confitetur;
1569 1135 1695 1174 cum
1730 1122 2013 1185 nimirum,

428 1209 752 1280 perductam
805 1208 876 1265 ad
921 1225 1053 1267 sese
1094 1209 1376 1265 mulierem
1440 1212 1862 1281 contemplatus,
1897 1211 2015 1268 Hoc

429 1318 570 1357 nunc
600 1318 683 1368 os,
711 1302 912 1373 inquit,
948 1317 1015 1357 ea:
1036 1301 1243 1357 ossibus
1268 1302 1420 1365 meis,
1470 1310 1521 1357 et
1570 1319 1695 1357 caro
1747 1304 1811 1358 de
1859 1321 2016 1360 carne

373 1415 379 1425 ·
429 1408 566 1448 mea.
600 1390 669 1448 Et
720 1407 943 1448 rursum
977 1412 991 1447 :
1026 1391 1155 1447 Hazc
1200 1393 1472 1447 vocabitur
1508 1395 1718 1461 mulier,
1754 1397 2015 1467 quoniam

429 1482 495 1538 de
522 1485 631 1539 viro
659 1494 870 1555 sumpta
914 1494 1014 1542 est.
1044 1484 1272 1556 Propter
1302 1486 1399 1542 hoc
1430 1486 1684 1557 relinquet
1721 1485 1874 1541 homo
1904 1502 2016 1556 pa-

346 1580 349 1583 ’
429 1585 561 1633 trem
612 1593 767 1632 suum
810 1587 861 1632 et
902 1585 1147 1644 matrem,
1178 1587 1228 1632 et
1260 1576 1549 1632 adhaerebit
1584 1579 1743 1633 uxori
1769 1595 1881 1633 suae
1913 1595 1932 1633 :
1962 1590 2013 1634 et

427 1679 580 1723 erunt
610 1669 715 1724 duo
748 1671 806 1725 in
839 1686 1050 1726 carnem
1069 1686 1231 1726 unam
1258 1670 1299 1724 ⁸.
1334 1669 1519 1742 Neque
1539 1670 1682 1727 enim
1705 1681 1886 1727 certos
1915 1671 2015 1726 bo-

2125 478 2281 546 Θεοῦ,
2310 481 2436 544 τοὺς
2457 479 2617 554 ὅρους
2635 480 2735 550 τῆς
2765 478 2906 533 κατὰ
2930 478 2992 533 τὸ
3017 478 3362 547 αὐτεξούσιον
3391 480 3703 552 ὑπερϐάντα

2123 569 2495 644 δικαιοσύνης.

2194 661 2272 716 Β’.
2312 661 2695 736 Προηπόρηται
2727 662 2838 734 (49)
2854 662 2912 717 δὲ
2945 663 3071 735 ἤδη,
3097 664 3191 718 καὶ
3218 661 3531 734 ἀπεδείχθη,
3562 662 3703 729 τοὺς

2123 752 2515 823 δερματίνους
2538 752 2794 824 χιτῶνας
2830 754 2905 827 μὴ
2938 750 3076 810 εἷναι
3114 754 3184 809 τά
3221 753 3471 827 σώματα.
3512 756 3701 826 Ὅμως

2121 844 2180 899 δὲ
2208 845 2316 916 ,καὶ
2369 844 2531 900 πάλιν
2586 845 2676 918 (ού
2728 846 2840 919 γὰρ
2898 845 3046 914 ἅπαξ
3093 847 3322 920 ῥητέον)
3381 846 3698 920 φράσωμεν.

2121 937 2296 1002 Αὐτὸς
2339 938 2446 1011 πρὸ
2479 938 2575 1010 τῆς
2610 939 2955 1012 κατασκευῆς
3001 939 3181 995 αὐτῶν
3207 942 3236 995 ὁ
3279 940 3704 1013 πρωτόπλαστος

2121 1029 2373 1101 ὁμολογεῖ
2413 1031 2510 1085 καὶ
2542 1032 2676 1085 ὀστᾶ
2701 1030 2846 1103 ἐχειν
2891 1031 2987 1086 καὶ
3030 1032 3261 1105 σάρκας,
3314 1032 3474 1086 ὁπότε
3503 1030 3567 1103 δὴ
3601 1031 3702 1103 τὴν

2121 1125 2358 1191 γυναῖκα
2397 1123 2545 1195 αὐτῷ
2572 1127 2973 1197 προσαχθεῖσαν
2995 1124 3353 1195 θεασάμενος,
3386 1123 3565 1179 Τοῦτο
3584 1122 3702 1178 νῦν

2120 1212 2367 1282 ὀστοῦν,
2406 1214 2708 1289 ἐφώνησεν,
2752 1216 2822 1270 ἐκ
2844 1215 2965 1271 τῶν
2999 1214 3199 1271 ὀστῶν
3223 1233 3366 1285 μου,
3416 1215 3517 1269 καὶ
3543 1214 3700 1284 σὰρξ

2120 1306 2189 1360 ἐκ
2226 1306 2337 1377 τῆς
2373 1309 2601 1377 σαρκός
2641 1324 2793 1378 μου·
2830 1309 2927 1362 καὶ
2968 1307 3162 1362 πάλινο
3201 1306 3363 1375 Αὕτη
3395 1306 3701 1376 κληθήσε-

2119 1415 2215 1453 ται
2238 1399 2416 1470 γυνὴ,
2446 1399 2536 1454 ὅτι
2556 1401 2627 1454 ἐκ
2648 1399 2755 1455 τοῦ
2784 1399 3007 1469 ἀνδρὸς
3029 1399 3218 1471 αὐτῆς
3240 1401 3493 1471 ἐλήφθη.
3529 1403 3700 1457 Ἕνε-

2120 1508 2229 1545 κεν
2274 1493 2491 1547 τούτου
2544 1492 2898 1563 καταλείψει
2945 1491 3256 1562 ἄνθρωπος
3313 1494 3420 1548 τὸν
3472 1494 3701 1564 πατέρα

2119 1583 2328 1649 αὑτοῦ,
2364 1585 2464 1639 καὶ
2511 1584 2627 1654 τὴν
2661 1584 2919 1656 μητέρα,
2956 1584 3057 1640 καὶ
3095 1586 3700 1656 προσκολληθήσεται

2118 1675 2196 1747 τῇ
2235 1678 2471 1749 γυναικὶ
2517 1678 2702 1761 αὐτοῦ
2737 1677 2878 1750 (50)'
2935 1676 3036 1733 καὶ
3072 1678 3317 1733 ἔσονται
3361 1681 3415 1732 ol
3462 1678 3570 1733 δύο
3607 1682 3699 1746 εις

428 1763 604 1819 mines
648 1761 794 1818 ferre
846 1778 1110 1834 possum,
1165 1762 1259 1832 qui
1309 1763 1563 1818 consulto
1614 1770 1892 1834 nugantur
1950 1776 2005 1818 ac

2124 1766 2318 1839 σᾶρκα
2336 1772 2505 1840 μίαν.
2535 1771 2610 1824 Οὐ
2641 1770 2751 1844 γὰρ
2778 1771 2842 1843 δὴ
2873 1770 3133 1842 ἀνέξομαι
3167 1769 3584 1843 φληναφούντων
3615 1789 3700 1825 τι-

428 1851 744 1925 Scripturas
792 1853 1271 1926 impudentissime
1317 1854 1668 1926 detorquent,
1692 1871 1802 1926 quo
1851 1870 2014 1911 suum

428 1948 535 2004 Illis
557 1947 627 2003 de
667 1948 1073 2006 resurrectione
1110 1949 1236 2006 sine
1279 1964 1447 2006 carne
1478 1950 1677 2020 dogma
1703 1949 1966 2021 procedat
1996 1967 2008 2003 :

427 2040 521 2111 αιιί
562 2039 706 2107 ideo,
741 2047 796 2096 et
848 2055 978 2097 ossa
1027 2042 1275 2113 quaedam
1306 2041 1688 2112 intelligibilia.
1719 2048 1775 2097 et
1817 2055 2013 2098 carnes

427 2129 677 2186 similiter
708 2129 1078 2202 intelligibiles
1128 2131 1426 2187 commenti
1458 2139 1607 2196 sunt,
1644 2144 1709 2186 ac
1738 2130 1854 2185 suis
1876 2130 2013 2186 aue--

426 2222 591 2293 goriis
626 2222 762 2278 alias
804 2223 962 2279 aliter
1011 2238 1232 2280 sursum
1285 2225 1653 2294 deorsumque
1700 2239 1825 2281 sese
1880 2239 2014 2280 con-

427 2320 665 2374 mtunt.
705 2315 871 2387 Atqui
904 2316 1020 2371 haec
1058 2316 1286 2388 perinde
1332 2331 1397 2371 ac
1452 2316 1662 2387 scripta
1712 2325 1874 2382 sunt,
1918 2331 2013 2372 ac-

424 2408 675 2479 cipienda
724 2422 882 2476 esse,
937 2408 1145 2465 Christi
1194 2409 1483 2466 conlirmat
1526 2408 1867 2477 auctoritas;
1916 2408 2012 2463 ubi

424 2501 888 2572 interrogantibus
930 2499 1226 2558 Pbariseeis
1276 2501 1344 2556 de
1375 2501 1565 2556 uxoris
1608 2499 1867 2566 divortio,
1923 2516 2011 2557 re-

425 2593 711 2667 spondet:
769 2593 896 2650 Nou
952 2596 1172 2668 legistis,
1234 2596 1360 2667 quia
1416 2594 1508 2665 qui
1567 2593 1692 2663 fecit
1747 2593 2010 2649 hominem

424 2689 488 2743 ab
539 2689 713 2754 initio,
759 2688 1058 2743 masculum
1093 2699 1145 2743 et
1178 2688 1431 2758 feminam
1473 2685 1595 2755 fecit
1643 2701 1730 2740 eos
1753 2687 1782 2742 7
1820 2688 1892 2740 Et
1924 2685 2010 2739 di-

424 2782 502 2835 xit
530 2796 550 2835 :
587 2780 813 2850 Propter
860 2781 957 2835 hoc
1005 2780 1261 2852 relinquet
1318 2778 1475 2834 homo
1524 2788 1732 2849 patrem
1788 2786 1840 2832 et
1894 2792 2010 2832 ma-

423 2880 556 2928 trem
576 2875 622 2938 ”,
654 2882 761 2930 etc.

489 2964 579 3023 ιιι.
614 2966 725 3023 Sed
753 2974 808 3021 et
843 2965 978 3022 illud
1011 2964 1298 3038 perSpicue
1349 2962 1648 3020 absurdum
1703 2969 1825 3028 est,
1858 2961 2008 3018 arbi-

306 3117 321 3133 κ
427 3058 555 3112 trari
578 3072 782 3128 corpus
814 3057 873 3112 in
898 3065 1102 3112 aeterna
1134 3056 1227 3111 illa
1256 3056 1368 3111 vita
1411 3057 1636 3112 minime
1667 3069 1793 3110 cum
1821 3053 2004 3108 anima

427 3149 689 3219 l'uturum,
719 3149 865 3221 quod
912 3149 1048 3204 illud
1086 3155 1346 3219 tanquam
1380 3148 1662 3204 vinculum
1693 3160 1759 3200 ac
1811 3145 2004 3216 pedica

427 3242 525 3310 sit;
556 3249 617 3297 ut
646 3255 735 3306 ne,
754 3241 913 3312 juxta
943 3240 1092 3312 quod
1124 3240 1441 3311 opinantur,
1479 3237 1831 3309 sempiternis
1874 3236 2001 3292 vin-

426 3333 562 3391 culis
592 3333 961 3405 corruptionis
987 3331 1189 3387 addicti
1212 3331 1515 3395 videamur,
1538 3330 1632 3402 qui
1666 3330 1725 3385 in
1744 3330 1887 3387 lucis
1909 3330 2004 3386 illo

425 3441 588 3500 regno
614 3427 791 3484 simus
813 3425 1136 3480 babitaturi.
1159 3423 1297 3480 Cum
1325 3424 1472 3480 enim
1494 3421 1710 3479 abunde
1733 3422 2004 3478 dissoluta

425 3533 482 3574 ac
508 3516 744 3573 refutata
796 3517 868 3574 sit
912 3516 1008 3571 illa
1036 3516 1328 3582 sententia,
1363 3529 1472 3588 qua
1499 3514 1696 3570 animae
1722 3514 2005 3570 vinculum

424 3626 643 3668 carnem
672 3625 795 3667 esse
820 3608 1182 3676 deﬁniebant;
1215 3609 1380 3665 etiam
1427 3607 1564 3663 illud
1604 3607 1844 3664 solutum
1882 3613 2000 3672 est,

424 3715 535 3761 tore
563 3712 625 3759 ut
656 3702 780 3759 ideo
813 3718 945 3758 caro
974 3718 1085 3758 non
1106 3709 1381 3774 resurgat,
1413 3718 1484 3757 ne
1516 3702 1564 3758 si
1617 3716 1740 3757 eam
1789 3715 2003 3756 resum-

424 3795 714 3866 pserimns,
741 3794 910 3851 vincti
940 3802 1166 3866 propter
1190 3808 1312 3849 eam
1340 3794 1395 3849 in
1423 3809 1593 3865 regno
1623 3793 1718 3849 illo
1748 3792 1889 3849 lucis
1912 3790 1999 3847 fu-

424 3886 529 3942 .uri
556 3886 753 3943 simus.

484 3975 576 4033 Ν.
615 3978 787 4051 Igitur
816 3994 886 4033 ne
916 3977 1226 4035 immortale
1271 3978 1548 4050 quoddam
1595 3993 1662 4034 ac
1710 3979 2002 4051 sempiter-

423 4083 548 4125 Jum
575 4069 780 4125 malum
817 4077 962 4126 esset
987 4070 1174 4137 homo,
1222 4077 1284 4125 ut
1319 4070 1434 4141 jam
1488 4070 1728 4126 dixitnus
1753 4111 1767 4137 ,
1799 4071 1857 4125 in
1890 4085 2002 4141 quo

423 4169 703 4231 peccatum
756 4160 1063 4233 potioribus
1110 4170 1372 4226 auctum,
1425 4161 1729 4216 dominium
1785 4162 2003 4217 obtine-

423 4263 500 4310 ret
530 4252 678 4327 (48);
704 4255 852 4310 velut
873 4255 1021 4325 quod
1048 4254 1346 4311 immortali
1375 4254 1429 4309 in
1460 4270 1692 4325 corpore
1733 4255 2002 4326 pullulas-

422 4355 516 4411 εει,
545 4352 600 4403 et
630 4346 924 4402 immortali
952 4346 1180 4419 perinde
1222 4346 1480 4402 alimento
1533 4347 1788 4418 glisceret
1818 4365 1831 4402 :
1865 4361 1997 4417 pro-

2118 1865 2245 1928 νῶν,
2270 1867 2363 1920 καὶ
2392 1864 2727 1938 βιαζομένων
2759 1865 3293 1939 ἀπηρυθριασμένως
3324 1864 3421 1937 τὴν
3449 1865 3696 1938 Γραφὴν,

2115 1957 2204 2012 ἵνα
2245 1959 2430 2022 αὐτοῖς
2467 1958 2589 2029 δίχα
2616 1958 2815 2031 σαρκὸς
2840 1955 2975 2012 εἰναι
3005 1960 3340 2032 προχωρήσῃ
3368 1956 3478 2029 (5i)
3505 1960 3537 2030 ἡ
3565 1958 3700 2012 dmi-

2117 2065 2327 2113 στασις,
2349 2049 2483 2103 ὀστᾶ
2503 2048 2692 2119 νοητὰ,
2715 2049 2810 2103 καὶ
2833 2048 3039 2119 σάρκας
3055 2049 3250 2120 νοητὰς
3270 2047 3693 2119 ὑποτιθεμένων,

2115 2140 2209 2194 καὶ
2263 2139 2454 2194 ἄλλοτε
2500 2140 2675 2204 ἄλλως
2721 2139 2834 2194 ἄνω
2880 2140 2975 2194 καὶ
3015 2139 3166 2193 κάτω
3209 2137 3696 2210 μεταϐαλλομένων

2114 2231 2486 2304 ἀλληγορίαις.
2518 2232 2629 2285 Καὶ
2649 2230 2820 2285 ταῦτα
2846 2228 3039 2295 οὕτως,
3064 2231 3140 2294 ὡς
3159 2229 3487 2301 γέγραπται,
3521 2246 3700 2301 παρα-

2110 2323 2505 2397 λαμϐάνεσθαι,
2532 2324 2890 2395 κρατύνοντος
2928 2321 3022 2376 τοῦ
3051 2320 3287 2395 Χριστοῦ
3326 2322 3423 2393 τὴν
3448 2320 3693 2393 Γραφὴν,

2112 2417 2241 2474 ἔνθα
2292 2417 2716 2489 πυνθανομένοις
2753 2419 2869 2481 τοῖς
2903 2416 3218 2489 Φαρισαίοις
3250 2414 3379 2486 περὶ
3408 2410 3695 2486 χωρισμοῦ

2111 2510 2369 2580 γυναικὸς
2402 2510 2788 2583 ἀποκρίνεται’
2831 2512 2953 2564 Οὐκ
2989 2508 3310 2578 ἀνέγνωτε,
3344 2506 3434 2560 ὅτι
3457 2507 3559 2561 ἀπ’
3585 2505 3695 2574 ἀρ-

2112 2600 2230 2672 χῆς
2252 2605 2285 2656 ό
2312 2601 2527 2668 κτίσας
2563 2601 2753 2670 ἄρσεν
2783 2601 2884 2655 καὶ
2913 2601 3071 2670 θῆλυ
3119 2599 3408 2666 ἐποίησεν
3434 2598 3697 2665 adrade;

2111 2692 2224 2747 Καὶ
2264 2693 2435 2748 εἶπεν
2456 2710 2472 2725 ο
2517 2693 2762 2748 Ἕνεκεν
2803 2694 3020 2748 τούτου
3070 2693 3422 2761 καταλείψει
3471 2689 3696 2759 ἄνθρω-

2111 2802 2226 2854 πος
2250 2784 2357 2843 τὸν
2381 2784 2626 2856 πατέρα,
2650 2785 2748 2861 καὶ⁵
2773 2785 2844 2841 τὰ
2868 2784 3014 2858 ἐξῆς.

2181 2964 2258 3017 Γν.
2300 2964 2535 3017 ’Ἄτοπον
2565 2961 2677 3034 (52)
2705 2962 2764 3016 δὲ
2791 2962 3015 3018 κάκεῖνο
3044 2963 3359 3035 προφανῶς,
3390 2962 3452 3017 τὸ
3483 2961 3695 3018 οἴεσθαι

2109 3053 2171 3109 τὸ
2192 3052 2353 3126 σῶμα
2379 3055 2436 3109 ἐν
2454 3057 2523 3126 τῇ
2546 3054 2627 3118 εἰς
2644 3055 2846 3118 αἰῶνας
2864 3054 3108 3126 διαγωγῇ
3133 3053 3209 3126 μὴ
3234 3052 3553 3109 συνέσεσθαι
3575 3053 3693 3124 (55)

2105 3150 2173 3220 τῇ
2218 3146 2386 3218 ψυχῇ,
2431 3146 2519 3201 διά
2544 3146 2607 3200 τὸ
2649 3144 2848 3217 δεσμὸν
2884 3146 3017 3199 αὐτὸ
3066 3146 3163 3199 καὶ
3200 3145 3366 3209 πέδας
3393 3140 3564 3200 εἶναι·
3600 3146 3694 3199 ἵνα.

2109 3238 2185 3311 μὴ
2211 3237 2420 3292 αἰώνιοι
2445 3235 2735 3308 γενώμεθα
2768 3237 3089 3309 κατάκριτοι
3116 3236 3412 3309 δεσμῶται,
3446 3237 3568 3292 κατ’
3595 3239 3698 3291 αύ-

2103 3330 2252 3396 τοὺς,
2285 3328 2492 3403 φθορᾶς
2518 3328 2633 3401 (54)
2660 3329 2717 3383 ἐν
2736 3331 2803 3402 τῇ
2834 3327 3082 3401 βασιλεία
3101 3330 3195 3383 τοῦ
3222 3331 3398 3400 φωτὸς
3415 3331 3691 3402 ἐσόμενοι.

2105 3423 2415 3495 Λελυμένου
2448 3422 2557 3494 γὰρ
2594 3420 2814 3487 ἱκανῶς,
2840 3421 2934 3475 καὶ
2956 3420 3363 3492 ἐξελεγχθέντος
3383 3423 3479 3477 τοῦ
3502 3422 3691 3492 λόγου,

2106 3516 2165 3568 ἐν
2201 3508 2247 3584 ᾧ
2282 3514 2482 3587 δεσμὸν
2509 3513 2609 3585 τῆς
2643 3511 2824 3584 ψυχῆς
2873 3511 3135 3583 ὡρίζοντο
3170 3509 3310 3567 εἶναι
3342 3513 3441 3585 τὴν
3486 3512 3693 3584 σάρκα,

2105 3606 2324 3662 λέλυται
2358 3605 2453 3661 καὶ
2479 3605 2560 3671 τὸ,
2597 3605 2684 3659 ἵνα
2713 3605 2789 3677 μὴ
2822 3605 3099 3678 δεσμῶται
3129 3607 3187 3659 ἐν
3217 3608 3283 3677 τῇ
3316 3603 3566 3676 βασιλείᾳ
3592 3603 3694 3658 τοῦ

2106 3699 2305 3771 φωτὸς,
2329 3699 2379 3752 εί
2401 3697 2763 3771 ἀπολάϐωμεν
2790 3698 2904 3771 (55)
2928 3696 3119 3771 αὐτὴν,
3141 3696 3398 3770 ἐσόμεθα,
3419 3696 3509 3752 διὰ
3533 3695 3695 3751 τοῦτο

2104 3792 2207 3847 οὐκ
2232 3791 2621 3864 ἀναστήσεται.

2173 3975 2247 4028 A'.
2273 3975 2392 4029 Ἵνα
2413 3973 2593 4028 τοίνυν
2611 3972 2724 4046 (56)
2757 3970 2831 4045 μὴ
2933 3969 3103 4026 κακὸν
3135 3968 3397 4024 ἀθάνατον
3418 3970 3448 4021 ὁ
3473 3966 3694 4040 ἄνθρω-

2103 4083 2204 4131 πος
2230 4107 2245 4131 ,
2310 4066 2345 4139 ἦ
2407 4065 2635 4131 ἀείζωον
2660 4105 2675 4131 ,
2726 4065 2866 4137 ἔχων
2915 4066 2975 4118 ὲν
3021 4061 3200 4133 ἑαυτῷ
3253 4060 3353 4134 τὴν
3410 4061 3692 4134 ἁμαρτίαν

2104 4156 2583 4229 κρατιστεύουσαν,
2617 4155 2717 4211 ἅτε
2761 4157 2818 4210 ἐν
2857 4154 3110 4228 ἀθανάτῳ
3155 4153 3536 4226 βλαστήσασαν
3574 4149 3690 4205 σώ-

2105 4267 2259 4322 ματι,
2300 4249 2395 4303 καὶ
2431 4249 2698 4305 ἀθάνατον
2732 4248 2960 4321 ἔχουσαν
2990 4249 3217 4320 τροφὴν,
3261 4248 3291 4301 ὁ
3331 4245 3465 4309 Θεὸς
3518 4245 3691 4299 αὐτὸν

2101 4344 2189 4398 διὰ
2225 4342 2384 4397 τοῦτο
2421 4342 2613 4415 θνητὸν
2657 4341 2975 4413 ἀπεφήνατο
3020 4339 3304 4412 νεκρότητι
3354 4334 3687 4410 περιϐαλών.

420 4445 599 4509 pter-ea
625 4438 913 4495 mortalem
955 4440 1109 4495 illum
1142 4437 1284 4495 Deus
1306 4453 1430 4494 esse
1466 4438 1637 4493 voluit
1663 4477 1679 4502 ,
1730 4451 1798 4493 ac
1825 4444 2001 4493 morte

2124 4435 2277 4491 Γοῦτο
2308 4435 2419 4507 γάρ
2449 4436 2498 4489 οἱ
2526 4434 2843 4507 δερμάτινοι
2885 4432 3110 4505 χιτῶνες
3146 4430 3459 4494 ἐϐούλοντο,
3498 4428 3588 4483 ἵνα
3618 4428 3691 4500 δὴ

421 4531 711 4588 lamnavit.
745 4530 862 4588 Hoc
883 4532 1030 4588 enim
1061 4538 1291 4589 scortea:
1341 4532 1446 4587 illae
1491 4533 1690 4586 tunicas
1717 4530 1996 4602 signiﬁca-

420 4631 567 4689 aant,
602 4629 664 4681 ut
693 4623 955 4679 nimirum
1001 4638 1233 4696 corpore
1260 4624 1528 4689 resoluto,
1558 4638 1721 4679 omne
1768 4638 1838 4679 ex
1884 4623 1995 4678 imo

484 4791 507 4822 "
538 4789 669 4846 Gen.
698 4805 783 4856 ιιι,
812 4788 904 4844 2i.
980 4789 1003 4820 ⁸
1027 4786 1155 4843 Gen.
1193 4803 1254 4852 ιι,
1286 4785 1378 4851 23,
1400 4784 1490 4839 24.

487 4946 599 5019 (ιε)
633 4945 953 5020 Potioribus
981 4953 1218 5020 auctum,
1259 4941 1551 5020 dominium
1585 4936 1992 5020 obtineretanic

420 5006 596 5076 visum
621 5025 706 5073 est
728 5016 1090 5089 circumloqui
1111 5014 1192 5089 το,
1218 5010 1696 5089 umens-raucuch
1723 5006 1996 5089 significat

419 5090 565 5145 enim
596 5103 794 5142 novam
831 5088 977 5141 illam
1015 5079 1392 5143 Excellentiam
1420 5082 1631 5145 peccati
1662 5079 1716 5133 in
1752 5079 1993 5145 homine,

419 5176 484 5217 ex
517 5158 751 5229 subjecti
790 5158 1226 5222 immortalitate,
1273 5154 1381 5209 nisi
1410 5152 1556 5206 Deus
1590 5152 1767 5221 ipsum
1803 5164 1835 5202 a
1863 5163 1994 5219 pec-

419 5238 565 5294 cato,
594 5228 769 5282 morte
796 5228 1129 5282 damnasset.

490 5290 626 5371 (49)Δ
643 5301 869 5371 Προηξι.
910 5298 1102 5369 Epiph.
1132 5296 1265 5352 haer.
1290 5309 1351 5349 ιι.
1395 5292 1466 5347 25
1488 5332 1501 5358 ,
1536 5290 1752 5348 emend.
1785 5304 1851 5346 ex
1892 5304 1993 5344 au-

419 5367 563 5440 togr.
584 5367 661 5424 Β.
694 5368 755 5440 Ρ.
795 5367 959 5421 Sirm.

490 5432 603 5511 (ὅθ)
644 5437 722 5508 Τῇ
760 5436 999 5509 γυναικὶ
1042 5437 1248 5493 αὑτοῦ.
1291 5436 1403 5504 AL,
1436 5435 1573 5508 πρὸς
1619 5432 1720 5504 τῆν
1759 5432 1994 5501 γυναῖκα

418 5509 604 5565 αὑτοῦ.

494 5589 509 5649 ι
517 5581 606 5652 51)
622 5580 770 5652 dlza
791 5578 1017 5652 σαρκὸς
1037 5574 1189 5652 εἶναι
1205 5575 1586 5652 προχωρήσῃ.
1607 5572 1753 5629 Edit.
1770 5570 1992 5644 Epipb.,‘

420 5645 598 5711 male;
614 5650 677 5720 δὴ
692 5645 909 5720 ⁷σαρκδς
925 5648 1010 5720 ,μὴ
1032 5645 1170 5720 εἶναι
1198 5645 1563 5720 προχωρησιςε

496 5720 610 5793 (52)
650 5713 847 5779 υλτοξτ.
894 5713 1203 5790 ΕιιἘρίριι.
1238 5713 1398 5784 ibid,
1442 5713 1498 5771 ιι.
1532 5714 1622 5783 43,
1665 5713 1881 5773 emend.
1926 5728 1993 5769 ex

2103 4529 2194 4583 διὰ
2222 4529 2323 4601 τῆς
2352 4528 2662 4592 ἀναλύσεως
2683 4526 2797 4599 (57)
2828 4524 2921 4580 τοῦ
2957 4524 3210 4598 σώματος
3244 4525 3277 4596 ἡ
3307 4522 3553 4596 ἁμαρτία
3580 4520 3691 4575 κά·-

2102 4620 2275 4677 τωθεν
2320 4619 2699 4693 αὑτόπρεμνος
2740 4619 2889 4673 πᾶσα
2934 4615 3243 4688 διαφθαρῇ,
3277 4613 3354 4678 ὡς
3398 4613 3535 4685 μηδὲ
3581 4612 3693 4668 κᾶν

1571 4786 1592 4816 ⁸
1616 4780 1814 4837 Matth.
1850 4796 1966 4847 χιιι,
1989 4780 2045 4850 4,
2081 4780 2135 4835 5.

2099 4934 2262 4991 codd.
2294 4932 2482 5005 Rupit,
2522 4938 2577 4988 et
2608 4930 2776 5005 Sirm,

2174 5006 2287 5077 (55)
2316 4993 2718 5077 ΑΣρνέσεσθαι.
2769 4998 2860 5055 Sic
2891 5000 3050 5077 edit._
3072 4999 3140 5055 At
3181 4996 3367 5069 Rupil.
3404 5003 3458 5053 et
3490 4993 3689 5063 Sirm.,

2106 5069 2474 5133 συνενοῦσθαι.
2507 5076 2699 5127 animm
2729 5088 2833 5126 non
2858 5069 3163 5126 uniendum.

2176 5147 2288 5216 (54)
2319 5146 2457 5201 Κατ’
2479 5143 2723 5216 αὐτοὺς,
2759 5142 3001 5216 φθορᾶς.
3039 5145 3204 5216 lmpr.
3234 5139 3375 5193 κατά
3394 5138 3523 5201 τοὺς
3553 5136 3693 5208 φθο-

2107 5212 2255 5288 ρέας,
2273 5212 2757 5288 ’ροντυριε.5ἰι·ιη.,
2786 5213 2882 5288 καὶ
2912 5212 3121 5266 ταυτοί.

2171 5277 2283 5359 (55)
2314 5289 2385 5341 El
2414 5277 2824 5352 ἀπολάϐωμεν.
2849 5283 3013 5353 lmpr.
3041 5291 3096 5337 et
3126 5279 3325 5347 Sirm.,
3347 5277 3696 5351 ἠνάπολαμρ

2098 5357 2349 5429 βάνομεν.

2175 5417 2297 5502 (ὃὸ)
2326 5429 2452 5502 "I_-ra
2478 5426 2628 5502 τοίν,
2664 5424 2743 5478 Ex
2776 5423 2970 5493 Epiph.
3006 5423 3042 5475 l.
3081 5438 3131 5477 c.
3162 5436 3316 5502 num.
3341 5420 3433 5486 2i,
3461 5417 3689 5474 emend.

2102 5515 2166 5557 ex
2185 5497 2323 5553 'cnil.
2354 5497 2567 5566 Rupit.
2602 5497 2657 5549 in
2679 5509 2789 5565 quo
2814 5502 2869 5550 et
2895 5509 3015 5566 quae
3044 5499 3369 5566 sequuntur:

2175 5569 2284 5641 (57)
2317 5568 2431 5641 Τῆς
2447 5558 2819 5641 ἀναλύσεως
2862 5558 2970 5620 τοῦ
3010 5558 3303 5634 σώματος.
3348 5560 3542 5632 lmpr.,
3587 5558 3696 5630 τῆς

2099 5636 2305 5719 λύσεως
2336 5636 2430 5694 καὶ
2460 5636 2789 5708 διαιρέσεως.
3456 5670 3461 5675 ,
