3864 6162
196 289 300 347 2C9

1267 287 1360 342 EX
1401 284 1608 343 LIBRO
1645 285 1734 341 DE
1773 279 2381 341 RESURRECTIONE.
2413 280 2424 290 ’

3351 280 3458 338 2'70

196 411 530 487 βραχύτατον
557 411 714 483 ῥίζης
737 411 964 483 ὲαθῆναι
994 411 1180 484 μέρος,
1208 410 1301 480 ἀφ’
1323 405 1384 465 οῦ
1407 411 1527 465 νέαι
1551 409 1776 480 βλάσται

1885 414 2165 478 peccatum
2197 405 2453 476 stirpitus
2483 411 2806 460 enecaretur
2830 442 2844 467 ,
2899 416 2963 456 ac
3007 417 3076 457 ne
3126 400 3462 456 tenuissimae

197 507 357 562 πάλιν
383 506 799 580 ἁμαρτημάτων
832 504 1262 570 ἁναϐλύζωνται.

261 685 339 737 E'.
377 682 646 753 Καθάπερ
673 680 808 753 (57‘)
836 681 946 753 γάρ
978 681 1035 733 ὲν
1067 680 1462 751 οἰκοδομήμασι
1495 679 1640 732 ναῶν
1676 695 1776 732 κα-

193 776 307 839 λοῖς
344 774 454 844 (58)
488 775 628 844 συκῆ
659 772 1000 844 γεννηθεῖσα,
1031 773 1126 827 καὶ
1156 775 1236 836 είς
1270 772 1526 826 ἔκστασιν
1553 772 1648 826 καὶ
1681 772 1776 842 μέ·-

188 867 350 937 γεθος
393 868 807 938 εὐτραφήσασα,
847 867 942 919 καὶ
991 866 1082 918 ἐπὶ
1133 864 1313 928 πάσας
1370 863 1469 928 τὰς
1512 864 1776 936 ἁρμονίας

189 959 431 1030 πολυκλη
441 959 631 1029 μάτοις
655 957 834 1028 ῥίζαις
855 957 964 1011 τῶν
983 957 1144 1011 λίθων
1166 957 1461 1029 κεχυμένη,
1492 958 1552 1010 οὐ
1579 959 1776 1030 πρότε-

193 1067 286 1122 ρον
309 1049 402 1102 τοῦ
427 1048 579 1117 φύειν
605 1048 901 1115 στέλλεται,
925 1049 1028 1112 ἕως
1048 1052 1198 1103 πᾶσα
1218 1048 1567 1120 ἀποσπασθῇ,
1593 1048 1778 1102 λυθέν-

189 1156 297 1192 των
327 1139 434 1192 τῶν
465 1140 588 1193 καθ’
632 1139 726 1203 οὓς
757 1140 1057 1210 ἐϐλάστησε
1089 1141 1286 1204 τόπους
1314 1139 1423 1194 τῶν
1455 1141 1646 1195 λίθων·
1688 1141 1778 1194 δυ-

189 1232 349 1284 νατὸν
379 1232 488 1300 γὰρ
509 1235 589 1296 είς
617 1232 741 1297 τοὺς
765 1232 973 1286 ἑαυτῶν
1003 1233 1404 1306 ὲναρμοσθῆναι
1426 1235 1626 1298 τόπους
1653 1235 1778 1297 τοὺς

189 1323 390 1388 λίθους,
419 1325 516 1394 τῆς
549 1324 722 1394 συκῆς
751 1323 1131 1396 ἀφῃρημένης,
1158 1326 1306 1387 ὅπως
1329 1327 1356 1378 ὁ
1387 1326 1486 1396 μὲν
1514 1326 1640 1388 ναὸς
1673 1325 1778 1378 σώ-

189 1419 372 1488 ζηται,
396 1417 562 1489 μηδὲν
587 1418 693 1469 τῶν
721 1416 1092 1486 ἀφανιζόντων
1124 1417 1285 1470 αὑτὸν
1313 1417 1498 1471 κακῶν
1520 1419 1576 1471 ἐν
1602 1417 1779 1489 ἑαυτῷ

193 1511 392 1582 μηκέτι
422 1510 602 1579 φέρων
624 1511 692 1580 ,ἠ
728 1509 783 1561 δὲ
810 1510 950 1579 συκῆ
979 1509 1342 1580 προθέλυμνος
1367 1509 1779 1564 ἀποσπασθεῖσα

187 1604 472 1676 ἀποθάνῃο
509 1603 647 1656 κατά
680 1602 852 1656 ταῦτα
878 1603 974 1656 καὶ
1000 1606 1028 1656 ὁ
1050 1603 1182 1664 Θεὸς
1203 1605 1231 1655 ὁ
1259 1602 1506 1674 τεχνίτης
1533 1603 1625 1656 τὸν
1654 1604 1780 1656 ἐαυ-

188 1696 282 1748 τοῦ
319 1694 448 1757 νεὼ,
494 1694 586 1748 τὸν
637 1694 944 1764 ἄνθρωπον,
990 1694 1145 1766 δίκην
1195 1695 1394 1766 ἀγρίας
1443 1694 1633 1765 συκῆς,
1679 1693 1778 1764 τὴν

189 1785 469 1856 ἁμαρτίαν
500 1783 895 1854 βλαστήσαντα,
925 1782 1218 1836 διεκώλυσε
1247 1783 1478 1838 θανάτου
1513 1783 1778 1853 προσκαί-
1809 1778 1850 1831 Β

192 1893 306 1948 pet;
339 1875 669 1946 προσϐολαῖς
690 1892 703 1905 °
730 1874 1089 1940 ἀποκτείνων,
1116 1875 1254 1928 κατά
1280 1877 1342 1929 τὸ
1369 1877 1774 1948 γεγραμμένον,

191 1971 285 2022 καὶ
314 1968 595 2034 ζωοποιῶν
615 1986 628 1998 ·
661 1969 748 2022 ἵνα
775 1968 935 2022 πάλιν
972 1968 1082 2021 τῶν
1113 1968 1292 2022 αὐτῶν
1331 1971 1365 2040 ἡ
1401 1966 1538 2040 σὰρξ
1573 1969 1775 2041 μερῶν,

193 2061 332 2132 μετά
362 2062 426 2115 τὸ
452 2061 782 2133 ξηρανθῆναι
812 2061 904 2115 καὶ
933 2061 1224 2115 ἀποθανεῖν
1254 2061 1313 2114 τὸ
1345 2061 1668 2133 ἁμάρτημα,
1699 2061 1778 2114 δί-

191 2169 296 2221 κην
325 2151 904 2222 ἁνακαινοποιηθέντος
935 2150 1086 2217 ναοῦ,
1120 2150 1389 2214 ἀθάνατος
1417 2152 1512 2204 καὶ
1541 2151 1778 2222 ἀπήμων

189 2245 416 2316 ἐγερθῇ,
465 2243 662 2308 τελέως
709 2246 773 2297 ὲκ
809 2244 1023 2316 βάθρων
1073 2243 1414 2314 ἀπολομένης
1454 2244 1552 2314 τῆς
1595 2244 1777 2314 ἁμαρ-

186 2338 330 2401 τίας.
368 2336 583 2401 Ζῶντος
615 2337 724 2409 γὰρ
763 2336 844 2390 ἔτι
883 2335 976 2390 τοῦ
1012 2335 1282 2408 σώματος,
1319 2335 1426 2408 πρὸ
1462 2334 1557 2388 τοῦ
1589 2335 1778 2407 τεθνή-

189 2431 409 2498 ξασθαι,
449 2430 615 2502 συζῇν
648 2431 861 2503 ἀνάγκη
895 2431 993 2484 καὶ
1022 2429 1120 2501 τὴν
1163 2428 1460 2501 ἁμαρτίαν,
1491 2428 1636 2482 ένδον
1682 2428 1778 2491 τάς

188 2522 348 2593 ῥίζας
375 2522 550 2592 αὐτῆς
581 2523 640 2574 ἐν
674 2524 806 2593 ἡμῖν
849 2521 1341 2593 ἀποκρύπτουσαν,
1382 2521 1430 2572 εί
1465 2519 1557 2570 καὶ
1581 2517 1778 2583 ἔξωθεν

184 2618 385 2686 τομαῖς
404 2618 529 2679 ταῖς
555 2615 662 2668 ἀπὸ
685 2614 792 2668 τῶν
817 2612 1210 2685 σωφρονισμῶν
1243 2611 1376 2682 (59),
1406 2610 1500 2663 καὶ
1522 2608 1630 2662 τῶν
1661 2625 1781 2662 νου-

185 2706 464 2778 θετήσεων
493 2706 860 2761 άνεστέλλετο.
909 2705 1062 2760 Ἐπεὶ
1094 2702 1187 2758 οὖν
1209 2705 1308 2757 οὐκ
1331 2702 1396 2757 ἂν
1423 2700 1561 2773 μετά
1582 2700 1642 2754 τὸ
1674 2719 1781 2769 φω-

184 2798 443 2869 τισθῆναι
490 2798 804 2852 συνέϐαινεν
843 2798 1070 2861 ἀδικεῖν,
1115 2797 1211 2850 ἁτε
1250 2797 1594 2850 παντάπασιν
1646 2795 1778 2847 εἰλι-

186 2890 393 2964 κρινῶς
414 2891 777 2963 ἀφῃρημένης
808 2890 900 2958 ἀφ’
935 2889 1092 2961 ἡμῶν
1124 2889 1226 2960 τῆς
1257 2887 1549 2960 ἁμαρτίας.
1581 2886 1696 2940 Νῦν
1723 2886 1780 2940 δὲ

181 2987 281 3040 καὶ
323 2984 463 3056 μετά
492 2984 554 3038 τὸ
591 2983 909 3049 πιστεῦσαι,
945 2984 1042 3036 καὶ
1071 2984 1163 3035 ἐπὶ
1194 2983 1255 3036 τὺ
1295 2981 1440 3054 ὕδωρ
1481 2981 1654 3035 ἐλθεῖν
1686 2979 1780 3034 τοῦ

184 3076 488 3148 ἁγιασμοῦ,
526 3076 784 3140 πολλάκις
807 3078 863 3129 ὲν
889 3074 1184 3146 ἁμαρτίαις
1209 3074 1362 3138 ὅντες
1385 3073 1777 3146 εὑρισκόμεθα.

185 3169 379 3230 Οὐδεὶς
417 3167 528 3239 γάρ
557 3167 728 3232 οὕτως
755 3169 1030 3239 ἁμαρτίας
1065 3167 1221 3229 ἐκτὸς
1250 3162 1389 3220 εἶναι
1420 3167 1776 3237 καυχήσεται,

186 3259 263 3322 ὡς
291 3259 430 3331 μηδὲ
451 3259 556 3312 κᾶν
575 3259 943 3330 ἐνθυμηθῆναι
962 3259 1022 3310 τὺ
1039 3257 1253 3311 σύνολον
1269 3257 1404 3321 ὅλως
1425 3256 1520 3328 τὴν
1542 3257 1776 3310 ἀδικίαν.

188 3350 355 3401 Ὥστε
393 3349 713 3420 συμϐέϐηκε
743 3349 854 3421 (60)
891 3349 1275 3402 συστέλλεσθαι
1308 3350 1426 3416 μὲν,
1469 3349 1564 3402 καὶ
1587 3365 1781 3402 κατευο

184 3441 452 3506 νίζεσθαι
478 3444 545 3512 τῇ
576 3441 758 3495 πίστει
781 3440 877 3494 νῦν
905 3442 1004 3512 τὴν
1030 3441 1328 3513 ἁμαρτίαν,
1364 3443 1444 3506 είς
1476 3441 1538 3494 τὸ
1573 3442 1646 3514 μὴ
1680 3439 1782 3510 φύ-

187 3547 280 3586 σαι
318 3531 433 3603 (61)
468 3535 717 3604 καρποὺς
759 3531 1133 3601 βλαϐοποιοὺς,
1169 3533 1230 3586 οὐ
1279 3531 1384 3604 μὴν
1431 3530 1782 3602 ἀνασπασθῆ-

187 3644 279 3679 ναι
331 3626 430 3679 καὶ
471 3624 582 3678 τῶν
625 3623 790 3696 ῥιζῶν
848 3625 1028 3696 ἄχρις.
1073 3625 1188 3679 Νῦν
1238 3626 1334 3696 μὲν
1394 3624 1629 3678 ἐνταῦθα
1682 3626 1782 3689 τὰς

191 3720 432 3790 βλάστας
470 3717 662 3785 αὐτῆς,
709 3712 820 3771 οἷον
863 3703 985 3780 τὰς’
1009 3717 1338 3789 ἐνθυμήσεις
1392 3717 1491 3782 τὰς
1515 3719 1776 3790 πονηρὰς,

192 3810 582 3880 συστέλλομεν,
627 3810 699 3880 μή
743 3827 828 3872 τις
865 3810 990 3880 ῥίζα
1019 3810 1245 3882 πικρίας
1278 3810 1390 3864 άνω
1448 3809 1654 3880 φύουσα
1694 3814 1780 3864 ὲν-

189 3901 426 3974 οχλήσῃ,
474 3902 548 3972 μὴ
580 3902 776 3961 ἐῶντες
803 3901 1090 3972 ἁναμύειν,
1112 3903 1206 3955 καὶ
1239 3902 1566 3971 διοίγνυσθαι
1593 3902 1662 3955 τά
1687 3920 1806 3974 μεοι

194 3995 412 4064 μυκότα
440 3995 637 4065 στόμια
670 3994 807 4064 πρὸς
847 3993 945 4057 τὰς
977 3996 1268 4063 ἐκφύσειςο
1314 3994 1409 4048 τοῦ
1437 3997 1593 4064 λόγου
1627 3996 1783 4064 δίκην

192 4086 387 4156 ἀξίνης
437 4085 573 4152 πρὸς
617 4086 716 4149 τὰς
764 4085 918 4156 ῥίζας
961 4086 1132 4155 αὐτῆς
1175 4087 1273 4149 τὰς
1309 4087 1458 4140 κάτω
1508 4088 1783 4158 φυομένας

192 4178 512 4248 τέμνοντος.
548 4179 681 4232 Τότε
726 4179 820 4232 καὶ
864 4179 924 4232 τὸ
966 4179 1103 4244 ὅλως
1148 4178 1620 4250 ὲνθυμηθήσεσθαι
1655 4179 1783 4251 περὶ

193 4270 400 4334 κακίας
428 4271 877 4342 ἀφανισθήσεται.

1875 499 2099 570 quidem
2130 497 2279 552 ﬁbrae
2317 505 2685 560 remanerent,
2717 494 2863 550 unde
2893 508 3036 549 nova
3073 493 3306 550 subinde
3335 507 3459 564 ger-

1875 591 2024 645 mina
2061 598 2410 660 peccatorum
2453 598 2823 657 erumperent.

1948 682 2016 737 Υ.
2064 681 2135 737 Ut
2164 682 2309 737 enim
2344 681 2651 753 magniﬁcis
2684 681 3010 752 templorum
3053 681 3344 737 structuris
3369 696 3463 737 ca-

1876 771 2103 841 priﬁcus
2135 787 2410 835 crescens,
2449 782 2614 841 atque
2641 772 2694 825 in
2730 771 3021 826 maximam
3044 771 3462 842 amplitudinem

1879 864 2222 932 adolescens,
2258 871 2312 919 et
2339 861 2735 934 multiplicibus
2785 864 3030 919 radicum
3085 865 3326 921 brachiis
3364 881 3460 936 per

1878 972 2071 1014 omnes
2097 957 2336 1028 lapidum
2368 957 2566 1012 diﬁ'usa
2592 972 2903 1028 compages,
2934 973 3042 1013 non
3074 959 3230 1027 prius
3274 974 3464 1014 excre-

1879 1065 2034 1105 scere
2068 1065 2134 1106 ac
2187 1051 2454 1120 pullulare
2511 1050 2732 1114 desinit,
2765 1065 2931 1120 quam
2981 1050 3228 1120 disjectis
3286 1068 3350 1106 ex
3398 1067 3464 1108 eo

1879 1142 2026 1198 unde
2056 1152 2216 1199 enata
2256 1155 2341 1201 est
2397 1145 2516 1199 loco
2561 1145 2853 1214 lapidibus,
2886 1152 2999 1199 tota
3027 1145 3248 1215 penitus
3276 1146 3465 1200 evulsa

1880 1237 2138 1292 concidat
2169 1255 2182 1291 :
2221 1245 2337 1292 tum
2370 1238 2538 1305 enim,
2571 1239 2785 1293 sublata
2801 1238 3080 1308 capriﬁco,
3107 1239 3318 1307 lapides
3349 1238 3464 1294 suis

1882 1328 2018 1383 locis
2046 1336 2279 1398 possunt
2302 1329 2539 1392 restitui,
2579 1334 2639 1382 ut
2672 1336 2725 1384 et
2749 1329 3008 1399 templum
3035 1331 3210 1399 ipsum
3248 1329 3462 1384 incolu-

1880 1436 1967 1476 me
1995 1428 2266 1488 servetur,
2313 1437 2437 1475 cum
2473 1421 2682 1475 nullum
2737 1422 2970 1491 amplius
3025 1437 3092 1476 ex
3139 1423 3209 1477 iis
3266 1422 3466 1492 quibus

1881 1514 2250 1580 evertebatur,
2282 1514 2645 1568 incommodis
2671 1514 2898 1579 habeat;
2928 1514 3217 1584 capriﬁcus
3236 1532 3366 1571 vero
3398 1518 3467 1571 ab

1881 1609 2009 1663 imis
2048 1609 2332 1664 radicibus
2361 1609 2550 1664 evulsa
2582 1610 2892 1664 moriatur:
2926 1609 2993 1662 ad
3027 1609 3276 1664 eumdem
3307 1611 3469 1680 plane

1883 1701 2105 1755 modum
2135 1700 2327 1755 artifex
2361 1700 2452 1755 ille
2479 1699 2646 1764 Deus,
2673 1701 2935 1771 templum
2959 1716 3141 1766 suum,
3167 1703 3464 1765 hominem,

1881 1793 1972 1860 qui
2003 1799 2309 1863 peccatum,
2339 1791 2582 1862 capriﬁci
2640 1792 2926 1861 cujusdam
2973 1792 3166 1854 instar,
3195 1792 3471 1861 produxec

1879 1893 1984 1949 rat,
2035 1886 2226 1939 mortis
2287 1883 2355 1938 ad
2407 1893 2621 1954 tempus
2677 1884 3074 1954 impressione,
3114 1884 3470 1942 fruticatione

1880 1977 2114 2031 inhibuit
2161 1976 2271 2047 (6'5)
2301 1996 2314 2028 :
2351 1980 2445 2046 qui
2465 1976 2620 2045 juxta
2649 1977 2794 2047 quod
2819 1978 3080 2047 scriptum
3115 1985 3199 2033 est
3221 1979 3287 2042 ¹⁰,
3319 1981 3468 2033 occi-

1879 2067 1974 2120 dat
2006 2075 2060 2121 et
2085 2067 2270 2121 vivere
2294 2067 2493 2122 faciat:
2522 2077 2581 2120 ut
2617 2067 2812 2121 iisdem
2845 2067 3093 2137 partibus
3111 2084 3260 2132 caro,
3288 2070 3470 2124 exsic-

1880 2159 2004 2210 cato
2050 2155 2523 2227 intermortuoque
2549 2165 2796 2226 peccato,
2831 2157 2978 2211 velut
3007 2159 3261 2226 templum
3293 2157 3471 2228 quod-

1880 2248 2004 2302 dam
2032 2248 2419 2313 instauratum,
2455 2250 2781 2305 immortalis
2816 2250 3094 2320 illaesaque
3114 2289 3129 2313 ,
3186 2251 3405 2306 sublato
3436 2267 3467 2305 a

1881 2337 2252 2395 fundamentis
2315 2340 2712 2412 proﬁigatoque
2790 2349 3055 2412 peccato,
3136 2352 3468 2414 resurgeret.

1880 2433 2094 2488 Etenim
2123 2433 2365 2504 quandiu
2397 2449 2597 2503 corpus
2640 2433 2794 2498 vivit,
2829 2449 2932 2488 nec
2978 2433 3156 2488 adhuc
3187 2447 3466 2490 mortuum

1880 2535 1994 2592 εει,
2028 2541 2152 2580 cum
2181 2541 2248 2581 80
2272 2527 2455 2581 vivere
2483 2534 2770 2596 peccatum
2823 2541 3049 2581 necesse
3107 2532 3224 2590 est,
3277 2535 3332 2580 et
3368 2541 3468 2580 OC-

1881 2617 2058 2670 cultas
2093 2617 2148 2670 in
2181 2617 2342 2671 nobis
2376 2616 2592 2672 radices
2624 2633 2819 2686 agere,
2855 2617 3208 2686 quantumvis
3236 2617 3462 2685 quibus-

1881 2706 2008 2761 dam
2035 2708 2186 2762 velut
2215 2707 2634 2777 castigationum
2683 2707 3278 2777 reprehensionumque
3307 2717 3467 2778 puta-

1880 2796 2122 2852 tionibus
2157 2804 2499 2851 coerceatur.
2557 2795 2812 2866 Alioquin
2837 2805 2959 2864 post
2985 2796 3314 2866 baptismum
3342 2799 3468 2850 nul-

1883 2890 1994 2943 lum
2026 2890 2139 2959 jam
2169 2890 2351 2944 scelus
2396 2895 2810 2958 perpetramus,
2863 2896 3215 2961 posteaquam
3276 2906 3471 2959 pecca-

1882 2989 1998 3036 tum
2029 2995 2061 3034 a
2088 2980 2249 3035 nobis
2289 2981 2540 3036 funditus
2583 2987 2728 3035 esset
2760 2979 3055 3034 sublatum.
3106 2981 3266 3052 Atqui
3301 2983 3469 3035 etiam

1881 3083 2004 3145 post
2025 3081 2334 3142 susceptam
2369 3073 2548 3136 ﬁdem,
2573 3088 2638 3128 ac
2676 3080 2964 3144 postquam
2998 3073 3064 3128 ad
3098 3088 3293 3142 aquam
3320 3073 3469 3126 illam

1885 3166 2319 3223 sanctiﬁcantem
2351 3167 2721 3234 accessimus,
2777 3169 2918 3236 saepe
2969 3166 3209 3236 peccatis
3245 3165 3467 3219 obnoxii

1885 3259 2216 3314 invenimur.
2253 3257 2442 3328 Neque
2473 3260 2618 3314 enim
2647 3258 2783 3314 adeo
2809 3274 2868 3314 se
2902 3260 3199 3313 immunem
3222 3258 3290 3311 ab
3319 3257 3468 3311 omni

1885 3357 2110 3421 peccato
2143 3349 2367 3420 gloriari
2395 3349 2667 3419 quispiam
2706 3356 2906 3417 potest,
2945 3358 3003 3402 ut
3029 3364 3098 3403 ne
3136 3349 3469 3418 cogitatione

1887 3441 2105 3512 quidem
2161 3441 2342 3496 scelus
2391 3441 2562 3494 ullum
2597 3439 2866 3494 admittat.
2899 3439 3079 3506 Quare
3137 3439 3368 3504 accidit,
3407 3448 3470 3494 ut

1888 3533 2051 3587 modo
2075 3531 2295 3603 quidem
2344 3541 2630 3601 peccatum
2685 3532 2790 3587 ﬁde
2827 3533 3156 3603 reprimatur
3187 3539 3239 3586 et
3268 3546 3471 3586 conso-

1887 3625 2088 3696 piatur,
2121 3632 2180 3679 ut
2205 3641 2274 3680 ne
2298 3625 2639 3695 perniciosos
2682 3624 2895 3679 fructus
2937 3625 3189 3690 emittat;
3231 3638 3341 3677 non
3386 3632 3470 3678 ta-

1887 3733 2011 3772 men
2030 3727 2087 3771 ut
2109 3719 2333 3772 omnino
2366 3733 2431 3772 ac
2459 3717 2726 3773 radicitus
2749 3717 3152 3787 exstinguatur.
3168 3716 3462 3783 Quocirca,

1885 3825 2033 3864 nunc
2061 3810 2280 3880 quidem
2312 3810 2459 3866 illius
2493 3809 2757 3880 germina,
2791 3824 2990 3880 pravas
3035 3809 3293 3862 nimirum
3323 3809 3473 3878 cogi-

1884 3902 2139 3966 tationes,
2175 3902 2518 3969 inhibemus;
2551 3919 2613 3956 ne
2632 3919 2734 3974 qua
2764 3901 2924 3954 radix
2951 3900 3327 3953 amaritudinis
3355 3917 3472 3953 sur-

1885 4009 2002 4046 sum
2035 3994 2333 4063 germinans
2362 3994 2425 4058 “,
2458 3994 2764 4048 molestiam
2814 3992 2973 4047 nobis
3015 3993 3204 4046 ail‘erat
3231 4007 3243 4042 :
3275 4006 3338 4046 ac
3369 4006 3472 4047 nec

1887 4095 2102 4156 apertas
2136 4086 2201 4140 ad
2244 4086 2620 4156 pullulandqu
2672 4087 2786 4140 vias
2833 4102 2896 4140 ac
2933 4087 3266 4156 spiramenta
3304 4084 3463 4139 dehi-

1875 4193 2042 4234 scere
2069 4195 2132 4233 ac
2157 4179 2403 4249 pateﬁeri
2454 4180 2687 4234 sinimus
2709 4219 2722 4242 ,
2765 4179 2950 4234 divino
2983 4179 3162 4233 Verbo
3187 4217 3204 4242 ,
3261 4178 3472 4233 securis

1887 4272 2084 4334 instar,
2119 4269 2442 4326 fruticantes
2488 4270 2781 4325 identidem
2835 4271 2905 4324 ab
2935 4269 3118 4324 radice
3147 4270 3347 4338 stirpes
3372 4284 3468 4323 ex-

193 4364 437 4420 cidente.
469 4365 540 4417 At
581 4364 636 4417 in
669 4362 855 4417 futuro
881 4363 974 4417 illo
1003 4369 1174 4428 statu,
1207 4363 1337 4416 mali
1360 4363 1540 4418 omnis
1567 4362 1652 4416 vel
1681 4361 1865 4416 futura
1897 4362 2163 4432 cogitatio
2202 4363 2448 4416 tolletur.

270 4455 363 4520 ς’.
404 4453 542 4527 Φέρε
574 4453 684 4526 (62)
721 4454 848 4526 γάρ,
885 4455 1106 4508 ὲπειδὰν
1142 4454 1349 4507 πολλῶν
1381 4455 1461 4507 δεῖ
1490 4454 1598 4508 τῶν
1651 4454 1779 4525 περὶ

1956 4455 2046 4509 Ἦ.
2089 4456 2201 4525 Age
2228 4455 2398 4521 enim,
2425 4455 2684 4525 quoniam
2706 4455 2894 4508 multis
2918 4469 3101 4508 rerum
3132 4451 3471 4522 ejuscemodi

190 4546 269 4600 τά
313 4547 537 4600 τοιαῦτα
577 4547 1056 4619 παραδειγμάτων,
1086 4546 1336 4600 ἐντεῦθεν
1369 4546 1507 4600 αὑτά
1549 4545 1782 4616 μάλιστα

197 4638 596 4710 σκεπτὼμεθα,
641 4639 716 4710 μὴ
766 4639 1125 4710 ἀφιστάμενοι
1168 4640 1295 4710 πρὶν
1331 4639 1396 4692 ἂν
1443 4641 1523 4701 είς
1569 4638 1786 4710 εὑδηλο-

191 4731 372 4802 τέραν
414 4731 710 4803 ἑρμηνείαν
765 4731 1183 4802 ἀποτελευτήσει
1211 4731 1302 4783 καὶ
1333 4729 1603 4796 ἀπόδειξιν
1637 4733 1664 4782 ὁ
1695 4730 1784 4783 λό-

190 4838 317 4892 γος.
344 4824 597 4876 Φαίνεται
626 4824 804 4878 τοίνυν
828 4823 1015 4895 ὥσπερ
1045 4822 1098 4875 εί
1128 4841 1209 4886 τις
1238 4822 1570 4894 δημιουργὸς
1595 4823 1782 4894 ἄκρος,

275 5021 325 5052 ³⁸
345 5020 502 5076 Deut.
534 5036 707 5086 xxxn,
743 5023 830 5078 '59.
896 5023 937 5054 “
979 5020 1112 5077 Heb.
1142 5037 1241 5088 xu,
1277 5021 1331 5078 5.

274 5201 418 5273 (ΞΤ)
448 5202 677 5258 Καθάπ.
714 5202 793 5258 Ex
812 5201 1164 5273 Epiph._ha:l:.
1190 5217 1247 5256 n.
1270 5201 1359 5255 ‘25.

274 5271 658 5346 (ξ8)’Καλοῖς.
692 5271 1096 5346 Ιῗιιϋμξκζιλῶνζ
1119 5271 1350 5346 Etrnox,
1382 5271 1781 5346 εὐτροξρήσασα.

303 5343 394 5409 59)
427 5345 884 5412 Σωφρενισμῶν.
925 5344 1024 5398 Ms.
1060 5341 1272 5412 Rupili,
1303 5341 1616 5413 συμφορῶν.

298 5413 389 5478 ϐυ)
424 5411 785 5482 Συμϐἐϐηκε.
838 5413 1004 5478 Edit.,
1033 5411 1350 5483 συνέστηκε.
1380 5411 1500 5466 Μοὴ
1523 5427 1624 5483 pro
1651 5429 1787 5465 κατ·

187 5482 548 5549 ευνάζεσθαι,
572 5487 696 5539 cod.
734 5484 912 5554 Rup.L
931 5482 1300 5548 κατευνάζειν.

272 5556 355 5624 (61
369 5561 387 5624 )
425 5556 637 5608 φῦσαι.
667 5550 835 5616 Εᾱίι.,
864 5550 1027 5624 οίσαι.

272 5623 386 5694 (62)
422 5625 588 5693 Φέρε,
624 5643 677 5677 κ.
708 5643 757 5678 τ.
794 5625 842 5679 λ.
873 5625 946 5678 Ex
983 5623 1179 5694 Epipb.
1215 5641 1272 5678 n.
1300 5625 1390 5679 27.

275 5692 389 5766 (65)
423 5692 788 5748 Fraticatione
859 5692 1104 5749 inhibuit:
1131 5695 1454 5760 Διεκώλυσε,
1475 5710 1670 5766 nempe
1691 5692 1786 5748 τοῦ

189 5767 547 5837 βλαστάνειν.
577 5767 700 5821 Alia
738 5767 897 5824 lectio
924 5767 1194 5839 Epiphan.
1229 5767 1435 5822 διέλυσε
1459 5767 1623 5824 etiam
1652 5782 1785 5822 con-

1889 4548 2152 4617 exemplis
2179 4561 2318 4617 Opus
2353 4555 2438 4602 est
2471 4546 2584 4619 (64)
2606 4587 2622 4613 ,
2673 4547 2798 4602 hinc
2827 4547 3172 4617 potissimum
3205 4547 3309 4600 ista
3341 4561 3475 4599 con-

1892 4641 2230 4708 sideremus;
2264 4657 2440 4712 neque
2488 4643 2641 4710 prius
2672 4641 2739 4694 ab
2770 4656 2835 4694 eo
2864 4646 3186 4710 argumento
3223 4638 3474 4693 disceda-

1894 4748 2018 4787 mus
2041 4772 2055 4797 ,
2097 4748 2260 4802 quam
2294 4734 2348 4787 in
2381 4734 2664 4787 clariorem
2697 4732 3116 4801 explicationem
3151 4747 3214 4785 ac
3271 4731 3472 4800 proba-

1894 4824 2094 4879 tionem
2144 4832 2334 4880 nostra
2381 4824 2603 4881 desierit
2643 4824 2839 4880 oratio.
2871 4823 3102 4879 Perinde
3149 4825 3311 4894 igitur
3334 4839 3472 4877 con-

1931 5199 2058 5254 ruit.

1893 5216 2080 5341 εῃξθῗί)
2115 5268 2604 5341 ραοηίαηιίιηιιιιίξ
2630 5285 2825 5341 rerum
2873 5268 3193 5341 ejuscemodi
3223 5271 3474 5339 exemplis

1895 5338 2022 5410 opus
2055 5338 2153 5413 est.
2203 5340 2461 5413 Ἐπειδὰν
2482 5338 2692 5413 πολλῶν
2721 5341 2801 5392 δεῖ
2835 5339 2945 5413 τῶν
2979 5341 3108 5413 περὶ
3143 5341 3210 5413 τὰ
3253 5338 3477 5413 τοιαῦτα

1895 5408 2376 5482 παραδειγμάτων.
2420 5408 2695 5482 Transitio
2728 5419 2811 5482 est
2848 5412 2917 5462 ab
2955 5408 3204 5479 exemplo
3230 5412 3472 5481 capriﬁci

1894 5491 1949 5537 et
1980 5482 2166 5551 templi
2201 5481 2268 5533 ad
2297 5481 2600 5550 exemplum
2637 5481 2836 5545 simile,
2869 5481 2985 5534 vitii
3015 5482 3282 5550 labisque,
3320 5491 3372 5536 et
3398 5486 3475 5536 si-

1892 5552 2160 5619 mulacri;
2203 5551 2260 5606 in
2290 5551 2488 5621 quibus
2519 5553 2786 5606 ambobus
2819 5551 3029 5607 destrui
3067 5561 3315 5620 oporteat
3343 5554 3471 5607 Sub-

1894 5623 2092 5690 jectum
2120 5624 2315 5678 iterum
2343 5624 2779 5684 instaurandum,
2804 5632 2863 5676 ut
2885 5632 3071 5692 pereat
3099 5624 3242 5691 quod
3275 5625 3472 5674 malum

1892 5695 2147 5749 accessit.
2175 5696 2290 5747 Non
2315 5695 2449 5748 satis
2480 5695 2689 5748 videtur
2719 5694 3025 5762 exprimere
3056 5697 3322 5760 interpres
3353 5693 3475 5762 lipio

1891 5765 2076 5835 phanii
2107 5785 2120 5821 :
2151 5764 2414 5832 Quoniam
2445 5765 2622 5821 multis
2653 5765 2719 5819 ad
2753 5763 2807 5818 id
2837 5765 3087 5836 eaeittplis
3115 5781 3240 5833 opus
3259 5772 3367 5823 .cst.
