  <div class='ocr_page' id='page_1' title='image "/cluster/home/n/w/nwhite01/storage/ocr_20150623/18/nnc1.0046978550/143.png"; bbox 0 0 3864 6162; ppageno 0'>
   <div class='ocr_carea' id='block_1_1' title="bbox 413 272 514 328">
    <p class='ocr_par' dir='ltr' id='par_1_1' title="bbox 413 272 514 328">
     <span class='ocr_line' id='line_1_1' title="bbox 413 272 514 328; baseline -0.02 -1"><span class='ocrx_word' id='word_1_1' title='bbox 413 272 514 328; x_wconf 71' lang='grc'><strong>971</strong></span> 
     </span>
    </p>
   </div>
   <div class='ocr_carea' id='block_1_2' title="bbox 1379 257 2712 329">
    <p class='ocr_par' dir='ltr' id='par_1_2' title="bbox 1379 257 2712 329">
     <span class='ocr_line' id='line_1_2' title="bbox 1379 257 2712 329; baseline 0.003 -4"><span class='ocrx_word' id='word_1_2' title='bbox 1379 269 1437 327; x_wconf 90' lang='lat' dir='ltr'><strong>s.</strong></span> <span class='ocrx_word' id='word_1_3' title='bbox 1479 268 1815 328; x_wconf 74' lang='lat' dir='ltr'><strong>mamoou</strong></span> <span class='ocrx_word' id='word_1_4' title='bbox 1851 268 2165 327; x_wconf 84' lang='lat' dir='ltr'><strong>EPlSCOPl</strong></span> <span class='ocrx_word' id='word_1_5' title='bbox 2197 269 2289 326; x_wconf 88' lang='lat' dir='ltr'><strong>ET</strong></span> <span class='ocrx_word' id='word_1_6' title='bbox 2328 257 2712 329; x_wconf 71' lang='lat' dir='ltr'><strong>marinus</strong></span> 
     </span>
    </p>
   </div>
   <div class='ocr_carea' id='block_1_3' title="bbox 3566 279 3669 337">
    <p class='ocr_par' dir='ltr' id='par_1_3' title="bbox 3566 279 3669 337">
     <span class='ocr_line' id='line_1_3' title="bbox 3566 279 3669 337; baseline -0.039 0"><span class='ocrx_word' id='word_1_7' title='bbox 3566 279 3669 337; x_wconf 76' lang='grc'><strong>279.</strong></span> 
     </span>
    </p>
   </div>
   <div class='ocr_carea' id='block_1_4' title="bbox 414 385 1982 470">
    <p class='ocr_par' dir='ltr' id='par_1_4' title="bbox 414 386 1982 461">
     <span class='ocr_line' id='line_1_4' title="bbox 414 386 1982 461; baseline -0.003 -17"><span class='ocrx_word' id='word_1_8' title='bbox 414 390 607 461; x_wconf 81' lang='lat' dir='ltr'><strong>tigisse</strong></span> <span class='ocrx_word' id='word_1_9' title='bbox 636 387 770 444; x_wconf 77' lang='lat' dir='ltr'><strong>mihi</strong></span> <span class='ocrx_word' id='word_1_10' title='bbox 806 388 1025 446; x_wconf 89' lang='lat' dir='ltr'><strong>videtur</strong></span> <span class='ocrx_word' id='word_1_11' title='bbox 1046 429 1061 456; x_wconf 93' lang='lat'><strong>,</strong></span> <span class='ocrx_word' id='word_1_12' title='bbox 1115 403 1181 444; x_wconf 89' lang='lat' dir='ltr'><strong>ac</strong></span> <span class='ocrx_word' id='word_1_13' title='bbox 1233 386 1281 445; x_wconf 90' lang='lat' dir='ltr'><strong>si</strong></span> <span class='ocrx_word' id='word_1_14' title='bbox 1327 388 1695 460; x_wconf 78' lang='lat' dir='ltr'><strong>peritissimus</strong></span> <span class='ocrx_word' id='word_1_15' title='bbox 1722 387 1982 458; x_wconf 82' lang='lat' dir='ltr'><strong>quispiam</strong></span> 
     </span>
    </p>
   </div>
   <div class='ocr_carea' id='block_1_5' title="bbox 2092 385 3667 470">
    <p class='ocr_par' dir='ltr' id='par_1_5' title="bbox 2094 385 3667 470">
     <span class='ocr_line' id='line_1_5' title="bbox 2094 385 3667 470; baseline 0.007 -31"><span class='ocrx_word' id='word_1_16' title='bbox 2094 385 2317 458; x_wconf 81' lang='grc' dir='ltr'>ἄγαλμα</span> <span class='ocrx_word' id='word_1_17' title='bbox 2347 387 2510 442; x_wconf 85' lang='grc' dir='ltr'>καλὸν</span> <span class='ocrx_word' id='word_1_18' title='bbox 2539 388 2648 443; x_wconf 84' lang='grc' dir='ltr'><strong>ἀπὸ</strong></span> <span class='ocrx_word' id='word_1_19' title='bbox 2682 388 2885 462; x_wconf 79' lang='grc' dir='ltr'>χρυσοῦ</span> <span class='ocrx_word' id='word_1_20' title='bbox 2929 389 3041 463; x_wconf 89' lang='grc'>(66)</span> <span class='ocrx_word' id='word_1_21' title='bbox 3089 395 3594 466; x_wconf 72' lang='grc' dir='ltr'><strong>κατεσκευασμένον</strong></span> <span class='ocrx_word' id='word_1_22' title='bbox 3632 398 3667 470; x_wconf 73' lang='grc' dir='ltr'><strong>η</strong></span> 
     </span>
    </p>
   </div>
   <div class='ocr_carea' id='block_1_6' title="bbox 414 482 1988 553">
    <p class='ocr_par' dir='ltr' id='par_1_6' title="bbox 414 482 1988 553">
     <span class='ocr_line' id='line_1_6' title="bbox 414 482 1988 553; baseline -0.003 -15"><span class='ocrx_word' id='word_1_23' title='bbox 414 483 607 539; x_wconf 75' lang='lat' dir='ltr'><strong>artifex</strong></span> <span class='ocrx_word' id='word_1_24' title='bbox 634 483 910 553; x_wconf 77' lang='lat' dir='ltr'><strong>egregiam</strong></span> <span class='ocrx_word' id='word_1_25' title='bbox 946 497 1014 538; x_wconf 78' lang='lat' dir='ltr'><strong>ex</strong></span> <span class='ocrx_word' id='word_1_26' title='bbox 1037 496 1174 537; x_wconf 89' lang='lat' dir='ltr'><strong>auro</strong></span> <span class='ocrx_word' id='word_1_27' title='bbox 1201 482 1287 537; x_wconf 88' lang='lat' dir='ltr'><strong>vel</strong></span> <span class='ocrx_word' id='word_1_28' title='bbox 1316 482 1422 535; x_wconf 88' lang='lat' dir='ltr'><strong>alia</strong></span> <span class='ocrx_word' id='word_1_29' title='bbox 1470 482 1701 536; x_wconf 90' lang='lat' dir='ltr'><strong>materia</strong></span> <span class='ocrx_word' id='word_1_30' title='bbox 1748 491 1988 537; x_wconf 90' lang='lat' dir='ltr'><strong>statuam</strong></span> 
     </span>
    </p>
   </div>
   <div class='ocr_carea' id='block_1_7' title="bbox 412 573 1977 641">
    <p class='ocr_par' dir='ltr' id='par_1_7' title="bbox 412 573 1977 641">
     <span class='ocr_line' id='line_1_7' title="bbox 412 573 1977 641; baseline -0.003 -9"><span class='ocrx_word' id='word_1_31' title='bbox 412 592 444 632; x_wconf 87' lang='lat' dir='ltr'><strong>a</strong></span> <span class='ocrx_word' id='word_1_32' title='bbox 467 593 527 634; x_wconf 88' lang='lat' dir='ltr'><strong>se</strong></span> <span class='ocrx_word' id='word_1_33' title='bbox 554 576 895 641; x_wconf 85' lang='lat' dir='ltr'><strong>fabricatam,</strong></span> <span class='ocrx_word' id='word_1_34' title='bbox 926 591 991 630; x_wconf 92' lang='lat' dir='ltr'><strong>ac</strong></span> <span class='ocrx_word' id='word_1_35' title='bbox 1013 575 1273 631; x_wconf 79' lang='lat' dir='ltr'><strong>membris</strong></span> <span class='ocrx_word' id='word_1_36' title='bbox 1298 574 1554 631; x_wconf 87' lang='lat' dir='ltr'><strong>omnibus</strong></span> <span class='ocrx_word' id='word_1_37' title='bbox 1580 574 1848 630; x_wconf 92' lang='lat' dir='ltr'><strong>concinne</strong></span> <span class='ocrx_word' id='word_1_38' title='bbox 1879 573 1977 629; x_wconf 89' lang='lat' dir='ltr'><strong>ele-</strong></span> 
     </span>
    </p>
   </div>
   <div class='ocr_carea' id='block_1_8' title="bbox 408 665 1990 743">
    <p class='ocr_par' dir='ltr' id='par_1_8' title="bbox 408 665 1990 743">
     <span class='ocr_line' id='line_1_8' title="bbox 408 665 1990 743; baseline -0.003 -19"><span class='ocrx_word' id='word_1_39' title='bbox 408 681 708 743; x_wconf 70' lang='lat' dir='ltr'><strong>ganterque</strong></span> <span class='ocrx_word' id='word_1_40' title='bbox 732 669 1076 741; x_wconf 87' lang='lat' dir='ltr'><strong>perpolitam,</strong></span> <span class='ocrx_word' id='word_1_41' title='bbox 1110 669 1337 724; x_wconf 85' lang='lat' dir='ltr'><strong>alteram</strong></span> <span class='ocrx_word' id='word_1_42' title='bbox 1366 666 1596 735; x_wconf 87' lang='lat' dir='ltr'><strong>conﬁet;</strong></span> <span class='ocrx_word' id='word_1_43' title='bbox 1631 667 1725 723; x_wconf 89' lang='lat' dir='ltr'><strong>ubi</strong></span> <span class='ocrx_word' id='word_1_44' title='bbox 1756 665 1990 721; x_wconf 83' lang='lat' dir='ltr'><strong>subinde</strong></span> 
     </span>
    </p>
   </div>
   <div class='ocr_carea' id='block_1_9' title="bbox 410 757 1988 833">
    <p class='ocr_par' dir='ltr' id='par_1_9' title="bbox 410 757 1988 833">
     <span class='ocr_line' id='line_1_9' title="bbox 410 757 1988 833; baseline -0.004 -16"><span class='ocrx_word' id='word_1_45' title='bbox 410 777 444 817; x_wconf 92' lang='lat' dir='ltr'><strong>a</strong></span> <span class='ocrx_word' id='word_1_46' title='bbox 503 762 840 833; x_wconf 88' lang='lat' dir='ltr'><strong>nequissimo</strong></span> <span class='ocrx_word' id='word_1_47' title='bbox 889 760 1073 830; x_wconf 85' lang='lat' dir='ltr'><strong>aliquo</strong></span> <span class='ocrx_word' id='word_1_48' title='bbox 1128 760 1390 816; x_wconf 65' lang='lat' dir='ltr'><strong>faedatam</strong></span> <span class='ocrx_word' id='word_1_49' title='bbox 1445 758 1856 824; x_wconf 89' lang='lat' dir='ltr'><strong>animadvertit,</strong></span> <span class='ocrx_word' id='word_1_50' title='bbox 1892 757 1988 828; x_wconf 88' lang='lat' dir='ltr'><strong>qui</strong></span> 
     </span>
    </p>
   </div>
   <div class='ocr_carea' id='block_1_10' title="bbox 409 848 1989 924">
    <p class='ocr_par' dir='ltr' id='par_1_10' title="bbox 409 848 1989 924">
     <span class='ocr_line' id='line_1_10' title="bbox 409 848 1989 924; baseline -0.003 -16"><span class='ocrx_word' id='word_1_51' title='bbox 409 854 555 909; x_wconf 89' lang='lat' dir='ltr'><strong>hanc</strong></span> <span class='ocrx_word' id='word_1_52' title='bbox 610 860 803 909; x_wconf 68' lang='lat' dir='ltr'><strong>statuae</strong></span> <span class='ocrx_word' id='word_1_53' title='bbox 837 852 1301 923; x_wconf 90' lang='lat' dir='ltr'><strong>pulchritudinem</strong></span> <span class='ocrx_word' id='word_1_54' title='bbox 1354 868 1466 924; x_wconf 67' lang='lat' dir='ltr'><strong>prae</strong></span> <span class='ocrx_word' id='word_1_55' title='bbox 1512 852 1718 908; x_wconf 86' lang='lat' dir='ltr'><strong>invidia</strong></span> <span class='ocrx_word' id='word_1_56' title='bbox 1750 865 1862 906; x_wconf 92' lang='lat' dir='ltr'><strong>non</strong></span> <span class='ocrx_word' id='word_1_57' title='bbox 1907 848 1989 904; x_wconf 86' lang='lat' dir='ltr'><strong>fc-</strong></span> 
     </span>
    </p>
   </div>
   <div class='ocr_carea' id='block_1_11' title="bbox 407 943 1987 1015">
    <p class='ocr_par' dir='ltr' id='par_1_11' title="bbox 407 943 1987 1015">
     <span class='ocr_line' id='line_1_11' title="bbox 407 943 1987 1015; baseline -0.004 -14"><span class='ocrx_word' id='word_1_58' title='bbox 407 962 558 1011; x_wconf 90' lang='lat' dir='ltr'><strong>rens,</strong></span> <span class='ocrx_word' id='word_1_59' title='bbox 586 946 763 1001; x_wconf 88' lang='lat' dir='ltr'><strong>labem</strong></span> <span class='ocrx_word' id='word_1_60' title='bbox 791 945 1054 1015; x_wconf 85' lang='lat' dir='ltr'><strong>aliquam,</strong></span> <span class='ocrx_word' id='word_1_61' title='bbox 1078 944 1296 1000; x_wconf 87' lang='lat' dir='ltr'><strong>inanem</strong></span> <span class='ocrx_word' id='word_1_62' title='bbox 1325 960 1393 1001; x_wconf 78' lang='lat' dir='ltr'><strong>ex</strong></span> <span class='ocrx_word' id='word_1_63' title='bbox 1422 943 1628 999; x_wconf 88' lang='lat' dir='ltr'><strong>invidia</strong></span> <span class='ocrx_word' id='word_1_64' title='bbox 1652 943 1987 1013; x_wconf 88' lang='lat' dir='ltr'><strong>voluptatem</strong></span> 
     </span>
    </p>
   </div>
   <div class='ocr_carea' id='block_1_12' title="bbox 405 1035 1987 1110">
    <p class='ocr_par' dir='ltr' id='par_1_12' title="bbox 405 1035 1987 1110">
     <span class='ocr_line' id='line_1_12' title="bbox 405 1035 1987 1110; baseline -0.004 -15"><span class='ocrx_word' id='word_1_65' title='bbox 405 1050 783 1110; x_wconf 85' lang='lat' dir='ltr'><strong>percepturus,</strong></span> <span class='ocrx_word' id='word_1_66' title='bbox 829 1038 1095 1095; x_wconf 87' lang='lat' dir='ltr'><strong>intulerit.</strong></span> <span class='ocrx_word' id='word_1_67' title='bbox 1130 1038 1517 1094; x_wconf 84' lang='lat' dir='ltr'><strong>Animadverte</strong></span> <span class='ocrx_word' id='word_1_68' title='bbox 1561 1037 1730 1100; x_wconf 89' lang='lat' dir='ltr'><strong>enim,</strong></span> <span class='ocrx_word' id='word_1_69' title='bbox 1768 1035 1987 1106; x_wconf 88' lang='lat' dir='ltr'><strong>sapien-</strong></span> 
     </span>
    </p>
   </div>
   <div class='ocr_carea' id='block_1_13' title="bbox 404 1127 1987 1202">
    <p class='ocr_par' dir='ltr' id='par_1_13' title="bbox 404 1127 1987 1202">
     <span class='ocr_line' id='line_1_13' title="bbox 404 1127 1987 1202; baseline -0.003 -17"><span class='ocrx_word' id='word_1_70' title='bbox 404 1132 620 1187; x_wconf 80' lang='lat' dir='ltr'><strong>tissime</strong></span> <span class='ocrx_word' id='word_1_71' title='bbox 644 1130 1004 1202; x_wconf 79' lang='lat' dir='ltr'><strong>Aglaophon:</strong></span> <span class='ocrx_word' id='word_1_72' title='bbox 1056 1128 1114 1185; x_wconf 89' lang='lat' dir='ltr'><strong>Si</strong></span> <span class='ocrx_word' id='word_1_73' title='bbox 1155 1131 1305 1185; x_wconf 89' lang='lat' dir='ltr'><strong>nullo</strong></span> <span class='ocrx_word' id='word_1_74' title='bbox 1341 1145 1570 1202; x_wconf 85' lang='lat' dir='ltr'><strong>prorsus</strong></span> <span class='ocrx_word' id='word_1_75' title='bbox 1604 1127 1768 1183; x_wconf 88' lang='lat' dir='ltr'><strong>modo</strong></span> <span class='ocrx_word' id='word_1_76' title='bbox 1799 1127 1987 1183; x_wconf 90' lang='lat' dir='ltr'><strong>volue-</strong></span> 
     </span>
    </p>
   </div>
   <div class='ocr_carea' id='block_1_14' title="bbox 404 1222 1985 1301">
    <p class='ocr_par' dir='ltr' id='par_1_14' title="bbox 404 1222 1985 1301">
     <span class='ocr_line' id='line_1_14' title="bbox 404 1222 1985 1301; baseline -0.004 -23"><span class='ocrx_word' id='word_1_77' title='bbox 404 1224 479 1278; x_wconf 86' lang='lat' dir='ltr'><strong>rit</strong></span> <span class='ocrx_word' id='word_1_78' title='bbox 511 1222 707 1279; x_wconf 80' lang='lat' dir='ltr'><strong>artifex</strong></span> <span class='ocrx_word' id='word_1_79' title='bbox 729 1223 931 1278; x_wconf 89' lang='lat' dir='ltr'><strong>habere</strong></span> <span class='ocrx_word' id='word_1_80' title='bbox 959 1223 1303 1293; x_wconf 88' lang='lat' dir='ltr'><strong>deturpatam</strong></span> <span class='ocrx_word' id='word_1_81' title='bbox 1341 1231 1580 1280; x_wconf 90' lang='lat' dir='ltr'><strong>statuam</strong></span> <span class='ocrx_word' id='word_1_82' title='bbox 1629 1236 1795 1293; x_wconf 82' lang='lat' dir='ltr'><strong>quam</strong></span> <span class='ocrx_word' id='word_1_83' title='bbox 1831 1225 1985 1301; x_wconf 86' lang='lat' dir='ltr'><strong>tanto</strong></span> 
     </span>
    </p>
   </div>
   <div class='ocr_carea' id='block_1_15' title="bbox 407 1309 1986 1388">
    <p class='ocr_par' dir='ltr' id='par_1_15' title="bbox 407 1309 1986 1388">
     <span class='ocr_line' id='line_1_15' title="bbox 407 1309 1986 1388; baseline -0.006 -16"><span class='ocrx_word' id='word_1_84' title='bbox 407 1315 590 1372; x_wconf 90' lang='lat' dir='ltr'><strong>studio</strong></span> <span class='ocrx_word' id='word_1_85' title='bbox 622 1316 1000 1388; x_wconf 78' lang='lat' dir='ltr'><strong>elegantiaque</strong></span> <span class='ocrx_word' id='word_1_86' title='bbox 1024 1315 1347 1381; x_wconf 86' lang='lat' dir='ltr'><strong>elaboravit,</strong></span> <span class='ocrx_word' id='word_1_87' title='bbox 1383 1330 1603 1371; x_wconf 86' lang='lat' dir='ltr'><strong>rursum</strong></span> <span class='ocrx_word' id='word_1_88' title='bbox 1644 1313 1804 1384; x_wconf 84' lang='lat' dir='ltr'><strong>plane</strong></span> <span class='ocrx_word' id='word_1_89' title='bbox 1825 1309 1986 1365; x_wconf 87' lang='lat' dir='ltr'><strong>indu-</strong></span> 
     </span>
    </p>
   </div>
   <div class='ocr_carea' id='block_1_16' title="bbox 402 1404 1985 1475">
    <p class='ocr_par' dir='ltr' id='par_1_16' title="bbox 402 1404 1985 1475">
     <span class='ocr_line' id='line_1_16' title="bbox 402 1404 1985 1475; baseline -0.004 -13"><span class='ocrx_word' id='word_1_90' title='bbox 402 1416 489 1463; x_wconf 90' lang='lat' dir='ltr'><strong>cet</strong></span> <span class='ocrx_word' id='word_1_91' title='bbox 518 1408 573 1462; x_wconf 89' lang='lat' dir='ltr'><strong>in</strong></span> <span class='ocrx_word' id='word_1_92' title='bbox 607 1408 871 1471; x_wconf 90' lang='lat' dir='ltr'><strong>animum,</strong></span> <span class='ocrx_word' id='word_1_93' title='bbox 904 1415 964 1461; x_wconf 92' lang='lat' dir='ltr'><strong>ut</strong></span> <span class='ocrx_word' id='word_1_94' title='bbox 1008 1407 1297 1463; x_wconf 83' lang='lat' dir='ltr'><strong>conﬂatam</strong></span> <span class='ocrx_word' id='word_1_95' title='bbox 1355 1406 1544 1472; x_wconf 90' lang='lat' dir='ltr'><strong>illam,</strong></span> <span class='ocrx_word' id='word_1_96' title='bbox 1594 1404 1775 1475; x_wconf 89' lang='lat' dir='ltr'><strong>qualis</strong></span> <span class='ocrx_word' id='word_1_97' title='bbox 1823 1409 1985 1456; x_wconf 88' lang='lat' dir='ltr'><strong>antea</strong></span> 
     </span>
    </p>
   </div>
   <div class='ocr_carea' id='block_1_17' title="bbox 402 1492 1985 1565">
    <p class='ocr_par' dir='ltr' id='par_1_17' title="bbox 402 1492 1985 1565">
     <span class='ocr_line' id='line_1_17' title="bbox 402 1492 1985 1565; baseline -0.006 -11"><span class='ocrx_word' id='word_1_98' title='bbox 402 1507 542 1564; x_wconf 86' lang='lat' dir='ltr'><strong>erat,</strong></span> <span class='ocrx_word' id='word_1_99' title='bbox 565 1498 794 1553; x_wconf 87' lang='lat' dir='ltr'><strong>reﬁciat.</strong></span> <span class='ocrx_word' id='word_1_100' title='bbox 831 1496 989 1563; x_wconf 85' lang='lat' dir='ltr'><strong>Quod</strong></span> <span class='ocrx_word' id='word_1_101' title='bbox 1036 1498 1084 1553; x_wconf 88' lang='lat' dir='ltr'><strong>si</strong></span> <span class='ocrx_word' id='word_1_102' title='bbox 1111 1497 1340 1553; x_wconf 91' lang='lat' dir='ltr'><strong>fundere</strong></span> <span class='ocrx_word' id='word_1_103' title='bbox 1365 1498 1567 1560; x_wconf 88' lang='lat' dir='ltr'><strong>denuo,</strong></span> <span class='ocrx_word' id='word_1_104' title='bbox 1599 1505 1764 1565; x_wconf 91' lang='lat' dir='ltr'><strong>atque</strong></span> <span class='ocrx_word' id='word_1_105' title='bbox 1793 1493 1862 1548; x_wconf 90' lang='lat' dir='ltr'><strong>ab</strong></span> <span class='ocrx_word' id='word_1_106' title='bbox 1899 1492 1985 1546; x_wconf 91' lang='lat' dir='ltr'><strong>in-</strong></span> 
     </span>
    </p>
   </div>
   <div class='ocr_carea' id='block_1_18' title="bbox 402 1586 1986 1660">
    <p class='ocr_par' dir='ltr' id='par_1_18' title="bbox 402 1586 1986 1660">
     <span class='ocr_line' id='line_1_18' title="bbox 402 1586 1986 1660; baseline -0.004 -15"><span class='ocrx_word' id='word_1_107' title='bbox 402 1600 558 1660; x_wconf 77' lang='lat' dir='ltr'><strong>tegro</strong></span> <span class='ocrx_word' id='word_1_108' title='bbox 589 1590 879 1646; x_wconf 85' lang='lat' dir='ltr'><strong>restituere</strong></span> <span class='ocrx_word' id='word_1_109' title='bbox 908 1596 962 1645; x_wconf 89' lang='lat' dir='ltr'><strong>et</strong></span> <span class='ocrx_word' id='word_1_110' title='bbox 985 1589 1294 1645; x_wconf 87' lang='lat' dir='ltr'><strong>instaurare</strong></span> <span class='ocrx_word' id='word_1_111' title='bbox 1321 1605 1431 1645; x_wconf 89' lang='lat' dir='ltr'><strong>non</strong></span> <span class='ocrx_word' id='word_1_112' title='bbox 1458 1590 1667 1660; x_wconf 85' lang='lat' dir='ltr'><strong>placeat</strong></span> <span class='ocrx_word' id='word_1_113' title='bbox 1698 1607 1711 1642; x_wconf 92' lang='lat'><strong>:</strong></span> <span class='ocrx_word' id='word_1_114' title='bbox 1748 1586 1844 1644; x_wconf 89' lang='lat' dir='ltr'><strong>sed</strong></span> <span class='ocrx_word' id='word_1_115' title='bbox 1872 1598 1986 1639; x_wconf 89' lang='lat' dir='ltr'><strong>me-</strong></span> 
     </span>
    </p>
   </div>
   <div class='ocr_carea' id='block_1_19' title="bbox 403 1681 1985 1755">
    <p class='ocr_par' dir='ltr' id='par_1_19' title="bbox 403 1681 1985 1755">
     <span class='ocr_line' id='line_1_19' title="bbox 403 1681 1985 1755; baseline -0.004 -15"><span class='ocrx_word' id='word_1_116' title='bbox 403 1684 594 1740; x_wconf 91' lang='lat' dir='ltr'><strong>dicans</strong></span> <span class='ocrx_word' id='word_1_117' title='bbox 613 1692 828 1738; x_wconf 88' lang='lat' dir='ltr'><strong>tantum</strong></span> <span class='ocrx_word' id='word_1_118' title='bbox 856 1693 910 1738; x_wconf 91' lang='lat' dir='ltr'><strong>et</strong></span> <span class='ocrx_word' id='word_1_119' title='bbox 930 1686 1231 1755; x_wconf 80' lang='lat' dir='ltr'><strong>corrigens,</strong></span> <span class='ocrx_word' id='word_1_120' title='bbox 1264 1687 1337 1740; x_wconf 90' lang='lat' dir='ltr'><strong>ita</strong></span> <span class='ocrx_word' id='word_1_121' title='bbox 1360 1686 1438 1740; x_wconf 91' lang='lat' dir='ltr'><strong>uti</strong></span> <span class='ocrx_word' id='word_1_122' title='bbox 1465 1702 1525 1741; x_wconf 90' lang='lat' dir='ltr'><strong>se</strong></span> <span class='ocrx_word' id='word_1_123' title='bbox 1569 1685 1770 1748; x_wconf 88' lang='lat' dir='ltr'><strong>habet,</strong></span> <span class='ocrx_word' id='word_1_124' title='bbox 1817 1681 1985 1737; x_wconf 88' lang='lat' dir='ltr'><strong>relin-</strong></span> 
     </span>
    </p>
   </div>
   <div class='ocr_carea' id='block_1_20' title="bbox 2098 478 3669 560">
    <p class='ocr_par' dir='ltr' id='par_1_20' title="bbox 2098 478 3669 560">
     <span class='ocr_line' id='line_1_20' title="bbox 2098 478 3669 560; baseline 0.007 -30"><span class='ocrx_word' id='word_1_125' title='bbox 2098 478 2229 550; x_wconf 81' lang='grc' dir='ltr'>ὖλης</span> <span class='ocrx_word' id='word_1_126' title='bbox 2267 479 2457 552; x_wconf 76' lang='grc' dir='ltr'>ἐτέρας</span> <span class='ocrx_word' id='word_1_127' title='bbox 2501 478 2668 551; x_wconf 81' lang='grc' dir='ltr'>αὐτῷ,</span> <span class='ocrx_word' id='word_1_128' title='bbox 2702 480 2798 534; x_wconf 74' lang='grc' dir='ltr'>καὶ</span> <span class='ocrx_word' id='word_1_129' title='bbox 2840 482 3017 538; x_wconf 83' lang='grc' dir='ltr'>πάντα</span> <span class='ocrx_word' id='word_1_130' title='bbox 3049 484 3117 538; x_wconf 85' lang='grc' dir='ltr'><strong>τὰ</strong></span> <span class='ocrx_word' id='word_1_131' title='bbox 3161 485 3294 556; x_wconf 87' lang='grc' dir='ltr'>μέλη</span> <span class='ocrx_word' id='word_1_132' title='bbox 3346 488 3669 560; x_wconf 78' lang='grc' dir='ltr'><strong>συμμέτρως</strong></span> 
     </span>
    </p>
   </div>
   <div class='ocr_carea' id='block_1_21' title="bbox 2095 572 3669 655">
    <p class='ocr_par' dir='ltr' id='par_1_21' title="bbox 2095 572 3669 655">
     <span class='ocr_line' id='line_1_21' title="bbox 2095 572 3669 655; baseline 0.006 -30"><span class='ocrx_word' id='word_1_133' title='bbox 2095 573 2175 636; x_wconf 87' lang='grc' dir='ltr'>εἰς</span> <span class='ocrx_word' id='word_1_134' title='bbox 2202 572 2394 637; x_wconf 80' lang='grc' dir='ltr'>κάλλος</span> <span class='ocrx_word' id='word_1_135' title='bbox 2424 574 2945 647; x_wconf 85' lang='grc' dir='ltr'><strong>διακεκοσμημένον,</strong></span> <span class='ocrx_word' id='word_1_136' title='bbox 2974 577 3135 631; x_wconf 83' lang='grc' dir='ltr'>πάλιν</span> <span class='ocrx_word' id='word_1_137' title='bbox 3158 579 3410 651; x_wconf 73' lang='grc' dir='ltr'>χωνεύοι,</span> <span class='ocrx_word' id='word_1_138' title='bbox 3435 580 3669 655; x_wconf 77' lang='grc' dir='ltr'>λελωϐη-</span> 
     </span>
    </p>
   </div>
   <div class='ocr_carea' id='block_1_22' title="bbox 2098 664 3669 745">
    <p class='ocr_par' dir='ltr' id='par_1_22' title="bbox 2098 664 3669 745">
     <span class='ocr_line' id='line_1_22' title="bbox 2098 664 3669 745; baseline 0.006 -29"><span class='ocrx_word' id='word_1_139' title='bbox 2098 664 2257 735; x_wconf 83' lang='grc' dir='ltr'>μένον</span> <span class='ocrx_word' id='word_1_140' title='bbox 2283 666 2438 734; x_wconf 80' lang='grc' dir='ltr'>ἇφνω</span> <span class='ocrx_word' id='word_1_141' title='bbox 2468 666 2802 736; x_wconf 78' lang='grc' dir='ltr'>θεασάμενος</span> <span class='ocrx_word' id='word_1_142' title='bbox 2829 668 2933 721; x_wconf 83' lang='grc' dir='ltr'><strong>ὑπό</strong></span> <span class='ocrx_word' id='word_1_143' title='bbox 2953 684 3098 733; x_wconf 86' lang='grc' dir='ltr'>τινος</span> <span class='ocrx_word' id='word_1_144' title='bbox 3120 668 3408 743; x_wconf 82' lang='grc' dir='ltr'>ἀνθρώπου</span> <span class='ocrx_word' id='word_1_145' title='bbox 3441 689 3669 745; x_wconf 87' lang='grc' dir='ltr'>πονηρο-</span> 
     </span>
    </p>
   </div>
   <div class='ocr_carea' id='block_1_23' title="bbox 2093 756 3666 834">
    <p class='ocr_par' dir='ltr' id='par_1_23' title="bbox 2093 756 3666 834">
     <span class='ocr_line' id='line_1_23' title="bbox 2093 756 3666 834; baseline 0.006 -24"><span class='ocrx_word' id='word_1_146' title='bbox 2093 756 2279 820; x_wconf 75' lang='grc' dir='ltr'>τάτου,</span> <span class='ocrx_word' id='word_1_147' title='bbox 2311 757 2372 823; x_wconf 83' lang='grc' dir='ltr'>ὃς</span> <span class='ocrx_word' id='word_1_148' title='bbox 2406 760 2507 813; x_wconf 81' lang='grc' dir='ltr'><strong>οὐκ</strong></span> <span class='ocrx_word' id='word_1_149' title='bbox 2544 758 2783 828; x_wconf 79' lang='grc' dir='ltr'>ἐνεγκὼν</span> <span class='ocrx_word' id='word_1_150' title='bbox 2811 760 2916 815; x_wconf 82' lang='grc' dir='ltr'><strong>ὑπὸ</strong></span> <span class='ocrx_word' id='word_1_151' title='bbox 2949 760 3249 830; x_wconf 82' lang='grc' dir='ltr'>βασκανίας</span> <span class='ocrx_word' id='word_1_152' title='bbox 3277 762 3553 834; x_wconf 82' lang='grc' dir='ltr'>εὐπρεπὲς</span> <span class='ocrx_word' id='word_1_153' title='bbox 3587 761 3666 819; x_wconf 76' lang='grc' dir='ltr'>εί-</span> 
     </span>
    </p>
   </div>
   <div class='ocr_carea' id='block_1_24' title="bbox 2094 849 3669 928">
    <p class='ocr_par' dir='ltr' id='par_1_24' title="bbox 2094 849 3669 928">
     <span class='ocr_line' id='line_1_24' title="bbox 2094 849 3669 928; baseline 0.005 -25"><span class='ocrx_word' id='word_1_154' title='bbox 2094 866 2181 904; x_wconf 91' lang='grc' dir='ltr'><strong>ναι</strong></span> <span class='ocrx_word' id='word_1_155' title='bbox 2234 849 2295 903; x_wconf 87' lang='grc' dir='ltr'>τὺ</span> <span class='ocrx_word' id='word_1_156' title='bbox 2332 849 2572 921; x_wconf 80' lang='grc' dir='ltr'>ἄγαλμα,</span> <span class='ocrx_word' id='word_1_157' title='bbox 2628 852 2861 919; x_wconf 77' lang='grc' dir='ltr'>ὲσίνατο,</span> <span class='ocrx_word' id='word_1_158' title='bbox 2917 853 3151 923; x_wconf 79' lang='grc' dir='ltr'>ματαίαν</span> <span class='ocrx_word' id='word_1_159' title='bbox 3190 854 3381 927; x_wconf 82' lang='grc' dir='ltr'>ἡδονὴν</span> <span class='ocrx_word' id='word_1_160' title='bbox 3425 857 3669 928; x_wconf 81' lang='grc' dir='ltr'>καρπού-</span> 
     </span>
    </p>
   </div>
   <div class='ocr_carea' id='block_1_25' title="bbox 2096 942 3665 1018">
    <p class='ocr_par' dir='ltr' id='par_1_25' title="bbox 2096 942 3665 1018">
     <span class='ocr_line' id='line_1_25' title="bbox 2096 942 3665 1018; baseline 0.006 -24"><span class='ocrx_word' id='word_1_161' title='bbox 2096 959 2256 1012; x_wconf 81' lang='grc' dir='ltr'>μενος</span> <span class='ocrx_word' id='word_1_162' title='bbox 2290 942 2400 1013; x_wconf 87' lang='grc'>(67)</span> <span class='ocrx_word' id='word_1_163' title='bbox 2439 945 2534 997; x_wconf 82' lang='grc' dir='ltr'><strong>τοῢ</strong></span> <span class='ocrx_word' id='word_1_164' title='bbox 2576 943 2790 1015; x_wconf 79' lang='grc' dir='ltr'>φθόνου.</span> <span class='ocrx_word' id='word_1_165' title='bbox 2838 946 3084 1016; x_wconf 87' lang='grc' dir='ltr'>Πρόσχες</span> <span class='ocrx_word' id='word_1_166' title='bbox 3117 946 3246 1018; x_wconf 80' lang='grc' dir='ltr'>γὰρ,</span> <span class='ocrx_word' id='word_1_167' title='bbox 3294 942 3340 1003; x_wconf 81' lang='grc' dir='ltr'><strong>ὦ</strong></span> <span class='ocrx_word' id='word_1_168' title='bbox 3392 949 3665 1017; x_wconf 80' lang='grc' dir='ltr'>σοφώτατε</span> 
     </span>
    </p>
   </div>
   <div class='ocr_carea' id='block_1_26' title="bbox 2105 1029 3666 1112">
    <p class='ocr_par' dir='ltr' id='par_1_26' title="bbox 2105 1029 3666 1112">
     <span class='ocr_line' id='line_1_26' title="bbox 2105 1029 3666 1112; baseline 0.008 -29"><span class='ocrx_word' id='word_1_169' title='bbox 2105 1029 2434 1101; x_wconf 79' lang='grc' dir='ltr'>Ἀγλαοφῶν,</span> <span class='ocrx_word' id='word_1_170' title='bbox 2484 1033 2588 1098; x_wconf 83' lang='grc' dir='ltr'>ὅτι,</span> <span class='ocrx_word' id='word_1_171' title='bbox 2622 1034 2681 1087; x_wconf 77' lang='grc' dir='ltr'><strong>εί</strong></span> <span class='ocrx_word' id='word_1_172' title='bbox 2738 1033 2979 1105; x_wconf 79' lang='grc' dir='ltr'>βούλοιτο</span> <span class='ocrx_word' id='word_1_173' title='bbox 3020 1036 3092 1107; x_wconf 83' lang='grc' dir='ltr'>μὴ</span> <span class='ocrx_word' id='word_1_174' title='bbox 3131 1032 3271 1092; x_wconf 75' lang='grc' dir='ltr'>εἶναι</span> <span class='ocrx_word' id='word_1_175' title='bbox 3312 1040 3666 1112; x_wconf 86' lang='grc' dir='ltr'>σεσινωμένον</span> 
     </span>
    </p>
   </div>
   <div class='ocr_carea' id='block_1_27' title="bbox 2090 1122 3663 1206">
    <p class='ocr_par' dir='ltr' id='par_1_27' title="bbox 2090 1122 3663 1206">
     <span class='ocr_line' id='line_1_27' title="bbox 2090 1122 3663 1206; baseline 0.008 -30"><span class='ocrx_word' id='word_1_176' title='bbox 2090 1122 2226 1186; x_wconf 80' lang='grc' dir='ltr'>ὅλως</span> <span class='ocrx_word' id='word_1_177' title='bbox 2270 1126 2299 1177; x_wconf 88' lang='grc' dir='ltr'><strong>ό</strong></span> <span class='ocrx_word' id='word_1_178' title='bbox 2343 1126 2670 1197; x_wconf 84' lang='grc' dir='ltr'>δημιουργὸς</span> <span class='ocrx_word' id='word_1_179' title='bbox 2723 1129 2817 1184; x_wconf 74' lang='grc' dir='ltr'><strong>καὶ</strong></span> <span class='ocrx_word' id='word_1_180' title='bbox 2863 1129 3061 1198; x_wconf 81' lang='grc' dir='ltr'>ψεκτὸν</span> <span class='ocrx_word' id='word_1_181' title='bbox 3116 1132 3178 1186; x_wconf 84' lang='grc' dir='ltr'><strong>τὸ</strong></span> <span class='ocrx_word' id='word_1_182' title='bbox 3225 1132 3362 1201; x_wconf 87' lang='grc' dir='ltr'>μετὰ</span> <span class='ocrx_word' id='word_1_183' title='bbox 3399 1134 3663 1206; x_wconf 60' lang='grc' dir='ltr'>τοσαύτην,</span> 
     </span>
    </p>
   </div>
   <div class='ocr_carea' id='block_1_28' title="bbox 2088 1216 3663 1299">
    <p class='ocr_par' dir='ltr' id='par_1_28' title="bbox 2088 1216 3663 1299">
     <span class='ocr_line' id='line_1_28' title="bbox 2088 1216 3663 1299; baseline 0.008 -31"><span class='ocrx_word' id='word_1_184' title='bbox 2088 1216 2239 1287; x_wconf 74' lang='grc' dir='ltr'>αὐτῷ</span> <span class='ocrx_word' id='word_1_185' title='bbox 2278 1218 2513 1288; x_wconf 84' lang='grc' dir='ltr'>σπουδῆς</span> <span class='ocrx_word' id='word_1_186' title='bbox 2553 1236 2613 1271; x_wconf 88' lang='grc' dir='ltr'><strong>τε</strong></span> <span class='ocrx_word' id='word_1_187' title='bbox 2656 1220 2752 1273; x_wconf 79' lang='grc' dir='ltr'><strong>καὶ</strong></span> <span class='ocrx_word' id='word_1_188' title='bbox 2798 1223 3074 1291; x_wconf 80' lang='grc' dir='ltr'>φροντίδος</span> <span class='ocrx_word' id='word_1_189' title='bbox 3121 1225 3494 1296; x_wconf 86' lang='grc' dir='ltr'>πεπονημένον</span> <span class='ocrx_word' id='word_1_190' title='bbox 3528 1225 3663 1299; x_wconf 88' lang='grc'>(68),</span> 
     </span>
    </p>
   </div>
   <div class='ocr_carea' id='block_1_29' title="bbox 2091 1307 3666 1386">
    <p class='ocr_par' dir='ltr' id='par_1_29' title="bbox 2091 1307 3666 1386">
     <span class='ocr_line' id='line_1_29' title="bbox 2091 1307 3666 1386; baseline 0.008 -25"><span class='ocrx_word' id='word_1_191' title='bbox 2091 1307 2252 1362; x_wconf 87' lang='grc' dir='ltr'>πάλιν</span> <span class='ocrx_word' id='word_1_192' title='bbox 2306 1313 2754 1383; x_wconf 82' lang='grc' dir='ltr'>προτραπήσεται</span> <span class='ocrx_word' id='word_1_193' title='bbox 2811 1315 3192 1386; x_wconf 78' lang='grc' dir='ltr'>συγχωνεύσας</span> <span class='ocrx_word' id='word_1_194' title='bbox 3252 1318 3403 1383; x_wconf 75' lang='grc' dir='ltr'>αὐτὸ,</span> <span class='ocrx_word' id='word_1_195' title='bbox 3456 1318 3666 1373; x_wconf 71' lang='grc' dir='ltr'>τοιοᾶτο</span> 
     </span>
    </p>
   </div>
   <div class='ocr_carea' id='block_1_30' title="bbox 2092 1394 3661 1480">
    <p class='ocr_par' dir='ltr' id='par_1_30' title="bbox 2092 1394 3661 1480">
     <span class='ocr_line' id='line_1_30' title="bbox 2092 1394 3661 1480; baseline 0.008 -29"><span class='ocrx_word' id='word_1_196' title='bbox 2092 1401 2285 1464; x_wconf 88' lang='grc' dir='ltr'>ποιεῖν,</span> <span class='ocrx_word' id='word_1_197' title='bbox 2316 1394 2427 1454; x_wconf 75' lang='grc' dir='ltr'>οἷον</span> <span class='ocrx_word' id='word_1_198' title='bbox 2461 1403 2554 1455; x_wconf 73' lang='grc' dir='ltr'><strong>καὶ</strong></span> <span class='ocrx_word' id='word_1_199' title='bbox 2579 1403 2813 1473; x_wconf 84' lang='grc' dir='ltr'>πρόσθεν</span> <span class='ocrx_word' id='word_1_200' title='bbox 2845 1400 2934 1476; x_wconf 79' lang='grc' dir='ltr'><strong>ῆν.</strong></span> <span class='ocrx_word' id='word_1_201' title='bbox 2977 1406 3039 1459; x_wconf 84' lang='grc' dir='ltr'>Εἰ</span> <span class='ocrx_word' id='word_1_202' title='bbox 3086 1406 3142 1459; x_wconf 83' lang='grc' dir='ltr'>δὲ</span> <span class='ocrx_word' id='word_1_203' title='bbox 3191 1407 3266 1479; x_wconf 81' lang='grc' dir='ltr'><strong>μῆ</strong></span> <span class='ocrx_word' id='word_1_204' title='bbox 3312 1409 3661 1480; x_wconf 80' lang='grc' dir='ltr'>ὰναχωνεύοι,</span> 
     </span>
    </p>
   </div>
   <div class='ocr_carea' id='block_1_31' title="bbox 2093 1490 3665 1573">
    <p class='ocr_par' dir='ltr' id='par_1_31' title="bbox 2093 1490 3665 1573">
     <span class='ocr_line' id='line_1_31' title="bbox 2093 1490 3665 1573; baseline 0.008 -31"><span class='ocrx_word' id='word_1_205' title='bbox 2093 1490 2227 1561; x_wconf 84' lang='grc' dir='ltr'>μηδὲ</span> <span class='ocrx_word' id='word_1_206' title='bbox 2259 1491 2615 1557; x_wconf 77' lang='grc' dir='ltr'>ἀνασκευάζοι</span> <span class='ocrx_word' id='word_1_207' title='bbox 2658 1494 2786 1565; x_wconf 89' lang='grc'><strong>(69),</strong></span> <span class='ocrx_word' id='word_1_208' title='bbox 2812 1497 2897 1566; x_wconf 83' lang='grc' dir='ltr'><strong>(ἐᾷ</strong></span> <span class='ocrx_word' id='word_1_209' title='bbox 2944 1495 2999 1549; x_wconf 84' lang='grc' dir='ltr'>δὲ</span> <span class='ocrx_word' id='word_1_210' title='bbox 3030 1496 3202 1562; x_wconf 79' lang='grc' dir='ltr'>οὕτως</span> <span class='ocrx_word' id='word_1_211' title='bbox 3249 1498 3453 1571; x_wconf 86' lang='grc' dir='ltr'>μένειν)</span> <span class='ocrx_word' id='word_1_212' title='bbox 3504 1499 3665 1573; x_wconf 89' lang='grc' dir='ltr'>θερα-</span> 
     </span>
    </p>
   </div>
   <div class='ocr_carea' id='block_1_32' title="bbox 2091 1581 3667 1666">
    <p class='ocr_par' dir='ltr' id='par_1_32' title="bbox 2091 1581 3667 1666">
     <span class='ocr_line' id='line_1_32' title="bbox 2091 1581 3667 1666; baseline 0.008 -32"><span class='ocrx_word' id='word_1_213' title='bbox 2091 1581 2271 1637; x_wconf 81' lang='grc' dir='ltr'>πεύων</span> <span class='ocrx_word' id='word_1_214' title='bbox 2328 1584 2461 1637; x_wconf 76' lang='grc' dir='ltr'>αὐτὸ</span> <span class='ocrx_word' id='word_1_215' title='bbox 2509 1586 2604 1638; x_wconf 71' lang='grc' dir='ltr'><strong>καὶ</strong></span> <span class='ocrx_word' id='word_1_216' title='bbox 2646 1586 3133 1659; x_wconf 79' lang='grc' dir='ltr'>ἐπανορθούμενος,</span> <span class='ocrx_word' id='word_1_217' title='bbox 3183 1590 3395 1664; x_wconf 79' lang='grc' dir='ltr'>ἀνάγκη</span> <span class='ocrx_word' id='word_1_218' title='bbox 3441 1591 3526 1666; x_wconf 77' lang='grc' dir='ltr'><strong>δὴ,</strong></span> <span class='ocrx_word' id='word_1_219' title='bbox 3561 1612 3667 1647; x_wconf 89' lang='grc' dir='ltr'>πυ-</span> 
     </span>
    </p>
   </div>
   <div class='ocr_carea' id='block_1_33' title="bbox 2093 1675 3666 1757">
    <p class='ocr_par' dir='ltr' id='par_1_33' title="bbox 2093 1675 3666 1757">
     <span class='ocr_line' id='line_1_33' title="bbox 2093 1675 3666 1757; baseline 0.01 -31"><span class='ocrx_word' id='word_1_220' title='bbox 2093 1675 2456 1747; x_wconf 80' lang='grc' dir='ltr'>ρακτούμενον</span> <span class='ocrx_word' id='word_1_221' title='bbox 2488 1677 2581 1730; x_wconf 80' lang='grc' dir='ltr'><strong>καὶ</strong></span> <span class='ocrx_word' id='word_1_222' title='bbox 2625 1679 3022 1751; x_wconf 86' lang='grc' dir='ltr'>χαλκευόμενον</span> <span class='ocrx_word' id='word_1_223' title='bbox 3066 1680 3128 1734; x_wconf 82' lang='grc' dir='ltr'><strong>τὸ</strong></span> <span class='ocrx_word' id='word_1_224' title='bbox 3172 1682 3411 1754; x_wconf 80' lang='grc' dir='ltr'>ἄγαλμα,</span> <span class='ocrx_word' id='word_1_225' title='bbox 3465 1685 3666 1757; x_wconf 78' lang='grc' dir='ltr'>μηκέτι</span> 
     </span>
    </p>
   </div>
   <div class='ocr_carea' id='block_1_34' title="bbox 402 1760 1982 1851">
    <p class='ocr_par' dir='ltr' id='par_1_34' title="bbox 402 1770 1982 1845">
     <span class='ocr_line' id='line_1_34' title="bbox 402 1770 1982 1845; baseline -0.003 -16"><span class='ocrx_word' id='word_1_226' title='bbox 402 1783 564 1845; x_wconf 90' lang='lat' dir='ltr'><strong>quat;</strong></span> <span class='ocrx_word' id='word_1_227' title='bbox 599 1788 825 1830; x_wconf 86' lang='lat' dir='ltr'><strong>necesse</strong></span> <span class='ocrx_word' id='word_1_228' title='bbox 853 1781 959 1837; x_wconf 89' lang='lat' dir='ltr'><strong>est,</strong></span> <span class='ocrx_word' id='word_1_229' title='bbox 985 1782 1045 1829; x_wconf 89' lang='lat' dir='ltr'><strong>ut</strong></span> <span class='ocrx_word' id='word_1_230' title='bbox 1071 1775 1185 1845; x_wconf 79' lang='lat' dir='ltr'><strong>igni</strong></span> <span class='ocrx_word' id='word_1_231' title='bbox 1213 1774 1535 1832; x_wconf 83' lang='lat' dir='ltr'><strong>candefacta</strong></span> <span class='ocrx_word' id='word_1_232' title='bbox 1580 1783 1741 1843; x_wconf 86' lang='lat' dir='ltr'><strong>atque</strong></span> <span class='ocrx_word' id='word_1_233' title='bbox 1765 1782 1880 1826; x_wconf 87' lang='lat' dir='ltr'><strong>arte</strong></span> <span class='ocrx_word' id='word_1_234' title='bbox 1907 1770 1982 1824; x_wconf 89' lang='lat' dir='ltr'><strong>fa-</strong></span> 
     </span>
    </p>
   </div>
   <div class='ocr_carea' id='block_1_35' title="bbox 2092 1760 3666 1851">
    <p class='ocr_par' dir='ltr' id='par_1_35' title="bbox 2092 1769 3666 1851">
     <span class='ocr_line' id='line_1_35' title="bbox 2092 1769 3666 1851; baseline 0.007 -29"><span class='ocrx_word' id='word_1_235' title='bbox 2092 1769 2346 1823; x_wconf 79' lang='grc' dir='ltr'>δύνασθαι</span> <span class='ocrx_word' id='word_1_236' title='bbox 2395 1771 2791 1843; x_wconf 83' lang='grc' dir='ltr'>διατηρηθῆναι</span> <span class='ocrx_word' id='word_1_237' title='bbox 2838 1773 2901 1826; x_wconf 82' lang='grc' dir='ltr'><strong>τὸ</strong></span> <span class='ocrx_word' id='word_1_238' title='bbox 2951 1775 3113 1839; x_wconf 83' lang='grc' dir='ltr'>αὐτὸ,</span> <span class='ocrx_word' id='word_1_239' title='bbox 3165 1775 3303 1829; x_wconf 89' lang='grc' dir='ltr'><strong>ἀλλά</strong></span> <span class='ocrx_word' id='word_1_240' title='bbox 3335 1776 3666 1851; x_wconf 77' lang='grc' dir='ltr'>διηλλαγμέ-</span> 
     </span>
    </p>
   </div>
   <div class='ocr_carea' id='block_1_36' title="bbox 402 1866 1984 1938">
    <p class='ocr_par' dir='ltr' id='par_1_36' title="bbox 402 1866 1984 1938">
     <span class='ocr_line' id='line_1_36' title="bbox 402 1866 1984 1938; baseline -0.004 -15"><span class='ocrx_word' id='word_1_241' title='bbox 402 1868 529 1923; x_wconf 85' lang='lat' dir='ltr'><strong>brili</strong></span> <span class='ocrx_word' id='word_1_242' title='bbox 555 1875 853 1924; x_wconf 84' lang='lat' dir='ltr'><strong>retractata</strong></span> <span class='ocrx_word' id='word_1_243' title='bbox 879 1869 1109 1938; x_wconf 84' lang='lat' dir='ltr'><strong>efﬁgies,</strong></span> <span class='ocrx_word' id='word_1_244' title='bbox 1142 1883 1252 1922; x_wconf 91' lang='lat' dir='ltr'><strong>non</strong></span> <span class='ocrx_word' id='word_1_245' title='bbox 1304 1868 1418 1938; x_wconf 82' lang='lat' dir='ltr'><strong>jam</strong></span> <span class='ocrx_word' id='word_1_246' title='bbox 1468 1866 1660 1922; x_wconf 80' lang='lat' dir='ltr'><strong>eadem</strong></span> <span class='ocrx_word' id='word_1_247' title='bbox 1691 1877 1984 1920; x_wconf 85' lang='lat' dir='ltr'><strong>conserve-</strong></span> 
     </span>
    </p>
   </div>
   <div class='ocr_carea' id='block_1_37' title="bbox 400 1954 1984 2028">
    <p class='ocr_par' dir='ltr' id='par_1_37' title="bbox 400 1954 1984 2028">
     <span class='ocr_line' id='line_1_37' title="bbox 400 1954 1984 2028; baseline -0.003 -17"><span class='ocrx_word' id='word_1_248' title='bbox 400 1967 512 2023; x_wconf 90' lang='lat' dir='ltr'><strong>tur,</strong></span> <span class='ocrx_word' id='word_1_249' title='bbox 532 1958 626 2014; x_wconf 92' lang='lat' dir='ltr'><strong>sed</strong></span> <span class='ocrx_word' id='word_1_250' title='bbox 657 1966 990 2015; x_wconf 82' lang='lat' dir='ltr'><strong>commutata</strong></span> <span class='ocrx_word' id='word_1_251' title='bbox 1012 1974 1078 2014; x_wconf 90' lang='lat' dir='ltr'><strong>ac</strong></span> <span class='ocrx_word' id='word_1_252' title='bbox 1102 1958 1476 2015; x_wconf 84' lang='lat' dir='ltr'><strong>subdistracta</strong></span> <span class='ocrx_word' id='word_1_253' title='bbox 1499 1966 1779 2028; x_wconf 86' lang='lat' dir='ltr'><strong>appareat.</strong></span> <span class='ocrx_word' id='word_1_254' title='bbox 1802 1954 1984 2021; x_wconf 83' lang='lat' dir='ltr'><strong>Quare</strong></span> 
     </span>
    </p>
   </div>
   <div class='ocr_carea' id='block_1_38' title="bbox 401 2048 1982 2122">
    <p class='ocr_par' dir='ltr' id='par_1_38' title="bbox 401 2048 1982 2122">
     <span class='ocr_line' id='line_1_38' title="bbox 401 2048 1982 2122; baseline -0.005 -14"><span class='ocrx_word' id='word_1_255' title='bbox 401 2052 448 2108; x_wconf 87' lang='lat' dir='ltr'><strong>si</strong></span> <span class='ocrx_word' id='word_1_256' title='bbox 469 2052 788 2122; x_wconf 65' lang='lat' dir='ltr'><strong>praeclarum</strong></span> <span class='ocrx_word' id='word_1_257' title='bbox 808 2060 861 2107; x_wconf 92' lang='lat' dir='ltr'><strong>et</strong></span> <span class='ocrx_word' id='word_1_258' title='bbox 875 2054 1054 2108; x_wconf 89' lang='lat' dir='ltr'><strong>omnis</strong></span> <span class='ocrx_word' id='word_1_259' title='bbox 1071 2052 1210 2107; x_wconf 88' lang='lat' dir='ltr'><strong>labis</strong></span> <span class='ocrx_word' id='word_1_260' title='bbox 1222 2065 1417 2121; x_wconf 72' lang='lat' dir='ltr'><strong>expers</strong></span> <span class='ocrx_word' id='word_1_261' title='bbox 1437 2059 1609 2104; x_wconf 86' lang='lat' dir='ltr'><strong>totum</strong></span> <span class='ocrx_word' id='word_1_262' title='bbox 1627 2048 1982 2104; x_wconf 89' lang='lat' dir='ltr'><strong>simulacrum</strong></span> 
     </span>
    </p>
   </div>
   <div class='ocr_carea' id='block_1_39' title="bbox 398 2138 1985 2216">
    <p class='ocr_par' dir='ltr' id='par_1_39' title="bbox 398 2138 1985 2216">
     <span class='ocr_line' id='line_1_39' title="bbox 398 2138 1985 2216; baseline -0.003 -20"><span class='ocrx_word' id='word_1_263' title='bbox 398 2146 551 2210; x_wconf 87' lang='lat' dir='ltr'><strong>velit,</strong></span> <span class='ocrx_word' id='word_1_264' title='bbox 578 2145 816 2216; x_wconf 80' lang='lat' dir='ltr'><strong>conﬁngi</strong></span> <span class='ocrx_word' id='word_1_265' title='bbox 856 2143 1192 2214; x_wconf 83' lang='lat' dir='ltr'><strong>conflarique</strong></span> <span class='ocrx_word' id='word_1_266' title='bbox 1224 2145 1422 2200; x_wconf 90' lang='lat' dir='ltr'><strong>iterum</strong></span> <span class='ocrx_word' id='word_1_267' title='bbox 1464 2148 1709 2212; x_wconf 89' lang='lat' dir='ltr'><strong>oportet;</strong></span> <span class='ocrx_word' id='word_1_268' title='bbox 1741 2149 1798 2194; x_wconf 92' lang='lat' dir='ltr'><strong>ut</strong></span> <span class='ocrx_word' id='word_1_269' title='bbox 1824 2138 1985 2209; x_wconf 87' lang='lat' dir='ltr'><strong>quid-</strong></span> 
     </span>
    </p>
   </div>
   <div class='ocr_carea' id='block_1_40' title="bbox 399 2229 1983 2306">
    <p class='ocr_par' dir='ltr' id='par_1_40' title="bbox 399 2229 1983 2306">
     <span class='ocr_line' id='line_1_40' title="bbox 399 2229 1983 2306; baseline -0.006 -14"><span class='ocrx_word' id='word_1_270' title='bbox 399 2236 533 2306; x_wconf 85' lang='lat' dir='ltr'><strong>quid</strong></span> <span class='ocrx_word' id='word_1_271' title='bbox 562 2237 954 2292; x_wconf 88' lang='lat' dir='ltr'><strong>malevolorum</strong></span> <span class='ocrx_word' id='word_1_272' title='bbox 980 2236 1172 2291; x_wconf 83' lang='lat' dir='ltr'><strong>fraude</strong></span> <span class='ocrx_word' id='word_1_273' title='bbox 1193 2246 1356 2305; x_wconf 85' lang='lat' dir='ltr'><strong>atque</strong></span> <span class='ocrx_word' id='word_1_274' title='bbox 1385 2234 1590 2289; x_wconf 85' lang='lat' dir='ltr'><strong>invidia</strong></span> <span class='ocrx_word' id='word_1_275' title='bbox 1624 2229 1983 2302; x_wconf 85' lang='lat' dir='ltr'><strong>turpitudinis</strong></span> 
     </span>
    </p>
   </div>
   <div class='ocr_carea' id='block_1_41' title="bbox 400 2323 1985 2395">
    <p class='ocr_par' dir='ltr' id='par_1_41' title="bbox 400 2323 1985 2395">
     <span class='ocr_line' id='line_1_41' title="bbox 400 2323 1985 2395; baseline -0.003 -13"><span class='ocrx_word' id='word_1_276' title='bbox 400 2344 465 2383; x_wconf 88' lang='lat' dir='ltr'><strong>ac</strong></span> <span class='ocrx_word' id='word_1_277' title='bbox 492 2329 610 2383; x_wconf 85' lang='lat' dir='ltr'><strong>vitii</strong></span> <span class='ocrx_word' id='word_1_278' title='bbox 648 2343 733 2386; x_wconf 89' lang='lat' dir='ltr'><strong>est</strong></span> <span class='ocrx_word' id='word_1_279' title='bbox 765 2331 991 2384; x_wconf 85' lang='lat' dir='ltr'><strong>allatum</strong></span> <span class='ocrx_word' id='word_1_280' title='bbox 1017 2367 1034 2395; x_wconf 98' lang='lat'><strong>,</strong></span> <span class='ocrx_word' id='word_1_281' title='bbox 1084 2328 1483 2383; x_wconf 82' lang='lat' dir='ltr'><strong>instauratione</strong></span> <span class='ocrx_word' id='word_1_282' title='bbox 1540 2340 1606 2380; x_wconf 91' lang='lat' dir='ltr'><strong>ac</strong></span> <span class='ocrx_word' id='word_1_283' title='bbox 1653 2323 1985 2380; x_wconf 88' lang='lat' dir='ltr'><strong>conﬁatione</strong></span> 
     </span>
    </p>
   </div>
   <div class='ocr_carea' id='block_1_42' title="bbox 399 2417 1983 2492">
    <p class='ocr_par' dir='ltr' id='par_1_42' title="bbox 399 2417 1983 2492">
     <span class='ocr_line' id='line_1_42' title="bbox 399 2417 1983 2492; baseline -0.003 -17"><span class='ocrx_word' id='word_1_284' title='bbox 399 2422 627 2476; x_wconf 90' lang='lat' dir='ltr'><strong>tollatur</strong></span> <span class='ocrx_word' id='word_1_285' title='bbox 648 2463 666 2491; x_wconf 91' lang='lat'><strong>,</strong></span> <span class='ocrx_word' id='word_1_286' title='bbox 700 2421 880 2492; x_wconf 87' lang='lat' dir='ltr'><strong>ipsum</strong></span> <span class='ocrx_word' id='word_1_287' title='bbox 910 2436 1040 2477; x_wconf 87' lang='lat' dir='ltr'><strong>vero</strong></span> <span class='ocrx_word' id='word_1_288' title='bbox 1064 2421 1442 2485; x_wconf 89' lang='lat' dir='ltr'><strong>simulacrum,</strong></span> <span class='ocrx_word' id='word_1_289' title='bbox 1474 2419 1532 2473; x_wconf 88' lang='lat' dir='ltr'><strong>in</strong></span> <span class='ocrx_word' id='word_1_290' title='bbox 1568 2417 1758 2473; x_wconf 86' lang='lat' dir='ltr'><strong>eadem</strong></span> <span class='ocrx_word' id='word_1_291' title='bbox 1791 2429 1983 2471; x_wconf 85' lang='lat' dir='ltr'><strong>rursus</strong></span> 
     </span>
    </p>
   </div>
   <div class='ocr_carea' id='block_1_43' title="bbox 368 2508 1983 2585">
    <p class='ocr_par' dir='ltr' id='par_1_43' title="bbox 368 2508 1983 2585">
     <span class='ocr_line' id='line_1_43' title="bbox 368 2508 1983 2585; baseline -0.005 -16"><span class='ocrx_word' id='word_1_292' title='bbox 368 2514 584 2583; x_wconf 15' lang='lat' dir='ltr'><strong>Aspecie</strong></span> <span class='ocrx_word' id='word_1_293' title='bbox 618 2514 892 2585; x_wconf 81' lang='lat' dir='ltr'><strong>integrum</strong></span> <span class='ocrx_word' id='word_1_294' title='bbox 925 2522 981 2569; x_wconf 88' lang='lat' dir='ltr'><strong>et</strong></span> <span class='ocrx_word' id='word_1_295' title='bbox 1003 2513 1257 2579; x_wconf 67' lang='lat' dir='ltr'><strong>illaesum,</strong></span> <span class='ocrx_word' id='word_1_296' title='bbox 1292 2512 1398 2582; x_wconf 76' lang='lat' dir='ltr'><strong>sibi</strong></span> <span class='ocrx_word' id='word_1_297' title='bbox 1449 2525 1611 2582; x_wconf 89' lang='lat' dir='ltr'><strong>quam</strong></span> <span class='ocrx_word' id='word_1_298' title='bbox 1643 2508 1983 2565; x_wconf 84' lang='lat' dir='ltr'><strong>simillimum</strong></span> 
     </span>
    </p>
   </div>
   <div class='ocr_carea' id='block_1_44' title="bbox 398 2601 1980 2677">
    <p class='ocr_par' dir='ltr' id='par_1_44' title="bbox 398 2601 1980 2677">
     <span class='ocr_line' id='line_1_44' title="bbox 398 2601 1980 2677; baseline -0.003 -17"><span class='ocrx_word' id='word_1_299' title='bbox 398 2606 678 2662; x_wconf 88' lang='lat' dir='ltr'><strong>reddatur.</strong></span> <span class='ocrx_word' id='word_1_300' title='bbox 704 2605 782 2661; x_wconf 86' lang='lat' dir='ltr'><strong>Ita</strong></span> <span class='ocrx_word' id='word_1_301' title='bbox 814 2609 960 2663; x_wconf 91' lang='lat' dir='ltr'><strong>enim</strong></span> <span class='ocrx_word' id='word_1_302' title='bbox 984 2606 1272 2677; x_wconf 78' lang='lat' dir='ltr'><strong>contingit,</strong></span> <span class='ocrx_word' id='word_1_303' title='bbox 1308 2619 1417 2659; x_wconf 90' lang='lat' dir='ltr'><strong>non</strong></span> <span class='ocrx_word' id='word_1_304' title='bbox 1455 2614 1513 2658; x_wconf 93' lang='lat' dir='ltr'><strong>ut</strong></span> <span class='ocrx_word' id='word_1_305' title='bbox 1539 2610 1743 2664; x_wconf 86' lang='lat' dir='ltr'><strong>statua,</strong></span> <span class='ocrx_word' id='word_1_306' title='bbox 1775 2601 1844 2656; x_wconf 87' lang='lat' dir='ltr'><strong>ab</strong></span> <span class='ocrx_word' id='word_1_307' title='bbox 1883 2614 1980 2656; x_wconf 88' lang='lat' dir='ltr'><strong>eo-</strong></span> 
     </span>
    </p>
   </div>
   <div class='ocr_carea' id='block_1_45' title="bbox 397 2694 1983 2771">
    <p class='ocr_par' dir='ltr' id='par_1_45' title="bbox 397 2694 1983 2771">
     <span class='ocr_line' id='line_1_45' title="bbox 397 2694 1983 2771; baseline -0.004 -17"><span class='ocrx_word' id='word_1_308' title='bbox 397 2699 520 2755; x_wconf 90' lang='lat' dir='ltr'><strong>dem</strong></span> <span class='ocrx_word' id='word_1_309' title='bbox 543 2702 663 2771; x_wconf 92' lang='lat' dir='ltr'><strong>ipso</strong></span> <span class='ocrx_word' id='word_1_310' title='bbox 689 2701 899 2756; x_wconf 88' lang='lat' dir='ltr'><strong>artiﬁce</strong></span> <span class='ocrx_word' id='word_1_311' title='bbox 931 2709 1137 2770; x_wconf 88' lang='lat' dir='ltr'><strong>pereat,</strong></span> <span class='ocrx_word' id='word_1_312' title='bbox 1166 2701 1381 2753; x_wconf 88' lang='lat' dir='ltr'><strong>tametsi</strong></span> <span class='ocrx_word' id='word_1_313' title='bbox 1414 2697 1535 2751; x_wconf 86' lang='lat' dir='ltr'><strong>fusa</strong></span> <span class='ocrx_word' id='word_1_314' title='bbox 1564 2710 1760 2751; x_wconf 90' lang='lat' dir='ltr'><strong>rursus</strong></span> <span class='ocrx_word' id='word_1_315' title='bbox 1801 2694 1983 2749; x_wconf 86' lang='lat' dir='ltr'><strong>solva-</strong></span> 
     </span>
    </p>
   </div>
   <div class='ocr_carea' id='block_1_46' title="bbox 395 2787 1977 2860">
    <p class='ocr_par' dir='ltr' id='par_1_46' title="bbox 395 2787 1977 2860">
     <span class='ocr_line' id='line_1_46' title="bbox 395 2787 1977 2860; baseline -0.007 -12"><span class='ocrx_word' id='word_1_316' title='bbox 395 2802 488 2848; x_wconf 89' lang='lat' dir='ltr'><strong>tur</strong></span> <span class='ocrx_word' id='word_1_317' title='bbox 511 2793 568 2847; x_wconf 90' lang='lat' dir='ltr'><strong>in</strong></span> <span class='ocrx_word' id='word_1_318' title='bbox 601 2793 908 2857; x_wconf 89' lang='lat' dir='ltr'><strong>materiam,</strong></span> <span class='ocrx_word' id='word_1_319' title='bbox 947 2790 1043 2847; x_wconf 88' lang='lat' dir='ltr'><strong>sed</strong></span> <span class='ocrx_word' id='word_1_320' title='bbox 1081 2799 1139 2845; x_wconf 93' lang='lat' dir='ltr'><strong>ut</strong></span> <span class='ocrx_word' id='word_1_321' title='bbox 1186 2791 1242 2845; x_wconf 90' lang='lat' dir='ltr'><strong>in</strong></span> <span class='ocrx_word' id='word_1_322' title='bbox 1290 2790 1561 2860; x_wconf 82' lang='lat' dir='ltr'><strong>integrum</strong></span> <span class='ocrx_word' id='word_1_323' title='bbox 1612 2787 1977 2842; x_wconf 82' lang='lat' dir='ltr'><strong>restituatur:</strong></span> 
     </span>
    </p>
   </div>
   <div class='ocr_carea' id='block_1_47' title="bbox 395 2877 1982 2956">
    <p class='ocr_par' dir='ltr' id='par_1_47' title="bbox 395 2877 1982 2956">
     <span class='ocr_line' id='line_1_47' title="bbox 395 2877 1982 2956; baseline -0.006 -15"><span class='ocrx_word' id='word_1_324' title='bbox 395 2898 565 2956; x_wconf 84' lang='lat' dir='ltr'><strong>utque</strong></span> <span class='ocrx_word' id='word_1_325' title='bbox 583 2886 733 2941; x_wconf 87' lang='lat' dir='ltr'><strong>labes</strong></span> <span class='ocrx_word' id='word_1_326' title='bbox 749 2899 940 2941; x_wconf 88' lang='lat' dir='ltr'><strong>omnes</strong></span> <span class='ocrx_word' id='word_1_327' title='bbox 957 2892 1011 2940; x_wconf 84' lang='lat' dir='ltr'><strong>et</strong></span> <span class='ocrx_word' id='word_1_328' title='bbox 1037 2883 1303 2939; x_wconf 84' lang='lat' dir='ltr'><strong>foeditates</strong></span> <span class='ocrx_word' id='word_1_329' title='bbox 1324 2890 1571 2952; x_wconf 85' lang='lat' dir='ltr'><strong>pereant;</strong></span> <span class='ocrx_word' id='word_1_330' title='bbox 1595 2877 1864 2949; x_wconf 85' lang='lat' dir='ltr'><strong>siquidem</strong></span> <span class='ocrx_word' id='word_1_331' title='bbox 1876 2877 1982 2932; x_wconf 72' lang='lat' dir='ltr'><strong>illa:</strong></span> 
     </span>
    </p>
   </div>
   <div class='ocr_carea' id='block_1_48' title="bbox 394 2968 1982 3042">
    <p class='ocr_par' dir='ltr' id='par_1_48' title="bbox 394 2968 1982 3042">
     <span class='ocr_line' id='line_1_48' title="bbox 394 2968 1982 3042; baseline -0.006 -11"><span class='ocrx_word' id='word_1_332' title='bbox 394 2977 801 3042; x_wconf 79' lang='lat' dir='ltr'><strong>absumuntur;</strong></span> <span class='ocrx_word' id='word_1_333' title='bbox 835 2990 947 3030; x_wconf 91' lang='lat' dir='ltr'><strong>non</strong></span> <span class='ocrx_word' id='word_1_334' title='bbox 987 2986 1046 3029; x_wconf 91' lang='lat' dir='ltr'><strong>ut</strong></span> <span class='ocrx_word' id='word_1_335' title='bbox 1091 2975 1470 3028; x_wconf 85' lang='lat' dir='ltr'><strong>instaurentur</strong></span> <span class='ocrx_word' id='word_1_336' title='bbox 1522 2981 1575 3025; x_wconf 93' lang='lat' dir='ltr'><strong>et</strong></span> <span class='ocrx_word' id='word_1_337' title='bbox 1604 2968 1841 3038; x_wconf 83' lang='lat' dir='ltr'><strong>amplius</strong></span> <span class='ocrx_word' id='word_1_338' title='bbox 1895 2981 1982 3022; x_wconf 83' lang='lat' dir='ltr'><strong>re-</strong></span> 
     </span>
    </p>
   </div>
   <div class='ocr_carea' id='block_1_49' title="bbox 2090 1862 3665 1939">
    <p class='ocr_par' dir='ltr' id='par_1_49' title="bbox 2090 1862 3665 1939">
     <span class='ocr_line' id='line_1_49' title="bbox 2090 1862 3665 1939; baseline 0.006 -22"><span class='ocrx_word' id='word_1_339' title='bbox 2090 1878 2179 1917; x_wconf 86' lang='grc' dir='ltr'><strong>νον</strong></span> <span class='ocrx_word' id='word_1_340' title='bbox 2219 1862 2329 1933; x_wconf 82' lang='grc'>(70)</span> <span class='ocrx_word' id='word_1_341' title='bbox 2364 1863 2581 1919; x_wconf 80' lang='grc' dir='ltr'>ἔσεσθαι</span> <span class='ocrx_word' id='word_1_342' title='bbox 2629 1865 2723 1919; x_wconf 76' lang='grc' dir='ltr'><strong>καὶ</strong></span> <span class='ocrx_word' id='word_1_343' title='bbox 2761 1867 3199 1938; x_wconf 81' lang='grc' dir='ltr'>ὑπεσπασμένον.</span> <span class='ocrx_word' id='word_1_344' title='bbox 3241 1869 3342 1923; x_wconf 85' lang='grc' dir='ltr'>Διά</span> <span class='ocrx_word' id='word_1_345' title='bbox 3391 1888 3566 1939; x_wconf 87' lang='grc' dir='ltr'>τουτο,</span> <span class='ocrx_word' id='word_1_346' title='bbox 3613 1874 3665 1927; x_wconf 80' lang='grc' dir='ltr'><strong>εί</strong></span> 
     </span>
    </p>
   </div>
   <div class='ocr_carea' id='block_1_50' title="bbox 2092 1953 3672 2029">
    <p class='ocr_par' dir='ltr' id='par_1_50' title="bbox 2092 1953 3672 2029">
     <span class='ocr_line' id='line_1_50' title="bbox 2092 1953 3672 2029; baseline 0.007 -21"><span class='ocrx_word' id='word_1_347' title='bbox 2092 1953 2331 2024; x_wconf 80' lang='grc' dir='ltr'>βούλοιτο</span> <span class='ocrx_word' id='word_1_348' title='bbox 2353 1955 2514 2012; x_wconf 84' lang='grc' dir='ltr'>καλὸν</span> <span class='ocrx_word' id='word_1_349' title='bbox 2546 1956 2642 2011; x_wconf 70' lang='grc' dir='ltr'><strong>καὶ</strong></span> <span class='ocrx_word' id='word_1_350' title='bbox 2670 1957 2900 2029; x_wconf 82' lang='grc' dir='ltr'>ἄμωμον</span> <span class='ocrx_word' id='word_1_351' title='bbox 2932 1959 3051 2014; x_wconf 83' lang='grc' dir='ltr'>ὅλον</span> <span class='ocrx_word' id='word_1_352' title='bbox 3085 1960 3215 2014; x_wconf 82' lang='grc' dir='ltr'>αὐτὸ</span> <span class='ocrx_word' id='word_1_353' title='bbox 3243 1957 3401 2027; x_wconf 81' lang='grc' dir='ltr'>εἶναι,</span> <span class='ocrx_word' id='word_1_354' title='bbox 3437 1963 3672 2019; x_wconf 76' lang='grc' dir='ltr'>ἀναθλᾶο</span> 
     </span>
    </p>
   </div>
   <div class='ocr_carea' id='block_1_51' title="bbox 2092 2047 3665 2129">
    <p class='ocr_par' dir='ltr' id='par_1_51' title="bbox 2092 2047 3665 2129">
     <span class='ocr_line' id='line_1_51' title="bbox 2092 2047 3665 2129; baseline 0.008 -28"><span class='ocrx_word' id='word_1_355' title='bbox 2092 2047 2215 2102; x_wconf 84' lang='grc' dir='ltr'>σθαι</span> <span class='ocrx_word' id='word_1_356' title='bbox 2270 2050 2435 2115; x_wconf 83' lang='grc' dir='ltr'>αὐτὸ,</span> <span class='ocrx_word' id='word_1_357' title='bbox 2486 2053 2579 2104; x_wconf 73' lang='grc' dir='ltr'><strong>καὶ</strong></span> <span class='ocrx_word' id='word_1_358' title='bbox 2626 2052 3059 2122; x_wconf 87' lang='grc' dir='ltr'>ἀναχωνεύεσθαι</span> <span class='ocrx_word' id='word_1_359' title='bbox 3109 2054 3217 2107; x_wconf 84' lang='grc' dir='ltr'>δεῖ·</span> <span class='ocrx_word' id='word_1_360' title='bbox 3270 2055 3420 2119; x_wconf 85' lang='grc' dir='ltr'>ὅπως</span> <span class='ocrx_word' id='word_1_361' title='bbox 3458 2057 3527 2112; x_wconf 83' lang='grc' dir='ltr'>τὰ</span> <span class='ocrx_word' id='word_1_362' title='bbox 3566 2058 3665 2129; x_wconf 86' lang='grc' dir='ltr'><strong>μὲν</strong></span> 
     </span>
    </p>
   </div>
   <div class='ocr_carea' id='block_1_52' title="bbox 2089 2140 3668 2220">
    <p class='ocr_par' dir='ltr' id='par_1_52' title="bbox 2089 2140 3668 2220">
     <span class='ocr_line' id='line_1_52' title="bbox 2089 2140 3668 2220; baseline 0.007 -29"><span class='ocrx_word' id='word_1_363' title='bbox 2089 2140 2252 2212; x_wconf 78' lang='grc' dir='ltr'>αἴσχη</span> <span class='ocrx_word' id='word_1_364' title='bbox 2294 2142 2388 2196; x_wconf 76' lang='grc' dir='ltr'><strong>καὶ</strong></span> <span class='ocrx_word' id='word_1_365' title='bbox 2433 2143 2503 2196; x_wconf 67' lang='grc' dir='ltr'>τὲ</span> <span class='ocrx_word' id='word_1_366' title='bbox 2555 2143 2903 2216; x_wconf 78' lang='grc' dir='ltr'>ἀλλοιώματα</span> <span class='ocrx_word' id='word_1_367' title='bbox 2942 2147 3118 2201; x_wconf 82' lang='grc' dir='ltr'>πάντα</span> <span class='ocrx_word' id='word_1_368' title='bbox 3162 2146 3230 2201; x_wconf 85' lang='grc' dir='ltr'>τὰ</span> <span class='ocrx_word' id='word_1_369' title='bbox 3269 2147 3329 2215; x_wconf 77' lang='grc' dir='ltr'><strong>ἐξ</strong></span> <span class='ocrx_word' id='word_1_370' title='bbox 3373 2149 3668 2220; x_wconf 76' lang='grc' dir='ltr'>ἐπιδουλῆς</span> 
     </span>
    </p>
   </div>
   <div class='ocr_carea' id='block_1_53' title="bbox 2086 2232 3668 2313">
    <p class='ocr_par' dir='ltr' id='par_1_53' title="bbox 2086 2232 3668 2313">
     <span class='ocr_line' id='line_1_53' title="bbox 2086 2232 3668 2313; baseline 0.008 -29"><span class='ocrx_word' id='word_1_371' title='bbox 2086 2232 2235 2302; x_wconf 79' lang='grc' dir='ltr'>αὑτῴ</span> <span class='ocrx_word' id='word_1_372' title='bbox 2270 2234 2364 2286; x_wconf 79' lang='grc' dir='ltr'>καὶ</span> <span class='ocrx_word' id='word_1_373' title='bbox 2399 2233 2593 2304; x_wconf 87' lang='grc' dir='ltr'>φθόνου</span> <span class='ocrx_word' id='word_1_374' title='bbox 2625 2236 2960 2309; x_wconf 76' lang='grc' dir='ltr'>ὑπάρξαντα,</span> <span class='ocrx_word' id='word_1_375' title='bbox 2985 2239 3122 2291; x_wconf 81' lang='grc' dir='ltr'>αὐτὰ</span> <span class='ocrx_word' id='word_1_376' title='bbox 3157 2240 3253 2310; x_wconf 82' lang='grc' dir='ltr'><strong>μὲν</strong></span> <span class='ocrx_word' id='word_1_377' title='bbox 3283 2239 3372 2295; x_wconf 87' lang='grc' dir='ltr'><strong>διά</strong></span> <span class='ocrx_word' id='word_1_378' title='bbox 3404 2243 3503 2313; x_wconf 90' lang='grc' dir='ltr'><strong>τῆς</strong></span> <span class='ocrx_word' id='word_1_379' title='bbox 3533 2242 3668 2296; x_wconf 65' lang='grc' dir='ltr'>ἀνω-</span> 
     </span>
    </p>
   </div>
   <div class='ocr_carea' id='block_1_54' title="bbox 2091 2325 3667 2401">
    <p class='ocr_par' dir='ltr' id='par_1_54' title="bbox 2091 2325 3667 2401">
     <span class='ocr_line' id='line_1_54' title="bbox 2091 2325 3667 2401; baseline 0.007 -24"><span class='ocrx_word' id='word_1_380' title='bbox 2091 2325 2288 2395; x_wconf 83' lang='grc' dir='ltr'>σκευῆς</span> <span class='ocrx_word' id='word_1_381' title='bbox 2329 2327 2425 2379; x_wconf 74' lang='grc' dir='ltr'><strong>καὶ</strong></span> <span class='ocrx_word' id='word_1_382' title='bbox 2469 2328 2889 2399; x_wconf 85' lang='grc' dir='ltr'>ἀναχωνεύσεως</span> <span class='ocrx_word' id='word_1_383' title='bbox 2935 2330 3237 2401; x_wconf 78' lang='grc' dir='ltr'>ἀπόληται·</span> <span class='ocrx_word' id='word_1_384' title='bbox 3282 2332 3343 2385; x_wconf 80' lang='grc' dir='ltr'><strong>τὸ</strong></span> <span class='ocrx_word' id='word_1_385' title='bbox 3382 2333 3439 2387; x_wconf 86' lang='grc' dir='ltr'>δὲ</span> <span class='ocrx_word' id='word_1_386' title='bbox 3487 2336 3567 2399; x_wconf 81' lang='grc' dir='ltr'><strong>είς</strong></span> <span class='ocrx_word' id='word_1_387' title='bbox 3604 2332 3667 2388; x_wconf 77' lang='grc' dir='ltr'>τὺ</span> 
     </span>
    </p>
   </div>
   <div class='ocr_carea' id='block_1_55' title="bbox 2089 2415 3669 2496">
    <p class='ocr_par' dir='ltr' id='par_1_55' title="bbox 2089 2415 3669 2496">
     <span class='ocr_line' id='line_1_55' title="bbox 2089 2415 3669 2496; baseline 0.006 -27"><span class='ocrx_word' id='word_1_388' title='bbox 2089 2416 2221 2469; x_wconf 76' lang='grc' dir='ltr'>αὐτὸ</span> <span class='ocrx_word' id='word_1_389' title='bbox 2242 2415 2381 2482; x_wconf 73' lang='grc' dir='ltr'>εἶδος</span> <span class='ocrx_word' id='word_1_390' title='bbox 2406 2420 2588 2480; x_wconf 79' lang='grc' dir='ltr'>ἀσινὲς</span> <span class='ocrx_word' id='word_1_391' title='bbox 2614 2421 2707 2473; x_wconf 79' lang='grc' dir='ltr'>καὶ</span> <span class='ocrx_word' id='word_1_392' title='bbox 2736 2422 3025 2494; x_wconf 74' lang='grc' dir='ltr'>ἀκίϐδηλον</span> <span class='ocrx_word' id='word_1_393' title='bbox 3055 2419 3210 2488; x_wconf 81' lang='grc' dir='ltr'>αὖθις</span> <span class='ocrx_word' id='word_1_394' title='bbox 3235 2423 3457 2495; x_wconf 80' lang='grc' dir='ltr'>ἄγαλμα</span> <span class='ocrx_word' id='word_1_395' title='bbox 3486 2425 3669 2496; x_wconf 88' lang='grc' dir='ltr'>ὁμοιό-</span> 
     </span>
    </p>
   </div>
   <div class='ocr_carea' id='block_1_56' title="bbox 2087 2508 3667 2589">
    <p class='ocr_par' dir='ltr' id='par_1_56' title="bbox 2087 2508 3667 2589">
     <span class='ocr_line' id='line_1_56' title="bbox 2087 2508 3667 2589; baseline 0.007 -28"><span class='ocrx_word' id='word_1_396' title='bbox 2087 2525 2250 2564; x_wconf 85' lang='grc' dir='ltr'>τατον</span> <span class='ocrx_word' id='word_1_397' title='bbox 2304 2508 2496 2563; x_wconf 80' lang='grc' dir='ltr'>ἑαυτοῦ</span> <span class='ocrx_word' id='word_1_398' title='bbox 2547 2510 2858 2583; x_wconf 76' lang='grc' dir='ltr'>κατασταθῇ</span> <span class='ocrx_word' id='word_1_399' title='bbox 2915 2514 3005 2585; x_wconf 84' lang='grc' dir='ltr'><strong>Τῷ</strong></span> <span class='ocrx_word' id='word_1_400' title='bbox 3060 2516 3159 2587; x_wconf 85' lang='grc' dir='ltr'>μὲν</span> <span class='ocrx_word' id='word_1_401' title='bbox 3220 2517 3330 2588; x_wconf 83' lang='grc' dir='ltr'>γὰρ</span> <span class='ocrx_word' id='word_1_402' title='bbox 3392 2517 3667 2589; x_wconf 80' lang='grc' dir='ltr'>ἀγάλματι</span> 
     </span>
    </p>
   </div>
   <div class='ocr_carea' id='block_1_57' title="bbox 2087 2599 3665 2682">
    <p class='ocr_par' dir='ltr' id='par_1_57' title="bbox 2087 2599 3665 2682">
     <span class='ocr_line' id='line_1_57' title="bbox 2087 2599 3665 2682; baseline 0.004 -28"><span class='ocrx_word' id='word_1_403' title='bbox 2087 2599 2383 2655; x_wconf 81' lang='grc' dir='ltr'>ἀπολέσθαι</span> <span class='ocrx_word' id='word_1_404' title='bbox 2436 2603 2538 2655; x_wconf 84' lang='grc' dir='ltr'><strong>οὐκ</strong></span> <span class='ocrx_word' id='word_1_405' title='bbox 2585 2602 2732 2656; x_wconf 76' lang='grc' dir='ltr'>ἐστιν</span> <span class='ocrx_word' id='word_1_406' title='bbox 2761 2604 2866 2657; x_wconf 86' lang='grc' dir='ltr'>ὑπὸ</span> <span class='ocrx_word' id='word_1_407' title='bbox 2926 2605 3004 2675; x_wconf 82' lang='grc' dir='ltr'><strong>τῷ</strong></span> <span class='ocrx_word' id='word_1_408' title='bbox 3056 2606 3206 2678; x_wconf 86' lang='grc' dir='ltr'>αὐτῷ</span> <span class='ocrx_word' id='word_1_409' title='bbox 3251 2606 3364 2678; x_wconf 83' lang='grc'>(71)</span> <span class='ocrx_word' id='word_1_410' title='bbox 3424 2608 3665 2682; x_wconf 78' lang='grc' dir='ltr'>τεχνίτῃ,</span> 
     </span>
    </p>
   </div>
   <div class='ocr_carea' id='block_1_58' title="bbox 2087 2692 3662 2768">
    <p class='ocr_par' dir='ltr' id='par_1_58' title="bbox 2087 2692 3662 2768">
     <span class='ocr_line' id='line_1_58' title="bbox 2087 2692 3662 2768; baseline 0.004 -22"><span class='ocrx_word' id='word_1_411' title='bbox 2087 2692 2189 2747; x_wconf 82' lang='grc' dir='ltr'><strong>κᾶν</strong></span> <span class='ocrx_word' id='word_1_412' title='bbox 2214 2692 2371 2745; x_wconf 84' lang='grc' dir='ltr'>πάλιν</span> <span class='ocrx_word' id='word_1_413' title='bbox 2403 2694 2484 2755; x_wconf 82' lang='grc' dir='ltr'><strong>είς</strong></span> <span class='ocrx_word' id='word_1_414' title='bbox 2518 2692 2649 2763; x_wconf 82' lang='grc' dir='ltr'>ὓλην</span> <span class='ocrx_word' id='word_1_415' title='bbox 2681 2694 2847 2766; x_wconf 84' lang='grc' dir='ltr'>χυθῇ·</span> <span class='ocrx_word' id='word_1_416' title='bbox 2874 2696 3391 2768; x_wconf 80' lang='grc' dir='ltr'>ἀποκατασταθῆναι</span> <span class='ocrx_word' id='word_1_417' title='bbox 3414 2697 3473 2750; x_wconf 87' lang='grc' dir='ltr'>δὲ</span> <span class='ocrx_word' id='word_1_418' title='bbox 3510 2699 3662 2752; x_wconf 78' lang='grc' dir='ltr'>ἐστι·</span> 
     </span>
    </p>
   </div>
   <div class='ocr_carea' id='block_1_59' title="bbox 2085 2785 3662 2862">
    <p class='ocr_par' dir='ltr' id='par_1_59' title="bbox 2085 2785 3662 2862">
     <span class='ocr_line' id='line_1_59' title="bbox 2085 2785 3662 2862; baseline 0.004 -23"><span class='ocrx_word' id='word_1_419' title='bbox 2085 2790 2200 2850; x_wconf 80' lang='grc' dir='ltr'>τοῖς</span> <span class='ocrx_word' id='word_1_420' title='bbox 2226 2785 2282 2839; x_wconf 84' lang='grc' dir='ltr'>δὲ</span> <span class='ocrx_word' id='word_1_421' title='bbox 2327 2786 2540 2856; x_wconf 72' lang='grc' dir='ltr'>αἶ’σχεσι</span> <span class='ocrx_word' id='word_1_422' title='bbox 2580 2788 2675 2840; x_wconf 58' lang='grc' dir='ltr'><strong>καὶ¹</strong></span> <span class='ocrx_word' id='word_1_423' title='bbox 2705 2786 2992 2860; x_wconf 80' lang='grc' dir='ltr'>λωὸήμασι</span> <span class='ocrx_word' id='word_1_424' title='bbox 3041 2789 3336 2844; x_wconf 84' lang='grc' dir='ltr'>ἀπολέσθαι</span> <span class='ocrx_word' id='word_1_425' title='bbox 3390 2790 3489 2862; x_wconf 84' lang='grc' dir='ltr'>μὲν</span> <span class='ocrx_word' id='word_1_426' title='bbox 3522 2791 3662 2859; x_wconf 81' lang='grc' dir='ltr'>ἔστι,</span> 
     </span>
    </p>
   </div>
   <div class='ocr_carea' id='block_1_60' title="bbox 2085 2879 3666 2952">
    <p class='ocr_par' dir='ltr' id='par_1_60' title="bbox 2085 2879 3666 2952">
     <span class='ocr_line' id='line_1_60' title="bbox 2085 2879 3666 2952; baseline 0.005 -22"><span class='ocrx_word' id='word_1_427' title='bbox 2085 2880 2342 2950; x_wconf 85' lang='grc' dir='ltr'>τήκονται</span> <span class='ocrx_word' id='word_1_428' title='bbox 2370 2879 2479 2951; x_wconf 83' lang='grc' dir='ltr'>γάρ</span> <span class='ocrx_word' id='word_1_429' title='bbox 2497 2895 2512 2910; x_wconf 87' lang='grc'><strong>·</strong></span> <span class='ocrx_word' id='word_1_430' title='bbox 2540 2880 3053 2952; x_wconf 77' lang='grc' dir='ltr'>ἀποκατασταθῆναι</span> <span class='ocrx_word' id='word_1_431' title='bbox 3080 2882 3138 2936; x_wconf 83' lang='grc' dir='ltr'>δὲ</span> <span class='ocrx_word' id='word_1_432' title='bbox 3159 2885 3260 2937; x_wconf 81' lang='grc' dir='ltr'><strong>οὐκ</strong></span> <span class='ocrx_word' id='word_1_433' title='bbox 3288 2883 3404 2936; x_wconf 78' lang='grc' dir='ltr'>ἐστι</span> <span class='ocrx_word' id='word_1_434' title='bbox 3422 2900 3437 2914; x_wconf 90' lang='grc'><strong>·</strong></span> <span class='ocrx_word' id='word_1_435' title='bbox 3472 2883 3562 2938; x_wconf 84' lang='grc' dir='ltr'><strong>διά</strong></span> <span class='ocrx_word' id='word_1_436' title='bbox 3600 2885 3666 2938; x_wconf 83' lang='grc' dir='ltr'>τὸ</span> 
     </span>
    </p>
   </div>
   <div class='ocr_carea' id='block_1_61' title="bbox 2087 2971 3667 3048">
    <p class='ocr_par' dir='ltr' id='par_1_61' title="bbox 2087 2971 3667 3048">
     <span class='ocr_line' id='line_1_61' title="bbox 2087 2971 3667 3048; baseline 0.006 -25"><span class='ocrx_word' id='word_1_437' title='bbox 2087 2971 2145 3025; x_wconf 79' lang='grc' dir='ltr'>ὲν</span> <span class='ocrx_word' id='word_1_438' title='bbox 2194 2972 2345 3043; x_wconf 74' lang='grc' dir='ltr'>πάσῃ</span> <span class='ocrx_word' id='word_1_439' title='bbox 2375 2973 2538 3043; x_wconf 81' lang='grc' dir='ltr'>τέχνῃ</span> <span class='ocrx_word' id='word_1_440' title='bbox 2581 2972 2670 3025; x_wconf 84' lang='grc' dir='ltr'><strong>τὸν</strong></span> <span class='ocrx_word' id='word_1_441' title='bbox 2701 2973 2921 3044; x_wconf 82' lang='grc' dir='ltr'>ἄριστον</span> <span class='ocrx_word' id='word_1_442' title='bbox 2952 2974 3282 3046; x_wconf 82' lang='grc' dir='ltr'>δημιουργὸν</span> <span class='ocrx_word' id='word_1_443' title='bbox 3318 2976 3391 3047; x_wconf 85' lang='grc' dir='ltr'>μὴ</span> <span class='ocrx_word' id='word_1_444' title='bbox 3426 2976 3562 3048; x_wconf 80' lang='grc' dir='ltr'>πρὸς</span> <span class='ocrx_word' id='word_1_445' title='bbox 3600 2977 3667 3032; x_wconf 79' lang='grc' dir='ltr'><strong>τὸ</strong></span> 
     </span>
    </p>
   </div>
   <div class='ocr_carea' id='block_1_62' title="bbox 394 3060 1982 3141">
    <p class='ocr_par' dir='ltr' id='par_1_62' title="bbox 394 3060 1979 3138">
     <span class='ocr_line' id='line_1_62' title="bbox 394 3060 1979 3138; baseline -0.006 -16"><span class='ocrx_word' id='word_1_446' title='bbox 394 3068 560 3122; x_wconf 88' lang='lat' dir='ltr'><strong>deant</strong></span> <span class='ocrx_word' id='word_1_447' title='bbox 588 3087 599 3122; x_wconf 94' lang='lat'><strong>:</strong></span> <span class='ocrx_word' id='word_1_448' title='bbox 634 3075 920 3138; x_wconf 78' lang='lat' dir='ltr'><strong>propterea</strong></span> <span class='ocrx_word' id='word_1_449' title='bbox 949 3065 1095 3137; x_wconf 90' lang='lat' dir='ltr'><strong>quod</strong></span> <span class='ocrx_word' id='word_1_450' title='bbox 1119 3066 1175 3120; x_wconf 90' lang='lat' dir='ltr'><strong>in</strong></span> <span class='ocrx_word' id='word_1_451' title='bbox 1197 3065 1346 3119; x_wconf 89' lang='lat' dir='ltr'><strong>omni</strong></span> <span class='ocrx_word' id='word_1_452' title='bbox 1365 3073 1479 3117; x_wconf 91' lang='lat' dir='ltr'><strong>arte</strong></span> <span class='ocrx_word' id='word_1_453' title='bbox 1493 3060 1979 3133; x_wconf 60' lang='lat' dir='ltr'><strong>praestantissimus</strong></span> 
     </span>
    </p>
   </div>
   <div class='ocr_carea' id='block_1_63' title="bbox 2092 3060 3667 3141">
    <p class='ocr_par' dir='ltr' id='par_1_63' title="bbox 2092 3064 3667 3141">
     <span class='ocr_line' id='line_1_63' title="bbox 2092 3064 3667 3141; baseline 0.005 -26"><span class='ocrx_word' id='word_1_454' title='bbox 2092 3064 2299 3135; x_wconf 72' lang='grc' dir='ltr'>αἴσχιον</span> <span class='ocrx_word' id='word_1_455' title='bbox 2324 3065 2357 3135; x_wconf 84' lang='grc' dir='ltr'><strong>ἢ</strong></span> <span class='ocrx_word' id='word_1_456' title='bbox 2387 3064 2911 3136; x_wconf 79' lang='grc' dir='ltr'>ὲπιτευχθησόμενον</span> <span class='ocrx_word' id='word_1_457' title='bbox 2944 3066 3059 3137; x_wconf 73' lang='grc'>(72)</span> <span class='ocrx_word' id='word_1_458' title='bbox 3087 3069 3241 3138; x_wconf 81' lang='grc' dir='ltr'>ὀρᾷν,</span> <span class='ocrx_word' id='word_1_459' title='bbox 3271 3067 3406 3129; x_wconf 79' lang='grc' dir='ltr'><strong>ἀλλά</strong></span> <span class='ocrx_word' id='word_1_460' title='bbox 3438 3070 3572 3141; x_wconf 85' lang='grc' dir='ltr'>πρὸς</span> <span class='ocrx_word' id='word_1_461' title='bbox 3601 3069 3667 3123; x_wconf 77' lang='grc' dir='ltr'>τὸ</span> 
     </span>
    </p>
   </div>
   <div class='ocr_carea' id='block_1_64' title="bbox 394 3126 1982 3231">
    <p class='ocr_par' dir='ltr' id='par_1_64' title="bbox 394 3126 1982 3231">
     <span class='ocr_line' id='line_1_64' title="bbox 394 3126 1982 3231; baseline -0.006 -16"><span class='ocrx_word' id='word_1_462' title='bbox 394 3158 580 3231; x_wconf 84' lang='lat' dir='ltr'><strong>opifex</strong></span> <span class='ocrx_word' id='word_1_463' title='bbox 634 3126 755 3213; x_wconf 50' lang='lat' dir='ltr'><strong>non.</strong></span> <span class='ocrx_word' id='word_1_464' title='bbox 795 3173 860 3213; x_wconf 88' lang='lat' dir='ltr'><strong>eo</strong></span> <span class='ocrx_word' id='word_1_465' title='bbox 895 3126 1157 3228; x_wconf 74' lang='lat' dir='ltr'><strong>respiciat</strong></span> <span class='ocrx_word' id='word_1_466' title='bbox 1188 3167 1247 3210; x_wconf 90' lang='lat' dir='ltr'><strong>ut</strong></span> <span class='ocrx_word' id='word_1_467' title='bbox 1278 3170 1440 3209; x_wconf 88' lang='lat' dir='ltr'><strong>suum</strong></span> <span class='ocrx_word' id='word_1_468' title='bbox 1462 3168 1599 3222; x_wconf 87' lang='lat' dir='ltr'><strong>opus</strong></span> <span class='ocrx_word' id='word_1_469' title='bbox 1627 3150 1982 3221; x_wconf 87' lang='lat' dir='ltr'><strong>turpitudinis</strong></span> 
     </span>
    </p>
   </div>
   <div class='ocr_carea' id='block_1_65' title="bbox 2092 3126 3667 3231">
    <p class='ocr_par' dir='ltr' id='par_1_65' title="bbox 2092 3126 3667 3230">
     <span class='ocr_line' id='line_1_65' title="bbox 2092 3126 3667 3230; baseline 0.003 -21"><span class='ocrx_word' id='word_1_470' title='bbox 2092 3126 2402 3228; x_wconf 74' lang='grc' dir='ltr'>σύμμετρον</span> <span class='ocrx_word' id='word_1_471' title='bbox 2439 3157 2535 3210; x_wconf 76' lang='grc' dir='ltr'><strong>καὶ</strong></span> <span class='ocrx_word' id='word_1_472' title='bbox 2561 3126 2719 3220; x_wconf 36' lang='grc' dir='ltr'>εΠδθές</span> <span class='ocrx_word' id='word_1_473' title='bbox 2755 3126 2850 3211; x_wconf 67' lang='grc' dir='ltr'>τοῦ</span> <span class='ocrx_word' id='word_1_474' title='bbox 2889 3126 3409 3230; x_wconf 32' lang='grc' dir='ltr'>δηὶμιουργουμένου.</span> <span class='ocrx_word' id='word_1_475' title='bbox 3456 3126 3667 3215; x_wconf 55' lang='grc' dir='ltr'>’ἑαυτὸν</span> 
     </span>
    </p>
   </div>
   <div class='ocr_carea' id='block_1_66' title="bbox 394 3243 1982 3322">
    <p class='ocr_par' dir='ltr' id='par_1_66' title="bbox 394 3243 1982 3322">
     <span class='ocr_line' id='line_1_66' title="bbox 394 3243 1982 3322; baseline -0.005 -16"><span class='ocrx_word' id='word_1_476' title='bbox 394 3251 604 3322; x_wconf 84' lang='lat' dir='ltr'><strong>aliquid</strong></span> <span class='ocrx_word' id='word_1_477' title='bbox 638 3250 722 3306; x_wconf 90' lang='lat' dir='ltr'><strong>vel</strong></span> <span class='ocrx_word' id='word_1_478' title='bbox 770 3250 1089 3306; x_wconf 84' lang='lat' dir='ltr'><strong>oﬁensionis</strong></span> <span class='ocrx_word' id='word_1_479' title='bbox 1142 3248 1369 3310; x_wconf 85' lang='lat' dir='ltr'><strong>habeat,</strong></span> <span class='ocrx_word' id='word_1_480' title='bbox 1425 3247 1522 3301; x_wconf 90' lang='lat' dir='ltr'><strong>sed</strong></span> <span class='ocrx_word' id='word_1_481' title='bbox 1582 3252 1642 3299; x_wconf 92' lang='lat' dir='ltr'><strong>ut</strong></span> <span class='ocrx_word' id='word_1_482' title='bbox 1697 3243 1982 3315; x_wconf 84' lang='lat' dir='ltr'><strong>aptissime</strong></span> 
     </span>
    </p>
   </div>
   <div class='ocr_carea' id='block_1_67' title="bbox 391 3335 1981 3414">
    <p class='ocr_par' dir='ltr' id='par_1_67' title="bbox 391 3335 1981 3414">
     <span class='ocr_line' id='line_1_67' title="bbox 391 3335 1981 3414; baseline -0.005 -17"><span class='ocrx_word' id='word_1_483' title='bbox 391 3344 737 3400; x_wconf 85' lang='lat' dir='ltr'><strong>modulatum</strong></span> <span class='ocrx_word' id='word_1_484' title='bbox 769 3342 1083 3414; x_wconf 77' lang='lat' dir='ltr'><strong>aﬁ&#39;abreque</strong></span> <span class='ocrx_word' id='word_1_485' title='bbox 1106 3341 1310 3395; x_wconf 84' lang='lat' dir='ltr'><strong>factum</strong></span> <span class='ocrx_word' id='word_1_486' title='bbox 1336 3346 1516 3393; x_wconf 79' lang='lat' dir='ltr'><strong>exeat.</strong></span> <span class='ocrx_word' id='word_1_487' title='bbox 1549 3337 1696 3393; x_wconf 86' lang='lat' dir='ltr'><strong>Idem</strong></span> <span class='ocrx_word' id='word_1_488' title='bbox 1729 3336 1898 3405; x_wconf 84' lang='lat' dir='ltr'><strong>igitur</strong></span> <span class='ocrx_word' id='word_1_489' title='bbox 1922 3335 1981 3390; x_wconf 90' lang='lat' dir='ltr'><strong>in</strong></span> 
     </span>
    </p>
   </div>
   <div class='ocr_carea' id='block_1_68' title="bbox 390 3428 1976 3493">
    <p class='ocr_par' dir='ltr' id='par_1_68' title="bbox 390 3428 1976 3493">
     <span class='ocr_line' id='line_1_68' title="bbox 390 3428 1976 3493; baseline -0.006 -2"><span class='ocrx_word' id='word_1_490' title='bbox 390 3438 552 3493; x_wconf 91' lang='lat' dir='ltr'><strong>nobis</strong></span> <span class='ocrx_word' id='word_1_491' title='bbox 584 3436 784 3493; x_wconf 84' lang='lat' dir='ltr'><strong>fecisse</strong></span> <span class='ocrx_word' id='word_1_492' title='bbox 812 3435 949 3489; x_wconf 88' lang='lat' dir='ltr'><strong>mihi</strong></span> <span class='ocrx_word' id='word_1_493' title='bbox 993 3433 1138 3489; x_wconf 88' lang='lat' dir='ltr'><strong>Deus</strong></span> <span class='ocrx_word' id='word_1_494' title='bbox 1183 3441 1239 3488; x_wconf 90' lang='lat' dir='ltr'><strong>et</strong></span> <span class='ocrx_word' id='word_1_495' title='bbox 1288 3431 1703 3486; x_wconf 87' lang='lat' dir='ltr'><strong>administrasse</strong></span> <span class='ocrx_word' id='word_1_496' title='bbox 1740 3428 1976 3483; x_wconf 87' lang='lat' dir='ltr'><strong>videtur.</strong></span> 
     </span>
    </p>
   </div>
   <div class='ocr_carea' id='block_1_69' title="bbox 391 3523 1977 3594">
    <p class='ocr_par' dir='ltr' id='par_1_69' title="bbox 391 3523 1977 3594">
     <span class='ocr_line' id='line_1_69' title="bbox 391 3523 1977 3594; baseline -0.005 -13"><span class='ocrx_word' id='word_1_497' title='bbox 391 3528 528 3582; x_wconf 85' lang='lat' dir='ltr'><strong>Cum</strong></span> <span class='ocrx_word' id='word_1_498' title='bbox 563 3528 708 3584; x_wconf 87' lang='lat' dir='ltr'><strong>enim</strong></span> <span class='ocrx_word' id='word_1_499' title='bbox 740 3527 1039 3592; x_wconf 88' lang='lat' dir='ltr'><strong>hominem,</strong></span> <span class='ocrx_word' id='word_1_500' title='bbox 1072 3523 1541 3594; x_wconf 79' lang='lat' dir='ltr'><strong>elegantissimum</strong></span> <span class='ocrx_word' id='word_1_501' title='bbox 1586 3535 1725 3590; x_wconf 89' lang='lat' dir='ltr'><strong>opus</strong></span> <span class='ocrx_word' id='word_1_502' title='bbox 1777 3535 1936 3574; x_wconf 89' lang='lat' dir='ltr'><strong>suum</strong></span> <span class='ocrx_word' id='word_1_503' title='bbox 1959 3558 1977 3586; x_wconf 91' lang='lat'><strong>,</strong></span> 
     </span>
    </p>
   </div>
   <div class='ocr_carea' id='block_1_70' title="bbox 393 3610 1981 3686">
    <p class='ocr_par' dir='ltr' id='par_1_70' title="bbox 393 3610 1981 3686">
     <span class='ocr_line' id='line_1_70' title="bbox 393 3610 1981 3686; baseline -0.006 -11"><span class='ocrx_word' id='word_1_504' title='bbox 393 3619 761 3675; x_wconf 79' lang='lat' dir='ltr'><strong>l‘raudulentis</strong></span> <span class='ocrx_word' id='word_1_505' title='bbox 787 3619 1000 3673; x_wconf 88' lang='lat' dir='ltr'><strong>artibus</strong></span> <span class='ocrx_word' id='word_1_506' title='bbox 1040 3625 1207 3686; x_wconf 89' lang='lat' dir='ltr'><strong>atque</strong></span> <span class='ocrx_word' id='word_1_507' title='bbox 1235 3614 1442 3669; x_wconf 86' lang='lat' dir='ltr'><strong>invidia</strong></span> <span class='ocrx_word' id='word_1_508' title='bbox 1474 3612 1811 3683; x_wconf 88' lang='lat' dir='ltr'><strong>perspiceret</strong></span> <span class='ocrx_word' id='word_1_509' title='bbox 1837 3610 1981 3666; x_wconf 88' lang='lat' dir='ltr'><strong>male</strong></span> 
     </span>
    </p>
   </div>
   <div class='ocr_carea' id='block_1_71' title="bbox 392 3705 1981 3780">
    <p class='ocr_par' dir='ltr' id='par_1_71' title="bbox 392 3705 1981 3780">
     <span class='ocr_line' id='line_1_71' title="bbox 392 3705 1981 3780; baseline -0.006 -13"><span class='ocrx_word' id='word_1_510' title='bbox 392 3713 661 3777; x_wconf 83' lang='lat' dir='ltr'><strong>habitum,</strong></span> <span class='ocrx_word' id='word_1_511' title='bbox 685 3711 849 3766; x_wconf 90' lang='lat' dir='ltr'><strong>talem</strong></span> <span class='ocrx_word' id='word_1_512' title='bbox 886 3724 986 3780; x_wconf 89' lang='lat' dir='ltr'><strong>pro</strong></span> <span class='ocrx_word' id='word_1_513' title='bbox 1016 3722 1116 3763; x_wconf 91' lang='lat' dir='ltr'><strong>sua</strong></span> <span class='ocrx_word' id='word_1_514' title='bbox 1162 3707 1497 3777; x_wconf 82' lang='lat' dir='ltr'><strong>benignitate</strong></span> <span class='ocrx_word' id='word_1_515' title='bbox 1540 3705 1853 3774; x_wconf 89' lang='lat' dir='ltr'><strong>relinquere</strong></span> <span class='ocrx_word' id='word_1_516' title='bbox 1880 3717 1981 3758; x_wconf 91' lang='lat' dir='ltr'><strong>no-</strong></span> 
     </span>
    </p>
   </div>
   <div class='ocr_carea' id='block_1_72' title="bbox 397 3796 1976 3873">
    <p class='ocr_par' dir='ltr' id='par_1_72' title="bbox 397 3796 1976 3873">
     <span class='ocr_line' id='line_1_72' title="bbox 397 3796 1976 3873; baseline -0.006 -14"><span class='ocrx_word' id='word_1_517' title='bbox 397 3806 522 3873; x_wconf 91' lang='lat' dir='ltr'><strong>luit,</strong></span> <span class='ocrx_word' id='word_1_518' title='bbox 558 3820 627 3859; x_wconf 92' lang='lat' dir='ltr'><strong>ne</strong></span> <span class='ocrx_word' id='word_1_519' title='bbox 657 3804 715 3858; x_wconf 91' lang='lat' dir='ltr'><strong>in</strong></span> <span class='ocrx_word' id='word_1_520' title='bbox 748 3818 968 3858; x_wconf 84' lang='lat' dir='ltr'><strong>omnem</strong></span> <span class='ocrx_word' id='word_1_521' title='bbox 1001 3800 1361 3856; x_wconf 71' lang='lat' dir='ltr'><strong>reternitatem</strong></span> <span class='ocrx_word' id='word_1_522' title='bbox 1409 3798 1669 3854; x_wconf 87' lang='lat' dir='ltr'><strong>infectum</strong></span> <span class='ocrx_word' id='word_1_523' title='bbox 1720 3796 1934 3851; x_wconf 88' lang='lat' dir='ltr'><strong>macula</strong></span> <span class='ocrx_word' id='word_1_524' title='bbox 1959 3835 1976 3861; x_wconf 94' lang='lat'><strong>,</strong></span> 
     </span>
    </p>
   </div>
   <div class='ocr_carea' id='block_1_73' title="bbox 393 3888 1979 3961">
    <p class='ocr_par' dir='ltr' id='par_1_73' title="bbox 393 3888 1979 3961">
     <span class='ocr_line' id='line_1_73' title="bbox 393 3888 1979 3961; baseline -0.004 -9"><span class='ocrx_word' id='word_1_525' title='bbox 393 3896 703 3952; x_wconf 87' lang='lat' dir='ltr'><strong>immortale</strong></span> <span class='ocrx_word' id='word_1_526' title='bbox 733 3893 868 3949; x_wconf 88' lang='lat' dir='ltr'><strong>illud</strong></span> <span class='ocrx_word' id='word_1_527' title='bbox 893 3908 1080 3949; x_wconf 89' lang='lat' dir='ltr'><strong>secum</strong></span> <span class='ocrx_word' id='word_1_528' title='bbox 1130 3891 1817 3961; x_wconf 70' lang='lat' dir='ltr'><strong>adveheret,vituperium,</strong></span> <span class='ocrx_word' id='word_1_529' title='bbox 1880 3888 1979 3946; x_wconf 85' lang='lat' dir='ltr'><strong>sed</strong></span> 
     </span>
    </p>
   </div>
   <div class='ocr_carea' id='block_1_74' title="bbox 389 3980 1981 4053">
    <p class='ocr_par' dir='ltr' id='par_1_74' title="bbox 389 3980 1981 4053">
     <span class='ocr_line' id='line_1_74' title="bbox 389 3980 1981 4053; baseline -0.004 -11"><span class='ocrx_word' id='word_1_530' title='bbox 389 3990 451 4045; x_wconf 88' lang='lat' dir='ltr'><strong>in</strong></span> <span class='ocrx_word' id='word_1_531' title='bbox 480 3989 765 4043; x_wconf 89' lang='lat' dir='ltr'><strong>materiam</strong></span> <span class='ocrx_word' id='word_1_532' title='bbox 793 3985 973 4041; x_wconf 91' lang='lat' dir='ltr'><strong>denuo</strong></span> <span class='ocrx_word' id='word_1_533' title='bbox 996 3983 1243 4050; x_wconf 87' lang='lat' dir='ltr'><strong>resolvit,</strong></span> <span class='ocrx_word' id='word_1_534' title='bbox 1278 3990 1338 4037; x_wconf 93' lang='lat' dir='ltr'><strong>ut</strong></span> <span class='ocrx_word' id='word_1_535' title='bbox 1365 3981 1634 4053; x_wconf 88' lang='lat' dir='ltr'><strong>quidquid</strong></span> <span class='ocrx_word' id='word_1_536' title='bbox 1691 3983 1743 4036; x_wconf 92' lang='lat' dir='ltr'><strong>in</strong></span> <span class='ocrx_word' id='word_1_537' title='bbox 1794 3997 1860 4037; x_wconf 91' lang='lat' dir='ltr'><strong>eo</strong></span> <span class='ocrx_word' id='word_1_538' title='bbox 1896 3980 1981 4036; x_wconf 79' lang='lat' dir='ltr'><strong>vi-</strong></span> 
     </span>
    </p>
   </div>
   <div class='ocr_carea' id='block_1_75' title="bbox 392 4077 1977 4147">
    <p class='ocr_par' dir='ltr' id='par_1_75' title="bbox 392 4077 1977 4147">
     <span class='ocr_line' id='line_1_75' title="bbox 392 4077 1977 4147; baseline -0.004 -11"><span class='ocrx_word' id='word_1_539' title='bbox 392 4082 596 4136; x_wconf 90' lang='lat' dir='ltr'><strong>tiosum</strong></span> <span class='ocrx_word' id='word_1_540' title='bbox 628 4089 777 4146; x_wconf 88' lang='lat' dir='ltr'><strong>erat,</strong></span> <span class='ocrx_word' id='word_1_541' title='bbox 809 4078 1203 4134; x_wconf 86' lang='lat' dir='ltr'><strong>reformatione</strong></span> <span class='ocrx_word' id='word_1_542' title='bbox 1236 4081 1354 4147; x_wconf 86' lang='lat' dir='ltr'><strong>ipsa</strong></span> <span class='ocrx_word' id='word_1_543' title='bbox 1386 4077 1534 4131; x_wconf 89' lang='lat' dir='ltr'><strong>velut</strong></span> <span class='ocrx_word' id='word_1_544' title='bbox 1557 4078 1857 4147; x_wconf 90' lang='lat' dir='ltr'><strong>eliquatum</strong></span> <span class='ocrx_word' id='word_1_545' title='bbox 1889 4080 1977 4129; x_wconf 80' lang='lat' dir='ltr'><strong>at-</strong></span> 
     </span>
    </p>
   </div>
   <div class='ocr_carea' id='block_1_76' title="bbox 393 4167 1979 4242">
    <p class='ocr_par' dir='ltr' id='par_1_76' title="bbox 393 4167 1979 4242">
     <span class='ocr_line' id='line_1_76' title="bbox 393 4167 1979 4242; baseline -0.001 -17"><span class='ocrx_word' id='word_1_546' title='bbox 393 4188 503 4242; x_wconf 92' lang='lat' dir='ltr'><strong>que</strong></span> <span class='ocrx_word' id='word_1_547' title='bbox 533 4172 864 4227; x_wconf 81' lang='lat' dir='ltr'><strong>exstinctum</strong></span> <span class='ocrx_word' id='word_1_548' title='bbox 901 4168 1123 4239; x_wconf 85' lang='lat' dir='ltr'><strong>periret.</strong></span> <span class='ocrx_word' id='word_1_549' title='bbox 1156 4167 1312 4233; x_wconf 85' lang='lat' dir='ltr'><strong>Quod</strong></span> <span class='ocrx_word' id='word_1_550' title='bbox 1336 4169 1480 4223; x_wconf 89' lang='lat' dir='ltr'><strong>enim</strong></span> <span class='ocrx_word' id='word_1_551' title='bbox 1513 4168 1625 4222; x_wconf 91' lang='lat' dir='ltr'><strong>illic</strong></span> <span class='ocrx_word' id='word_1_552' title='bbox 1671 4177 1757 4223; x_wconf 86' lang='lat' dir='ltr'><strong>est</strong></span> <span class='ocrx_word' id='word_1_553' title='bbox 1785 4176 1979 4223; x_wconf 64' lang='lat' dir='ltr'><strong>statuae</strong></span> 
     </span>
    </p>
   </div>
   <div class='ocr_carea' id='block_1_77' title="bbox 391 4259 1975 4331">
    <p class='ocr_par' dir='ltr' id='par_1_77' title="bbox 391 4259 1975 4331">
     <span class='ocr_line' id='line_1_77' title="bbox 391 4259 1975 4331; baseline -0.004 -11"><span class='ocrx_word' id='word_1_554' title='bbox 391 4262 679 4328; x_wconf 89' lang='lat' dir='ltr'><strong>conﬁatio,</strong></span> <span class='ocrx_word' id='word_1_555' title='bbox 710 4262 854 4317; x_wconf 89' lang='lat' dir='ltr'><strong>idem</strong></span> <span class='ocrx_word' id='word_1_556' title='bbox 883 4262 973 4316; x_wconf 86' lang='lat' dir='ltr'><strong>hic</strong></span> <span class='ocrx_word' id='word_1_557' title='bbox 1007 4275 1155 4316; x_wconf 89' lang='lat' dir='ltr'><strong>mors</strong></span> <span class='ocrx_word' id='word_1_558' title='bbox 1183 4269 1268 4315; x_wconf 91' lang='lat' dir='ltr'><strong>est</strong></span> <span class='ocrx_word' id='word_1_559' title='bbox 1288 4300 1304 4326; x_wconf 97' lang='lat'><strong>,</strong></span> <span class='ocrx_word' id='word_1_560' title='bbox 1353 4259 1752 4331; x_wconf 82' lang='lat' dir='ltr'><strong>dissolutioque</strong></span> <span class='ocrx_word' id='word_1_561' title='bbox 1780 4275 1975 4331; x_wconf 78' lang='lat' dir='ltr'><strong>corpo-</strong></span> 
     </span>
    </p>
   </div>
   <div class='ocr_carea' id='block_1_78' title="bbox 391 4354 1976 4427">
    <p class='ocr_par' dir='ltr' id='par_1_78' title="bbox 391 4354 1976 4427">
     <span class='ocr_line' id='line_1_78' title="bbox 391 4354 1976 4427; baseline -0.004 -14"><span class='ocrx_word' id='word_1_562' title='bbox 391 4359 510 4413; x_wconf 88' lang='lat' dir='ltr'><strong>ris:</strong></span> <span class='ocrx_word' id='word_1_563' title='bbox 550 4372 613 4411; x_wconf 92' lang='lat' dir='ltr'><strong>ac</strong></span> <span class='ocrx_word' id='word_1_564' title='bbox 639 4356 785 4427; x_wconf 91' lang='lat' dir='ltr'><strong>quod</strong></span> <span class='ocrx_word' id='word_1_565' title='bbox 818 4357 930 4411; x_wconf 90' lang='lat' dir='ltr'><strong>illic</strong></span> <span class='ocrx_word' id='word_1_566' title='bbox 951 4364 1055 4420; x_wconf 90' lang='lat' dir='ltr'><strong>est,</strong></span> <span class='ocrx_word' id='word_1_567' title='bbox 1082 4355 1280 4410; x_wconf 89' lang='lat' dir='ltr'><strong>iterum</strong></span> <span class='ocrx_word' id='word_1_568' title='bbox 1319 4354 1650 4410; x_wconf 83' lang='lat' dir='ltr'><strong>conformari</strong></span> <span class='ocrx_word' id='word_1_569' title='bbox 1692 4354 1976 4409; x_wconf 86' lang='lat' dir='ltr'><strong>materiam</strong></span> 
     </span>
    </p>
   </div>
   <div class='ocr_carea' id='block_1_79' title="bbox 391 4444 1972 4521">
    <p class='ocr_par' dir='ltr' id='par_1_79' title="bbox 391 4444 1972 4521">
     <span class='ocr_line' id='line_1_79' title="bbox 391 4444 1972 4521; baseline -0.005 -16"><span class='ocrx_word' id='word_1_570' title='bbox 391 4458 556 4521; x_wconf 89' lang='lat' dir='ltr'><strong>atque</strong></span> <span class='ocrx_word' id='word_1_571' title='bbox 578 4450 634 4503; x_wconf 92' lang='lat' dir='ltr'><strong>in</strong></span> <span class='ocrx_word' id='word_1_572' title='bbox 661 4449 954 4519; x_wconf 85' lang='lat' dir='ltr'><strong>pristinum</strong></span> <span class='ocrx_word' id='word_1_573' title='bbox 1003 4447 1237 4501; x_wconf 87' lang='lat' dir='ltr'><strong>nitorem</strong></span> <span class='ocrx_word' id='word_1_574' title='bbox 1272 4447 1522 4508; x_wconf 87' lang='lat' dir='ltr'><strong>restitui,</strong></span> <span class='ocrx_word' id='word_1_575' title='bbox 1570 4445 1714 4499; x_wconf 90' lang='lat' dir='ltr'><strong>idem</strong></span> <span class='ocrx_word' id='word_1_576' title='bbox 1745 4444 1837 4498; x_wconf 90' lang='lat' dir='ltr'><strong>hic</strong></span> <span class='ocrx_word' id='word_1_577' title='bbox 1867 4450 1972 4508; x_wconf 92' lang='lat' dir='ltr'><strong>est,</strong></span> 
     </span>
    </p>
   </div>
   <div class='ocr_carea' id='block_1_80' title="bbox 391 4534 1981 4613">
    <p class='ocr_par' dir='ltr' id='par_1_80' title="bbox 391 4534 1981 4613">
     <span class='ocr_line' id='line_1_80' title="bbox 391 4534 1981 4613; baseline -0.004 -18"><span class='ocrx_word' id='word_1_578' title='bbox 391 4553 516 4613; x_wconf 89' lang='lat' dir='ltr'><strong>post</strong></span> <span class='ocrx_word' id='word_1_579' title='bbox 552 4548 786 4595; x_wconf 89' lang='lat' dir='ltr'><strong>mortem</strong></span> <span class='ocrx_word' id='word_1_580' title='bbox 815 4555 1142 4611; x_wconf 76' lang='lat' dir='ltr'><strong>resurgere:</strong></span> <span class='ocrx_word' id='word_1_581' title='bbox 1179 4537 1640 4608; x_wconf 86' lang='lat' dir='ltr'><strong>quemadmodum</strong></span> <span class='ocrx_word' id='word_1_582' title='bbox 1688 4535 1852 4591; x_wconf 89' lang='lat' dir='ltr'><strong>etiam</strong></span> <span class='ocrx_word' id='word_1_583' title='bbox 1895 4534 1981 4590; x_wconf 82' lang='lat' dir='ltr'><strong>Je-</strong></span> 
     </span>
    </p>
   </div>
   <div class='ocr_carea' id='block_1_81' title="bbox 390 4629 1978 4707">
    <p class='ocr_par' dir='ltr' id='par_1_81' title="bbox 390 4629 1978 4707">
     <span class='ocr_line' id='line_1_81' title="bbox 390 4629 1978 4707; baseline -0.004 -17"><span class='ocrx_word' id='word_1_584' title='bbox 390 4636 597 4691; x_wconf 88' lang='lat' dir='ltr'><strong>remias</strong></span> <span class='ocrx_word' id='word_1_585' title='bbox 623 4635 888 4706; x_wconf 83' lang='lat' dir='ltr'><strong>prOpheta</strong></span> <span class='ocrx_word' id='word_1_586' title='bbox 931 4633 1030 4707; x_wconf 84' lang='lat' dir='ltr'><strong>[ait</strong></span> <span class='ocrx_word' id='word_1_587' title='bbox 1058 4631 1306 4704; x_wconf 67' lang='lat' dir='ltr'><strong>Judaais].</strong></span> <span class='ocrx_word' id='word_1_588' title='bbox 1342 4632 1433 4686; x_wconf 89' lang='lat' dir='ltr'><strong>Sic</strong></span> <span class='ocrx_word' id='word_1_589' title='bbox 1463 4631 1610 4687; x_wconf 82' lang='lat' dir='ltr'><strong>enim</strong></span> <span class='ocrx_word' id='word_1_590' title='bbox 1639 4639 1694 4685; x_wconf 91' lang='lat' dir='ltr'><strong>et</strong></span> <span class='ocrx_word' id='word_1_591' title='bbox 1724 4630 1816 4684; x_wconf 91' lang='lat' dir='ltr'><strong>ille</strong></span> <span class='ocrx_word' id='word_1_592' title='bbox 1862 4629 1978 4699; x_wconf 90' lang='lat' dir='ltr'><strong>jam</strong></span> 
     </span>
    </p>
   </div>
   <div class='ocr_carea' id='block_1_82' title="bbox 389 4722 1977 4798">
    <p class='ocr_par' dir='ltr' id='par_1_82' title="bbox 389 4722 1977 4798">
     <span class='ocr_line' id='line_1_82' title="bbox 389 4722 1977 4798; baseline -0.005 -15"><span class='ocrx_word' id='word_1_593' title='bbox 389 4738 508 4785; x_wconf 87' lang='lat' dir='ltr'><strong>tum</strong></span> <span class='ocrx_word' id='word_1_594' title='bbox 537 4730 619 4785; x_wconf 89' lang='lat' dir='ltr'><strong>eis</strong></span> <span class='ocrx_word' id='word_1_595' title='bbox 643 4729 931 4785; x_wconf 89' lang='lat' dir='ltr'><strong>denuntiat</strong></span> <span class='ocrx_word' id='word_1_596' title='bbox 976 4727 1318 4798; x_wconf 85' lang='lat' dir='ltr'><strong>spondetque</strong></span> <span class='ocrx_word' id='word_1_597' title='bbox 1358 4725 1548 4781; x_wconf 90' lang='lat' dir='ltr'><strong>dicens</strong></span> <span class='ocrx_word' id='word_1_598' title='bbox 1580 4744 1594 4778; x_wconf 89' lang='lat'><strong>:</strong></span> <span class='ocrx_word' id='word_1_599' title='bbox 1628 4722 1700 4777; x_wconf 84' lang='lat' dir='ltr'><strong>Et</strong></span> <span class='ocrx_word' id='word_1_600' title='bbox 1731 4722 1977 4778; x_wconf 82' lang='lat' dir='ltr'><strong>descendi</strong></span> 
     </span>
    </p>
   </div>
   <div class='ocr_carea' id='block_1_83' title="bbox 388 4814 1980 4894">
    <p class='ocr_par' dir='ltr' id='par_1_83' title="bbox 388 4814 1980 4894">
     <span class='ocr_line' id='line_1_83' title="bbox 388 4814 1980 4894; baseline -0.007 -16"><span class='ocrx_word' id='word_1_601' title='bbox 388 4825 450 4879; x_wconf 83' lang='lat' dir='ltr'><strong>in</strong></span> <span class='ocrx_word' id='word_1_602' title='bbox 470 4826 686 4878; x_wconf 87' lang='lat' dir='ltr'><strong>domum</strong></span> <span class='ocrx_word' id='word_1_603' title='bbox 716 4823 899 4894; x_wconf 81' lang='lat' dir='ltr'><strong>ﬁguli;</strong></span> <span class='ocrx_word' id='word_1_604' title='bbox 943 4830 992 4875; x_wconf 85' lang='lat' dir='ltr'><strong>et</strong></span> <span class='ocrx_word' id='word_1_605' title='bbox 1020 4836 1137 4874; x_wconf 84' lang='lat' dir='ltr'><strong>ecce</strong></span> <span class='ocrx_word' id='word_1_606' title='bbox 1167 4819 1257 4873; x_wconf 85' lang='lat' dir='ltr'><strong>ille</strong></span> <span class='ocrx_word' id='word_1_607' title='bbox 1287 4817 1513 4886; x_wconf 76' lang='lat' dir='ltr'><strong>faciebat</strong></span> <span class='ocrx_word' id='word_1_608' title='bbox 1554 4830 1681 4885; x_wconf 80' lang='lat' dir='ltr'><strong>opus</strong></span> <span class='ocrx_word' id='word_1_609' title='bbox 1706 4829 1860 4883; x_wconf 82' lang='lat' dir='ltr'><strong>super</strong></span> <span class='ocrx_word' id='word_1_610' title='bbox 1895 4814 1980 4868; x_wconf 82' lang='lat' dir='ltr'><strong>la-</strong></span> 
     </span>
    </p>
   </div>
   <div class='ocr_carea' id='block_1_84' title="bbox 390 4906 1979 4989">
    <p class='ocr_par' dir='ltr' id='par_1_84' title="bbox 390 4906 1979 4989">
     <span class='ocr_line' id='line_1_84' title="bbox 390 4906 1979 4989; baseline -0.007 -17"><span class='ocrx_word' id='word_1_611' title='bbox 390 4917 602 4989; x_wconf 78' lang='lat' dir='ltr'><strong>pidibus</strong></span> <span class='ocrx_word' id='word_1_612' title='bbox 635 4934 656 4973; x_wconf 90' lang='lat'><strong>:</strong></span> <span class='ocrx_word' id='word_1_613' title='bbox 703 4926 752 4971; x_wconf 82' lang='lat' dir='ltr'><strong>et</strong></span> <span class='ocrx_word' id='word_1_614' title='bbox 782 4913 1053 4970; x_wconf 78' lang='lat' dir='ltr'><strong>intercidit</strong></span> <span class='ocrx_word' id='word_1_615' title='bbox 1085 4930 1176 4967; x_wconf 81' lang='lat' dir='ltr'><strong>vas</strong></span> <span class='ocrx_word' id='word_1_616' title='bbox 1213 4911 1327 4982; x_wconf 80' lang='grc'>(65)</span> <span class='ocrx_word' id='word_1_617' title='bbox 1361 4909 1497 4981; x_wconf 84' lang='lat' dir='ltr'><strong>quod</strong></span> <span class='ocrx_word' id='word_1_618' title='bbox 1524 4909 1635 4978; x_wconf 78' lang='lat' dir='ltr'><strong>ipse</strong></span> <span class='ocrx_word' id='word_1_619' title='bbox 1668 4906 1894 4978; x_wconf 80' lang='lat' dir='ltr'><strong>faciebat</strong></span> <span class='ocrx_word' id='word_1_620' title='bbox 1923 4909 1979 4961; x_wconf 83' lang='lat' dir='ltr'><strong>in</strong></span> 
     </span>
    </p>
   </div>
   <div class='ocr_carea' id='block_1_85' title="bbox 469 5050 1979 5130">
    <p class='ocr_par' dir='ltr' id='par_1_85' title="bbox 469 5050 1979 5130">
     <span class='ocr_line' id='line_1_85' title="bbox 469 5050 1979 5130; baseline -0.006 -18"><span class='ocrx_word' id='word_1_621' title='bbox 469 5057 583 5130; x_wconf 79' lang='lat'><strong>(65)</strong></span> <span class='ocrx_word' id='word_1_622' title='bbox 628 5057 698 5130; x_wconf 81' lang='lat' dir='ltr'><strong>Et</strong></span> <span class='ocrx_word' id='word_1_623' title='bbox 746 5057 1013 5130; x_wconf 74' lang='lat' dir='ltr'><strong>intercidit</strong></span> <span class='ocrx_word' id='word_1_624' title='bbox 1060 5073 1172 5112; x_wconf 80' lang='lat' dir='ltr'><strong>vas.</strong></span> <span class='ocrx_word' id='word_1_625' title='bbox 1225 5050 1786 5130; x_wconf 38' lang='grc' dir='ltr'>ᾼιέπεσελίιιιοιιιοάο</span> <span class='ocrx_word' id='word_1_626' title='bbox 1827 5057 1979 5130; x_wconf 85' lang='lat' dir='ltr'><strong>notat</strong></span> 
     </span>
    </p>
   </div>
   <div class='ocr_carea' id='block_1_86' title="bbox 394 5124 1977 5199">
    <p class='ocr_par' dir='ltr' id='par_1_86' title="bbox 394 5124 1977 5199">
     <span class='ocr_line' id='line_1_86' title="bbox 394 5124 1977 5199; baseline -0.004 -19"><span class='ocrx_word' id='word_1_627' title='bbox 394 5124 646 5184; x_wconf 71' lang='lat' dir='ltr'><strong>Nobilius</strong></span> <span class='ocrx_word' id='word_1_628' title='bbox 677 5129 875 5183; x_wconf 90' lang='lat' dir='ltr'><strong>habere</strong></span> <span class='ocrx_word' id='word_1_629' title='bbox 902 5130 1118 5199; x_wconf 89' lang='lat' dir='ltr'><strong>aliquos</strong></span> <span class='ocrx_word' id='word_1_630' title='bbox 1149 5127 1366 5199; x_wconf 80' lang='lat' dir='ltr'><strong>codices</strong></span> <span class='ocrx_word' id='word_1_631' title='bbox 1390 5144 1412 5199; x_wconf 89' lang='lat'><strong>:_</strong></span> <span class='ocrx_word' id='word_1_632' title='bbox 1430 5124 1614 5178; x_wconf 90' lang='lat' dir='ltr'><strong>minus</strong></span> <span class='ocrx_word' id='word_1_633' title='bbox 1646 5133 1831 5199; x_wconf 66' lang='lat' dir='ltr'><strong>tamen</strong></span> <span class='ocrx_word' id='word_1_634' title='bbox 1853 5129 1977 5199; x_wconf 79' lang='lat' dir='ltr'><strong>apte</strong></span> 
     </span>
    </p>
   </div>
   <div class='ocr_carea' id='block_1_87' title="bbox 392 5191 1978 5268">
    <p class='ocr_par' dir='ltr' id='par_1_87' title="bbox 392 5191 1978 5268">
     <span class='ocr_line' id='line_1_87' title="bbox 392 5191 1978 5268; baseline -0.008 -12"><span class='ocrx_word' id='word_1_635' title='bbox 392 5201 611 5256; x_wconf 79' lang='lat' dir='ltr'><strong>videtur</strong></span> <span class='ocrx_word' id='word_1_636' title='bbox 657 5214 948 5268; x_wconf 82' lang='lat' dir='ltr'><strong>exponere,</strong></span> <span class='ocrx_word' id='word_1_637' title='bbox 996 5191 1232 5251; x_wconf 69' lang='lat' dir='ltr'><strong>cadendo</strong></span> <span class='ocrx_word' id='word_1_638' title='bbox 1280 5195 1595 5268; x_wconf 68' lang='lat' dir='ltr'><strong>dissipatum</strong></span> <span class='ocrx_word' id='word_1_639' title='bbox 1633 5203 1734 5248; x_wconf 81' lang='lat' dir='ltr'><strong>est.</strong></span> <span class='ocrx_word' id='word_1_640' title='bbox 1785 5191 1978 5268; x_wconf 79' lang='lat' dir='ltr'><strong>Melius</strong></span> 
     </span>
    </p>
   </div>
   <div class='ocr_carea' id='block_1_88' title="bbox 397 5261 1977 5337">
    <p class='ocr_par' dir='ltr' id='par_1_88' title="bbox 397 5261 1977 5337">
     <span class='ocr_line' id='line_1_88' title="bbox 397 5261 1977 5337; baseline -0.004 -16"><span class='ocrx_word' id='word_1_641' title='bbox 397 5271 513 5337; x_wconf 81' lang='lat' dir='ltr'><strong>alii,</strong></span> <span class='ocrx_word' id='word_1_642' title='bbox 562 5261 829 5336; x_wconf 68' lang='lat' dir='ltr'><strong>dilapsum</strong></span> <span class='ocrx_word' id='word_1_643' title='bbox 858 5261 958 5334; x_wconf 80' lang='lat' dir='ltr'><strong>est,</strong></span> <span class='ocrx_word' id='word_1_644' title='bbox 1004 5284 1069 5322; x_wconf 90' lang='lat' dir='ltr'><strong>ac</strong></span> <span class='ocrx_word' id='word_1_645' title='bbox 1108 5269 1254 5322; x_wconf 86' lang='lat' dir='ltr'><strong>velut</strong></span> <span class='ocrx_word' id='word_1_646' title='bbox 1298 5261 1442 5321; x_wconf 84' lang='lat' dir='ltr'><strong>inter</strong></span> <span class='ocrx_word' id='word_1_647' title='bbox 1483 5264 1685 5334; x_wconf 72' lang='lat' dir='ltr'><strong>digitos</strong></span> <span class='ocrx_word' id='word_1_648' title='bbox 1724 5261 1977 5337; x_wconf 53' lang='lat' dir='ltr'><strong>etquasi</strong></span> 
     </span>
    </p>
   </div>
   <div class='ocr_carea' id='block_1_89' title="bbox 395 5331 1979 5409">
    <p class='ocr_par' dir='ltr' id='par_1_89' title="bbox 395 5331 1979 5409">
     <span class='ocr_line' id='line_1_89' title="bbox 395 5331 1979 5409; baseline -0.006 -15"><span class='ocrx_word' id='word_1_649' title='bbox 395 5331 552 5407; x_wconf 81' lang='lat' dir='ltr'><strong>casn,</strong></span> <span class='ocrx_word' id='word_1_650' title='bbox 581 5346 640 5392; x_wconf 93' lang='lat' dir='ltr'><strong>ut</strong></span> <span class='ocrx_word' id='word_1_651' title='bbox 671 5331 725 5392; x_wconf 87' lang='lat' dir='ltr'><strong>in</strong></span> <span class='ocrx_word' id='word_1_652' title='bbox 756 5331 1027 5409; x_wconf 80' lang='lat' dir='ltr'><strong>ejusmodi</strong></span> <span class='ocrx_word' id='word_1_653' title='bbox 1047 5339 1206 5403; x_wconf 86' lang='lat' dir='ltr'><strong>solet,</strong></span> <span class='ocrx_word' id='word_1_654' title='bbox 1233 5338 1457 5409; x_wconf 80' lang='lat' dir='ltr'><strong>defluxit</strong></span> <span class='ocrx_word' id='word_1_655' title='bbox 1476 5331 1854 5409; x_wconf 32' lang='lat' dir='ltr'><strong>ac‘intercidit’.</strong></span> <span class='ocrx_word' id='word_1_656' title='bbox 1877 5331 1979 5409; x_wconf 54' lang='lat' dir='ltr'><strong>Ife.</strong></span> 
     </span>
    </p>
   </div>
   <div class='ocr_carea' id='block_1_90' title="bbox 393 5402 1978 5537">
    <p class='ocr_par' dir='ltr' id='par_1_90' title="bbox 393 5402 1978 5537">
     <span class='ocr_line' id='line_1_90' title="bbox 393 5402 1978 5537; baseline -0.005 -73"><span class='ocrx_word' id='word_1_657' title='bbox 393 5402 801 5537; x_wconf 44' lang='lat' dir='ltr'><strong>iamustsolum</strong></span> <span class='ocrx_word' id='word_1_658' title='bbox 844 5411 1025 5466; x_wconf 86' lang='lat' dir='ltr'><strong>reddit</strong></span> <span class='ocrx_word' id='word_1_659' title='bbox 1064 5402 1298 5495; x_wconf 53' lang='lat' dir='ltr'><strong>simple;</strong></span> <span class='ocrx_word' id='word_1_660' title='bbox 1343 5407 1530 5474; x_wconf 68' lang='grc' dir='ltr'>ἔπεσε,</span> <span class='ocrx_word' id='word_1_661' title='bbox 1573 5405 1723 5476; x_wconf 90' lang='lat' dir='ltr'><strong>quod</strong></span> <span class='ocrx_word' id='word_1_662' title='bbox 1763 5402 1978 5459; x_wconf 79' lang='lat' dir='ltr'><strong>Sixtina</strong></span> 
     </span>
     <span class='ocr_line' id='line_1_91' title="bbox 434 5497 621 5536; baseline -0.011 0"><span class='ocrx_word' id='word_1_663' title='bbox 434 5497 464 5535; x_wconf 90' lang='lat' dir='ltr'><strong>a</strong></span> <span class='ocrx_word' id='word_1_664' title='bbox 540 5498 575 5536; x_wconf 95' lang='lat' dir='ltr'><strong>n</strong></span> <span class='ocrx_word' id='word_1_665' title='bbox 608 5522 621 5533; x_wconf 90' lang='lat'><strong>.</strong></span> 
     </span>
    </p>
   </div>
   <div class='ocr_carea' id='block_1_91' title="bbox 434 5484 1283 5536">
    <p class='ocr_par' dir='ltr' id='par_1_91' title="bbox 434 5484 1283 5536">
     <span class='ocr_line' id='line_1_92' title="bbox 434 5484 1283 5536; baseline -0.005 -1"><span class='ocrx_word' id='word_1_666' title='bbox 434 5484 621 5536; x_wconf 89' lang='lat' dir='ltr'><strong>ahent.</strong></span> <span class='ocrx_word' id='word_1_667' title='bbox 1269 5484 1283 5495; x_wconf 85' lang='lat'><strong>‘</strong></span> 
     </span>
    </p>
   </div>
   <div class='ocr_carea' id='block_1_92' title="bbox 464 5549 1342 5623">
    <p class='ocr_par' dir='ltr' id='par_1_92' title="bbox 464 5549 1342 5623">
     <span class='ocr_line' id='line_1_93' title="bbox 464 5549 1342 5623; baseline -0.003 -18"><span class='ocrx_word' id='word_1_668' title='bbox 464 5553 580 5623; x_wconf 87' lang='lat'><strong>(66)</strong></span> <span class='ocrx_word' id='word_1_669' title='bbox 625 5549 760 5605; x_wconf 80' lang='grc' dir='ltr'><strong>Ἀπὸ</strong></span> <span class='ocrx_word' id='word_1_670' title='bbox 786 5569 881 5622; x_wconf 78' lang='grc' dir='ltr'><strong>χρ.</strong></span> <span class='ocrx_word' id='word_1_671' title='bbox 918 5551 1223 5623; x_wconf 43' lang='grc' dir='ltr'><strong>Εᾶὶιη-ὐπδ</strong></span> <span class='ocrx_word' id='word_1_672' title='bbox 1251 5565 1342 5623; x_wconf 48' lang='grc' dir='ltr'>χρ</span> 
     </span>
    </p>
   </div>
   <div class='ocr_carea' id='block_1_93' title="bbox 465 5615 1997 5695">
    <p class='ocr_par' dir='ltr' id='par_1_93' title="bbox 465 5615 1997 5695">
     <span class='ocr_line' id='line_1_94' title="bbox 465 5615 1997 5695; baseline -0.005 -19"><span class='ocrx_word' id='word_1_673' title='bbox 465 5615 581 5695; x_wconf 83' lang='grc'>(67)</span> <span class='ocrx_word' id='word_1_674' title='bbox 608 5615 1470 5695; x_wconf 40' lang='grc' dir='ltr'>Καρπὸῖἓμενοςςῦοᾱεί’Βιιμ,</span> <span class='ocrx_word' id='word_1_675' title='bbox 1508 5615 1936 5687; x_wconf 77' lang='grc' dir='ltr'>καρποζόμενος.</span> <span class='ocrx_word' id='word_1_676' title='bbox 1990 5618 1997 5623; x_wconf 82' lang='grc'><strong>’</strong></span> 
     </span>
    </p>
   </div>
   <div class='ocr_carea' id='block_1_94' title="bbox 468 5691 2032 5775">
    <p class='ocr_par' dir='ltr' id='par_1_94' title="bbox 468 5691 2032 5775">
     <span class='ocr_line' id='line_1_95' title="bbox 468 5691 2032 5775; baseline -0.003 -30"><span class='ocrx_word' id='word_1_677' title='bbox 468 5691 579 5775; x_wconf 69' lang='grc'>(68)</span> <span class='ocrx_word' id='word_1_678' title='bbox 598 5695 834 5775; x_wconf 58' lang='grc' dir='ltr'>μεθ-τον.</span> <span class='ocrx_word' id='word_1_679' title='bbox 872 5695 955 5775; x_wconf 79' lang='lat' dir='ltr'><strong>Id._</strong></span> <span class='ocrx_word' id='word_1_680' title='bbox 975 5691 1166 5775; x_wconf 77' lang='lat' dir='ltr'><strong>codex,</strong></span> <span class='ocrx_word' id='word_1_681' title='bbox 1187 5691 1597 5761; x_wconf 82' lang='grc' dir='ltr'>πεπονημένος;</span> <span class='ocrx_word' id='word_1_682' title='bbox 1632 5702 1809 5758; x_wconf 84' lang='lat' dir='ltr'><strong>neque</strong></span> <span class='ocrx_word' id='word_1_683' title='bbox 1836 5700 2032 5775; x_wconf 20' lang='lat' dir='ltr'><strong>pra-ﬁ</strong></span> 
     </span>
    </p>
   </div>
   <div class='ocr_carea' id='block_1_95' title="bbox 398 5761 1051 5836">
    <p class='ocr_par' dir='ltr' id='par_1_95' title="bbox 398 5761 1051 5836">
     <span class='ocr_line' id='line_1_96' title="bbox 398 5761 1051 5836; baseline -0.002 -19"><span class='ocrx_word' id='word_1_684' title='bbox 398 5761 504 5820; x_wconf 76' lang='lat' dir='ltr'><strong>fert</strong></span> <span class='ocrx_word' id='word_1_685' title='bbox 526 5764 864 5836; x_wconf 82' lang='lat' dir='ltr'><strong>subsequens</strong></span> <span class='ocrx_word' id='word_1_686' title='bbox 898 5761 1051 5816; x_wconf 80' lang='grc' dir='ltr'>αὑτό.</span> 
     </span>
    </p>
   </div>
   <div class='ocr_carea' id='block_1_96' title="bbox 2087 3247 3665 3323">
    <p class='ocr_par' dir='ltr' id='par_1_96' title="bbox 2087 3247 3665 3323">
     <span class='ocr_line' id='line_1_97' title="bbox 2087 3247 3665 3323; baseline 0.002 -21"><span class='ocrx_word' id='word_1_687' title='bbox 2087 3250 2197 3320; x_wconf 76' lang='grc' dir='ltr'>γὰρ</span> <span class='ocrx_word' id='word_1_688' title='bbox 2235 3249 2483 3318; x_wconf 85' lang='grc' dir='ltr'>φαίνεται</span> <span class='ocrx_word' id='word_1_689' title='bbox 2516 3247 2578 3320; x_wconf 86' lang='grc' dir='ltr'>δή</span> <span class='ocrx_word' id='word_1_690' title='bbox 2614 3266 2703 3319; x_wconf 88' lang='grc' dir='ltr'><strong>μοι</strong></span> <span class='ocrx_word' id='word_1_691' title='bbox 2735 3249 2831 3303; x_wconf 74' lang='grc' dir='ltr'><strong>καὶ</strong></span> <span class='ocrx_word' id='word_1_692' title='bbox 2870 3251 2953 3319; x_wconf 71' lang='grc' dir='ltr'><strong>ἐφ’</strong></span> <span class='ocrx_word' id='word_1_693' title='bbox 2990 3252 3146 3321; x_wconf 82' lang='grc' dir='ltr'>ἡμῶν</span> <span class='ocrx_word' id='word_1_694' title='bbox 3174 3252 3203 3303; x_wconf 86' lang='grc' dir='ltr'>ὁ</span> <span class='ocrx_word' id='word_1_695' title='bbox 3241 3250 3374 3314; x_wconf 78' lang='grc' dir='ltr'>Θεὸς</span> <span class='ocrx_word' id='word_1_696' title='bbox 3408 3251 3665 3323; x_wconf 82' lang='grc' dir='ltr'>διῳκονο-</span> 
     </span>
    </p>
   </div>
   <div class='ocr_carea' id='block_1_97' title="bbox 2090 3341 3669 3416">
    <p class='ocr_par' dir='ltr' id='par_1_97' title="bbox 2090 3341 3669 3416">
     <span class='ocr_line' id='line_1_98' title="bbox 2090 3341 3669 3416; baseline 0.001 -19"><span class='ocrx_word' id='word_1_697' title='bbox 2090 3342 2342 3414; x_wconf 82' lang='grc' dir='ltr'>μηκέναι.</span> <span class='ocrx_word' id='word_1_698' title='bbox 2379 3342 2480 3395; x_wconf 87' lang='grc' dir='ltr'>Τὸν</span> <span class='ocrx_word' id='word_1_699' title='bbox 2513 3342 2622 3415; x_wconf 85' lang='grc' dir='ltr'>γὰρ</span> <span class='ocrx_word' id='word_1_700' title='bbox 2649 3341 2955 3415; x_wconf 82' lang='grc' dir='ltr'>ἄνθρωπον,</span> <span class='ocrx_word' id='word_1_701' title='bbox 2987 3343 3049 3397; x_wconf 88' lang='grc' dir='ltr'><strong>τὸ</strong></span> <span class='ocrx_word' id='word_1_702' title='bbox 3076 3343 3517 3416; x_wconf 83' lang='grc' dir='ltr'>εὐπρεπέστατον</span> <span class='ocrx_word' id='word_1_703' title='bbox 3545 3347 3669 3399; x_wconf 77' lang='grc' dir='ltr'>ἑαυ-</span> 
     </span>
    </p>
   </div>
   <div class='ocr_carea' id='block_1_98' title="bbox 2085 3435 3669 3508">
    <p class='ocr_par' dir='ltr' id='par_1_98' title="bbox 2085 3435 3669 3508">
     <span class='ocr_line' id='line_1_99' title="bbox 2085 3435 3669 3508; baseline 0.003 -20"><span class='ocrx_word' id='word_1_704' title='bbox 2085 3435 2180 3488; x_wconf 85' lang='grc' dir='ltr'>τοῦ</span> <span class='ocrx_word' id='word_1_705' title='bbox 2205 3436 2472 3508; x_wconf 84' lang='grc' dir='ltr'>τέχνημα,</span> <span class='ocrx_word' id='word_1_706' title='bbox 2509 3435 2803 3506; x_wconf 82' lang='grc' dir='ltr'>βασκάνοις</span> <span class='ocrx_word' id='word_1_707' title='bbox 2840 3437 3155 3501; x_wconf 74' lang='grc' dir='ltr'>ἐπιϐουλαῖς</span> <span class='ocrx_word' id='word_1_708' title='bbox 3184 3437 3378 3508; x_wconf 84' lang='grc' dir='ltr'>φθόνου</span> <span class='ocrx_word' id='word_1_709' title='bbox 3415 3455 3669 3492; x_wconf 85' lang='grc' dir='ltr'>κεκακω-</span> 
     </span>
    </p>
   </div>
   <div class='ocr_carea' id='block_1_99' title="bbox 2090 3529 3671 3602">
    <p class='ocr_par' dir='ltr' id='par_1_99' title="bbox 2090 3529 3671 3602">
     <span class='ocr_line' id='line_1_100' title="bbox 2090 3529 3671 3602; baseline 0 -19"><span class='ocrx_word' id='word_1_710' title='bbox 2090 3529 2248 3600; x_wconf 83' lang='grc' dir='ltr'>μένον</span> <span class='ocrx_word' id='word_1_711' title='bbox 2283 3529 2423 3597; x_wconf 86' lang='grc' dir='ltr'>ίδὼν,</span> <span class='ocrx_word' id='word_1_712' title='bbox 2454 3532 2555 3585; x_wconf 87' lang='grc' dir='ltr'><strong>οὐκ</strong></span> <span class='ocrx_word' id='word_1_713' title='bbox 2581 3530 2839 3601; x_wconf 77' lang='grc' dir='ltr'>ἠνέσχετο</span> <span class='ocrx_word' id='word_1_714' title='bbox 2864 3530 3103 3583; x_wconf 77' lang='grc' dir='ltr'>τοιοῦτον</span> <span class='ocrx_word' id='word_1_715' title='bbox 3138 3531 3456 3602; x_wconf 53' lang='grc' dir='ltr'>καταλεωαι</span> <span class='ocrx_word' id='word_1_716' title='bbox 3486 3530 3671 3600; x_wconf 81' lang='grc' dir='ltr'>φιλάν-</span> 
     </span>
    </p>
   </div>
   <div class='ocr_carea' id='block_1_100' title="bbox 2087 3622 3665 3695">
    <p class='ocr_par' dir='ltr' id='par_1_100' title="bbox 2087 3622 3665 3695">
     <span class='ocr_line' id='line_1_101' title="bbox 2087 3622 3665 3695; baseline 0.001 -20"><span class='ocrx_word' id='word_1_717' title='bbox 2087 3622 2304 3694; x_wconf 84' lang='grc' dir='ltr'>θρωπος</span> <span class='ocrx_word' id='word_1_718' title='bbox 2342 3623 2439 3688; x_wconf 87' lang='grc' dir='ltr'>ὣν,</span> <span class='ocrx_word' id='word_1_719' title='bbox 2477 3624 2625 3688; x_wconf 85' lang='grc' dir='ltr'>ὅπως</span> <span class='ocrx_word' id='word_1_720' title='bbox 2662 3622 2737 3695; x_wconf 86' lang='grc' dir='ltr'>μὴ</span> <span class='ocrx_word' id='word_1_721' title='bbox 2765 3622 2832 3676; x_wconf 77' lang='grc' dir='ltr'>δι’</span> <span class='ocrx_word' id='word_1_722' title='bbox 2873 3623 3071 3687; x_wconf 76' lang='grc' dir='ltr'>αἰῶνος</span> <span class='ocrx_word' id='word_1_723' title='bbox 3112 3624 3200 3693; x_wconf 75' lang='grc' dir='ltr'><strong>εἴη</strong></span> <span class='ocrx_word' id='word_1_724' title='bbox 3236 3624 3665 3695; x_wconf 83' lang='grc' dir='ltr'>μεμωμημένον,</span> 
     </span>
    </p>
   </div>
   <div class='ocr_carea' id='block_1_101' title="bbox 2085 3714 3667 3787">
    <p class='ocr_par' dir='ltr' id='par_1_101' title="bbox 2085 3714 3667 3787">
     <span class='ocr_line' id='line_1_102' title="bbox 2085 3714 3667 3787; baseline -0.001 -17"><span class='ocrx_word' id='word_1_725' title='bbox 2085 3715 2352 3770; x_wconf 81' lang='grc' dir='ltr'>ἀθάνατον</span> <span class='ocrx_word' id='word_1_726' title='bbox 2394 3715 2534 3787; x_wconf 73' lang='grc' dir='ltr'>ἔχων</span> <span class='ocrx_word' id='word_1_727' title='bbox 2574 3717 2632 3770; x_wconf 83' lang='grc' dir='ltr'>ὲν</span> <span class='ocrx_word' id='word_1_728' title='bbox 2679 3714 2853 3786; x_wconf 79' lang='grc' dir='ltr'>ἐαυτῷ</span> <span class='ocrx_word' id='word_1_729' title='bbox 2887 3715 2979 3771; x_wconf 83' lang='grc' dir='ltr'><strong>τὸν</strong></span> <span class='ocrx_word' id='word_1_730' title='bbox 3021 3714 3218 3785; x_wconf 81' lang='grc' dir='ltr'>ψόγον·</span> <span class='ocrx_word' id='word_1_731' title='bbox 3255 3716 3391 3770; x_wconf 84' lang='grc' dir='ltr'>ἀλλὰ</span> <span class='ocrx_word' id='word_1_732' title='bbox 3422 3715 3667 3768; x_wconf 81' lang='grc' dir='ltr'>διέλυσεν</span> 
     </span>
    </p>
   </div>
   <div class='ocr_carea' id='block_1_102' title="bbox 2085 3805 3666 3879">
    <p class='ocr_par' dir='ltr' id='par_1_102' title="bbox 2085 3805 3666 3879">
     <span class='ocr_line' id='line_1_103' title="bbox 2085 3805 3666 3879; baseline -0.001 -19"><span class='ocrx_word' id='word_1_733' title='bbox 2085 3809 2165 3870; x_wconf 86' lang='grc' dir='ltr'><strong>είς</strong></span> <span class='ocrx_word' id='word_1_734' title='bbox 2199 3807 2330 3879; x_wconf 82' lang='grc' dir='ltr'>ὕλην</span> <span class='ocrx_word' id='word_1_735' title='bbox 2372 3806 2556 3872; x_wconf 86' lang='grc' dir='ltr'>πάλιν,</span> <span class='ocrx_word' id='word_1_736' title='bbox 2589 3807 2676 3861; x_wconf 83' lang='grc' dir='ltr'><strong>ἵνα</strong></span> <span class='ocrx_word' id='word_1_737' title='bbox 2705 3805 2794 3861; x_wconf 92' lang='grc' dir='ltr'><strong>διά</strong></span> <span class='ocrx_word' id='word_1_738' title='bbox 2834 3806 2935 3877; x_wconf 84' lang='grc' dir='ltr'><strong>τῆς</strong></span> <span class='ocrx_word' id='word_1_739' title='bbox 2983 3806 3335 3870; x_wconf 79' lang='grc' dir='ltr'>ἀναπλάσεως</span> <span class='ocrx_word' id='word_1_740' title='bbox 3366 3805 3666 3871; x_wconf 82' lang='grc' dir='ltr'>ὲκτακῶσι,</span> 
     </span>
    </p>
   </div>
   <div class='ocr_carea' id='block_1_103' title="bbox 2084 3897 3668 3970">
    <p class='ocr_par' dir='ltr' id='par_1_103' title="bbox 2084 3897 3668 3970">
     <span class='ocr_line' id='line_1_104' title="bbox 2084 3897 3668 3970; baseline -0.001 -16"><span class='ocrx_word' id='word_1_741' title='bbox 2084 3901 2179 3954; x_wconf 72' lang='grc' dir='ltr'>καὶ</span> <span class='ocrx_word' id='word_1_742' title='bbox 2206 3899 2604 3969; x_wconf 80' lang='grc' dir='ltr'>ὲξαφανισθῶσι</span> <span class='ocrx_word' id='word_1_743' title='bbox 2642 3899 2820 3953; x_wconf 76' lang='grc' dir='ltr'>πάντα</span> <span class='ocrx_word' id='word_1_744' title='bbox 2845 3900 2915 3952; x_wconf 80' lang='grc' dir='ltr'>τὰ</span> <span class='ocrx_word' id='word_1_745' title='bbox 2944 3901 3003 3952; x_wconf 81' lang='grc' dir='ltr'>ὲν</span> <span class='ocrx_word' id='word_1_746' title='bbox 3034 3898 3183 3970; x_wconf 83' lang='grc' dir='ltr'>αὐτῷ</span> <span class='ocrx_word' id='word_1_747' title='bbox 3220 3901 3557 3970; x_wconf 82' lang='grc' dir='ltr'>μωμήματα.</span> <span class='ocrx_word' id='word_1_748' title='bbox 3587 3897 3668 3953; x_wconf 79' lang='grc' dir='ltr'><strong>Τὸ</strong></span> 
     </span>
    </p>
   </div>
   <div class='ocr_carea' id='block_1_104' title="bbox 2085 3986 3670 4062">
    <p class='ocr_par' dir='ltr' id='par_1_104' title="bbox 2085 3986 3670 4062">
     <span class='ocr_line' id='line_1_105' title="bbox 2085 3986 3670 4062; baseline 0.001 -20"><span class='ocrx_word' id='word_1_749' title='bbox 2085 3989 2193 4062; x_wconf 87' lang='grc' dir='ltr'>γὰρ</span> <span class='ocrx_word' id='word_1_750' title='bbox 2240 3992 2357 4043; x_wconf 77' lang='grc' dir='ltr'>ἐκεῖ</span> <span class='ocrx_word' id='word_1_751' title='bbox 2396 3989 2835 4062; x_wconf 82' lang='grc' dir='ltr'>ἀναχωνευθῆναι</span> <span class='ocrx_word' id='word_1_752' title='bbox 2886 3988 2976 4043; x_wconf 84' lang='grc' dir='ltr'><strong>τὸν</strong></span> <span class='ocrx_word' id='word_1_753' title='bbox 3020 3988 3313 4061; x_wconf 84' lang='grc' dir='ltr'>ἀνδριάντα</span> <span class='ocrx_word' id='word_1_754' title='bbox 3348 3989 3569 4054; x_wconf 82' lang='grc' dir='ltr'>τοῦτον,</span> <span class='ocrx_word' id='word_1_755' title='bbox 3603 3986 3670 4043; x_wconf 71' lang='grc' dir='ltr'>τὸ</span> 
     </span>
    </p>
   </div>
   <div class='ocr_carea' id='block_1_105' title="bbox 2084 4079 3669 4153">
    <p class='ocr_par' dir='ltr' id='par_1_105' title="bbox 2084 4079 3669 4153">
     <span class='ocr_line' id='line_1_106' title="bbox 2084 4079 3669 4153; baseline -0.001 -18"><span class='ocrx_word' id='word_1_756' title='bbox 2084 4083 2318 4136; x_wconf 81' lang='grc' dir='ltr'>ἐνταῦθα</span> <span class='ocrx_word' id='word_1_757' title='bbox 2352 4084 2642 4138; x_wconf 87' lang='grc' dir='ltr'>ἀποθανεῖν</span> <span class='ocrx_word' id='word_1_758' title='bbox 2701 4084 2798 4138; x_wconf 79' lang='grc' dir='ltr'>καὶ</span> <span class='ocrx_word' id='word_1_759' title='bbox 2844 4081 3160 4151; x_wconf 85' lang='grc' dir='ltr'>διαλυθῆναι</span> <span class='ocrx_word' id='word_1_760' title='bbox 3197 4083 3256 4135; x_wconf 87' lang='grc' dir='ltr'><strong>τὸ</strong></span> <span class='ocrx_word' id='word_1_761' title='bbox 3289 4082 3481 4153; x_wconf 53' lang='lat' dir='ltr'><strong>adma:</strong></span> <span class='ocrx_word' id='word_1_762' title='bbox 3513 4079 3576 4134; x_wconf 81' lang='grc' dir='ltr'>τὸ</span> <span class='ocrx_word' id='word_1_763' title='bbox 3607 4080 3669 4134; x_wconf 86' lang='grc' dir='ltr'>δὲ</span> 
     </span>
    </p>
   </div>
   <div class='ocr_carea' id='block_1_106' title="bbox 2084 4173 3669 4247">
    <p class='ocr_par' dir='ltr' id='par_1_106' title="bbox 2084 4173 3669 4247">
     <span class='ocr_line' id='line_1_107' title="bbox 2084 4173 3669 4247; baseline -0.003 -20"><span class='ocrx_word' id='word_1_764' title='bbox 2084 4176 2201 4227; x_wconf 82' lang='grc' dir='ltr'>ἐκεῖ</span> <span class='ocrx_word' id='word_1_765' title='bbox 2223 4175 2801 4247; x_wconf 87' lang='grc' dir='ltr'>ἀναμορφοποιηθῆναι</span> <span class='ocrx_word' id='word_1_766' title='bbox 2829 4175 2940 4246; x_wconf 75' lang='grc'>(75)</span> <span class='ocrx_word' id='word_1_767' title='bbox 2961 4174 3059 4245; x_wconf 84' lang='grc' dir='ltr'><strong>τὴν</strong></span> <span class='ocrx_word' id='word_1_768' title='bbox 3092 4173 3247 4246; x_wconf 78' lang='grc' dir='ltr'>ὓλην,</span> <span class='ocrx_word' id='word_1_769' title='bbox 3274 4174 3308 4245; x_wconf 83' lang='grc' dir='ltr'>ἥ</span> <span class='ocrx_word' id='word_1_770' title='bbox 3351 4174 3669 4243; x_wconf 88' lang='grc' dir='ltr'>ἀνακοσμο-</span> 
     </span>
    </p>
   </div>
   <div class='ocr_carea' id='block_1_107' title="bbox 2085 4263 3669 4340">
    <p class='ocr_par' dir='ltr' id='par_1_107' title="bbox 2085 4263 3669 4340">
     <span class='ocr_line' id='line_1_108' title="bbox 2085 4263 3669 4340; baseline -0.003 -18"><span class='ocrx_word' id='word_1_771' title='bbox 2085 4269 2394 4340; x_wconf 85' lang='grc' dir='ltr'>ποιηθῆναι,</span> <span class='ocrx_word' id='word_1_772' title='bbox 2442 4269 2600 4322; x_wconf 76' lang='grc' dir='ltr'>τοῦτο</span> <span class='ocrx_word' id='word_1_773' title='bbox 2648 4268 2880 4321; x_wconf 76' lang='grc' dir='ltr'>ἐνταῦθα</span> <span class='ocrx_word' id='word_1_774' title='bbox 2924 4266 3085 4338; x_wconf 84' lang='grc' dir='ltr'>(μετά</span> <span class='ocrx_word' id='word_1_775' title='bbox 3120 4265 3181 4319; x_wconf 79' lang='grc' dir='ltr'><strong>το</strong></span> <span class='ocrx_word' id='word_1_776' title='bbox 3230 4263 3542 4336; x_wconf 82' lang='grc' dir='ltr'>ἀποθανεῖν)</span> <span class='ocrx_word' id='word_1_777' title='bbox 3601 4263 3669 4317; x_wconf 81' lang='grc' dir='ltr'><strong>τὸ</strong></span> 
     </span>
    </p>
   </div>
   <div class='ocr_carea' id='block_1_108' title="bbox 2083 4356 3672 4433">
    <p class='ocr_par' dir='ltr' id='par_1_108' title="bbox 2083 4356 3672 4433">
     <span class='ocr_line' id='line_1_109' title="bbox 2083 4356 3672 4433; baseline -0.003 -19"><span class='ocrx_word' id='word_1_778' title='bbox 2083 4362 2410 4432; x_wconf 74' lang='grc' dir='ltr'>ἀναστῆναιο</span> <span class='ocrx_word' id='word_1_779' title='bbox 2446 4360 2636 4433; x_wconf 82' lang='grc' dir='ltr'>ὥσπερ</span> <span class='ocrx_word' id='word_1_780' title='bbox 2675 4360 2769 4413; x_wconf 78' lang='grc' dir='ltr'>καὶ</span> <span class='ocrx_word' id='word_1_781' title='bbox 2806 4361 2835 4412; x_wconf 86' lang='grc' dir='ltr'>ὁ</span> <span class='ocrx_word' id='word_1_782' title='bbox 2872 4361 3158 4431; x_wconf 81' lang='grc' dir='ltr'>προφήτης</span> <span class='ocrx_word' id='word_1_783' title='bbox 3196 4358 3483 4431; x_wconf 83' lang='grc' dir='ltr'>Ἱερεμίας.</span> <span class='ocrx_word' id='word_1_784' title='bbox 3525 4356 3672 4411; x_wconf 79' lang='grc' dir='ltr'>Τού-</span> 
     </span>
    </p>
   </div>
   <div class='ocr_carea' id='block_1_109' title="bbox 2008 4447 3668 4547">
    <p class='ocr_par' dir='ltr' id='par_1_109' title="bbox 2008 4447 3668 4547">
     <span class='ocr_line' id='line_1_110' title="bbox 2008 4447 3668 4547; baseline -0.002 -39"><span class='ocrx_word' id='word_1_785' title='bbox 2008 4491 2056 4547; x_wconf 80' lang='lat' dir='ltr'><strong>D</strong></span> <span class='ocrx_word' id='word_1_786' title='bbox 2083 4472 2197 4519; x_wconf 90' lang='grc' dir='ltr'>τοις</span> <span class='ocrx_word' id='word_1_787' title='bbox 2227 4455 2336 4525; x_wconf 87' lang='grc' dir='ltr'>γὰρ</span> <span class='ocrx_word' id='word_1_788' title='bbox 2378 4454 2476 4525; x_wconf 68' lang='grc' dir='ltr'>ἤδη</span> <span class='ocrx_word' id='word_1_789' title='bbox 2517 4455 2613 4507; x_wconf 76' lang='grc' dir='ltr'>καὶ</span> <span class='ocrx_word' id='word_1_790' title='bbox 2640 4453 2802 4517; x_wconf 80' lang='grc' dir='ltr'>αὐτὸς</span> <span class='ocrx_word' id='word_1_791' title='bbox 2829 4447 2931 4547; x_wconf 67' lang='grc' dir='ltr'>ὧδε</span> <span class='ocrx_word' id='word_1_792' title='bbox 2977 4452 3150 4506; x_wconf 82' lang='grc' dir='ltr'>ταῦτα</span> <span class='ocrx_word' id='word_1_793' title='bbox 3192 4452 3511 4523; x_wconf 75' lang='grc' dir='ltr'>παρεγγυᾷο</span> <span class='ocrx_word' id='word_1_794' title='bbox 3543 4452 3668 4505; x_wconf 74' lang='grc' dir='ltr'><strong>Καὶ</strong></span> 
     </span>
    </p>
   </div>
   <div class='ocr_carea' id='block_1_110' title="bbox 2082 4541 3665 4615">
    <p class='ocr_par' dir='ltr' id='par_1_110' title="bbox 2082 4541 3665 4615">
     <span class='ocr_line' id='line_1_111' title="bbox 2082 4541 3665 4615; baseline -0.003 -14"><span class='ocrx_word' id='word_1_795' title='bbox 2082 4548 2360 4614; x_wconf 71' lang='grc' dir='ltr'>κατέϐην,</span> <span class='ocrx_word' id='word_1_796' title='bbox 2387 4546 2583 4615; x_wconf 87' lang='grc' dir='ltr'>λέγων,</span> <span class='ocrx_word' id='word_1_797' title='bbox 2612 4547 2701 4611; x_wconf 74' lang='grc' dir='ltr'>εἰς</span> <span class='ocrx_word' id='word_1_798' title='bbox 2723 4544 2835 4599; x_wconf 75' lang='grc' dir='ltr'><strong>τὸν</strong></span> <span class='ocrx_word' id='word_1_799' title='bbox 2861 4541 3031 4598; x_wconf 77' lang='grc' dir='ltr'>οἷκον</span> <span class='ocrx_word' id='word_1_800' title='bbox 3050 4544 3157 4598; x_wconf 84' lang='grc' dir='ltr'>τοῦ</span> <span class='ocrx_word' id='word_1_801' title='bbox 3192 4543 3490 4613; x_wconf 79' lang='grc' dir='ltr'>κεραμέως</span> <span class='ocrx_word' id='word_1_802' title='bbox 3509 4558 3523 4572; x_wconf 89' lang='grc'>·</span> <span class='ocrx_word' id='word_1_803' title='bbox 3559 4542 3665 4597; x_wconf 70' lang='grc' dir='ltr'><strong>καὶ</strong></span> 
     </span>
    </p>
   </div>
   <div class='ocr_carea' id='block_1_111' title="bbox 2082 4633 3669 4707">
    <p class='ocr_par' dir='ltr' id='par_1_111' title="bbox 2082 4633 3669 4707">
     <span class='ocr_line' id='line_1_112' title="bbox 2082 4633 3669 4707; baseline -0.004 -14"><span class='ocrx_word' id='word_1_804' title='bbox 2082 4639 2210 4693; x_wconf 74' lang='grc' dir='ltr'>ἰδοὺ</span> <span class='ocrx_word' id='word_1_805' title='bbox 2242 4636 2422 4704; x_wconf 81' lang='grc' dir='ltr'>αὐτὸς</span> <span class='ocrx_word' id='word_1_806' title='bbox 2455 4638 2642 4691; x_wconf 80' lang='grc' dir='ltr'>ἐποίει</span> <span class='ocrx_word' id='word_1_807' title='bbox 2674 4636 2854 4707; x_wconf 58' lang='grc' dir='ltr'>ἔργον</span> <span class='ocrx_word' id='word_1_808' title='bbox 2880 4636 2978 4690; x_wconf 81' lang='grc' dir='ltr'><strong>ἐπὶ</strong></span> <span class='ocrx_word' id='word_1_809' title='bbox 3009 4634 3128 4689; x_wconf 73' lang='grc' dir='ltr'><strong>τῶν</strong></span> <span class='ocrx_word' id='word_1_810' title='bbox 3160 4637 3377 4689; x_wconf 71' lang='grc' dir='ltr'>λίθων·</span> <span class='ocrx_word' id='word_1_811' title='bbox 3416 4634 3513 4688; x_wconf 76' lang='grc' dir='ltr'>καὶ</span> <span class='ocrx_word' id='word_1_812' title='bbox 3570 4633 3669 4688; x_wconf 84' lang='grc' dir='ltr'>δι-</span> 
     </span>
    </p>
   </div>
   <div class='ocr_carea' id='block_1_112' title="bbox 2077 4729 3672 4802">
    <p class='ocr_par' dir='ltr' id='par_1_112' title="bbox 2077 4729 3672 4802">
     <span class='ocr_line' id='line_1_113' title="bbox 2077 4729 3672 4802; baseline -0.003 -15"><span class='ocrx_word' id='word_1_813' title='bbox 2077 4732 2263 4787; x_wconf 81' lang='grc' dir='ltr'>έπεσε</span> <span class='ocrx_word' id='word_1_814' title='bbox 2293 4731 2359 4786; x_wconf 81' lang='grc' dir='ltr'>τὸ</span> <span class='ocrx_word' id='word_1_815' title='bbox 2393 4731 2664 4802; x_wconf 67' lang='grc' dir='ltr'>ἀγγεῖον,</span> <span class='ocrx_word' id='word_1_816' title='bbox 2702 4731 2734 4785; x_wconf 81' lang='grc' dir='ltr'>ὃ</span> <span class='ocrx_word' id='word_1_817' title='bbox 2767 4731 2952 4796; x_wconf 81' lang='grc' dir='ltr'>αὐτὸς</span> <span class='ocrx_word' id='word_1_818' title='bbox 2988 4731 3175 4784; x_wconf 77' lang='grc' dir='ltr'>ἐποίει</span> <span class='ocrx_word' id='word_1_819' title='bbox 3211 4731 3282 4784; x_wconf 82' lang='grc' dir='ltr'><strong>ἐν</strong></span> <span class='ocrx_word' id='word_1_820' title='bbox 3302 4729 3431 4795; x_wconf 78' lang='grc' dir='ltr'>ταῖς</span> <span class='ocrx_word' id='word_1_821' title='bbox 3450 4729 3672 4797; x_wconf 71' lang='grc' dir='ltr'>χερσὶν</span> 
     </span>
    </p>
   </div>
   <div class='ocr_carea' id='block_1_113' title="bbox 2078 4822 3668 4894">
    <p class='ocr_par' dir='ltr' id='par_1_113' title="bbox 2078 4822 3668 4894">
     <span class='ocr_line' id='line_1_114' title="bbox 2078 4822 3668 4894; baseline -0.003 -14"><span class='ocrx_word' id='word_1_822' title='bbox 2078 4825 2283 4880; x_wconf 82' lang='grc' dir='ltr'>αὐτοῦ·</span> <span class='ocrx_word' id='word_1_823' title='bbox 2307 4825 2405 4880; x_wconf 80' lang='grc' dir='ltr'>καὶ</span> <span class='ocrx_word' id='word_1_824' title='bbox 2430 4825 2615 4881; x_wconf 73' lang='grc' dir='ltr'>πάλιν</span> <span class='ocrx_word' id='word_1_825' title='bbox 2640 4824 2930 4892; x_wconf 73' lang='grc' dir='ltr'>ἐποίησεν</span> <span class='ocrx_word' id='word_1_826' title='bbox 2959 4822 3143 4890; x_wconf 79' lang='grc' dir='ltr'>αὐτὸς</span> <span class='ocrx_word' id='word_1_827' title='bbox 3170 4823 3412 4894; x_wconf 71' lang='grc' dir='ltr'>ἀγγεῖον</span> <span class='ocrx_word' id='word_1_828' title='bbox 3434 4823 3668 4890; x_wconf 80' lang='grc' dir='ltr'>ἕτερον,</span> 
     </span>
    </p>
   </div>
   <div class='ocr_carea' id='block_1_114' title="bbox 2080 4911 3668 4986">
    <p class='ocr_par' dir='ltr' id='par_1_114' title="bbox 2080 4911 3668 4986">
     <span class='ocr_line' id='line_1_115' title="bbox 2080 4911 3668 4986; baseline -0.001 -15"><span class='ocrx_word' id='word_1_829' title='bbox 2080 4918 2276 4984; x_wconf 80' lang='grc' dir='ltr'>καθὼς</span> <span class='ocrx_word' id='word_1_830' title='bbox 2319 4917 2544 4986; x_wconf 77' lang='grc' dir='ltr'>ἤρεσεν</span> <span class='ocrx_word' id='word_1_831' title='bbox 2569 4915 2828 4971; x_wconf 75' lang='grc' dir='ltr'>ἐνώπιον</span> <span class='ocrx_word' id='word_1_832' title='bbox 2866 4914 3056 4970; x_wconf 85' lang='grc' dir='ltr'>αὐτοῦ</span> <span class='ocrx_word' id='word_1_833' title='bbox 3092 4914 3198 4969; x_wconf 83' lang='grc' dir='ltr'>τοῦ</span> <span class='ocrx_word' id='word_1_834' title='bbox 3240 4911 3488 4983; x_wconf 83' lang='grc' dir='ltr'>ποιῆσαι</span> <span class='ocrx_word' id='word_1_835' title='bbox 3522 4912 3668 4984; x_wconf 63' lang='lat'><strong>(7-5).</strong></span> 
     </span>
    </p>
   </div>
   <div class='ocr_carea' id='block_1_115' title="bbox 2150 5036 3665 5121">
    <p class='ocr_par' dir='ltr' id='par_1_115' title="bbox 2150 5036 3665 5121">
     <span class='ocr_line' id='line_1_116' title="bbox 2150 5036 3665 5121; baseline -0.003 -16"><span class='ocrx_word' id='word_1_836' title='bbox 2150 5050 2263 5121; x_wconf 88' lang='lat'><strong>(69)</strong></span> <span class='ocrx_word' id='word_1_837' title='bbox 2333 5048 2762 5121; x_wconf 67' lang='lat' dir='ltr'><strong>’Araaxevdé&#39;oc.</strong></span> <span class='ocrx_word' id='word_1_838' title='bbox 2814 5047 2981 5115; x_wconf 86' lang='lat' dir='ltr'><strong>Editi,</strong></span> <span class='ocrx_word' id='word_1_839' title='bbox 3037 5046 3361 5118; x_wconf 80' lang='grc' dir='ltr'>ἀναγκάζοι,</span> <span class='ocrx_word' id='word_1_840' title='bbox 3417 5053 3473 5101; x_wconf 85' lang='lat' dir='ltr'><strong>et</strong></span> <span class='ocrx_word' id='word_1_841' title='bbox 3532 5036 3665 5101; x_wconf 76' lang='lat' dir='ltr'><strong>mox</strong></span> 
     </span>
    </p>
   </div>
   <div class='ocr_carea' id='block_1_116' title="bbox 2079 5120 2557 5185">
    <p class='ocr_par' dir='ltr' id='par_1_116' title="bbox 2079 5120 2557 5185">
     <span class='ocr_line' id='line_1_117' title="bbox 2079 5120 2557 5185; baseline -0.008 -8"><span class='ocrx_word' id='word_1_842' title='bbox 2079 5120 2337 5177; x_wconf 88' lang='lat' dir='ltr'><strong>omittunt</strong></span> <span class='ocrx_word' id='word_1_843' title='bbox 2363 5120 2557 5185; x_wconf 75' lang='grc' dir='ltr'>οὕτως.</span> 
     </span>
    </p>
   </div>
   <div class='ocr_carea' id='block_1_117' title="bbox 2151 5188 3561 5261">
    <p class='ocr_par' dir='ltr' id='par_1_117' title="bbox 2151 5188 3561 5261">
     <span class='ocr_line' id='line_1_118' title="bbox 2151 5188 3561 5261; baseline -0.006 -15"><span class='ocrx_word' id='word_1_844' title='bbox 2151 5192 2264 5261; x_wconf 86' lang='grc'>(70)</span> <span class='ocrx_word' id='word_1_845' title='bbox 2292 5190 2757 5261; x_wconf 62' lang='grc' dir='ltr'>Διηλλαπῃένον.</span> <span class='ocrx_word' id='word_1_846' title='bbox 2778 5189 2891 5261; x_wconf 13' lang='lat' dir='ltr'><strong>ﬁlis.</strong></span> <span class='ocrx_word' id='word_1_847' title='bbox 2916 5188 3081 5260; x_wconf 81' lang='lat' dir='ltr'><strong>Bup.,</strong></span> <span class='ocrx_word' id='word_1_848' title='bbox 3107 5188 3487 5261; x_wconf 59' lang='grc' dir='ltr'>διηγαλμὲνον.</span> <span class='ocrx_word' id='word_1_849' title='bbox 3558 5224 3561 5233; x_wconf 55' lang='grc' dir='ltr'>λ</span> 
     </span>
    </p>
   </div>
   <div class='ocr_carea' id='block_1_118' title="bbox 2152 5257 3637 5334">
    <p class='ocr_par' dir='ltr' id='par_1_118' title="bbox 2152 5257 3637 5334">
     <span class='ocr_line' id='line_1_119' title="bbox 2152 5257 3637 5334; baseline -0.004 -18"><span class='ocrx_word' id='word_1_850' title='bbox 2152 5257 2263 5334; x_wconf 82' lang='grc'>(71)</span> <span class='ocrx_word' id='word_1_851' title='bbox 2302 5257 2438 5334; x_wconf 53' lang='grc' dir='ltr'><strong>Ὑπὸ</strong></span> <span class='ocrx_word' id='word_1_852' title='bbox 2473 5257 2565 5334; x_wconf 62' lang='grc' dir='ltr'><strong>ζῷ’</strong></span> <span class='ocrx_word' id='word_1_853' title='bbox 2592 5263 2725 5315; x_wconf 83' lang='grc' dir='ltr'>αὐτ.</span> <span class='ocrx_word' id='word_1_854' title='bbox 2776 5260 2968 5334; x_wconf 54' lang='lat' dir='ltr'><strong>Impia,</strong></span> <span class='ocrx_word' id='word_1_855' title='bbox 3005 5257 3364 5328; x_wconf 39' lang='grc' dir='ltr'>ἶιιαιοξκατά</span> <span class='ocrx_word' id='word_1_856' title='bbox 3408 5257 3491 5330; x_wconf 78' lang='grc' dir='ltr'>τῷ</span> <span class='ocrx_word' id='word_1_857' title='bbox 3530 5258 3637 5311; x_wconf 75' lang='grc' dir='ltr'><strong>αὐτ</strong></span> 
     </span>
    </p>
   </div>
   <div class='ocr_carea' id='block_1_119' title="bbox 2080 5330 2860 5403">
    <p class='ocr_par' dir='ltr' id='par_1_119' title="bbox 2080 5330 2860 5403">
     <span class='ocr_line' id='line_1_120' title="bbox 2080 5330 2860 5403; baseline 0 -14"><span class='ocrx_word' id='word_1_858' title='bbox 2080 5330 2202 5389; x_wconf 66' lang='grc' dir='ltr'>Μοίε</span> <span class='ocrx_word' id='word_1_859' title='bbox 2242 5330 2370 5389; x_wconf 83' lang='lat' dir='ltr'><strong>ibid.</strong></span> <span class='ocrx_word' id='word_1_860' title='bbox 2400 5330 2555 5403; x_wconf 84' lang='grc' dir='ltr'>λυθῇ,</span> <span class='ocrx_word' id='word_1_861' title='bbox 2584 5347 2692 5403; x_wconf 72' lang='lat' dir='ltr'><strong>pro</strong></span> <span class='ocrx_word' id='word_1_862' title='bbox 2703 5332 2860 5402; x_wconf 80' lang='grc' dir='ltr'>χυθῇ.</span> 
     </span>
    </p>
   </div>
   <div class='ocr_carea' id='block_1_120' title="bbox 2153 5400 3176 5475">
    <p class='ocr_par' dir='ltr' id='par_1_120' title="bbox 2153 5400 3176 5475">
     <span class='ocr_line' id='line_1_121' title="bbox 2153 5400 3176 5475; baseline -0.005 -17"><span class='ocrx_word' id='word_1_863' title='bbox 2153 5404 2264 5475; x_wconf 74' lang='grc'>(72)</span> <span class='ocrx_word' id='word_1_864' title='bbox 2306 5400 2632 5471; x_wconf 77' lang='grc' dir='ltr'>Ἐπιτεῦχθ.</span> <span class='ocrx_word' id='word_1_865' title='bbox 2665 5400 2858 5475; x_wconf 67' lang='lat' dir='ltr'><strong>Scribe</strong></span> <span class='ocrx_word' id='word_1_866' title='bbox 2885 5400 3176 5471; x_wconf 82' lang='grc' dir='ltr'>ἀποτευχθ.</span> 
     </span>
    </p>
   </div>
   <div class='ocr_carea' id='block_1_121' title="bbox 2151 5416 3668 5554">
    <p class='ocr_par' dir='ltr' id='par_1_121' title="bbox 2151 5416 3668 5554">
     <span class='ocr_line' id='line_1_122' title="bbox 2153 5416 3176 5475; baseline -0.005 -17"><span class='ocrx_word' id='word_1_867' title='bbox 2153 5416 2243 5475; x_wconf 73' lang='lat'><strong>(72</strong></span> <span class='ocrx_word' id='word_1_868' title='bbox 2309 5416 2632 5471; x_wconf 70' lang='lat' dir='ltr'><strong>&#39;b&#39;azttsvxa.</strong></span> <span class='ocrx_word' id='word_1_869' title='bbox 2665 5416 2858 5458; x_wconf 71' lang='lat' dir='ltr'><strong>bcrwe</strong></span> <span class='ocrx_word' id='word_1_870' title='bbox 2885 5416 3176 5471; x_wconf 81' lang='grc' dir='ltr'>αποτευχυ.</span> 
     </span>
     <span class='ocr_line' id='line_1_123' title="bbox 2151 5416 3668 5554; baseline -0.002 -26"><span class='ocrx_word' id='word_1_871' title='bbox 2151 5416 2271 5554; x_wconf 34' lang='grc'>(75).</span> <span class='ocrx_word' id='word_1_872' title='bbox 2297 5475 2688 5554; x_wconf 50' lang='grc' dir='ltr'>Ἀναμορῇοπ.</span> <span class='ocrx_word' id='word_1_873' title='bbox 2723 5473 2889 5542; x_wconf 75' lang='lat' dir='ltr'><strong>Rup.,</strong></span> <span class='ocrx_word' id='word_1_874' title='bbox 2914 5469 3395 5544; x_wconf 85' lang='grc' dir='ltr'>ἀναμορφωθῆναι,</span> <span class='ocrx_word' id='word_1_875' title='bbox 3411 5480 3466 5525; x_wconf 86' lang='lat' dir='ltr'><strong>et</strong></span> <span class='ocrx_word' id='word_1_876' title='bbox 3491 5468 3668 5539; x_wconf 83' lang='lat' dir='ltr'><strong>paulo</strong></span> 
     </span>
    </p>
   </div>
   <div class='ocr_carea' id='block_1_122' title="bbox 1994 5543 2718 5623">
    <p class='ocr_par' dir='ltr' id='par_1_122' title="bbox 1994 5543 2718 5623">
     <span class='ocr_line' id='line_1_124' title="bbox 1994 5543 2718 5623; baseline -0.003 -25"><span class='ocrx_word' id='word_1_877' title='bbox 1994 5600 2007 5622; x_wconf 30' lang='grc' dir='ltr'><strong>τ</strong></span> <span class='ocrx_word' id='word_1_878' title='bbox 2078 5543 2718 5623; x_wconf 39' lang='grc' dir='ltr'>ροεξηάνακρσμηθηῆναι.</span> 
     </span>
    </p>
   </div>
   <div class='ocr_carea' id='block_1_123' title="bbox 2087 5610 3670 5706">
    <p class='ocr_par' dir='ltr' id='par_1_123' title="bbox 2087 5610 3670 5706">
     <span class='ocr_line' id='line_1_125' title="bbox 2087 5610 3670 5706; baseline -0.003 -37"><span class='ocrx_word' id='word_1_879' title='bbox 2087 5610 2099 5706; x_wconf 35' lang='grc' dir='ltr'>ζ</span> <span class='ocrx_word' id='word_1_880' title='bbox 2150 5617 2260 5702; x_wconf 63' lang='grc'>(74)</span> <span class='ocrx_word' id='word_1_881' title='bbox 2298 5613 2408 5673; x_wconf 84' lang='grc' dir='ltr'><strong>Τοῦ</strong></span> <span class='ocrx_word' id='word_1_882' title='bbox 2440 5610 2711 5685; x_wconf 71' lang='grc' dir='ltr'>ποιῆσαι,</span> <span class='ocrx_word' id='word_1_883' title='bbox 2741 5612 2907 5685; x_wconf 80' lang='lat' dir='ltr'><strong>Rup.,</strong></span> <span class='ocrx_word' id='word_1_884' title='bbox 2940 5615 3132 5669; x_wconf 83' lang='grc' dir='ltr'>ποιεῖν.</span> <span class='ocrx_word' id='word_1_885' title='bbox 3166 5610 3288 5669; x_wconf 74' lang='lat' dir='ltr'><strong>Mox</strong></span> <span class='ocrx_word' id='word_1_886' title='bbox 3310 5625 3457 5679; x_wconf 85' lang='lat' dir='ltr'><strong>vero,</strong></span> <span class='ocrx_word' id='word_1_887' title='bbox 3483 5611 3670 5665; x_wconf 68' lang='grc' dir='ltr'>ποιεῖν</span> 
     </span>
    </p>
   </div>
   <div class='ocr_carea' id='block_1_124' title="bbox 2080 5706 2226 5760">
    <p class='ocr_par' dir='ltr' id='par_1_124' title="bbox 2080 5706 2226 5760">
     <span class='ocr_line' id='line_1_126' title="bbox 2080 5706 2226 5760; baseline 0.007 -18"><span class='ocrx_word' id='word_1_888' title='bbox 2080 5708 2107 5742; x_wconf 89' lang='grc' dir='ltr'><strong>υ</strong></span> <span class='ocrx_word' id='word_1_889' title='bbox 2117 5706 2226 5760; x_wconf 80' lang='grc' dir='ltr'>μιν.</span> 
     </span>
    </p>
   </div>
  </div>
