3864 6162
219 351 326 406 273

1300 344 1393 401 EX
1434 342 1637 399 LIBBO
1678 342 1763 397 DE
1797 336 2413 398 RESURRECTIONE.’

3361 327 3466 382 274

216 467 327 521 Καὶ
354 466 591 537 ἐγένετο
615 465 796 536 λόγος
824 464 1047 533 Kvpt'ov
1076 463 1226 532 πρὸς
1244 462 1343 533 μὲ,
1365 463 1577 533 λέγων’
1603 464 1669 517 Et
1695 480 1778 515 και

1898 460 2138 513 manibus
2169 458 2323 525 suis;
2359 466 2408 511 et
2445 469 2653 508 rursum
2710 451 2866 522 ﬁnxit
2927 448 3018 503 ille
3063 463 3153 501 vas
3205 444 3461 506 alterum,

218 556 333 624 θὼς
358 561 393 612 ό
422 556 716 627 κεραμεὺς
747 552 924 622 οὗτος
952 557 1023 610 οὐ
1052 554 1389 624 δυνήσομαι
1415 555 1590 609 τοῦτο
1619 553 1791 622 ποιῆ-

217 667 321 705 σαι
364 649 540 720 ὑμᾶς,
573 644 739 715 οἶκος
774 646 1054 717 Ἰσραήλ;
1095 646 1240 701 Ἰδοὺ
1271 647 1348 713 ὡς
1382 650 1416 702 ό
1456 648 1650 716 πηλὸς
1684 646 1791 702 τοῦ

217 739 517 811 κεραμέως
539 740 711 810 ὑμεῖς
740 740 883 795 ἐστε
916 740 988 794 ἐν
1018 740 1150 807 ταῖς
1172 740 1348 810 χερσί
1368 757 1509 811 μου.

282 916 359 969 Z'.
394 914 639 985 Πρὸσχες
657 913 788 986 (τε)
813 914 919 987 γὰρ
947 915 1114 980 ὅπως,
1149 916 1223 979 ὡς
1242 914 1399 986 ἔφην,
1428 914 1564 986 μετά
1593 914 1653 969 τὸ
1686 933 1791 970 πα-

216 1006 877 1079 ραϐῆναιτὸνάνθρωπον,
903 1010 935 1078 ή
961 1007 1168 1079 μεγάλη
1199 1009 1321 1080 χεὶρ
1352 1011 1429 1072 εἰς
1458 1011 1603 1073 νῖκος
1632 1026 1793 1063 κατα-

212 1099 392 1170 λεῑψαι
415 1101 477 1153 τὸ
504 1101 701 1172 ἑαυτῆς
730 1100 888 1172 ἔργον
917 1102 1017 1156 οὐκ
1045 1102 1308 1173 ηὐδόκησε
1337 1103 1413 1167 ὡς
1442 1104 1690 1175 κίϐδηλον
1715 1104 1791 1177 τῷ

214 1189 436 1262 πονηρῷ
468 1191 669 1255 ἀδίκως
701 1192 835 1245 αὐτὸ
859 1193 920 1245 λυ
929 1192 1223 1265 μηναμένῳ
1240 1193 1530 1264 βασκάνοις
1555 1195 1753 1259 αἰτίαις
1773 1212 1786 1224 ·

210 1282 344 1336 ἀλλὰ
398 1282 672 1355 ἀνατήξας
727 1284 1011 1338 ἀνέδευσεν
1080 1280 1237 1348 αὖθις
1294 1287 1374 1351 εἰς
1430 1286 1634 1357 πηλὸν,
1703 1283 1790 1341 οἷα

210 1375 487 1447 κεραμεὺς
536 1375 705 1444 ἄγγος
756 1376 1086 1440 ἀνακλάσας,
1136 1376 1272 1449 πρὸς
1319 1378 1380 1431 τὸ
1427 1378 1789 1449 ἀφανισθῆναι

212 1466 307 1536 μὲν
349 1465 440 1518 διὰ
472 1466 573 1536 τῆς
617 1466 1200 1531 ἀναπλάσεωςιπάντα
1239 1467 1308 1521 τὰ
1338 1469 1414 1540 ,ἐν
1448 1468 1598 1539 αὐτῷ
1625 1470 1799 1540 αἴσχη,

208 1558 299 1611 καὶ
334 1558 643 1629 θλάσματα,
678 1558 974 1629 γενηθῆναι
1021 1558 1078 1611 δὲ
1118 1558 1179 1612 τὸ
1225 1539 1345 1613 πᾶν⁸
1366 1559 1570 1614 ἄνωθεν
1611 1539 1791 1631 ἀμὲμέ

206 1667 357 1714 πτως
373 1649 626 1722 ἀρεστόν.

1892 548 2335 622 quemadmodum
2364 547 2562 617 placuit
2608 544 2691 599 illi
2720 552 2775 596 ut
2806 541 3019 612 faceret.
3050 538 3118 593 Et
3154 537 3351 607 factum
3382 543 3462 589 est

1890 640 2098 696 verbum
2138 640 2349 694 Domini
2378 638 2447 693 ad
2501 654 2610 701 me,
2662 636 2877 689 dicens:
2905 631 2984 696 Si,
3024 625 3461 701 quemadmodum

1890 719 2082 801 ﬁgulus
2132 731 2249 793 iste,
2282 746 2384 782 non
2415 736 2592 796 potero
2622 741 2707 778 vos
2745 724 2918 794 facere
2940 760 2956 785 ,
3004 719 3189 771 domus
3246 713 3462 770 Israel?

1893 823 2045 887 Ecce,
2069 825 2204 877 sicut
2234 822 2401 876 tutum
2436 819 2587 889 ﬁguli
2622 833 2709 872 vos
2739 813 2935 869 estisin
2983 808 3225 864 manibus
3247 806 3371 860 meis
3389 805 3458 860 “.

1960 912 2075 972 Vll.
2108 912 2245 968 Illud
2275 912 2442 977 enim,
2468 910 2545 965 uti
2574 909 2841 973 dicebam,
2865 904 3023 960 velim
3051 899 3298 956 attendas
3327 915 3343 953 :
3374 903 3458 963 ut,

1890 1016 2014 1079 post
2038 1006 2276 1061 hominis
2306 1002 2818 1073 transgressionem,
2855 994 3092 1051 noluerit
3132 993 3326 1062 ingens
3366 990 3460 1043 illa

1890 1114 2085 1152 manus
2133 1113 2272 1169 opus
2320 1111 2481 1153 suum
2512 1104 2767 1163 tanquam
2810 1086 3198 1149 adulterinum,
3249 1081 3460 1136 nefario

1890 1189 1968 1242 illi
2005 1188 2095 1258 qui
2126 1203 2191 1243 ex
2221 1186 2425 1240 invidia
2460 1199 2555 1254 per
2594 1181 2847 1251 iniuriam
2886 1179 3013 1232 illud
3063 1175 3343 1239 violasset,
3390 1170 3460 1225 ad

1888 1280 2171 1334 victoriam
2187 1292 2249 1333 ac
2267 1293 2365 1332 ceu
2389 1275 2665 1344 triumpho
2692 1271 2957 1343 agendum
2983 1268 3292 1336 relinquere
3308 1261 3417 1333 (80)
3440 1278 3456 1317 :

1890 1372 1983 1426 sed
2008 1386 2201 1425 rursus
2219 1371 2515 1439 eliquatum
2535 1364 2811 1435 subegerit
2839 1363 2893 1415 in
2920 1362 3116 1425 lutum,
3151 1372 3222 1442 ac
3246 1356 3291 1410 si
3326 1354 3461 1424 ﬁgu-

1889 1465 1975 1517 lus
2007 1479 2103 1519 vas
2142 1461 2472 1532 confringat,
2492 1466 2550 1513 ut
2580 1471 2721 1513 nova
2754 1454 2990 1514 llctione,
3017 1448 3285 1522 quidquid
3315 1448 3370 1500 in
3393 1461 3460 1500 eo

1890 1553 2150 1608 fmdatum
2198 1560 2283 1608 est
2332 1567 2395 1607 ac
2450 1549 2776 1605 contusione
2820 1543 3213 1604 deformatum,
3243 1539 3460 1609 penitus

1889 1646 2062 1707 tollat,
2093 1652 2376 1714 totumque
2406 1641 2706 1712 opificium,
2740 1644 2801 1692 ut
2837 1652 2867 1691 a
2893 1633 3184 1706 principio,
3225 1632 3463 1701 irrepre-

1889 1735 2158 1790 hensibile
2185 1741 2581 1803 acceptumque
2608 1728 2857 1783 exsistat.

270 1822 351 1876 Ην.
378 1822 493 1876 Οὐκ
521 1823 750 1896 ἀρεστὸν
778 1823 889 1897 (75)
915 1825 972 1879 δὲ
999 1826 1195 1889 ἐκεῖνο,
1220 1825 1281 1879 τὺ
1304 1824 1482 1895 λέγειν
1513 1827 1591 1889 εἰς
1618 1826 1778 1897 ἄρδην

1958 1824 2094 1880 Vlll.
2129 1823 2234 1879 Sed
2265 1840 2367 1879 nec
2406 1822 2539 1877 illud
2560 1832 2889 1890 magnopere
2916 1815 3111 1886 probo,
3152 1819 3213 1867 ut
3242 1811 3463 1866 univer.

202 1912 520 1967 ἀπολεῖσθαι
558 1915 619 1967 τὸ
652 1916 758 1968 πᾶν
777 1932 790 1946 ⁸
820 1917 914 1970 καὶ
943 1916 1071 1987 γῆν,
1106 1916 1198 1971 καὶ
1229 1916 1387 1988 ἀέρα,
1418 1918 1512 1971 καὶ
1539 1917 1785 1989 οὐρανὸν,

202 2006 278 2076 μὴ
307 2004 550 2062 ἔσεσθαι.
591 2008 1075 2081 Ἐκπυρωθήσεται
1104 2010 1202 2082 μὲν
1225 2010 1334 2081 γὰρ
1360 2010 1494 2082 πρὸς
1522 2010 1786 2083 κάθαρσιν

198 2094 292 2149 καὶ
334 2096 756 2167 ἀνακαινισμὺν,
815 2098 1135 2171 καταϐασίῳ
1167 2100 1275 2164 πᾶς
1308 2101 1336 2153 6
1365 2099 1570 2171 κόσμος
1618 2118 1786 2154 κατα-

194 2184 528 2257 κλυζόμενος
558 2189 689 2259 πυρί
723 2188 862 2259 (76)·
894 2190 955 2242 ού
986 2189 1090 2261 μὴν
1114 2192 1195 2254 είς
1216 2190 1488 2245 ἀπώλειαν
1510 2191 1785 2246 ἐλεύσεται

194 2279 437 2348 παντελῆ
481 2280 575 2332 καὶ
626 2280 849 2352 φθοράν.
896 2283 960 2335 Εἰ
991 2282 1100 2355 γὰρ
1140 2285 1387 2354 κρεῖττον
1426 2284 1486 2337 τὸ
1524 2286 1597 2355 μὴ
1641 2285 1784 2339 εἶναι

190 2363 287 2415 τοῦ
316 2359 457 2419 εἶναι
486 2367 576 2420 τὸν
603 2368 824 2438 κόσμον,
855 2370 943 2423 διὰ
964 2371 1016 2422 τί
1041 2372 1102 2424 τὸ
1128 2375 1307 2443 χεῖρον
1333 2375 1516 2445 ᾑρεῖτο
1550 2377 1784 2447 ποιήσας

188 2453 280 2507 τὸν
332 2455 536 2526 κόσμον
568 2460 597 2511 6
643 2459 804 2524 656;;
855 2462 994 2514 Ἀλλ’
1027 2463 1150 2516 οὐδὲ
1190 2466 1218 2516 6
1274 2464 1406 2529 Θεὸς
1471 2467 1780 2539 ματαίωςῆ

188 2548 378 2616 χεῖρον
404 2549 579 2602 ἐποίει
606 2549 740 2622 (77).
758 2552 967 2607 Οὐκοῦν
996 2556 1075 2619 είς
1101 2555 1162 2608 τὸ
1184 2552 1323 2611 εἶναι
1352 2558 1445 2611 καὶ
1479 2559 1658 2629 μένειν
1683 2560 1781 2631 τὴν

190 2638 369 2690 κτίσιν
402 2642 433 2693 6
467 2640 599 2704 Θεὸς
628 2642 1028 2717 διεκοσμήσατο
1050 2687 1065 2713 ,
1112 2648 1363 2720 καθάπερ
1405 2651 1497 2703 καὶ
1540 2653 1573 2723 ἡ
1610 2652 1781 2721 Σοφία

188 2730 537 2802 συνίστησιν,
566 2734 802 2790 Ἕκτισε
829 2739 936 2807 γὰρ
974 2741 1062 2806 εἰς
1103 2740 1168 2793 τὸ
1192 2736 1373 2805 εἶναι,
1427 2741 1659 2811 λέγουσα
1706 2743 1783 2797 τὰ

184 2819 406 2888 πάντα,
439 2827 474 2877 ὀ
504 2827 674 2892 Θεός·
702 2828 801 2882 καὶ
831 2829 1108 2898 σωτήριοι
1147 2834 1207 2885 αἱ
1238 2833 1505 2903 γενέσεις
1537 2836 1643 2890 τοῦ
1680 2838 1781 2890 κό-

185 2925 348 2979 σμου
364 2930 378 2942 ·
397 2914 497 2967 καὶ
524 2916 635 2969 οὐκ
649 2916 821 2971 ἐστιν
839 2919 910 2971 ἐν
936 2919 1146 2986 αὐταῖς
1166 2922 1481 2991 φάρμακον
1502 2924 1772 2993 ὀλέθρου.

186 3004 297 3056 Καὶ
341 3006 372 3057 6
419 3005 631 3070 Παῦλος
672 3008 729 3061 δὲ
766 3011 952 3081 σαφῶς
1002 3016 1286 3085 μαρτυρεῖ,
1322 3014 1526 3084 λέγων*
1573 3018 1643 3070 Ἡ
1666 3017 1781 3087 γὰρ,

184 3095 640 3163 ἀποκαραδοκία
669 3100 779 3170 τῆς
807 3103 1060 3171 κτίσεως
1090 3104 1205 3173 τὴν
1231 3106 1622 3177 ἀποκάλυψιν
1657 3109 1775 3163 τῶν

182 3187 334 3242 υἱῶν
354 3188 463 3243 τοῦ
495 3189 644 3244 Θεοῦ
663 3193 1074 3264 ἀπεκδέχεται.
1117 3197 1195 3266 Τῇ
1227 3198 1338 3267 γὰρ
1358 3202 1705 3270 ματαιότητι
1734 3206 1771 3272 η

183 3281 386 3346 κτίσις
417 3281 707 3351 ὑπετάγη,
742 3287 858 3354 οὐχ
888 3287 1134 3352 ἑκοῦσα,
1166 3290 1329 3343 ἀλλὰ
1360 3290 1458 3345 διὰ
1491 3293 1598 3347 τὸν
1622 3297 1771 3348 ὐπο-

183 3369 454 3435 τάξαντα
470 3374 564 3426 ἐπ’
595 3375 797 3430 ἐλπίδι
816 3393 830 3408 ·
861 3377 948 3432 ὅτι
978 3380 1075 3434 καὶ
1116 3381 1269 3451 αὐτὴ
1303 3384 1342 3452 ἡ
1379 3387 1577 3452 κτίσις
1604 3387 1772 3441 ἐλευ-

182 3463 587 3531 θερωθήσεται
627 3469 745 3521 ἀπὸ
794 3470 905 3538 τῆς
941 3471 1222 3541 δουλείας
1266 3475 1375 3545 τῆς
1417 3477 1640 3546 φθορᾶς
1683 3484 1768 3547 εἰς

180 3554 301 3622 τὴν
336 3556 690 3626 ἐλευθερίαν
716 3560 827 3629 τῆς
857 3562 1041 3634 δόξης
1065 3564 1183 3619 τῶν
1212 3566 1439 3623 τέκνων
1464 3571 1570 3625 τοῦ
1597 3574 1765 3627 Θεοῦ.

186 3644 267 3714 Τῇ
312 3646 424 3715 γὰρ
466 3652 814 3720 ματαιότητι
882 3656 921 3723 ἡ
969 3657 1165 3725 κτίσις
1232 3658 1519 3733 ὑπετάγη,
1574 3664 1755 3733 φησίν.

191 3736 765 3811 Ἑλευθερωθήσεσθαι
806 3742 863 3795 δὲ
907 3745 1004 3815 τῆς
1034 3748 1289 3820 τοιαύτης
1321 3749 1564 3815 δουλείας
1607 3769 1768 3824 προσ-

178 3826 336 3899 δοκᾷ,
403 3830 583 3883 κτίσιν
634 3833 725 3885 τὸν
790 3834 994 3906 κόσμον
1047 3838 1235 3894 τοῦτον
1288 3839 1611 3913 βουλόμενος
1664 3863 1763 3899 κα-

178 3915 296 3970 λεῖν
329 3918 465 3988 (78).
501 3921 576 3973 Οὔ
610 3921 719 3991 γὰρ
757 3920 825 3975 τὰ
865 3923 939 3994 μὴ
971 3923 1278 3997 βλεπόμενα
1317 3930 1382 3999 τῇ
1436 3930 1610 4002 φθορᾷ
1640 3931 1762 3983 δου-

178 4005 349 4071 λεύει,
397 4007 531 4063 am
573 4010 744 4063 ταῦτα
774 4011 839 4083 δὴ
886 4014 953 4066 τὰ
996 4014 1320 4088 βλεπόμενα.
1370 4019 1536 4074 Μένει
1581 4022 1688 4093 ἄρα
1729 4025 1762 4094 ἡ

177 4099 361 4162 κτίσις
389 4101 469 4164 είς
502 4100 563 4153 τὸ
589 4102 810 4171 ἄμεινον
836 4105 1401 4181 ἁνακαινοποιηθεῖσα,
1443 4114 1536 4166 καὶ
1567 4113 1765 4185 εὐπρε-

180 4189 451 4261 πέστερον
479 4192 843 4266 ἀγαλλομένη,
872 4197 966 4249 καὶ
998 4200 1263 4269 χαίρουσα
1292 4204 1383 4255 ἐπὶ
1413 4206 1526 4267 τοῖς
1553 4205 1763 4267 τέκνοις

177 4281 277 4337 τοῦ
324 4282 483 4347 Θεοῦ,
532 4288 598 4357 τῇ
648 4286 941 4342 ἀναστάσει
983 4291 1248 4353 στενάζει
1298 4294 1432 4367 (79),
1481 4296 1579 4349 καὶ
1614 4314 1763 4351 συν-

1888 1934 2008 1974 sum
2043 1918 2146 1973 hoc
2173 1916 2419 1971 funditus
2469 1914 2774 1985 periturum
2826 1909 3111 1973 dicamus;
3142 1920 3207 1960 ac
3234 1914 3457 1966 terram,

1887 2025 2177 2079 acremque
2197 2015 2250 2063 et
2280 2008 2480 2063 malum
2513 2003 2842 2075 quandoque
2868 1999 3138 2055 desitura.
3168 1995 3313 2051 Sane
3338 1994 3461 2065 qui-

1885 2100 2008 2158 dem
2036 2101 2274 2157 mundus
2306 2100 2394 2154 hic
2422 2109 2569 2153 totus
2599 2106 2657 2151 ut
2695 2094 2916 2167 purgari
2940 2092 3115 2163 possit
3155 2096 3211 2146 et
3249 2091 3462 2144 instau-

1883 2195 2016 2256 rari,
2049 2191 2451 2250 exundantibus
2490 2191 2557 2245 de
2586 2189 2728 2243 oculo
2759 2186 3018 2249 ﬂammis,
3044 2182 3298 2238 incendio
3326 2195 3462 2235 con-

1882 2289 2163 2360 ﬂagrabit;
2190 2303 2299 2342 non
2330 2294 2512 2341 tamen
2541 2283 2787 2338 interibit
2822 2296 2886 2335 ac
2919 2287 3299 2349 corrumpetur
3340 2290 3460 2329 om-

1882 2385 2033 2436 nino.
2072 2378 2285 2433 Etcnim
2316 2378 2361 2433 si
2393 2376 2655 2432 mundum
2683 2388 2792 2427 non
2822 2386 2944 2426 esse.
2972 2384 3135 2440 quam
3168 2382 3311 2431 esse,
3342 2380 3460 2420 me-

1881 2472 1988 2528 lius
2021 2482 2143 2538 est;
2176 2487 2275 2525 cur
2302 2469 2446 2541 quod
2472 2468 2714 2524 deterius
2737 2472 2842 2527 est,
2882 2461 3146 2517 mundum
3180 2459 3459 2513 fabrican-

1883 2563 1974 2625 do,
2007 2562 2150 2618 Deus
2181 2561 2446 2633 eligeret?
2475 2561 2546 2614 At
2573 2572 2750 2629 neque
2779 2554 2923 2611 Deus
2957 2554 3183 2617 frustra,
3204 2553 3287 2606 vel
3309 2548 3455 2620 quod

1882 2658 2124 2713 deterius
2167 2663 2271 2721 est,
2301 2669 2539 2726 unquam
2589 2657 2825 2706 crearet.
2858 2648 3223 2715 Quamobrem
3269 2652 3331 2698 ut
3363 2660 3457 2699 es-

1880 2755 2003 2804 sent
2033 2762 2097 2801 ac
2124 2753 2426 2805 manerent,
2463 2740 2715 2797 conditas
2761 2755 2790 2793 a
2841 2753 2899 2793 se
2937 2752 3027 2792 res
3059 2734 3207 2791 Deus
3244 2734 3456 2789 consti-

1879 2841 2017 2906 tuit;
2049 2835 2507 2909 quemadmodum
2556 2833 2721 2887 etiam
2782 2827 3063 2899 Sapientia
3124 2827 3325 2882 astruit
3369 2825 3456 2881 his

1878 2931 2059 2987 verbis
2086 2949 2099 2985 :
2126 2927 2336 2984 Creavit
2362 2927 2523 2988 enim,
2554 2931 2614 2977 ut
2644 2931 2818 2978 essent
2842 2922 3042 2988 omnia,
3077 2919 3251 2983 Deus;
3278 2928 3329 2973 et
3362 2935 3452 2972 sa-

1880 3023 2079 3075 lutares
2115 3030 2238 3075 sunt
2274 3018 2457 3073 mundi
2478 3016 2838 3088 generationes
2869 3031 2887 3068 :
2916 3022 2965 3068 et
3000 3030 3102 3067 non
3136 3021 3215 3067 est
3251 3013 3305 3064 in
3343 3009 3451 3065 illis

1878 3114 2311 3168 medicamentum
2331 3109 2628 3165 exterminii
2653 3107 2715 3159 ¹³.
2747 3106 2847 3161 Cui
2870 3114 2922 3160 et
2943 3106 3230 3176 perspicue
3249 3103 3453 3158 Paulus

1876 3204 2223 3274 astipulatur,
2254 3203 2329 3256 ita
2362 3202 2594 3271 loquens
2632 3215 2646 3253 :
2675 3196 2819 3251 Nam
2842 3197 3162 3265 exspectatio
3193 3206 3448 3249 creatum

1874 3297 2243 3351 reuelationem
2279 3293 2514 3363 ﬁliorum
2554 3291 2653 3345 Dei
2695 3297 2981 3358 exspectat.
3033 3288 3272 3342 Vanitati
3309 3288 3449 3340 enim

1872 3394 2118 3437 creatura
2156 3381 2392 3451 subjecta
2446 3389 2545 3445 est,
2588 3396 2689 3434 non
2719 3379 2915 3442 volens,
2952 3376 3041 3431 sed
3084 3387 3295 3446 propter
3329 3392 3457 3429 eum-

1870 3476 1960 3544 qui
1986 3472 2208 3542 subjecit
2237 3488 2352 3525 eam
2378 3472 2431 3524 in
2454 3486 2581 3538 spe:
2614 3471 2740 3539 quia
2768 3478 2818 3523 et
2842 3469 2959 3537 ipsa
2984 3477 3231 3521 creatura
3253 3467 3440 3521 libera-

1871 3565 2014 3619 bitur
2045 3583 2078 3619 a
2127 3564 2375 3619 servitute
2404 3563 2781 3631 corruptionis,
2826 3563 2881 3614 in
2925 3560 3225 3614 libertatem
3258 3560 3446 3631 gloria:

1869 3658 2105 3727 ﬁliorum
2129 3657 2229 3712 Dei
2259 3656 2323 3711 “.
2357 3654 2595 3710 Vanitati
2628 3655 2785 3717 enim,
2820 3653 3017 3723 inquit,
3049 3660 3298 3706 creatura
3319 3652 3450 3707 sub-

1858 3749 2004 3818 jecta
2030 3748 2348 3817 est;abhac
2383 3763 2512 3801 vero
2545 3747 2809 3802 servitute
2837 3746 2927 3800 illa
2944 3744 3443 3814 exspectatlibera-

1868 3849 1982 3894 tum
2014 3840 2081 3894 iri
2111 3857 2122 3890 :
2147 3854 2255 3907 quo
2275 3846 2541 3893 creatura:
2566 3837 2784 3892 nomine
2812 3836 3076 3890 mundum
3112 3836 3256 3889 hunc
3280 3834 3444 3905 signi-

1867 3934 2030 3987 ﬁcare
2060 3930 2255 3986 voluit.
2291 3929 2410 3985 Non
2450 3930 2595 3987 enim
2624 3945 2747 4000 quae
2779 3928 2953 3984 videri
3001 3933 3305 3996 nequeunt,
3344 3925 3440 3981 sed

1865 4025 1981 4080 haec
2013 4040 2134 4094 quae
2175 4022 2568 4092 adspectabilia
2620 4029 2781 4085 sunt,
2817 4020 3140 4089 corruptela:
3169 4019 3435 4073 serviunt.

1865 4114 2043 4171 Manet
2077 4114 2244 4185 igitur
2284 4121 2534 4168 creatura
2583 4112 2639 4166 in
2670 4119 2872 4167 statum
2913 4111 3191 4165 meliorem
3242 4110 3439 4165 decen-

1863 4210 2167 4278 tioremque
2193 4213 2483 4270 renovata,
2512 4204 2755 4276 gaudens
2798 4204 3187 4272 exsultansque
3218 4218 3315 4272 pro
3349 4218 3435 4256 re-

1862 4298 2210 4368 surgentibus
2268 4296 2396 4352 ﬁliis
2439 4295 2533 4349 Dei
2590 4314 2602 4350 :
2654 4305 2991 4365 quapropter
3039 4293 3330 4363 ingemiscit
3385 4300 3437 4346 et

177 4372 539 4474 abiret-1:01»,
569 4375 670 4474 τὴν
703 4378 1074 4449 ἀπολύτρωσιν
1097 4383 1254 4453 ήμῶν
1285 4385 1390 4438 ἀπὸ
1420 4386 1520 4454 τῆς
1558 4388 1760 4460 φθορᾶς

1883 4390 2093 4443 parturit
2116 4388 2290 4453 modo,
2321 4395 2642 4459 exspectans
2671 4397 2724 4442 et
2746 4387 2861 4458 ipsa
2889 4385 3313 4454 redemptionem
3336 4400 3437 4438 no-

177 4463 280 4516 καὶ
327 4464 465 4536 αὑτὴ
501 4464 599 4518 τοῦ
647 4466 896 4538 σώματος
932 4472 1338 4545 ἀπεκδεχομένη
1361 4492 1375 4504 ·
1412 4476 1559 4541 ὅπως
1604 4478 1760 4549 ἡμῶν

1883 4493 2032 4537 stram
2058 4498 2089 4536 a
2129 4482 2481 4551 corruptione
2508 4481 2794 4550 corporis;
2820 4485 2880 4532 ut
2901 4494 3023 4533 cum
3056 4476 3321 4532 fuerimus
3347 4493 3449 4532 exs.

178 4555 578 4659 ἐξεγερθέντων
632 4560 726 4612 καὶ
779 4562 1254 4635 ἀποτιναξαμένων
1305 4566 1405 4638 τὴν
1459 4571 1756 4642 νεκρότητα

1883 4574 2013 4628 :itati
2036 4588 2067 4627 a
2093 4575 2344 4640 mortuis,
2372 4588 2436 4629 ac
2481 4574 2664 4627 carnis
2699 4572 3083 4627 mortalitatem
3120 4570 3435 4625 excusseri-

174 4648 290 4748 τῆς⁴
304 4648 540 4748 σαρκος,⁸
558 4652 699 4748 κατά
727 4652 787 4705 τὸ
813 4655 1199 4726 γεγραμμένον
1217 4696 1233 4721 ,
1279 4658 1614 4724 Ἐκτίναξαι
1650 4663 1758 4716 τὸν

1883 4682 2013 4729 nus,
2051 4682 2152 4736 pro
2171 4680 2237 4719 eo
2268 4680 2332 4719 ac
2367 4665 2630 4735 scriptum
2657 4671 2738 4718 est
2779 4683 2791 4717 :
2827 4662 3027 4717 Excute
3085 4661 3347 4730 pulverem
3384 4673 3433 4716 et

173 4740 351 4807 χοῦν,
380 4740 477 4793 καὶ
508 4740 822 4809 ἀνάστηθι,
858 4742 1005 4818 [καὶ]
1038 4746 1311 4813 κάθισον,
1329 4746 1753 4821 Ἰερουσαλὴμ,

1883 4758 1985 4811 sede
2022 4773 2041 4812 :
2075 4774 2253 4827 surge,
2300 4755 2660 4810 Jerusalem”
2688 4770 2706 4808 :
2739 4754 3113 4824 fuerimusque
3156 4752 3368 4808 liberati
3403 4770 3432 4807 a

174 4829 653 4903 ἐλευθερωθέντων
681 4850 741 4889 τε
782 4835 883 4906 τῆς
918 4838 1226 4909 ἁμαρτίας,
1264 4841 1756 4915 ἐλευθερωθήσεται

1883 4848 2130 4916 peccatis,
2156 4848 2269 4917 ipsa
2302 4862 2520 4918 quoque
2565 4848 2827 4902 liberetur
2852 4860 2881 4899 a
2910 4844 3261 4914 corruptione
3287 4863 3299 4897 :
3329 4858 3449 4898 nes.

249 4987 296 5019 “
312 4984 512 5043 Jerem.
537 5002 697 5053 xvm,
727 4990 849 5047 5-6.
928 4993 972 5024 ¹³
995 4991 1123 5063 Sap.
1158 5012 1196 5063 ι,
1229 4997 1318 5052 Η.
1417 4998 1461 5030 ⁸⁸
1493 4998 1643 5056 Rom.
1672 5015 1778 5064 vni

1883 5000 2017 5057 i-20.
2096 5002 2140 5034 ⁸⁸
2171 4999 2286 5056 Isa.
2320 5015 2416 5065 LII,
2446 4999 2504 5053 2.

1934 5171 2040 5219 ere,
2073 5156 2154 5218 είς
2188 5156 2340 5217 νῖκος
2368 5152 2711 5222 καταλεῖψαι.
2744 5152 2952 5208 Alludit
2983 5151 3049 5206 ad
3074 5150 3240 5205 verba
3268 5144 3422 5222 Pauli

392 5212 515 5303 ρῦκ
548 5212 933 5303 ἀρεστόνξίξι
960 5220 1161 5303 _Ep_iph:
1188 5222 1318 5303 ibid.
1361 5238 1516 5277 num.
1547 5223 1611 5278 51
1624 5260 1691 5303 ,Μ

1883 5212 2037 5280 Ὀοιί
2065 5212 2154 5289 xv,
2178 5225 2268 5287 54,
2308 5212 2570 5303 Ᾱρεοηηα
2601 5212 2678 5303 est
2712 5225 2938 5303 mors
2963 5222 3203 5303 victoria,
3236 5221 3316 5303 είς
3346 5221 3428 5303 νῖ-

176 5348 207 5371 ν
246 5283 359 5371 (ῖς)
388 5283 806 5354 Καταϐασίῳ...
825 5293 971 5360 πυρί
975 5333 991 5350 .
1008 5283 1263 5347 Méndose
1286 5292 1472 5363 impr.,
1490 5293 1757 5361 καταϐὰς,

1883 5312 1976 5360 tog,
2009 5283 2318 5371 quanquam
2353 5283 2554 5371 habent
2586 5294 2753 5363 aliqui
2787 5293 3003 5371 codices
3033 5283 3231 5371 νεῖκος,
3262 5299 3426 5371 utnte-

168 5357 217 5424 ᾧ
475 5430 556 5444 Η.
626 5429 712 5444 ω
821 5431 835 5444 .
907 5357 944 5444 ⁷,
1038 5429 1102 5444 m
1362 5357 1381 5363 ’
1565 5441 1572 5444 _
1714 5357 1750 5361 ’⁷
1862 5357 2042 5444 statur
2064 5357 2460 5444 Esti'usmultis
2495 5357 2791 5444 excurrens
2818 5363 2883 5417 ad
2915 5379 3039 5444 eum
3072 5363 3273 5444 locum.
3305 5357 3425 5416 Non

244 5425 299 5507 (7
307 5426 556 5507 7)_"A.1.2’
577 5429 785 5507 οὐδὲν.
809 5431 1018 5507 erratas.
1038 5429 1140 5507 Hie
1167 5432 1299 5507 editi
1326 5433 1503 5507 mutili
1524 5441 1580 5488 et
1601 5449 1756 5507 men-

1883 5436 2020 5490 rideo
2041 5449 2149 5507 cur
2180 5434 2463 5507 Epiphanii
2494 5435 2762 5507 interpres
2792 5425 3102 5505 suspicatus
3134 5432 3205 5487 sit
3239 5432 3423 5507 legen-

169 5492 496 5586 dosiiljalm
539 5507 665 5586 post
699 5499 789 5580 τὸν
821 5501 1023 5586 κόσμον
1044 5505 1073 5555 6
1101 5503 1254 5567 Θεός,
1286 5503 1484 5559 habent
1512 5504 1755 5575 ματαίως

1883 5509 1981 5586 lum
2007 5504 2089 5570 τὸ,
2114 5492 2314 5586 νεῖκος,
2336 5504 2455 5586 ἀντι
2475 5503 2592 5569 τοῦ,
2622 5492 2822 5569 νίκους,
2863 5492 2927 5559 εὶ
2960 5519 3136 5586 neque
3164 5510 3223 5586 u_t
3255 5492 3422 5554 al'ter-

168 5566 520 5688 ἔχεεΙοοποίει.
542 5566 784 5650 ρύκοῦν,
813 5588 869 5625 κ.
900 5566 952 5626 τ.
979 5571 1030 5624 λ.
1240 5566 1245 5567 ⁷
1512 5566 1525 5575 ’
1736 5566 1745 5568 ἡ

242 5636 261 5699 (
302 5636 358 5699 8)
388 5641 627 5693 Καλειν.
660 5638 824 5699 RuD..
862 5640 1189 5699 φιλοκαλεῖν.

1883 5583 2034 5630 [trum
2074 5566 2348 5645 tsigniticet
2386 5587 2400 5623 :
2438 5577 2493 5629 in
2536 5566 2688 5630 tanta
2723 5566 3063 5631 contumelia
3127 5575 3418 5639 robroque.

1883 5647 2266 5699 :omoosuimus
2314 5660 2380 5699 ex
2433 5645 2615 5699 editis.
2673 5653 2728 5699 et
2781 5592 3152 5699 Ruuit‘ucaltrii
3208 5641 3418 5699 codice.

268 5635 358 5773 78;
388 5638 627 5693 Καλεῒν.
660 5638 824 5709 Rup.,
862 5640 1189 5710 φιλοκαλεῖν.

265 5705 353 5797 Ξὲ.
388 5707 485 5797 4:9
519 5707 838 5797 ﬁdem
870 5711 936 5766 δι’
963 5711 1172 5797 οδεστ·
1223 5784 1237 5797 .
1468 5783 1480 5797 .
1660 5788 1690 5797 ..

1883 5635 2266 5714 :omposuivmus
2314 5660 2380 5700 ex
2433 5645 2615 5709 editis,
2673 5653 2728 5699 et
2781 5635 3152 5716 Rupil'uealdii
3208 5635 3420 5710 codice,

1883 5725 2054 5797 extum
2086 5731 2278 5797 unum,
2318 5729 2521 5797 sanum
2555 5716 2692 5771 satis
2717 5722 2770 5770 et
2797 5719 3026 5783 clarum,
3052 5729 3177 5772 cum
3207 5712 3419 5768 utrolib-

241 5774 358 5849 (80)
394 5779 477 5831 Ad
513 5774 791 5836 uictoria-nt
820 5798 882 5836 ac
906 5798 1000 5838 ceu
1020 5774 1282 5853 triumpho
1311 5783 1572 5859 agendum
1594 5788 1751 5843 relin-

1887 5802 1952 5843 ue
1971 5787 2189 5843 luxatus
2216 5774 2391 5843 esstet
2420 5787 2707 5859 minusque
2736 5802 2925 5844 sanus.

411 5149 642 5218 Πρόσχ.
671 5149 747 5204 Ex
776 5150 994 5221 Epiph.,
1020 5150 1155 5204 har.
1187 5167 1341 5207 num.
1380 5151 1472 5207 28.
