3864 6162
393 365 498 421 275

1369 353 1428 419 S.
1466 359 1797 418 METllODll
1834 354 2142 413 EPISCOPI
2177 355 2267 410 ET
2303 350 2663 410 MARTYRIS

3522 338 3628 395 276

390 486 499 540 iam
527 487 778 551 vanitati,
804 484 906 541 sed
947 484 1175 556 iustitia:
1221 484 1440 539 serviat.
1491 479 1597 536 Sed
1647 487 1703 535 et
1733 476 1946 533 Isaias:

2057 472 2146 525 καὶ
2162 470 2299 542 αὑτὴ
2324 469 2423 539 τῆς
2447 454 2886 539 φθορᾶςξμηκέτι
2906 465 2971 535 τῇ
3009 458 3325 556 ματαιότητι
3356 454 3638 556 όοιῡεύοιιῖ⁸

390 579 538 632 Sicut
558 578 720 644 enim,
755 576 953 648 inquit,
976 575 1159 630 cretum
1188 590 1400 637 novum,
1427 580 1478 627 et
1501 582 1641 625 terra
1667 586 1820 633 nova,
1841 584 1957 639 qua:

389 681 483 735 ego
506 665 669 733 facio,
703 676 1006 734 permanent
1033 664 1087 718 in
1130 671 1405 732 conspectu
1434 678 1567 726 meo,
1599 661 1731 714 dicit
1774 658 1959 712 Domi-

388 773 489 808 nus
518 771 537 808 :
576 757 656 811 sic
686 757 786 811 erit
832 772 1006 810 semen
1048 763 1276 810 uestrum
1317 762 1367 808 et
1410 769 1597 807 nomen
1634 760 1863 806 vestrum
1888 751 1954 804 η.

391 845 458 899 Ει
484 847 681 903 iterum
721 867 733 901 :
769 846 856 903 Sic
882 848 1013 901 dicit
1036 847 1312 911 Dominus,
1333 846 1423 916 qui
1449 844 1572 915 fecit
1606 846 1790 898 coelum
1813 859 1833 896 :
1874 843 1959 897 hic

389 937 483 1007 qui
518 947 715 991 terram
743 937 1000 1002 condidit,
1033 946 1083 991 et
1120 937 1245 1006 fecit
1279 936 1453 1000 illam,
1477 936 1587 1006 ipse
1629 933 1871 988 discrevit
1898 933 1962 987 il-

392 1028 521 1084 lam.
550 1028 676 1083 Non
717 1030 773 1083 in
813 1032 1004 1084 vanum
1039 1028 1186 1099 (fecit
1225 1027 1388 1099 eam),
1414 1027 1503 1083 sed
1533 1036 1592 1081 ut
1627 1025 1960 1082 habitaretur

392 1118 693 1190 (plasmauit
714 1136 831 1176 eam
850 1120 938 1190 1").
968 1119 1104 1175 Nam
1135 1135 1327 1176 revera
1368 1135 1479 1174 non
1513 1117 1719 1175 frustra
1738 1157 1755 1185 ,
1782 1132 1960 1189 neque

390 1207 628 1263 inaniter
658 1209 727 1263 ad
764 1210 1013 1279 exitium,
1041 1217 1102 1264 ut
1126 1210 1220 1280 qui
1254 1210 1437 1265 inania
1489 1210 1709 1280 sapiunt
1757 1209 1957 1279 inepti-

390 1314 498 1371 que
544 1301 797 1357 homines
844 1302 1202 1367 arbitrantur,
1234 1304 1548 1359 universum
1575 1303 1681 1358 hoc
1714 1302 1960 1358 condidit

390 1389 556 1455 Deus,
585 1391 680 1446 sed
703 1400 763 1446 ut
791 1402 936 1449 esset
961 1401 1016 1447 et
1039 1400 1101 1448 ut
1131 1393 1470 1449 habitaretur
1502 1399 1556 1448 et
1578 1400 1637 1447 ut
1667 1407 1959 1463 permane-

389 1488 494 1536 ret.
531 1479 685 1537 Unde
714 1488 769 1536 et
809 1488 1014 1538 terram
1069 1497 1296 1538 necesse
1354 1490 1461 1546 est,
1492 1492 1546 1538 et
1583 1482 1804 1547 coelum,
1835 1487 1960 1552 post

389 1571 534 1627 illam
563 1585 744 1627 rerum
764 1570 1011 1628 omnium
1042 1572 1519 1646 conﬂagrationcm
1564 1583 1619 1630 et
1644 1579 1836 1629 aestum
1865 1588 1962 1628 ex-

388 1659 604 1717 sistere.

456 1839 551 1897 ΙΧ.
599 1840 696 1898 Sin
744 1851 925 1900 autem
977 1845 1276 1902 adversarii
1327 1845 1641 1917 objiciant:
1684 1844 1790 1911 Qui
1826 1858 1959 1915 ergo

387 1931 495 1988 nisi
529 1934 840 1990 universum
870 1936 973 1991 hoc
1021 1936 1093 1992 sit
1134 1938 1483 2007 periturum?
1525 1937 1790 1992 Dominus
1831 1936 1957 2005 qui-

386 2023 532 2088 dem,
569 2026 757 2080 caelum
783 2043 846 2080 ac
872 2036 1069 2081 terram
1112 2030 1409 2083 transitura
1446 2029 1520 2095 ¹⁸,
1556 2026 1667 2093 ait;
1693 2026 1958 2097 propheta

386 2124 590 2181 autem,
625 2118 811 2172 caelum
834 2119 1010 2173 instar
1040 2119 1176 2188 fumi
1211 2136 1323 2175 esse
1348 2121 1640 2190 periturum
1675 2117 1820 2190 (81):
1848 2128 1957 2173 ter-

384 2222 502 2260 ram
524 2217 698 2263 autem
715 2211 872 2280 quasi
887 2211 1248 2266 vestimentum
1261 2228 1370 2266 esse
1391 2220 1743 2266 veteraturam
1762 2212 1826 2263 “.
1843 2207 1956 2266 Nos

383 2297 510 2354 ideo
536 2301 1004 2372 responderimus,
1038 2302 1185 2377 quod
1219 2303 1273 2358 id
1320 2303 1491 2359 moris
1540 2301 1836 2373 Scriptura:
1862 2302 1953 2370 sit,

382 2398 446 2445 ut
490 2392 678 2447 mundi
718 2393 788 2448 ab
818 2401 964 2449 statu
1015 2394 1120 2450 hoc
1165 2394 1223 2450 in
1268 2396 1464 2452 melius
1496 2397 1956 2468 praestantiusque

380 2484 762 2548 mutationem,
821 2484 1101 2540 interitum
1162 2487 1423 2556 appellet;
1486 2488 1635 2542 velut
1695 2488 1955 2542 nimirum

380 2582 641 2641 pereunte
689 2576 871 2645 priore
910 2577 1002 2631 illa
1033 2575 1228 2641 forma,
1259 2579 1615 2634 conversione
1643 2579 1699 2633 in
1747 2580 1952 2649 jucun—

381 2662 671 2720 dissimum
716 2675 939 2722 statum.
996 2667 1131 2723 Nam
1168 2668 1303 2723 nihil
1345 2669 1401 2723 in
1444 2669 1743 2741 Scripturis
1776 2670 1952 2727 sacris

380 2755 715 2809 contrarium
747 2763 832 2812 est
860 2766 914 2811 et
935 2757 1255 2814 absurdum.
1296 2757 1508 2830 Quippe
1567 2759 1774 2813 dictum
1808 2768 1894 2816 est
1930 2778 1946 2815 :

379 2843 627 2900 Prteterit
663 2848 837 2917 ﬁgura
884 2848 1039 2917 hujus
1069 2850 1251 2904 mundi
1276 2851 1345 2914 '°,
1375 2866 1486 2905 non
1517 2853 1755 2909 mundus
1811 2871 1826 2909 :
1868 2853 1951 2908 sic

379 2934 680 3006 Scripturis
707 2940 965 2994 usitatum
996 2949 1100 3007 est,
1138 2949 1197 2996 ut
1225 2944 1596 3000 antecedentis
1636 2944 1691 2999 in
1718 2946 1772 3000 id
1800 2946 1949 3017 quod

378 3028 579 3083 melius
615 3042 681 3083 ac
735 3028 1031 3085 formosius
1086 3038 1191 3097 est,
1225 3031 1411 3103 figurae
1451 3034 1829 3101 mutationem,
1862 3037 1947 3092 in-

377 3119 600 3173 teritum
629 3121 887 3176 vocitent.
939 3121 1171 3178 Perinde
1199 3137 1265 3178 ac
1307 3125 1355 3180 si
1399 3125 1523 3195 quis
1555 3128 1845 3182 transitum
1883 3144 1948 3183 ac
1976 3166 2021 3228 ο

376 3212 733 3268 mutationem
780 3214 1046 3273 infantilis
1090 3217 1371 3287 ligurtein
1400 3218 1578 3273 virum
1620 3221 1944 3292 perfectum,

374 3304 655 3360 interitum
686 3307 949 3373 nominet,
979 3308 1206 3365 infantis
1247 3317 1405 3366 aetate
1436 3311 1491 3365 in
1515 3314 1944 3383 magnitudinem

374 3395 945 3468 pulchritudinemque
1001 3407 1226 3454 mutata.
1259 3399 1327 3454 Et
1353 3417 1484 3458 vero
1534 3404 1834 3474 putandum
1862 3420 1949 3464 est

374 3485 513 3550 fore,
547 3493 608 3540 ut
635 3487 784 3541 velut
828 3487 1094 3542 moritura
1126 3490 1182 3544 in
1219 3504 1283 3545 ea
1315 3489 1759 3562 conﬂagratione,
1791 3509 1946 3549 crea-

372 3583 498 3630 tura
564 3578 874 3633 renovanda
913 3587 1231 3650 praetereat;
1282 3597 1391 3637 non
1431 3593 1613 3639 tamen
1662 3594 1723 3640 ut
1762 3595 1949 3656 pereat

373 3667 879 3738 exstinguaturque,
914 3679 975 3724 ut
1009 3672 1257 3726 renovati
1289 3679 1344 3727 et
1388 3673 1679 3730 instaurati
1728 3676 1856 3747 ipsi,
1889 3679 1942 3733 in

373 3756 581 3811 mundo
624 3759 929 3814 instaurata
980 3768 1355 3833 renovatoque
1401 3765 1708 3824 habitemus
1740 3767 1947 3826 doloris

372 3854 626 3915 expertes
664 3849 852 3918 :juxta
888 3851 1034 3921 quod
1061 3852 1267 3907 dictum
1298 3864 1382 3910 est
1409 3857 1451 3888 ¹¹
1479 3875 1493 3912 :
1528 3844 1756 3913 Emittes
1785 3861 1946 3929 spiri-

374 3944 486 3989 tum
509 3946 677 4004 tuum,
699 3948 748 3994 et
773 3940 1108 4007 creabantur,
1132 3952 1181 3998 et
1212 3945 1484 4000 renovabis
1521 3946 1709 4016 faciem
1744 3957 1899 4003 terra:
1925 3968 1943 4004 :

372 4028 631 4084 nimirum
668 4031 777 4088 Deo
805 4033 1060 4104 deinceps
1091 4038 1431 4107 providente,
1460 4047 1519 4093 ut
1549 4043 1945 4113 temperatissi-

371 4133 521 4173 mum
550 4121 622 4176 sit
653 4125 957 4180 continens.
1020 4124 1152 4181 Nam
1196 4144 1320 4183 cum
1371 4139 1495 4201 post
1538 4133 1704 4205 hujus
1757 4137 1944 4191 saeculi

369 4212 596 4279 exitum,
631 4213 777 4270 terra
807 4216 986 4273 adhuc
1013 4230 1430 4291 perseveratum
1461 4225 1556 4290 sit,
1594 4227 1821 4282 omnino
1845 4244 1943 4285 ne-

368 4319 523 4361 cesse
574 4316 658 4362 est
690 4315 751 4363 ut
778 4309 943 4365 etiam
979 4312 1089 4368 sint
1116 4313 1234 4383 tqui
1254 4346 1267 4370 ,ο
1289 4316 1594 4373 inhabilem
1617 4336 1633 4386 ;
1660 4318 1808 4391 iique
1839 4322 1934 4391 qui

438 4462 486 4493 “
509 4460 624 4535 Isa.
659 4480 805 4529 LXVI,
858 4458 946 4520 2L
1043 4467 1089 4502 "
1124 4467 1235 4525 Iso.
1294 4486 1420 4535 ην,
1486 4472 1574 4526 18.

365 4547 483 4599 cut,
511 4534 601 4590 '50.

459 4674 549 4745 81)
576 4674 782 4757 βωιιιηι
803 4679 974 4733 instar
994 4681 1128 4750 fumi
1148 4698 1261 4757 esse
1283 4685 1595 4757 periturum,
1618 4695 1725 4744 etc.
1748 4687 1937 4756 Quan-

361 4760 526 4826 quam
574 4753 631 4800 in
671 4762 839 4826 marg.
874 4759 991 4804 erat
1021 4753 1292 4826 ascriptus
1313 4755 1455 4824 apud
1480 4754 1746 4826 Epiphan.
1773 4753 1830 4813 ν.
1865 4761 1936 4814 ‘27

362 4815 511 4898 psal._
535 4832 610 4898 ct,
645 4815 831 4898 potius
868 4827 1051 4898 tamen
1078 4815 1296 4898 videtur
1325 4815 1618 4898 respicere
1646 4829 1750 4883 lsa.
1775 4845 1851 4896 LI,
1877 4832 1934 4898 ϐ,

360 4886 727 4968 ιψῌιιψθιιεε
768 4890 858 4943 illa
899 4889 1036 4968 fumi
1078 4891 1400 4968 similitudo,
1436 4886 1784 4968 'verhumque
1824 4886 1935 4957 non

361 4954 1060 5047 ἓὲξξίξηέἐςε,ἓερξιεεί,ηιετ
1107 4954 1441 5047 ἐστερεώθὴν
1495 4954 1936 5047 causam?

361 5025 506 5093 quod
536 5024 1164 5100 Hieronymus'expomt,
1192 5024 1255 5086 ut
1278 5024 1456 5091 omnis
1482 5024 1747 5093 caelorum
1771 5024 1939 5095 firmi-

359 5104 446 5177 tas
468 5104 522 5177 et
544 5096 932 5163 robur,'vento
958 5096 1281 5177 inanissim_o
1308 5112 1363 5177 et
1391 5104 1540 5161 fumo
1567 5110 1660 5177 qui
1684 5109 1740 5163 in
1770 5125 1934 5167 auras

358 5163 611 5240 solvitur,
654 5177 985 5240 coaequatur,
1028 5171 1184 5240 juxta
1225 5163 1654 5232 Ecclesiastem:
1714 5163 1934 5236 ν’αηὶιῶ

356 5235 1064 5323 uanitatumgetc‘.‘Clarius
1109 5258 1237 5323 vero
1284 5243 1664 5323 Symmachus,
1715 5235 1935 5323 οὐρανοὶ

356 5301 697 5392 ἁλώσονται,
730 5308 901 5362 instar
933 5312 1063 5392 salis
1111 5301 1672 5392 liquesce'n_t_;_Aquila',

359 5374 742 5460 μειωθήσεται,
780 5374 1172 5460 comminuetur
1218 5384 1292 5460 in_
1319 5374 1544 5460 nihilum
1574 5374 1784 5460 {quod'
1816 5374 1934 5446 haec

356 5444 488 5532 eius
502 5444 715 5532 species
745 5456 799 5503 et
836 5449 1011 5532 forma
1041 5453 1114 5532 sit
1144 5455 1517 5532 anni_hi_l_anda,
1566 5444 1934 5532 dajndaquee—i

356 5461 480 5512 eius
502 5461 715 5568 speetes
745 5461 799 5503 et
836 5461 1011 5533 forma
1041 5461 1114 5507 sit
1144 5461 1517 5523 annihilanda,
1566 5461 1854 5532 dandaque
1883 5463 1934 5518 ei

355 5528 523 5601 nova"
548 5531 686 5586 onge
711 5531 994 5601 augustior
1018 5529 1072 5577 et
1088 5525 1781 5601 splendidior,_utexponit
1808 5531 1960 5601 Hie-

354 5596 630 5668 ronymus
645 5595 774 5668 post
792 5587 805 5589 ⁷
818 5598 1066 5668 ηοεινγιιηι
1086 5587 1415 5668 Metliodium
1427 5587 1445 5652 ,⁷
1459 5587 1740 5656 Ηεὺιίεεῑ
1765 5587 1931 5667 115D,

357 5665 659 5741 cjoinsur‘npti.
682 5668 839 5741 sunt;
863 5674 894 5712 a
926 5665 1069 5741 nm,
1099 5665 1244 5732 quod
1279 5675 1362 5721 est
1400 5669 1507 5741 sal,
1538 5669 1594 5723 in
1625 5671 1788 5741 cujus
1811 5665 1935 5729 mo?

357 5722 666 5808 dominari
710 5727 905 5808 instar,
945 5722 1430 5808 coeli-evanescere
1458 5722 1933 5808 οἶοοιιίιῖιτξεῑῖῖιι

358 5790 621 5852 Dominus
654 5790 915 5869 loquitur,
950 5802 1198 5871 transire,
1236 5790 1841 5880 παρελεύέέᾱόᾱὶζ

2061 580 2153 628 σα,
2182 562 2317 617 ἀλλὰ
2336 564 2403 633 τῇ
2436 558 2764 632 δικαιοσύνῃ.
2797 557 2907 611 Καὶ
2926 559 2955 611 6
2985 555 3211 617 Ἡσαΐας
3256 552 3335 618 δὲ,
3371 552 3479 604 ‘Or
3501 551 3636 617 τρό-

2059 673 2178 711 πον
2205 654 2317 726 γὰρ
2341 658 2375 709 ὁ
2400 651 2655 722 οὐρανὸς
2682 649 2890 717 καινὸς
2915 649 3013 703 καὶ
3043 650 3079 717 ή
3102 643 3179 717 γῆ
3211 642 3407 712 καινὴ,
3434 641 3472 696 d
3495 639 3630 711 ἐγὼ,

2059 750 2221 821 φησὶ,
2269 744 2446 811 ποιῶ,
2492 744 2662 815 μένει
2707 742 2963 798 ἐνώπιόν
2994 758 3147 811 μου,
3182 736 3343 808 λέγει
3381 736 3629 804 Κύριος·

2059 841 2248 905 οὕτως
2273 838 2446 893 ἔσται
2478 836 2589 908 (82)
2619 835 2685 889 τὸ
2722 835 2959 903 σπέρμα
2993 830 3181 902 ὑμῶν,
3217 830 3314 884 καὶ
3347 828 3414 883 τὸ
3446 827 3632 896 ὄνομα

2058 930 2225 1003 ὑμῶν
2242 948 2255 961 ο
2284 930 2377 984 καὶ
2405 927 2565 983 πάλιν
2586 945 2600 959 ·
2631 927 2796 980 Οὕτω
2838 925 3000 994 λέγει
3028 924 3240 992 Κύριος
3290 924 3324 976 ὁ
3371 918 3632 989 ποιήσας

2059 1023 2168 1079 τόν
2196 1020 2457 1091 οὐραγὸν
2474 1060 2489 1087 ,
2521 1014 2700 1085 οὗτος
2747 1020 2782 1072 ό
2827 1013 3289 1080 κατασκευάσας
3337 1011 3450 1081 τὴν
3492 1008 3633 1081 γῆν,

2060 1115 2162 1172 καὶ
2190 1116 2450 1182 ποιήσας
2479 1109 2704 1180 αὑτήν·
2735 1109 2919 1176 αὐτὸς
2948 1107 3222 1178 διώρισεν
3250 1104 3464 1174 αὐτήν.
3509 1105 3635 1158 οὐκ

2060 1209 2149 1272 εἰς
2176 1206 2356 1261 κενὸν
2388 1204 2723 1277 [ἐποίησεν
2751 1200 3007 1274 cautim]
3050 1200 3212 1256 ἀλλὰ
3235 1196 3636 1254 κατοικεῖσθαι

2063 1297 2371 1371 [ἔπλασεν
2400 1295 2595 1363 αὐτήν
2610 1295 2650 1369 ].
2689 1296 2894 1358 Ὄντως
2920 1292 3029 1365 γὰρ
3060 1293 3161 1345 οὐκ
3196 1293 3276 1355 είς
3309 1289 3482 1354 κενὸν,
3516 1288 3637 1341 οὐδὲ

2061 1390 2141 1453 είς
2194 1389 2372 1460 μάτην
2407 1387 2544 1459 πρὸς
2574 1383 2855 1440 ἀπώλειαν
2902 1382 3103 1449 ἔκτισε,
3149 1380 3293 1435 κατὰ
3340 1380 3467 1443 τοὺς
3505 1393 3641 1449 φρο-

2060 1479 2285 1542 νοῦντας
2313 1478 2536 1549 μάταια,
2565 1476 2628 1530 τὺ
2654 1477 2761 1530 πᾶν
2792 1478 2821 1529 6
2858 1474 3010 1538 Θεὸς,
3049 1472 3185 1527 ἀλλὰ
3213 1473 3293 1535 εἰς
3318 1471 3380 1524 τὸ
3406 1465 3544 1523 εἷναί
3575 1485 3639 1522 τε

2061 1571 2155 1624 καὶ
2185 1569 2448 1624 οἰκεῖσθαι
2480 1569 2576 1622 καὶ
2603 1567 2898 1638 διαμένειν.
2939 1564 3032 1618 Διὸ
3070 1564 3282 1634 ἀνάγκη
3317 1561 3381 1632 δὴ
3414 1560 3507 1614 καὶ
3537 1558 3642 1631 τὴν

2061 1664 2166 1735 γῆν
2200 1659 2356 1727 αὖθις
2399 1663 2495 1717 καὶ
2543 1661 2636 1715 τὸν
2681 1657 2907 1732 οὐρανὸν
2925 1698 2940 1723 ,
2981 1656 3118 1729 μετὰ
3156 1654 3255 1728 τὴν
3300 1653 3641 1724 ὲκφλόγωσιν

2061 1756 2278 1811 ἔσεσθαι
2309 1755 2527 1809 πάντων
2550 1753 2645 1807 καὶ
2676 1752 2767 1805 τὸν
2796 1749 3059 1822 βρασμὸν.

1990 1822 2033 1878 Β
2129 1846 2208 1902 θ’.
2247 1845 2373 1900 Ἐὰν
2398 1845 2457 1899 δὲ
2478 1844 2611 1916 (83),
2637 1841 2761 1907 Πῶς
2786 1836 2899 1908 οὖν,
2927 1843 2975 1894 εί
3002 1839 3077 1912 μὴ
3104 1837 3399 1894 ἀπόλλυται
3420 1834 3482 1890 τδ
3502 1836 3635 1897 πᾶνς

2057 1939 2107 1992 οἱ
2150 1936 2208 2005 ἐξ
2248 1935 2496 2000 ἐναντίας
2542 1934 2759 2001 εἴπωσι,
2784 1934 2815 1988 6
2851 1934 2947 2005 μὲν
2995 1932 3202 2004 Κύριος
3236 1930 3366 2001 (84),
3399 1928 3507 1983 τὸν
3537 1929 3643 1983 οὐ-

2048 2028 2243 2099 ρανὸν
2286 2027 2786 2097 παρελεύσεσθαι,
2839 2023 2966 2094 ἔφη,
3013 2022 3112 2077 καὶ
3160 2021 3275 2091 τὴν
3324 2018 3471 2091 γῆν·
3520 2020 3549 2072 6
3577 2017 3641 2073 se

2059 2122 2361 2195 προφήτης,
2394 2118 2751 2175 ἀπολεῖσθαι
2793 2115 2911 2186 μὲν
2948 2114 3054 2170 τὸν
3096 2112 3354 2182 οὐρανὸν
3406 2112 3486 2178 ὡς
3533 2126 3642 2165 κα-

2056 2212 2232 2278 πνὸν,
2271 2211 2387 2280 τὴν
2433 2208 2502 2263 δὲ
2544 2208 2662 2280 γῆν
2687 2209 2766 2275 ὡς
2799 2206 3034 2278 ἱμάτιον
3082 2202 3637 2271 παλαιωθήσεσθαι,

2056 2304 2242 2376 ἐπειδὴ
2299 2302 2419 2366 έθος
2483 2305 2605 2365 ταῖς
2653 2301 2930 2373 Γραφαῖς,
2987 2298 3242 2370 λέξομεν,
3297 2296 3396 2367 τὴν
3446 2297 3526 2357 είς
3571 2293 3637 2348 τὸ

2055 2399 2300 2468 κρεῖττον
2329 2395 2425 2449 καὶ
2468 2392 2804 2465 ἐνδοξότερον
2840 2392 2947 2446 ἀπὸ
2978 2390 3180 2459 ταύτης
3205 2388 3307 2459 τῆς
3356 2387 3636 2442 καταστάσ-

2055 2504 2192 2551 σεως
2230 2485 2324 2540 τοῦ
2360 2486 2563 2557 κόσμου
2600 2484 2714 2556 (85)
2753 2482 3075 2555 μεταϐολὴν,
3104 2479 3378 2535 ἀπώλειαν
3415 2479 3594 2549 λέγειν
3616 2496 3641 2512 υ

2053 2574 2164 2634 οἷον
2191 2579 2285 2632 τοῦ
2312 2578 2545 2651 πρόσθεν
2572 2578 2850 2649 σχήματος
2869 2574 3239 2646 ἀπολλυμένου
3265 2572 3406 2627 κατὰ
3431 2573 3526 2644 τὴν
3553 2573 3643 2637 είς

2054 2670 2115 2724 τὸ
2138 2670 2487 2743 φαιδρότερον
2526 2669 2637 2741 (86)
2662 2669 2917 2724 ἁπάντων
2936 2667 3236 2740 ἐξαλλαγήν
3259 2685 3272 2698 ·
3298 2668 3379 2721 ὅτι
3396 2667 3645 2740 μηδεμία

2053 2761 2446 2825 ὕπεναντίωσις
2476 2761 2510 2833 ἢ
2540 2760 2741 2815 ἀτοπία
2764 2762 2822 2813 ὲν
2839 2762 2951 2824 τοῖς
2980 2759 3143 2822 θείοις
3157 2758 3354 2827 λόγοις.
3377 2756 3645 2828 Παρὰγει

2054 2853 2165 2925 γὰρ
2180 2853 2245 2907 τὸ
2267 2852 2474 2924 σχῆμα
2493 2852 2600 2907 τοῦ
2616 2855 2851 2923 κόσμου
2880 2854 3114 2917 τούτου,
3133 2852 3227 2906 καὶ
3246 2854 3344 2923 οὐχ
3365 2854 3393 2906 6
3410 2852 3641 2922 κόσμος,

2050 2944 2295 3017 εἴρηται*
2343 2944 2512 3009 οὕτως
2545 2944 2665 3009 ἔθος
2710 2943 2980 2999 ἀπώλειαν
3038 2944 3223 3000 καλεῖν
3254 2946 3354 3008 τὰς
3390 2943 3641 3016 Γραφὰς,

2046 3038 2148 3109 τὴν
2178 3037 2316 3109 πρὸς
2335 3037 2394 3090 τὸ
2409 3037 2649 3109 ἄμεινον,
2680 3037 2789 3091 ἔσθ’
2817 3038 2925 3104 ὅτε,
2969 3037 3062 3090 καὶ
3088 3036 3487 3109 εὐμορφότερον
3512 3054 3648 3108 τρο-

2051 3129 2159 3202 πὴν
2177 3128 2272 3182 τοῦ
2299 3129 2534 3202 πρόσθεν
2567 3131 2872 3201 σχήματοςο
2897 3123 3009 3182 οἷον
3048 3128 3235 3200 ὥσπερ
3269 3129 3414 3181 ὁπότ’
3456 3128 3521 3182 ἄν
3549 3145 3644 3194 τις

2052 3221 2327 3277 ἀπώλειαν
2368 3221 2516 3290 λέγει
2563 3220 2658 3275 τοῦ
2691 3220 2835 3275 κατὰ
2863 3221 2956 3274 τὸν
2999 3226 3188 3293 νήπιον
3236 3222 3510 3292 σχήματος
3533 3220 3644 3292 τὴν

2056 3318 2138 3381 είς
2174 3315 2268 3369 τὸν
2308 3315 2478 3386 ἄνδρα
2526 3314 2619 3368 τὸν
2646 3314 2850 3368 τέλειον
2900 3312 3263 3385 μεταλλαγὴν,
3293 3312 3645 3384 τρεπομένης

2053 3404 2134 3467 είς
2162 3403 2389 3474 μέγεθος
2409 3403 2505 3458 καὶ
2538 3403 2732 3467 κάλλος
2755 3404 2856 3474 τῆς
2885 3403 3100 3475 ἡλικίας
3123 3403 3215 3457 τοῦ
3238 3403 3454 3475 νηπίου.
3487 3403 3646 3473 Παρ-

2055 3497 2389 3569 αχθήσεσθαι
2450 3495 2563 3566 (87)
2612 3494 2713 3567 μὲν
2758 3494 2865 3565 γὰρ
2894 3496 2992 3567 τὴν
3022 3496 3199 3550 κτίσιν
3231 3495 3421 3566 ὥσπερ
3445 3496 3645 3568 τεθνη-

2057 3587 2288 3660 ξομένην
2345 3587 2487 3642 κατὰ
2524 3586 2624 3659 τὴν
2691 3588 3026 3660 ἐκπύρωσιν,
3097 3588 3184 3642 ἵνα
3238 3586 3637 3660 ἁνακαινισθῇ’

2048 3681 2110 3734 οὐ
2144 3681 2250 3752 μὴν
2285 3679 2604 3734 ἀπολεῖσθαι
2635 3680 3031 3752 προσδοκητέον
3053 3697 3066 3711 °
3102 3680 3251 3745 ὅπως
3277 3682 3325 3733 οἱ
3356 3682 3645 3734 ἀνακαινο-

2048 3772 2364 3843 ποιηθέντες
2394 3774 2451 3827 ὲν
2481 3772 3023 3844 ἀνακαινοποιηθέντι
3054 3773 3243 3844 κόσμῳ
3268 3774 3520 3842 ἄγευστοι
3546 3772 3647 3826 λύ-

2046 3882 2157 3936 πης
2186 3866 2618 3937 κατοικήσωμεν,
2647 3865 2791 3919 κατὰ
2821 3866 2882 3919 τὸ
2909 3864 3129 3935 λεχθέν’
3169 3863 3642 3932 Ἐξαποστελεῒς

2050 3955 2118 4011 τὸ
2161 3956 2395 4029 πνεῦμά
2439 3975 2577 4023 σου,
2610 3959 2708 4012 καὶ
2757 3956 3221 4024 κτισθήσονται·
3263 3958 3362 4011 καὶ
3387 3958 3642 4012 ἀνακαι-

2050 4047 2199 4115 νιεῖς
2231 4047 2297 4103 τὸ
2340 4050 2662 4117 πρόσωπον
2705 4049 2816 4119 τῆς
2847 4048 2961 4121 γῆς
2980 4065 2995 4079 ·
3022 4047 3118 4102 τοῦ
3149 4049 3491 4121 περιέχοντος
3527 4049 3641 4120 τῆς

2049 4139 2347 4211 εὐκρασίας
2395 4141 2847 4213 ἐπιτροπεύοντος
2897 4141 3084 4195 λοιπὸν
3127 4141 3220 4195 τοῦ
3271 4139 3427 4197 Θεοῦ.
3481 4141 3643 4194 Ἐσο-

2052 4230 2222 4302 μένης
2244 4230 2353 4305 γὰρ
2387 4234 2481 4287 καὶ
2511 4232 2651 4305 μετὰ
2680 4232 2868 4288 τοῦτον
2905 4234 2996 4288 τὸν
3034 4234 3205 4287 αἰῶνα
3244 4233 3371 4304 γῆς,
3409 4233 3636 4306 ἀνάγκη

2049 4324 2200 4378 πᾶσα
2229 4323 2446 4380 ἔσεσθαι
2483 4327 2577 4380 καὶ
2608 4326 2737 4391 τοὺς
2762 4328 3116 4400 οἰκήσοντας,
3163 4326 3348 4381 οὐκέτι
3382 4325 3641 4397 τεθνηξο.

1673 4474 1721 4506 ⁸⁸
1754 4472 1955 4531 Matth.
1991 4492 2147 4547 xxiv,
2188 4478 2279 4535 55.
2360 4481 2404 4513 "
2428 4478 2543 4535 Isa.
2574 4497 2652 4545 LI,
2694 4479 2748 4535 6.
2824 4478 2917 4534 ³⁸1
2955 4477 3081 4537 Cor.
3114 4495 3213 4548 vn,
3263 4479 3317 4535 '5.
3396 4479 3440 4511 ²¹
3467 4477 3630 4533 Psal.

1965 4712 2014 4773 ι)
2038 4692 2264 4773 Paulus,
2298 4676 3071 4773 napaxeﬁqsaeat,_quomodo
3092 4691 3436 4773 restiAtuimlt‘s
3457 4693 3635 4773 paulo

2044 4763 2296 4832 inferius,
2343 4762 2421 4836 ei,
2452 4762 2637 4836 Rupif.
2667 4762 2877 4829 codice,
2907 4780 3007 4836 pro
3034 4762 3496 4836 ταραχθήσεσθαι.
3541 4762 3637 4821 Ex

2043 4850 2109 4889 eo
2140 4836 2262 4907 loco
2299 4834 2513 4907 colligit
2538 4834 2773 4893 Basilius
2808 4837 2866 4890 in
2906 4834 3637 4907 Hexaem._‘ctelorum_sub-

2043 4906 2298 4961 Stantiam
2333 4901 2748 4962 subtilissimam
2782 4914 2836 4962 et
2868 4920 3081 4961 aeream
3100 4901 3128 4971 ;'
3152 4904 3374 4974 fereque
3396 4905 3487 4958 alii
3516 4902 3635 4959 Pa-

2039 4982 2155 5046 tres
2198 4977 2443 5046 quintam
2486 4978 2633 5031 illam
2677 4977 2974 5034 essentiam
3013 4975 3328 5031 Aristotelis
3368 4975 3634 5030 incorru-

2039 5045 2282 5118 ptibilem
2313 5048 2651 5118 impugnant.

2115 5117 2229 5185 (82)
2269 5113 2505 5188 Ἔσται.
2529 5116 2692 5183 LXX,
2721 5118 3003 5188 στήσεται.
3026 5113 3095 5188 Et
3124 5131 3270 5180 mox,
3305 5117 3333 5170 6
3364 5114 3589 5169 καταδεί
3605 5143 3631 5156 -

2039 5184 2139 5310 id)?
2136 5187 2262 5309 1ἐπὴν
2307 5188 2431 5259 γῆν.
2481 5186 2650 5242 Paulo
2692 5184 2837 5259 post,
2882 5186 3039 5241 uncis
3084 5187 3318 5254 inclusa,
3358 5201 3428 5241 ex
3468 5193 3631 5241 textu

2111 5328 2224 5398 (85)
2266 5327 2401 5381 Ἐὰν
2426 5326 2514 5390 δὲ,
2545 5345 2599 5383 κ.
2633 5345 2685 5382 τ.
2717 5326 2765 5381 λ.
2801 5325 2882 5398 Ex
2914 5324 3109 5398 Epiph.
3138 5327 3271 5383 h£r.
3296 5341 3354 5381 η.
3385 5324 3474 5381 52.

2111 5351 2204 5393 (Οἱ)
2276 5351 2401 5381 nar
2426 5351 2514 5390 OE,
2545 5351 2599 5383 κ.
2633 5351 2685 5382 το
2717 5351 2765 5381 Α.
2802 5351 2882 5382 ΒΧ
2919 5351 2957 5379 ὓ
2998 5351 3109 5398 ψιι.
3141 5351 3271 5383 "dir.
3297 5351 3354 5381 ΙΙ.
3385 5351 3474 5381 οι.

2259 5398 2312 5478 ’ρ
2472 5399 2707 5478 Κῷριος.
2728 5397 2916 5478 ροᾶεκ
2939 5351 3106 5478 ἄορ..
3136 5398 3284 5470 ὅμως
3315 5395 3568 5478 Χριστός.

2062 5503 2067 5507 ~
2109 5466 2222 5538 (85)
2268 5466 2400 5523 Ἀπὸ
2436 5470 2658 5537 ταύτης
2681 5467 2793 5537 τῆς
2821 5466 3240 5535 καταστάσεὼς
3279 5466 3385 5521 τοῦ
3423 5484 3479 5522 κ.
3505 5466 3626 5521 lm-

2034 5552 2148 5610 pr.,
2176 5537 2457 5610 mendose,
2488 5539 2929 5610 ἀποκατάστασιν
2961 5538 3166 5610 ταύτης
3193 5537 3286 5592 τοῦ
3321 5554 3376 5591 κ.

2104 5608 2217 5680 (86)
2250 5608 2660 5681 Φαιδρότερον.
2689 5608 2880 5681 Impia.
2909 5608 3281 5681 φαιδρότατεθ.

2105 5674 2217 5751 (87)
2240 5674 2958 5749 Παρὰχθήσεσθαι.Ἐᾱὶιί,
2984 5674 3198 5745 vitiose,
3220 5676 3451 5751 ταραχθ.
3474 5674 3636 5733 Pall-

2032 5750 2086 5807 lo
2116 5748 2241 5823 post
2266 5748 2453 5820 iidem,
2476 5751 2773 5823 ἀνακτισθῇ
2804 5766 2903 5822 pro
2930 5748 3308 5822 ἁνακαινισθῇ.
