3864 6162
227 308 336 362 '277

1302 300 1390 356 EX
1431 297 1636 356 LIBRO
1673 297 1764 352 DE
1795 289 2403 352 BESURRECTIONE.

3355 266 3459 324 278

229 429 448 499 μένους,
497 427 532 497 ἢ
579 425 950 498 γαμήσοντας,
992 424 1029 495 ἢ
1076 424 1527 495 γεννησομένους,
1578 421 1691 475 ἀλλ’
1724 420 1799 482 ὡς

1906 430 2004 470 nec
2032 408 2284 467 morituri
2317 405 2430 461 sint
2483 398 2740 471 amplius,
2763 408 2865 450 nec
2911 387 3201 462 copulandi
3236 385 3461 499 nuptiis,

225 518 491 586 ἀγγέλους
541 515 968 587 ἀμεταστρὸφως
1013 517 1072 569 ὲν
1127 513 1402 586 ἀφθαρσίᾳ
1472 513 1541 566 τά
1600 512 1797 582 ἄριστα

228 610 553 682 πράξοντας.
584 606 674 659 Διὸ
707 607 948 678 ληρῶδες
975 608 1036 661 τὸ
1076 608 1134 660 ὲν
1159 607 1286 678 ποίᾳ
1313 607 1552 676 διαγωγῇ
1581 605 1702 657 τότε
1733 603 1797 676 δὴ

225 702 293 753 τὰ
324 699 554 770 σώματα
583 699 793 752 ἔσονται
824 699 1096 768 λέγεσθαι,
1134 700 1270 771 μήτε
1298 699 1476 770 ἀέρος,
1508 697 1644 768 μήτε
1671 696 1796 766 γῆς,

229 794 370 864 μήτε
404 791 523 846 τῶν
541 790 715 847 ἄλλων
752 792 1047 863 ἐσομένων.

1899 513 1992 559 aut
2017 499 2365 574 procreanda:
2407 491 2583 551 soboli
2623 500 2845 560 operam
2877 481 3078 544 daturi,
3111 478 3205 535 sed
3247 474 3466 546 angelor

1899 569 2036 651 rum-
2074 607 2245 659 more,
2275 591 2395 646 sine
2446 587 2558 641 ulla
2612 579 2932 641 mutatione,
2976 569 3270 628 immortali
3318 574 3462 623 statu

1899 684 2212 741 felicissime
2233 678 2429 734 victuri
2459 674 2592 746 (90).
2616 667 2960 736 Proindeque
2982 669 3065 718 est
3081 661 3304 717 stultum
3318 672 3460 728 quae-

1900 794 2045 845 rere,
2069 789 2306 847 quanam
2327 771 2453 826 vitae
2476 766 2691 823 ratione
2720 776 2889 817 usura
2921 759 3032 813 sint
3063 766 3315 824 corpora,
3340 763 3462 804 cum

1899 884 2077 939 neque
2108 881 2220 932 aer,
2245 876 2423 932 neque
2443 865 2613 921 terra,
2631 867 2806 925 neque
2828 848 3123 920 quidquam
3146 849 3466 900 ceterorum

1801 1001 1810 1006 -
1901 961 1972 1017 sit
1999 956 2234 1027 amplius
2269 951 2537 1007 futurum.

300 1055 360 1106 I'.
404 1051 587 1118 Ἄξιον
634 1051 691 1106 δὲ
730 1050 838 1122 (88)
887 1051 1111 1104 κάκεῖνο
1154 1049 1288 1123 πρὸς
1334 1051 1446 1112 τοῖς
1491 1049 1800 1120 εἰρημένοις

229 1143 569 1204 ἐπισκοπεῖν,
593 1140 669 1204 ὡς
697 1140 808 1210 ἔχει
832 1139 1030 1210 πολλὴν
1052 1137 1344 1191 διάπτωσιν
1365 1177 1379 1202 ,
1420 1140 1468 1190 εἰ
1490 1137 1570 1191 δεῖ
1587 1139 1801 1208 παρῤη-

232 1232 353 1284 σξαν
387 1233 542 1298 ἄγειν
577 1231 703 1300 περί
738 1229 1090 1301 τηλικούτων,
1142 1228 1474 1297 Ἀγλαοφῶν.
1516 1229 1802 1299 Ἔφρασας

230 1323 339 1394 γὰρ
368 1322 752 1393 ἀποφήνασθαι
777 1321 1128 1392 τὺνςΚύριον,
1151 1321 1227 1385 ὡς
1257 1321 1306 1373 οἱ
1327 1320 1426 1390 τῆς
1454 1321 1803 1382 ἀναστάσεως

228 1413 544 1484 τευξόμενοι
590 1414 832 1466 ἔσονται
863 1412 983 1464 τότε
1022 1413 1103 1478 ὡς
1145 1411 1408 1482 ἄγγελοι,
1453 1411 1578 1464 ἔνθα
1607 1409 1801 1481 πειρά-

228 1505 431 1568 Coa-aw—
452 1505 614 1559 αὐτὸν
642 1507 690 1557 οἰ
726 1504 1091 1557 Σαδδουκαῖοι.
1145 1503 1440 1574 Ἐπέφερες
1479 1499 1570 1556 οὖν
1596 1520 1607 1532 ·
1639 1503 1702 1554 Οἰ
1745 1501 1802 1554 δὲ

227 1594 472 1663 ἄγγελοι,
499 1595 655 1658 ἐκτὸς
678 1595 828 1659 ὄντες
864 1593 1084 1664 σαρκὸς,
1116 1595 1174 1647 ὲν
1213 1593 1612 1666 μακαριότητος
1639 1593 1803 1664 ἀκρό-

227 1705 372 1758 τητι,
400 1687 490 1740 διὰ
530 1687 686 1739 τοῦτο
737 1687 832 1740 καὶ
883 1686 1041 1758 δόξης
1070 1686 1209 1740 εἰσί’
1257 1688 1351 1740 καὶ
1389 1687 1534 1757 ἡμᾶς
1567 1685 1623 1737 δὲ
1671 1685 1801 1754 ἄρα,

1971 1050 2040 1106 X.
2073 1022 2154 1104 Ad
2181 1047 2297 1102 haec
2325 1057 2456 1098 vero
2511 1045 2597 1096 est
2627 1044 2681 1092 et
2731 1033 2863 1088 illud
2890 1030 3084 1085 merito
3115 1022 3466 1082 consideran-

1901 1143 2030 1198 dum
2056 1181 2070 1205 ,
2104 1147 2163 1192 ut
2191 1136 2448 1190 nimirum
2485 1129 2683 1184 habeat
2714 1124 2937 1178 multam
2980 1118 3196 1173 ruinam
3217 1113 3355 1184 (91),
3388 1117 3468 1162 at-

1902 1249 2007 1305 que
2030 1247 2059 1286 a
2092 1244 2222 1286 vero
2251 1229 2527 1282 incautum
2559 1218 2790 1274 abducat
2823 1234 2838 1270 :
2868 1210 3134 1283 siquidem
3176 1212 3260 1262 est
3301 1205 3468 1305 in're-

1901 1293 2005 1381 bus
2036 1321 2205 1377 tantis
2234 1318 2494 1373 audacter
2526 1309 2878 1381 loquendum,
2911 1324 2943 1358 υ
2973 1293 3468 1375 Aglaophon.Nam

1902 1415 2088 1472 dixisti
2123 1408 2473 1482 respondisse
2508 1402 2796 1457 Dominum
2843 1394 3160 1450 Sadducaeis
3206 1389 3467 1445 tentantiv

1902 1509 2005 1563 bus
2028 1547 2043 1573 ,
2080 1504 2216 1566 fore,
2261 1507 2321 1556 ut
2379 1498 2474 1568 qui
2528 1490 2944 1550 resurrectionis
2975 1493 3254 1555 compotes
3285 1487 3467 1542 erunt,

1903 1571 2036 1652 sint?
2064 1597 2198 1650 sicut
2249 1590 2501 1662 angeli“.
2545 1583 2784 1640 lntulisti
2842 1595 3017 1650 ergo:
3053 1575 3215 1644 Atqui
3273 1571 3468 1640 angeli,

1906 1691 2034 1760 quia
2064 1687 2248 1742 carnis
2295 1679 2664 1752 cxpertes,pin
2711 1688 2923 1731 summa
2972 1673 3177 1738 degunt
3212 1664 3470 1720 felicitate

227 1779 576 1843 ἐξισάζεσθαι
627 1779 912 1850 μέλλοντας
937 1779 1209 1848 ἀγγέλοις,
1240 1778 1450 1850 ἀνάγκη
1475 1777 1558 1848 δὴ,
1591 1775 1800 1846 σαρκῶν

1908 1786 1961 1834 et
1989 1777 2162 1848 gloria
2197 1793 2212 1830 :
2248 1787 2421 1842 quare
2452 1777 2506 1825 et
2534 1783 2636 1822 nos
2661 1780 2804 1836 quos
2833 1761 3038 1831 aequari
3069 1761 3281 1828 oportet
3307 1767 3470 1850 ange-

227 1869 491 1934 ὡσαύτως
531 1871 760 1933 ἐκείνοις
800 1871 1058 1941 γυμνοὺς,
1102 1869 1364 1938 ἀγγέλους
1411 1867 1626 1921 ἔσεσθαι
1668 1868 1800 1920 δεῖν’

226 1962 328 2015 οὐκ
369 1962 690 2033 ἐπιστήσας,
749 1955 794 2018 ὦ
853 1961 1041 2034 ἄριστε
1065 2002 1080 2026 ,
1125 1960 1199 2026 ὼς
1230 1963 1259 2014 ὁ
1289 1961 1521 2030 ποιήσας
1563 1958 1657 2012 καὶ
1690 1957 1803 2011 δια-

228 2054 513 2124 κοσμήσας·
550 2053 607 2119 ag
647 2054 746 2106 οὐκ
782 2053 948 2106 ὄντων
988 2053 1049 2106 τὸ
1083 2054 1209 2117 πᾶν,
1244 2054 1342 2124 τὴν
1377 2051 1487 2104 τῶν
1520 2050 1801 2105 ἀθανάτων

226 2147 413 2214 φύσιν,
453 2145 514 2199 ού
545 2145 701 2215 μόνον
754 2148 833 2210 εἰς
877 2145 1138 2213 ἀγγέλους
1182 2145 1277 2198 καὶ
1307 2144 1649 2217 λειτουργοὺς
1689 2143 1804 2195 δια-

225 2237 422 2307 νείμας
458 2237 836 2308 διεκόσμησεν,
887 2237 1022 2291 ἀλλά
1062 2239 1154 2292 καὶ
1206 2240 1284 2302 εἰς
1328 2237 1521 2308 ἀρχάς,
1567 2236 1658 2290 καὶ
1687 2235 1805 2306 θρό-

225 2346 372 2392 νους,
405 2329 500 2381 καὶ
529 2329 794 2395 ἐξουσίας.
828 2329 988 2382 Ἀλλο
1009 2329 1117 2401 γὰρ
1142 2328 1295 2398 γένος
1315 2329 1375 2381 τὸ
1401 2327 1506 2380 τῶν
1535 2327 1801 2396 ἀγγέλων,

225 2421 323 2472 καί¹
345 2420 474 2474 ἀλλο
501 2421 560 2474 τὸ
587 2419 697 2474 τῶν
733 2419 917 2491 ἀρχῶν
950 2421 1045 2474 καὶ
1085 2419 1368 2487 ἐξουσιῶν·
1399 2419 1482 2472 ὅτι
1514 2418 1586 2490 μὴ
1616 2419 1801 2488 τάγμα

223 2509 306 2574 ἓν,
334 2511 429 2564 καὶ
457 2510 554 2581 μία
580 2513 855 2576 σύστασις,
887 2511 980 2564 κα)⁸
1003 2511 1161 2581 φυλὴ,
1186 2511 1279 2564 καὶ
1308 2510 1512 2581 πατριά
1532 2510 1639 2563 τῶν
1669 2511 1802 2564 ἀθα-

224 2603 440 2656 νάτων·
508 2602 644 2657 ἀλλά
698 2604 851 2675 γένη,
908 2603 1001 2656 καὶ
1054 2603 1238 2672 φυλαὶ,
1266 2602 1360 2656 καὶ
1390 2602 1672 2673 διαφοραί·
1705 2601 1800 2655 καὶ

223 2693 350 2747 οὔτε
374 2693 445 2748 τά
474 2694 758 2766 χερουὸἰμ,
789 2695 886 2765 τῆς
919 2695 1054 2757 ἰδίας
1088 2693 1414 2763 ἐξιστάμενα
1448 2691 1681 2762 φύσεως,
1717 2694 1798 2755 εἰς

223 2784 328 2856 τὴν
368 2785 477 2838 τῶν
522 2786 766 2855 ἀγγέλων
822 2786 963 2840 ἰδέαν
1013 2784 1542 2857 μετασκευάζονται’
1589 2782 1698 2838 οὒτ’
1728 2781 1795 2838 αὖ

225 2876 394 2929 πάλιν
440 2877 518 2939 εἰς
562 2876 754 2948 ἑτέραν
789 2877 899 2948 (89)
940 2879 988 2930 οἰ
1036 2877 1276 2946 ἄγγελοι.
1310 2873 1464 2930 Εἶναι
1509 2875 1617 2947 γὰρ
1662 2875 1800 2930 αὐτὰ

225 2967 336 3038 χρὴ
364 2968 456 3019 καὶ
483 2968 512 3019 ὃ
542 2970 668 3032 εἰσι,
699 2969 792 3020 καὶ
825 2967 852 3019 ὃ
889 2967 1194 3036 γεγόνασιν.
1238 2966 1401 3035 Ἀτάρ
1425 2968 1519 3019 καὶ
1545 2967 1572 3017 ὁ
1597 2965 1802 3036 ἄνθρω-

223 3074 332 3119 πος
372 3057 462 3109 τὸν
507 3057 710 3128 κόσμον
756 3059 957 3122 οἰκεῖν,
1003 3058 1096 3110 καὶ
1129 3057 1236 3110 τῶν
1288 3057 1344 3111 ἐν
1394 3055 1542 3126 αὐτῷ
1585 3057 1802 3109 πάντων

223 3145 580 3216 ἡγεμονεύειν
618 3148 856 3218 ταχθεὶς,
905 3149 1004 3218 τῆς
1037 3148 1098 3212 ἐξ
1149 3148 1324 3219 ἀρχῆς
1368 3147 1800 3216 διακοσμήσεως,

223 3238 494 3300 ἀθάνατος
526 3238 622 3301 ὢν,
653 3237 747 3291 τοῦ
771 3235 907 3293 εἶναι
938 3239 1219 3310 ἄνθρωπος
1247 3238 1441 3292 οὔποτε
1474 3238 1804 3309 μεταϐληθῆ-

224 3346 383 3383 σεται
421 3328 541 3382 οὔτε
574 3333 654 3394 εἰς
678 3331 776 3402 τὴν
816 3331 921 3384 τῶν
969 3331 1211 3399 ἀγγέλων
1259 3329 1382 3384 οὔτε
1437 3333 1516 3394 εἰς
1563 3329 1659 3401 τὴν
1689 3330 1801 3382 τῶν

223 3421 432 3491 ἐτέρων
465 3423 708 3492 μορφήν·
739 3422 820 3474 ὅτι
869 3421 1001 3492 μηδὲ⁹
1043 3423 1093 3474 οἱ
1132 3422 1350 3490 ἄγγελοι
1391 3423 1472 3486 εἰς
1509 3421 1607 3492 τὴν
1637 3421 1801 3491 ἄλλην

221 3514 328 3584 τῆς
349 3512 410 3576 ἐξ
437 3514 609 3583 ἀρχῆς
651 3513 792 3577 ἰδέας
818 3514 1318 3585 μετακοσμούμενοι
1357 3513 1796 3585 μεταϐάλλονται.

234 3608 301 3660 '0
325 3606 435 3678 γάρ
463 3606 696 3676 Χριστὸς
727 3602 860 3676 ἧκεν
889 3607 986 3660 οὐκ
1016 3609 1094 3669 εἰς
1122 3607 1313 3677 ἑτέραν
1355 3605 1799 3676 μεταπλασθῆναι

224 3697 580 3769 κηρύσσωνῆ
624 3696 1128 3768 μετασκευασθῆναι
1172 3696 1271 3767 τὴν
1323 3697 1663 3768 ἀνθρωπείαν
1701 3697 1802 3764 φύ-

331 3852 377 3882 ¹²
417 3850 614 3905 Matth.
647 3866 787 3906 χχιι.
823 3851 911 3906 ὅθ.

300 3967 412 4033 (88)
445 3966 644 4030 Ἄξιον
664 3967 750 4020 δέ.
780 3968 857 4020 Ex
881 3965 1072 4036 Epiph.
1099 3965 1253 4036 iam,
1282 3963 1453 4036 11,53,

303 4029 416 4105 (89')
457 4040 560 4100 Εἰς
582 4037 810 4104 ἑτέραν.
835 4029 998 4102 Ειίἰίἱ,
1033 4039 1111 4098 εἰς
1143 4035 1258 4105 (τὴν
1276 4033 1403 4104 τῶν)
1434 4031 1652 4104 ἐτέρων.
1685 4029 1807 4086 Mox

226 4105 416 4177 iidem,
453 4109 668 4177 vitiose,
701 4110 750 4160 εἰ
784 4107 892 4177 γάρ
918 4114 1042 4176 post
1073 4107 1381 4177 γεγόνασιν.

303 4176 420 4254 (90).
460 4172 806 4254 Εςίἱςῇδδὶηιέ
835 4172 1040 4254 victuri,
1095 4172 1162 4228 τὰ
1219 4174 1413 4245 ἄριστα
1461 4172 1801 4254 ’πράξοντας

228 4243 457 4301 Ρίιιόεἰε
487 4247 624 4300 nihil
654 4262 814 4309 nova,
847 4247 1150 4317 rudiusque
1171 4243 1431 4314 expressa
1461 4243 1568 4298 illis
1597 4243 1802 4307 verbis,

226 4322 430 4384 optima
457 4333 667 4385 quisque
698 4318 912 4385 facturi.

301 4387 413 4454 (9i)
451 4381 518 4438 Ut
570 4381 820 4440 nimirum
859 4387 1045 4439 habeat
1075 4385 1299 4438 multam
1318 4384 1548 4446 ruinam,
1573 4389 1682 4437 etc.
1704 4381 1804 4454 Co-

223 4453 411 4523 gimur
438 4457 598 4522 longa
623 4457 723 4510 hac
758 4456 1079 4525 paraphrasi
1109 4469 1278 4524 pauca
1311 4454 1401 4525 illa
1429 4454 1588 4525 verba
1616 4453 1801 4525 expri-

223 4521 397 4597 inere,
426 4526 503 4588 ὡς
534 4521 646 4597 ἔχει
675 4521 871 4596 πολλὴν
894 4521 1214 4597 διάπτωξσιν,
1239 4524 1330 4597 ubi
1351 4523 1438 4597 τὸ,
1458 4522 1566 4597 ἔχει
1596 4521 1805 4597 accipio

224 4604 290 4666 t_1t
313 4591 646 4666 absolutum,
672 4591 945 4666 quomodo
972 4603 1057 4666 est
1085 4594 1287 4666 Graecis
1319 4591 1800 4666 elegantissimum.

219 4663 323 4719 Est
346 4665 526 4720 littera
551 4661 730 4722 minus
753 4682 886 4721 sana
910 4685 922 4719 :
945 4666 1027 4732 τὸ,
1044 4661 1421 4734 διαλεγόμενος
1440 4663 1494 4716 in
1519 4661 1803 4730 impressis

221 4736 510 4804 propalam
563 4737 819 4792 vitiosum
876 4744 960 4792 est
1018 4755 1032 4792 :
1089 4735 1480 4801 omisimusque
1507 4745 1678 4804 _cun_|_
1713 4745 1802 4784 SC-

221 4800 414 4873 quehti
456 4808 821 4877 πραγμάτων,
847 4807 1018 4863 secuti
1046 4805 1209 4877 alium
1238 4800 1479 4857 codicem
1507 4800 1716 4877 Rupif.,
1735 4815 1803 4854 ex

221 4871 336 4943 quo
381 4884 437 4930 et
480 4871 644 4931 e'dit'i's
695 4893 860 4930 unam
903 4877 1060 4931 nobis
1102 4875 1336 4928 litteram
1369 4871 1799 4943 composuimus.

223 4939 499 5013 impressa
545 4949 696 5001 velut
739 4945 990 5016 Origenis
1019 4952 1072 4999 et
1105 4943 1159 5016 in
1189 4943 1346 5016 tertia
1372 4939 1628 5016 persona,
1661 4939 1800 5016 refe—

223 5009 388 5080 runt;
414 5031 517 5070 nos
544 5031 669 5070 cum
706 5032 810 5071 ms.
839 5009 903 5069 ἷιι
933 5013 1344 5084 Aglaophontis,
1374 5009 1431 5067 et
1457 5012 1512 5064 in
1537 5009 1797 5074 secunda,

220 5084 371 5208 guod
418 5087 593 5156 magis
633 5093 899 5142 consonat
941 5083 1183 5154 reliquis.
1231 5083 1584 5152 lmpugnatur
1625 5095 1798 5135 novus

278 5155 681 5208 maenianorum
719 5172 893 5208 error.
935 5173 999 5208 ex
1042 5156 1221 5208 priore
1252 5153 1344 5206 illo
1382 5150 1798 5206 resurrectionis

278 5150 681 5222 rigenianorum
719 5172 893 5219 error,
935 5173 999 5210 ex
1042 5150 1221 5224 priore
1252 5150 1353 5224 illo
1382 5150 1799 5224 resurrectionis

221 5224 436 5293 absque
462 5241 630 5280 carne
656 5234 832 5288 ortus,
861 5222 1058 5294 nempe
1072 5223 1390 5278 mutationis
1412 5222 1716 5294 animarum
1743 5223 1800 5273 in

221 5291 472 5363 angelos,
506 5297 563 5350 in
603 5311 712 5365 quo
750 5305 834 5350 est
867 5291 1034 5348 multa
1075 5294 1167 5346 illa
1196 5307 1384 5365 eorum
1418 5291 1795 5365 παρᾴπτωσις,

221 5360 449 5433 offensio
483 5381 502 5417 :
537 5360 685 5420 velut
711 5365 1156 5436 impingentibus,
1183 5362 1352 5418 semel
1378 5377 1408 5414 a
1440 5360 1672 5416 veritate
1702 5360 1799 5414 de-

221 5437 329 5488 viis
361 5435 694 5491 hominibus.

297 5507 409 5574 (9‘2)
443 5504 512 5557 Et
542 5505 894 5567 administris,
947 5505 1042 5558 καὶ
1083 5503 1447 5574 λειτουργούς.
1494 5502 1704 5573 Accipit
1736 5509 1796 5557 ut

221 5573 474 5628 ordinem
504 5576 750 5645 angelico
781 5577 1139 5644 superiorem,
1168 5584 1228 5627 ut
1269 5573 1614 5645 exsequenti
1643 5577 1794 5628 loca-

226 5645 374 5697 tione
395 5643 770 5698 creaturarum
802 5643 899 5715 pro
927 5647 1191 5712 cujusque
1236 5643 1406 5713 gradu
1457 5647 1622 5713 liquet
1649 5661 1662 5708 ;
1688 5658 1794 5712 qua

228 5715 394 5769 malos
421 5717 663 5776 assignat
693 5717 932 5779 angelis;
965 5716 1168 5780 lumina
1187 5729 1334 5776 vero,
1361 5715 1566 5777 potiora
1591 5716 1643 5767 in
1677 5729 1791 5768 roa-

1904 1843 2252 1931 lis,vnecesse
2280 1870 2364 1919 est
2399 1861 2467 1916 ad
2493 1857 2743 1915 eumdem
2774 1853 2992 1908 modum
3021 1862 3184 1904 carne
3214 1843 3471 1906 nudatos,

1904 1962 2125 2032 angelos
2159 1957 2294 2012 fieri.
2329 1952 2442 2009 Nec
2486 1951 2639 2014 illud,
2692 1947 2896 2017 optime
2923 1941 3188 2003 virorum,
3226 1933 3472 2032 animad-

1903 2025 2114 2106 vertisti
2141 2067 2156 2116 ;
2183 2062 2329 2111 eum,
2361 2043 2455 2115 qui
2493 2057 2562 2098 ex
2597 2038 2766 2094 nihilo
2796 2033 3060 2090 mundum
3092 2025 3379 2084 fabricavit
3409 2038 3472 2077 ac

1903 2115 2209 2203 constituit,
2239 2152 2347 2193 non
2383 2133 2592 2206 angelis
2635 2129 2798 2186 modo
2847 2134 2901 2182 et
2941 2118 3279 2180 administris
3314 2115 3424 2189 (92}
3454 2132 3472 2182 ;

1902 2233 1998 2289 sed
2030 2239 2083 2288 et
2108 2228 2503 2303 principatibus
2532 2231 2586 2279 et
2617 2221 2828 2276 thronis
2855 2225 2909 2274 et
2928 2213 3293 2288 potestatibus
3329 2224 3452 2265 eam

1903 2324 2026 2380 dem
2053 2302 2478 2378 immortalitatis
2509 2325 2763 2371 naturam
2792 2309 3118 2380 impertisse.
3145 2304 3306 2360 Aliud
3327 2302 3470 2357 enim

1903 2415 2218 2486 angelorum
2255 2425 2449 2482 genus,
2483 2405 2738 2473 aliudque
2780 2399 3185 2470 principatuum
3227 2402 3280 2448 et
3321 2390 3470 2445 aliud

1901 2513 2273 2578 potestatum;
2313 2515 2378 2557 eo
2405 2498 2551 2570 quod
2582 2511 2691 2551 non
2723 2507 2867 2547 unus
2897 2489 3052 2552 ordo,
3087 2501 3295 2541 unusve
3351 2496 3467 2537 cm-

1903 2576 1993 2653 tus
2027 2612 2090 2652 ac
2113 2596 2287 2650 tribus
2319 2591 2636 2660 familiaque
2675 2587 2746 2642 sit
2784 2581 3171 2639 immortalium
3206 2596 3220 2632 :
3253 2576 3347 2632 sed
3378 2590 3470 2644 ge‘

1901 2701 2116 2750 uerum,
2149 2699 2213 2739 ac
2244 2683 2391 2739 velut
2420 2681 2661 2735 tribuum
2690 2683 2744 2732 et
2792 2672 3074 2728 nationum
3105 2667 3356 2724 divortia.
3393 2665 3470 2718 Ac

1904 2793 2081 2848 neque
2115 2775 2416 2838 cherubim,
2444 2767 2803 2827 desciscentia
2838 2781 2867 2818 a
2900 2769 3098 2817 natura
3127 2775 3247 2823 sua,
3285 2757 3340 2814 in
3374 2773 3469 2811 an-

1904 2873 2146 2942 gelorum
2180 2868 2416 2938 speciem
2448 2868 2773 2924 transeunt;
2803 2869 2979 2926 neque
3009 2859 3200 2908 contra
3229 2850 3283 2903 in
3313 2855 3469 2903 natu-

1904 2941 2023 3017 ram
2061 2963 2224 3015 aliam
2273 2957 2449 3028 angeli
2502 2957 2927 3009 commutantur.
2977 2945 3208 3016 Quippe,
3232 2956 3355 2998 esse
3382 2941 3469 2996 illa

1905 3054 2049 3126 quod
2096 3059 2241 3116 sunt,
2277 3045 2346 3105 ρι’
2385 3046 2690 3118 cujusmodi
2746 3043 3012 3114 producta
3072 3045 3219 3101 sunt,
3249 3050 3470 3090 necesse

1908 3154 2011 3202 est.
2054 3143 2414 3211 Quamobrem
2448 3140 2608 3194 etiam
2632 3137 2795 3190 homo
2829 3133 2961 3202 (95),
2998 3132 3091 3203 qui
3122 3136 3182 3184 ut
3203 3129 3469 3182 habitaret

1908 3234 2172 3289 mundum
2200 3231 2564 3297 omnibusque
2591 3227 2646 3280 in
2669 3239 2734 3279 eo
2757 3223 2922 3277 rebus
2955 3226 3233 3290 praeesset,
3266 3233 3332 3271 ex
3356 3216 3469 3285 pri-

1907 3341 1996 3380 ma
2027 3322 2383 3394 dispositione
2411 3318 2740 3373 constitutus
2771 3324 2854 3368 est
2880 3353 2894 3377 ,
2932 3312 3082 3366 velut
3120 3306 3468 3369 immortaiis,

1907 3429 2187 3488 nunquam
2219 3414 2275 3468 in
2303 3411 2619 3482 angelorum
2652 3413 2746 3459 aut
2779 3404 3008 3458 alterius
3038 3399 3331 3470 cujuslibet
3361 3395 3469 3449 for-
3514 3395 3516 3398 ’

1905 3524 2048 3564 mam
2077 3523 2144 3563 ex
2173 3505 2392 3560 homine
2419 3499 2817 3556 convertendus
2841 3505 2924 3552 est
2948 3514 2963 3563 ;
2995 3491 3213 3565 quando
3245 3504 3346 3544 nec
3375 3503 3470 3541 an-

1905 3601 2011 3664 geli
2054 3600 2122 3654 ab
2148 3611 2210 3653 ea
2238 3610 2404 3666 quam
2427 3593 2582 3647 initio
2605 3590 2784 3646 sortiti
2811 3595 2937 3643 sunt
2959 3584 3138 3656 specie
3168 3592 3218 3636 et
3250 3586 3468 3642 natura,

1902 3689 2285 3749 transformari
2325 3696 2379 3744 et
2411 3685 2611 3741 mutari
2646 3689 2895 3756 possunt.
2928 3679 2993 3738 Et
3024 3692 3154 3735 vero
3195 3676 3469 3740 Christus,

1920 3959 2009 4022 lis,
2037 3965 2090 4030 et
2117 3957 2498 4030 respondentia
2532 3957 2844 4030 purioribus
2864 3954 2974 4012 illis
3003 3951 3468 4030 luminibusassis

1918 4028 2098 4099 gnatis
2132 4023 2404 4097 supremis
2452 4023 2763 4099 spiritibus,
2798 4040 2992 4096 nempe
3043 4023 3377 4099 seraphinis;
3410 4029 3469 4099 ut

1909 4093 1962 4169 ξι
1991 4093 2218 4154 sedibus
2227 4093 2560 4169 gthronisq'ue
2585 4093 3286 4169 potestatuin,_res_pondent
3320 4093 3467 4169 cmli.

1909 4167 2174 4239 Ministris
2203 4168 2349 4224 illis:
2391 4162 2710 4239 respiciens.
2753 4167 2896 4221 forte.
2920 4162 3056 4219 illud
3094 4163 3230 4239 _ps_a|.
3255 4162 3467 4225 cum:

1910 4238 2015 4319 Qui
2057 4239 2188 4307 facit
2207 4239 2432 4319 _angelos
2475 4234 2597 4293 suos
2637 4239 2875 4318 spiritus,
2926 4244 2975 4317 et
3002 4234 3301 4315 'ministros
3346 4248 3469 4285 suos

1906 4305 2178 4378 ﬂammam
2201 4305 2334 4378 ignis
2359 4324 2376 4360 :
2400 4325 2528 4378 quae
2552 4316 2633 4364 est
2664 4309 2852 4378 purior
2884 4305 3076 4375 Spiritu
3097 4317 3206 4378 seu
3236 4311 3395 4378 vento
3417 4309 3470 4355 et

1904 4371 2033 4434 ilatu
2089 4379 2201 4432 illic
2219 4371 2559 4449 'signilicato,
2593 4371 2931 4449 propiusque
2949 4373 3159 4449 accedit
3215 4371 3282 4424 ad
3302 4379 3470 4449 natu-

1904 4463 2020 4502 ram
2045 4442 2315 4519 luminum
2338 4451 2570 4519 igneam,
2593 4442 3028 4519 'vel'fornialiter,
3056 4443 3213 4519 juxta
3263 4442 3470 4519 pleros-

1906 4534 2010 4587 que
2038 4518 2248 4581 Patres,
2281 4511 2385 4573 vel'
2401 4511 2591 4574 saltem
2623 4519 2844 4579 virtute,
2876 4516 3034 4587 juxta
3082 4511 3471 4587 Peripateticos

1905 4581 1957 4643 tit
1987 4589 2302 4644 invehentes
2326 4590 2573 4657 quintam
2603 4589 2746 4640 illam
2774 4581 3085 4657 essentiam.
3121 4581 3303 4657 Yidu'i
3332 4597 3470 4657 pos-

1906 4667 2034 4727 sunt
2082 4659 2185 4712 ista
2243 4651 2424 4714 minus
2477 4658 2805 4727 Dionysiana
2839 4679 2879 4727 7:7
2933 4651 3469 4727 sed__nibil_mirum

1905 4726 2088 4797 ignoto
2131 4727 2388 4797 Dionysio
2437 4745 2546 4784 non
2603 4719 2800 4797 solum
2831 4723 3126 4797 methodio,
3165 4719 3470 4797 sed_etiam

1951 4787 2312 4868 hrysostomo,
2343 4800 2434 4868 qui
2472 4807 2526 4853 et
2578 4797 2694 4866 ipse
2728 4794 2863 4848 nihil
2896 4793 3223 4868 Dionysiane
3256 4787 3324 4843 dc
3368 4806 3468 4843 an-

1902 4863 2034 4937 gelis
2061 4868 2218 4922 sentit
2248 4879 2302 4921 et
2332 4863 2510 4937 docet,
2541 4863 2663 4937 cum
2692 4873 2884 4937 praeter
2911 4871 3070 4937 notos
3093 4863 3249 4916 nobis
3280 4876 3469 4914 eorum

1902 4933 2150 5008 populos,
2179 4938 2377 5008 ἄπειρα
2405 4935 2530 5008 ἔθνη
2564 4936 2657 4988 καὶ
2678 4933 2819 5008 ᾡῦλα
2852 4933 3122 5008 ἀμύθητα,
3144 4945 3247 5008 nec
3274 4945 3342 4984 ex
3369 4947 3470 5008 no:-

1901 5000 2050 5063 iniiie
2083 5015 2212 5062 nota
2269 5000 2570 5070 contendit,
2599 5011 2654 5059 et
2691 5000 2903 5073 probat
2925 5019 2987 5057 ex
3023 5000 3114 5056 illo
3143 5001 3366 5073 Ephes.,
3399 5000 3470 5053 Et

1901 5094 2052 5131 omne
2087 5092 2272 5131 nomen
2300 5078 2437 5146 quod
2467 5070 2773 5146 nominat—ur
2801 5089 2904 5125 non
2945 5072 3201 5146 solum_in
3235 5070 3334 5146 [ioc
3369 5087 3471 5146 ξαι-
3505 5103 3521 5128 ρ

1900 5148 2039 5210 cuto,
2075 5148 2186 5211 sed,
2219 5141 2351 5211 etc},
2378 5146 2525 5201 hom.
2561 5144 2615 5208 4,
2652 5143 2729 5196 De
2757 5144 3010 5210 incompr.
3043 5150 3097 5196 et
3121 5143 3175 5204 ὅ,
3203 5141 3469 5211 cherubin

1897 5209 2297 5339 velutlthronos
2318 5209 2435 5282 Dei,
2471 5227 2644 5284 eoque
2677 5213 2756 5268 illi
2782 5209 3211 5282 coniunctiores,
3249 5209 3471 5281 praefert

1900 5303 2056 5339 seran
2077 5304 2174 5339 un.
2246 5325 2257 5336 .

1900 5303 2174 5343 serantun.
2246 5325 2257 5336 .

1969 5303 2461 5481 ξὲἓῖὅιιαιιιοὺτωη
2513 5355 2671 5409 etiam
2700 5355 2872 5417 homo,
2912 5351 3052 5424 ἀτὰρ
3080 5350 3174 5405 καὶ
3201 5352 3229 5404 ὁ
3257 5350 3468 5422 ἀνθρω-

1969 5447 2016 5481 c.
2073 5429 2145 5481 ‘ic
2178 5428 2325 5480 clare
2374 5426 2615 5481 procedit
2658 5424 2999 5479 Methodiana
3043 5425 3463 5481 argumentatio.

1898 5424 2016 5492 πος,
2054 5424 2145 5481 Sic
2178 5428 2325 5480 clare
2373 5426 2615 5496 procedit
2658 5424 2999 5479 Methodiana
3043 5425 3463 5496 argumentatio,

1896 5515 2058 5569 quam
2101 5493 2388 5569 impressa
2404 5497 2644 5569 _omnino
2689 5496 3059 5569 obscurabant
3113 5493 3468 5569 conditionali

1897 5563 1988 5623 illa
2010 5570 2080 5624 εἰ.
2104 5563 2359 5636 lnterpr.,
2392 5565 2598 5619 Etenim
2631 5575 2681 5620 et
2725 5565 2899 5636 homo,
2951 5574 3083 5626 etc.,
3114 5577 3222 5634 quo
3256 5563 3466 5636 signifi-

1896 5649 2054 5695 catur
2083 5646 2141 5692 ut
2191 5634 2538 5704 antecedens,
2598 5639 2743 5707 quod
2801 5635 3106 5692 Methodius
3147 5634 3377 5690 assumit
3409 5640 3469 5686 ut

1895 5725 2254 5772 consequens.
