3864 6162
394 265 501 327 279

1384 269 1441 326 S.
1482 268 1815 328 METRODII
1854 269 2160 329 EPISCOPI
2195 269 2284 327 ΕΤ
2324 268 2681 326 MARTYRIS

3526 273 3635 332 280

399 390 716 449 adveniens.
742 404 852 445 non
877 389 934 445 in
968 390 1194 447 alteram
1220 389 1493 446 demutari
1532 393 1779 462 vertique
1802 401 1961 448 natu-

2080 409 2167 456 rtv,
2192 393 2326 447 ἀλλὰ
2356 395 2436 458 εἰς
2465 393 2493 446 ὃ
2524 389 2591 465 ἦν
2625 393 2685 457 ἐξ
2714 392 2888 465 ἀρχῆς
2919 391 3028 466 πρὸ
3049 393 3143 449 τοῦ
3186 396 3460 462 ἐκπεσεῖν,
3497 396 3640 452 ἀθά-

391 498 506 539 ram
543 483 782 539 hominis
814 492 1066 555 oportere
1098 484 1444 554 praedicavit;
1478 486 1573 540 sed
1607 487 1663 540 in
1702 487 1755 541 id
1782 488 1962 545 redire

391 573 540 646 quod
574 573 729 629 initio
763 574 963 639 fuerat,
995 582 1285 645 antequam
1335 575 1632 641 excideret,
1659 583 1777 631 tum
1833 592 1964 633 cum

391 673 542 723 esset
577 666 924 722 immortalis.
967 666 1248 736 Siquidem
1277 681 1504 721 necesse
1532 675 1637 732 est,
1666 675 1725 722 ut
1756 685 1960 724 unum-

391 757 648 830 quodque
693 768 972 823 creatum,
1032 771 1144 813 sua!
1210 756 1592 812 constitutioni
1645 766 1964 830 naturaeque

393 866 637 923 congruo
655 851 780 906 loco
807 850 1095 920 persistat;
1132 859 1191 905 ut
1217 851 1473 906 omnibus
1501 851 1686 905 omnia
1715 853 1963 922 replean-

393 950 520 1010 tur;
554 943 681 998 caali
711 942 951 1013 quidem,
974 942 1221 1012 angelis;
1254 942 1436 996 throni
1456 949 1655 1006 autem,
1680 945 1956 1012 potestati-

392 1034 498 1089 bus
531 1032 644 1104 (94)
665 1050 679 1101 ;
703 1031 994 1099 ministris,
1010 1031 1219 1086 lumina
1240 1050 1252 1085 :
1272 1032 1568 1087 diviniores
1589 1047 1754 1102 porro
1777 1034 1958 1097 sedes,

392 1124 723 1195 purioraque
764 1131 819 1178 et
856 1123 1153 1179 sinecriora
1195 1123 1429 1186 lumina,
1479 1124 1806 1194 seraphinis,
1864 1124 1961 1194 qui

392 1230 591 1285 magno
614 1214 693 1269 illi
722 1213 955 1269 consilio
994 1213 1314 1269 assistentes
1335 1250 1352 1277 ,
1381 1213 1695 1268 universum
1736 1227 1958 1269 conser-

390 1311 561 1370 vant;
595 1302 835 1358 mundus
865 1302 1102 1372 denique
1130 1301 1464 1359 hominibus.
1494 1300 1672 1372 Atque
1705 1302 1753 1356 si
1779 1302 1957 1356 homi-

390 1411 490 1452 nes
518 1396 574 1451 in
601 1396 824 1465 angelos
852 1396 1051 1449 mutari
1073 1394 1405 1457 dederimus,
1429 1408 1771 1463 consequens
1791 1403 1875 1450 est
1897 1402 1957 1449 ut

2062 501 2223 548 νατος
2261 483 2357 538 ῶν.
2403 484 2524 557 Χρὴ
2560 484 2669 557 γὰρ
2714 486 2772 538 ὲν
2814 484 2892 557 τῷ
2940 485 3057 558 ἰδίῳ
3098 484 3205 556 τῆς
3249 487 3414 555 ἕξεως
3460 489 3640 543 αὐτῶν

2060 577 2212 648 τόπῳ
2239 577 2351 649 (96)
2390 577 2498 631 τῶν
2527 575 2804 645 γεννητῶν
2843 577 3070 631 ἕκαστον
3101 578 3305 650 μένειν,
3346 579 3433 634 ἵνα
3466 582 3643 636 πάντα

2064 669 2281 723 πάντων
2324 663 2427 723 ὦσι
2470 667 2874 740 πεπληρωμένα
2894 688 2908 702 ·
2948 671 3166 741 οὐρανοὶ
3215 671 3314 742 μὲν
3356 672 3637 740 ἀγγέλωνο

2063 758 2243 831 θρόνοι
2274 760 2332 812 δὲ
2384 759 2639 826 ἐξουσιῶν
2659 776 2672 789 ·
2727 760 2883 828 φῶτα
2925 759 2983 813 δὲ
3027 762 3389 834 λειτουργῶν·
3446 763 3540 816 καὶ
3587 764 3639 816 οἱ

2064 851 2323 922 θειότεροι
2349 853 2524 917 τόποι,
2549 853 2641 905 καὶ
2666 851 2734 905 τὰ
2760 852 3041 923 ἀκράτητα
3062 855 3155 908 καί
3183 855 3456 927 ἀκραιφνῆ
3485 855 3642 923 φῶτα

2062 942 2172 997 τῶν
2201 945 2461 1015 σερανρὶμ,
2502 943 2538 998 ἃ
2576 944 2955 1015 παρεστήκασι
2987 948 3052 1018 τῇ
3089 945 3298 1019 μεγάλῃ
3338 946 3497 1017 βουλῇ
3527 946 3643 998 δια-

2062 1035 2366 1105 κρατοῦντα
2420 1036 2532 1107 (97)
2580 1035 2641 1088 τὸ
2688 1037 2824 1089 πᾶν·
2875 1039 2904 1090 ὁ
2945 1036 3002 1090 δὲ
3057 1037 3258 1109 κόσμος
3315 1035 3638 1108 ἀνθρώπων.

2073 1125 2198 1179 Ἐὰν
2228 1126 2285 1179 δὲ
2337 1125 2764 1197 μεταϐάλλεσθαι
2801 1126 2979 1198 δῶμεν
3033 1129 3158 1192 τοὺς
3202 1128 3519 1200 ἀνθρώπους
3561 1130 3641 1191 εἰς

2062 1219 2325 1287 ἀγγέλους
2348 1260 2362 1283 ,
2396 1218 2515 1291 ὥρα
2560 1219 2989 1290 μεταϐάλλεσθαι
3034 1222 3211 1290 λέγειν
3243 1223 3337 1276 καὶ
3373 1223 3498 1285 τοὺς
3541 1223 3644 1291 ἀγ-

2060 1309 2250 1378 γέλους
2279 1311 2361 1374 εἰς
2392 1310 2657 1377 ἐξουσίας,
2693 1311 2788 1364 καὶ
2823 1310 3026 1375 ταύτας
3063 1313 3143 1377 εἰς
3190 1312 3316 1367 ἄλλο
3359 1313 3453 1367 καὶ
3485 1312 3633 1368 ἄλλο,

2062 1400 2171 1453 ἐστ’
2209 1400 2274 1454 ἂν
2299 1404 2327 1455 ὁ
2355 1402 2512 1470 λόγος
2543 1402 2750 1466 ἀναϐὰς
2780 1403 2861 1466 εις
2888 1401 3129 1457 κίνδυνον
3159 1403 3394 1474 ἐμπέσῃ.

390 1497 445 1544 et
476 1490 698 1560 angelos
741 1489 799 1545 in
855 1496 1178 1562 potestates,
1214 1497 1269 1544 et
1313 1488 1412 1545 has
1440 1490 1498 1544 in
1543 1489 1693 1544 aliud
1740 1499 1795 1546 et
1834 1491 1982 1548 aliud
2027 1497 2359 1554 transituras
2408 1498 2624 1563 dicere,
2683 1500 2860 1555 oratio
2906 1514 3167 1570 processu
3216 1500 3516 1571 periculum
3553 1498 3645 1553 in-

392 1592 597 1642 currat.

461 1676 557 1733 XI.
593 1675 779 1748 Neque
815 1691 945 1732 vero
972 1677 1119 1748 quod
1147 1677 1297 1734 velut
1342 1677 1546 1732 malum
1576 1676 1851 1734 hominem
1884 1678 1967 1733 fa-

2143 1682 2244 1734 IA'.
2280 1680 2421 1735 Ἀλλ’
2450 1681 2573 1735 οὔτε
2599 1681 2676 1746 ὡς
2703 1680 2903 1752 φαῦλον
2927 1683 3327 1756 τεκτηνάμενος
3351 1688 3380 1740 ὁ
3401 1686 3533 1751 Θεὸς
3549 1687 3643 1743 τὸν

392 1770 687 1826 hricaverit
721 1769 883 1834 Deus,
916 1776 1011 1824 aut
1049 1770 1106 1824 in
1147 1785 1214 1826 eo
1263 1767 1514 1839 ﬁngendo
1541 1770 1829 1837 aberrarit,
1865 1786 1964 1825 an-

392 1862 572 1933 gelum
601 1870 787 1931 postea
825 1859 1006 1917 facere
1030 1861 1181 1915 illum
1222 1861 1430 1927 voluit,
1464 1862 1622 1933 quasi
1653 1862 1852 1932 ipsum,
1884 1863 1965 1917 vi-

392 1953 729 2008 lissimorum
786 1951 1042 2021 opiﬁcum
1074 1952 1268 2018 instar,
1334 1953 1658 2022 poenitentia
1711 1953 1962 2023 cepisset.

391 2043 580 2114 Neque
611 2058 737 2099 cum
776 2045 1026 2114 angelum
1056 2044 1332 2115 principio
1358 2045 1537 2100 facere
1564 2046 1962 2110 constituisset,

392 2151 569 2204 neque
592 2135 647 2190 id
669 2143 815 2191 esset
861 2144 1171 2201 assecutus,
1203 2136 1484 2190 hominem
1514 2137 1843 2206 procreavit.
1872 2135 1968 2190 Ni-

392 2228 591 2282 mirum
640 2227 783 2283 istud
808 2227 1138 2283 imbecillum
1183 2236 1287 2284 est.
1338 2228 1450 2284 Cur
1499 2227 1666 2299 igitur
1693 2228 1969 2283 hominem

393 2317 628 2374 faciebat
646 2334 756 2374 non
785 2320 1059 2390 angelum,
1091 2320 1137 2374 si
1167 2320 1420 2390 angelum
1450 2319 1724 2375 hominem
1769 2319 1967 2384 facere,

392 2426 505 2466 non
534 2410 810 2467 hominem
837 2411 1159 2483 cogitabat?
1184 2412 1268 2466 An
1290 2413 1419 2482 quia
1448 2427 1555 2466 non
1593 2413 1846 2483 poterat?
1876 2411 1972 2468 Est

395 2504 502 2558 hoc
554 2504 957 2574 hlasphemum.
1020 2504 1101 2559 An
1180 2505 1238 2560 in
1302 2505 1576 2559 deteriore
1627 2513 1967 2576 occupatus,

393 2595 541 2667 quod
569 2598 918 2667 praestantius
941 2603 1027 2653 est
1057 2597 1340 2654 differebat
1362 2599 1386 2651 ?
1405 2596 1502 2651 Est
1530 2605 1584 2652 et
1614 2597 1747 2651 illud
1773 2599 1968 2653 absur-

394 2689 548 2744 dum.
580 2688 766 2759 Neque
810 2691 956 2746 enim
1006 2692 1063 2744 in
1117 2691 1396 2746 moliendo
1424 2692 1568 2745 bono
1624 2690 1710 2744 vel
1758 2689 1977 2743 aberrat

404 2780 572 2845 Deus,
628 2784 712 2837 vel
745 2782 802 2835 in
829 2782 978 2836 aliud
1028 2789 1244 2852 tempus
1283 2783 1486 2851 rejicit,
1540 2782 1629 2836 vel
1680 2781 1978 2835 destitutus

405 2871 618 2927 viribus
669 2879 794 2927 est:
834 2873 930 2927 sed
981 2881 1035 2927 et
1070 2882 1352 2944 utcunque
1399 2874 1637 2937 libuerit,
1670 2881 1724 2927 et
1761 2872 1980 2942 quando

406 2962 650 3027 libuerit,
679 2963 872 3034 agendi
894 2971 1158 3033 potestate
1188 2974 1273 3020 est
1302 2964 1592 3036 praaditus,
1633 2966 1726 3034 qui
1758 2966 1829 3019 sit
1862 2964 1978 3035 ipsa

406 3056 669 3123 potentia.
703 3054 1066 3121 Quamobrem
1101 3056 1375 3112 hominem
1404 3074 1527 3113 esse
1574 3057 1846 3112 hominem
1877 3071 1977 3110 νο⁴

402 3145 545 3209 lens,
578 3146 737 3200 initio
771 3146 1049 3215 produxit.
1083 3147 1241 3213 Quod
1274 3149 1320 3203 si
1356 3149 1409 3203 id
1449 3149 1640 3203 volens
1664 3147 1831 3216 fecit;
1860 3148 1979 3201 vult

398 3245 579 3291 autem
636 3237 783 3307 quod
838 3240 1041 3295 bonum
1072 3249 1197 3308 est;
1242 3241 1405 3295 homo
1455 3257 1585 3295 vero
1617 3241 1819 3296 bonum
1851 3248 1973 3303 est;

396 3331 651 3402 idemque
687 3345 755 3385 ex
801 3331 984 3385 anima
1035 3341 1252 3388 constat
1307 3340 1361 3387 et
1412 3348 1681 3403 corpore:
1729 3332 1979 3403 sequitur

399 3430 556 3477 extra
601 3437 803 3492 corpus
851 3422 1127 3478 hominem
1178 3425 1403 3481 minime
1459 3426 1596 3486 fore,
1633 3425 1728 3480 sed
1766 3424 1825 3477 in
1846 3439 1971 3477 cor-

400 3529 534 3584 pore
563 3533 576 3568 :
607 3530 675 3568 ne
714 3513 855 3569 alius
897 3524 1093 3584 prmter
1120 3516 1397 3572 hominem
1429 3518 1593 3571 homo
1617 3517 1969 3587 producatur.

401 3606 552 3677 Opus
576 3606 722 3662 enim
752 3616 857 3673 est,
918 3610 999 3663 uti
1045 3609 1155 3665 Deo
1190 3611 1520 3667 immortalia
1567 3626 1765 3682 genera
1790 3611 1974 3666 omnia

402 3711 843 3765 conserventur:
883 3705 1032 3774 atqui
1064 3704 1226 3758 homo
1265 3714 1349 3758 est
1379 3704 1723 3758 immortalis.
1770 3702 1978 3757 Creavit

402 3795 566 3857 enim,
587 3795 764 3865 inquit
798 3793 1075 3863 Sapientia
1118 3795 1187 3855 ’³,
1243 3794 1506 3847 hominem
1535 3792 1975 3847 inexterminabi-

2066 1772 2369 1846 ἄνθρωπον,
2398 1773 2430 1843 ἢ
2463 1773 2841 1845 διαμαρτήσας
2886 1774 3051 1827 αὐτοῦ
3100 1778 3229 1848 περὶ
3273 1777 3372 1848 τὴν
3420 1778 3648 1834 διάπλα-

2072 1882 2155 1919 σιν
2192 1865 2323 1936 (98),
2358 1864 2588 1934 ἄγγελον
2634 1865 2796 1918 αὐτὸν
2834 1865 3057 1937 ὕστερον
3104 1868 3366 1939 ἐπενόησε
3401 1871 3644 1941 ποιῆσαι,

2068 1960 2386 2030 μεταγνοὺς,
2425 1957 2613 2029 ὥσπερ
2661 1958 2711 2010 οἱ
2756 1957 3075 2025 φαυλότατοι
3123 1960 3235 2012 τῶν
3261 1960 3645 2032 δημιουργῶν·

2066 2050 2190 2105 οὔτε
2246 2050 2475 2118 ἄγγελον
2527 2052 2646 2103 κατ’
2677 2050 2852 2123 ἀρχὰς
2905 2051 3409 2123 θελήσας’ποιῆσαι,
3441 2055 3535 2107 καὶ
3564 2051 3644 2125 μὴ

2067 2145 2331 2215 δυνηθεὶς,
2363 2143 2650 2214 ἄνθρωπον
2688 2143 2948 2198 ἔπλασεν·
2990 2144 3211 2209 ἀσθενὲς
3243 2144 3400 2198 τοῦτο
3427 2146 3552 2217 γάρ.
3582 2146 3653 2198 Τί

2068 2239 2266 2310 δήποτε
2291 2233 2382 2290 οὖν
2413 2235 2504 2290 τὸν
2535 2236 2818 2308 ἄνθρωπον
2844 2235 3037 2299 ἐποίει,
3066 2236 3160 2289 καὶ
3187 2236 3286 2287 οὐκ
3316 2234 3563 2304 ἄγγελον,
3581 2233 3656 2289 εῖ-

2070 2347 2134 2399 γε
2179 2328 2405 2398 ἄγγελον
2452 2328 2544 2381 τὸν
2592 2327 2898 2401 ἄνθρωπον,
2932 2327 3026 2381 καὶ
3054 2328 3153 2380 οὐκ
3189 2326 3473 2397 ἄνθρωπον
3499 2327 3653 2395 γενέ-

2076 2423 2196 2476 σθαι
2236 2420 2535 2492 ἠθέλησενς
2581 2421 2667 2484 Ὧς
2696 2421 2755 2473 οὐ
2787 2419 3112 2490 δυνάμενος;
3146 2418 3493 2489 Βλάσφημον.
3513 2418 3654 2471 Ἀλλ’

2074 2511 2392 2565 ἀνεϐάλλετο
2421 2511 2550 2583 περ)⁵
2576 2509 2670 2563 τοῦ
2690 2510 2996 2581 κρείττονος
3012 2509 3073 2562 τὸ
3099 2511 3277 2581 χεῖρον
3306 2508 3505 2572 ποιῶν;
3543 2509 3659 2562 Καὶ

2074 2605 2229 2659 τοῦτο
2260 2606 2477 2660 ἄτοπον.
2502 2602 2640 2657 Οὔτε
2666 2603 2773 2675 γὰρ
2816 2601 3196 2671 διασφὰλλεται
3237 2600 3365 2672 περ).
3396 2600 3456 2653 τὸ
3484 2602 3662 2657 ποιεῖν

2076 2697 2137 2751 τὸ
2165 2697 2349 2761 καλὸν,
2384 2695 2508 2750 οὔτε
2541 2694 2918 2758 ἀναϐάλλεται,
2943 2692 3066 2747 οὔτε
3092 2693 3373 2748 ἀδυνατεῖ·
3402 2690 3537 2744 ἀλλὰ
3559 2691 3661 2745 καὶ

2076 2788 2152 2851 ὡς
2205 2786 2372 2850 θέλει,
2404 2788 2498 2841 καὶ
2549 2788 2636 2840 ὅτε
2682 2786 2845 2850 θέλει,
2878 2785 2939 2838 τὸ
2968 2784 3226 2838 δύνασθαι
3267 2782 3399 2853 ἔχει,
3426 2781 3661 2853 δύναμις

2079 2880 2175 2934 ῶν.
2206 2879 2415 2934 Οὐκοῦν
2442 2875 2578 2932 εἷναι
2618 2878 2708 2932 τὸν
2736 2876 3017 2948 ἄνθρωπον
3050 2874 3336 2944 ἄνθρωπον
3370 2873 3536 2927 θέλων
3592 2874 3658 2941 ἐξ

2082 2973 2255 3045 ἀρχῆς
2280 2971 2513 3026 ἔκτισεν.
2549 2970 2613 3024 Εἰ
2640 2969 2697 3023 δὲ
2722 2968 2921 3023 θέλων·
2955 2967 3096 3020 θέλει
3130 2966 3186 3019 δὲ
3217 2966 3278 3019 τὸ
3314 2965 3475 3019 καλὸν
3495 2982 3508 2995 ·
3555 2982 3663 3017 κα-

2082 3062 2172 3115 λὸν
2215 3060 2272 3114 δὲ
2321 3061 2353 3113 ὁ
2391 3060 2706 3131 ἄνθρωπος’
2756 3058 3039 3129 ἅνθρωπος
3073 3056 3130 3108 δὲ
3161 3055 3220 3109 τὸ
3250 3057 3314 3108 ἐκ
3347 3055 3522 3125 ψυχῆς
3562 3055 3664 3107 καὶ

2087 3150 2336 3220 σώματος
2361 3148 2578 3217 λέγεται
2612 3146 2863 3199 συντεθέν
2882 3162 2895 3175 ·
2924 3146 3024 3198 οὐκ
3050 3144 3201 3198 ἔσται
3230 3144 3337 3216 ἄρα
3370 3144 3526 3205 ἐκτὸς
3553 3142 3666 3196 σώ-

2089 3240 2611 3313 ματοςὸἄνθρωπος,
2642 3238 2776 3291 ἀλλὰ
2800 3237 2938 3309 μετὰ
2964 3236 3231 3308 σώματος,
3269 3237 3354 3289 ἵνα
3393 3236 3465 3307 μὴ
3500 3234 3668 3300 ἄλλος

2085 3333 2368 3405 ἅνθρωπος
2403 3330 2551 3402 παρὰ
2587 3330 2678 3383 τὸν
2706 3329 2989 3400 ἄνθρωπον
3013 3326 3267 3397 γεννηθῇ.
3316 3326 3405 3376 Δεῖ
3439 3323 3549 3394 γὰρ
3578 3321 3666 3394 τῷ

2075 3426 2192 3495 Θεῷ
2207 3425 2274 3478 τὰ
2290 3424 2531 3477 ἀθάνατα
2560 3423 2689 3493 γένη
2717 3421 2891 3474 πάντα
2924 3417 3221 3483 σώζεσθαι·
3257 3417 3521 3470 ἀθάνατον
3547 3414 3608 3466 δὲ
3635 3414 3666 3468 ὁ

2078 3516 2625 3589 ἄνθρωπος.Ἔκτισε
2654 3514 2782 3583 γὰρ,
2816 3511 2979 3581 φησὶν
3006 3513 3039 3581 ἡ
3077 3509 3264 3579 Σοφία,
3300 3507 3406 3562 τὸν
3441 3506 3667 3574 ἅνθρω-

2079 3626 2197 3663 πον
2224 3613 2256 3661 ό
2285 3606 2428 3673 Θεὸς
2470 3605 2569 3658 ἐπὶ
2603 3604 2923 3673 ἀφθαρσίᾳ,
2986 3601 3085 3654 καὶ
3134 3602 3334 3654 εἰκόνα
3362 3597 3468 3665 τῆς
3506 3596 3667 3662 ἰδίας

2082 3699 2417 3765 ἀϊδιότητος
2438 3696 2729 3763 ἐποίησεν
2765 3695 2971 3747 αὐτόν.
2994 3694 3108 3746 Οὐκ
3146 3692 3252 3764 ἄρα
3279 3688 3574 3743 ἀπόλλυται
3600 3686 3665 3741 τὸ

2088 3791 2277 3862 σῶμα’
2311 3791 2338 3842 ὁ
2368 3788 2477 3860 γὰρ
2508 3787 2793 3860 ἅνθρωπος
2826 3788 2890 3838 ὲκ
2921 3785 3094 3856 ψυχῆς
3120 3784 3214 3838 καὶ
3245 3782 3512 3854 σώματος.

405 3888 506 3945 lem
541 3889 673 3959 (95),
697 3897 749 3943 et
797 3890 1079 3958 imaginem
1128 3890 1442 3943 (sterilitatis
1493 3905 1604 3943 suae
1657 3888 1777 3957 fecit
1807 3888 1980 3941 illum.
2040 3886 2250 3957 Corpus
2299 3885 2482 3954 itaque
2536 3898 2647 3937 non
2689 3896 2917 3951 prorsus
2969 3877 3333 3949 exstinguitur
3380 3882 3434 3930 et
3480 3872 3660 3945 perit;

404 3999 534 4039 nam
562 3983 726 4039 homo
748 3998 817 4038 ex
839 3983 1019 4037 anima
1047 3990 1101 4039 et
1119 3998 1349 4054 corpore
1375 3982 1652 4038 consistit.

479 4077 525 4110 "
565 4077 695 4145 Sap.
732 4093 796 4139 ιι,
825 4076 917 4131 25.

480 4171 589 4255 (ιιι)
632 4171 835 4226 Thmui
863 4163 1980 4255 quem.meme:usus:esse:

407 4236 539 4314 quid
571 4236 626 4314 in
658 4241 1222 4314 corporeisintelligat
1253 4254 1319 4293 eo
1350 4237 1569 4314 nomine
1596 4236 1982 4314 prmtercuglos

406 4304 461 4368 et
493 4313 721 4372 lumina,
754 4304 896 4366 'sive
942 4312 1033 4365 illa
1082 4304 1237 4363 nobis
1259 4306 1553 4376 conspicua
1597 4321 1717 4373 quae
1748 4304 1983 4376 admini-

407 4383 539 4466 stris
597 4382 1027 4463 assignat,rsive
1084 4379 1355 4466 diviniora
1401 4375 1711 4466 ἁκράτητα·
1748 4376 1837 4456 illa
1889 4375 1984 4425 καὶ
2016 4411 2058 4466 D

406 4452 685 4525 ἀκραιφνῆ
714 4446 1354 4525 assignatanseraphinis,
1386 4462 1507 4515 quae
1532 4446 1785 4525 videntur
1806 4446 1981 4513 ipsum

408 4514 686 4577 immobile
714 4530 767 4577 et
792 4514 1065 4575 in'visibile
1091 4514 1250 4573 nobis
1283 4514 1620 4586 empyrctlm,
1653 4514 1885 4586 inﬂuens
1905 4528 1987 4567 se-

407 4592 632 4663 raphica
657 4591 971 4647 assistentia
992 4589 1250 4663 univer_s_o
1280 4585 1420 4640 huic
1438 4585 1984 4663 perniapentiani,_ttt

406 4652 628 4717 tandem
684 4663 864 4715 visum
894 4667 979 4715 est
1027 4675 1147 4713 meo
1173 4657 1417 4720 Thomas,
1439 4652 1847 4724 —signiﬁcatque
1872 4652 1984 4706 Me-

405 4733 629 4788 thodius
668 4732 776 4786 illis
821 4731 1004 4785 verbis
1031 4726 1423 4800 διακρατοῦντα
1448 4725 1510 4777 τὸ
1545 4726 1673 4800 7:511.
1722 4724 1984 4800 juxta_|e-

407 4804 648 4859 ctionem
704 4800 891 4870 Rupil'.
946 4815 1106 4869 quam
1158 4793 1351 4853 sumus
1393 4796 1588 4870 secuti.
1628 4793 1790 4870 Forte
1813 4793 1985 4847 voluit

406 4873 638 4928 thronos
666 4886 730 4926 ac
752 4864 911 4925 sedes
940 4864 993 4923 in
1017 4882 1312 4939 empyreo,
1340 4865 1484 4939 quod
1515 4864 1839 4932 respondeat
1866 4879 1984 4939 cae.

408 4942 501 5005 lis,
530 4942 827 5012 assignatis
857 4935 1158 5012 spiritibus:
1185 4936 1695 5012 ntinistris,_pra:ter
1758 4935 1984 5002 puriora

408 5012 504 5067 illa
536 5013 594 5066 in
622 5005 688 5067 eo
715 5005 1022 5078 seraphinis
1051 5009 1326 5077 assignata
1358 5005 1586 5059 lumina.
1613 5005 1827 5078 Quanta
1855 5019 1986 5073 por-

409 5095 476 5135 ro
500 5081 615 5136 haec
639 5075 1024 5151 probabilitate
1047 5075 1325 5151 nitantur,
1341 5082 1402 5129 ut
1428 5081 1482 5128 et
1494 5076 1664 5151 Aquod
1687 5075 1871 5151 statim
1886 5088 1984 5151 se-

412 5151 619 5221 quitur,
639 5142 717 5221 de
750 5150 932 5204 futura
961 5155 1085 5219 post
1137 5148 1329 5221 iudicii
1383 5142 1985 5221 conﬂagrationemho-

412 5213 621 5274 {uinum
658 5213 1019 5282 habitatione,
1052 5213 1198 5273 terra
1253 5217 1355 5271 hac
1418 5213 1584 5269 nova’
1624 5229 1721 5284 per
1792 5213 1984 5284 Isaiam

412 5290 705 5359 promissa,
735 5289 980 5359 cmloque
1022 5296 1076 5342 et
1127 5302 1251 5342 aere
1279 5301 1456 5359 novo;
1508 5282 1793 5359 operosius
1825 5282 1986 5359 fuerit

414 5353 709 5419 discutere.
737 5353 1069 5427 alteriusque
1100 5366 1154 5412 et
1200 5358 1295 5412 otii
1325 5365 1379 5411 et
1406 5353 1767 5427 operauﬂoc
1794 5355 1985 5427 saltem

415 5428 744 5489 constiterit,
799 5423 997 5483 abesse
1023 5426 1353 5482 Methodium
1380 5423 1558 5480 in’sua
1587 5424 1678 5478 illa
1731 5423 1986 5492 opinione

415 5499 486 5553 ab
514 5512 701 5551 errore
724 5495 1169 5556 Millenariorum.
1206 5513 1305 5552 nec
1336 5497 1411 5549 ita
1445 5494 1985 5566 ponereiparadisum

372 5614 381 5621 .
414 5568 728 5624 sensibilem
760 5568 817 5620 in
865 5566 1109 5621 sensibili
1156 5573 1322 5628 terra,
1353 5575 1412 5618 ut
1428 5560 1624 5618 divina
1648 5560 1866 5617 interim
1897 5560 2011 5615 vi-r

416 5638 591 5691 sionis
617 5636 843 5704 gratiam
877 5642 1052 5704 neget,
1088 5650 1197 5704 qua
1226 5636 1400 5690 simus
1428 5650 1557 5689 vere
1586 5632 1752 5704 beati,
1785 5631 1984 5704 et‘ani-

414 5722 546 5775 mo;
581 5703 894 5761 conferente
943 5702 1146 5758 mundo
1205 5704 1532 5771 instaurate,
1565 5702 1633 5757 ad
1661 5702 1980 5758 nonnullam

2089 4162 2517 4215 instauratorum
2551 4172 2783 4227 corpore
2830 4156 3132 4212 incolarum
3176 4152 3510 4227 felicitatem.
3556 4153 3663 4206 mi-

2090 4232 2251 4285 rabili
2303 4232 2395 4284 illa
2441 4225 2710 4298 εὐκρασῖᾳ
2767 4243 2865 4280 sua
2923 4236 2977 4279 et
3033 4225 3460 4298 temperatione,
3493 4238 3661 4290 quam

2090 4300 2253 4361 Deus,
2287 4316 2385 4355 ceu
2411 4295 2821 4352 amantissimus
2852 4304 3023 4366 pater,
3044 4295 3435 4366 administrare
3474 4304 3528 4348 et
3560 4309 3663 4345 cu-

2088 4387 2209 4425 rare
2243 4371 2437 4424 haheat
2479 4388 2492 4422 :
2521 4365 2984 4438 ἐπιτροπεύοντος.
3012 4365 3138 4418 Mihi
3168 4366 3444 4438 enimvero
3466 4365 3663 4419 melius

2090 4457 2212 4497 esse
2240 4456 2364 4495 cum
2399 4432 2723 4501 Christofet
2751 4445 2810 4491 ut
2852 4447 3109 4506 tanquam
3142 4432 3445 4487 membruln
3479 4450 3664 4501 quarto

2091 4512 2269 4581 doque
2292 4526 2489 4579 sequar
2512 4510 2801 4581 inicmlum
2838 4510 3005 4581 etiam
3052 4519 3303 4581 corpore,
3362 4506 3661 4557 exaltatum

2092 4576 2257 4651 super
2288 4576 2478 4634 omnes
2499 4576 3238 4651 cmlosdivinissimumillud
3271 4581 3434 4651 caput
3457 4589 3660 4651 meum.

2164 4641 2839 4721 i95)1nexterminagilem,
2878 4647 2969 4699 ἐπὶ
2997 4644 3291 4721 ἀφθαρσίᾳ.
3354 4643 3444 4721 Sic
3498 4641 3660 4710 Vulg.

2091 4730 2144 4776 et
2170 4714 2308 4778 Sixt.
2337 4721 2454 4776 Non
2483 4720 2624 4772 male
2656 4718 2841 4786 Tigur.
2873 4725 2927 4769 et
2955 4714 3353 4786 eodem‘sensu,
3382 4714 3663 4786 immortu—

2094 4794 2254 4855 litau',
2287 4792 2389 4846 hoc
2413 4798 2516 4850 est,
2546 4798 2604 4842 ut
2634 4782 2955 4841 immortalis
2994 4795 3158 4838 esset.
3203 4783 3379 4837 Minus
3405 4782 3663 4855 exprimit

2092 4853 2318 4931 interpr.
2352 4861 2638 4930 Epiphan.,
2673 4859 2728 4910 in
2764 4855 3298 4931 imorruptiane_._Tb.
3336 4853 3663 4931 xa‘tneixéve

2092 4923 2710 5004 suspicatur-ﬁgendum
2762 4927 2880 4980 κατ’
2915 4926 3119 5004 εἰξιόνα.
3149 4924 3368 5004 Habent
3389 4923 3663 5004 nihilomi-

2091 4992 2206 5057 nus.
2220 5007 2379 5081 etiam
2413 4992 2576 5081 ᾗῇ,
2609 5012 2937 5081 quanquam.
2970 4998 3238 5079 interpres
3282 4994 3528 5075 videatur
3561 4992 3662 5081 Ile:

2093 5075 2238 5144 gisse
2265 5073 2355 5125 ml.
2384 5071 2506 5123 κατ’
2532 5062 2830 5144 εἰκόναζρι-
2869 5062 3286 5144 ad‘imagjinem,
3325 5064 3434 5117 nisi
3491 5062 3663 5144 voluit

2091 5130 2357 5214 glossare,
2390 5147 2484 5214 aut
2543 5139 2707 5214 sequi
2731 5136 2889 5214 Yulg.
2925 5135 3044 5214 Non
3075 5130 3256 5214 {idem
3277 5136 3389 5204 ipse
3420 5130 3660 5214 quid'ihi

2094 5204 2164 5269 sit
2198 5204 2462 5281 scrupuli,
2493 5225 2597 5281 nec
2618 5204 2985 5281 reddipossit,
3015 5217 3065 5260 et
3082 5207 3375 5281 imaginem
3393 5204 3661 5281 teternita:

2094 5286 2193 5365 tis;
2227 5270 2516 5365 quando’et
2545 5278 2748 5365 ll’aulus
2776 5270 2947 5332 I'Cor.
2974 5270 3055 5365 x3,
3082 5270 3353 5359 hominem
3376 5274 3530 5365 dicit,
3552 5270 3663 5365 lbet“

2091 5342 2372 5423 imaginem
2414 5361 2463 5405 et
2520 5351 2931 5423 gloriamunon
2964 5348 3032 5400 ad
3087 5348 3399 5417 imaginem.
3426 5342 3659 5410 Quidam

2092 5417 2540 5496 υνοξᾲῖδιὸτητοξ
2563 5424 2744 5490 legunt
2773 5417 3059 5496 _l6t61'q1:o<;.

2185 5494 2274 5563 96)
2299 5495 2478 5557 Τόπῳ.
2507 5489 2692 5563 lmpr.,
2725 5489 2900 5563 τύπω.

2184 5556 2274 5632 97)
2304 5556 2754 5632 Διακριιτοῦντα.
2795 5556 2957 5632 Editi,
2996 5556 3381 5632 διακρατούσῃ.

2185 5628 2274 5705 98)
2299 5628 2649 5687 Διάπζλασιν.
2674 5631 2761 5687 Al.
2794 5629 3010 5685 πλάσιν.
