3864 6162
239 312 337 369 281

1312 310 1406 368 EX
1442 311 1648 369 ιιι]Βο
1685 312 1775 366 DE
1811 311 2441 374 RESUBBECTIONE.‘

3391 327 3499 383 282

306 431 408 484 IB'.
433 427 527 481 Διδ
546 425 840 499 ἐπίστησον
869 423 1001 498 (99),
1034 426 1110 490 ὡς
1126 427 1154 480 ὀ
1180 424 1384 500 Κύριος
1401 428 1471 482 τὰ
1499 428 1637 483 αὐτά
1650 426 1803 483 ταῦτα

2009 428 2127 486 Xll.
2157 429 2236 484 Ac
2264 430 2409 493 vide,
2459 445 2666 501 quaeso.
2717 434 3175 503 quemadmodum
3212 437 3501 507 Dominus,

235 521 505 576 διδάσκειν
530 518 719 583 θέλων,
739 517 813 589 μὴ
842 517 1203 571 πιστευόντων
1221 518 1590 575 Σαδδουκαίων
1621 522 1702 584 εἰς
1724 520 1823 593 τὴν

237 612 531 664 ἀνάστασιν
579 607 680 678 τῆς
731 607 956 678 σαρκός.
1003 606 1189 679 Δόγμα
1237 607 1347 681 γὰρ
1391 609 1549 665 τοῦτο
1594 611 1826 665 Σαδδου-

236 700 601 758 καίων.”Οθεν
636 701 1103 772 συσκευασάμενοι
1142 701 1243 772 τὴν
1291 702 1434 757 κατά
1464 703 1562 776 τὴν
1587 707 1824 773 γυναῖκα

237 798 330 851 καὶ
376 796 504 859 τοὺς
550 793 691 849 ἑπτὰ
738 793 1000 862 ἀδελφοὺς
1046 793 1380 867 παραϐολὴν,
1421 795 1510 850 ἴνα
1555 795 1645 850 τὸν
1693 797 1822 867 περὶ

236 888 587 950 ἀναστάσεως
609 887 710 956 τῆς
741 886 942 957 σαρκὸς
966 886 1123 956 λόγον
1153 889 1495 960 ἀπορήσωσι,
1542 889 1822 961 Προσῆλ-

236 985 342 1036 θον
392 977 555 1045 αὑτῷ
581 1020 596 1044 ,
650 979 783 1050 φησὶ
809 1018 827 1041 ,
875 979 974 1033 καί
1030 979 1419 1035 Σαδδουκαῖοι
1449 1021 1465 1045 ,
1513 981 1817 1052 λέγοντες,

234 1069 578 1125 ἀνάστασιν
615 1069 703 1139 μὴ
752 1066 925 1124 εἶναι.
970 1070 1029 1125 '0
1079 1067 1172 1125 οὖν
1216 1072 1469 1144 Χριστὸς,
1521 1075 1569 1126 εί
1621 1074 1695 1147 μὴ
1748 1070 1819 1147 ἦν

235 1163 532 1227 ἀνάστασις
584 1162 806 1236 σαρκὸς,
837 1162 972 1216 ἀλλά
1006 1164 1165 1234 μόνον
1192 1164 1424 1229 ἐσώζετο
1466 1165 1634 1238 ψυχὴ,
1697 1183 1819 1221 συν-ι
1854 1198 1869 1213 ο

233 1254 387 1309 έθετο
430 1253 497 1308 ἂν
549 1254 756 1317 αὐτοῖς,
790 1254 866 1318 ὡς
918 1254 1099 1319 καλῶς
1147 1257 1242 1310 καὶ
1302 1257 1476 1329 ὀρθῶς
1536 1257 1813 1331 φρονοῦσι.

231 1348 372 1402 Νυνὶ
428 1348 486 1402 δὲ
527 1346 884 1418 ἀποκρίνεται
908 1387 921 1411 ,
957 1346 1161 1416 λέγων·
1207 1347 1308 1403 Ἕν
1356 1350 1430 1419 τῇ
1487 1350 1818 1405 ἀναστάσει

231 1442 374 1497 οὔτε
433 1439 766 1511 γαμοῦσιν,
830 1441 969 1495 οὔτε
1033 1441 1464 1509 γαμίσκονται,
1529 1443 1667 1497 ἀλλ’
1734 1443 1815 1509 ὡς

228 1531 474 1601 ἄγγελοι
532 1532 603 1585 ἐν
664 1530 899 1601 οὐρανῷ
964 1531 1157 1583 εἰσιν·
1204 1531 1266 1583 οὐ
1340 1531 1418 1603 τῷ
1482 1532 1661 1603 σάρκα
1733 1531 1809 1603 μὴ

228 1623 411 1695 ἔχειν,
467 1624 603 1678 ἀλλά
644 1624 722 1695 τῷ
770 1623 844 1695 μὴ
895 1627 1093 1695 γαμεῖν
1136 1625 1231 1678 καὶ
1292 1623 1625 1695 γαμεῖσθαι,
1678 1623 1816 1678 ἀλλά

227 1712 371 1771 εἶναι
418 1715 602 1771 λοιπὸν
655 1717 715 1769 ἐν
770 1716 1065 1790 ἀφθαρσίᾳ.
1119 1716 1230 1771 Καί
1299 1733 1497 1788 φησιν,
1559 1715 1812 1785 ἀγγέλοις

1925 518 2115 576 eadem
2162 520 2253 575 illa
2307 521 2523 578 tradere
2566 520 2883 581 Sadducaiis
2923 527 3383 585 resurrectionem
3405 546 3504 587 ne-

1923 614 2201 681 gantibus,
2256 614 2508 671 voluerit.
2578 614 2673 670 Est
2719 617 2865 671 enim
2937 618 3040 673 hoc
3072 618 3503 679 Sadducaeorum

1921 705 2136 776 dogma.
2169 705 2322 762 Unde
2354 708 2785 778 compositailla,
2836 708 2904 765 de
2957 711 3185 767 muliere
3211 713 3386 784 deque
3416 730 3506 770 se-

1920 805 2065 866 ptem
2101 795 2383 859 fratribus,
2410 798 2693 867 parabola.
2727 814 2890 868 quam
2940 800 3203 857 adversus
3255 818 3505 859 resurre-

1920 887 2120 943 ctionis
2142 903 2432 957 corporum
2478 889 2673 960 dogma
2706 899 3075 960 proponerent
3107 909 3120 945 :
3152 894 3504 950 Accesserant

1920 978 1990 1034 ad
2022 982 2355 1051 eum,inquit
2380 982 2447 1047 ",
2477 980 2780 1046 Sadducwi,
2809 981 3038 1038 dicentes
3066 988 3502 1042 resurrectionem

1920 1081 2023 1119 non
2052 1082 2185 1121 esse.
2236 1066 2474 1123 Proinde
2526 1068 2801 1129 Christus.
2855 1071 2902 1125 si
2952 1072 3101 1125 nulla
3149 1076 3336 1136 carnis
3354 1085 3502 1132 esset

1919 1159 2268 1218 resurrectio.
2324 1158 2417 1214 sed
2469 1160 2648 1213 anima
2705 1161 2973 1215 duntaxat
3018 1163 3254 1219 salutem
3312 1182 3503 1222 conse-

1917 1257 2196 1318 queretur,
2232 1251 2343 1306 illis
2374 1253 2562 1321 utique
2590 1260 2777 1322 utpote
2810 1261 2960 1309 recte
2985 1269 3049 1310 ac
3076 1257 3339 1325 praeclare
3367 1274 3499 1313 sen-

1918 1342 2203 1404 tientibus,
2268 1359 2423 1398 suam
2489 1344 2866 1399 auctoritatem
2931 1347 3273 1418 adjungeret.
3330 1350 3498 1421 Atqui

1917 1432 2024 1487 alia
2054 1433 2241 1487 omnia
2275 1434 2615 1503 respondens
2668 1436 2847 1490 ait":
2887 1434 2955 1490 In
3002 1440 3382 1494 resurrectione
3414 1458 3500 1494 ne-

1914 1539 2013 1594 que
2041 1523 2238 1578 ducunt
2266 1542 2477 1594 uxores,
2536 1543 2697 1596 neque
2731 1529 2952 1597 nubunt,
3008 1530 3099 1585 sed
3133 1542 3189 1584 ut
3227 1534 3400 1603 angeli
3441 1535 3497 1588 in

1914 1616 2042 1669 caelo
2092 1624 2215 1670 sunt
2249 1632 2266 1668 :
2300 1631 2409 1669 non
2450 1616 2596 1686 quod
2644 1633 2864 1674 carnem
2926 1635 3037 1676 non
3088 1621 3355 1688 habeant,
3398 1624 3495 1679 sed

1915 1708 2059 1778 quod
2092 1715 2311 1763 mutuas
2332 1709 2554 1776 nuptias
2584 1710 2763 1765 nullas
2808 1713 3160 1778 contrahant,
3210 1715 3305 1769 sed
3345 1715 3497 1771 dein-

226 1806 375 1860 γατά
434 1804 593 1859 τοῦτο
656 1804 1089 1876 πλησιάζοντας,
1151 1807 1238 1861 ἴνα
1299 1804 1490 1878 ὥσπερ
1536 1806 1585 1858 οἰ
1646 1805 1803 1874 ἀγγε-

1920 1816 2049 1870 ceps
2071 1800 2183 1855 sint
2210 1802 2583 1871 corruptionis
2608 1811 2883 1872 expertes.
2924 1804 3085 1860 Addit
3113 1822 3265 1872 vero,
3295 1822 3359 1863 ea
3392 1823 3495 1864 nos

222 1897 308 1953 λοι
360 1900 418 1951 ἐν
461 1895 540 1968 τῷ
580 1896 813 1967 οὐρανῷ,
846 1895 988 1950 οὕτω
1037 1898 1130 1950 καὶ
1174 1899 1335 1969 ἡμεῖς
1381 1900 1439 1951 ἐν
1492 1896 1571 1967 τῷ
1623 1914 1806 1968 παρα-

217 1989 408 2060 δείσῳ,
442 1990 578 2060 μήτε
624 1988 824 2059 γάμοις
870 1988 903 2060 ἥ
958 1989 1259 2053 εἰλαπίναις
1306 1989 1386 2042 ἔτι
1434 1989 1802 2061 σχολάζοντες,

216 2082 362 2135 ἀλλά
410 2082 505 2135 τοῦ
554 2081 771 2153 βλέπειν
820 2082 895 2153 (1)
941 2084 1032 2137 τὸν
1063 2082 1215 2146 Θεὸν,
1246 2083 1341 2137 καὶ
1388 2086 1651 2155 γεωργεῖν
1706 2082 1803 2154 τὴν

214 2173 389 2248 ζωὴν,
421 2175 847 2249 πρυτανεύοντος
888 2178 1018 2249 ἡμῖν
1061 2174 1156 2229 τοῦ
1190 2174 1445 2247 Χριστοῦ.
1483 2175 1556 2228 Οὐ
1589 2175 1699 2246 γὰρ
1725 2171 1803 2228 εῖ-

209 2283 345 2331 πεν,
369 2267 610 2321 ἔσονται
648 2267 909 2337 ἄγγελοι,
939 2267 1051 2321 ἀλλ’
1074 2268 1155 2332 ὡς
1194 2264 1432 2335 ἄγγελοι
1452 2306 1467 2328 ,
1502 2261 1613 2317 οἷον
1652 2264 1800 2333 δόξῃ

202 2361 334 2430 μὲν
372 2359 468 2411 καὶ
499 2356 656 2427 τιμῇ,
697 2357 839 2411 κατά
866 2358 926 2411 τὸ
954 2357 1361 2429 γεγραμμένον,
1384 2356 1798 2425 ἐστεφανωμέ-

206 2469 333 2513 νοι,
346 2448 548 2519 βραχὺ
565 2448 632 2502 δέ
654 2466 708 2501 τι
724 2449 882 2517 παρὰ
905 2449 1045 2515 τοὺς
1072 2448 1366 2519 ἀγγέλους
1385 2446 1797 2502 διαλλάσσον-

208 2561 336 2610 τες,
371 2543 466 2595 καὶ
490 2543 656 2610 ἐγγὺς
676 2541 828 2604 ὅντες
862 2540 955 2594 τοῦ
985 2536 1125 2593 εἶναι
1166 2540 1403 2609 ἄγγελοι.
1448 2539 1715 2612 Καθάπερ
1746 2542 1796 2594 εί

204 2636 422 2705 ἔλεγεν,
456 2633 620 2703 οὔσης
654 2633 910 2700 εὐταξίας
942 2632 1083 2686 κατά
1111 2634 1201 2686 τὸν
1237 2632 1396 2702 ἀέρα,
1431 2633 1524 2686 καὶ
1556 2632 1797 2702 γαλήνης

203 2729 431 2792 νυκτὸς,
453 2728 547 2781 καὶ
571 2726 787 2780 πάντων
808 2725 887 2797 τῷ
916 2728 1013 2798 τῆς
1036 2726 1266 2796 σελήνης
1292 2723 1518 2795 αἰθερίῳ
1542 2724 1680 2793 φωτὶ
1705 2742 1797 2777 κε-

203 2820 648 2891 κοσμημένων,ή
676 2819 869 2890 σελήνη
893 2819 1069 2888 φαίνει
1091 2818 1166 2881 ὡς
1190 2820 1219 2871 ὁ
1242 2817 1414 2887 ἥλιος.
1434 2817 1543 2871 Καὶ
1570 2817 1630 2870 οὺ
1654 2817 1794 2870 πάν-

202 2927 320 2971 τως
346 2908 414 2962 ἂν
448 2908 599 2980 ἥλιον
629 2905 766 2961 εἶναι
794 2909 893 2979 τὴν
924 2908 1152 2979 σελήνην
1187 2908 1595 2979 ἀπομαρτυρεῖν
1628 2907 1792 2962 αὑτὸν

200 2998 443 3069 λέγομεν
475 2999 539 3067 ((.
574 2997 873 3069 λέγοιμεν),
902 2997 1016 3051 ἀλλ’
1054 2998 1130 3061 ὡς
1158 2998 1326 3068 ἥλιον.
1354 2999 1564 3071 ’Ὠσπερ
1595 3000 1688 3053 καὶ⁸
1731 2999 1793 3053 τὸ

205 3090 290 3163 μὴ
318 3091 562 3164 ὑπάρχον
594 3091 813 3162 χρυσὸς,
845 3092 1012 3159 ἐγγὺς
1032 3090 1090 3144 δὲ
1117 3090 1210 3144 τοῦ
1241 3088 1379 3144 εἶναι
1405 3091 1604 3163 χρυσὸς
1626 3109 1794 3161 πεφυ-

1915 1900 2068 1962 parte
2125 1892 2333 1962 angelis
2380 1894 2699 1962 proximos;
2738 1902 2796 1949 ut
2832 1897 3288 1965 quemadmodum
3316 1900 3495 1971 angeli

1913 1985 1967 2038 in
1992 1985 2155 2045 00:10,
2184 1984 2262 2040 sic
2296 2000 2397 2039 nos
2432 1984 2484 2037 in
2512 1987 2768 2053 paradiso
2791 2003 2968 2057 neque
2999 1990 3206 2059 nuptiis
3256 1991 3494 2059 amplius

1911 2091 2089 2145 neque
2110 2076 2377 2131 conviviis
2413 2076 2813 2147 indulgeamus,
2847 2079 2941 2134 sed
2973 2080 3029 2134 in
3069 2083 3493 2153 contemplanda

1910 2165 2022 2223 Deo
2044 2169 2454 2239 excolendaque
2502 2171 2611 2223 vita
2656 2171 2830 2226 simus
2877 2172 3153 2241 occupati,
3177 2174 3408 2243 praeside
3428 2190 3493 2231 ac

1908 2260 2251 2315 moderatore
2303 2262 2543 2317 Christo.
2576 2260 2711 2316 Nam
2767 2278 2875 2317 non
2919 2263 3078 2325 dixit,
3115 2276 3268 2319 erunt
3297 2269 3489 2336 angeli,

1908 2351 2025 2415 sed,
2062 2352 2199 2406 sicut
2230 2354 2424 2422 angeli.
2486 2353 2635 2408 velut
2688 2353 2946 2408 nimirum
2980 2355 3152 2425 gloria
3195 2366 3243 2410 et
3298 2358 3492 2413 honore

1906 2441 2166 2502 coronati,
2199 2449 2258 2495 ut
2282 2442 2544 2510 scriptum
2576 2447 2682 2508 est,
2727 2442 3005 2511 paululum
3064 2458 3183 2497 vero
3235 2444 3299 2497 ab
3324 2462 3487 2515 ange-

1907 2532 1977 2587 lis
2026 2532 2327 2602 diﬂ'erentes
2357 2535 2425 2596 “,
2480 2540 2644 2603 atque
2698 2533 2914 2588 illorum
2971 2543 3183 2588 natura:
3229 2537 3485 2605 proximi.

1904 2624 2074 2691 Quasi
2098 2627 2173 2680 ita
2208 2626 2448 2681 diceret:
2492 2627 2789 2696 tranquillo
2828 2642 2923 2696 per
2957 2636 3171 2682 noctem
3199 2644 3263 2681 ac
3293 2645 3490 2685 sereno

1902 2732 2048 2782 aere,
2073 2712 2198 2772 cum
2253 2718 2465 2773 cmlesti
2498 2718 2619 2773 lucc
2666 2719 2807 2773 luna:
2830 2719 3012 2773 omnia
3051 2720 3483 2787 collustrantur,

1902 2808 2030 2865 luna
2060 2810 2200 2864 sicut
2228 2811 2309 2864 sol
2333 2809 2602 2880 splendet.
2635 2810 2773 2863 Tum
2808 2811 2977 2873 enim,
3008 2828 3115 2866 non
3146 2813 3371 2868 omnino
3398 2830 3492 2870 so-

1901 2904 2007 2959 lem
2032 2919 2155 2959 esse
2204 2904 2388 2961 lunam
2441 2920 2507 2959 ex
2552 2905 2701 2961 illius
2729 2905 3045 2961 testimonio
3080 2907 3486 2977 colligeremus,

1901 2996 1998 3053 sed
2048 2997 2116 3051 ad
2175 2998 2346 3052 solem
2393 2997 2674 3052 accedere.
2721 2996 2877 3052 Sicut
2906 2999 3070 3054 etiam
3103 2999 3248 3070 quod
3292 3016 3489 3056 aurum

1900 3105 2011 3144 non
2041 3098 2145 3154 est,
2174 3104 2310 3142 auro
2346 3098 2528 3143 tamen
2582 3098 2782 3143 natura
2829 3105 2928 3146 sua
2962 3093 3326 3163 pr0pinquius
3366 3102 3485 3160 est,

200 3159 325 3248 κὸς,
358 3159 664 3255 ὼς-γρυσός
690 3183 931 3253 λέγεται,
954 3183 1050 3237 καὶ
1076 3184 1135 3237 οὐ
1160 3184 1358 3256 χρυσός
1498 3184 1554 3237 δὲ
1576 3180 1645 3256 ἦν
1664 3159 1798 3256 χρυ-

1908 3179 2053 3233 vclut
2089 3194 2282 3233 aurum
2315 3178 2540 3243 dicitur,
2563 3196 2673 3234 non
2699 3196 2892 3235 aurum
2919 3200 2932 3235 :
2959 3198 3082 3236 nam
3119 3184 3165 3238 si
3195 3194 3342 3239 esset
3387 3199 3489 3239 au-

201 3276 323 3340 σδς,
354 3277 457 3330 οὐκ
507 3275 722 3347 ἐλέγετο
770 3274 837 3330 ἂν
874 3274 948 3340 ὡς
983 3275 1204 3347 χρυσὸς,
1234 3274 1369 3328 ἀλλά
1398 3275 1624 3348 χρυσός.
1642 3275 1796 3329 Ἐπεὶ

197 3368 262 3423 δὲ
287 3370 363 3440 μὴ
387 3369 502 3422 ἐστι
517 3370 736 3441 χρυσὸς,
762 3368 898 3424 ἀλλά
928 3369 1023 3423 τοῦ
1060 3365 1199 3422 εἶναι
1217 3368 1290 3439 (‘2)
1306 3370 1523 3441 χρυσὸς,
1547 3371 1641 3423 καὶ
1659 3387 1796 3440 φαν-

196 3459 466 3525 τάζεσθαι
491 3461 582 3514 τὸν
606 3459 828 3533 χρυσὸν,
850 3460 926 3525 ὡς
944 3459 1148 3533 χρυσὸς
1175 3460 1418 3528 λέγεται·
1444 3460 1585 3513 οὕτω
1607 3462 1698 3514 καὶ
1720 3461 1797 3525 ὡς

198 3553 473 3623 ἀγγέλους
508 3553 726 3608 ἔσεσθαι
754 3552 1003 3623 λέγοντος
1031 3555 1159 3618 τοὺς
1187 3553 1372 3622 ἁγίους
1393 3555 1451 3607 ἐν
1472 3556 1536 3623 τῇ
1559 3553 1797 3606 ἀναστά-

201 3664 307 3708 σει,
341 3647 443 3700 οὑκ
491 3646 621 3699 αὐτὸ
650 3646 811 3700 τοῦτο
851 3646 1117 3716 ἀγγέλους
1156 3645 1320 3701 αὑτὸν
1363 3645 1795 3714 ἐπαγγέλλεσθαι

197 3734 476 3806 ἀκούομεν
497 3736 623 3799 τοὺς
644 3736 833 3805 ἁγίους
866 3738 923 3789 ὲν
951 3739 1017 3808 τῇ
1047 3736 1339 3790 ἀναστάσει
1367 3735 1613 3800 ἔσεσθαι,
1659 3735 1795 3790 ἀλλά

198 3829 368 3897 ἐγγὺς
393 3826 490 3880 τοῦ
530 3823 669 3881 εἶναι
698 3828 984 3897 ἀγγέλους.
1018 3829 1178 3883 Ὥστε
1211 3827 1549 3897 ἀλογώτατον
1582 3829 1791 3898 λέγειν’

212 3918 433 3991 Ἐπιδὴ
456 3922 485 3973 ὁ
503 3920 738 3992 Χριστὸς
778 3921 1095 3992 ἀπεφήνατο
1112 3923 1239 3986 τοὺς
1258 3921 1444 3991 ἁγίους
1465 3921 1693 3993 ὀφθῆναι
1721 3921 1797 3985 ὡς

198 4011 472 4081 ἀγγέλους
496 4013 555 4065 ἐν
582 4014 649 4083 τῇ
682 4012 995 4076 ἀναστάσει,
1018 4013 1088 4067 τὰ
1114 4012 1343 4085 σώματα
1369 4013 1458 4066 διὰ
1480 4014 1641 4069 τοῦτο
1666 4011 1796 4067 ταῦ-

196 4123 269 4159 τα
300 4105 373 4177 μὴ
403 4106 749 4161 ἁνίστασθαι’
797 4107 974 4160 καίτοι
1003 4107 1103 4177 τῆς
1133 4106 1328 4171 λέξεως
1360 4108 1529 4179 αὐτὴν
1560 4108 1658 4179 τὴν
1687 4124 1796 4161 πα-

1898 3284 2044 3334 rum,
2081 3286 2188 3324 non
2241 3277 2504 3341 tanquam
2546 3286 2766 3336 aurum,
2801 3274 2899 3328 sed
2950 3288 3146 3328 aurum
3181 3275 3290 3329 dici
3319 3291 3486 3346 opor-

1900 3369 2055 3416 teret.
2092 3362 2230 3428 Quia
2264 3378 2395 3417 vero
2428 3378 2624 3417 aurum
2678 3380 2786 3418 non
2812 3371 2898 3420 est
2922 3405 2938 3430 ,
2982 3363 3079 3419 sed
3112 3381 3249 3421 auro
3297 3367 3485 3436 proxi-

1898 3470 2071 3520 mum,
2100 3463 2153 3510 et
2182 3463 2241 3509 ut
2265 3456 2563 3510 mentiatur
2594 3457 2835 3526 speciem
2892 3458 3032 3519 auri,
3083 3458 3231 3513 sicut
3289 3474 3486 3515 aurum

1898 3550 2099 3605 dicitur
2132 3551 2358 3606 :eodem
2391 3552 2549 3621 plane
2576 3552 2759 3619 modo,
2789 3552 2935 3623 quod
2968 3553 3024 3607 in
3054 3556 3483 3619 resurrectione,

1899 3642 2021 3697 fore
2045 3650 2266 3698 sanctos
2325 3643 2470 3697 sicut
2520 3644 2742 3713 angelos
2792 3645 3186 3713 pronuntiavit,
3233 3663 3339 3701 non
3405 3648 3488 3703 sic

1899 3733 2274 3805 accipiendum
2306 3742 2415 3797 est,
2458 3742 2517 3789 ut
2537 3750 2631 3791 cos
2681 3736 2904 3806 angelos
2948 3734 3063 3791 fore
3104 3739 3352 3801 voluerit,
3388 3739 3487 3795 sed

1898 3842 2086 3881 eorum
2120 3833 2331 3881 tantum
2382 3826 2687 3883 conditioni
2719 3828 3081 3898 propinquos.
3117 3828 3483 3895 Quamobrem

1901 3921 2288 3975 stultissimum
2313 3929 2397 3974 est
2447 3920 2524 3974 ita
2578 3922 2834 3991 colligere
2865 3938 2879 3972 :
2910 3922 3179 3988 Quoniam
3230 3922 3486 3980 Christus

1900 4021 2121 4069 sanctos
2143 4014 2196 4068 in
2234 4014 2642 4070 resurrectione
2673 4022 2930 4085 tanquam
2963 4016 3187 4087 angelos
3216 4016 3394 4072 visum
3418 4018 3487 4072 iri

1898 4106 2289 4176 pronuntiavit,
2327 4104 2536 4160 idcirco
2570 4104 2686 4161 fore
2727 4116 3037 4178 utcorpora
3078 4108 3193 4163 htcc
3252 4125 3364 4163 non
3395 4123 3488 4164 rc-

1899 4197 2260 4262 surrcxerint,
2314 4198 2618 4267 praesertim
2649 4215 2775 4253 cum
2826 4215 2930 4253 vox
2963 4200 3101 4269 ipsa,
3134 4200 3284 4255 velut
3309 4200 3479 4255 colla-

1899 4289 2046 4345 tione
2081 4289 2181 4361 (4),
2214 4290 2335 4357 ejus
2386 4290 2532 4360 quod
2564 4292 2853 4361 contingit,
2890 4292 3158 4346 rationem
3195 4293 3485 4362 perspicue

200 4196 442 4268 ράδειξιν
468 4196 739 4269 δηλούσης
769 4198 957 4268 σαφῶς
981 4198 1075 4251 τοῦ
1103 4199 1512 4270 συμϐαίνοντος.
1532 4201 1793 4254 Ἀνάστα·

199 4308 287 4355 σις
318 4292 430 4364 γάρ
462 4291 566 4346 οὐκ
594 4292 685 4345 ἐπὶ
705 4289 800 4345 τοῦ
830 4293 904 4363 μὴ
939 4292 1311 4357 πεπτωκότος,
1337 4293 1452 4345 ἀλλ’
1476 4294 1568 4346 ἐπὶ
1592 4294 1685 4346 τοῦ
1708 4311 1798 4346 πε-

196 4384 482 4447 πτωκότος
527 4383 766 4451 λέγεται,
818 4384 911 4437 καὶ
954 4383 1556 4456 ἀνισταμένουπῶσπερ
1593 4385 1796 4438 ὑπάταν

1908 4383 2170 4437 ostendat.
2205 4381 2340 4436 Nam
2371 4384 2705 4439 resurrectio
2751 4400 2861 4439 non
2902 4384 2969 4438 de
2995 4399 3061 4437 co
3096 4383 3300 4438 dicitur
3338 4383 3484 4454 quod

198 4473 349 4542 λέγει
382 4477 481 4529 καὶ
512 4477 541 4529 ὁ
580 4478 865 4548 προφήτης
884 4493 898 4507 ·
936 4477 1045 4531 Kal
1073 4476 1400 4543 ἀναστήσω
1422 4477 1535 4546 τὴν
1553 4478 1797 4547 σκηνὴν

1908 4490 2180 4544 nunquam
2208 4476 2405 4530 cecidit
2430 4494 2445 4543 ;
2470 4476 2562 4532 sed
2582 4475 2648 4530 de
2678 4491 2744 4530 eo
2771 4475 2916 4545 quod
2946 4477 3165 4537 cecidit.
3196 4485 3251 4531 et
3286 4478 3485 4531 iterum

199 4566 385 4620 Δαϐὶδ
422 4565 542 4635 τὴν
585 4567 1203 4622 πεπτωκυῖαν.Ἔπεσε
1234 4569 1291 4623 δὲ
1325 4568 1605 4623 ὀκλάσασα
1632 4572 1664 4641 ἡ
1699 4588 1790 4624 πο·

1908 4568 2166 4638 assurgit.
2214 4565 2377 4623 Velut
2412 4584 2538 4623 cum
2597 4567 2865 4639 propheta
2900 4566 3035 4621 dicit
3068 4587 3081 4622 :
3118 4567 3184 4621 Et
3216 4567 3484 4622 suscitabo

196 4657 338 4728 θητὴ
372 4658 547 4730 σκηνὴ
579 4659 677 4730 τῆς
704 4659 884 4730 ψυχῆς
912 4662 999 4726 εις
1026 4660 1143 4730 γῆν
1175 4658 1462 4729 χώματος.
1486 4661 1559 4714 οὐ
1593 4660 1702 4733 γὰρ
1729 4661 1791 4715 τὸ

1908 4657 2298 4713 tabernaculum
2344 4658 2510 4713 David
2531 4658 2670 4731 quod
2693 4658 2956 4713 ceciderat
2988 4658 3054 4713 ’⁷.
3087 4657 3296 4713 Cecidit
3321 4674 3486 4729 porro

199 4752 276 4822 μὴ
307 4749 565 4820 θνῆσκον,
604 4749 740 4805 ἀλλὰ
766 4752 825 4805 τὸ
854 4751 1089 4823 θνῆσκον
1118 4753 1375 4807 κλίνεται.
1404 4751 1640 4823 Θνήσκει
1667 4753 1725 4806 δὲ
1754 4756 1787 4825 ή

1908 4752 2266 4807 desideratum
2320 4752 2452 4808 illud
2491 4752 2900 4808 tabernaculum
2933 4752 3237 4821 collapsum
3286 4752 3340 4805 in
3380 4760 3485 4805 ter-

198 4841 367 4913 σάρξ·
403 4841 554 4914 ψυχὴ
592 4842 650 4894 δὲ
684 4843 760 4915 (5)
792 4842 1081 4908 ἀθάνατος.
1114 4845 1225 4898 Καὶ
1254 4845 1453 4909 τοίνυν,
1486 4846 1536 4898 εί
1574 4847 1607 4916 ή
1640 4844 1786 4918 ψυχὴ

1908 4862 2014 4898 ram
2046 4846 2250 4915 aggeris
2281 4846 2348 4899 ’⁸.
2391 4843 2512 4900 Νοιι
2556 4847 2700 4900 cnim
2732 4843 2879 4913 quod
2930 4860 3041 4898 non
3101 4847 3353 4905 moritur,
3387 4844 3484 4898 sed

193 4932 489 4998 ἀθάνατος,
528 4933 688 5004 σῶμα
722 4933 779 4987 δέ
816 4934 846 4986 ὁ
883 4934 1097 5008 νεκρὸς,
1127 4937 1176 4989 οἱ
1205 4936 1457 5005 λέγοντες
1491 4937 1787 4993 ἀνάστασιν

1908 4937 2045 5008 quod
2067 4939 2320 5003 moritur,
2350 4938 2618 4993 inclinare
2644 4937 2864 4992 dicitur.
2912 4936 2982 4989 At
3037 4936 3270 4990 moritur
3296 4948 3427 4988 caro
3464 4950 3479 4985 ι

199 5023 301 5094 μὲν
331 5021 494 5091 εἶναι,
526 5025 730 5098 σαρκὸς
755 5026 811 5080 δὲ
848 5026 922 5099 μὴ
946 5024 1105 5093 εἶναι,
1142 5029 1427 5101 ἀρνοῦνται
1460 5030 1786 5086 ἀνάστασιν·

1908 5031 2083 5085 anima
2113 5031 2317 5101 quippe
2341 5030 2684 5085 immortalis.
2715 5028 3062 5099 Quapropter
3084 5029 3128 5083 si
3155 5026 3483 5083 immortalis

194 5114 279 5167 ὅτι
312 5116 390 5188 μὴ
424 5117 486 5171 τὺ
513 5116 702 5184 ἐστὺς,
740 5117 878 5173 ἀλλά
915 5117 977 5172 τὸ
1023 5120 1310 5185 πεπτωκὸς
1333 5128 1429 5180 καὶ
1449 5126 1626 5180 κλιθέν
1644 5125 1790 5179 διαν-

1908 5128 1991 5177 est
2020 5121 2224 5183 anima,
2255 5134 2455 5191 corpus
2484 5137 2613 5176 vero
2637 5119 2872 5173 cadaver
2906 5125 2991 5173 est
3016 5135 3031 5185 ;
3054 5117 3148 5188 qui
3182 5117 3257 5171 ita
3294 5130 3483 5171 resur-

260 5299 313 5336 ²³
347 5298 546 5358 Matth.
568 5316 712 5369 nu,
741 5301 834 5360 23.
900 5302 948 5335 ³⁸
977 5301 1122 5358 Ibid.
1190 5305 1236 5339 ⁸⁸
1267 5304 1420 5361 Psal.
1455 5322 1579 5371 vm,
1616 5303 1670 5359 6.
1742 5304 1785 5336 "

1908 5320 1981 5359 tos
2017 5319 2094 5370 Ix,
2130 5304 2215 5359 Η.
2284 5304 2331 5336 ³⁸
2369 5302 2510 5357 Dan.
2546 5316 2647 5362 xu,
2672 5299 2730 5353 2.

267 5476 385 5549 (99)
413 5479 512 5553 Διὸ
544 5481 743 5553 extat.
769 5481 844 5538 Ex
870 5481 1064 5553 Epipb.
1102 5488 1261 5551 ham,
1288 5500 1343 5540 ιι.
1376 5484 1463 5541 55.

1963 5484 2039 5553 (4)
2077 5481 2232 5538 Velut
2263 5480 2565 5544 collatione,
2585 5489 2694 5553 etc.
2721 5478 2886 5553 Edi‘ti.
2926 5479 3144 5551 πρᾶξιν.
3180 5480 3249 5553 At
3291 5481 3480 5537 πασά-

299 5555 352 5625 gi
381 5551 492 5625 Τοῦ
507 5553 618 5625 βλ.
657 5550 1030 5625 Ροηετῷξβλ.
1114 5624 1117 5625 ν
1148 5624 1152 5625 ί
1247 5550 1252 5551 ν
1572 5624 1575 5625 ,
1698 5624 1705 5625 ,

1908 5550 2075 5623 ῖειξιλι,
2107 5569 2207 5608 vox
2241 5555 2546 5623 aptissima.
2585 5550 2777 5625 Posset
2809 5551 2955 5625 forte
2971 5550 3079 5607 uno
3102 5552 3478 5625 verboreddi,

295 5622 584 5695 erum
626 5623 734 5679 τοῦ
767 5621 1049 5681 εἷν.Ῥοει
1075 5624 1214 5681 ἀλλά
1258 5626 1410 5683 deest
1447 5624 1633 5695 ἐγγύς.
1687 5624 1780 5682 Sic

1908 5621 2316 5681 :onientioneni:
2370 5625 2644 5695 quomodo
2668 5621 2754 5682 τὸ,
2781 5621 3203 5695 παραδεικνύειν
3236 5622 3478 5678 dicimus

196 5695 350 5749 enim
369 5692 601 5761 legimus
605 5696 787 5818 apaqu
818 5703 961 5766 post.
1491 5692 1535 5695 ’⁷
1886 5695 2195 5752 contendere
2244 5712 2341 5752 seu
2388 5692 2463 5749 ea:
2538 5693 2758 5749 advrrso
2804 5692 3043 5765 conferre
3086 5702 3136 5748 et
3190 5702 3478 5748 contraco-

286 5763 364 5818 ιδ)
409 5763 581 5818 Ψυκὴ
642 5766 691 5818 ἐ.
721 5765 885 5818 Editi.
920 5765 1067 5818 ὡυνῆ
1093 5766 1220 5818 ἰ’άο.
1889 5784 2028 5818 uere.

286 5763 364 5833 ιδ)
409 5763 581 5833 Ψυχὴ
605 5763 691 5820 δέ.
721 5763 885 5832 Editi,
920 5765 1067 5839 ψυχὴ
1093 5766 1220 5839 γάρ.

1908 5784 2028 5822 tere.
