3864 6162
379 298 492 357 283

1369 297 1431 356 Β.
1471 294 1807 358 ΜΕΤΗΟΒΠ
1846 294 2159 352 EPISCOPI
2200 292 2287 348 ΕΤ
2330 276 2687 346 ΜΑΒΤΫΒΙΞ

3526 278 3638 335 εει

382 422 679 480 rectionem
704 436 831 478 esse
856 419 1209 483 confitentur.
1235 426 1297 479 ut
1324 435 1445 477 eam
1472 420 1609 475 nihil
1636 418 1701 474 ad
1737 432 1958 473 carnem

2065 420 2273 472 ίσταται
2294 457 2310 482 ,
2356 411 2500 467 κατὰ
2523 411 2584 466 τὸ
2612 402 3024 480 γεγραμμένον
3055 402 3153 471 Μὴ
3182 403 3217 456 ό
3247 400 3483 455 πίπτων
3523 399 3639 451 οὐκ

381 514 654 584 pertinere
704 520 913 584 putent,
947 515 1409 569 resurrectionem
1453 512 1674 583 penitus
1730 517 1949 581 negant.

2060 509 2394 569 ἀνίσταται,
2442 503 2482 573 ἣ
2510 505 2542 556 ό
2568 497 2962 567 ἀποστρέφων
2984 497 3095 551 οὐκ
3120 490 3514 560 ἀναστρέφει;

381 581 831 680 Quandoquidem
876 622 986 663 non
1050 607 1185 662 illud
1214 606 1364 677 quod
1419 581 1549 670 stat,
1590 603 1689 685 sed
1745 603 1891 673 quod
1939 602 2137 657 cecidit
2197 611 2250 655 et
2301 596 2620 658 inclinavit,
2677 605 2976 662 exsurgere
3027 588 3227 643 dicitur
3254 581 3638 648 et‘suscitari,

376 708 535 783 juxta
568 720 633 760 ac
665 704 928 775 scriptum
968 710 1055 765 est
1084 705 1130 737 ’⁸
1163 722 1177 759 :
1214 701 1469 774 Nunquid
1519 682 1627 773 quit
1652 701 1796 755 cadit
1829 716 1934 754 non
1967 697 2219 768 resurgit,
2254 704 2349 749 aut
2379 693 2468 764 qui
2495 691 2682 747 avertit
2717 704 2771 743 se
2794 703 2897 740 non
2934 682 3254 739 revertitur?

453 798 589 854 X111.
619 798 888 866 Quoniam
914 814 1043 855 caro
1074 799 1219 854 inter
1241 796 1479 853 confinia
1512 796 1887 868 corruptionis
1907 804 1962 850 et

381 891 841 963 incorruptionis,
879 905 943 945 ac
993 906 1097 947 nec
1142 892 1422 962 corruptio
1478 905 1580 946 nec
1618 888 1961 958 incorruptio

379 993 559 1041 creata
590 990 742 1051 erat;
798 982 943 1038 victa
995 997 1126 1039 vero
1155 989 1243 1038 est
1267 997 1299 1037 a
1324 980 1678 1051 corruptione
1736 985 1961 1050 propter

382 1076 713 1144 voluptatem
741 1113 758 1138 ,
784 1087 1100 1143 quanquam
1155 1081 1304 1128 esset
1360 1068 1789 1140 incorruptionis
1819 1081 1959 1137 opus

377 1175 433 1222 et
461 1164 781 1236 possessio:
813 1164 1022 1219 idcirco
1055 1162 1200 1219 facta
1229 1170 1315 1218 est
1340 1160 1674 1230 corruptioni
1697 1157 1955 1222 obnoxia,

382 1257 769 1327 inclinavitque
810 1256 867 1309 in
915 1265 1113 1310 terram
1166 1254 1369 1326 aggeris
1394 1253 1460 1309 ⁸ο.
1490 1252 1786 1323 Postquam
1827 1265 1958 1321 ergo

380 1350 524 1403 victa
550 1347 744 1404 fuisset
769 1362 800 1401 a
827 1347 1202 1418 corwptione,
1246 1346 1519 1416 mortique
1565 1354 1788 1417 propter
1820 1358 1959 1414 prae-

379 1442 767 1497 varicationem
788 1440 991 1495 tradita
1013 1481 1030 1505 ,
1066 1440 1244 1495 noluit
1266 1438 1412 1495 Deus
1440 1441 1614 1510 ipsam
1646 1455 1745 1494 ceu
1781 1439 1952 1494 haere-

379 1535 605 1590 ditatem
667 1534 1009 1605 corruptioni
1067 1534 1136 1589 ad
1166 1534 1454 1589 victoriam
1485 1532 1827 1603 relinquere;
1861 1529 1959 1587 sed

379 1644 602 1685 rursum
655 1627 799 1683 victa
837 1641 934 1697 per
965 1625 1427 1682 resurrectionem
1476 1631 1674 1689 morte,
1708 1624 1960 1678 incorru-

2130 793 2230 848 11".
2265 789 2482 860 Ἐπειδὴ
2533 786 2783 860 μεθόριος
2811 780 2910 854 (4⁸)
2940 780 3041 852 τῆς
3072 776 3381 849 ἀφθαρσίας
3418 774 3639 844 ἐγένετο

2060 884 2278 955 καὶτῆς
2331 881 2536 954 φθορᾶς
2564 882 2598 952 ἡ
2643 877 2799 950 σάρξ,
2839 876 2940 930 οὐκ
2969 869 3104 928 οὖσα
3146 869 3268 925 οὔτε
3302 867 3480 941 φθορά
3506 866 3639 920 οὔτε

2059 976 2336 1050 ἀφθαρσία
2355 1015 2369 1040 ,
2400 972 2674 1046 ἐκρατήθη
2701 969 2758 1023 δέ
2789 967 2877 1022 διὰ
2901 966 3000 1039 τὴν
3029 962 3219 1037 ἡδονὴν
3246 961 3354 1015 ὑπὸ
3380 961 3478 1032 τῆς
3506 958 3640 1029 φθο-

2062 1072 2182 1143 ρᾶς,
2226 1068 2438 1139 ποίημα
2471 1065 2570 1135 τῆς
2592 1061 2897 1135 ἀφθαρσίας
2923 1059 3017 1113 καὶ
3061 1057 3248 1129 κτῆμα
3280 1055 3638 1143 ὑπάρχουσαο

2016 1190 2025 1199 -
2061 1140 2151 1218 διὰ
2187 1160 2347 1215 τοῦτο
2378 1158 2593 1227 ἐγένετο
2645 1153 2858 1227 φθαρτὴ
2901 1151 3000 1205 καὶ
3035 1151 3123 1216 εὶς
3149 1146 3267 1218 γῆν
3307 1143 3495 1215 ἐκλίθη
3524 1140 3642 1212 χώ-

2058 1272 2265 1326 ματος.
2295 1251 2406 1307 Καὶ
2429 1250 2551 1303 ἐπεὶ
2580 1243 2689 1302 οὖν.
2711 1243 2990 1317 ἐκρατήθη
3020 1241 3126 1294 ὑπὸ
3149 1240 3255 1309 τῆς
3279 1236 3505 1308 φθορᾶς,
3544 1232 3643 1287 καὶ

2065 1347 2281 1417 θανάτῳ
2329 1343 2418 1398 διά
2444 1341 2732 1415 παρακοὴν
2772 1335 3064 1410 παρεδόθη,
3112 1335 3189 1396 εἰς
3210 1334 3358 1394 νῖκος
3409 1326 3577 1398 αὐτὴν
3611 1328 3644 1379 ό

2063 1440 2195 1503 Θεὸς
2240 1441 2308 1510 τῇ
2342 1437 2518 1510 φθορᾷ
2559 1435 2815 1505 καθάπερ
2852 1426 3213 1501 κληρονομίαν
3233 1425 3293 1478 οὐ
3319 1422 3639 1480 κατέλιπεν⁹

2065 1533 2202 1591 ἀλλά
2231 1532 2413 1596 πάλιν,
2463 1530 2553 1584 διὰ
2583 1529 2681 1599 τῆς
2714 1524 3061 1588 ἀναστάσεως
3105 1520 3333 1591 νικήσας
3363 1516 3452 1569 τὸν
3479 1513 3645 1568 θάνα-

2063 1645 2177 1693 τον,
2219 1624 2503 1697 παρέδωκε
2535 1624 2602 1693 τῇ
2644 1618 2958 1689 ἀφθαρσίᾳ,
3020 1615 3107 1668 ἵνα
3153 1611 3229 1685 μὴ
3255 1606 3646 1681 κληρονομήσῃ

381 1721 555 1794 ptioni
586 1719 859 1784 reddidit,
896 1726 955 1774 ut
989 1735 1058 1775 ne
1106 1718 1392 1789 corruptio
1448 1716 1916 1787 incorruptionem
1941 1756 1957 1784 ,

2067 1723 2101 1793 ἡ
2135 1717 2310 1791 φθορά
2350 1715 2448 1787 τὴν
2494 1710 2822 1784 ἀφθαρσίαν,
2857 1708 2970 1763 ἀλλ’
3007 1709 3041 1777 ἡ
3070 1702 3345 1776 άφθαρσία
3379 1699 3451 1798 τὸ
3477 1698 3646 1798 φθαρῖ

384 1788 480 1866 sed
525 1809 697 1881 magis
751 1808 1113 1885 incorruptio,
1145 1788 1294 1879 quod
1343 1814 1426 1863 est
1477 1807 1850 1877 corruptibile,
1900 1806 1957 1861 in

2065 1788 2168 1867 τόν.
2213 1788 2678 1880 Ἐπαποκρίνεταιλ
2708 1801 2840 1873 γοῦν
2866 1804 2895 1855 ὁ
2917 1798 3235 1861 ’Λπόστολος
3259 1813 3272 1825 ·
3304 1792 3404 1848 Δεῖ
3435 1792 3542 1885 γὴρ
3571 1788 3645 1885 τό

332 1970 343 1980 ⁸
381 1902 752 1957 haereditatem
785 1901 1077 1969 acciperet.
1129 1899 1213 1955 Ad
1260 1900 1377 1955 haec
1431 1899 1615 1971 itaque
1666 1897 1960 1968 respondet

378 1992 720 2063 Apostolus:
760 1991 980 2062 Oportet
1032 1991 1171 2046 enim
1231 1989 1567 2059 corruptibile
1620 1989 1716 2043 hoc
1745 1987 1961 2043 induere

379 2084 846 2154 incorruptionem,
864 2092 913 2136 et
934 2082 1160 2136 mortale
1197 2083 1293 2136 hoc
1322 2081 1535 2135 induere
1584 2080 1962 2135 immortalita-

383 2186 487 2230 tem
517 2175 583 2229 η.
630 2173 1204 2246 Corruptibileautem
1243 2180 1298 2228 et
1321 2173 1550 2228 mortale
1602 2173 1707 2227 hoc
1737 2171 1962 2228 induere

379 2269 844 2324 immortalitatem
893 2276 948 2323 et
990 2267 1481 2338 incorruptionem,
1515 2266 1648 2337 quid
1684 2265 1835 2321 aliud
1866 2266 1960 2331 sit,

381 2375 544 2432 quam
577 2367 636 2414 ut
663 2358 802 2430 quod
848 2360 1140 2413 seminatur
1169 2360 1225 2414 in
1272 2359 1638 2428 corruptione,
1675 2366 1861 2428 surgat
1903 2358 1963 2412 in

379 2455 775 2523 incorruptione
808 2452 853 2485 ³³
894 2453 1026 2523 (non
1054 2453 1199 2508 enim
1240 2452 1421 2506 anima
1465 2450 1841 2521 corruptibilis
1879 2457 1964 2504 est

380 2556 476 2602 aut
507 2547 788 2613 mortalis;
826 2544 1180 2614 corruptibile
1235 2559 1366 2600 vero
1393 2551 1447 2598 et
1472 2542 1618 2614 quod
1646 2540 1958 2611 corrumpi-

379 2647 493 2705 tur,
536 2639 641 2694 ista
669 2655 798 2694 caro
827 2637 973 2710 est)?
1007 2646 1065 2693 ut
1112 2639 1248 2691 sicut
1298 2637 1622 2705 portavimus
1680 2633 1962 2704 imaginem

383 2729 594 2795 terreni,
624 2737 889 2799 portemus
909 2737 957 2782 et
978 2728 1257 2798 imaginem
1288 2726 1508 2780 caelestis
1532 2725 1599 2779 ³³.
1622 2723 1758 2778 Nam
1786 2724 1965 2794 imago

380 2822 588 2877 terreni
610 2836 773 2892 quam
800 2821 1161 2891 portavimus,
1196 2819 1331 2874 illud
1370 2826 1455 2874 est
1488 2837 1501 2871 :
1533 2816 1696 2871 Terra
1720 2832 1795 2880 es,
1832 2825 1883 2870 et
1910 2816 1965 2869 in

386 2921 582 2966 terram
632 2913 906 2966 reverteris
932 2909 999 2964 ἰ.
1028 2910 1212 2980 Imago
1234 2917 1416 2963 autem
1464 2907 1707 2963 ccelestis
1761 2915 1845 2962 cst
1876 2921 1966 2961 re-

385 3003 657 3059 surrectio
686 3019 755 3058 ex
772 3002 1005 3058 mortuis
1029 3008 1084 3058 et
1104 3000 1448 3071 incorruptio
1481 3019 1495 3054 :
1536 2998 1605 3052 Ut
1635 3000 1772 3053 sicut
1807 2997 1964 3053 Chri-

2058 1902 2324 1976 φθαρτὸν
2371 1900 2548 1955 τοῦτο
2587 1896 2958 1951 ἐνδύσασθαι
3003 1889 3349 1960 ἀφθαρσίαν
3368 1926 3386 1951 ,
3426 1883 3537 1976 ,καὶ

2061 1970 2285 2062 θνητὸν
2323 1989 2500 2046 τοῦτο
2523 1986 2895 2043 ἐνδύσασθαι
2927 1980 3284 2037 ἀθανασίαν.
3309 1973 3549 2048 Φθαρτδν
3582 1970 3646 2062 δέ

2063 2058 2170 2140 καὶ.
2184 2083 2381 2155 θνητὸν
2408 2079 2723 2151 ἐνδυόμενον
2747 2072 3047 2129 ἀθανασίαν
3076 2070 3129 2123 τί
3149 2069 3277 2124 ἄλλο
3298 2068 3364 2121 ἂν
3384 2063 3469 2135 εἴη
3490 2058 3648 2132 παρὰ

2060 2177 2129 2233 τὸ
2180 2176 2581 2244 σπειρόμενον
2641 2169 2712 2223 ἐν
2750 2164 2941 2238 φθορᾷ
2993 2162 3093 2218 καὶ
3134 2158 3535 2228 ἀνιστάμενον
3573 2155 3647 2209 ἐν

2061 2268 2364 2339 ἀφθαρσίᾳ
2415 2264 2517 2336 (ὅτι
2567 2262 2643 2334 μὴ
2693 2259 2907 2331 φθαρτή
2950 2258 3096 2310 ἐστιν
3136 2252 3171 2325 ἢ
3207 2250 3375 2322 θνητὴ
3418 2252 3454 2320 ἡ
3496 2246 3646 2320 ψυχὴ

2062 2360 2200 2418 ἀλλά
2231 2360 2294 2412 τὸ
2324 2355 2518 2429 θνητὸν
2540 2351 2701 2407 τοῦτο
2724 2351 2821 2405 καὶ
2853 2348 3206 2421 φθειρόμενον
3238 2340 3507 2415 σαρκίον);
3530 2342 3643 2404 ἵνα,

2063 2451 2257 2518 καθὼς
2288 2447 2664 2519 ἐφορέσαμεν
2699 2442 2817 2512 τὴν
2850 2441 3053 2496 εὶκόνα
3081 2436 3187 2492 τοῦ
3215 2433 3443 2505 χοϊκοῦ,
3475 2430 3651 2502 φορέ-

2063 2560 2264 2613 σωμεν
2300 2539 2399 2595 καὶ
2449 2539 2565 2609 τὴν
2608 2536 2814 2592 εἰκόνα
2855 2532 2965 2588 τοῦ
3000 2528 3381 2600 ἐπουρανίου.
3428 2526 3491 2580 Ἡ
3537 2523 3650 2597 γὰρ

2064 2635 2226 2690 εἰκὼν
2254 2634 2349 2688 τοῦ
2373 2631 2557 2705 χοϊκοῦ
2584 2630 2651 2701 ἢν
2697 2628 3059 2699 ἐφορέσαμεν,
3082 2623 3164 2688 τὸ,
3197 2619 3286 2689 Γῆ
3314 2617 3388 2684 εἷ,
3426 2617 3522 2671 καί
3559 2617 3651 2685 εὶς

2065 2727 2182 2798 γῆν
2204 2725 2542 2793 ἀπελεύσῃ,
2569 2721 2747 2775 ἐστίν·
2778 2720 2813 2791 ἡ
2844 2719 2916 2774 δὲ,
2941 2714 3104 2771 εἰκὼν
3133 2712 3227 2767 τοῦ
3259 2706 3578 2781 ἐπουρανίου
3610 2705 3649 2779 ἠ

2066 2820 2132 2872 ἐκ
2159 2816 2368 2889 νεκρῶν
2407 2817 2704 2877 ἀνάστασις
2732 2813 2827 2867 καὶ
2861 2814 2895 2883 ἡ
2926 2806 3232 2880 ἀφθαρσίαο
3267 2806 3384 2865 ἵνα,
3423 2803 3652 2867 ’Ὠσπερ

2065 2910 2285 2982 ἠγέρθη
2308 2912 2341 2963 ό
2366 2906 2624 2977 Χριστὸς
2662 2906 2760 2960 διὰ
2789 2903 2900 2972 τῆς
2919 2901 3106 2969 δόξης
3126 2896 3235 2952 τοῦ
3273 2892 3523 2963 Πατρός,
3548 2891 3652 2946 οὔ-

2071 3020 2181 3067 τως
2213 3002 2311 3056 καὶ
2335 2999 2506 3070 ἡμεῖς
2535 3000 2605 3053 ἐν
2632 2998 2935 3064 καινότητι
2956 2993 3104 3063 ζωῆς
3137 2987 3652 3059 περιπατήσωμεν.

383 3104 497 3150 stus
529 3096 761 3151 surrexit
786 3111 876 3165 per
899 3094 1125 3165 gloriam
1157 3093 1361 3157 Patris,
1394 3092 1473 3146 ita
1495 3100 1544 3146 et
1578 3107 1672 3145 nos
1710 3092 1767 3144 in
1818 3090 1960 3146 noui-

2071 3090 2136 3142 Εί
2165 3088 2222 3143 δέ
2246 3106 2328 3151 τις
2351 3088 2535 3141 εἰκόνα
2568 3085 2667 3158 μὲν
2715 3085 2905 3157 χοῖκὴν
2942 3082 3041 3154 τὴν
3068 3081 3249 3153 σάρκα
3280 3078 3451 3148 αὐτὴν
3487 3075 3658 3128 οἴοιτο

385 3196 497 3242 tate
534 3188 655 3242 vita:
676 3187 1005 3241 ambulemus
1040 3185 1104 3240 ³⁸.
1136 3183 1294 3252 Quod
1314 3184 1360 3240 si
1382 3185 1508 3255 quis
1535 3191 1809 3238 terrenam
1828 3181 1960 3235 ima-

2065 3177 2340 3249 λέγεσθαι,
2370 3178 2554 3233 εἰκόνα
2573 3178 2631 3230 δὲ.
2663 3174 2986 3248 ἐπουράνιον
3013 3172 3141 3228 ἄλλο
3168 3170 3319 3241 παρὰ
3339 3169 3438 3239 τὴν
3472 3166 3660 3239 σάρκα.

383 3280 586 3351 ginem,
650 3293 872 3334 carnem
928 3279 1090 3335 istam
1144 3276 1253 3332 dici
1304 3276 1616 3341 existimet,
1685 3274 1960 3329 caelestem

2067 3271 2226 3343 σῶμα
2258 3270 2624 3343 πνευματικόν
2645 3286 2659 3300 ·
2690 3265 3049 3339 ἐνθυμηθήτω
3086 3264 3151 3335 δὴ
3182 3257 3337 3325 οὗτος
3366 3259 3654 3335 πρότερον,

382 3384 516 3425 vero
549 3369 862 3449 imaginem,
892 3382 1094 3438 corpus
1143 3366 1292 3422 aliud
1347 3365 1595 3437 spiritale
1624 3372 1819 3435 praeter
1842 3378 1960 3417 car-

2066 3365 2148 3418 ᾶτι
2207 3363 2462 3437 Χριστὸς,
2494 3366 2523 3418 ό
2566 3363 2816 3433 οὐράνιος
2858 3358 3166 3431 ἅνθρωπος,
3202 3356 3264 3409 τὸ
3294 3354 3428 3408 αὐτὸ
3461 3352 3654 3423 σχῆμα

385 3476 510 3517 nem
540 3442 565 3526 ;’
580 3460 668 3515 hic
716 3459 873 3531 prius
904 3458 1126 3529 cogitet,
1184 3464 1246 3512 ut
1293 3457 1569 3520 Christus,
1604 3454 1847 3531 caelestis
1876 3452 1960 3507 iile

2066 3456 2176 3511 τῶν
2217 3455 2415 3527 μελῶν,
2479 3456 2574 3509 καὶ
2636 3454 2822 3509 εἰκόνα
2847 3452 2942 3505 καὶ⁹
2995 3450 3176 3521 σάρκα
3228 3446 3328 3518 τὴν
3374 3444 3543 3514 αὐτὴν
3582 3442 3656 3531 τῇ

384 3552 571 3617 homo,
608 3552 854 3608 eamdem
902 3550 1274 3606 membrorum
1327 3551 1580 3613 formam,
1612 3530 1960 3615 eamdemque

2068 3546 2315 3620 ἡμετέρᾳ
2353 3544 2588 3617 φορέσας
2646 3543 2821 3613 ἐφάνη
2845 3556 2859 3571 ⁸
2895 3540 2960 3593 δι’
2994 3539 3059 3610 ἢν
3093 3537 3207 3601 καὶ,
3236 3533 3520 3605 ἄνθρωπος
3550 3529 3661 3584 οὐκ

386 3646 679 3716 imaginem
720 3659 785 3699 ac
806 3659 1026 3699 carnem
1057 3643 1231 3699 nostri
1256 3642 1491 3697 similem
1520 3649 1745 3712 gestans
1767 3678 1782 3704 ,
1809 3637 1960 3693 visus

2066 3638 2166 3705 ὢν,
2196 3638 2483 3711 ἄνθρωπος
2516 3637 2766 3705 ἐγένετοο
2808 3633 2918 3695 ἵνα,
2952 3628 3214 3697 καθάπερ
3252 3627 3324 3682 ἐν
3349 3624 3429 3691 τῷ
3469 3621 3661 3716 Ἀδὰμ

388 3712 754 3808 εἱιξριόριετ
813 3752 977 3808 quam
1030 3736 1219 3802 etiam,
1264 3737 1381 3807 ipse
1414 3749 1523 3791 non
1559 3734 1746 3798 homo,
1804 3732 1960 3787 homo

2070 3731 2292 3798 πάντες
2318 3729 2837 3799 ἀποθνήσκουσιν,
2868 3725 3056 3789 οὕτως
3082 3721 3181 3775 καί
3211 3721 3281 3773 ἐν
3311 3717 3391 3783 τῷ
3419 3712 3659 3785 Χριστῷ

387 3828 569 3884 factus
592 3829 696 3883 sit:
724 3835 785 3884 ut
813 3830 949 3883 sicut
997 3828 1053 3882 in
1108 3826 1282 3881 Adam
1318 3842 1496 3880 omnes
1537 3825 1858 3888 moriuntur,
1891 3823 1960 3877 ita

2071 3823 2294 3889 πάντες
2324 3818 2895 3888 ζωοποιηθήσωνται.
2922 3816 2985 3869 Εἰ
3020 3815 3164 3885 γὰρ’,
3194 3810 3282 3865 διὰ
3309 3810 3369 3867 τὸ
3397 3808 3470 3879 μὴ
3505 3805 3667 3859 ἐλευ-

384 3927 437 3974 et
466 3919 523 3973 in
575 3916 789 3974 Christo
820 3934 997 3972 omnes
1030 3918 1357 3986 viviﬁcentur
1388 3915 1455 3968 ³⁸.
1487 3913 1609 3970 Non
1641 3915 1790 3970 enim
1845 3911 1960 3969 ideo

2072 3915 2312 3989 θερῶσαι
2337 3914 2437 3985 τὴν
2463 3913 2640 3984 σάρκα
2666 3911 2761 3965 καὶ
2792 3909 3117 3979 ἀναστῆσαι,
3155 3904 3335 3977 σάρκα
3370 3902 3657 3972 ἐφόρεσεν,

389 4025 610 4065 carnem
641 4010 875 4080 portavit
904 4017 961 4065 et
989 4008 1186 4075 induit,
1208 4015 1267 4063 ut
1288 4023 1397 4064 non
1423 4007 1684 4062 liberaret
1736 4013 1792 4061 et
1821 4020 1960 4061 resu-

2070 4008 2125 4061 τί
2148 3988 2245 4063 καὶ
2273 4005 2548 4078 περισσῶς
2579 4003 2759 4076 σάρκα
2802 4000 3008 4072 ἐφόρει,
3040 4000 3107 4070 ἣν
3135 3995 3261 4050 οὔτε
3307 3993 3498 4057 σῶσαι,
3530 3988 3664 4045 οὔτε

388 4101 616 4156 scitarct
637 4115 877 4155 carnem.
902 4098 1036 4155 Nam
1057 4099 1187 4169 quid
1209 4099 1415 4155 frustra
1445 4113 1667 4154 carnem
1686 4095 1960 4161 induebat,

2073 4099 2380 4169 ἀναστῆσαι
2434 4095 2753 4168 προῄρητο;
2793 4094 2929 4147 Ἀλλ’
2969 4091 3121 4146 οὐδὲν
3165 4087 3439 4162 περισσῶς
3468 4086 3667 4141 ποιεῖ,ὁ

387 4209 552 4265 quam
585 4211 684 4249 nec
706 4194 912 4249 salvam
946 4192 1125 4249 facere
1154 4192 1440 4249 statuisset
1465 4206 1564 4247 nec
1599 4190 1960 4246 resuscitarei

2075 4189 2206 4254 Υἱὸς
2231 4188 2326 4242 τοῦ
2354 4185 2511 4241 Θεοῦ.
2557 4186 2672 4238 Οὐκ
2712 4184 2820 4256 ἄρα
2849 4181 3140 4251 ἀνωφελῶς
3180 4178 3276 4249 τὴν
3320 4175 3532 4265 μορφὴν
3559 4171 3664 4227 τοῦ

388 4264 459 4340 At
489 4286 626 4341 nihil
652 4284 743 4341 Dei
769 4284 943 4342 Filius
970 4284 1178 4342 frustra
1224 4286 1377 4342 facit.
1426 4284 1548 4341 Non
1574 4299 1706 4355 ergo
1734 4283 1960 4339 inaniter

2073 4279 2263 4333 δούλου
2279 4277 2562 4343 ἀνέλαϐεν,
2602 4274 2737 4329 ἀλλά
2757 4274 2891 4347 πρὸς
2916 4274 2977 4326 τὸ
3006 4270 3310 4340 ἀναστῆσαι
3344 4267 3436 4320 καὶ
3463 4264 3661 4319 σῶσαι.

390 4379 650 4449 nullaque
682 4378 915 4434 utilitate
951 4379 1096 4435 servi
1120 4378 1354 4434 formam
1399 4379 1722 4448 assumpsit,
1774 4376 1872 4433 sed
1913 4383 1960 4431 ut

2091 4371 2327 4444 Ἀληθῶς
2358 4371 2468 4441 γὰρ
2505 4366 2789 4440 ἄνθρωπος
2812 4365 3026 4434 ἐγένετο
3056 4362 3148 4416 καὶ
3172 4358 3433 4422 ἀπέθανε,
3481 4356 3576 4409 καὶ
3596 4355 3681 4411 οὐ.

386 4471 791 4526 resurrectione
807 4471 1039 4527 donaret
1066 4486 1132 4526 ac
1161 4473 1346 4527 salvos
1369 4470 1594 4526 faceret.
1628 4469 1769 4525 Vere
1796 4469 1960 4539 siqui-

2074 4465 2154 4536 τῷ
2204 4450 2402 4526 δοκεῖν,
2453 4461 2566 4515 ἀλλ’
2614 4461 2702 4514 ἵνα
2738 4457 2956 4530 ἀληθῶς
2992 4455 3362 4524 πρωτότοκος
3409 4451 3663 4520 ἀναφανῇ

387 4561 510 4617 dem
528 4562 691 4617 homo
718 4562 895 4618 factus
944 4569 1000 4619 et
1056 4570 1307 4618 mortuus
1344 4568 1467 4629 est,
1507 4577 1619 4617 non
1653 4559 1960 4631 apparentia

2076 4556 2197 4611 τῶν
2219 4554 2468 4623 νεκρῶν,
2500 4553 2591 4607 τὸν
2620 4550 2801 4623 χοῖκὸν
2821 4544 3138 4621 μεταϐαλὼν
3169 4545 3248 4607 εἰς
3271 4542 3541 4613 οὐράνιον,
3565 4539 3690 4595 καὶ,

387 4655 649 4725 inanique
706 4655 911 4726 specie,
974 4654 1070 4711 sed
1119 4661 1181 4710 ut
1231 4628 1497 4718 veritate,
1558 4628 1960 4725 primogenitum

2076 4649 2169 4702 τὸν
2200 4646 2393 4718 θνητὸν
2435 4646 2514 4709 είς
2545 4642 2832 4697 ἀθάνατον.
2879 4638 3108 4693 Ὀπόταν
3136 4631 3227 4689 οῦν
3255 4633 3453 4702 σάρκα
3473 4632 3501 4684 ὁ
3521 4628 3672 4726 Παῦ-

387 4758 721 4803 mortuorum
755 4749 823 4813 ³⁷,
876 4756 1096 4803 terreno
1124 4747 1344 4803 homine
1384 4746 1441 4801 in
1481 4746 1784 4812 caelestem,
1820 4759 1960 4801 mor-

2078 4744 2169 4802 λος
2213 4738 2312 4791 καὶ
2344 4731 2489 4805 αἷμα
2516 4732 2846 4799 βασιλείαν
2892 4727 3039 4783 Θεοῦ
3083 4724 3535 4795 κληρονομῆσαι
3570 4718 3667 4791 μὴ

389 4842 599 4914 talique
632 4842 685 4895 in
710 4840 1071 4896 immortalem
1091 4847 1323 4904 mutato,
1351 4854 1473 4895 sese
1495 4838 1796 4893 exhiberet.
1827 4836 1960 4893 Cum

2075 4832 2372 4888 δύνασθαι
2429 4826 2563 4899 λέγῃ
2583 4866 2598 4891 ,
2626 4826 2725 4896 οὐχ
2773 4824 2848 4888 ὡς
2877 4824 2942 4876 ἐκ
2973 4818 3185 4891 φαύλης
3226 4817 3434 4914 (5)17};
3460 4814 3669 4914 σαρκὸς

390 4907 526 5005 ergo
554 4934 631 4988 ait
655 4932 859 4988 Paulus
885 4933 966 4987 ³⁸2
1006 4930 1147 4989 Caro
1175 4941 1225 4986 et
1256 4931 1474 5001 sanguis
1498 4945 1711 5000 regnum
1741 4927 1840 4982 Dei
1862 4943 1960 4982 non

2074 4918 2624 4998 τὴν-παλιγγενεσίαν
2656 4915 3037 4986 ἀποφαίνεται,
3064 4910 3179 4966 ἀλλ’
3207 4911 3284 4973 ὠς
3308 4907 3569 4961 διδάσκων
3598 4907 3666 4959 οὐ

388 5035 611 5096 possunt
636 5026 925 5095 possidere,
957 5024 1241 5080 non.velut
1265 5022 1451 5078 carnis
1497 5020 1960 5091 regenerationem

2080 5012 2531 5088 κληρονομεῖσθαι
2556 5008 2829 5080 βασιλείαν
2859 5004 3017 5066 Θεοῦ,
3065 5001 3279 5056 αἰώνιον
3314 4998 3670 5070 ὑπάρχουσαν

395 5088 556 5187 neget
586 5088 661 5170 ita
687 5116 863 5181 eﬁ‘ert,
889 5088 987 5171 sed
1009 5130 1118 5186 quo
1150 5113 1367 5178 doceat,
1399 5126 1510 5167 non
1555 5088 1719 5182 posse
1741 5124 1960 5181 regnum

2079 5109 2246 5180 ζωὴν,
2308 5106 2414 5161 ὑπὸ
2464 5102 2560 5158 τοῦ
2613 5101 2881 5173 σώματος,
2922 5095 3061 5151 άλλά
3105 5094 3167 5148 τὸ
3219 5092 3380 5162 σῶμα
3424 5088 3670 5187 ὑπδλτῆξ

395 5207 514 5272 Dei,
541 5207 688 5278 quod
720 5208 792 5263 sit
810 5208 920 5263 vita
952 5214 1176 5272 aeterna,
1218 5203 1491 5276 possideri
1519 5218 1551 5258 a
1580 5217 1811 5273 corpore
1834 5241 1850 5266 ,
1875 5199 1960 5256 sed

2080 5175 2250 5270 ζωῆς.
2294 5197 2359 5250 Εἰ
2401 5193 2511 5266 γὰρ
2557 5190 2974 5262 ἐκληρονομείτο
3033 5188 3067 5258 ἡ
3110 5181 3352 5255 βασιλεία
3393 5177 3488 5233 τοῦ
3526 5175 3670 5231 Θεοῦ

395 5313 645 5369 corpusa
666 5298 798 5353 vita.
828 5296 886 5352 Si
919 5290 1065 5352 enim
1113 5312 1340 5368 regnum
1371 5295 1488 5361 Dei,
1516 5310 1642 5350 cum
1672 5295 1745 5349 sit
1775 5292 1910 5357 vita,
1941 5305 1960 5344 ε

2081 5292 2187 5345 ὑπὸ
2232 5287 2329 5343 τοῦ
2373 5286 2644 5358 σώματος,
2686 5281 2798 5353 ζωὴ
2847 5280 3190 5353 ὑπάρχουσα,
3243 5273 3553 5329 συνέϐαινεν
3596 5270 3669 5325 ἂν

395 5403 629 5462 corpore
682 5390 1091 5459 possideretur,
1140 5389 1387 5444 eveniret
1420 5388 1589 5443 vitam
1629 5384 1960 5443 absorberia

2079 5382 2178 5455 τὴν
2212 5381 2355 5451 ζωὴν
2401 5378 2508 5431 ὑπὸ
2564 5376 2665 5447 τῆς
2700 5374 2905 5445 φθορᾶς
2932 5367 3346 5425 καταπίνεσθαι.
3385 5362 3501 5419 Νῦν
3523 5360 3670 5418 sua

475 5535 521 5567 ’⁸
547 5532 743 5590 Jerem.
781 5549 904 5599 vm,
945 5536 998 5588 4.
1069 5534 1113 5566 ³⁰
1147 5533 1289 5588 Dan.
1313 5547 1413 5598 xu,
1436 5532 1492 5586 2.
1572 5533 1614 5563 ⁸¹
1648 5531 1664 5583 Ι
1697 5531 1821 5588 Cor.
1884 5544 1955 5585 xv

2065 5528 2125 5599 5._
2178 5527 2221 5559 ιι
2261 5523 2522 5599 tuapte.
2603 5519 2696 5572 ³ιι
2742 5519 2989 5582 συπιν,
3043 5514 3135 5571 49.
3207 5514 3253 5546 ³*
3286 5509 3417 5568 Gen.
3449 5525 3537 5577 ιιι,
3574 5509 3667 5567 ιο.

403 5603 449 5637 ³⁸
485 5603 636 5659 Rom.
673 5619 753 5668 vt,
786 5605 843 5659 4.
889 5595 1152 5659 ⁷³⁴⁵1ίὲοπ
1182 5620 1276 5669 ιν,
1310 5595 1411 5657 22.
1481 5603 1522 5635 ³⁷
1554 5603 1711 5671 Apoc.
1750 5618 1788 5669 ι,
1814 5601 1868 5656 5.

2084 5596 2214 5658 Cor.
2239 5613 2331 5661 xv,
2365 5595 2455 5650 50.

480 5743 581 5817 (ι’)
620 5743 853 5814 Ἐπειδὴ
875 5746 1005 5817 μεθ.
1039 5743 1117 5798 Ex
1139 5744 1239 5801 cod
1287 5741 1470 5816 Rttpif.

2155 5736 2235 5811 (5)
2277 5737 2378 5793 Ἐκ
2398 5734 2656 5806 φαύλης.
2695 5729 2871 5787 Scrib.
2908 5722 3249 5797 ἐκφαυλίζων
3278 5737 3349 5780 ει
3364 5718 3675 5776 Pbotianis.
