3864 6162
234 264 337 321 285

1277 258 1375 317 EX
1409 258 1616 316 LlBRO
1655 258 1745 313 DE
1784 257 2421 317 RESURRECTIONE.‘

3381 257 3490 315 286

233 379 515 453 θνῆσκονὴ
545 378 658 451 ζωὴ
685 377 1012 451 κληρονομεῖ
1030 394 1045 408 ο
1077 377 1164 432 ἵνα
1195 379 1284 444 εἰς
1312 377 1480 445 νῖκος
1507 380 1542 433 ὁ
1561 376 1815 443 θάνατος

1924 374 2287 446 corruptione.
2313 372 2471 429 Nune
2497 387 2631 429 vero
2681 354 2795 428 vita
2825 377 3097 427 mortuum
3125 371 3390 442 possidet,
3428 381 3490 425 ut

232 468 535 538 νωταποθῇ
550 471 670 523 ὑπὸ
689 467 801 537 τῆς
823 466 992 537 ζωῆς,
1026 468 1203 523 καὶτὸ
1220 467 1456 540 φθαρτὸν
1485 468 1586 539 τῆς
1606 468 1818 541 ἀφθαρ-

237 564 351 629 σίας
377 564 566 635 κτῆμα
594 562 687 615 καὶ
714 562 812 632 τῆς
840 559 1139 624 ἀθανασίας
1167 563 1331 632 φανῇ,
1360 560 1557 630 ἄφετον
1590 560 1690 632 μὲν
1720 561 1816 614 καὶ

236 653 519 725 ἐλεύθερον
570 650 800 705 θανάτου
848 650 1137 720 γενόμενον
1167 648 1262 703 καὶ
1297 647 1590 720 ἁμαρτιας,
1632 647 1823 702 δοῦλον

236 744 409 800 δὲκαὶ
462 745 705 816 ὑπήκοον
771 740 1104 806 ἀθανασίας*
1162 742 1310 806 ὅπως
1350 741 1449 812 τῆς
1510 739 1815 813 ἀφθαρσίας

235 839 319 907 εἴη
338 837 401 890 τὸ
422 836 583 907 σῶμα
606 835 816 907 κτῆμα,
852 834 947 889 καὶ
972 833 1047 906 μὴ
1066 832 1159 886 τοῦ
1183 831 1434 905 σώματος
1456 834 1490 906 ἡ
1515 831 1812 905 ἀφθαρσία.

304 1033 407 1086 IA'.
434 1030 499 1083 Ei
524 1030 588 1083 ὲκ
602 1027 860 1100 τοιαύτης
889 1026 965 1100 (6)
995 1027 1256 1096 σταγόνος
1290 1028 1549 1100 βραχείας
1576 1028 1672 1084 καὶ
1711 1046 1817 1101 μη-

233 1120 383 1176 δέπω
425 1120 592 1190 οῦσης
643 1119 702 1173 τὸ
756 1119 997 1182 σύνολον,
1054 1118 1190 1189 μηδὲ
1222 1119 1280 1171 ὲν
1318 1118 1556 1190 ὑγρασία
1590 1120 1813 1192 τοιαύτῃ

236 1217 331 1268 καὶ
353 1214 551 1282 συνοχῇ
579 1211 673 1264 καὶ
702 1209 924 1281 πυγμῷ,
955 1211 1020 1262 ὲκ
1037 1208 1132 1262 τοῦ
1169 1208 1392 1280 μηδενὸς
1411 1208 1696 1281 ἄνθρωπος
1725 1211 1815 1279 γί-

236 1320 406 1370 νεται,
450 1303 564 1366 πῶς
589 1302 710 1371 οὐχὶ
748 1299 946 1372 μᾶλλον
972 1301 1037 1351 ὲκ
1065 1298 1159 1351 τοῦ
1212 1298 1314 1369 ήδη
1351 1298 1693 1370 ὑπάρξαντος
1721 1300 1817 1354 ἀν-

236 1396 459 1470 θρώπου
491 1393 776 1466 ἄνθρωπος
818 1392 969 1445 ἔσται
999 1387 1154 1454 αὖθις
1177 1392 1207 1443 ὁ
1239 1388 1555 1461 ἄνθρωπος
1592 1392 1667 1444 Ού
1706 1391 1816 1463 γὰρ

233 1486 380 1541 οὕτω
407 1486 483 1557 (7)
520 1484 657 1556 μετά
669 1485 731 1537 τὸ
750 1484 849 1555 ἤδη
875 1481 1239 1553 γεγενημένον
1259 1482 1353 1534 καὶ¹
1384 1480 1632 1536 διαλυθὲν
1654 1484 1814 1554 ποιῆ-

236 1593 329 1632 σαι
352 1577 536 1637 πάλιν,
563 1576 639 1639 ὡς
672 1572 899 1646 μηδέπω
942 1570 1307 1643 γεγενημένον
1342 1571 1406 1625 ἐκ
1428 1570 1525 1624 τοῦ
1560 1571 1633 1643 μὴ
1663 1572 1817 1638 ὄντος

231 1670 665 1724 κατασκευάσαι.
726 1669 850 1724 Ἐἀν
887 1666 979 1724 οῦν
1007 1671 1352 1745 ὲθελήσωμεν
1400 1672 1569 1738 δεῖξαι
1594 1673 1693 1745 τὴν
1723 1689 1816 1742 γο-

231 1763 332 1835 νὴν
360 1762 461 1834 τὴν
488 1762 596 1816 ἀπὸ
619 1760 712 1814 τοῦ
738 1762 963 1835 ἄρρενος
991 1765 1449 1838 ἀποκρινομένην,
1479 1767 1814 1839 παραγάγω-

235 1868 342 1923 μεν
371 1846 604 1918 δὲ,ἀύτδ
624 1851 744 1905 καθ’
777 1853 959 1916 ἑαυτὸ,
982 1855 1078 1907 καὶ
1106 1853 1431 1926 τεθνηκότος
1457 1855 1640 1928 σῶμα·
1668 1860 1818 1911 ποῖον

232 1946 619 2019 πιστεύσουσιν
647 1946 782 2016 ἡμῖν
837 1945 888 1999 οἱ
927 1945 1141 2018 θεωροὶ,
1171 1949 1252 2012 εἰς
1278 1948 1338 2001 τὸ
1370 1949 1600 2021 φανερὸν
1628 1949 1819 2004 ἑκατέ-

234 2054 352 2108 ρων
382 2037 670 2109 κειμένων,
710 2036 928 2091 ἔσεσθαι
954 2038 1279 2112 ἄνθρωπον;
1310 2037 1420 2113 ἆρα
1450 2042 1550 2115 τὴν
1584 2043 1820 2113 σταγόνα

230 2128 455 2196 ἐκείνην
485 2131 586 2201 τὴν
610 2130 746 2194 ὅλως
762 2131 914 2184 οὐδὲν
941 2132 1314 2204 ὑπάρχουσαν,
1339 2134 1485 2207 ῆτὸν
1506 2135 1605 2208 ήδη
1633 2136 1820 2208 σχῆμα

229 2222 336 2272 καὶ
386 2221 617 2289 μέγεθος
664 2224 760 2276 καὶ
812 2224 1110 2279 ὑπόστασιν
1160 2224 1380 2296 έχοντα;
1428 2227 1490 2280 Ei
1512 2227 1621 2301 γὰρ
1646 2230 1820 2283 ἐκεῖνο

228 2310 297 2361 τὸ
348 2309 485 2374 ὅλως
521 2312 693 2377 οὐδὲν,
757 2314 917 2384 μόνον
965 2316 1318 2389 ἐθελήσαντος
1368 2317 1526 2380 Θεοῦ,
1567 2319 1727 2372 πάλιν
1759 2320 1820 2373 τὸ

228 2399 373 2453 αὐτὸ
397 2400 678 2472 ἄνθρωπος
718 2402 949 2472 γίνεται,
984 2405 1165 2476 πολλῷ
1196 2404 1396 2475 μᾶλλον
1422 2405 1482 2457 τὸ
1514 2406 1615 2477 ἤδη
1643 2407 1821 2479 ὑπάρ-

226 2509 333 2561 χον
368 2494 462 2545 καὶ
502 2493 945 2565 τετελειωμένον,
992 2495 1349 2567 ἐθελήσαντος
1385 2495 1480 2549 τοῦ
1541 2496 1699 2562 Θεοῦ,
1759 2496 1821 2551 τὸ

230 2584 372 2637 αὐτὸ
425 2584 585 2637 πάλιν
626 2585 910 2658 ἄνθρωπος
939 2586 1195 2656 γενέσθαι
1229 2587 1328 2660 (8).
1376 2589 1530 2643 Ἐπεὶ
1556 2590 1607 2643 τί
1639 2589 1822 2660 βουλό-

234 2693 402 2747 μενος
429 2676 500 2746 (9)
533 2677 562 2729 ὁ
584 2675 828 2746 θεολόγος
851 2679 1111 2750 Μωῦσῆς,
1140 2678 1237 2750 τὴν
1258 2680 1400 2734 κατά
1429 2680 1528 2751 τὴν
1555 2698 1825 2753 σκηνοπη-

229 2768 367 2835 γίαν
401 2767 587 2839 ἑορτὴν
630 2771 687 2823 ὲν
730 2767 809 2840 τῷ
832 2770 1103 2841 Λευῖτικῷ
1153 2770 1430 2841 μυστικῶς
1460 2772 1821 2843 είσηγήσατο;

231 2854 388 2929 τΑρα
407 2859 512 2930 γὰρ
546 2859 632 2913 ἵνα
677 2859 850 2926 οὕτως
896 2861 1243 2934 ἑορτάσωμεν
1279 2862 1357 2935 τῷ
1392 2862 1533 2934 Θεῷ,
1570 2863 1823 2935 καθάπερ

233 2948 562 3019 ἐξηγοῦνται
591 2950 930 3022 χυδαιότερον
953 2954 1003 3006 οἱ
1018 2953 1265 3007 Ἰουδαῖοι
1292 2954 1539 3019 νοοῦντες
1561 2954 1659 3020 τὰς
1688 2954 1824 3026 Γρα-

1916 483 2059 521 mors
2078 468 2137 520 in
2170 465 2445 521 victoriam
2478 463 2825 519 absorbeatur
2852 480 2884 517 a
2907 463 3016 517 vita
3068 462 3153 517 "z
3188 469 3356 533 utque
3386 461 3490 517 ob-

1915 559 2142 614 noxium
2184 556 2322 612 illud
2350 555 2710 627 corruptioni,
2744 553 3175 625 incorruptionis
3204 546 3488 609 immorta-

1913 647 2197 719 litatisque
2241 646 2521 718 possessio
2573 647 2700 700 ﬂat:
2734 645 3088 714 solutumque
3117 650 3173 699 et
3198 642 3429 697 liberum
3456 656 3489 697 a

1915 748 2091 796 morte
2120 746 2175 795 et
2204 742 2463 810 peccato,
2494 736 2892 793 immortalitati
2931 750 3151 791 servum
3182 733 3491 790 subditum-

1916 850 2023 906 que
2041 832 2347 889 concedat:
2388 838 2450 886 ut
2494 830 2567 887 sit
2612 845 2850 900 corpus,
2889 825 3320 899 incorruptionis
3363 839 3496 896 pos-

1916 926 2092 983 sessio
2116 942 2132 993 ;
2166 939 2277 980 non
2302 917 2666 993 incorruptio,
2700 919 2968 991 corporis.

1985 1037 2127 1093 XIV.
2176 1036 2316 1093 Cum
2339 1051 2404 1092 ex
2445 1044 2555 1090 tam
2608 1032 2825 1088 modica
2875 1030 3083 1088 stillula
3145 1044 3212 1085 ac
3254 1029 3491 1085 necdum

1915 1145 2145 1204 prorsus
2168 1129 2490 1190 exsistente,
2514 1140 2585 1180 ne
2605 1123 2826 1196 quidem
2865 1124 2920 1178 in
2951 1121 3222 1194 ejusmodi
3240 1121 3489 1187 humido,

1917 1223 2380 1292 arctitudineque,
2430 1234 2495 1273 ac
2539 1217 2808 1289 parvitate
2860 1215 3008 1288 (10);
3040 1216 3273 1286 denique
3300 1230 3381 1270 ex
3403 1214 3492 1269 ni—

1917 1315 2051 1378 hilo,
2089 1314 2253 1368 homo
2275 1311 2370 1366 ﬁat
2395 1327 2409 1366 :
2437 1309 2532 1380 qui
2562 1323 2670 1363 non
2701 1307 2882 1378 potius
2911 1322 2977 1362 ex
3000 1307 3219 1361 homine
3241 1305 3335 1376 qui
3362 1304 3488 1370 fuit,

1918 1404 2083 1459 fuerit
2110 1417 2307 1459 rursus
2356 1400 2762 1458 resurrectione
2814 1397 3020 1452 homo?
3064 1396 3241 1451 Minus
3290 1395 3492 1466 quippe

1916 1494 2133 1553 videtur
2160 1491 2397 1556 dimcile,
2427 1500 2489 1545 ut
2515 1489 2663 1561 quod
2697 1488 2801 1543 fuit
2828 1495 2884 1544 et
2919 1494 3003 1544 est
3024 1485 3371 1551 dissolutum,
3395 1485 3494 1540 de-

1917 1601 2030 1641 nuo
2062 1593 2424 1654 componatur
2442 1589 2496 1637 et
2525 1589 2841 1651 reparatum
2890 1578 3020 1642 ﬁat,
3051 1592 3214 1648 quam
3258 1584 3317 1631 ut
3343 1573 3494 1647 quod

1920 1677 2164 1734 nondum
2191 1675 2314 1741 fuit,
2332 1691 2398 1730 ex
2414 1675 2587 1729 nihilo
2605 1671 2848 1743 prodeat.
2876 1668 3075 1737 Quare,
3094 1669 3143 1724 si
3170 1668 3374 1731 lubeat,
3403 1682 3498 1722 ex-

1920 1778 2127 1826 cretam
2158 1782 2189 1821 a
2223 1766 2469 1822 masculo
2502 1763 2770 1831 feturam;
2826 1763 3003 1833 ipsam
3040 1760 3297 1814 nimirum
3340 1772 3494 1815 seor—

1919 1863 2057 1918 sim:
2090 1858 2442 1929 defunctique
2460 1856 2714 1920 cadaver,
2751 1854 2809 1909 in
2839 1853 3076 1910 medium
3100 1851 3491 1923 producamus.

1919 1953 2057 2009 Tum
2079 1968 2234 2023 rogo,
2274 1926 2540 2006 ambobus
2572 1949 2751 2020 palam
2783 1946 3050 2017 expositis
3065 1944 3493 2015 propositisque,
3542 1926 3553 1937 ’

1919 2044 2195 2113 quodnam
2220 2049 2557 2112 spectatores
2582 2039 2858 2096 hominem
2875 2038 2999 2093 ‘l‘ore
3030 2035 3294 2093 credituri
3325 2043 3454 2093 sunt
3470 2034 3500 2091 τ

1916 2148 2050 2188 num
2112 2132 2375 2186 stillulam
2420 2131 2603 2197 illam,
2655 2145 2777 2200 quae
2830 2130 2966 2185 nihil
3005 2143 3234 2200 prorsus
3266 2128 3372 2187 sit?
3422 2142 3497 2184 an

1919 2231 2197 2278 mortuum
2228 2220 2402 2290 ﬁgura
2429 2219 2542 2289 jam
2573 2220 2828 2289 moleque
2859 2227 2913 2275 et
2961 2219 3269 2275 substantia
3294 2216 3498 2288 praedio

1918 2315 2081 2371 tum?
2112 2313 2169 2370 Si
2202 2316 2348 2370 enim
2376 2313 2511 2368 illud
2539 2311 2686 2382 quod
2719 2313 2879 2383 plane
2924 2311 3064 2364 nihil
3085 2310 3351 2377 videatur,
3382 2308 3498 2365 Deo

1919 2415 2133 2462 tantum
2176 2406 2393 2461 volente
2436 2406 2616 2475 ipsum
2666 2403 2865 2457 iterum
2916 2402 3080 2457 homo
3123 2408 3492 2472 procreatur:

1920 2498 2278 2569 potiorijure,
2305 2496 2454 2567 quod
2500 2504 2586 2551 est
2634 2495 2748 2564 jam
2804 2502 2859 2550 et
2898 2493 3001 2549 fuit
3033 2503 3495 2559 consummatum,

1923 2590 2217 2645 accedente
2256 2590 2441 2644 divina
2466 2587 2768 2650 voluntate,
2823 2585 2877 2640 id
2912 2586 3089 2655 ipsum
3125 2584 3304 2639 denuo
3334 2582 3501 2640 homo

1923 2679 2034 2734 ﬁet.
2096 2677 2232 2733 Nam
2302 2678 2507 2747 alioqui
2540 2718 2555 2743 ,
2619 2675 2752 2747 quid
2803 2675 2996 2731 volens
3064 2675 3347 2746 theologus
3407 2672 3501 2730 illo

1923 2773 2159 2846 Moyses,
2196 2771 2396 2828 festum
2425 2767 2908 2826 tabernaculorum
2968 2767 3288 2838 spiritaliter
3328 2765 3502 2822 edixit

1925 2866 2213 2937 sanxitque
2255 2862 2668 2927 celebrandum,
2699 2861 2756 2915 in
2780 2858 3024 2915 Levitico
3051 2860 3133 2915 δοῖ
3165 2858 3304 2913 Num
3352 2857 3497 2913 enim

1923 2971 1987 3018 ut
2012 2963 2088 3017 ita
2114 2961 2285 3018 Deum
2317 2959 2456 3016 festo
2489 2959 2735 3014 colamus
2767 2997 2783 3023 ,
2818 2954 3279 3027 quemadmodum
3326 2950 3498 3008 Judaei

235 3042 383 3109 φάς;
418 3041 492 3104 ὡς
523 3041 617 3094 τοῦ
645 3042 779 3096 Θεοῦ
805 3047 1032 3116 σκηναῖς
1060 3045 1335 3109 τοιαύταις
1360 3048 1424 3100 ὲκ
1456 3046 1705 3118 καρπῶν,
1731 3048 1822 3101 καὶΙ

1926 3055 2092 3111 vilius
2122 3053 2512 3125 vulgariusque
2559 3050 2877 3121 Scripturas
2906 3048 3270 3118 intelligentes
3293 3084 3309 3111 ,
3341 3059 3504 3114 expo-

234 3130 453 3183 κλάδων
477 3132 570 3185 καὶ
586 3132 797 3202 φύλλων
823 3135 1357 3207 κατεσκευασμέναις
1382 3138 1772 3207 ἀρεσκομένου,
1789 3136 1826 3191 ἃ

236 3220 446 3286 εὐθέως
490 3224 842 3295 μαραίνονται
880 3226 978 3298 τὴν
1025 3227 1188 3299 χλόην
1233 3226 1650 3299 ἀποσυλώμενα.
1711 3229 1826 3283 Οὐκ

237 3313 391 3369 ἔστιν
416 3317 609 3370 εἰπεῖν.
628 3317 784 3381 Τίνος
810 3319 907 3389 μὲν
927 3320 960 3390 ή
992 3318 1362 3389 Σκηνοπηγία,
1385 3319 1629 3390 φράσατε
1647 3336 1663 3386 ;
1680 3321 1829 3392 εἰσής-

237 3406 346 3479 χθη
402 3409 625 3480 μήνυμα
661 3409 761 3480 τῆς
794 3409 1053 3480 ἀληθινῆς
1083 3409 1240 3482 ἡμῶν
1267 3409 1473 3481 ταύτης
1509 3411 1732 3482 σκηνῆς,
1759 3412 1826 3482 ἢν

239 3497 659 3552 καταπεσοῦσαν
721 3501 801 3562 εἰς
847 3500 1054 3573 φθορὰν
1098 3501 1186 3555 διὰ
1229 3500 1328 3571 τὴν
1371 3500 1701 3572 παράόασιν,
1733 3503 1827 3556 καὶ

240 3590 547 3662 λελυμένην
575 3595 642 3664 τῇ
660 3593 924 3666 ἁμαρτίᾳ,
948 3590 1105 3658 αὖθις
1126 3593 1491 3665 συμπήξασαν
1522 3594 1825 3667 ἀνώλεθρον

242 3682 573 3754 ἀναστήσειν
597 3686 624 3737 ὁ
639 3684 771 3749 Θεὸς
797 3686 1170 3759 ἀπηγγείλατο
1190 3686 1253 3757 (Ῑ.
1272 3685 1395 3758 ὲπ-)
1414 3703 1428 3716 ο
1463 3686 1609 3750 ὅπως
1642 3686 1829 3758 ἑορτά-

245 3787 433 3840 σωμεν
470 3771 622 3843 αὐτῷ
658 3772 874 3844 ἀληθῶς
888 3774 987 3846 τὴν
1025 3775 1265 3846 μεγάλην
1290 3774 1481 3847 ἑορτὴν
1524 3775 1616 3828 καὶΙ
1662 3775 1826 3829 πολυ-

243 3862 544 3935 θρύλλητον
590 3864 692 3934 τῆς
731 3866 1108 3937 Σκηνοπηγίας
1131 3868 1189 3919 ὲν
1215 3868 1281 3937 τῇ
1314 3865 1636 3920 ἀναστάσει·
1667 3868 1828 3921 ὁπάτε

245 3955 689 4027 συμπηγνύμενα
732 3957 890 4028 ἡμῶν
917 3958 995 4021 είς
1036 3958 1446 4030 κατακόσμησιν
1478 3957 1580 4028 τῆς
1621 3957 1826 4013 ἀθανα-

248 4047 369 4109 σίας
428 4048 524 4101 καὶ
561 4047 877 4120 συμφωνίας
915 4046 985 4101 τὰ
1042 4049 1398 4121 σκηνώματα,
1455 4051 1520 4103 ὲκ
1565 4048 1661 4102 τοῦ
1708 4051 1831 4122 χοὸς

1929 3146 2113 3203 nunt?
2163 3147 2310 3201 velut
2360 3144 2620 3200 nimirum
2670 3143 2783 3198 Deo
2817 3144 3067 3215 placeant
3109 3137 3378 3210 ejusmodi
3433 3151 3502 3194 ex

1928 3238 2196 3294 fructibus
2226 3237 2503 3305 ramisque
2540 3241 2594 3289 et
2624 3233 2771 3291 foliis
2806 3234 3071 3290 adornata
3120 3228 3501 3297 tabernacula,

1928 3346 2049 3403 quae
2081 3329 2242 3385 satim
2257 3327 2559 3397 despoliata
2576 3326 2758 3382 virore
2786 3329 3148 3380 marcescant.
3170 3319 3325 3375 Haud
3343 3320 3504 3390 plane
3524 3368 3530 3375 .

1928 3423 2093 3478 fuerit
2125 3419 2439 3476 dicendum.
2479 3416 2643 3483 Sane,
2676 3433 2833 3489 rogo,
2868 3417 3159 3487 cuiusnam
3190 3413 3262 3468 sit
3294 3411 3501 3466 Sceno-

1928 3512 2123 3585 pegia?
2151 3511 2403 3565 instituta
2464 3517 2550 3564 est
2596 3517 2659 3563 ut
2707 3508 2821 3564 veri
2844 3504 3185 3562 tabernaculi
3219 3502 3393 3556 nostri
3434 3501 3506 3556 si-

1929 3619 2119 3676 gnum,
2151 3600 2298 3672 quod
2329 3601 2386 3654 in
2439 3600 2847 3669 corruptionem
2895 3594 3346 3669 praevaricatione
3378 3606 3505 3664 pro-

1929 3698 2163 3766 lapsum,
2192 3700 2526 3765 peccatoque
2567 3694 2829 3757 solutum,
2863 3706 2924 3747 se
2960 3689 3102 3745 Deus
3128 3688 3310 3742 denuo
3350 3701 3505 3741 com-

1926 3795 2146 3859 pactum
2207 3789 2684 3858 compositumque
2718 3827 2733 3852 ,
2810 3783 3084 3839 incolume
3138 3780 3504 3836 excitaturum

1928 3881 2215 3951 promisit;
2241 3897 2349 3952 quo
2374 3880 2425 3937 ei
2458 3881 2705 3944 veritate,
2761 3891 3015 3948 magnam
3059 3875 3207 3929 illam
3247 3873 3506 3929 decanta-

1931 3974 2309 4043 tissimamque
2341 3971 2691 4043 Scenopegias
2736 3969 3132 4026 solemnitatem
3166 3965 3505 4021 celebremus

1933 4064 1989 4117 in
2016 4062 2449 4129 resurrectione;
2504 4060 2726 4132 quando
2758 4066 3041 4128 compacta
3082 4055 3150 4109 ad
3182 4053 3506 4123 immortali-

243 4137 503 4210 ἄφθαρτα
549 4140 891 4195 άνίστανται’
928 4142 1091 4196 ὁπότε
1153 4141 1442 4195 ἁκούσουσι
1483 4142 1553 4194 τὰ
1593 4141 1726 4196 ὀστᾶ
1762 4142 1822 4196 τὰ

1933 4157 2064 4212 tatis
2090 4154 2572 4225 consonantiaaque
2608 4162 2864 4209 ornatum
2897 4158 3086 4206 nostra
3127 4147 3503 4211 tabernacula,

248 4230 392 4302 ξηρά
420 4232 564 4286 κατά
598 4233 694 4305 τὴν
731 4233 1134 4306 ἀψευδεστάτην
1161 4233 1521 4305 προφητείαν,
1565 4234 1822 4305 προσαγό-

1934 4240 2223 4301 ίωηιυηίιι’
2257 4260 2289 4299 a
2341 4245 2694 4315 corruptione
2723 4243 2769 4276 “
2818 4242 2887 4297 de
2926 4241 3148 4312 pulvere
3184 4248 3504 4308 resurgent;

249 4341 391 4395 μενα
416 4324 553 4395 πρὸς
574 4324 671 4388 τὰς
711 4325 972 4397 ἁρμονίας
1005 4324 1203 4392 αὐτῶν,
1228 4325 1333 4378 ὑπὸ
1356 4325 1451 4378 τοῦ
1482 4324 1822 4390 ζωοπλάστου

1934 4337 2155 4406 quando
2214 4335 2485 4405 auditura.
2517 4342 2666 4400 sunt,
2729 4340 2791 4388 ut
2818 4332 3105 4388 verissime
3154 4329 3320 4384 habet
3377 4341 3508 4399 pro-

244 4417 385 4471 Θεοῦ
413 4418 511 4471 καὶ
543 4418 919 4489 ἀριστοτέχνου
959 4419 1497 4484 ἀνακαινοποιοῦντος
1532 4415 1687 4483 αὖθις
1727 4419 1822 4489 τὴν

1929 4428 2093 4500 pheta
2105 4427 2175 4493 "',
2192 4443 2318 4484 ossa
2330 4428 2503 4492 arida,
2522 4427 2639 4484 suis
2663 4427 2859 4482 iterum
2871 4421 3246 4479 commissuris
3272 4420 3507 4485 reddita,

249 4513 433 4583 σάρκα
481 4511 576 4563 καὶ
626 4510 1047 4583 συμμιγνύντος,
1091 4512 1151 4565 οὐ
1180 4513 1443 4577 τοιούτοις
1473 4512 1552 4566 ἔτι
1587 4513 1822 4582 δεσμοῖς,

1940 4519 2263 4575 admovente
2297 4518 2512 4574 vivilico
2557 4518 2734 4588 plaste
2793 4516 3107 4587 optimoque
3142 4510 3338 4582 opilice
3372 4508 3506 4574 Deo,

248 4596 330 4667 οἷς
363 4603 461 4656 καὶ
493 4602 707 4675 πρῶτον
751 4604 1045 4676 συνείχετο,
1087 4604 1203 4659 ἀλλ’
1252 4605 1547 4676 ἀκηράτοις
1597 4605 1822 4675 πάμπαν

1936 4625 2157 4665 carnem
2178 4608 2360 4664 denuo
2383 4616 2681 4663 renovante
2698 4607 3195 4673 commiscenteque
3220 4608 3275 4656 et
3300 4598 3509 4655 astrin-

248 4692 437 4748 λοιπὺν
480 4695 577 4748 καὶ
622 4694 857 4762 ἀλύτοις.
913 4696 1256 4768 Ἐθεασάμην
1308 4696 1415 4768 γὰρ
1463 4698 1521 4751 ὲν
1572 4695 1822 4767 Ὀλύμπῳ

1936 4709 2114 4772 gente,
2145 4716 2255 4755 non
2278 4701 2391 4771 jam
2425 4699 2681 4770 qualibus
2733 4699 2898 4753 etiam
2947 4696 3101 4751 initio
3126 4692 3510 4748 continebatur

251 4786 363 4855 ἐγὼ
386 4787 531 4860 (ὅρος
551 4788 609 4841 δέ
640 4791 756 4842 ἐστι
785 4790 885 4860 τῆς
912 4789 1155 4861 Λυκίας)
1182 4789 1294 4861 πῦρ
1341 4788 1658 4859 αὐτομάτως
1691 4790 1822 4844 κατὰ

1930 4792 2185 4856 vinculis,
2216 4793 2313 4848 sed
2356 4791 2517 4862 plane
2566 4789 2829 4859 deinceps
2882 4785 3286 4842 immortalibus
3345 4790 3510 4852 atque

251 4880 351 4949 τὴν
373 4878 685 4952 ἀκρώρειαν
722 4881 815 4934 τοῦ
853 4881 1010 4954 ὅρους
1034 4882 1279 4937 κάτωθεν
1308 4883 1374 4934 ὲκ
1401 4881 1502 4951 τῆς
1524 4882 1627 4953 γῆς
1650 4882 1822 4935 ἀναδι-

1928 4883 2333 4939 insolubilibus.
2383 4881 2523 4936 Nam
2578 4882 2690 4936 vidi
2712 4896 2815 4950 ego
2876 4879 2931 4933 in
2974 4877 3201 4949 Olympo
3246 4876 3318 4948 (is
3342 4887 3509 4945 porro

251 4971 508 5042 δόμενον·
549 4975 677 5044 περὶ
719 4974 749 5027 ὃ
789 4974 901 5047 πῦρ
939 4976 1104 5045 ἄγνου
1149 4976 1313 5046 φυτὸν
1349 4975 1538 5039 ἑστὸς,
1560 4973 1704 5029 οὕτω
1732 4975 1822 5047 μὲν

1932 4989 2092 5031 mons
2116 4982 2201 5031 est
2220 4973 2420 5046 Lycias)
2451 4974 2632 5043 ignem
2672 4981 2867 5042 sponte
2914 4987 3037 5037 sua,
3083 4974 3140 5024 in
3189 4968 3391 5024 montis
3417 4982 3510 5021 ca-

319 5139 370 5174 ”
400 5140 418 5193 l
455 5136 583 5193 Cor.
607 5154 700 5204 xv,
728 5139 820 5194 54.
899 5138 945 5171 ⁸⁸
972 5136 1119 5194 Levi‘
1168 5154 1330 5206 mn,
1361 5138 1435 5194 39
1466 5153 1583 5209 seq.
1664 5137 1708 5170 “
1748 5138 1890 5195 Dan.
1922 5138 2101 5208 xu,2.
2174 5137 2220 5170 “
2258 5136 2449 5192 Ezech.
2482 5150 2690 5198 xxxv",
2721 5135 2777 5189 ὁ.

327 5283 409 5351 (6)
436 5284 507 5335 Εἰ
529 5281 602 5335 ἐκ
628 5298 680 5335 τ.
716 5280 793 5336 Ex
818 5281 1008 5337 eodem
1035 5280 1157 5338 cod.
1194 5279 1380 5350 Rupif.

328 5350 399 5423 (τ
435 5354 518 5405 Οὐ
549 5352 659 5419 γὰρ
678 5352 848 5405 οὕτω.
885 5351 1045 5407 Deest
1083 5352 1310 5424 ἄπορον,
1359 5357 1453 5405 aut
1483 5350 1614 5420 quid
1637 5350 1835 5408 simile.

325 5360 409 5500 (δὲ
442 5421 754 5500 [ενέᾳθαι.
781 5420 959 5500 Forte
978 5424 1284 5500 γενῄσεται.

330 5491 411 5562 (9)
444 5491 611 5564 Ἐπεί
654 5493 712 5546 τι
760 5492 1036 5564 βουέόμ,
1071 5491 1218 5564 idem
1279 5500 1660 5564 argumentum
1712 5506 1835 5560 per-

254 5560 461 5634 tractat
496 5562 554 5617 S.
590 5561 752 5634 fater
774 5564 831 5617 in
874 5560 1122 5618 Convivia
1170 5560 1368 5617 decem'
1398 5562 1547 5634 Virg.
1569 5560 1723 5617 Orat.
1757 5577 1833 5627 ix,

259 5632 291 5704 ε
321 5649 363 5693 ι,
396 5648 551 5702 seqq.
576 5630 746 5687 αλιι..
949 5702 957 5704 _
1161 5701 1183 5704 _
1239 5672 1281 5704 __.

331 5704 447 5777 (ιο)
472 5701 548 5757 At.
566 5704 846 5774 parvitate,
876 5702 970 5758 καὶ
991 5701 1213 5776 πυγμῷ.
1238 5702 1367 5760 Mihi
1399 5702 1555 5760 valde
1578 5708 1835 5774 suspecta

442 5421 754 5493 Γενέσθαι.
784 5420 948 5493 Forte
978 5420 1284 5493 γενῄσεται.

1943 5298 2047 5337 vox
2074 5290 2177 5337 est.
2209 5280 2345 5335 Illud
2374 5280 2603 5343 clarum,
2655 5276 2869 5331 elevare
2912 5273 3034 5329 istis
3074 5273 3329 5328 omnibus
3361 5272 3506 5327 fetu-

1936 5368 2076 5416 ram,
2106 5367 2212 5422 qua
2237 5351 2420 5422 proles
2445 5349 2618 5419 primo
2636 5345 2994 5422 _concipitur,
3027 5344 3176 5422 velut
3208 5357 3324 5398 rem
3365 5358 3506 5422 pene

1934 5413 2091 5475 nihili
2122 5413 2141 5474 Ξ
2180 5413 2378 5491 θίῳιιι
2411 5413 2605 5491 tamen!
2633 5416 2778 5473 Deus
2812 5413 2972 5472 suum
2999 5414 3162 5491 _i_ll_ud
3195 5413 3505 5491 opu_s,’__ho-

1933 5493 2155 5554 minem,
2189 5482 2315 5561 quia
2363 5491 2483 5545 vult
2529 5489 2728 5561 solum,
2766 5493 2960 5561 eruat;
2997 5484 3049 5538 id
3077 5482 3255 5561 ipsum
3290 5482 3506 5561 facilius

1932 5552 2277 5691 pmétitiirus
2341 5577 2409 5619 ex
2458 5558 2843 5632 praxiel‘unctis
2904 5552 3246 5629 corporibus,
3307 5552 3507 5625 majori

1932 5649 2023 5689 mo
2079 5675 2095 5691 .
2125 5649 2155 5690 e
2183 5648 2233 5688 c.

1932 5640 2095 5703 mole,
2125 5640 2233 5690 etc.
