3864 6162
359 242 467 301 281

1330 243 1388 299 S.
1422 242 1755 300 METIIODII
1794 244 2106 302 EPISCOPI
2144 245 2231 302 ET
2273 246 2635 304 MARTYRlS

3493 252 3603 309 283

356 363 598 429 cnmine,
644 378 712 419 ex
771 361 885 419 imo
925 368 1087 419 terra:
1132 370 1537 433 erumpentem;
1569 364 1724 434 juxta
1765 380 1928 436 quem

2046 366 2253 431 ιύθαλὲς
2278 367 2373 421 καὶ
2405 367 2645 439 χλοερὸν,
2677 365 2820 421 οὕτω
2862 368 2920 422 δὲ
2951 368 3190 433 σύσκιον,
3217 367 3294 434 ὡς
3327 368 3600 424 ὑποτοπά-

355 462 535 513 exstat
565 456 729 510 arbor
777 454 960 524 Agnus
1012 455 1236 511 nomine
1259 455 1370 526 (Η)
1390 495 1405 520 ,
1435 455 1574 512 adeo
1600 455 1811 522 ﬂorida,
1843 459 1924 513 vi-

356 563 487 603 rens
512 555 566 603 et
587 561 779 618 opaca,
815 556 877 601 ut
900 546 1121 617 jugibns
1152 547 1333 616 potius
1360 548 1517 617 aquis
1547 548 1749 619 irrigua
1774 550 1929 606 nasci

356 640 628 696 videatur.
682 641 857 705 Quam
917 640 1084 709 igitur
1119 639 1191 693 ob
1244 655 1489 702 causam,
1554 657 1677 696 cum
1725 652 1931 700 natura:

358 732 743 803 corruptibiles
773 731 902 793 sint,
927 743 981 785 et
1005 746 1237 799 corpora
1266 732 1375 801 igni
1399 746 1811 797 consumantur,
1829 753 1931 792 nec

357 825 475 880 ﬁeri
504 824 677 895 possit
706 831 765 879 ut
800 822 910 893 igni
945 822 1113 876 illaesa
1168 834 1542 891 permaneant,
1604 840 1725 895 quae
1763 827 1930 882 semel

358 934 456 989 per
484 926 736 972 naturam
772 923 898 971 sunt
937 917 1343 971 combustibilia
1390 934 1402 968 :
1442 925 1654 973 tantum
1686 920 1844 974 abest
1872 927 1932 974 ut

358 1010 474 1065 haec
522 1010 685 1065 arbor
736 1014 1038 1073 exuratur,
1107 1019 1164 1063 ut
1208 1010 1394 1073 etiam,
1445 1026 1767 1081 quanquam
1809 1023 1932 1067 nata

358 1101 628 1164 comburi,
656 1100 921 1156 virentior
946 1101 1176 1157 exsistat
1207 1109 1370 1172 atque
1404 1101 1720 1171 ﬂorentior;
1746 1104 1931 1174 idque,

359 1208 482 1248 cum
515 1193 579 1247 ad
605 1193 777 1263 ipsius
832 1194 950 1262 ejus
998 1194 1213 1249 radices
1243 1194 1385 1263 ignis
1421 1193 1665 1248 foveatur
1715 1202 1770 1249 et
1801 1211 1931 1250 eru-

359 1293 488 1341 ctet.
520 1284 663 1341 Sane
688 1303 788 1356 ego
816 1286 1105 1356 decerptos
1152 1298 1182 1337 e
1234 1286 1657 1355 circumiacente
1686 1290 1820 1343 silva
1844 1304 1935 1342 ar-

359 1378 576 1441 borum,
607 1396 815 1441 ramos,
851 1378 905 1432 in
930 1379 1110 1450 ignem
1142 1380 1253 1434 illic
1282 1387 1654 1449 erumpentem
1682 1382 1929 1452 conieci;

359 1471 455 1540 qui
515 1472 700 1526 subito
750 1470 987 1526 ﬂammis
1042 1472 1301 1540 correpti,
1336 1472 1391 1525 in
1426 1472 1666 1527 cinerem
1723 1473 1931 1527 redacti

362 1570 509 1617 sunt.
544 1562 698 1634 Rogo
749 1564 963 1634 itaque,
997 1563 1352 1634 quamobrem
1381 1563 1527 1633 quod
1581 1579 1757 1633 neque
1800 1565 1937 1622 solis

360 1661 552 1707 aestum
589 1653 732 1709 ferre
762 1662 960 1724 potest,
998 1654 1096 1710 sed
1150 1654 1256 1710 nisi
1301 1655 1557 1725 irrigetur
1584 1663 1927 1726 poteturqne,

2033 476 2124 513 σαι
2150 459 2289 531 ὕδωρ
2330 459 2528 531 μᾶλλον
2579 460 2803 515 ἀένναον
2850 461 2982 515 αὐτὸ
3026 461 3468 533 βεϐλαστηκέναι.
3520 461 3607 516 Δι’

2029 552 2097 624 ἢν
2122 552 2298 606 αἰτίαν
2322 548 2434 617 οῦν,
2462 554 2511 606 εἰ
2535 552 2722 623 φύσεις
2749 554 2853 607 εἰσὶ
2876 554 3148 626 φθαρτῶν,
3181 555 3273 610 καὶ
3302 556 3404 608 ὑπὸ
3435 555 3609 627 πυρὸς

2029 645 2571 716 καταναλισκομένων
2598 647 2884 717 σωμάτων,
2934 647 3027 701 καὶ
3062 647 3321 701 ἀδύνατον
3355 647 3607 701 ἇκαυστα

2029 737 2298 807 διαμεῖναι
2318 737 2387 791 τὰ
2410 737 2553 804 ἅπαξ
2571 738 2783 808 φύσεως
2803 740 3111 811 ὑπάρχοντα
3140 742 3238 812 τῆς
3269 741 3564 811 καυστικῆς
3582 756 3600 772 ⁸

2028 829 2090 881 ού
2146 828 2304 899 μόνον
2364 829 2425 882 οὐ
2482 830 2879 899 καταφλέγεται
2941 832 3002 885 τὺ
3048 833 3212 902 φυτὸν
3267 831 3443 897 τοῦτο,
3483 831 3604 886 ἀλλ’

2031 922 2391 993 ἀκμαιότερον
2435 923 2631 993 μᾶλλον
2663 924 2894 996 ὑπάρχει
2931 924 3025 978 καὶ
3062 925 3435 996 χλοηρότερον,
3479 924 3507 975 ὃ
3531 926 3602 996 τῇ

2032 1013 2190 1083 φύσει
2214 1014 2329 1067 ἐστὶ
2351 1006 2603 1079 καυστὸν,
2654 1017 2747 1069 καὶ
2780 1015 2952 1069 ταῦτα
2982 1017 3108 1087 περὶ
3129 1016 3294 1078 αὐτὰς
3316 1014 3473 1068 αὐτοῦ
3504 1018 3607 1078 τὰς

2034 1105 2188 1175 ῥίζας
2224 1104 2317 1158 τοῦ
2363 1106 2533 1177 πυρὸς
2580 1107 2964 1177 ὲντυφομένου.
3020 1106 3263 1170 Κλάδους
3314 1105 3444 1174 γοῦν
3490 1103 3618 1172 ἐγὼ·

2030 1193 2260 1267 δένδρων
2310 1198 2376 1248 ἐκ
2425 1197 2524 1267 τῆς
2567 1197 2973 1268 παρακειμένης
2999 1197 3127 1267 ὕλης
3162 1196 3361 1269 ἔρριψα
3392 1195 3508 1249 καθ’
3544 1194 3609 1248 ὃν

2031 1286 2383 1358 ἀνερεύγεται
2430 1289 2492 1341 τὸ
2550 1288 2660 1360 πῦρ
2708 1290 2892 1353 τόπον,
2937 1290 3030 1342 καὶ
3063 1288 3264 1352 εὐθέως
3309 1290 3388 1351 είς
3432 1286 3608 1356 φλόγα

2032 1378 2288 1449 ἀρθέντες
2312 1379 2718 1449 ὲτεφρώθησαν.
2736 1381 2986 1451 Φράσατε
3012 1376 3105 1434 οὖν
3129 1378 3213 1449 δὴ,
3234 1378 3301 1432 δι’
3331 1380 3396 1451 ἣν
3427 1377 3619 1432 αἰτίαν

2030 1469 2091 1522 τὺ
2109 1469 2182 1540 μὴ
2211 1470 2479 1541 ὑποφέρον
2499 1471 2633 1542 μηδὲ
2655 1471 2754 1542 τὴν
2790 1470 2849 1535 ἐξ
2867 1470 3017 1541 ἡλίου
3042 1469 3297 1536 δέξασθαι
3320 1468 3608 1537 ἔκκαυσιν,

2032 1562 2165 1616 ἀλλὰ
2198 1561 2584 1635 ξηραινόμενον
2617 1563 2711 1616 ἐὰν
2740 1561 2814 1634 μὴ
2853 1562 3086 1634 ἀρδευθῇ
3122 1561 3342 1634 βραχὲν,
3369 1559 3609 1630 τοσούτῳ

2038 1653 2208 1725 πυρὸς
2235 1654 2460 1726 φλογμῷ
2486 1656 2835 1726 συνεχόμενον
2872 1656 2933 1707 οὐ
2962 1653 3437 1716 καταναλίσκεται,
3472 1650 3610 1705 ἀλλὰ.

361 1745 582 1811 arescit,
606 1753 923 1800 coarctante
953 1754 1106 1799 tanto
1133 1745 1408 1810 incendio,
1440 1762 1547 1801 non
1569 1748 1927 1812 consumitur;

2046 1742 2100 1815 τῇ
2153 1761 2213 1796 τε
2254 1746 2349 1798 καὶ
2399 1744 2620 1811 θάλλει;
2683 1745 2748 1798 Τί
2773 1741 2866 1799 οὖν
2914 1744 3160 1816 βούλεται
3184 1745 3244 1798 τὸ
3275 1742 3573 1815 παράδοξον
3592 1757 3619 1805 ;.

362 1836 495 1907 quin
527 1836 662 1890 vivit
683 1843 737 1890 et
787 1835 983 1891 ﬂoret?
1009 1836 1149 1902 Quid
1193 1837 1294 1891 sibi
1332 1852 1461 1906 ergo
1482 1836 1596 1890 vult
1629 1836 1732 1892 hoc
1766 1836 1934 1892 mira-

362 1929 591 1984 culum?
639 1927 828 1983 Posuit
890 1928 1034 1985 Deus
1086 1928 1281 1985 futurze
1338 1929 1447 1985 diei
1475 1930 1621 1984 illius
1669 1930 1930 1984 indicium

363 2022 637 2092 quoddam
659 2031 715 2076 et
739 2022 986 2086 initium,
1018 2023 1355 2083 utsciamus.
1388 2022 1504 2077 fore
1535 2030 1594 2076 ut
1625 2024 1749 2093 igne
1778 2023 1933 2077 coeli-

364 2123 452 2172 tus
473 2116 713 2186 pluente,
738 2115 1211 2170 omnibusobrutis
1240 2116 1670 2185 absumptisque,
1702 2130 1933 2186 corpora

363 2206 456 2260 illa
515 2222 635 2276 quae
685 2206 1001 2260 claruerunt
1033 2206 1089 2259 in
1121 2206 1371 2260 castitate
1430 2214 1485 2261 et
1537 2207 1775 2275 justitia,
1836 2221 1933 2276 per

364 2300 541 2370 ignem
576 2315 683 2353 non
707 2313 867 2355 secus
899 2314 962 2352 ac
992 2314 1087 2368 per
1129 2312 1324 2369 aquam
1370 2297 1649 2369 frigidam,
1675 2299 1794 2354 sine
1834 2299 1936 2352 ali-

364 2409 473 2463 quo
502 2391 688 2448 dolore
739 2406 803 2447 ac
837 2392 1083 2461 molestia
1122 2391 1190 2445 ab
1228 2391 1348 2458 ipso
1400 2391 1758 2446 deducantur.
1795 2390 1935 2448 Vere

364 2486 507 2539 enim
548 2490 868 2538 nostrorum
926 2483 1360 2548 commodorum,
1418 2483 1819 2539 studiosissime
1880 2491 1935 2539 et

364 2577 647 2645 magniﬁce
672 2575 922 2640 Domine,
961 2575 1053 2629 tibi
1087 2576 1279 2645 [actori
1332 2577 1559 2632 serviens
1608 2587 1853 2631 creatura
1881 2578 1935 2630 in

365 2664 616 2718 ultionem
656 2664 905 2719 adversus
936 2666 1141 2736 iniquos
1176 2667 1469 2719 intenditur
1517 2666 1933 2737 obrigescitque:

365 2762 519 2822 atque
541 2753 608 2806 ad
635 2753 939 2821 beneﬁcium
978 2769 1073 2823 pro
1118 2755 1183 2809 iis
1225 2755 1315 2825 qui
1349 2753 1619 2822 conﬁdunt
1666 2756 1719 2807 in
1751 2764 1820 2818 te,
1853 2771 1937 2809 re-

365 2844 531 2897 missa
559 2844 827 2897 emollitur
848 2845 892 2876 ⁸³
929 2863 941 2899 :
975 2846 1298 2914 volenteqne
1326 2852 1401 2906 te,
1428 2845 1568 2915 ignis
1599 2843 1816 2913 quidem
1850 2861 1936 2899 re-

367 2933 647 3000 frigerium
675 2934 823 2999 facit,
870 2936 938 2990 iis
994 2935 1129 2988 nihil
1169 2935 1311 2988 laesis
1344 2950 1576 3004 quorum
1619 2935 1735 3003 ipse
1773 2934 1932 2988 saluti

367 3028 679 3083 consultum
701 3029 1007 3083 decreveris
1033 3046 1048 3094 ;
1080 3035 1273 3081 contra
1305 3042 1435 3082 vero
1465 3042 1607 3096 aqua
1646 3028 1933 3082 vehemen-

376 3120 489 3175 tius
517 3121 807 3190 acriusque
839 3121 962 3191 igne
1018 3119 1322 3185 comburit,
1374 3134 1474 3173 nec
1505 3119 1800 3189 quidquam
1836 3120 1934 3171 im-
1967 3108 2011 3165 C

378 3212 597 3265 mortali
631 3221 731 3267 tuo
776 3212 1008 3283 imperio
1053 3222 1107 3265 et
1125 3211 1311 3265 virtuti
1364 3211 1594 3266 resistit.
1639 3209 1833 3265 Omnia
1863 3211 1940 3265 si-

2038 1838 2246 1907 Δεῖγμα
2304 1836 2462 1891 τοῦτο
2509 1839 2611 1908 τῆς
2658 1836 2955 1909 μελλούσης
3017 1838 3047 1890 ὁ
3091 1836 3223 1901 Θεὸς
3269 1836 3479 1908 ἡμέρας
3518 1831 3614 1888 καὶ

2039 1929 2321 2000 προοίμιον
2376 1930 2545 1995 ἔθετο,
2598 1931 2688 1984 ἵνα
2713 1930 3065 2001 γινώσκωμεν
3107 1929 3473 2001 εὑδηλότερον,
3504 1927 3610 1993 ὅτι,

2039 2021 2257 2075 πάντων
2311 2023 2445 2093 πυρὶ
2503 2023 2823 2093 καταδασίῳ
2869 2020 3386 2093 κατσμὸρουμένων,
3438 2017 3505 2071 τὰ
3552 2019 3612 2071 ἐν

2038 2112 2230 2184 ἁγνείᾳ
2254 2116 2477 2184 σώματα
2503 2115 2596 2168 καὶ
2617 2114 2930 2187 δικαιοσύνῃ
2950 2113 3340 2185 διαπρέψαντα,
3362 2109 3615 2180 καθάπερ

2037 2203 2231 2277 ψυχρῷ
2264 2205 2417 2259 ὕδατι
2447 2206 2525 2277 τῷ
2550 2207 2684 2278 πυρὶ
2710 2206 2859 2259 οὐδὲν
2893 2205 3251 2275 ἀλγυνόμενα,
3283 2202 3418 2275 πρὸς
3449 2199 3613 2255 αὐτοῦ

2039 2296 2410 2369 ὲπιὸήσονται.
2447 2298 2684 2369 Ἀληθῶς
2711 2300 2839 2370 γὰρ,
2859 2292 2905 2351 ὦ
2939 2294 3295 2368 μεγαλωφελῆ
3326 2294 3419 2348 καὶ
3447 2309 3619 2364 μεγα-

2039 2392 2240 2465 λόδωρε
2264 2393 2528 2451 Δέσποτα.
2577 2394 2614 2460 ἠ
2644 2392 2842 2457 κτίσις
2884 2405 2982 2444 σοι
3008 2389 3089 2455 τῷ
3112 2387 3431 2454 ποιήσαντι
3460 2389 3618 2452 ὑπη-

2032 2487 2318 2556 ρετοῦσα,
2366 2486 2717 2539 ἐπιτείνεται
2757 2487 2845 2550 εὶς
2874 2485 3136 2538 κόλασιν
3181 2480 3332 2534 κατὰ
3356 2477 3472 2532 τῶν
3495 2474 3621 2530 ἀδί-

2040 2594 2180 2632 κωνο
2205 2578 2302 2631 καὶ
2331 2577 2557 2631 ἀνίεται
2584 2578 2670 2641 εὶς
2705 2576 3055 2645 εὐεργεσίαν
3083 2571 3235 2641 ὑπὲρ
3259 2570 3376 2626 τῶν
3393 2569 3490 2623 ἐπὶ
3513 2565 3619 2622 σοι

2040 2668 2433 2724 πεποιθότωνο
2459 2667 2553 2720 καὶ
2581 2665 2825 2730 θέλοντός
2863 2682 2979 2729 σου,
3008 2662 3118 2735 πῦρ
3152 2662 3250 2733 μὲν
3293 2658 3617 2728 καταψύχει,

2040 2761 2435 2832 λυμαινόμενον
2463 2760 2615 2813 οὐδὲν
2659 2752 2734 2813 ὧν
2785 2758 2948 2822 αὐτὸς
2995 2757 3201 2829 κρίνεις
3223 2751 3618 2817 διασώζεσθαι·

2044 2852 2188 2923 ὕδωρ
2236 2854 2329 2906 καὶ
2386 2851 2623 2923 ἔμπαλιν
2663 2849 3017 2924 δριμυτέραις
3066 2845 3395 2917 καταφλέγει
3447 2842 3623 2914 πυρὸς

2043 2943 2397 3015 προσϐολαῖς·
2432 2944 2527 2997 καὶ
2552 2942 2704 2995 οὐδὲν
2737 2939 3113 2995 ἀντιτάσσεται
3143 2956 3234 2991 σου
3267 2935 3344 3006 τῷ
3377 2934 3624 3003 ἀνικὴτῳ

2044 3038 2256 3107 κράτει,
2312 3037 2405 3089 καὶ
2429 3038 2496 3106 τῇ
2539 3039 2605 3107 σῇ
2659 3034 2819 3105 ἱσχύῖ.
2848 3033 3030 3087 Πάντα
3056 3030 3163 3102 γὰρ
3202 3029 3420 3090 ἔκτισας
3443 3025 3499 3091 ἐξ
3518 3024 3628 3077 ούκ

2044 3124 2239 3179 ὅντων·
2286 3125 2364 3178 διὸ
2422 3126 2518 3179 καὶ
2557 3126 2731 3179 πάντα
2771 3122 3136 3195 μεταλλεύεις,
3182 3120 3251 3174 σὰ
3281 3118 3625 3188 ὑπάρχοντα,

2048 3216 2143 3268 καὶ
2172 3216 2616 3286 μετασκευάζεις,
2661 3216 2820 3287 μόνος
2855 3215 3113 3286 ὑπάρχων
3149 3212 3301 3275 Θεὸς,
3323 3211 3397 3273 ὡς
3427 3207 3625 3269 θέλεις.

367 3305 588 3376 quidem
617 3321 682 3360 ex
705 3306 876 3361 nihilo
905 3306 1105 3362 creasti
1146 3327 1158 3361 :
1193 3322 1363 3377 quare
1388 3307 1550 3361 etiam
1587 3306 1790 3370 omnia,
1817 3322 1938 3362 cum
1972 3315 2066 3364 tua
2096 3311 2227 3378 sint,
2262 3319 2322 3366 ut
2375 3312 2620 3376 libuerit,
2659 3313 2716 3366 in
2759 3312 2986 3366 formam
3029 3310 3191 3363 aliam
3244 3307 3628 3373 rationemque

367 3399 644 3455 convertis
665 3408 719 3453 et
746 3406 945 3462 mutas,
982 3398 1246 3468 quisolus
1279 3396 1422 3452 Deus
1453 3398 1697 3453 exsistis.

438 3491 555 3548 XV.
588 3492 884 3562 Apostolus
907 3508 1059 3562 ergo,
1088 3508 1211 3546 cum
1244 3492 1492 3563 plantare
1518 3501 1573 3548 et
1600 3494 1800 3564 rigare,
1833 3494 1937 3547 arti

370 3598 436 3640 ac
469 3594 626 3640 terra:
652 3592 702 3640 et
729 3600 882 3655 aquae
913 3585 1235 3651 tribuisset,
1278 3585 1390 3641 Deo
1422 3587 1522 3641 soli
1574 3588 1937 3642 accretionem

369 3677 665 3741 concessit,
696 3692 820 3731 cum
846 3678 927 3745 ait
956 3695 968 3729 :
1009 3675 1192 3747 Neque
1219 3677 1310 3747 qui
1349 3677 1555 3746 plantat
1591 3689 1668 3732 est
1700 3678 1902 3749 aliquid
1921 3718 1937 3743 ,

371 3785 534 3838 neque
558 3770 647 3838 qui
676 3771 846 3838 rigat;
896 3768 987 3822 sed
1010 3772 1099 3839 qui
1127 3769 1221 3822 dat
1249 3770 1626 3824 incrementum
1649 3811 1664 3836 ,
1697 3771 1838 3825 Deus
1870 3770 1937 3823 “.

370 3858 609 3914 Noverat
638 3861 782 3914 enim
834 3860 1074 3915 divinam
1107 3861 1278 3927 illam,
1303 3868 1429 3917 ante
1451 3863 1634 3943 omnia
1662 3862 1900 3934 genitam
1920 3902 1938 3928 ,

371 3952 555 4006 omnia
584 3953 989 4022 progignentem
1016 3954 1371 4024 omniumque
1400 3955 1662 4009 artilicem
1706 3954 1799 4009 Dei
1841 3954 1942 4009 Sa-

372 4046 633 4116 pientiam
655 4087 668 4107 ,
696 4047 951 4101 universa
981 4048 1035 4102 in
1076 4047 1338 4101 mundum
1388 4047 1725 4121 producere;
1778 4063 1942 4118 quam

371 4136 536 4191 etiam
568 4135 779 4206 antiqui
810 4148 1061 4191 naturam
1085 4149 1422 4194 vocaverunt
1444 4147 1499 4195 et
1520 4141 1940 4210 providentiam,

372 4227 518 4297 quod
550 4243 765 4297 semper
797 4229 1087 4298 providens
1108 4245 1452 4301 curansque,
1484 4232 1739 4286 omnibus
1770 4230 1859 4285 det
1887 4238 1946 4284 ut

373 4328 673 4374 nascantur
713 4326 767 4375 et
795 4330 1062 4376 crescant.
1098 4321 1269 4387 Nam,
1306 4324 1483 4394 inquit
1506 4324 1574 4391 ⁸⁵,
1608 4323 1770 4377 Pater
1803 4339 1946 4378 meus

2114 3494 2217 3549 lE'.
2258 3493 2315 3547 Ὀ
2341 3490 2471 3562 γοῦν
2510 3490 2829 3555 Ἀπόστολος
2875 3489 3008 3562 (19.),
3056 3491 3118 3544 τὸ
3162 3490 3482 3560 φυτεύεσθαι
3527 3491 3630 3545 καὶ

2046 3587 2360 3651 ποτίζεσθαι
2389 3586 2549 3657 τέχνῃ
2595 3586 2688 3639 καὶ
2719 3587 2789 3656 γῇ
2825 3585 2917 3638 καὶ
2940 3584 3090 3637 ὕδατι
3118 3583 3260 3646 δοὺς,
3290 3583 3369 3654 τῷ
3414 3583 3531 3655 Θεῷ
3556 3585 3629 3639 τὸ

2046 3676 2295 3743 αὐξάνειν
2320 3676 2664 3749 συνεχώρησε
2702 3676 2875 3746 μόνῳο
2912 3674 3067 3740 ἔνθα,
3100 3675 3238 3728 οὔτε
3274 3677 3307 3729 ό
3348 3676 3634 3744 φυτεύων

2046 3768 2185 3822 οὔτε
2223 3772 2255 3823 o'
2283 3768 2533 3829 ποτίζων
2570 3768 2707 3821 ἐστι
2751 3784 2828 3832 τι,
2891 3767 3028 3821 ἀλλ’
3068 3769 3101 3819 ὀ
3133 3764 3411 3829 αὐξάνων
3454 3766 3626 3834 Θεὸς,

2048 3858 2174 3931 εφη.
2209 3861 2503 3914 Ἢπίστατο
2526 3859 2636 3931 γὰρ
2658 3859 2832 3912 πάντα
2851 3858 3125 3928 γεννῶσαν
3150 3859 3248 3929 τὴν
3280 3857 3628 3930 πρωτόγονον

2051 3952 2243 4022 σοφίαν
2275 3952 2368 4006 τοῦ
2414 3953 2569 4018 Θεοῦ,
2606 3954 2700 4006 καὶ
2746 3953 2964 4006 πάντων
2997 3952 3284 4023 τεχνίτιδα,
3323 3952 3501 4005 πάντα
3538 3954 3629 4018 εἱς

2046 4044 2140 4096 τὸν
2171 4043 2375 4115 κόσμον
2415 4046 2736 4115 προφέρεινσ
2786 4045 2851 4114 ἢν
2888 4043 2996 4115 γὰρ
3024 4044 3131 4114 (i3)
3163 4043 3382 4096 παλαιοὶ
3429 4043 3627 4114 ἄνδρες

2050 4133 2212 4203 φύσιν
2242 4135 2504 4189 ἐκάλεσαν
2544 4137 2638 4188 καὶ
2674 4136 2945 4207 πρόνοιαν,
2982 4135 3133 4206 παρὰ
3162 4136 3221 4188 τὸ
3255 4135 3407 4205 φύειν
3453 4135 3627 4206 αὐτὴν

2055 4229 2270 4282 ἅπαντα
2303 4229 2395 4281 καὶ
2426 4227 2644 4294 αὔξειν,
2694 4227 3095 4299 προνοουμένην
3138 4229 3224 4281 ἀεὶ
3271 4229 3365 4282 καὶ
3404 4228 3627 4299 φροντί-

2054 4317 2284 4383 ζουσαψ
2326 4320 2379 4371 Ὁ
2421 4318 2532 4391 γὰρ
2568 4317 2767 4387 Πατήρ
2809 4336 2926 4388 μου
2974 4319 3084 4384 ἕως
3122 4317 3252 4386 ἄρτι
3303 4317 3625 4387 ἐργάζεται,

373 4428 537 4481 usque
580 4412 734 4465 modo
774 4424 1042 4481 operatur,
1076 4424 1125 4469 et
1171 4431 1262 4487 ego
1317 4433 1521 4485 operor.
1585 4414 1939 4482 Quamobrem

2057 4413 2209 4481 φησὶ,
2252 4410 2413 4481 κάγὼ
2453 4409 2782 4480 ἐργάζομαι.
2824 4410 2985 4464 Ὅθεν
3030 4410 3117 4463 διὰ
3163 4409 3336 4462 ταῦτα
3367 4409 3430 4481 δὴ
3460 4409 3552 4461 καὶ
3597 4412 3629 4462 ὁ

375 4504 540 4559 etiam
576 4502 864 4570 Salomon,
918 4507 1177 4575 artiﬁcem
1213 4509 1477 4573 omnium,
1530 4507 1819 4578 appellavit
1848 4508 1894 4537 ⁸⁸
1929 4525 1942 4559 :

376 4596 576 4670 quippe
604 4612 727 4651 cum
765 4598 917 4651 nulla
944 4599 1013 4654 sit
1041 4599 1096 4652 in
1127 4598 1236 4655 Deo
1276 4599 1573 4671 indigentia
1597 4640 1610 4661 ,
1641 4598 1735 4653 sed
1767 4599 1949 4653 omnia

376 4690 666 4758 opulenter
703 4697 757 4743 et
791 4704 979 4745 creare
1025 4698 1079 4745 et
1110 4690 1288 4747 facere
1320 4699 1374 4747 et
1408 4692 1619 4745 variare
1651 4699 1705 4746 et
1754 4706 1953 4762 augere

377 4781 579 4836 valeat.

451 4894 496 4927 ’⁵⁸
531 4894 660 4963 Sap.
688 4910 802 4961 xvr,
832 4895 923 4950 24.
1007 4893 1094 4947 ⁸⁵1
1129 4894 1254 4950 Cor.
1290 4910 1373 4960 ιιι,
1398 4893 1450 4948 7.
1537 4894 1582 4926 ⁸⁸
1603 4891 1826 4958 Joan.v,
1853 4894 1936 4947 Π.

455 5009 568 5081 (ll)
600 5009 772 5064 Arbor
805 5008 985 5080 Agnus
1034 5010 1263 5081 nomine,
1329 5010 1493 5076 ἄγνου
1540 5006 1729 5081 φυτόνἶ
1760 5004 1956 5081 υἱεῖ-φτ

382 5077 584 5153 ηγιιιυέ
623 5081 794 5134 Levit.
815 5077 1013 5140 xixm,
1044 5079 1135 5138 40,
1167 5080 1381 5133 salicem
1404 5078 1651 5131 torrentis
1679 5077 1833 5135 dicit,
1860 5077 1954 5130 ubi

383 5155 547 5204 etiam
575 5149 716 5204 LXX
760 5151 824 5204 ad
849 5165 1034 5204 vocem
1084 5149 1247 5204 ἄγνου
1283 5149 1490 5204 addunt
1518 5148 1609 5201 τοῦ
1638 5147 1954 5204 γειμάὀρους

383 5149 547 5208 etiam
575 5149 716 5204 LXX
760 5151 824 5204 ad
849 5165 1034 5207 vocem
1084 5149 1247 5217 ἄγνου
1283 5149 1490 5204 addunt
1518 5149 1609 5201 τοῦ
1638 5149 1961 5220 χειμάρρου,

386 5222 455 5276 ad
488 5220 901 5289 significandum
937 5219 1173 5291 gaudere
1200 5220 1469 5291 ejusmodi
1495 5219 1744 5291 arborem
1778 5218 1959 5291 aquis,

386 5287 747 5359 videmusque
781 5287 983 5360 passim
1018 5287 1356 5345 luxuriantes
1382 5289 1449 5344 ad
1490 5291 1638 5359 ripas
1674 5287 1957 5360 ﬂttuiinnm

388 5362 637 5429 iocisque
663 5359 994 5427 palustribus
1019 5376 1033 5411 :
1059 5376 1167 5429 quo
1194 5361 1366 5429 magis
1405 5369 1636 5429 augetur
1664 5359 1959 5413 Methodia-

391 5447 523 5487 num
582 5429 742 5500 istud!
783 5447 909 5486 vere
968 5432 1175 5500 grande
1226 5432 1591 5484 miraculum:
1632 5431 1719 5500 cui
1771 5438 1952 5483 tamen

394 5507 648 5557 astrunnt
678 5498 837 5553 tidem
869 5497 1024 5554 nives
1048 5501 1153 5554 illa:
1178 5501 1419 5570 adiipsas
1444 5501 1627 5553 fauces
1649 5497 1953 5570 ﬂanmnijvo-
2002 5525 2006 5528 ~

394 5586 514 5628 mas
552 5570 809 5624 similium
840 5571 1102 5625 montium
1148 5570 1205 5622 in
1251 5567 1423 5626 Italia.
1454 5570 1691 5638 olimque
1723 5568 1777 5620 in
1814 5567 1955 5638 Sici-

395 5643 490 5703 lia,
519 5641 613 5696 ubi
633 5640 927 5694 bituminea
972 5640 1199 5693 materia
1231 5641 1379 5693 velut
1411 5640 1676 5694 exhausta
1704 5638 1771 5691 ad
1804 5637 1959 5691 ﬂam-

399 5727 518 5768 mas
551 5711 671 5767 illas
719 5710 992 5766 terribiles
1036 5710 1265 5765 videtur.
1314 5707 1417 5764 Job
1449 5723 1661 5779 quoque
1700 5723 1823 5778 cap.
1866 5724 1957 5773 XL,

2053 4503 2302 4574 Σολομῶν
2347 4502 2629 4557 ἁπάντων
2662 4503 2829 4573 αὐτὴν
2878 4502 3178 4571 τεχνίτιδα
3222 4502 3509 4555 ἐκάλεσεν·
3544 4504 3629 4565 εἰς

2052 4599 2205 4653 οὐδὲν
2239 4598 2605 4668 πτωχεύοντος
2636 4597 2728 4652 τοῦ
2774 4597 2931 4662 Θεοῦ,
2976 4597 3110 4650 ἀλλὰ
3142 4596 3409 4658 πλουσίως
3447 4595 3630 4648 πάντα

2057 4690 2152 4744 καὶ
2189 4688 2413 4753 κτίζειν,
2444 4692 2541 4745 καὶ
2585 4692 2775 4755 ποιεῖν,
2814 4689 2908 4743 καὶ
2950 4688 3278 4754 ποικίλλειν,
3326 4688 3418 4742 καὶ
3444 4682 3630 4751 αὔξειν

2058 4781 2377 4852 δυναμένου.

2026 4893 2072 4925 ⁸⁸
2104 4891 2231 4963 Sap.
2260 4910 2358 4961 vn,
2381 4893 2470 4949 2L

2066 5006 2159 5062 ubi
2191 5006 2352 5067 εἰει..
2386 5006 2592 5069 κλῶνες
2639 5004 2833 5078 ἀγροῦ,
2867 5012 2921 5059 et
2958 5004 3178 5078 aquila,
3223 5004 3630 5078 l‘téatXEtttdp-

2068 5079 2163 5148 ῥου
2189 5120 2203 5143 ,
2235 5078 2423 5131 salices
2446 5074 2739 5148 torrentisg
2764 5083 2919 5148 notat
2955 5074 3203 5148 Nobilius
3246 5076 3298 5148 in
3331 5076 3452 5129 aliis
3473 5074 3631 5148 libris

2064 5144 2189 5202 esse
2242 5148 2426 5216 ἄγνου·
2465 5148 2602 5202 forte
2634 5146 2983 5201 scribendum
3037 5145 3222 5213 ἄγνου.
3253 5144 3454 5199 Catena
3484 5144 3631 5200 Lon-

2065 5217 2286 5270 diniana
2317 5219 2369 5271 in
2398 5217 2519 5271 Job.
2553 5216 2619 5270 ad
2649 5232 2772 5270 eum
2810 5232 3026 5270 versum
3061 5232 3260 5271 mam"
3294 5232 3382 5271 ιη).
3416 5213 3623 5271 ἄγνου.

2107 5232 2286 5270 nnana
2317 5235 2369 5271 in
2398 5231 2519 5279 δοῦ,
2553 5231 2619 5270 aa
2649 5232 2772 5270 eum
2810 5232 3026 5270 versum
3061 5232 3260 5283 marg..
3294 5232 3382 5283 τιο.
3416 5231 3623 5282 anew,

2065 5232 2286 5270 ainiana
2317 5235 2369 5271 in
2398 5232 2519 5279 θοι),
2553 5232 2619 5270 aa
2649 5232 2772 5270 eum
2810 5232 3026 5270 versum
3061 5232 3260 5283 marg..
3294 5232 3382 5285 τιο.
3416 5232 3623 5282 cum,

2062 5297 2114 5340 et
2138 5287 2214 5339 sic
2239 5288 2296 5338 in
2318 5305 2416 5341 ms.
2448 5286 2669 5341 Theclaz.
2723 5285 2981 5340 Eamdem
3046 5288 3295 5339 arborem
3352 5286 3514 5339 etiam
3558 5301 3630 5341 ex

2064 5358 2310 5427 profanis
2341 5358 2497 5412 docet
2532 5358 2775 5411 Dioscnr.
2824 5358 2860 5410 ι,
2909 5372 2949 5418 ι,
2983 5372 3032 5410 c.
3056 5355 3183 5427 H6,
3207 5356 3632 5427 ejusqueexpo-

2064 5424 2201 5481 sitor
2230 5426 2564 5481 Matthiolus.
2593 5457 2664 5468 -
2699 5427 2938 5494 Hujusce
2990 5426 3204 5479 arboris
3225 5424 3472 5480 meminit
3497 5427 3627 5478 item

2063 5497 2120 5570 ξ.
2161 5497 2362 5570 Martyr
2390 5498 2443 5551 in
2469 5496 2722 5570 Qanvivio
2745 5497 2919 5551 decem
2945 5497 3132 5567 virgin.
3177 5497 3282 5552 sub
3309 5496 3546 5561 initium,
3574 5500 3631 5549 et

2060 5566 2627 5641 Orat._x7,v§3.gGu.t..
2710 5637 2750 5641 _
2798 5604 2809 5621 .

2136 5638 2247 5703 ne)
2268 5634 2509 5707 ’σγοῦν
2556 5640 2686 5693 ‘Aa.
2710 5637 2790 5692 Ex
2822 5637 3012 5692 eodem
3043 5637 3168 5691 cod.
3201 5634 3387 5707 Bupif.

2136 5709 2249 5784 (l5)
2282 5711 2396 5763 Ἦν
2423 5708 2553 5783 γάρ.
2574 5709 2682 5766 Pro
2726 5708 2835 5780 γάρ
2864 5707 3029 5764 scrib.
3063 5708 3180 5762 καί.
