3864 6162
397 220 508 279 295

1350 215 1409 273 S.
1448 213 1782 271 METHODH
1820 212 2135 271 EPISCOP!
2178 214 2267 271 ET
2307 215 2674 274 MARTYRIS

3551 224 3654 279 296

392 338 549 393 dicit.
599 333 787 406 Neque
831 333 978 389 enim
1005 329 1337 402 Apostolus,
1389 329 1603 397 inquit,
1658 327 1961 397 paradisun

2080 326 2312 399 Παύλῳο
2349 327 2498 397 λέγει
2527 331 2665 402 γάρ’
2704 330 2844 383 Ἀλλ’
2882 330 3004 385 οὐδὲ
3035 332 3064 384 ὀ
3107 331 3428 397 Ἀπόστολος
3473 334 3649 391 ὑποτί-

392 433 450 487 in
486 428 651 485 tertio
682 426 822 481 cmlo
856 426 1123 490 collocat,
1160 424 1205 479 si
1251 421 1376 493 quis
1409 422 1554 475 illius
1583 420 1748 474 verba
1780 418 1969 474 subtili

393 523 626 594 quadam
665 517 1020 588 intelligentia
1053 514 1318 584 percipiat
1346 510 1502 566 :Scio
1533 509 1968 579 enim,inquit",

392 610 697 683 Imjusmodi
718 610 976 663 hominem
1009 616 1218 676 raptum
1244 621 1404 675 usque
1426 603 1493 656 ad
1526 604 1736 656 tertium
1759 601 1966 656 caelum.

401 705 471 761 Et
501 705 607 758 scio
652 699 957 771 hujusmodi
1005 699 1300 757 hominem,
1350 697 1456 750 sive
1491 695 1547 748 in
1584 709 1831 762 corpore,
1864 694 1971 747 sive

392 807 546 850 extra
576 811 794 864 corpus,
827 793 966 846 Deus
987 793 1118 854 scit;
1147 789 1397 860 quoniam
1437 796 1626 855 raptus
1668 795 1745 840 est
1781 785 1840 839 in
1874 798 1973 853 pa-

392 885 654 939 radisum.
704 883 917 950 Quibus
961 882 1179 945 verbis,
1216 883 1354 934 duas
1383 893 1442 934 se
1473 878 1714 932 illustres
1761 877 1972 931 revela-

393 987 571 1033 tiones
625 977 830 1030 ridisse
896 974 1204 1045 significat;
1258 974 1344 1029 bis
1386 971 1676 1027 manifeste
1727 979 1967 1041 raptus:

392 1070 560 1124 semel
590 1068 810 1139 quidem
838 1082 1012 1136 usque
1043 1067 1107 1121 ad
1145 1067 1367 1121 tertium
1396 1065 1632 1130 caelum;
1665 1063 1833 1118 semel
1873 1078 1971 1115 au-

392 1171 521 1223 tem,
561 1160 613 1213 in
650 1156 1139 1229 paradisum.‘lia:c
1169 1157 1314 1211 enim
1352 1156 1516 1209 verba
1551 1171 1565 1207 :
1606 1151 1730 1207 Scio
1757 1161 1969 1220 raptum

389 1251 692 1321 Izujusmodi
714 1267 878 1320 usque
909 1248 978 1303 ad
1011 1249 1223 1302 tertium
1257 1245 1467 1311 caelum,
1503 1243 1778 1313 peculiare
1806 1239 1968 1309 quid-

390 1342 516 1397 dam
542 1383 556 1407 ,
600 1357 724 1396 cum
752 1341 820 1395 ad
842 1341 1059 1395 tertium
1089 1340 1288 1393 cadum
1326 1344 1474 1391 esset
1504 1341 1747 1396 evectus,
1781 1343 1969 1388 osten-

391 1447 515 1486 sum
555 1432 633 1486 illi
679 1446 802 1485 esse
842 1430 1237 1484 demonstrant.
1271 1426 1405 1479 Illud
1444 1439 1575 1479 vero
1612 1421 1760 1493 quod
1792 1422 1966 1491 subji—

388 1526 534 1579 citur
564 1544 576 1579 :
605 1522 673 1577 Et
695 1524 803 1578 scio
834 1519 1140 1590 hujusmodi
1184 1518 1468 1579 hominem,
1495 1516 1604 1569 sive
1623 1516 1677 1569 in
1708 1529 1926 1583 corpore
1946 1551 1964 1574 .

387 1616 494 1671 sive
521 1625 672 1669 extra
699 1628 885 1682 corpus
906 1654 921 1679 ,
952 1609 1094 1664 Deus
1131 1610 1267 1674 scit;
1296 1610 1547 1679 quoniam
1580 1615 1766 1676 raptus
1798 1615 1876 1659 est
1907 1605 1963 1658 in

2076 419 2229 473 θεται
2254 416 2392 474 εἶναι
2418 421 2510 475 τὸν
2538 421 2866 494 παράδεισον
2897 424 2956 477 ὲν
2984 422 3064 494 τῷ
3091 424 3261 496 τρίτῳ
3278 425 3512 497 οὐρανῷ,
3544 430 3654 493 τοῖς

2072 510 2285 565 λεπτῶν
2334 512 2635 584 ἀκροᾶσθαι
2682 513 2855 583 λόγων
2908 516 3323 587 ἐπισταμένοις,
3372 513 3514 572 Οἶδα
3546 519 3655 589 γὰρ

2070 605 2183 659 ’τὸν
2223 605 2493 659 τοιοῦτον
2554 605 2898 676 ἁρπαγέντα
2958 606 3070 673 ἕως
3131 608 3333 675 τρίτου
3372 609 3654 677 οὐρανοῦ,

2071 697 2266 765 λέγων.
2295 697 2408 753 Καὶ
2448 697 2580 752 οῖδα
2612 700 2721 751 τὸν
2758 698 3032 752 τοιοῦτον
3059 697 3393 767 ἄνθρωπον,
3435 701 3557 756 εἴτε
3585 701 3655 757 ἐν

2071 789 2152 854 τῷ
2172 788 2417 859 σώματι,
2448 790 2568 844 εἴτε
2591 791 2769 858 χωρὶς
2792 791 2900 844 τοῦ
2928 789 3218 860 σώματος,
3244 795 3277 846 ό
3302 792 3446 859 Θεὸς
3470 792 3650 848 older

2072 882 2161 935 ὅτι
2188 882 2429 953 ἡρπάγη
2457 885 2545 949 εὶς
2582 881 2690 937 τὸν
2724 883 3112 952 παράδεισον.
3146 884 3249 937 Δύο
3282 885 3654 956 ἀποκαλύψεις

2074 974 2314 1044 μεγάλας
2346 976 2645 1046 ἑωρακέναι
2681 974 2894 1045 μηνύει,
2924 975 3007 1039 δὶς
3023 975 3352 1047 ἀναληφθεὶς
3378 978 3649 1049 ἐναργῶς·

2072 1063 2220 1128 ἆπαξ
2255 1065 2352 1135 μὲν
2378 1065 2483 1128 ἕως
2505 1065 2689 1137 τρίτου
2716 1065 2969 1137 οὐρανοῦ,
2997 1068 3140 1134 ἅπαξ
3171 1068 3216 1121 δ’
3245 1070 3326 1132 είς
3348 1070 3438 1123 τὸν
3471 1072 3651 1143 παρά-

2069 1156 2266 1209 δεισον.
2293 1154 2367 1206 Τὸ
2392 1154 2521 1227 γὰρ,
2551 1151 2696 1209 Οἶδα
2718 1155 3064 1227 ἁρπαγέντα
3102 1158 3208 1212 τὸν
3237 1157 3508 1213 τοιοῦτον
3541 1159 3652 1227 ἕως
3718 1180 3721 1187 ε

2064 1248 2269 1315 ’τρίτου
2299 1247 2592 1315 οὐρανοῦ,
2637 1246 2781 1311 ἰδίως
2819 1249 3161 1319 ἀποκάλυψιν
3197 1252 3344 1324 αὐτῷ
3389 1251 3533 1306 κατά
3561 1249 3652 1306 τὸν

2066 1338 2248 1409 τρίτον
2272 1338 2498 1411 οὐρανὸν
2529 1338 2827 1409 πεφηνέναι
2851 1340 3149 1412 συνίστησι.
3169 1341 3242 1394 Τὸ
3265 1342 3343 1406 δὲ,
3365 1342 3477 1395 Καὶ
3495 1341 3649 1407 οἶδα,

2065 1430 2231 1485 πάλιν
2262 1431 2676 1503 ἐπιφερόμενον,
2707 1431 2816 1486 τὸν
2851 1431 3123 1488 τοιοῦτον
3161 1434 3495 1502 ἄνθρωπον,
3527 1433 3652 1487 εἴτε

2069 1522 2138 1576 ἐν
2156 1522 2401 1593 σώματι,
2435 1523 2556 1577 εἶτε
2588 1524 2762 1588 ἐκτὸς
2790 1523 3085 1593 σώματος,
3106 1528 3139 1581 ό
3182 1526 3328 1591 Θεὸς
3346 1521 3532 1588 οἶδεν,
3561 1523 3652 1577 ὅτι

2068 1614 2310 1684 ἡρπάγη
2336 1617 2423 1681 εὶς
2467 1613 2576 1669 τὸν
2620 1613 3020 1682 παράδεισον,
3070 1616 3263 1688 ἑτέραν
3304 1611 3460 1679 αὖθις
3501 1612 3650 1686 αὐτῷ

385 1708 732 1781 paradisum:
756 1704 903 1759 aliud
936 1718 1128 1758 rursus
1159 1703 1213 1755 in
1242 1701 1499 1771 paradiso
1529 1699 1606 1753 illi
1633 1696 1961 1769 patefactum

2069 1706 2486 1777 πεφανερῶσθαι
2511 1705 2653 1759 κατά
2683 1706 2776 1759 τὸν
2806 1707 3132 1779 παράδεισον
3159 1705 3499 1775 ἀποκάλυψιν
3536 1704 3645 1758 δεί-

386 1810 443 1857 et
473 1799 771 1855 revelatum
802 1793 1064 1849 ostendit.
1124 1791 1251 1846 Ha‘c
1292 1801 1472 1846 autem
1507 1804 1573 1845 eo
1618 1789 1783 1854 dicit,
1820 1786 1968 1859 quod

387 1890 726 1947 contrarium
780 1887 1079 1943 sentientes
1103 1927 1118 1951 ,
1161 1883 1478 1955 paradisum
1508 1889 1719 1935 tantum
1744 1880 1968 1952 spirita-

384 1981 492 2036 lem
552 1986 818 2050 ponerent
867 1991 934 2031 ex
987 1973 1291 2044 apostolico
1346 1972 1533 2039 dicto,
1592 1972 1740 2026 velut
1797 1985 1966 2041 supra

386 2074 623 2139 cadum;
671 2079 730 2124 ut
778 2068 903 2124 inde
979 2066 1220 2121 futuram
1249 2066 1305 2119 in
1335 2064 1595 2136 paradiso
1627 2064 1795 2120 vitam
1845 2063 1967 2119 sine

384 2180 615 2236 corpore
644 2162 1058 2218 concluderent.

453 2256 525 2313 Χ.
557 2255 721 2311 Docet
756 2256 954 2318 etiam,
1005 2252 1211 2306 malum
1249 2249 1430 2306 facere
1477 2257 1574 2305 aut
1602 2264 1713 2303 non
1745 2246 1963 2314 facere,

382 2366 505 2405 esse
538 2350 594 2403 in
624 2356 813 2403 nostra
836 2354 1108 2417 potestate
1139 2363 1152 2400 :
1186 2359 1314 2399 nam
1363 2343 1605 2413 alioquin
1630 2358 1740 2396 non
1772 2356 1967 2412 pmnas

381 2442 659 2495 lueremus
711 2453 809 2509 pro
852 2437 994 2493 male
1029 2436 1198 2502 actis,
1259 2450 1361 2489 nec
1415 2434 1639 2505 praemia
1685 2433 1963 2504 recipere-

380 2547 506 2587 mus
538 2531 652 2604 (5i)
684 2545 782 2601 pro
805 2530 1017 2584 meritis
1045 2547 1057 2582 :
1081 2536 1137 2581 at
1165 2530 1406 2598 cogitare
1431 2564 1445 2591 ,
1483 2525 1568 2580 vel
1587 2538 1698 2579 non
1725 2525 1965 2594 cogitare

381 2625 546 2688 mala,
580 2638 686 2677 non
724 2637 848 2677 esse
873 2623 927 2675 in
958 2631 1144 2675 nostra
1176 2620 1415 2690 positum
1435 2625 1729 2689 potestate.
1761 2616 1966 2683 Quam-

381 2716 568 2770 obrem
613 2714 689 2766 ait
739 2712 989 2766 divinum
1053 2709 1282 2763 Paulum
1335 2708 1521 2763 dicere
1575 2726 1589 2763 :
1656 2705 1783 2761 Non
1825 2709 1963 2761 enim

380 2807 518 2879 quod
537 2805 681 2869 volo,
712 2803 807 2857 hoc
827 2818 958 2873 ago;
984 2800 1074 2856 sed
1105 2800 1240 2870 quod
1265 2800 1416 2864 nolo,
1444 2798 1539 2851 hoc
1571 2797 1711 2867 facio
1735 2796 1804 2852 '°.
1848 2794 1965 2850 Hoc

380 2906 467 2955 est
496 2917 508 2953 :
537 2897 659 2951 Non
685 2895 831 2966 quod
872 2894 994 2948 volo
1018 2893 1279 2963 cogitare,
1306 2892 1410 2945 hoc
1442 2890 1624 2960 cogito
1644 2931 1657 2955 ,
1692 2886 1789 2944 sed
1816 2886 1963 2958 quod

2069 1814 2246 1850 κνυσι.
2273 1797 2460 1851 Ταῦτα
2482 1797 2540 1850 δὲ
2556 1796 2724 1866 λέγει,
2752 1799 2875 1851 ἐπεὶ
2894 1799 2944 1851 οί
2967 1798 3035 1851 δι’
3065 1798 3312 1862 ἐναντίας
3342 1797 3433 1852 τὸν
3465 1796 3647 1869 παρὰ.

2060 1891 2241 1945 δεισον
2269 1893 2460 1962 νοητὸν
2492 1892 2676 1947 ἔθεντο
2708 1894 2773 1947 ὲκ
2805 1891 2900 1946 τοῦ
2930 1891 3289 1947 ἀποστολικοῦ
3340 1888 3527 1963 ῥητοῦ,
3569 1890 3647 1954 ὡς

2060 1985 2197 2040 ὅντα
2222 1986 2362 2057 ὑπὲρ
2400 1985 2493 2039 τὸν
2522 1986 2778 2058 οὐρανόν·
2816 1986 2904 2038 ἵνα
2951 1986 3013 2039 τὸ
3050 1986 3356 2057 ἀσωμάτως
3389 1982 3645 2053 γενέσθαι

2060 2075 2166 2148 τὴν
2187 2077 2246 2130 ὲν
2275 2074 2355 2146 τῷ
2386 2075 2702 2146 παραδείσῳ
2734 2076 3010 2148 διαγωγὴν
3041 2074 3359 2140 συνάξωσιν.

2135 2253 2193 2305 I'.
2232 2252 2353 2306 Ὀτι
2375 2254 2507 2324 φησὶ
2534 2252 2594 2306 τὸ
2620 2253 2718 2325 μὲν
2741 2252 2969 2325 πρᾶξαι,
2991 2252 3024 2324 ἢ
3059 2252 3134 2324 μὴ
3160 2249 3365 2324 πρᾶξαι
3384 2249 3453 2304 τὰ
3477 2248 3646 2314 κακὰ,

2065 2344 2148 2412 ἐφ’
2193 2345 2350 2414 ἡμῖν·
2403 2345 2526 2397 ἐπεὶ
2556 2344 2656 2398 οὐκ
2705 2344 2772 2398 ἂν
2810 2343 2965 2409 δίκας
3008 2343 3249 2415 ὲδίδομεν
3300 2341 3409 2396 τῶν
3458 2341 3650 2406 κακῶς

2062 2434 2377 2506 δρωμένων,
2429 2435 2537 2489 οὐδ’
2590 2436 2826 2507 ἀμοιϐάς
2857 2436 3236 2509 ἐλαμϐάνομεν
3278 2435 3386 2491 τῶν
3426 2435 3645 2500 καλῶς·

2063 2526 2125 2579 τὸ
2163 2526 2208 2580 δ’
2232 2526 2608 2600 ἐνθυμηθῆναι
2647 2528 2718 2582 τὰ
2773 2528 2953 2595 κακά,
3004 2529 3038 2601 ἢ
3079 2530 3175 2601 μὴ,
3218 2530 3319 2583 οὐκ
3357 2529 3442 2599 ἐφ’
3487 2531 3659 2601 mihi

2063 2619 2163 2673 Διά
2189 2618 2346 2674 τοῦτο
2379 2622 2471 2674 καὶ
2494 2621 2589 2676 τὸν
2610 2621 2752 2675 θεῖον
2781 2622 2992 2676 Παῦλον
3015 2639 3147 2693 φησι
3179 2621 3358 2692 λέγειν
3377 2639 3391 2652 ·
3423 2624 3505 2677 Οὐ
3534 2621 3654 2691 γὰρ

2064 2710 2096 2764 ὃ
2125 2710 2296 2777 θέλω,
2347 2712 2523 2767 τοῦτο
2575 2713 2830 2781 πράσσω
2846 2732 2860 2746 ·
2887 2714 3024 2769 ἀλλ’
3051 2714 3084 2768 ὃ
3127 2716 3199 2769 οὐ
3251 2716 3423 2778 θέλω,
3468 2713 3654 2769 τοῦτο

2063 2802 2211 2856 ποιῶ
2231 2821 2243 2833 ·
2273 2804 2581 2869 τουτέστιν,
2614 2806 2713 2876 οὐχ
2748 2805 2776 2859 ὂ
2800 2806 2938 2860 Θέλω
2978 2808 3201 2874 ἐννοεῖν,
3228 2807 3388 2861 τοῦτο
3442 2806 3651 2861 ἐννοῶο

2061 2894 2225 2948 ama
2258 2895 2332 2967 μὴ
2394 2894 2553 2949 θέλω.
2624 2895 3016 2969 Ἐκριζωθῆναι
3048 2896 3105 2951 δέ
3158 2914 3292 2969 φησι
3339 2897 3433 2951 καὶ
3470 2896 3533 2950 τὸ
3578 2895 3657 2951 τὰ

379 2990 532 3046 nolo.
586 2988 761 3042 Porro
812 2985 1150 3042 eradicatum
1202 2984 1278 3037 ait
1307 2982 1462 3036 mala:
1494 2980 1845 3051 cogitationis
1875 2980 1958 3033 vi-

2069 2987 2212 3041 κακά
2268 2987 2619 3059 ἐνθυμεῖσθαι
2687 2989 2775 3042 διὰ
2824 2991 2924 3061 τῆς
2969 2987 3064 3043 τοῦ
3120 2988 3349 3060 φυσικοῦ
3409 2987 3658 3044 Θανάτου

380 3081 541 3144 tium,
566 3078 886 3134 adveniente
922 3076 1160 3132 naturali
1190 3082 1364 3129 morte
1389 3089 1404 3125 :
1430 3088 1556 3127 nam
1586 3080 1639 3127 et
1660 3071 1784 3127 ideo
1809 3086 1960 3127 mors

2069 3048 2546 3151 napouoiar‘éml
2579 3082 2673 3135 ml.
2702 3081 2792 3135 διά
2813 3048 2971 3135 τουτο
3000 3084 3029 3135 ὁ
3062 3048 3288 3144 θάνατος
3306 3080 3459 3152 ἐδόθη
3494 3083 3658 3153 παρὰ

380 3171 656 3243 peccatori
687 3169 891 3225 inﬂicta
921 3177 1025 3231 est,
1054 3175 1113 3223 ut
1158 3184 1227 3223 nc
1256 3167 1459 3221 malum
1494 3175 1755 3221 aeternum
1792 3163 1955 3220 foret.

380 3264 648 3319 Caeterum
696 3279 805 3333 qua
859 3262 913 3316 id
974 3261 1191 3317 ratione
1261 3258 1714 3328 intelligendum?
1764 3255 1956 3312 Scien-

2060 3171 2196 3225 Θεοῦ
2239 3172 2318 3244 τῷ
2373 3172 2799 3246 ὲξημαρτηκότι,
2835 3176 2921 3229 ἴνα
2955 3175 3028 3247 μὴ
3068 3175 3332 3230 ἀθάνατον
3374 3173 3531 3245 μείνῃ
3590 3172 3659 3228 τδ

2061 3265 2251 3319 κακόν.
2285 3265 2444 3319 Ἀλλά
2475 3266 2591 3330 πῶς
2604 3267 2762 3321 τοῦτο
2796 3267 3005 3340 εἴρηται
3038 3266 3410 3338 (σημειωτέον,
3441 3267 3523 3319 ὅτι
3553 3265 3659 3319 καὶ

381 3358 511 3411 dum
541 3356 657 3428 (55)
695 3356 798 3411 hoc
826 3355 989 3411 etiam
1023 3355 1092 3409 ab
1118 3354 1243 3410 aliis
1266 3355 1474 3408 nostris
1501 3351 1758 3407 Patribus
1786 3350 1958 3441 fuisse

2069 3358 2241 3422 ἄλλοις
2268 3359 2425 3431 ἡμῶν
2451 3362 2728 3432 Πατράσιν
2763 3361 3017 3433 εἴρηται),
3036 3361 3195 3431 εἴπερ
3220 3362 3247 3413 ὁ
3277 3358 3505 3420 θάνατος
3532 3359 3663 3422 τοῖς

378 3447 663 3503 traditum.
699 3446 846 3502 Mors
891 3457 1038 3502 certe
1105 3461 1202 3516 per
1247 3444 1381 3499 illud
1436 3454 1651 3514 tempus
1690 3460 1798 3514 quo
1832 3444 1957 3514 quis

2069 3452 2245 3505 τοῦτον
2280 3454 2697 3527 μετερχομένοις
2750 3454 2892 3509 κατὰ
2921 3455 3013 3508 τὸν
3034 3453 3225 3525 καιρὸν
3274 3452 3480 3505 ἐκεῖνον
3519 3448 3661 3505 οὒτε

379 3540 471 3595 illa
501 3539 836 3611 defungitur,
860 3554 1038 3611 neque
1071 3536 1320 3593 accessio
1353 3542 1705 3607 peccatorum
1725 3575 1741 3602 ,
1777 3550 1958 3607 neque

379 3634 680 3691 subtractio
711 3633 899 3688 fuerit.

2069 3545 2352 3618 προσθήκη
2385 3545 2509 3601 οὒτε
2541 3547 2950 3621 ὐφαίρεσις(57)
2973 3545 3386 3619 ἁμαρτημάτων
3408 3543 3661 3612 γίνεταις

377 3859 761 3941 Compendiosa
803 3858 1076 3929 Expositio
1120 3859 1381 3913 dictorum
1425 3857 1775 3980 yuorumdam
1810 3872 1943 3927 apo-

554 3931 881 3980 stolicorum.
913 3945 978 3980 ea:
1012 3928 1192 3980 eodem
1225 3928 1283 3980 S.
1316 3928 1425 3980 Met
1445 3930 1570 3980 todii
1602 3928 1761 3980 libro.

2069 3858 2169 3913 Γοῦ
2205 3856 2414 3921 αὑτοῦ,
2462 3858 2532 3911 ἐκ
2579 3855 2685 3910 τοῦ
2733 3852 2920 3908 αὑτοῦ
2964 3852 3173 3921 λόγου,
3222 3846 3663 3903 demarthwa

2337 3928 2534 3980 ὀπτῶν
2569 3926 2851 3980 ἑρμηνεία
2883 3925 3035 3978 κατὰ
3070 3922 3357 3980 σύνοψιν.

554 3922 978 3995 εισίὶεονιιηι,ἐ;ε
1012 3928 1192 3984 eodem
1225 3928 1283 3984 S.
1316 3922 1570 3983 Methodii
1602 3928 1761 3984 libro.
1844 3922 1854 3927 ’

2331 3928 2534 3997 ῥητῶν
2569 3926 2851 3996 ἑρμηνεία
2883 3925 3035 3978 κατὰ
3070 3922 3357 3987 σύνοψιν.

1515 4040 1697 4114 (Apud
1719 4038 1972 4097 Pltotium
1996 4042 2153 4108 ibid.,
2181 4059 2302 4115 pag,
2334 4042 2493 4115 909.)

449 4155 491 4207 1.
514 4151 679 4208 Lecta
705 4161 789 4209 est
841 4167 908 4208 ex
948 4156 1139 4209 eodem
1168 4154 1319 4210 illius
1370 4152 1514 4208 libro
1554 4152 1950 4220 compendiosa

2129 4155 2207 4207 Μ.
2251 4151 2589 4223 Ἀνεγνώσθη
2640 4149 2736 4205 τοῦ
2778 4147 2966 4215 αὐτοῦ,
3006 4150 3073 4201 ὲκ
3104 4144 3199 4201 τοῦ
3243 4144 3406 4200 αὐτοῦ
3456 4143 3664 4213 λόγου,

376 4243 649 4299 dictorum
708 4245 1068 4315 quorumdam
1126 4246 1553 4316 apostolicorum
1614 4243 1946 4313 explanatio.

2069 4245 2428 4300 ἅποστολικῶν
2460 4243 2639 4315 ῥητῶν
2674 4242 2936 4314 ἑρμηνεία
2963 4240 3103 4295 κατά
3131 4239 3369 4308 σύνοψιν.
3410 4237 3665 4307 Ἴδωμεν

374 4336 675 4394 Videamus
702 4355 835 4395 vero
868 4339 1014 4410 quod
1061 4341 1299 4410 primum
1332 4339 1387 4393 in
1412 4338 1735 4408 Apostolum
1759 4337 1946 4393 dicere

2069 4337 2131 4401 Ξὲ,
2162 4337 2214 4390 τί
2247 4332 2315 4407 ἦν
2342 4336 2479 4408 ὅπερ
2509 4335 2724 4407 πρῶτον
2756 4335 2834 4396 είς
2866 4331 2959 4385 τὸν
3003 4328 3321 4384 Ἀπόστολον
3356 4325 3667 4399 προήχθη-

374 4431 487 4504 (56)
517 4433 762 4505 aggressi
796 4432 1094 4489 fueramus.
1126 4431 1260 4485 Nam
1294 4431 1439 4502 quod
1475 4432 1550 4485 ait
1581 4431 1627 4463 ⁵⁰
1665 4450 1678 4485 :
1716 4429 1826 4502 Ego
1852 4446 1949 4483 au-

2069 4444 2152 4482 ιεν
2189 4429 2383 4482 εἰπεῖν.
2423 4426 2498 4481 Τὸ
2532 4426 2670 4497 γὰρ,
2708 4424 2849 4497 Ἐγὼ
2893 4424 2962 4478 δὲ
2993 4422 3166 4489 ἔζων,
3212 4420 3401 4491 λεχθὲν
3453 4418 3665 4491 αὐτῷ,

443 4547 491 4583 ⁸⁸
522 4547 564 4604 11
593 4547 721 4604 Cor.
748 4563 848 4614 xu,
872 4549 928 4617 2,
969 4550 1023 4606 5.
1099 4549 1146 4582 ⁸⁸⁵
1169 4546 1324 4603 Rom.
1355 4562 1451 4610 vu,
1477 4547 1565 4601 15.
1624 4544 1670 4578 ⁵¹
1694 4543 1845 4601 Rom.
1879 4560 1976 4609 vu,
2007 4543 2062 4600 9.

2063 4679 2263 4748 quibus
2284 4678 2394 4747 jam
2418 4675 2642 4748 subiicit
2670 4688 2788 4730 sua.
2817 4672 3050 4748 Exstant
3078 4670 3184 4723 ista
3218 4668 3358 4748 apud
3395 4666 3668 4748 Epipba-

2059 4739 2209 4804 nium
2246 4739 2301 4801 n:
2334 4748 2423 4801 55.
2456 4739 2717 4801 Litteram
2761 4746 2899 4798 male
2947 4742 3389 4808 interpunctione
3444 4739 3502 4808 in
3534 4740 3669 4794 im-

2056 4823 2263 4891 pressis
2293 4818 2663 4891 depravatam,
2690 4829 2790 4869 nec
2823 4816 2959 4891 bene
2982 4806 3247 4891 redditam
3268 4806 3665 4891 restitufmus,

2058 4881 2119 4943 ἰιι
2153 4890 2269 4958 ipsa
2301 4881 2399 4956 per
2424 4902 2483 4943 se
2517 4887 2665 4958 clara
2709 4885 2987 4958 procedat.
3013 4881 3186 4958 Quod
3213 4894 3400 4958 porro
3423 4890 3673 4948 spectat

2057 4960 2125 5014 ad
2163 4949 2321 5013 istan-1
2379 4956 2633 5012 Methodii
2670 4949 3089 5024 eipositionem,
3140 4950 3298 5024 video
3337 4949 3674 5005 adversan-

2057 5038 2141 5086 tes
2169 5031 2352 5101 plure_s
2374 5029 2645 5099 iuniores,
2680 5022 2912 5101 quorum
2940 5025 3144 5101 leyiora
3165 5022 3451 5101 rideantur
3480 5035 3675 5090 argu-

2056 5090 2263 5156 menta.
2297 5090 2410 5167 Ego
2449 5112 2573 5152 cum
2616 5090 2893 5151 soliditate
2920 5091 3337 5167 subtilissimam
3373 5090 3669 5167 arbitror,

2055 5187 2220 5240 quam
2268 5161 2431 5226 etiam
2477 5168 2761 5240 amplexus
2808 5172 3129 5240 est_nostcr
3179 5161 3497 5240 gajetauus,
3556 5163 3677 5217 vir

2055 5231 2203 5296 certe
2231 5240 2377 5295 acris
2400 5231 2604 5309 ingenii
2624 5239 2680 5291 in
2708 5236 2961 5309 tenendo
2990 5249 3155 5289 sensu
3190 5231 3434 5292 litterati,
3466 5244 3669 5309 quem

2055 5326 2225 5367 unum
2254 5311 2366 5368 fere
2410 5300 2674 5366 sectatur.
2716 5305 2855 5360 Puto
2886 5316 3066 5360 tamen
3090 5319 3198 5359 non
3229 5314 3354 5356 esse
3406 5300 3681 5358 reStrin-

2053 5383 2287 5454 gendam
2336 5379 2689 5454 apostolicam
2717 5377 3089 5454 _sententiam,
3138 5371 3430 5454 ad_:solam
3484 5371 3675 5454 illam

2053 5441 2458 5509 ﬂethodianam
2500 5448 2915 5521 expositionem,
2966 5458 3144 5519 neque
3193 5443 3251 5500 id
3280 5441 3684 5566 conﬁnxisse

3588 5529 3678 5566 ο-

3476 5527 3678 5568 etno-

444 4682 567 4755 (54)
621 4682 728 4737 Nec
770 4686 1005 4755 praemia
1038 4688 1404 4755 reciperemus,
1445 4691 1552 4738 etc.
1586 4682 1742 4755 Apud
1806 4679 1954 4755 Plio-

369 4748 580 4825 tiu‘mﬁ
615 4748 804 4825 ἀμοιϐ.
862 4748 1222 4811 ιὶθεῑίιιιίιιίιιε
1277 4755 1399 4809 οὐδέ
1442 4770 1532 4825 ex
1591 4748 1954 4825 codice_Sir-

370 4821 586 4906 mundi'.
614 4821 841 4879 Tractat
879 4827 985 4881 ista
1017 4825 1324 4881 Methodius
1347 4842 1402 4879 ιι.
1437 4822 1505 4879 56
1537 4822 1678 4893 apud
1712 4821 1953 4892 Epipha-

370 4910 546 4950 mum.

444 4964 557 5047 gas)
582 4963 882 5047 §ciendu.m,
911 4977 1017 5021 etc.
1058 4966 1385 5047 ita_passim
1432 4962 1861 5047 Cbrysolstomus
1897 4967 1954 5047 et

371 5033 485 5090 alii.
511 5033 719 5090 Iudicat
744 5038 907 5092 etiam
938 5033 1201 5107 propheta
1231 5036 1341 5089 illis
1374 5033 1563 5107 verbis
1582 5051 1594 5085 :
1633 5033 1947 5100 Superuenit

371 5110 801 5178 mansuetudo!“
839 5104 1208 5178 corripiemur,
1252 5116 1360 5178 etc.
1392 5104 1754 5178 AAcceleratas
1802 5117 1953 5178 mor-

370 5182 457 5249 tes
478 5176 836 5249 quorumdam
868 5170 1143 5249 singulari,
1178 5176 1443 5233 beneﬁcio
1486 5175 1739 5249 legimus,
1772 5170 1950 5249 ut_Jo-

372 5242 622 5318 siBIetc.
650 5246 923 5318 Interpres
946 5242 1087 5303 male
1134 5248 1240 5302 ista
1275 5242 1904 5318 sequentibusucopulat
1933 5258 1948 5295 :

370 5316 547 5388 relut_
545 5316 638 5370 illa
667 5312 853 5372 dicant
897 5320 988 5374 alii
1024 5318 1237 5383 Patres,
1264 5312 1373 5372 non
1404 5312 1951 5388 priora_illa_Metbo-

371 5385 469 5470 dii.
507 5383 609 5470 Est
628 5388 787 5458 plane
810 5389 951 5470 illud
1185 5383 1547 5459 epiphonema
1576 5383 1781 5470 Pbotii,
1810 5398 1949 5454 qua-

369 5455 440 5510 lia
468 5454 670 5525 passifu
697 5468 982 5515 auctorum
1011 5454 1174 5515 dictis
1194 5454 1297 5515 ceti
1325 5473 1522 5514 censor
1540 5454 1802 5511 annectit.

443 5518 554 5599 (36)
580 5526 732 5599 Quod
759 5532 985 5597 primum
1014 5531 1067 5583 in
1095 5530 1407 5598 Apostolum
1435 5527 1635 5599 dicere,
1658 5536 1764 5599 etc.
1795 5524 1848 5578 τί
1875 5518 1946 5594 ἦν

368 5595 466 5671 ᾷπε
476 5612 506 5666 ρ
537 5595 821 5671 πρῷτον...
837 5595 1192 5671 προήχθημεν
1211 5601 1405 5671 εἰπεῖν.
1437 5595 1601 5671 Plura
1618 5596 1730 5671 jam
1749 5595 1804 5649 in
1819 5609 1947 5650 eum

369 5655 549 5722 locum
583 5655 1017 5740 'disputave‘rat',‘
1049 5655 1199 5727 {eiut
1244 5667 1575 5743 Origeuiana
1618 5655 1937 5730 destructis,

2118 5658 2231 5732 (37)
2272 5655 2510 5731 'I‘sat‘p.
2540 5656 2627 5713 Al.
2665 5656 2877 5726 ὕφεσις.
