3864 6162
410 243 518 301 199

1363 233 1426 292 S.
1466 229 1799 291 METHODII
1834 227 2145 289 EPISCOPI
2180 227 2271 288 ET
2300 226 2667 286 HABTYRIS

3563 230 3660 284 δυο

409 335 749 431 acceperam,
796 362 858 413 ut
885 353 965 412 illi
1008 351 1272 412 obediens
1328 353 1589 411 virentem
1637 366 1852 424 semper
1912 350 1969 407 ad

2079 350 2172 406 τὸν
2211 349 2485 423 ἁμαρτίας
2537 347 2837 422 ὑπάρχειν,
2879 343 2971 401 διὰ
3009 345 3109 417 τῆς
3146 341 3365 414 ἐντολῆς
3411 343 3662 416 ἀφορμὴν

407 450 878 508 immortalitatem
903 456 959 505 et
1012 448 1270 521 gaudium
1298 446 1465 502 vitam
1513 444 1806 507 haberem,
1840 459 1976 499 con-

409 543 673 600 temnenti
698 541 856 607 mihi,
888 541 1058 597 cessit
1091 540 1148 595 in
1184 545 1435 595 mortem.
1468 535 1678 608 Quippe
1727 534 1978 592 diabolus

408 653 572 708 quem
635 636 727 691 hic
777 633 983 690 Paulus
1035 640 1319 706 peccatum
1367 630 1789 702 appellavit,eo
1830 629 1977 700 quod

408 730 528 802 ipse
554 729 890 785 architectus
923 726 999 783 sit
1035 735 1090 783 et
1136 733 1329 781 auctor
1360 722 1593 795 peccati,
1632 723 1921 780 occasione
1947 738 1979 778 a

407 830 634 895 peccato
664 830 911 894 accepta,
959 829 1018 876 ut
1049 834 1147 890 per
1198 816 1622 873 inobedientiam
1680 815 1975 886 deciperet,

406 917 693 988 deceptum
715 916 948 983 occidit;
980 914 1369 983 sententiaeque
1388 911 1534 966 illius
1557 909 1765 981 peregit
1790 923 1976 967 reum:

409 1004 478 1061 In
503 1024 609 1078 qua
638 1015 813 1078 autem
858 1004 942 1060 die
977 1002 1306 1058 comederitis
1355 1015 1421 1056 ea:
1467 1017 1551 1066 eo,
1592 1011 1758 1054 morte
1788 1013 1979 1053 morie-

405 1072 559 1155 mini.
592 1072 780 1170 Itaque
836 1097 921 1153 lea:
976 1094 1187 1167 quidem
1235 1101 1423 1149 sancta
1452 1101 1501 1148 et
1531 1091 1840 1146 mandatum
1860 1107 1980 1145 san-

405 1200 568 1256 ctum,
587 1198 636 1246 et
661 1189 892 1261 justum,
922 1196 972 1243 et
995 1186 1186 1241 bonum
1218 1184 1267 1216 "
1292 1204 1305 1240 :
1340 1185 1489 1240 velut
1503 1183 1762 1238 nimirum
1792 1182 1861 1237 ad
1890 1196 1981 1239 sa-

404 1284 597 1350 lutem,
628 1298 740 1338 non
768 1280 837 1336 ad
869 1280 1095 1337 exitium
1122 1276 1493 1334 datum.Nihil
1516 1276 1660 1333 enim
1690 1276 1978 1332 credamus

406 1373 528 1432 ﬁeri
554 1390 587 1429 a
624 1372 738 1429 Deo
759 1370 951 1427 inutile
999 1375 1053 1426 et
1099 1367 1344 1425 noxium.
1369 1365 1475 1434 Qui
1513 1366 1686 1437 ergo?
1708 1362 1860 1433 Quod
1882 1362 1975 1418 bo-

403 1486 535 1526 num
574 1467 795 1524 εδιτιιὲὴὶ
808 1467 1009 1538 factum
1026 1469 1103 1519 est
1120 1472 1258 1515 mors
1288 1459 1373 1515 "2
1412 1459 1465 1514 id
1516 1457 1797 1522 nimirum,
1832 1456 1977 1529 quod

402 1562 606 1619 summi
637 1575 700 1615 ac
725 1557 985 1630 praecipui
1015 1553 1302 1625 cujusdam
1351 1551 1484 1609 boni
1512 1565 1681 1606 causa
1706 1549 1974 1615 futurum,

401 1653 540 1709 mihi
598 1650 776 1707 luerat
822 1649 938 1722 lege
989 1644 1356 1719 praeceptum?
1406 1642 1581 1699 Absit.
1604 1640 1793 1713 Neque
1833 1642 1977 1696 enim

2084 441 2267 498 λαϐὼν
2299 442 2437 514 πρὸς
2467 440 2747 513 παρακοήν
2773 437 3054 509 ἀπατῆσαί
3092 452 3179 509 με,
3209 436 3500 507 ἀπατήσας
3529 435 3662 489 ἀπέ-

2085 552 2290 591 κτεινε⁸
2326 533 2424 606 τῷ,
2454 526 2538 607 τῌ
2587 532 2640 585 δ’
2691 530 2768 587 ἂν
2808 530 2997 600 ἡμέρα
3047 527 3272 599 φάγητε
3303 526 3405 583 tiu‘
3453 524 3660 580 αὐτοῦ.

2085 628 2316 698 θανάτῳ
2351 624 2774 691 ἀποθανεῖσθε,
2817 622 3187 695 κατακρίματι
3237 618 3535 675 ὑπεύθυνον
3573 635 3669 689 γε-

2084 721 2270 777 νέσθαι
2312 717 2808 790 κατεργασάμενος.
2835 717 3012 770 Ὥστε
3048 719 3081 770 ὁ
3116 712 3235 785 μὲν
3265 712 3451 783 νόμος
3478 710 3661 782 ἅγιος,

2085 814 2185 869 καὶ
2231 816 2269 884 ἡ
2320 811 2539 881 ἐντολὴ
2585 809 2692 865 τοῦ
2738 809 2888 865 Θεοῦ
2939 809 3097 879 ἁγία,
3140 806 3239 861 καί
3294 805 3524 869 δικαία,
3561 803 3661 858 καὶ

2084 906 2273 977 ἀγαθή
2296 923 2311 937 ·
2345 905 2426 960 ὅτι
2473 904 2548 977 μὴ
2585 903 2677 956 ἐπὶ
2720 902 2782 956 τὸ
2827 900 3045 972 βλάψαι,
3097 898 3212 953 ἀλλ’
3259 898 3352 951 ἐπὶ
3383 896 3445 950 τὸ
3489 894 3662 950 σῶσαι

2084 998 2261 1072 ἐδόθη.
2297 996 2391 1069 Μὴ
2437 994 2546 1067 γὰρ
2588 992 2827 1066 οἰώμεθα
2876 990 3147 1062 ἀνωφελές
3200 1007 3255 1043 τι
3304 988 3338 1061 ἢ
3402 987 3662 1061 βλαϐερὸν

2084 1093 2258 1145 ποιεῖν
2287 1089 2380 1143 τὸν
2410 1086 2561 1142 Θεόν.
2594 1086 2660 1139 Τί
2704 1079 2827 1151 οὖν;
2867 1084 2937 1139 Τὸ
2989 1082 3213 1154 ἀγαθὸν
3252 1080 3381 1152 ἐμοὶ
3424 1081 3681 1150 ἐγένετο⁸

2083 1182 2374 1249 θάνατος;
2420 1179 2450 1234 ὃ
2490 1177 2583 1233 τοῦ
2632 1178 2888 1250 μεγίστου
2936 1193 3025 1248 μοι
3069 1174 3146 1239 ὡς
3194 1175 3362 1229 αίτιον
3405 1172 3660 1243 ἐσόμενον

2084 1273 2311 1344 ἀγαθοῦ,
2348 1271 2701 1345 νομοθέτημα
2746 1269 2941 1342 ἐδόθη;
2990 1267 3089 1337 Μὴ
3129 1266 3401 1339 γένοιτο]
3429 1266 3549 1319 Ὀτι
3585 1264 3659 1337 μὴ

2083 1367 2117 1438 ή
2144 1364 2332 1438 ἐντολὴ
2361 1363 2456 1418 τοῦ
2485 1363 2620 1417 Θεοῦ
2650 1365 2729 1428 είς
2755 1362 2816 1417 τὺ
2844 1359 3317 1431 καταδουλωθῆναί
3353 1375 3421 1430 με
3447 1357 3660 1427 ἐγένετο

2081 1461 2149 1531 τῇ
2181 1458 2355 1532 φθορᾷ
2392 1458 2559 1521 αίτία,
2581 1456 2694 1511 ἀλλ’
2732 1457 2762 1509 ό
2805 1453 3080 1517 διάϐολοςο
3134 1453 3220 1506 ἵνα
3252 1450 3536 1524 φανερωθῇ
3569 1448 3658 1505 διὰ

2081 1550 2175 1605 τοῦ
2203 1550 2406 1622 ἀγαθοῦ
2436 1551 2496 1604 τὸ
2519 1550 2690 1605 κακὸν
2722 1547 3134 1611 κατασκευάσας
3153 1562 3167 1576 ³
3199 1545 3287 1600 ἶνα
3312 1544 3536 1615 γένηται
3564 1545 3657 1598 καὶ

2082 1644 2309 1717 ἐλεγχθῇ
2367 1644 2489 1698 καθ’
2533 1641 2836 1714 ὑπερϐολὴν
2887 1642 2916 1694 ό
2962 1637 3189 1711 εὑρετὴς
3240 1636 3340 1708 τῆς
3385 1635 3656 1709 ἁμαρτίας

404 1743 502 1801 Dei
529 1741 843 1798 mandatum
866 1739 999 1795 mihi
1020 1752 1187 1794 causa
1212 1736 1334 1802 fuit,
1364 1743 1423 1792 ut
1455 1733 1969 1806 corruptionisjugo

2079 1735 2415 1807 ἁμαρτωλός.
2450 1732 2708 1803 Οἴδαμεν
2736 1732 2867 1801 γὰρ,
2899 1731 2988 1785 ὅτι
3016 1734 3049 1785 ὁ
3079 1730 3262 1799 νόμος
3304 1728 3438 1782 ἐστὶ
3476 1741 3656 1781 πνευ-

401 1836 770 1906 manciparer,
804 1831 902 1890 sed
929 1831 1179 1887 diabolus
1217 1827 1333 1901 ('58)
1374 1848 1388 1884 ε
1415 1836 1476 1883 ιιι
1511 1828 1689 1900 palam
1721 1827 1969 1899 prodere-

2079 1828 2348 1899 ματικός·
2382 1827 2464 1881 διὸ
2491 1827 2585 1881 καὶ
2614 1825 2766 1880 οὐδὲν
2791 1823 2963 1888 αἴτιος
2993 1822 3197 1894 βλάϐης
3231 1820 3425 1875 οὐδενί.
3461 1819 3659 1892 Πόρῤω

403 1938 517 1993 tur,
547 1926 643 1998 qui
702 1940 799 1996 per
849 1923 1055 1980 bonum
1109 1920 1243 1977 mihi
1286 1927 1435 1977 esset
1464 1920 1688 1975 molitus
1731 1918 1969 1985 malum;

400 2019 665 2089 ﬁeretque
692 2023 748 2072 et
773 2014 1200 2071 convinceretur
1252 2012 1504 2068 inventor
1531 2009 1764 2082 peccati,
1806 2023 1973 2080 supra

401 2109 625 2165 modum
651 2114 928 2180 peccator.
952 2104 1162 2159 Scimus
1187 2103 1327 2157 enim
1380 2102 1507 2172 quia
1549 2100 1634 2155 lea:
1674 2100 1971 2171 spiritualis

398 2200 544 2257 est"
580 2213 816 2270 :eoque,
863 2196 1001 2252 nulli
1028 2196 1208 2263 ullius.
1228 2185 1420 2250 damni
1458 2201 1543 2250 est
1575 2207 1762 2249 causa.
1794 2192 1970 2264 Spiri-

399 2292 567 2348 tualia
593 2290 761 2355 enim,
793 2287 985 2360 procul
1034 2302 1065 2342 a
1126 2285 1424 2357 cupiditate
1452 2285 1627 2340 aliena
1667 2299 1697 2339 a
1736 2286 1970 2353 ratione,

398 2383 592 2456 procul
620 2398 651 2438 a
684 2392 911 2453 peccato
936 2370 1205 2435 habitant.
1230 2377 1343 2449 Ego
1370 2390 1545 2434 autem
1574 2377 1809 2431 carnalis
1830 2394 1969 2445 sum,

399 2472 745 2530 venumdatus
763 2472 860 2527 sub
898 2481 1128 2542 peccato.
1163 2468 1333 2537 Quasi
1360 2469 1566 2529 diceret
1594 2489 1607 2524 :
1641 2468 1752 2540 Ego
1788 2477 1971 2523 autem

399 2566 639 2621 carnalis
674 2579 819 2630 sum,
845 2573 900 2619 et
928 2563 984 2618 in
1007 2560 1136 2619 boni
1166 2561 1405 2631 malique
1428 2560 1689 2625 conﬁnio,
1722 2561 1872 2616 velut
1905 2560 1972 2614 li-

398 2656 515 2713 beri
539 2656 776 2720 arbitrii,
807 2653 1053 2727 positus;
1080 2662 1139 2709 ut
1165 2654 1221 2709 in
1270 2668 1391 2709 mea
1414 2655 1486 2709 sit
1515 2658 1807 2724 potestate,
1839 2652 1971 2724 quid

2076 1919 2185 1994 γὰρ
2214 1920 2506 1992 ἐπιθυμίας
2545 1920 2738 1989 ἀλόγου
2783 1918 2878 1972 καὶ
2929 1917 3201 1990 ἁμαρτίας
3247 1915 3546 1987 ἐσκήνηται
3589 1912 3658 1969 τὰ

2078 2013 2439 2085 πνευματικά.
2486 2011 2631 2083 Ἐγὼ
2670 2011 2739 2065 δὲ
2779 2011 3064 2080 σάρκινός
3112 2011 3250 2078 ειμι,
3280 2005 3658 2076 πεπραμένος

2075 2106 2195 2161 ὑπὸ
2225 2106 2339 2176 τὴν
2370 2107 2679 2177 ἁμαρτίαν.
2715 2098 2871 2159 Οἷονο
2909 2102 3048 2173 Ἐγὼ
3078 2101 3134 2155 δὲ
3164 2102 3416 2174 σάρκινος
3444 2099 3539 2165 ὣν,
3563 2099 3660 2153 καὶ

2077 2198 2135 2252 ἐν
2187 2198 2336 2270 μέσῳ
2366 2188 2466 2252 τοῦ
2513 2196 2717 2267 ἀγαθοῦ
2770 2198 2865 2251 καὶ
2913 2194 3150 2268 πονηροῦ
3184 2191 3548 2256 κατασταθεὶς
3579 2191 3656 2255 ὡς

2076 2289 2441 2358 αὐτεξούσιος,
2471 2290 2558 2343 ἵνα
2587 2290 2673 2343 ἐπ’
2706 2290 2829 2360 ἐμοὶ
2865 2287 3079 2342 ἑλέσθαι
3102 2287 3131 2341 ὃ
3179 2285 3437 2357 βούλομαι
3564 2283 3660 2338 Τέ-

2077 2387 2242 2438 θεικιι
2272 2382 2381 2454 γὰρ
2412 2383 2523 2453 πρὸ
2552 2381 2874 2452 προσώπου
2901 2397 3039 2446 σου,
3062 2380 3215 2452 φησὶ,
3239 2378 3354 2447 τὴν
3381 2376 3534 2448 ζωὴν
3557 2376 3659 2431 καὶ

2075 2479 2182 2531 τὸν
2222 2475 2496 2531 θάνατον.
2536 2474 2752 2539 Νεύσας
2772 2475 2907 2546 πρὸς
2952 2472 3014 2527 τὸ
3047 2470 3389 2545 παρακοῦσαι
3428 2471 3528 2542 μὲν
3560 2467 3660 2523 τοῦ

2077 2566 2446 2639 πνευματικοῦ
2472 2566 2636 2638 νόμου
2661 2583 2675 2597 ο
2722 2559 2811 2619 οἷα
2851 2564 2953 2635 τῆς
2977 2563 3195 2634 ἐντολῆς
3218 2579 3232 2594 ·
3264 2560 3568 2616 ἐπακοῦσαι
3599 2559 3663 2615 δέ

2075 2658 2169 2713 τοῦ
2205 2658 2417 2713 ὑλικοῦο
2465 2643 2673 2713 οἶα’τοῦ
2705 2657 2885 2729 ὄφεως
2910 2656 3009 2727 τῆς
3038 2654 3398 2727 συμϐουλίας·
3433 2652 3663 2723 πέπρα-

398 2748 559 2803 velim
594 2748 811 2818 eligere.
848 2745 1011 2801 Posui
1034 2744 1412 2816 enim,inq'uit,
1448 2752 1569 2798 ante
1596 2743 1787 2812 faciem
1822 2753 1969 2798 tuam

2079 2768 2178 2823 μαι
2206 2751 2294 2806 διὰ
2325 2750 2422 2824 τὴν
2448 2753 2701 2823 τοιαύτην
2725 2750 2957 2823 αἵρεσιν,
2989 2747 3171 2802 πεσὼν
3205 2747 3311 2801 ὑπὸ
3353 2744 3453 2818 τὴν
3475 2747 3666 2817 ἀμαρ-

397 2840 562 2893 uitam
591 2847 640 2892 et
670 2846 890 2892 mortem
914 2838 981 2896 ⁸⁸.
1010 2836 1148 2892 Cum
1198 2837 1380 2908 itaque
1419 2836 1757 2901 annuissem,
1782 2843 1842 2891 ut
1865 2836 1969 2908 legi

2079 2843 2216 2907 τίαν,
2239 2841 2317 2915 τῷ
2343 2842 2591 2915 διαϐόλῳ.
2615 2842 2775 2898 Ὅθεν
2813 2840 3059 2896 ἐντεῦθεν
3096 2838 3462 2911 πολιορκῆσάν
3499 2854 3568 2910 με
3596 2836 3663 2892 τδ

398 2930 624 3002 quidem
658 2930 912 3001 spiritali,
970 2929 1252 2995 mandato,
1292 2930 1536 2999 inquam,
1568 2944 1679 2983 non
1705 2926 1969 2998 obseque-

2079 2935 2245 2991 κακὸν
2275 2935 2506 3001 ἐνιζὰνει
2535 2936 2629 2989 καὶ
2656 2933 3068 3005 ἐμπολιτεύεται
3101 2931 3422 2986 είσοικίσθαι
3453 2929 3570 3002 (59)
3600 2930 3665 2983 ἐν

397 3036 524 3089 rer;
551 3021 883 3092 obsequerer
916 3036 1047 3077 vero
1075 3020 1177 3091 legi
1209 3020 1440 3085 carnali,
1489 3020 1757 3090 serpentis
1803 3019 1969 3074 nimi-

2079 3030 2141 3099 τῇ
2196 3027 2358 3099 σαρκί
2413 3044 2536 3098 μου,
2580 3026 2736 3097 δίκης
2774 3025 3079 3097 ἐντεθείσης
3134 3041 3245 3095 μοι,
3291 3024 3392 3097 τὴν
3433 3021 3664 3093 ἐντολὴν

398 3130 521 3169 rum
555 3113 805 3186 consilio,
820 3122 1039 3185 propter
1082 3113 1351 3184 eiusmodi
1413 3113 1736 3170 electionem
1777 3115 1966 3185 lapsus

2079 3118 2413 3191 ἰιθετήσαντι,
2440 3118 2712 3190 πραθῆναι
2738 3117 2816 3190 τῷ
2841 3118 3013 3189 κακῷ.
3050 3118 3139 3172 Διὸ
3164 3120 3257 3172 καὶ
3273 3118 3356 3183 τὸ,
3388 3120 3470 3173 Οὐ
3494 3117 3672 3189 τινώ-

396 3209 454 3263 in
483 3215 791 3279 peccatum,
823 3206 1041 3263 diabolo
1059 3208 1401 3263 venumdatus
1425 3223 1564 3261 sum.
1599 3206 1739 3263 Hinc
1766 3208 1969 3262 malum

2079 3226 2199 3265 σκω
2230 3211 2262 3264 ὃ
2298 3208 2713 3280 κατεργάζομαι
2734 3226 2749 3240 ’
2800 3211 2914 3274 καὶ,
2947 3208 3100 3264 Ποιῶ
3153 3209 3184 3263 ὃ
3216 3207 3393 3279 μισῶ,
3427 3208 3669 3282 λεγόμε-

394 3300 548 3355 velut.
594 3299 877 3366 obsidens,
929 3300 1063 3355 mihi
1112 3301 1459 3367 adhaerescit,
1517 3309 1681 3373 atque
1720 3302 1775 3356 in
1806 3318 1972 3359 carne

396 3406 517 3446 mea
552 3399 813 3463 tanquam
845 3393 902 3448 in
931 3392 1092 3450 domo
1126 3393 1367 3460 habitat;
1402 3394 1506 3448 hac
1533 3394 1719 3449 violati
1769 3411 1969 3466 praece-

395 3485 477 3556 pti
524 3486 695 3540 multa
750 3486 1025 3555 imposita,
1075 3486 1155 3541 uti
1204 3486 1349 3541 malo
1394 3486 1678 3542 venderer.
1735 3483 1891 3542 Unde
1920 3496 1974 3542 et

397 3576 543 3647 quod
573 3577 810 3632 dicitur:
844 3575 967 3631 Non
999 3595 1251 3650 cognosco
1276 3577 1412 3650 quod
1442 3594 1657 3648 operor:
1682 3585 1736 3633 et
1770 3596 1784 3633 :
1820 3576 1972 3645 Quod

397 3668 487 3722 odi
518 3668 658 3738 facio
685 3668 733 3700 "
769 3686 784 3723 :
815 3684 928 3725 non
961 3668 1042 3724 sic
1096 3669 1271 3741 accipi
1303 3669 1483 3735 debet,
1519 3669 1676 3740 quasi
1707 3669 1775 3725 de
1829 3669 1973 3725 malo

395 3775 561 3830 opere
592 3760 945 3831 intelligatur,
968 3760 1063 3816 sed
1091 3761 1374 3816 dumtaxat
1397 3761 1465 3816 de
1485 3761 1833 3833 cogitatione.
1850 3759 1968 3818 Non

395 3851 540 3906 enim
572 3854 846 3919 innostra
879 3864 964 3909 est
992 3860 1276 3925 potestate,
1309 3861 1371 3909 ut
1398 3854 1701 3927 cogitemus
1741 3854 1826 3910 vel
1858 3869 1970 3909 non

395 3945 696 4014 cogitemus
722 3946 949 4013 absona,
986 3946 1082 4003 sed
1144 3957 1202 4002 ut
1231 3953 1451 4001 utamur
1494 3946 1578 4002 vel
1606 3962 1714 4002 non
1744 3955 1967 4002 utamur

395 4034 668 4105 cogitatis.
694 4033 855 4103 Nam,
908 4052 976 4091 ne
1023 4037 1182 4092 nobis
1240 4036 1554 4092 istiusmodi
1606 4036 1967 4107 cogitationes

395 4126 681 4196 obrepant,
709 4142 830 4197 quae
883 4128 1148 4199 probandi
1201 4129 1377 4185 nostri
1427 4142 1593 4186 causa
1634 4129 1968 4187 intrinsecus

396 4218 788 4281 immittuntur,
818 4219 1108 4288 prohibere
1137 4234 1245 4275 non
1284 4233 1616 4289 possumus;
1645 4235 1755 4275 non
1777 4235 1969 4276 assen-

396 4308 485 4363 tiri
508 4317 561 4363 et
588 4325 697 4364 non
744 4311 845 4376 uti,
902 4326 1217 4382 possumus.
1249 4310 1540 4378 Quocirca,
1596 4312 1866 4383 ejusmodi
1897 4327 1968 4369 ne

2073 3320 2189 3358 νον·
2236 3304 2337 3357 οὐκ
2390 3303 2483 3356 ἐπὶ
2532 3303 2626 3356 τοῦ
2669 3302 2860 3375 δρᾶσαι
2906 3302 2968 3354 τὸ
3013 3299 3212 3371 φαῦλον
3252 3301 3666 3374 παραληπτέον,

2072 3385 2185 3449 ἄλλ’
2218 3397 2310 3449 ἐπὶ
2345 3394 2440 3449 τοῦ
2485 3395 2644 3467 μόνον
2686 3393 3072 3465 ἐνθυμηθῆναι.
3120 3394 3195 3447 Οὐ
3243 3393 3351 3466 γὰρ
3392 3392 3479 3464 ἐφ’
3525 3394 3668 3465 ἡμῖν

2030 3514 2042 3525 ο
2071 3488 2131 3542 τὸ
2164 3488 2584 3561 ἐνθυμεῖσθαι,ἢ
2621 3487 2696 3561 μὴ
2733 3485 3102 3559 ἐνθυμεῖσθαι,
3142 3489 3317 3540 κεῖται
3350 3485 3421 3539 τὰ
3456 3485 3665 3552 ἄτοπα,

2078 3580 2214 3636 ἀλλὰ
2243 3583 2304 3635 τὸ
2322 3582 2558 3655 χρῆσθαι
2584 3581 2618 3653 ἢ
2651 3581 2724 3653 μὴ
2748 3580 2984 3653 χρῆσθαι
3004 3583 3113 3645 τοῖς
3146 3579 3510 3652 ἐνθυμήμασι.
3540 3581 3673 3634 Κω-

2077 3672 2236 3727 λῦσαι
2282 3674 2379 3745 μὲν
2405 3673 2512 3743 γὰρ
2541 3673 2760 3727 πίπτειν
2804 3674 2889 3736 εἰς
2927 3674 3077 3745 ἡμᾶς
3118 3672 3244 3735 τοὺς
3274 3670 3568 3742 λογισμοὺς
3595 3674 3668 3726 οὐ

2075 3765 2380 3836 δυνάμεθα,
2423 3764 2866 3838 προσδεχομένων
2913 3761 3024 3835 (40)
3072 3760 3230 3835 ἡμῶν
3286 3759 3484 3826 ἔξωθεν
3540 3762 3669 3815 είσο

2076 3854 2434 3925 πνεομένους·
2470 3855 2544 3926 μὴ
2578 3853 2866 3924 πεισθῆναι
2897 3853 3099 3925 μέντοι,
3127 3852 3160 3925 ἢ
3199 3853 3274 3925 μὴ
3300 3852 3538 3924 χρῆσθαι
3566 3851 3670 3906 δυ-

2069 3944 2300 4015 νάμεθα.
2330 3945 2421 3998 Διὸ
2451 3945 2511 3997 τὸ
2544 3944 2642 4015 μὲν
2670 3945 2843 3999 θέλειν
2872 3943 3012 3998 αὐτά
3045 3944 3121 4015 μὴ
3146 3944 3514 4017 ἐνθυμηθῆναι
3546 3963 3661 3999 παι

2075 4036 2336 4108 ράκειται·
2358 4037 2419 4090 τὸ
2436 4037 2490 4090 δέ
2510 4037 2948 4113 κατεργάσασθαι
2968 4039 3049 4101 εἰς
3070 4036 3132 4091 τὸ
3157 4037 3435 4108 ἀφανίσαι,
3466 4038 3558 4091 ἴνα
3583 4038 3669 4109 μὴ

2068 4121 2226 4189 αὖθις
2251 4127 2379 4199 περὶ
2391 4124 2484 4180 τὸν
2511 4125 2769 4199 λογισμὸν
2782 4127 3105 4192 ἀνέλθωσιν,
3130 4126 3191 4181 οὔ
3215 4144 3231 4159 ·
3259 4128 3341 4182 ὅτι
3373 4127 3448 4201 μὴ
3474 4132 3668 4183 κεῖται.

2070 4217 2229 4272 τοῦτο
2248 4219 2332 4289 ἐφ’
2349 4221 2499 4290 ἡμῖν,
2519 4217 2594 4282 ὡς
2617 4204 2861 4288 ἔφην’ὧς
2887 4216 3023 4275 εἶναι
3040 4219 3131 4274 τὸν
3152 4218 3278 4274 νοῦν
3297 4220 3541 4276 τοιοῦτον
3563 4221 3671 4276 τοῦ

2077 4311 2267 4384 ρητοῦ’
2306 4314 2387 4366 Οὺ
2427 4313 2537 4381 γὰρ
2574 4312 2606 4365 ὃ
2644 4311 2818 4377 θέλω,
2867 4311 3013 4367 ποιῶ
3058 4312 3312 4383 ἀγαθόν·
3368 4311 3511 4366 θέλω
3547 4313 3671 4385 γὰρ

391 4399 637 4470 cogitare
690 4401 911 4471 quidem
970 4402 1125 4469 velle,
1168 4413 1370 4460 nostra:
1422 4412 1507 4460 est
1545 4406 1833 4475 potestatis
1867 4423 1879 4458 :
1912 4403 1967 4459 id

2079 4402 2155 4475 μὴ
2173 4402 2519 4475 ἐνθυμεῖσθαι
2548 4403 2584 4458 ἃ
2613 4403 2835 4475 βλάπτει
2864 4422 2950 4478 με.
2991 4406 3208 4477 Ἐπειδὴ
3230 4404 3389 4459 τοῦτο
3415 4406 3478 4460 τὸ
3522 4407 3674 4476 ἁγα-

394 4504 575 4549 autem
631 4494 851 4564 assequi
882 4500 943 4547 ut
970 4495 1187 4563 penitus
1217 4496 1639 4566 exstinguantur
1672 4511 1847 4565 neque
1874 4510 1969 4551 no-

2079 4493 2167 4548 θδν
2191 4496 2548 4567 πανάμωμον.
2570 4497 2680 4550 Καὶ
2704 4496 2879 4552 τοῦτο
2898 4496 3034 4567 μὲν,
3065 4496 3098 4550 ὃ
3130 4496 3284 4552 θέλω
3315 4497 3566 4569 ἀγαθὸν,
3586 4500 3673 4552 οὐ

388 4584 476 4642 bis
498 4585 732 4656 amplius
751 4598 1064 4653 occurrant,
1089 4587 1332 4642 minime.
1363 4586 1522 4654 Nam,
1553 4594 1614 4643 ut
1642 4587 1774 4658 dixi,
1794 4588 1968 4645 haud-

457 4740 661 4799 ”Rom.
692 4757 791 4805 vtt,
822 4742 907 4796 12.
984 4743 1031 4774 ⁸⁵
1059 4741 1310 4798 ibid.'l'5.
1400 4743 1445 4775 ⁸⁷
1480 4742 1609 4797 ibid.
1656 4744 1742 4801 14.

1840 4745 1886 4779 ⁸⁸
1916 4744 2082 4801 Eccli.
2115 4761 2207 4812 tr,
2236 4746 2334 4815 l8;
2367 4745 2479 4802 Jer.
2515 4747 2725 4813 “1,.8.

2061 4587 2222 4643 ’ποιῶ
2242 4605 2256 4618 ο
2306 4587 2339 4642 ὃ
2387 4588 2456 4642 δέ
2488 4589 2574 4659 μὴ
2614 4591 2785 4656 θέλω,
2822 4591 3074 4659 πράσσω
3117 4592 3336 4646 κακόν·
3375 4592 3438 4646 οὐ
3484 4592 3671 4647 θέλων

2828 4749 2873 4783 ⁸⁸
2908 4752 3057 4806 Rom.
3091 4764 3188 4813 vn,
3216 4748 3305 4804 15.

461 4927 577 5001 (38)
607 4927 713 4984 Sed
724 4929 1000 5009 diabolus.
1031 4931 1203 5009 Quem
1227 4932 1428 5009 ubique
1447 4931 1765 5009 dicit_Pauli
1819 4934 1955 5009 illud
2061 4937 2238 4993 lenter
2272 4948 2524 5009 peccator
2557 4957 2571 4993 :
2609 4954 2703 4994 seu
2738 4937 3007 5009 maximus
3036 4943 3309 5009 peccator.
3333 4934 3670 5009 ApudEpi-

388 4998 684 5075 peccatum.
722 4998 817 5054 Est
865 5004 1215 5075 paraplirasis
1269 4998 1417 5057 velut
1461 5005 1737 5075 continua,
1773 5007 1958 5075 sequi-

391 5067 587 5144 turque
611 5067 1315 5144 ,G_raacam'punctationem,
1350 5074 1649 5144 quagverba
1679 5067 1791 5139 illa,
1823 5067 1962 5129 δίλλά

388 5138 422 5209 ἡ
464 5139 730 5213 ἁμαρτία,
763 5138 1073 5213 referuntur
1102 5144 1167 5197 ad
1198 5138 1384 5213 priora
1421 5161 1437 5198 :
1469 5138 1856 5213 Latiniiautem
1890 5145 1958 5200 ad

391 5208 674 5285 sequentia
703 5208 968 5285 referunt,
989 5228 1152 5267 sensu
1176 5208 1286 5267 non
1312 5214 1384 5267 ita
1409 5214 1587 5283 plano.
1631 5212 1758 5269 Vult
1807 5230 1957 5285 ergo,

390 5291 501 5358 non
532 5277 725 5358 legem,
762 5280 855 5334 sed
891 5277 1175 5358 peccatum
1209 5277 1499 5358 occasione
1541 5285 1694 5352 legis,
1727 5277 1958 5358 mortem

389 5345 698 5428 induxisse,
721 5418 735 5428 .
756 5358 816 5428 ut
848 5345 1170 5428 ostendatur
1210 5345 1690 5428 convincaturq‘ue
1721 5354 1959 5409 maxima

392 5418 515 5497 eius
546 5418 945 5497 itu_pr0bilas___et
987 5424 1219 5497 malitia;
1281 5426 1426 5497 quod
1462 5418 1662 5479 malum
1700 5434 1955 5497 tantum,

393 5485 541 5567 bono
568 5486 662 5539 illo
699 5490 1080 5567 conciliaverit
1135 5508 1149 5544 :
1196 5485 1519 5567 egregieque
1571 5495 1807 5567 quadrat
1843 5485 1958 5550 Mei-

391 5555 666 5636 t‘liodianaa
698 5555 753 5609 in
782 5557 1079 5636 diabolum,
1110 5555 1259 5636 νει-8⁷
1292 5555 1603 5636 γενόμενοί
1630 5564 1752 5636 καθ’
1789 5566 1959 5636 ᾧπερ-

389 5622 554 5695 ϐολῂν
592 5622 964 5701 κάμαρτωλὸνλ·
995 5622 1222 5701 Paulina
1258 5622 1473 5700 phrasis
1506 5653 1518 5687 :
1553 5633 1655 5701 Qui
1690 5636 1762 5689 sit
1783 5622 1960 5691 factus

388 5707 486 5749 seu
519 5700 778 5750 ostensus
799 5712 865 5753 eo
901 5698 1075 5755 abusa
1113 5698 1346 5768 bonique
1382 5698 1748 5772 penei-sione,
1782 5706 1960 5762 excel-

2064 5005 2324 5079 phaniuin
2348 5016 2526 5063 tamen
2552 5025 2604 5062 ιι.
2629 5010 2699 5064 56
2721 5009 2952 5064 habetur
2976 5005 3168 5061 Latina
3190 5005 3478 5079 punctatio
3514 5022 3528 5059 :
3553 5005 3669 5064 sed

2067 5076 2246 5149 potest
2271 5078 2462 5134 vitiosa
2489 5094 2631 5142 esse,
2664 5094 2773 5134 non
2806 5080 2986 5133 minus
3021 5076 3267 5147 quamne
3291 5076 3494 5141 αἰτίας,
3530 5079 3671 5133 ἀντὶ

2065 5149 2183 5213 τοῦ,
2212 5150 2381 5214 αἰτία,
2438 5150 2585 5218 quod
2632 5149 2943 5205 immediate
2974 5149 3233 5219 praecedit
3266 5163 3279 5199 :
3311 5157 3673 5218 possemque

2066 5220 2180 5274 illic
2214 5223 2371 5290 plura
2414 5215 2627 5290 restitui
2661 5236 2729 5276 ex
2770 5215 2992 5290 nostris
3018 5215 3349 5290 Photianis';
3396 5215 3667 5290 puta,'n.

2064 5290 2154 5362 55,
2207 5287 2394 5362 initio,
2449 5288 2666 5362 ίδωμεν,
2700 5290 2823 5345 ἀντὶ
2855 5289 2971 5356 τοῦ,
3004 5288 3172 5360 ἴωμεν
3196 5307 3210 5321 ο
3259 5287 3667 5359 ἐνικίσσησαν,

2063 5361 2184 5415 ἀντὶ
2206 5361 2299 5414 τοῦ
2322 5361 2667 5432 ἐνεκίσσησα.

2137 5432 2252 5503 (59)
2281 5426 2678 5486 Εἱσοικίσθαι.
2710 5428 2903 5502 Epipb.
2938 5429 3068 5486 haer.
3095 5444 3241 5494 uiv,
3265 5443 3422 5484 num.
3450 5426 3522 5483 56
3546 5426 3670 5482 sub

2067 5500 2250 5565 eum,
2281 5503 2661 5557 εἰσοικείσθαι.

2107 5572 2269 5698 15:31,
2282 5571 2805 5698 Ιέρὲςιδεχομένων.
2838 5570 2983 5645 Lego
3009 5569 3144 5643 πρὸς
3171 5569 3404 5641 δοκιμήν
3428 5583 3499 5626 ex
3518 5564 3672 5641 Epi-

2069 5658 2269 5712 puanio
2291 5659 2344 5697 ιι.
2375 5658 2464 5698 at.
