3864 6162
409 274 515 330 5θό

1363 271 1424 327 S.
1467 269 1798 371 ME‘ZI‘HODH
1837 268 2146 326 EPISCOPI
2185 270 2274 326 ET
2315 270 2676 327 MARTYRIS

3549 272 3651 328 5H

406 393 548 465 gelt‘i.
585 391 651 448 In
683 389 923 448 omnibus
947 400 1123 447 autem
1150 409 1482 448 assumamus
1509 401 1715 448 scutum
1746 391 1894 463 ﬁdei,
1916 393 1965 446 in

2087 393 2211 447 Ἐπὶ
2237 391 2390 449 πᾶσί
2403 412 2467 448 τε
2481 394 2871 464 ἀναλάϐωμεν
2884 392 2993 447 τὸν
3008 393 3224 463 θυρεὸν
3240 390 3351 461 τῆς
3369 394 3644 462 πίστεως,

407 502 515 557 qua
534 486 796 554 possimus
827 486 1005 538 omnia
1033 484 1137 538 tela
1166 485 1471 556 nequissimi
1502 485 1656 555 ignea
1683 485 1977 556 exstingue-

405 592 465 632 re
493 593 512 631 :
534 586 583 631 et
604 575 811 648 galeam
837 574 1061 640 salutis,
1110 583 1159 630 et
1199 573 1438 646 gladium
1461 576 1706 642 spiritus,
1735 576 1871 646 quod
1896 585 1976 630 est

405 666 615 723 uerbum
672 665 771 722 Dei
825 682 844 720 :
893 672 953 719 ut
1002 666 1267 734 possimus
1295 674 1439 719 stare
1469 665 1717 720 adversus
1750 665 1973 721 insidias

2077 485 2148 539 ἐν
2176 480 2216 557 ᾖ
2240 484 2622 555 δυνησόμεθα
2659 485 2857 539 πάντα
2881 483 2950 538 τὰ
2970 484 3129 554 ,ϐέλη
3160 485 3265 540 τοῦ
3289 486 3555 555 πονηροῦ
3581 488 3652 541 τὰ

2075 574 2468 644 πεπυρωμένα
2488 574 2701 629 σϐέσαι
2722 593 2735 606 ·
2769 574 2869 629 καὶ
2900 572 3013 641 τὴν
3044 575 3514 644 περικεφαλαίαν
3545 575 3652 630 τοῦ

2074 667 2394 736 σωτηρίου,
2412 668 2509 721 καὶ
2527 667 2642 736 τὴν
2655 667 2957 736 μάχαιραν
2972 666 3078 721 τοῦ
3095 668 3451 737 πνεύματος,
3469 667 3503 721 ὅ
3520 667 3652 722 ἐστι

404 757 608 814 diaboli
639 758 686 790 “
707 774 727 812 :
754 758 1097 829 cogitationes
1124 757 1251 811 item
1280 756 1570 819 destruere,
1595 766 1644 812 et
1665 773 1867 812 omnem
1893 757 1965 811 al-

2070 755 2234 827 ρἧα
2274 756 2449 812 Θεοῦ·
2488 757 2638 826 πρὸς
2670 755 2737 810 τὸ
2770 757 3062 811 δύνασθαι
3095 756 3315 827 στῆναι
3350 758 3501 827 πρὸς
3537 757 3652 827 τὴν

407 850 687 904 titudinem
727 848 1059 904 extollentem
1108 864 1163 904 se
1205 846 1456 903 adversus
1501 849 1776 903 scientiam
1815 848 1973 903 Chri-

388 926 479 997 ἀἱ
504 940 568 997 ⁸⁸.
604 940 866 1008 Quoniam
900 956 1004 994 non
1045 948 1123 995 est
1170 939 1321 995 nobis
1377 939 1680 995 colluctatio
1724 941 1972 996 adversus

404 1048 616 1087 carnem
635 1041 686 1087 et
713 1033 1021 1103 sanguinem
1043 1031 1111 1086 ⁸⁸.
1144 1030 1267 1086 Non
1288 1032 1429 1087 enim
1456 1032 1596 1104 quod
1618 1032 1734 1087 volo
1756 1032 1969 1098 bonum,

405 1122 501 1177 hoc
521 1137 654 1194 ago;
680 1121 770 1177 sed
802 1121 939 1193 quod
973 1121 1083 1188 odi,
1110 1121 1245 1177 illud
1292 1122 1454 1192 facio.
1516 1122 1577 1180 Si
1620 1134 1794 1179 autem
1833 1124 1972 1196 quod

407 1212 548 1277 nolo,
586 1211 719 1267 illud
762 1212 938 1283 facio,
974 1213 1242 1267 consentio
1274 1212 1394 1283 legi,
1429 1215 1678 1285 quoniam
1708 1214 1844 1270 bona
1871 1225 1968 1270 est.

408 1301 563 1358 Nunc
593 1313 764 1358 autem
782 1304 901 1374 jam
931 1320 1035 1358 non
1074 1320 1167 1375 ego
1208 1319 1394 1373 operor
1422 1304 1580 1374 illud,
1607 1304 1698 1361 sed
1719 1306 1857 1377 quod
1881 1306 1974 1361 lia-

405 1398 539 1451 bitat
568 1396 625 1449 in
649 1412 728 1451 me
748 1405 1040 1465 peccatum.
1067 1394 1192 1451 Scio
1217 1397 1357 1450 enim
1380 1398 1507 1468 quia
1539 1414 1644 1452 non
1679 1397 1887 1452 habitat
1916 1399 1971 1453 in

402 1505 504 1553 me,
533 1489 627 1543 hoc
655 1497 733 1543 est
755 1489 810 1541 in
837 1503 998 1541 carne
1027 1503 1164 1553 mea,
1196 1487 1388 1542 bonum
1415 1488 1481 1543 ⁸⁷.
1520 1487 1789 1545 Praeclare
1820 1490 1970 1546 istud

403 1579 643 1651 quidem.
675 1578 1000 1635 Meministis
1027 1579 1193 1645 enim,
1242 1580 1388 1650 quod
1419 1580 1673 1651 superius
1706 1580 1808 1637 fuit
1836 1596 1970 1636 con-

403 1679 653 1727 stitutum
693 1690 707 1726 :
747 1677 807 1725 ut
839 1686 906 1725 ex
935 1685 1044 1741 quo
1069 1670 1306 1741 primum
1354 1671 1519 1727 homo
1553 1673 1835 1738 seductus,
1872 1672 1967 1729 Dei

2067 846 2385 916 μεθοδείαν
2410 846 2518 901 τοῦ
2546 846 2828 903 διαϐόλου
2848 866 2863 879 ·
2903 849 3233 921 λογισμούς
3262 865 3328 902 τε
3352 851 3648 915 καθελειν,

2073 939 2180 992 παὶ
2201 937 2323 995 πᾶν
2337 940 2552 1011 ὕψωμα
2567 940 2960 1011 ἐπαιρόμενον
2973 941 3122 995 κατὰ
3136 939 3245 1009 τῆς
3258 938 3530 1009 γνώσεως
3544 940 3651 994 τοῦ

2071 1031 2476 1100 Χριστοῦ.”οτι
2495 1031 2580 1102 μή
2607 1031 2777 1086 ἐστιν
2799 1033 2945 1103 ἡμῖν
2968 1034 3006 1102 ἠ
3031 1031 3193 1100 πάλη
3219 1032 3369 1101 πρὸς
3389 1026 3532 1101 αἷμα
3553 1030 3653 1085 καὶ

2072 1121 2288 1192 σάρκα.
2312 1126 2393 1179 Οὐ
2412 1124 2522 1193 γὰρ
2542 1123 2573 1178 ὃ
2595 1124 2747 1179 θέλω
2769 1124 3044 1193 πράσσω,
3067 1125 3207 1179 ἀλλ’
3229 1123 3259 1178 ὃ
3278 1123 3459 1195 μισῶ,
3473 1125 3652 1180 τοῦτο
3728 1146 3731 1151 ·

2072 1213 2237 1269 ποιῶ.
2248 1217 2317 1269 El
2329 1214 2396 1268 δὲ
2409 1214 2439 1268 ὃ
2452 1217 2524 1268 οὐ
2536 1214 2711 1281 θέλω,
2724 1215 2901 1270 τοῦτο
2931 1215 3099 1279 ποιῶ,
3115 1216 3389 1285 σύμφημι
3400 1214 3479 1281 τῷ
3488 1218 3652 1286 νόμῳ

2072 1306 2159 1361 ὅτι
2181 1307 2367 1372 καλός
2386 1306 2518 1377 (49).
2544 1305 2696 1360 Νυνὶ
2729 1304 2799 1359 δὲ
2826 1308 2937 1361 οὐκ
2962 1307 3051 1361 ἔτι
3076 1305 3191 1376 ἐγὼ
3228 1302 3652 1375 κατεργάζομαι

2070 1398 2237 1465 αὐτὸ,
2257 1398 2395 1453 ἀλλ’
2407 1399 2445 1468 ἠ
2468 1398 2721 1453 οἰκοῦσα
2735 1398 2805 1452 ἐν
2823 1397 2953 1468 ἐμοὶ
2967 1396 3240 1468 ἁμαρτία.
3250 1394 3392 1452 Οἶδα
3406 1402 3536 1467 γὰρ,
3562 1396 3651 1450 ὅτι

2071 1492 2181 1544 οὐκ
2201 1490 2354 1545 οἰκεῖ
2365 1490 2435 1544 ἐν
2447 1490 2575 1561 ἐμοὶ
2586 1531 2599 1555 ,
2613 1489 2885 1545 τουτέστι
2904 1490 2975 1543 ἐν
2989 1489 3063 1558 τῇ
3078 1490 3258 1558 σαρκί
3268 1507 3410 1558 μου,
3426 1487 3492 1542 τὸ
3509 1488 3653 1557 ἀταρ-

2071 1581 2199 1635 θόνο
2217 1579 2390 1652 ὀρθῶς
2410 1580 2602 1650 λέγων.
2620 1580 2911 1653 Μέμνησθε
2926 1579 2996 1650 γά
3004 1598 3054 1652 ρ,
3068 1579 3143 1644 ὡς
3159 1582 3337 1644 ἐντοῖς
3349 1579 3653 1652 ἔμπροσθεν

2070 1670 2447 1745 διωριζόμεθα,
2479 1672 2573 1743 ἀφ’
2605 1665 2667 1726 οὗ
2715 1671 2806 1725 τὸν
2855 1670 3141 1743 ἄνθρωπον
3171 1670 3514 1742 πλανηθέντα
3547 1668 3646 1743 τὴν

402 1762 716 1816 mandatum
756 1762 1007 1833 violavit,
1043 1762 1191 1827 inde,
1243 1778 1312 1818 ex
1365 1764 1735 1820 inobedientia
1790 1776 1965 1820 ortum

2075 1738 2305 1835 ἐντολὴν*
2317 1738 2579 1834 ἀθετῆσαι
2613 1763 2836 1836 συνέϐη,
2868 1738 3115 1819 ἐντεῦθεν
3141 1765 3206 1817 ἐκ
3232 1738 3346 1834 τῆς*
3368 1738 3649 1835 παρακοῆς

404 1861 709 1926 peccatum,
744 1853 928 1911 sedem
975 1855 1031 1909 in
1060 1870 1126 1910 eo
1154 1856 1422 1926 posuerit.
1481 1855 1574 1912 Sic
1602 1859 1748 1913 enim
1779 1858 1975 1915 seditio

398 1944 627 2002 conﬂari
654 1946 822 2016 coepit
853 1944 967 2016 (46)
1020 1963 1035 2001 :
1071 1961 1136 2002 ac
1192 1947 1524 2004 turbulentis
1580 1948 1974 2020 agitationibus

400 2037 935 2110 cogitationibusque
965 2037 1282 2108 incongruis
1310 2052 1503 2095 sumus
1536 2038 1751 2109 repleti,
1789 2040 1974 2096 divino

400 2130 583 2187 afﬂatu
608 2131 793 2196 vacui,
817 2146 1111 2202 rerumque
1135 2131 1190 2186 in
1218 2131 1449 2187 materia
1468 2139 1522 2186 et
1555 2146 1971 2203 corporearum,

398 2238 563 2294 quam
592 2223 825 2279 callidus
859 2222 1019 2281 nobis
1050 2237 1278 2294 serpens
1308 2221 1630 2291 insuﬂIaret,
1676 2225 1975 2297 cupiditate

400 2313 566 2385 pleni.
622 2311 763 2370 Hinc
812 2312 979 2380 Deus,
1032 2322 1263 2370 mortem
1292 2329 1401 2385 qua
1430 2313 1637 2372 deleret
1663 2325 1969 2387 peccatum,

399 2405 576 2462 nostri
597 2420 766 2462 causa
787 2406 1142 2478 excogitavit,
1170 2416 1227 2461 ut
1256 2421 1326 2462 ne
1359 2410 1415 2462 in
1446 2407 1608 2465 nobis
1645 2409 1973 2467 immortali-

396 2496 522 2568 bus,
547 2498 1004 2569 quemadmodum
1022 2498 1230 2554 dictum
1256 2508 1363 2565 est,
1393 2498 1774 2571 reﬂorescens,
1806 2504 1972 2561 etiam

397 2589 577 2662 ipsum
618 2590 925 2647 immortale
954 2598 1123 2648 esset.
1153 2590 1291 2647 Cum
1322 2607 1456 2664 ergo
1505 2593 1581 2648 ait
1620 2593 1920 2665 Apostolus
1953 2615 1968 2653 :

398 2680 525 2738 Scio
552 2683 690 2738 enim
721 2683 860 2754 quod
883 2700 987 2739 non
1017 2683 1228 2737 habitat
1256 2685 1311 2738 in
1342 2701 1444 2748 me,
1478 2684 1575 2740 hoc
1606 2694 1705 2753 est,
1728 2688 1784 2742 in
1815 2705 1973 2745 carne

400 2789 540 2839 mea,
563 2773 774 2844 bonum,
815 2782 1099 2846 peccatum
1133 2775 1308 2830 voluit
1343 2776 1680 2848 signiﬁcare,
1716 2781 1861 2851 quod
1903 2797 1972 2837 ex

398 2867 492 2922 illa
525 2866 697 2925 divini
732 2868 973 2924 mandati
1003 2868 1464 2940 transgressione,
1485 2884 1582 2941 per
1613 2871 1970 2943 cupiditatem

397 2956 456 3012 in
488 2970 591 3013 nos
624 2956 902 3013 invectum
931 2964 1016 3013 est
1053 2975 1067 3014 :
1120 2974 1189 3014 ex
1248 2973 1380 3029 quo,
1437 2975 1537 3016 ceu
1590 2962 1716 3017 novi
1746 2962 1968 3034 quidam

402 3048 610 3103 surculi
637 3048 959 3119 voluptariae
994 3064 1095 3105 nos
1124 3049 1507 3121 c0gitationes,
1570 3067 1669 3108 ceu
1730 3056 1964 3126 agmine,

394 3137 756 3192 circumstant
778 3151 993 3207 semper
1015 3142 1070 3192 et
1097 3135 1371 3193 obsident.
1420 3135 1517 3195 Est
1548 3140 1694 3194 enim
1725 3140 1781 3194 in
1807 3140 1966 3197 nobis

393 3230 595 3302 duplex
630 3230 1028 3302 cogitationum
1061 3245 1235 3301 genus
1266 3247 1282 3285 :
1318 3229 1638 3303 aliud'quod
1694 3247 1762 3288 ex
1809 3233 1965 3305 cupi-

393 3320 562 3377 ditate
588 3319 707 3386 illa,
732 3319 985 3375 latitante
1007 3318 1065 3373 in
1095 3333 1326 3390 corpore
1366 3320 1596 3375 excitari
1644 3321 1814 3390 solet;
1845 3338 1968 3393 quae

391 3408 673 3473 nimirum,
729 3416 787 3464 ut
830 3408 964 3475 dixi,
996 3423 1027 3463 a
1063 3408 1257 3465 fraude
1300 3409 1639 3482 artiﬁcioque
1695 3413 1962 3482 procedit,

391 3500 594 3556 addicti
620 3500 860 3556 materiae
887 3500 1114 3572 spiritus
1145 3499 1292 3571 (47);
1328 3500 1474 3556 aliud
1501 3509 1704 3568 autem,
1734 3502 1879 3574 quod
1897 3517 1964 3558 ex

392 3592 512 3663 lege
547 3591 790 3646 mandati
814 3590 1099 3646 derivatur
1137 3610 1151 3648 :
1193 3594 1334 3664 lege,
1368 3594 1616 3664 inquam,
1660 3594 1774 3658 illa,
1801 3610 1963 3667 quam

394 3682 618 3739 insitam
671 3689 726 3738 et
772 3697 803 3736 a
857 3694 1054 3737 natura
1089 3683 1387 3756 ingenitam
1444 3684 1730 3741 hausimus
1768 3703 1782 3739 :
1818 3686 1872 3741 in
1909 3684 1964 3740 id

392 3772 634 3827 animum
660 3770 986 3828 excitantem
1017 3781 1536 3846 provocantemque,
1574 3775 1721 3846 quod
1750 3783 1834 3831 est
1860 3776 1964 3831 ho-

392 3871 632 3919 nestum.
693 3862 772 3919 Eo
819 3864 898 3930 tit,
940 3873 1000 3922 ut
1050 3872 1235 3923 mente
1267 3865 1485 3937 quidem
1520 3866 1965 3923 condelectemur

393 3954 499 4027 legi
523 3954 619 4011 Dei
652 3974 667 4013 :
700 3954 806 4011 hoc
828 3958 973 4012 enim
995 3964 1080 4013 est
1107 3957 1271 4013 homo
1304 3958 1395 4014 ille
1432 3958 1665 4014 interior
1695 3978 1708 4015 :
1746 3960 1962 4030 cupidi-

393 4056 508 4102 tate
529 4056 713 4103 autem
745 4063 867 4119 qua:
893 4049 1104 4104 habitat
1143 4049 1203 4104 in
1233 4064 1420 4114 carne,
1456 4049 1560 4121 legi
1596 4048 1819 4106 diaboli.
1837 4049 1965 4106 Haec

390 4138 538 4194 enim
567 4152 633 4194 ea
657 4138 743 4194 lex
775 4149 860 4196 est
895 4139 1037 4212 (48),
1070 4156 1196 4196 cum
1247 4141 1431 4196 divina
1483 4156 1754 4212 pugnans,
1804 4142 1964 4213 eique

388 4230 688 4301 resistens;
734 4229 812 4284 illi
852 4230 1113 4286 nimirum
1168 4233 1371 4289 mentis
1406 4232 1464 4287 in
1501 4233 1727 4295 bonum,
1763 4232 1964 4303 impul-

389 4322 569 4389 sioni;
600 4338 723 4393 quae
751 4322 984 4380 vitiosas
1018 4322 1469 4397 feculentasque,
1495 4331 1549 4380 et
1582 4324 1652 4380 ad
1698 4324 1964 4397 improbi-

387 4420 553 4470 tatem
583 4415 880 4487 dissipatas
905 4416 1269 4488 cogitationes
1292 4417 1568 4489 producit.

454 4523 543 4581 ΙΙΙ.
568 4523 849 4598 Siquidem
876 4525 1174 4597 Apostolus
1225 4535 1339 4585 tres
1385 4529 1610 4583 omnino
1659 4529 1806 4601 leges
1854 4528 1958 4583 hoc

386 4618 443 4674 in
467 4619 588 4675 loco
609 4619 929 4677 distinxisse
961 4618 1251 4676 manifeste
1302 4619 1536 4676 videtur.
1573 4618 1693 4675 Una
1727 4621 1820 4675 illa
1847 4627 1951 4685 est,

380 4710 538 4780 juxta
574 4710 811 4766 insitum-
841 4711 1002 4769 nobis
1045 4711 1275 4778 bonum,
1327 4726 1494 4783 quam
1542 4720 1731 4783 aperte
1779 4712 1952 4782 legem

2074 1854 2172 1925 τὴν
2200 1853 2473 1925 ἁμαρτίαν
2504 1852 2773 1909 λαϐοῦσαν
2799 1852 3031 1922 γένεσιν,
3059 1847 3139 1917 είς
3160 1852 3324 1906 αὑτὸν
3352 1851 3650 1923 εἰσῳκηκέ-

2074 1960 2181 1998 ναι.
2214 1942 2369 1997 Οὕτω
2417 1942 2527 2015 γάρ
2578 1942 2767 2006 στάσις
2818 1942 3061 2007 ἐνέπεσε,
3097 1941 3427 2013 σφαδασμῶν
3464 1958 3522 1995 τε
3553 1941 3650 1996 καὶ

2073 2032 2346 2105 λογισμῶν
2394 2034 2673 2088 ἀνοικείων
2708 2033 3104 2106 ἐπληρώθημεν
3122 2051 3136 2065 ’
3172 2033 3497 2097 κενωθέντες
3549 2031 3649 2104 μὲν

2071 2123 2167 2177 τοῦ
2213 2126 2428 2196 ἐμφυσή
2438 2140 2606 2195 ματος
2637 2123 2731 2177 τοῦ
2761 2122 2918 2188 Θεοῦ,
2951 2123 3328 2196 πληρωθέντες
3370 2122 3427 2176 δέ
3458 2121 3649 2175 ἐπιθυ·-

2077 2215 2203 2286 μίας
2250 2213 2460 2285 ὑλικῆς,
2489 2217 2556 2286 ἣν
2597 2215 2626 2267 ὁ
2674 2213 3010 2293 πολύτροπος
3043 2215 3157 2284 (50)
3204 2212 3535 2283 ἐνεφύσησεν
3570 2213 3652 2276 είς

2074 2307 2220 2377 ἡμᾶς
2249 2305 2392 2375 ὄφις.
2426 2304 2519 2358 Διὸ
2543 2304 2640 2358 καὶ
2666 2304 2757 2359 τὸν
2790 2303 3019 2359 θάνατον
3044 2304 3074 2357 ὁ
3105 2304 3238 2368 Θεὸς
3268 2303 3404 2376 πρὸς
3435 2301 3653 2374 ἀναίρε-

2074 2414 2159 2451 σιν
2201 2395 2302 2467 τῆς
2343 2395 2617 2469 ἁμαρτίας
2664 2395 2806 2467 ὑπὲρ
2842 2394 3002 2467 ήμῶν
3035 2393 3324 2467 ἀνεύρετοο
3360 2393 3449 2447 ἵνα
3487 2393 3561 2465 μὴ
3590 2394 3652 2447 ἐν

2073 2488 2364 2553 ἀθανάτοις
2409 2490 2542 2562 ἡμῖν
2589 2486 2937 2553 άνατείλασα,
2962 2485 3039 2550 ὡς
3081 2486 3238 2557 ἔφην,
3278 2485 3540 2548 ἀθάνανος
3587 2479 3649 2556 ᾗ.

2075 2578 2235 2633 Ὅθεν
2277 2580 2308 2633 ὁ
2346 2578 2694 2642 Ἀπόστολος·
2736 2573 2882 2631 Οἶδα
2930 2576 3061 2648 γὰρ,
3105 2576 3196 2630 ὅτι
3238 2577 3351 2630 οὐκ
3399 2575 3551 2629 οἰκεῖ
3578 2574 3654 2629 ἐν

2070 2670 2224 2740 ἐμοὶ,
2258 2669 2572 2725 τουτέστιν
2614 2669 2684 2724 ἐν
2717 2667 2794 2738 τῇ
2818 2668 2999 2737 σαρκί
3019 2685 3156 2738 μου,
3201 2668 3268 2722 τὸ
3293 2666 3535 2738 ἀγαθὸν,
3562 2666 3653 2721 λέ-

2070 2778 2203 2832 γων,
2235 2761 2333 2835 τὴν
2376 2761 2484 2816 ἀπὸ
2530 2761 2632 2833 τῆς
2675 2760 3039 2833 παραϐάσεως
3083 2759 3171 2814 διά
3210 2761 3309 2830 τῆς
3355 2758 3653 2831 ἐπιθυμίας

2070 2852 2489 2907 είσοικισθεῖσαν
2518 2854 2598 2917 είς
2625 2853 2773 2924 ἡμᾶς
2808 2850 3081 2923 ἁμαρτίαν
3107 2849 3353 2921 βούλεται
3388 2849 3649 2922 μηνύειν

2069 2940 2138 3018 ἦς
2170 2946 2256 3016 δὴ,
2287 2944 2540 3017 καθάπερ
2572 2944 2928 3017 βλαστήματα
2973 2943 3086 3008 νέα,
3114 2945 3165 2996 ol
3206 2943 3473 3015 φιλήδονοι
3518 2942 3653 3015 περὶ

2071 3039 2217 3110 ἡμᾶς
2261 3039 2348 3092 ἀεὶ
2388 3038 2639 3109 λογισμοὶ
2671 3037 3034 3091 συνίστανται.
3070 3035 3237 3089 Δισσὰ
3277 3035 3386 3106 γὰρ
3430 3037 3489 3089 ἐν
3513 3036 3656 3106 ἡμῖν

2068 3129 2346 3201 λογισμῶν
2387 3128 2554 3201 γένη·
2603 3128 2664 3182 τὸ
2692 3127 2793 3200 μὲν
2824 3128 2932 3182 ἀπὸ
2966 3127 3069 3197 τῆς
3096 3125 3387 3196 ἐπιθυμίας
3414 3126 3512 3199 τῆς
3548 3128 3655 3197 ἐμ-

2067 3220 2416 3293 φωλευούσης
2459 3220 2518 3275 ἐν
2571 3220 2649 3291 τῷ
2703 3218 2915 3291 σώματι
2965 3219 3367 3290 συνιστάμενον,
3417 3218 3540 3289 ἥτις
3585 3219 3653 3287 ἐξ

2066 3313 2333 3379 ἐπινοίας,
2359 3312 2434 3376 ὼς
2464 3312 2621 3383 ἔφην,
2659 3310 2886 3381 συνέστη
2927 3309 3023 3364 τοῦ
3071 3309 3255 3365 ὑλικοῦ
3300 3309 3604 3380 πνεύματος
3626 3323 3648 3342 ο

2065 3404 2128 3459 τὸ
2150 3404 2208 3458 δὲ
2236 3404 2342 3457 ἀπὸ
2370 3402 2467 3457 τοῦ
2496 3404 2660 3475 νόμου
2689 3404 2784 3457 τοῦ
2810 3402 2953 3457 κατὰ
2984 3403 3084 3474 τὴν
3107 3400 3346 3473 ἐντολὴν,
3376 3401 3434 3454 ὃν
3472 3400 3652 3473 ἐμφυ-

2065 3514 2158 3552 τον
2189 3493 2455 3570 ἐλάϐομεν
2480 3497 2624 3569 ἔχειν
2648 3497 2742 3552 καὶ
2775 3496 3003 3567 φυσικὸν
3038 3495 3200 3566 νόμον
3226 3495 3362 3567 πρὸς
3394 3493 3456 3547 τὸ
3481 3493 3652 3550 καλὸν

2065 3590 2222 3662 ἡμῶν
2253 3568 2595 3661 ἐξενείροντα
2627 3590 2717 3643 τὸν
2749 3587 3193 3661 λογισμόν.”Οθεν
3236 3589 3302 3658 τῇ
3352 3585 3450 3657 μὲν
3481 3602 3651 3657 νομο-

2066 3682 2359 3759 θεσίᾳιτοῦ
2407 3683 2541 3736 Θεοῦ
2586 3680 2727 3735 κατὰ
2767 3681 2858 3736 τὸν
2908 3680 3033 3736 νοῦν
3078 3679 3443 3752 συνηδόμεθαο
3487 3677 3653 3733 τοῦτο

2064 3773 2173 3846 γὰρ
2203 3776 2231 3828 ὁ
2258 3774 2367 3828 ἔσω
2395 3773 2679 3845 άνθρωπος
2696 3790 2710 3804 ·
2751 3775 2819 3845 τῇ
2859 3773 2917 3828 δὲ
2963 3773 3253 3844 νομοθεσίᾳ
3277 3771 3369 3826 τοῦ
3396 3771 3651 3825 διαϐόλου

2064 3865 2207 3919 κατὰ
2234 3865 2330 3937 τὴν
2361 3865 2673 3920 ἐνοικοῦσαν
2700 3865 2990 3936 ἐπιθυμίαν
3031 3868 3089 3919 ἐν
3132 3867 3198 3936 τῇ
3242 3863 3422 3936 σαρκί.
3441 3863 3497 3917 ’0
3532 3861 3648 3932 γάρ

2065 3957 2616 4028 ἀντιστρατευόμενος
2668 3957 2762 4011 καὶ
2809 3956 3190 4027 άντιπράσσων
3236 3955 3313 4024 τῷ
3354 3955 3501 4026 νόμῳ
3543 3952 3646 4007 τοῦ

2063 4044 2219 4110 Θεοῦ,
2248 4041 2360 4099 οἷον
2400 4049 2468 4118 τῇ
2515 4046 2652 4118 πρὸς
2687 4046 2750 4099 τὸ
2777 4045 2980 4115 ἀγαθὸν
3013 4047 3157 4118 ὁρμῇ
3187 4044 3282 4099 τοῦ
3308 4045 3445 4109 νοὸς,
3476 4044 3646 4108 αὐτός

2064 4138 2229 4203 ἐστιν,
2260 4139 2288 4191 ὁ
2313 4137 2439 4202 τοὺς
2463 4137 2728 4208 ἐμπαθεῖς
2751 4137 3008 4209 άναφύων
3029 4138 3116 4191 ἀεὶ
3145 4137 3239 4191 καὶ
3258 4136 3485 4201 ὑλικοὺς
3500 4130 3644 4208 πρὸς

2064 4228 2295 4300 ἀνομίαν
2328 4229 2761 4301 περισπασμούς.

2132 4528 2210 4584 Γ’.
2225 4528 2386 4601 Τρεῖς
2399 4528 2509 4602 γὰρ
2528 4529 2722 4602 νόμους
2736 4529 3122 4603 ὑποτιθέμενος
3139 4533 3167 4585 ὁ
3178 4531 3385 4596 Παῦλος
3407 4533 3637 4602 ἀναφαν-

2061 4616 2150 4673 δὸν
2177 4618 2413 4672 ἐνταῦθά
2442 4637 2531 4691 μοι
2561 4620 3116 4689 καταφαίνεται.Ἕνα
3139 4622 3235 4693 μὲν
3268 4621 3409 4677 κατὰ
3447 4621 3507 4676 τὸ
3532 4620 3637 4693 ἔμ-

2061 4726 2226 4779 φυτον
2275 4712 2333 4764 ἐν
2375 4712 2505 4783 ἡμῖν
2537 4712 2759 4781 ἀγαθὸν,
2786 4713 2846 4767 ὃν
2880 4714 2973 4768 καὶ
3004 4714 3164 4787 νόμον
3191 4714 3377 4785 σαφῶς
3402 4713 3630 4769 ἐκάλεσε

459 4884 506 4918 ⁸³
536 4883 839 4957 ΕρΙιεε.’νι,
864 4886 956 4954 11,
998 4886 1194 4944 i347.
1271 4886 1315 4920 ⁸⁸
1345 4885 1410 4941 ΙΙ
1437 4885 1563 4943 Cor.
1597 4901 1654 4951 x,
1684 4886 1736 4942 5.
1814 4885 1860 4919 “
1885 4884 1964 4954 Ep

2070 4927 2075 4939 .
2106 4900 2181 4953 vn,
2213 4885 2301 4939 12.
2378 4885 2421 4918 ⁸⁷
2442 4884 2593 4941 Rem.
2624 4901 2720 4953 vn,
2762 4886 2939 4942 15-17.

456 5041 573 5113 (46)
606 5041 696 5115 Sic
722 5045 861 5100 enim
903 5044 1090 5101 seditio
1131 5045 1355 5115 conﬂari
1384 5045 1555 5113 caapit.
1599 5044 1795 5109 Στάσις
1844 5043 1953 5099 ἐνέ-

384 5112 522 5165 πεσε
543 5128 557 5141 ο
590 5112 740 5169 velut
772 5116 934 5170 irruit
964 5135 977 5171 :
1017 5112 1238 5186 justum
1297 5117 1418 5171 Iane
1439 5112 1717 5186 praemium
1774 5114 1952 5170 rebel—

384 5179 550 5238 lionis
577 5183 634 5238 in
675 5183 867 5239 Deum.
904 5184 1176 5239 lnternres
1210 5133 1387 5239 Pﬁotii
1436 5186 1594 5239 aliter
1635 5185 1845 5239 accenit
1891 5185 1951 5238 τὸ

383 5179 550 5256 tionis
577 5183 634 5238 in
675 5183 867 5241 Deum.
904 5179 1176 5256 interpres
1210 5179 1387 5240 Photii
1436 5179 1594 5241 aliter
1635 5185 1845 5256 accepit
1891 5185 1951 5238 τὸ

386 5251 593 5326 στάσις,
625 5268 726 5326 pro
752 5264 898 5326 statu
923 5275 936 5309 :
968 5251 1069 5311 sed
1092 5257 1276 5311 minus
1302 5257 1573 5326 congruit.

455 5322 880 5405 (Aph-{fraudi
894 5327 1221 5405 artiﬁciogue
1248 5322 1493 5405 procedit
1529 5325 1730 5405 addicti
1778 5334 1947 5405 mate-

384 5390 492 5466 ries
510 5393 750 5466 spiritus.
776 5394 881 5466 Ἐξ
909 5390 1148 5460 ἐπινοίας
1181 5390 1274 5449 τοῦ
1302 5395 1485 5449 ύλικοῦ
1509 5396 1836 5466 πνεύματος.
1865 5394 1953 5449 ln-

384 5460 577 5536 telligit
609 5463 905 5536 diabolum,
934 5481 1097 5536 quem
1148 5467 1401 5536 superius
1448 5481 1572 5536 cum
1607 5460 1950 5536 Athenagora

382 5530 523 5610 dixit
575 5532 793 5603 πνεῦμα
835 5530 970 5605 περ).
1007 5533 1106 5656 τᾶν
1162 5530 1319 5616 ὓλην.
1346 5534 1635 5616 γενόμενον
1700 5530 1956 5616 ὑπὸῑτοῦ

383 5598 540 5654 Θεου.
570 5598 732 5655 Velut
778 5617 904 5656 cum
929 5618 1034 5656 uua
1077 5618 1163 5656 am
1197 5604 1518 5656 habitudine
1547 5606 1614 5656 ad
1643 5616 1947 5656 materiam.

369 5598 545 5673 Θεοῦ.
570 5598 732 5673 Velut
778 5598 1163 5673 cum'quadaln
1197 5598 1518 5673 habitudine
1547 5606 1614 5659 ad
1643 5604 1947 5666 materiam,

383 5676 439 5724 et
472 5669 549 5724 illi
579 5672 878 5736 addictum,
914 5669 959 5726 a'
984 5673 1280 5729 creatione.
1306 5672 1621 5730 Plusculum
1655 5673 1795 5731 forte
1817 5675 1950 5729 dicit

2057 5044 2216 5170 illudb2
2241 5043 2470 5169 ῖοηῗςειε
2515 5059 2634 5098 cum
2662 5044 2907 5111 materia,
2930 5042 3177 5113 Petavii;
3207 5052 3268 5100 ut
3295 5050 3351 5101 et
3376 5058 3629 5113 corpora-

2080 5132 2144 5170 ts.
2218 5131 2248 5169 c
2269 5133 2320 5169 ιο
2372 5131 2409 5169 ι.

2080 5117 2144 5179 is,
2179 5115 2409 5169 Schotti.

2127 5186 2240 5257 (48)
2282 5185 2327 5238 Η
2335 5201 2408 5240 ωε
2432 5182 2567 5257 enim
2601 5183 2776 5257 eatea:
2798 5194 2895 5239 est.
2922 5181 3163 5257 _Bel‘crre
3211 5184 3406 5257 legem,
3434 5191 3487 5240 et
3511 5184 3632 5257 ipse

2057 5252 2367 5326 contextus,
2390 5260 2444 5309 et
2467 5256 2643 5326 littera
2672 5252 2958 5326 Epiphanii
2984 5268 3091 5326 qua
3113 5252 3461 5326 exprimitur,
3491 5252 3628 5326 satis

2058 5325 2258 5381 docent
2291 5341 2307 5377 :
2344 5340 2517 5393 eoque
2548 5323 2808 5379 Schottus
2831 5323 3017 5379 minus
3033 5323 3395 5380 bene'retulit
3416 5326 3482 5379 ad
3506 5325 3629 5379 dia-

2058 5394 2242 5450 bolum
2268 5395 2373 5451 sub
2419 5395 2619 5450 diaboli
2674 5396 2894 5449 nomine
2930 5412 2945 5449 :
2983 5394 3245 5448 hactenus
3275 5396 3418 5449 enim
3452 5396 3626 5464 legem

2057 5465 2163 5537 legi
2190 5465 2435 5536 Opponit,
2460 5464 3067 5537 subindegqexpositurus
3114 5475 3168 5519 et
3212 5464 3482 5521 divisione
3526 5465 3627 5520 de-

2057 5535 2384 5596 claraturus,
2409 5535 2719 5605 huiusmodi
2746 5535 2914 5605 leges.

2258 5606 2477 5678 Καλός.
2509 5606 2593 5658 Al.
2623 5604 2807 5678 xuii”.

2129 5672 2239 5747 (50)
2263 5676 2668 5744 Πολύτροπος.
2704 5674 2922 5746 Epiph.,
2951 5689 3009 5730 n.
3037 5673 3128 5739 60,
3165 5672 3525 5739 πολύπλοκος.
