3864 6162
216 273 327 329 305

1304 275 1398 332 EX
1436 278 1642 336 LIBRO
1682 278 1767 334 DE
1805 277 2406 336 RESURRECTIONE.

3358 276 3464 330 506

215 391 498 455 νοός.Ἕνα
521 390 580 444 δὲ
610 389 702 445 τὸν
734 391 800 445 ἐκ
848 391 1150 464 προσϐολῆς
1202 395 1588 467 συνιστάμενον
1635 397 1791 468 νόμον

1902 398 2100 454 mentis
2123 398 2379 469 appellat.
2411 395 2596 450 Altera
2627 401 2710 450 est
2737 408 2859 465 qua:
2906 409 2974 449 ex
3003 391 3323 464 nequissimi
3357 393 3463 446 ima

206 483 312 539 τοῦ
345 481 604 554 πονηροῦ,
637 483 730 536 καὶ
758 485 838 547 εἰς
868 483 968 548 τὰς
995 485 1262 556 ἐμπαθεῖς
1294 487 1579 552 ἐξέλκοντα
1613 491 1800 546 πολλά-

213 593 303 640 xc;
352 573 652 644 φαντασίας
704 574 801 646 τὴν
851 575 1050 646 ψυχὴν,
1093 577 1151 628 ὃν
1197 579 1682 650 ἐπιστρατεύεσθαι
1722 583 1799 656 τῷ

212 669 376 735 νόμῳ
401 665 508 720 τοῦ
534 665 676 733 νοὸς
703 666 827 736 ἔφη.
862 666 973 720 Καὶ
1000 667 1182 738 τρίτον
1227 669 1366 723 κατὰ
1398 671 1495 742 τὴν
1523 674 1799 746 ἁμαρτίαν

213 758 279 810 ἐκ
328 757 425 828 τῆς
469 757 762 828 ἐπιθυμίας
793 757 1134 830 σκιρώσαντα
1169 759 1282 831 (51)
1329 763 1387 815 ἐν
1419 765 1482 834 τῇ
1518 766 1698 837 σαρκὶ,
1740 765 1798 819 ὃν

211 847 503 916 ἁμαρτίας
551 848 740 917 νόμον
767 847 1048 901 οἰκοῦντα
1085 849 1155 902 ὲν
1182 848 1306 915 τοῖς
1327 849 1583 920 μέλεσιν
1611 851 1800 919 ἐκάλε-

215 957 309 993 σεν
333 957 346 970 ·
378 933 422 1008 ᾧ
442 940 806 1012 ἐποχούμενος
827 940 1086 1004 πολλάκις
1115 940 1238 994 καθ’
1255 942 1412 1012 ἡμῶν
1427 943 1796 1012 ἐγκελεύεται,

212 1029 354 1102 πρὸς
383 1029 594 1082 ἀδικίαν
633 1029 727 1083 καὶ
759 1028 988 1101 πράξεις
1015 1029 1356 1085 συνελαύνων
1389 1033 1584 1096 κακάς.
1613 1033 1800 1088 Φαίνε-

211 1138 302 1174 ται
328 1119 436 1192 γὰρ
455 1120 530 1184 ὡς
563 1121 776 1186 ἑαυτοῖς
804 1124 936 1194 ἡμῖν
964 1121 1024 1175 τὸ
1058 1122 1156 1194 μὲν
1187 1123 1416 1194 βέλτιον,
1447 1125 1508 1178 τὸ
1536 1125 1592 1179 δὲ
1618 1128 1799 1201 χεῖρον

212 1214 294 1266 δν.
333 1212 444 1266 Καὶ
475 1215 600 1268 ὅταν
642 1213 810 1288 μέλλῃ
855 1214 916 1268 τὸ
966 1214 1171 1285 βέλτιον
1217 1216 1376 1286 φύσει
1421 1217 1517 1270 τοῦ
1559 1218 1799 1290 χείρονος

213 1303 643 1376 ἐγκρατέστερον
671 1305 984 1377 γενηθῆναι,
1025 1309 1248 1380 φέρεται
1277 1310 1397 1374 ὅλος
1421 1313 1556 1382 πρὸς
1578 1313 1638 1366 τὸ
1663 1315 1800 1382 ἀγα-

213 1396 306 1449 θλν
347 1397 377 1448 ὁ
418 1396 575 1461 νοῦς·
622 1397 750 1452 ὅταν
783 1397 838 1450 δὲ
865 1399 927 1451 τὸ
964 1401 1144 1472 χεῖρον
1185 1401 1440 1474 ἐπιϐρίσῃ
1475 1404 1796 1470 πλεονάσαν,

211 1489 403 1558 ἄγεται
431 1489 591 1544 πάλιν
624 1491 994 1563 ἀντιστρόφως
1042 1493 1179 1565 πρὸς
1211 1492 1503 1565 λογισμοὺς
1551 1498 1801 1570 χείρονας

210 1581 242 1634 ὁ
274 1581 575 1654 ἄνθρωπος.
608 1574 684 1636 Ob
725 1583 790 1654 δὴ
833 1584 929 1638 καὶ
958 1584 1116 1656 χάριν
1158 1586 1186 1638 ὁ
1226 1585 1549 1652 ’Λπόστολος
1583 1587 1800 1660 εὔχεται

211 1672 478 1744 ῥυσθῆναι
505 1714 521 1739 ,
574 1673 800 1728 θάνατον
851 1675 984 1730 αὐτὸ
1041 1675 1135 1729 καὶ
1196 1675 1414 1748 ὄλεθρον
1460 1678 1794 1751 ἡγούμενοςο

1898 491 2183 560 pressione
2210 489 2466 555 conﬂata,
2499 489 2554 542 in
2581 487 2806 542 vitiosas
2856 487 3054 556 saepius
3107 485 3464 556 cogitationes

1895 589 1950 636 et
1979 583 2297 652 phantasias
2341 584 2582 638 animum
2626 580 2873 651 conjicit,
2909 593 3073 650 quam
3123 577 3224 648 legi
3274 578 3464 632 mentis

1898 675 2169 729 adversari
2197 673 2355 730 dixit.
2415 672 2601 727 Tertia
2633 673 2874 734 demum,
2908 685 3028 740 quae
3057 685 3154 740 per
3185 678 3463 740 peccatum

1896 783 1961 820 ex
1985 765 2283 836 cupiditate
2307 766 2458 820 carni
2484 765 2774 834 occalluit;
2825 779 2989 834 quam
3022 763 3134 828 ille,
3165 761 3324 832 legem
3355 777 3469 830 pec-

1897 859 2004 910 cati
2036 858 2363 911 habitantem
2398 859 2454 910 in
2482 856 2730 911 membris
2790 855 3012 918 nostris,
3060 853 3278 909 vocavit
3315 871 3327 907 :
3377 851 3467 906 cui

1897 951 2062 1004 etiam
2094 951 2375 1021 improbus
2409 950 2499 1006 ille
2532 949 2705 1007 hostis
2740 948 2984 1005 insidens
3016 946 3150 1018 (55),
3197 959 3339 1016 εερθ
3372 942 3468 997 ad-

1897 1057 2117 1098 versum
2138 1058 2239 1099 nos
2268 1042 2492 1108 excitat,
2524 1051 2687 1113 atque
2732 1041 2799 1096 ad
2845 1040 3172 1110 injustitiam
3209 1039 3467 1096 scelesta-

1897 1151 2004 1205 que
2038 1135 2279 1190 facinora
2309 1135 2604 1205 compellit.
2637 1133 2770 1188 Nam
2803 1133 2962 1204 quasi
3006 1132 3164 1188 nobis
3192 1131 3326 1203 ipsis
3353 1127 3465 1201 (54)

1898 1226 2046 1280 aliud
2077 1241 2200 1280 esse
2225 1226 2463 1291 videtur,
2492 1224 2638 1296 quod
2674 1225 2744 1280 sit
2769 1225 2986 1288 melius,
3025 1223 3174 1279 aliud
3198 1223 3342 1294 quod
3379 1222 3466 1276 de.

1899 1315 2070 1371 terius
2097 1316 2189 1371 sit.
2217 1314 2465 1385 Cumque
2487 1315 2540 1370 id
2571 1314 2714 1384 quod
2740 1323 2935 1369 natura
2957 1313 3172 1378 melius,
3209 1312 3467 1368 deteriori

1897 1407 2178 1479 potentius
2208 1422 2331 1464 esse
2363 1407 2634 1472 debuerit,
2670 1421 2824 1461 mens
2871 1413 2984 1461 tota
3016 1405 3137 1475 ipso
3173 1405 3378 1474 impetu
3410 1401 3468 1458 in

1900 1498 2107 1553 bonum
2145 1495 2338 1552 fertur.
2378 1496 2516 1553 Cum
2549 1503 2728 1551 autem
2761 1495 2814 1549 id
2849 1493 2992 1565 quod
3023 1501 3106 1548 est
3134 1493 3312 1564 pejus,
3333 1508 3468 1549 exu-

1898 1590 2097 1646 berans
2123 1605 2224 1646 suo
2240 1589 2482 1661 pondere
2508 1587 2865 1660 depresserit,
2887 1595 3002 1642 tum
3031 1587 3249 1642 demum
3273 1601 3341 1641 ex
3368 1587 3468 1640 ad-

1899 1697 2059 1738 verso
2087 1679 2142 1737 in
2172 1681 2472 1738 deteriores
2497 1682 2858 1753 cogitationes
2897 1693 3139 1750 praeceps
3191 1680 3374 1750 agitur
3404 1692 3468 1733 ac

209 1762 400 1835 ῶσπερ
433 1764 497 1836 δὴ
520 1766 614 1818 καὶ
647 1767 674 1819 ό
703 1767 992 1838 προφήτης
1011 1783 1027 1798 °
1081 1768 1214 1822 Ἀπὸ
1239 1769 1358 1823 τῶν
1385 1772 1652 1842 κρυφίων
1678 1791 1791 1843 μου

1902 1775 2154 1829 trahitur.
2186 1773 2364 1845 Atque
2391 1789 2454 1830 ea
2492 1789 2660 1828 causa
2704 1782 2790 1829 est
2818 1789 2919 1828 cur
2955 1770 3275 1843 Apostolus,
3320 1784 3469 1823 mor-

207 1855 545 1946 καθάρισον
574 1873 670 1926 με,
703 1857 894 1926 λέγων.
928 1859 1078 1913 Αὑτὰ
1121 1856 1227 1914 οὖν’
1255 1861 1326 1916 τὰ
1379 1865 1598 1936 ῥήματα
1636 1865 1795 1920 τοῦτο

209 1947 503 2000 συνιστῶσι
527 1963 540 1976 ο
573 1946 914 2018 Συνήδομαι
940 1950 1050 2026 γᾴρ
1081 1948 1159 2016 τῷ
1191 1954 1351 2022 νόμῳ
1376 1954 1482 2008 τοῦ
1523 1955 1670 2011 Θεοῦ
1693 1973 1796 2009 κα-

206 2039 280 2090 τὰ
304 2036 412 2089 τὸν
435 2037 576 2100 ἔσω,
609 2037 876 2106 λέγοντος,
903 2040 1218 2108 ἄνθρωπον
1236 2060 1248 2073 ·
1283 2043 1495 2108 ,βλέπω
1518 2046 1570 2099 δ’
1593 2047 1794 2116 ἕτερον
1847 2040 1851 2046 ’

200 2129 396 2198 νόμον
423 2127 548 2194 τοῖς
573 2129 786 2198 μέλεσί
805 2148 945 2200 μου,
971 2133 1580 2207 ἀντιστρατευ“όμενον
1600 2139 1680 2206 τῷ
1702 2141 1796 2195 νό-

199 2237 302 2288 μῳ
326 2219 432 2274 τοῦ
459 2221 601 2288 νοός
620 2240 760 2291 μου,
797 2224 894 2277 καὶ
919 2227 1423 2295 αἰχμαλωτίζοντά
1442 2248 1520 2299 με
1538 2230 1617 2297 τῷ
1632 2232 1793 2300 νόμῳ

200 2329 319 2380 της
335 2312 644 2382 ἁμαρτίας,
670 2314 749 2380 τῷ
779 2315 904 2370 ὄντι
933 2317 1003 2371 ἐν
1033 2318 1155 2385 τοῖς
1171 2319 1390 2390 μέλεσί
1414 2341 1555 2391 μου.
1589 2324 1793 2378 Ταλαι-

200 2422 404 2474 πωρος
429 2406 544 2478 ἐγὼ
575 2407 918 2477 ἅνθρωπος]
957 2412 1050 2478 Τίς
1071 2430 1149 2482 με
1167 2415 1420 2482 ῥύσεται
1449 2415 1516 2469 ἐκ
1539 2417 1644 2470 τοῦ
1675 2415 1793 2470 σώ-

198 2516 392 2569 ματος
423 2500 529 2554 τοῦ
562 2502 822 2557 θανάτου
854 2505 1068 2558 τούτου
1087 2521 1106 2569 ;
1134 2507 1207 2560 Οὐ
1252 2506 1313 2560 τὸ
1359 2507 1520 2579 σῶμα
1563 2507 1791 2563 θάνατον

201 2593 662 2664 ἀποφαινόμενος,
699 2595 834 2648 ἀλλὰ
862 2596 952 2649 τὸν
982 2598 1147 2668 νόμον
1177 2599 1278 2668 τῆς
1310 2599 1584 2672 ἁμαρτίας
1612 2601 1702 2654 τὸν
1731 2602 1791 2654 ἐν

198 2686 319 2748 τοῖς
351 2684 558 2755 μέλεσι,
585 2685 671 2738 διὰ
698 2686 798 2756 τῆς
833 2688 1197 2758 παραϐάσεως
1243 2691 1302 2744 ἐν
1337 2693 1468 2763 ἡμῖν
1511 2692 1792 2762 ἐμφωλεύ-

200 2795 356 2843 οντα,
381 2779 478 2832 καὶ
510 2778 646 2849 πρὸς
675 2779 904 2833 θάνατον
925 2781 1012 2834 ἀεὶ
1040 2781 1178 2853 [τὸν]
1209 2783 1305 2854 τῆς
1333 2783 1548 2847 ἀδικίας
1570 2783 1667 2854 τὴν
1689 2783 1793 2854 dau-

198 2869 308 2940 χὴν
359 2871 1092 2945 ἐμφαντάζοντα.Ἐπιφέρει
1135 2872 1268 2943 γοῦν
1317 2875 1540 2941 εὐθέως,
1595 2876 1790 2948 ἀμέλει

198 2961 574 3031 διαλυόμενος,
609 2963 790 3016 ὁποίου
835 2963 1066 3018 θανάτου
1108 2964 1352 3036 ἐγλίχετο
1383 2965 1667 3038 ῥυσθῆναι,
1697 2967 1792 3020 καὶ

199 3056 289 3118 τίς
316 3054 478 3108 αὐτὸν
510 3057 539 3108 ό
570 3056 832 3128 ῥυόμενος
856 3052 923 3129 ἦν
949 3075 963 3087 ο
994 3057 1176 3126 Χάρις
1205 3057 1273 3112 δὲ
1295 3058 1374 3124 τῷ
1408 3057 1530 3124 Θεῷ
1558 3059 1656 3113 διὰ
1682 3058 1790 3112 τοῦ

1901 1872 2009 1919 tem
2037 1865 2329 1934 quamdam
2363 1871 2418 1920 et
2462 1864 2692 1920 exitium
2733 1878 2847 1918 rem
2882 1863 3202 1924 arbitratus,
3251 1858 3469 1914 liberari

1901 1973 1961 2012 se
2008 1964 2193 2027 optet;
2244 1955 2707 2026 quemadmodum
2774 1955 2939 2011 etiam
2995 1952 3290 2025 Propheta,
3343 1965 3470 2005 cum

1900 2048 2092 2102 ait“:
2136 2047 2215 2101 Ab
2262 2048 2480 2102 occultis
2543 2049 2669 2102 meis
2727 2045 2925 2100 munda
2988 2062 3087 2100 me.
3140 2043 3286 2100 Istud
3324 2042 3470 2098 enim

1897 2142 2062 2196 verba
2091 2141 2209 2210 ipsa
2238 2157 2349 2212 prae
2380 2157 2439 2196 se
2465 2141 2646 2197 ferunt
2686 2161 2698 2196 :
2734 2141 3077 2196 Condelector
3106 2139 3268 2200 enim,
3295 2136 3472 2206 inquit

1900 2227 1969 2294 ",
2004 2229 2102 2299 legi
2124 2227 2220 2282 Dei
2239 2229 2524 2282 secundum
2548 2231 2844 2283 interiorem
2868 2229 3147 2282 hominem.
3180 2226 3340 2282 Video
3371 2242 3472 2280 au-

1901 2329 2003 2374 tem
2034 2321 2198 2373 aliam
2229 2320 2389 2392 legem
2411 2321 2466 2375 in
2494 2321 2740 2375 membris
2770 2323 2919 2385 meis,
2972 2329 3343 2390 repugnantem
3371 2319 3472 2391 legi

1898 2411 2086 2466 mentis
2115 2427 2264 2478 meae,
2286 2421 2337 2467 et
2363 2413 2715 2481 captivantem
2752 2429 2832 2466 me
2864 2413 2962 2483 legi
2993 2413 3218 2482 peccati,
3248 2427 3364 2482 qua:
3393 2421 3473 2466 est

1896 2505 1952 2559 in
1981 2504 2226 2559 membris
2249 2505 2400 2559 meis.
2426 2503 2626 2575 Infelix
2644 2521 2738 2575 ego
2765 2505 2956 2560 homo!
2999 2503 3129 2571 Quis
3158 2521 3238 2558 me
3279 2503 3471 2557 liberas

1899 2595 1970 2650 bit
2015 2595 2079 2650 de
2123 2613 2344 2666 corpore
2388 2597 2574 2651 mortis
2619 2596 2823 2666 hujus?
2882 2595 3094 2662 Quibus
3127 2611 3235 2650 non
3269 2609 3471 2664 corpus

1898 2697 2128 2743 mortem
2179 2690 2521 2758 pronuntiat,
2572 2689 2666 2744 sed
2699 2689 2906 2759 peccati
2950 2689 3119 2758 legem
3150 2702 3270 2758 quae
3297 2692 3380 2742 est
3414 2686 3469 2741 in

1898 2779 2179 2843 membris,
2214 2779 2272 2834 in
2313 2781 2516 2850 quibus
2543 2795 2573 2834 a
2605 2780 2807 2835 violato
2839 2778 3095 2834 mandato
3139 2794 3239 2833 ceu
3269 2777 3472 2833 latibu-

1896 2868 2011 2922 lum
2039 2869 2220 2935 habet,
2256 2885 2358 2926 nec
2397 2871 2642 2925 animum
2677 2870 2745 2926 ad
2775 2869 3058 2940 injustitiae
3093 2877 3346 2935 mortem,
3373 2884 3471 2925 va-

1897 2961 1997 3018 riis
2045 2962 2370 3034 imaginibus
2417 2963 2716 3028 illudendo,
2750 2963 2968 3018 trahere
3015 2962 3235 3020 desinit.
3273 2961 3470 3018 Statim

1897 3067 2027 3124 ergo
2057 3053 2221 3110 infert
2250 3075 2263 3110 :
2298 3056 2558 3111 nimirum
2618 3056 2978 3126 quaestionem
3033 3054 3343 3111 dissolvens
3372 3052 3471 3110 de-

213 3146 414 3214 Ἰησοῦ
440 3147 720 3216 Χριστοῦ.
751 3149 1088 3220 Προσεκτέον
1112 3149 1189 3214 δὲ,
1217 3149 1266 3202 εί
1293 3149 1354 3202 τὸ
1382 3149 1541 3220 σῶμα
1564 3149 1791 3204 θάνατον

1896 3146 2219 3217 claransque
2241 3146 2353 3220 (55)
2382 3163 2490 3219 qua
2517 3155 2690 3203 morte
2717 3155 2942 3218 cuperet
2969 3147 3214 3210 liberari,
3233 3154 3286 3202 et
3311 3161 3341 3200 a
3360 3161 3470 3216 quo

199 3238 381 3301 τοῦτο,
402 3232 448 3292 ὦ
484 3240 792 3310 Ἀγλαοφῶν
813 3241 947 3312 (52),
969 3243 1046 3305 ὡς
1075 3242 1439 3314 ὑπειλήφατε,
1459 3243 1665 3314 ἔλεγεν,
1680 3245 1791 3298 οὐκ

199 3330 270 3382 ἂν
311 3330 403 3382 τὸν
447 3331 704 3402 Χριστὸν,
731 3332 806 3395 ὡς
855 3333 1118 3404 ῥυόμενον
1162 3335 1324 3388 αὑτὸν
1353 3333 1577 3408 ὕστερον
1603 3338 1667 3389 ἐκ
1694 3335 1789 3390 τοῦ

199 3421 448 3476 τοιούτου
495 3423 690 3488 κακοῦ,
740 3425 1348 3496 παρελάμϐανεν.Ἒπε“ι
1390 3428 1442 3479 τί
1487 3429 1790 3500 παράδοξον

197 3516 310 3568 ἀπὸ
327 3515 425 3568 τοῦ
449 3516 686 3588 Χριστοῦ
710 3517 807 3588 τῆς
830 3519 1131 3590 παρουσίας
1154 3520 1467 3591 ἐσχήκαμεν
1491 3538 1506 3587 ;
1531 3522 1596 3574 Τί
1615 3521 1669 3574 δὲ
1695 3522 1789 3575 καὶ

197 3608 230 3660 ὁ
258 3607 759 3672 Ἀπόστολος“ὃλως,
784 3610 858 3672 ὡς
882 3609 970 3662 διὰ
989 3609 1090 3680 τῆς
1115 3611 1412 3682 παρουσίας
1435 3612 1529 3665 τοῦ
1551 3612 1786 3685 Χριστοῦ

198 3700 330 3752 δυνα
339 3699 440 3770 μού
449 3717 606 3770 μενος
631 3699 723 3754 τοῦ
746 3700 975 3754 θανάτου
1005 3702 1110 3755 ὑπὸ
1131 3700 1225 3756 τοῦ
1247 3702 1380 3756 Θεοῦ
1423 3703 1785 3776 ἐλευθερωθῆ-

201 3809 309 3854 ναι,
325 3791 488 3844 τοῦτο
508 3791 804 3862 ἐφθέγγετο
819 3809 832 3822 ⁸
857 3793 1018 3846 ὁπότε
1038 3794 1173 3846 πᾶσι
1197 3793 1288 3846 καὶ
1311 3792 1416 3865 πρὸ
1436 3794 1529 3848 τοῦ
1551 3796 1641 3849 τὸν
1661 3796 1788 3866 Χρι-

203 3885 328 3937 στὸν
352 3883 527 3937 ἐλθεῖν
565 3885 646 3947 εἰς
668 3885 758 3937 τὸν
785 3886 988 3956 κόσμον
1016 3885 1296 3940 συνέϐαινε
1318 3885 1602 3957 ονἠσκειν;
1627 3888 1788 3940 Ὥστε

200 3976 263 4030 οὐ
303 3975 367 4028 τὸ
410 3975 570 4046 σῶμα
606 3975 784 4041 τοῦτο,
809 3970 854 4029 ῶ
887 3976 1220 4047 Ἀγλαοφῶν,
1249 3976 1496 4043 θάνατον,
1520 3977 1654 4032 ἀλλὰ
1691 3978 1789 4050 τὴν

273 4131 320 4164 ⁸⁸
347 4129 500 4186 Psal.
523 4146 678 4196 xvm,
713 4131 824 4186 159
882 4133 924 4164 ⁸⁸
961 4131 1114 4188 Rom.
1146 4149 1244 4197 vn,
1265 4132 1458 4190 22-24.
1537 4134 1583 4165 ⁷ο
1608 4132 1736 4186 ibid.
1767 4133 1856 4188 25.

279 4290 394 4360 (51)
427 4287 680 4357 Σκιρώσ.
704 4289 1116 4360 Σκιρῤώσαντα.
1149 4290 1343 4360 Epiph.
1369 4305 1426 4344 n.
1457 4289 1546 4353 6|,
1609 4291 1788 4346 ἐνσκι-

207 4361 483 4434 aias-5m-

279 4430 394 4501 (5?)
439 4433 600 4500 Ἀγλ.
651 4429 840 4492 Sirm.,
897 4430 1265 4501 Ἀγλαόφρων,
1311 4438 1370 4485 ut
1422 4437 1585 4501 paulo
1630 4436 1777 4498 post.

203 4503 276 4556 At
310 4499 647 4569 Epiphanius
681 4501 902 4569 ubique,
948 4499 1282 4568 Ἀγλαοφῶν.

278 4571 392 4636 (53)
416 4567 527 4624 Cui
549 4571 706 4624 etiam
738 4567 1004 4637 improbus
1022 4567 1122 4623 ille
1166 4569 1333 4622 hostis
1383 4569 1637 4623 insidens.
1692 4567 1786 4622 Sic

204 4643 367 4710 clare,
391 4641 533 4710 apud
577 4639 963 4710 Epiphaniam,
1020 4639 1308 4710 referendo
1341 4639 1641 4703 diabolum,
1693 4638 1786 4708 qui

207 4709 456 4770 invadat,
493 4726 557 4764 ac
589 4709 738 4764 velut
782 4711 1045 4778 inequitet
1077 4709 1384 4778 cupiditati,
1442 4711 1562 4777 ejus
1596 4710 1648 4762 in
1684 4725 1785 4763 nos

205 4790 393 4835 motus
430 4781 774 4835 inordinatos
807 4781 1166 4835 succendens.
1205 4779 1339 4833 Male
1367 4795 1495 4849 ergo
1524 4779 1785 4849 Scltottus

205 4852 395 4905 retulit
431 4850 497 4904 ad
543 4851 840 4917 hominem,
886 4851 1006 4920 ipso
1051 4851 1215 4906 etiam
1269 4848 1605 4920 repugnante
1642 4848 1787 4904 Pho-

204 4923 360 4975 tiano
379 4930 659 4976 contextu.

280 4989 559 5061 (MjNam
589 4992 741 5061 quasi
789 4990 936 5044 nobis
961 4991 1111 5059 ipsis.
1177 4988 1264 5051 Ὠς
1291 4989 1524 5053 ἐαυτοῖς,
1568 4989 1688 5061 vel,_
1726 4999 1787 5045 ut

207 5059 622 5131 apnd’Epiphg
686 5060 760 5120 ὡς
804 5063 862 5113 ἐν
917 5063 1050 5130 ἡμῖν
1092 5061 1294 5124 αὐτοῖς,
1329 5061 1471 5128 quod
1525 5061 1579 5113 in
1639 5059 1782 5114 idem

208 5130 371 5188 redit.
403 5130 757 5200 Signiﬁcatur
786 5131 889 5186 ista
925 5132 1138 5184 bonitas
1189 5132 1272 5183 vel
1334 5130 1560 5200 malitia,
1612 5138 1673 5183 ut
1726 5131 1781 5184 in

207 5205 368 5257 nobis
432 5198 496 5254 ac
547 5217 714 5282 penes
759 5201 1048 5282 judicium
1085 5209 1366 5282 nostrum:
1416 5198 1784 5282 Sequentibus

205 5290 339 5327 vero
363 5269 590 5340 exponit
612 5271 910 5326 discrimen
941 5278 1124 5326 motus
1154 5271 1319 5324 animi
1354 5269 1408 5323 in
1432 5270 1486 5340 id
1509 5271 1652 5339 quod
1685 5286 1784 5324 na-

206 5355 327 5397 tura
352 5339 556 5396 bonnm
580 5349 685 5403 est,
713 5350 766 5394 et
795 5341 846 5393 id
878 5340 1022 5411 quod
1047 5349 1254 5395 tantum
1289 5341 1357 5394 ab
1385 5339 1668 5395 effectione
1697 5341 1782 5411 hic

204 5425 256 5469 et
298 5429 450 5468 nunc
473 5414 600 5467 boni
635 5409 1098 5466 rationeminduit
1133 5431 1144 5466 :
1180 5419 1238 5464 ut
1269 5411 1319 5464 in
1357 5411 1488 5465 illud
1520 5419 1666 5465 totus
1704 5409 1780 5464 fe-

205 5494 381 5551 ratur,
403 5485 554 5538 velut
583 5498 684 5538 suo
713 5484 827 5552 ipse
855 5481 1124 5551 pondere;
1175 5482 1227 5534 in
1251 5479 1382 5534 illud
1416 5482 1561 5535 velut
1595 5481 1781 5534 traha-

206 5564 296 5610 tur
333 5571 397 5610 ac
442 5555 495 5608 vi
530 5551 765 5624 quadam
820 5561 1012 5624 agatur
1042 5568 1053 5602 :
1083 5553 1187 5624 sic,
1214 5552 1358 5606 enim
1414 5552 1502 5605 illa
1554 5551 1779 5624 φέρεται

205 5638 258 5680 et
292 5628 508 5694 ἄγεται,
544 5623 757 5678 delectu
787 5623 1125 5692 signiﬁcant;
1148 5623 1261 5694 sive
1315 5623 1645 5694 postremum
1696 5638 1780 5676 re-

210 5691 352 5750 ferat
373 5696 465 5749 τδν
498 5694 644 5760 νοῦν,
680 5701 740 5746 ιιι
770 5691 946 5762 potest
973 5693 1257 5746 commode
1285 5692 1426 5760 apud
1474 5691 1726 5762 Photium
1761 5711 1774 5746 :

209 5770 325 5823 sive
352 5766 442 5819 τὸν
473 5761 783 5836 ἄνθρωπον,
813 5771 871 5818 ιιι
891 5772 974 5820 est
1001 5763 1142 5834 apud
1169 5762 1548 5835 Epiphanium.
1575 5761 1708 5818 Nam
1726 5771 1778 5819 et

1894 3237 2210 3294 liberandus
2241 3247 2386 3295 esset
2418 3259 2430 3293 :
2469 3237 2680 3305 Gratia,
2717 3241 2916 3312 inquit,
2968 3239 3075 3293 Deo
3110 3239 3223 3311 (56)
3257 3255 3348 3308 per
3373 3236 3468 3292 Je-

1895 3352 2013 3390 sum
2042 3333 2312 3391 Christum
2342 3336 2414 3390 7°.
2451 3335 2663 3407 Quippe
2691 3335 2979 3407 diligenter
3025 3333 3465 3389 animadversum

1894 3429 2056 3484 velim
2093 3448 2105 3483 :
2142 3429 2188 3484 si
2224 3443 2423 3500 corpus
2445 3428 2570 3493 hoc,
2603 3436 2664 3482 ut
2687 3427 3034 3490 existimatis,
3069 3441 3101 3480 ο
3125 3424 3464 3496 Aglaophon,

1894 3527 2124 3574 mortem
2185 3518 2438 3584 dixisset,
2497 3519 2919 3589 haudquaquam
2974 3516 3212 3580 Christi,
3272 3523 3332 3569 ut
3380 3513 3467 3570 sui

1893 3612 2243 3682 postmodum
2283 3613 2351 3667 ab
2389 3611 2659 3683 ejusmodi
2692 3611 2834 3666 malo
2864 3609 3197 3673 liberatoris,
3229 3608 3465 3663 mentio-

1892 3716 2018 3760 nem
2051 3704 2348 3759 facturum.
2385 3694 2601 3776 Alioqui
2637 3705 2782 3760 enim
2835 3701 2966 3773 quid
3000 3702 3159 3757 nobis
3193 3699 3468 3770 singulare

1895 3796 2223 3851 accessisset
2275 3795 2478 3851 Christi
2531 3795 2805 3850 adventu?
2859 3793 3004 3861 Quid
3065 3810 3194 3848 vero
3243 3793 3467 3847 omnino

1895 3887 2209 3956 Apostolus,
2251 3885 2408 3956 quasi
2442 3885 2646 3940 Christi
2682 3884 2970 3954 praesentia
3004 3883 3383 3945 conlirmatus,
3407 3887 3467 3935 ut

1901 3977 2288 4064 Dei‘beneﬁcio
2316 3988 2546 4034 mortem
2575 3977 2714 4033 liber
2740 3975 3015 4041 evaderet,
3049 3973 3194 4030 istud
3225 3988 3467 4046 pronun-

1893 4288 2100 4343 homini
2137 4288 2432 4344 violentum
2462 4295 2566 4352 est,
2593 4287 2894 4358 quodiejus
2925 4289 3119 4358 potiori
3167 4287 3332 4358 parti,
3369 4285 3466 4341 καὶ

1894 4359 1970 4428 τῷ
1994 4361 2051 4411 ἐν
2083 4358 2231 4430 αὐτῷ
2252 4357 2700 4430 ἡγεμονικῷ-νίιη
2744 4357 2895 4430 facit.
2928 4357 3153 4430 Neuter
3172 4357 3462 4430 interpres

1893 4427 2026 4483 satis
2059 4427 2281 4483 videtur
2303 4427 2441 4482 hanc
2467 4427 2820 4484 Méthodianre
2849 4429 3063 4498 phrasis
3091 4427 3156 4482 ad
3194 4428 3464 4482 intentum

1889 4499 2170 4571 Apostol‘i,
2185 4503 2574 4571 proprietatem
2599 4499 2958 4571 expressisse.

1964 4567 2727 4640 (55)'NiinirumAqutestionem
2745 4567 3030 4640 dissolvens
3048 4567 3458 4640 idcclaransgue,

1888 4637 1994 4694 etc.
2040 4639 2254 4709 Ἀμέλει
2287 4637 2654 4709 διαλυόμενος.
2689 4639 2747 4692 1η
2787 4639 2929 4693 idem
2966 4639 3104 4692 redit
3156 4639 3296 4709 apud
3328 4637 3459 4707 Epi-

1888 4711 2148 4780 phanium
2193 4727 2250 4764 n.
2287 4709 2378 4772 62,
2424 4709 2484 4780 τὸ
2517 4709 2918 4780 διαλεγόμενος,
2956 4710 3104 4762 velut
3147 4709 3456 4780 edisserens.

1889 4778 2149 4836 Schottus
2171 4796 2300 4836 vero
2330 4779 2516 4836 nescio
2543 4796 2650 4849 qua
2675 4778 2987 4850 parenthesi
3004 4778 3458 4850 tetumiinvolvit,

1882 4852 2104 4920 jamque
2137 4858 2357 4920 repente
2403 4849 2690 4904 liberatum
2727 4849 2953 4904 Paulum
2988 4864 3149 4920 quem
3178 4849 3456 4920 hactenus

1886 4917 2255 4992 captivitatem
2299 4927 2615 4992 querentem
2649 4920 2972 4992 habuimus1
3006 4917 3240 4992 inducit.

1957 4987 2066 5061 (56)
2098 4991 2284 5044 Gratia
2318 4987 2454 5045 Deo.
2493 4989 2702 5061 Habent
2737 4991 2899 5061 modo
2935 4989 3122 5045 Graeca
3152 4987 3460 5061 εὐχαριστῶ

1885 5059 2132 5132 τῷθεῷ,
2169 5078 2270 5116 nec
2294 5071 2378 5116 est
2411 5060 2703 5116 verisimile
2736 5059 2905 5132 fuisse
2924 5061 2978 5114 in
3014 5060 3121 5114 illis
3159 5059 3455 5132 quidquam

1885 5079 1962 5132 τῳ
1992 5075 2132 5132 υεῳ,
2169 5078 2270 5116 nec
2294 5075 2378 5116 est
2411 5075 2703 5116 verismnle
2736 5075 2978 5117 luissem
3014 5075 3121 5114 uns
3197 5075 3455 5129 umquam

1885 5142 2192 5186 mutatum:
2229 5147 2292 5186 ac
2316 5148 2414 5202 nec
2455 5139 2704 5185 nostrum
2739 5131 3100 5202 interpretem
3129 5075 3235 5186 siin
3276 5128 3459 5202 indul-

1886 5203 2045 5265 sisse,
2077 5202 2222 5272 quod
2248 5204 2334 5255 hic
2365 5200 2646 5272 Schottus,
2679 5209 2738 5254 ut
2767 5199 2903 5270 grati
2939 5200 3104 5255 animi
3136 5199 3456 5272 expressio-

1885 5288 2007 5326 nem
2033 5268 2201 5336 illam,
2234 5273 2286 5326 in
2328 5271 2572 5326 beneﬁcii
2603 5268 2956 5326 assertionem
2977 5268 3288 5325 mutaverit.
3323 5268 3460 5325 Cre-

1885 5341 2114 5396 diderim
2147 5358 2276 5412 ergo
2309 5341 2633 5402 reddidisse,
2667 5349 2724 5412 ut
2765 5342 3103 5396 Methodiana
3133 5340 3200 5394 ad
3229 5341 3455 5412 verbum

1883 5412 2124 5468 habent:
2165 5411 2350 5466 Gratia
2377 5412 2503 5470 Deo,
2538 5411 2681 5483 quod
2718 5413 2968 5476 subinde,
2991 5411 3456 5483 scriptorum__im-

1884 5484 2079 5552 peritia
2113 5491 2321 5538 mutato
2353 5501 2382 5537 ο
2413 5484 2466 5536 in
2500 5479 2760 5545 ifGratia
2802 5483 2896 5536 Dei
2950 5479 3153 5537 factum
3191 5482 3282 5538 sit.
3320 5479 3455 5552 Nam

1882 5551 1938 5608 et
1986 5553 2350 5626 Hieronymus
2394 5559 2587 5622 quaest.
2625 5552 2678 5626 8_.
2731 5553 2798 5626 ad
2844 5553 3120 5626 Algasiam
3171 5552 3246 5626 ita
3286 5551 3452 5626 legi_t_;

1881 5638 1983 5749 pro
2011 5640 2119 5694 quo
2149 5617 2590 5707 postea.reperit,
2634 5621 2847 5706 Gratias
2891 5617 2986 5696 ung
3015 5623 3142 5678 Deo.
3184 5617 3363 5677 Plura'
3389 5617 3452 5676 Ρ.

1929 5711 2058 5749 ucas
2097 5694 2408 5749 Bruaensrs.
2437 5695 2618 5749 Estius
2647 5704 2699 5749 et
2722 5696 2831 5749 aln.

1929 5711 2058 5751 ucas
2097 5694 2408 5768 Brugensis,
2437 5695 2618 5752 Estius
2647 5704 2699 5751 et
2722 5695 2831 5749 alii.
