3864 6162
392 298 498 354 M7

1369 291 1428 348 S.
1470 288 1798 346 METIIODII
1839 287 2150 346 EPISCOPI
2193 289 2280 346 ET
2321 288 2681 345 MARTYRIS

3544 291 3649 345 308

393 423 607 481 ttasset,
658 429 782 470 cum
825 413 1105 479 omnibus,
1149 411 1466 483 priusquam
1520 412 1682 466 etiam
1712 409 1968 465 Christus

2090 410 2344 482 ὶμαρτίαν
2366 391 2886 482 τὴνάατοικήσασαν
2909 405 2997 460 διὰ
3019 405 3118 478 τῆς
3156 404 3445 478 ἐπιθυμίας
3481 407 3538 458 ἐν
3571 404 3650 476 τῷ

395 508 602 565 veniret
627 509 682 564 in
713 507 1001 574 mundum,
1029 506 1168 561 mori
1195 503 1576 575 contingeret?
1604 504 1794 573 Itaque
1858 518 1970 558 non

394 617 596 673 corpus
634 602 760 665 hoc,
810 617 844 656 o
890 600 1233 671 Aglaophon,
1291 606 1523 652 mortem
1579 597 1837 667 appellat,
1873 596 1971 652 sed

395 704 682 764 peccatum
716 693 860 764 quod
884 709 982 764 per
1009 691 1365 762 cupiditatem
1400 691 1456 744 in
1485 705 1715 760 corpore
1742 689 1968 756 residet;

396 803 428 841 a
461 803 571 858 quo
619 787 763 842 Deus
812 785 1020 842 Christi
1063 783 1299 838 adventu
1351 783 1531 853 ipsum
1589 783 1809 852 eripuit.
1865 780 1973 836 Lex

395 881 535 935 enim
571 881 616 912 '”
653 880 872 948 spiritus
897 881 1017 932 vita:
1045 878 1099 931 in
1124 877 1340 932 Christo
1367 874 1519 940 Iesu,
1546 875 1788 930 liberavit
1821 892 1915 928 nos
1939 893 1975 929 a

399 975 509 1044 lege
535 975 739 1042 peccati
764 981 815 1027 et
849 973 1033 1026 mortis
1078 988 1096 1026 :
1145 979 1204 1024 ut
1255 972 1344 1042 qui
1393 972 1670 1026 suscitavit
1709 969 1892 1026 Iesum
1941 988 1977 1025 a

399 1068 646 1130 mortuis,
681 1073 894 1136 propter
927 1064 1312 1119 inhabitantem
1349 1064 1612 1134 Spiritum
1645 1066 1758 1136 ejus
1793 1066 1849 1119 in
1878 1082 1975 1120 no-

399 1158 502 1222 bis,
528 1158 750 1227 viviﬁcet
778 1166 827 1212 et
871 1157 1127 1211 mortalia
1179 1170 1400 1224 corpora
1457 1167 1665 1221 nostra,
1721 1155 1975 1211 damnato

397 1258 610 1304 peccato
658 1248 804 1320 quod
837 1256 922 1304 est
979 1248 1036 1302 in
1087 1263 1338 1318 corpore,
1375 1249 1442 1304 ad
1473 1249 1823 1303 abolitionem
1856 1267 1869 1300 :
1908 1245 1978 1301 Ut

400 1340 715 1409 rustiﬁcatio
750 1340 876 1410 legis
935 1337 1225 1401 naturalis,
1279 1346 1650 1392 consenlanea
1708 1344 1978 1408 praecepto

399 1449 508 1502 qua
543 1433 814 1487 trahimur
837 1433 890 1486 in
925 1433 1153 1497 bonum,
1188 1447 1288 1487 ceu
1324 1447 1517 1487 recens
1543 1446 1774 1487 accensa
1809 1447 1980 1485 novo-

399 1540 508 1594 que
537 1533 697 1579 aucta
732 1525 936 1580 lumine
959 1523 1095 1596 (57),
1126 1523 1442 1594 refulgeret.
1470 1522 1677 1578 Etenim
1710 1522 1856 1594 quod
1882 1538 1978 1577 na-

399 1619 596 1673 turalis
651 1618 736 1672 lex
783 1617 942 1673 nobis
989 1617 1157 1672 insita
1189 1625 1444 1686 prwstare
1476 1632 1580 1669 non
1611 1623 1842 1681 poterat,
1873 1631 1980 1684 qua

399 1719 550 1777 parte
579 1709 846 1764 imbecilla
874 1718 1012 1775 erat,
1044 1709 1298 1764 vincente
1321 1708 1485 1764 insita
1519 1709 1738 1779 corpori
1763 1708 1976 1778 cupidi-

402 1810 535 1868 tate,
565 1803 912 1858 conﬁrmavit
934 1803 1416 1873 corroboravitque
1453 1801 1616 1868 Deus,
1640 1804 1805 1858 misso
1831 1801 1976 1859 Filio

403 1911 522 1960 suo,
552 1910 710 1948 carne
737 1903 1012 1962 assumpta
1045 1893 1211 1947 simili
1237 1893 1390 1947 carni
1418 1894 1619 1963 peccati
1663 1909 1681 1948 :
1723 1902 1782 1948 ut
1822 1895 1978 1963 adju—

403 1986 588 2040 dicato
631 1986 757 2042 neci
780 1993 1026 2056 peccato,
1062 1993 1122 2039 ut
1146 2003 1213 2042 ne
1239 1987 1380 2043 ullos
1415 1986 1661 2057 amplius.
1704 1987 1761 2042 in
1814 2003 1980 2042 carne

403 2074 619 2130 fructus
647 2075 856 2141 ederet,
870 2076 1196 2145 justiﬁcatio
1231 2076 1358 2146 legis
1393 2083 1603 2132 naturae
1648 2077 1976 2148 impleretur,

403 2167 730 2223 obedientiaz
757 2169 952 2222 merito
985 2169 1054 2223 iis
1088 2168 1420 2230 exuberans,
1445 2169 1540 2239 qui
1571 2186 1680 2224 non
1702 2184 1769 2224 ex
1793 2170 1980 2226 carnis

403 2259 731 2328 cupiditate,
758 2259 852 2315 sed
877 2275 945 2315 ex
983 2260 1215 2330 Spiritus
1248 2259 1523 2316 desiderio
1552 2263 1981 2334 praescriptoque

404 2349 743 2420 incederent,
776 2350 887 2405 Lex
918 2352 1055 2405 enim
1085 2351 1302 2419 spiritus
1334 2352 1474 2416 vitw,
1499 2353 1602 2407 hoc
1626 2360 1710 2408 est
1735 2351 1981 2424 Evange-

405 2443 568 2508 lium,
603 2443 671 2498 ab
695 2443 1074 2514 superioribus
1096 2444 1308 2512 legibus
1333 2460 1475 2500 nova
1499 2445 1586 2501 lex
1611 2445 1746 2516 (58),
1782 2446 1982 2516 prscdi-

404 2537 642 2602 catione,
661 2535 1112 2592 ad‘obedientiam
1129 2545 1589 2609 peccatorumque
1603 2539 1982 2595 remissionem

407 2629 606 2699 posita,
637 2644 666 2682 a
690 2629 806 2700 lege
838 2645 940 2684 nos
966 2631 1176 2700 peccati
1228 2638 1284 2684 et
1318 2631 1535 2694 mortis,
1583 2639 1804 2700 peccato
1836 2631 1984 2701 quod

407 2721 466 2776 in
493 2736 661 2776 carne
691 2721 956 2791 regnabat
988 2736 1213 2792 prorsus
1247 2720 1483 2788 devicto,
1520 2721 1725 2779 liberos
1760 2723 1914 2779 fecit.

482 2899 573 2956 IV.
610 2899 834 2957 Plantas
878 2901 954 2954 ait
989 2899 1345 2974 [Methodius]
1385 2917 1485 2958 nec
1518 2903 1591 2957 ali
1633 2911 1840 2959 eterra
1884 2921 1986 2962 nec

410 2993 620 3064 augeri.
657 2992 816 3058 Nam,
856 2993 1054 3062 inquit,
1085 2993 1300 3049 dubitet
1347 2995 1619 3065 quispiam
1646 3035 1662 3062 ,
1712 3001 1987 3067 quomodo

413 3087 697 3141 immutata
725 3093 890 3148 terra,
927 3087 984 3139 in
1011 3093 1216 3140 tantam
1271 3085 1530 3142 arborum
1575 3089 1985 3159 amplitudinem

409 3179 616 3236 assumi
663 3179 886 3250 possit?
914 3177 1212 3249 Oportebat
1229 3177 1390 3234 'enim
1414 3180 1592 3236 locum
1620 3183 1675 3237 in
1695 3199 1804 3254 quo
1828 3186 1990 3240 arbor

411 3272 675 3337 excrevit,
701 3271 1124 3341 circumjacente
1153 3280 1319 3338 terra,
1345 3275 1767 3344 exsurgentibus
1795 3277 1990 3332 radici-

410 3367 538 3430 bus,
594 3365 651 3420 in
684 3364 828 3436 ligni
852 3373 1103 3419 naturam
1137 3373 1307 3420 totam
1365 3365 1656 3431 subducta,
1710 3371 1984 3426 excavari.

412 3457 594 3524 Quare
623 3455 805 3512 inanis
833 3465 917 3510 est
965 3456 1182 3512 illorum
1229 3457 1356 3513 talis
1391 3455 1458 3512 de
1500 3472 1790 3528 corporum
1837 3460 1988 3516 ﬂuxu

413 3543 804 3601 consideratio.
836 3545 971 3600 Nam
997 3548 1113 3617 qui,
1132 3561 1284 3617 rogo,
1321 3562 1442 3603 sese
1477 3556 1622 3602 terra
1652 3565 1749 3619 per
1775 3551 1988 3608 radices

411 3636 469 3692 in
499 3639 809 3709 plantarum
840 3649 1063 3695 truncos
1111 3640 1420 3706 insinuans,
1451 3656 1652 3712 perque
1683 3653 1890 3701 meatus
1931 3645 1987 3700 in

413 3747 605 3787 omnes
636 3747 824 3787 earum
857 3732 1150 3788 distributa
1205 3748 1409 3797 ramos,
1441 3733 1495 3788 in
1520 3733 1649 3788 folia
1685 3743 1737 3790 et
1777 3734 1988 3794 fructus

413 3825 810 3879 commutetur?
842 3823 978 3878 Sunt
994 3825 1211 3894 quidem
1232 3841 1472 3895 procerae
1497 3827 1742 3895 arbores,
1763 3829 1984 3896 cedrus,

412 3909 498 3964 vel
534 3910 715 3980 pinus,
762 3912 844 3966 vel
888 3912 1112 3976 abietes,
1145 3921 1198 3967 et
1228 3917 1431 3970 multas
1481 3915 1701 3973 frondes
1747 3918 1989 3976 fructus-

413 4016 524 4072 que
577 4003 870 4073 quotannis
920 4005 1145 4059 ferunt:
1207 4005 1368 4076 plane
1401 4014 1581 4063 tamen
1638 4012 1987 4081 perspicuum

413 4105 518 4160 est,
549 4095 684 4150 nihil
711 4113 806 4152 eas
847 4098 915 4152 de
949 4097 1196 4168 subjecta
1235 4105 1378 4154 terra
1406 4098 1463 4154 in
1493 4101 1835 4161 silvescentis
1859 4108 1992 4162 sub-

412 4188 630 4244 stantiae
644 4191 840 4245 molem
859 4190 972 4262 (59)
1001 4189 1782 4263 insumere.0portebatenim,
1798 4199 1844 4254 si
1864 4216 1992 4257 vere

480 4321 529 4355 "
559 4321 712 4378 Rom.
743 4339 860 4388 vm,
893 4324 946 4390 2,
978 4324 1067 4392 1-1,
1099 4325 1154 4394 5,
1188 4325 1253 4380 4-

2074 501 2307 572 σώματι,
2331 502 2541 570 λέγειν’
2567 497 2635 573 ἦς
2673 504 2700 555 ὁ
2737 500 2869 563 Θεὸς
2905 499 3066 552 αὐτὸν
3101 498 3188 552 διὰ
3207 499 3307 570 τῆς
3349 497 3650 570 παρουσίας

2070 591 2165 646 τοῦ
2204 592 2440 664 Χριστοῦ
2481 593 2768 665 ἐρρύσατο.
2791 593 2842 644 Ὀ
2881 590 2989 660 γὰρ
3021 591 3203 659 νόμος
3227 588 3337 658 τῆς
3368 587 3514 657 ζωῆς
3546 607 3654 642 του

2073 683 2412 752 πνεύματος
2444 684 2514 736 ἐν
2555 681 2788 752 Χριστῷ
2818 679 3012 748 Ἰησοῦ
3031 679 3450 748 ἠλευθέρωσεν
3497 678 3656 750 ἡμᾶς

2073 774 2192 829 ἀπὸ
2220 773 2326 828 τοῦ
2358 774 2546 842 νόμου
2585 771 2693 841 τῆς
2730 773 3018 842 ἁμαρτίας
3059 771 3158 826 καὶ
3202 771 3308 826 τοῦ
3353 769 3612 825 θανάτου
3635 786 3649 801 σ

2075 866 2234 933 ὅπως
2267 871 2299 922 o'
2338 867 2570 936 ἐγείρας
2599 866 2667 920 ἐκ
2709 866 2937 934 νεκρῶν
2970 865 3220 933 Ἰησοῦν,
3265 864 3364 917 διὰ
3398 862 3465 916 τὸ
3503 864 3658 916 ἐνοι-

2077 959 2228 1013 κοῦν
2275 958 2467 1014 αὐτοῦ
2526 958 2769 1029 Πνεῦμα
2793 959 2862 1012 ἐν
2887 958 3048 1027 ὑμῖν,
3081 957 3417 1026 ζωοποιήσῃ
3453 957 3548 1009 καὶ
3584 955 3661 1008 τὰ

2076 1048 2262 1116 θνητὰ
2282 1047 2526 1118 σώματα
2549 1047 2718 1118 ἡμῶν
2741 1047 2849 1114 τῆς
2884 1047 3170 1117 ἁμαρτίας
3208 1047 3306 1117 τῆς
3352 1049 3409 1099 ἐν
3447 1045 3524 1116 τῷ
3549 1043 3658 1098 σῶ-

2081 1157 2211 1212 ματι
2236 1141 2575 1210 κατακριθεί
2579 1155 2695 1207 anc
2715 1139 2852 1210 πρὸς
2875 1138 3149 1210 ἀναίρεσιν
3165 1155 3178 1167 ο
3209 1138 3330 1192 Ἵνα
3350 1139 3414 1190 τὸ
3433 1137 3663 1190 δικαίω-

2071 1250 2158 1303 μα
2186 1231 2292 1286 τοῦ
2318 1233 2460 1286 κατὰ
2481 1231 2577 1303 τὴν
2600 1231 2815 1303 ἐντολὴν
2839 1231 2975 1302 πρὸς
3011 1230 3070 1282 τὸ
3109 1227 3308 1297 ἀγαθδν
3333 1229 3478 1299 ἡμᾶς
3501 1227 3660 1296 ἐφελ-

2080 1327 2312 1398 κομένου
2350 1325 2578 1396 φυσικοῦ
2618 1325 2806 1394 νόμου
2843 1321 3128 1394 φανερωθῇ
3162 1321 3410 1391 ὲξαφθέν.
3445 1319 3516 1375 Τὸ
3549 1320 3663 1390 γὰρ

2079 1419 2381 1474 ἀδύνατον
2414 1416 2509 1471 τοῦ
2547 1420 2604 1470 ὲν
2643 1418 2774 1489 ἡμῖν
2814 1414 3043 1486 φυσικοῦ
3079 1414 3300 1485 ἀγαθοῦ
3333 1413 3464 1485 (60),
3505 1413 3576 1466 ἐν
3615 1403 3665 1479 ᾧ

2079 1512 2323 1580 ἠσθένει
2351 1511 2456 1565 ὑπὸ
2480 1511 2580 1582 τῆς
2603 1509 2897 1580 ἐπιθυμίας
2916 1507 3250 1580 ἡττώμενον,
3283 1507 3383 1577 τῆς
3410 1504 3664 1574 ἐγκειμέ-

2079 1623 2179 1677 νης
2199 1608 2256 1659 ὲν
2280 1604 2358 1676 τῷ
2382 1602 2615 1675 σώματι,
2639 1605 2674 1657 ὀ
2707 1601 2852 1668 Θεὸς
2874 1598 3240 1672 ἀνερρώσατο,
3287 1598 3530 1667 πέμψας
3556 1595 3665 1650 τὸν

2081 1698 2220 1751 Υἱὸν
2250 1697 2462 1761 αὐτοῦ,
2502 1695 2618 1765 τὴν
2668 1694 2880 1764 ὁμοίαν
2926 1691 3037 1761 τῆς
3075 1691 3301 1760 σαρκὸς
3335 1689 3445 1758 τῆς
3480 1689 3665 1758 ἀμαρ-

2081 1790 2211 1855 τίας
2239 1789 2437 1856 σάρκα
2479 1785 2844 1854 ἀνειληφότα
2869 1801 2884 1813 ·
2919 1783 3026 1846 ἵνα,
3055 1783 3152 1852 τῆς
3179 1779 3452 1851 ἁμαρτίας
3496 1794 3666 1830 κατα-

2079 1880 2433 1952 κεκριμένης,
2460 1879 2596 1951 πρὸς
2618 1877 2916 1949 ἀναίρεσιν,
2939 1877 3018 1938 είς
3053 1876 3112 1928 τὸ
3155 1873 3351 1945 μηκέτι
3387 1887 3668 1942 καρποφο-

2084 1975 2246 2047 ρῆσαι
2278 1973 2334 2025 ὲν
2355 1973 2422 2040 τῇ
2454 1969 2637 2040 σαρκὶ,
2663 1967 2722 2020 τὸ
2756 1967 2952 2036 ἰδίωμα
2977 1964 3066 2017 τοῦ
3086 1961 3316 2030 φυσικοῦ
3343 1962 3504 2031 νόμου
3537 1959 3669 2030 πλη-

2087 2066 2256 2138 ρωθῇ,
2285 2062 2587 2116 πλεονάσαν
2622 2063 2686 2131 τῇ
2713 2059 2927 2128 ὑπακοῇ
2950 2059 3060 2118 τοῖς
3102 2055 3176 2126 μὴ
3203 2053 3343 2108 κατὰ
3369 2053 3465 2124 τὴν
3486 2050 3669 2104 ἐπιθυ·

2085 2157 2214 2230 μίαν
2239 2157 2336 2228 τῆς
2365 2155 2566 2226 σαρκὸς
2587 2151 2998 2225 περιπατοῦσιν,
3024 2148 3158 2204 ἀλλὰ
3197 2147 3339 2200 κατὰ
3359 2147 3454 2217 τὴν
3477 2145 3667 2198 ἐπιθυ-

2086 2248 2214 2320 μίαν
2235 2247 2328 2300 τοῦ
2355 2247 2686 2316 πνεύματος,
2720 2245 2813 2296 καὶ
2834 2243 2931 2314 τὴν
2953 2243 3245 2312 ὑφήγησιν.
3265 2240 3317 2291 Ὁ
3350 2239 3457 2308 γὰρ
3483 2237 3667 2306 νόμος

2083 2339 2190 2393 τοῦ
2237 2339 2576 2409 πνεύματος
2603 2335 2710 2404 τῆς
2735 2333 2902 2403 ζὶοῆς,
2926 2333 2953 2385 ὃ
2981 2333 3044 2404 δή
3074 2333 3189 2384 ἐστι
3219 2331 3279 2383 τὸ
3311 2328 3665 2397 Εὑαγγέλιον,

2083 2431 2270 2502 ἓτερος
2314 2427 2389 2482 ὢν
2435 2427 2546 2482 τῶν
2589 2424 2997 2499 προειρημένων
3029 2423 3228 2494 νόμων,
3265 2421 3355 2475 διὰ
3373 2421 3463 2474 τοῦ
3496 2419 3670 2491 κηρύέ

2085 2539 2296 2594 γματος
2321 2523 2400 2586 είς
2425 2520 2671 2589 ὑπακοὴν
2695 2518 2870 2581 τεθεὶς
2891 2518 2985 2571 καὶ
3013 2516 3208 2586 ἄφεσιν
3231 2511 3667 2586 ἁμαρτημάτων,

2085 2616 2459 2688 ἠλευθέρωσεν
2499 2615 2644 2686 ἡμᾶς
2688 2613 2797 2667 ἀπὸ
2839 2609 2933 2664 τοῦ
2956 2610 3120 2680 νόμου
3159 2609 3257 2678 τῆς
3284 2606 3553 2678 ἁμαρτίας
3572 2605 3672 2658 καὶ

2084 2709 2180 2763 τοῦ
2211 2708 2464 2773 Θανάτου,
2500 2708 2729 2778 νικήσας
2750 2706 2813 2758 ὲκ
2835 2703 3034 2767 παντὸς
3061 2703 3158 2775 τὴν
3203 2699 3474 2772 ἁμαρτίαν
3515 2697 3667 2769 βασι-

2086 2802 2368 2867 λεύουσαν,
2397 2799 2542 2874 [καὶ]
2575 2799 2675 2870 τῆς
2700 2797 2917 2869 σαρκός.

2157 2917 2230 2972 A'.
2275 2917 2398 2970 Ὀτι
2433 2915 2567 2985 φησὶ
2603 2914 2677 2985 μὴ
2719 2911 3012 2984 τρέφεσθαι
3046 2910 3079 2980 ἢ
3125 2907 3373 2973 αὐξάνειν
3420 2903 3529 2959 ἀπὸ
3567 2902 3671 2974 τῆς

2087 3008 2192 3080 γῆς
2220 3008 2290 3062 τὰ
2313 3008 2471 3078 φυτά.
2511 3007 2672 3076 Λέγει
2716 3006 2843 3077 γὰρ,
2877 3003 3203 3074 διαπορήσαι
3233 2999 3277 3052 δ’
3317 3000 3380 3054 ἄν
3413 3015 3514 3060 τις,
3547 2995 3667 3060 πῶς

2014 3105 2059 3168 C
2089 3104 2168 3165 εἰς
2211 3101 2302 3154 τὸν
2345 3101 2506 3170 ὄγκον
2536 3095 3013 3168 άναλαμῦἁνεσθαι
3045 3093 3263 3147 δύναται
3295 3089 3403 3142 τῶν
3437 3087 3671 3158 δένδρων

2085 3195 2122 3266 ἡ
2155 3193 2229 3264 Ὑῆ
2266 3190 2756 3264 μεταλλοιουμένης
2800 3189 2996 3262 Ἐχρῆν
3025 3186 3165 3256 γὰρ,
3193 3183 3288 3238 ἆτε
3316 3181 3416 3250 τῆς
3448 3180 3672 3232 ὑποκει-

2087 3285 2256 3356 μένης
2285 3284 2387 3355 γῆς
2432 3281 2884 3354 ἀναρπαζομένης
2931 3278 3020 3332 ἀεὶ
3053 3277 3140 3330 διὰ
3190 3274 3300 3328 τῶν
3349 3270 3534 3342 ῥιζῶν,
3588 3270 3674 3332 εἰς

2083 3376 2212 3446 ὅλην
2234 3374 2330 3446 τὴν
2357 3373 2469 3440 ἕξιν
2499 3373 2591 3426 τοῦ
2625 3372 2782 3439 ξύλου
2808 3371 2900 3423 τὸν
2928 3369 3147 3441 τρόπον,
3179 3364 3299 3419 καθ’
3330 3363 3389 3415 ὃν
3419 3362 3479 3413 τὸ
3513 3359 3672 3424 ξύλον

2087 3467 2458 3539 βεϐλάστηκε,
2498 3463 2886 3520 κοιλαίνεσθαι.
2935 3463 3097 3514 Ὥστε
3134 3459 3356 3530 μάταιος
3409 3452 3591 3508 αὐτῶν
3640 3454 3672 3505 ὁ

2094 3561 2332 3624 τοιοῦτος
2361 3560 2459 3630 τῆς
2491 3559 2619 3630 περὶ
2647 3556 2718 3610 τὰ
2751 3555 2974 3626 σώματα
3009 3553 3251 3624 ρυήσεως
3283 3543 3672 3615 ἀναλογισμός.

2095 3655 2220 3718 Πῶς
2255 3653 2362 3724 γὰρ
2399 3652 2532 3716 ὅλως
2561 3653 2594 3721 ἡ
2631 3650 2703 3722 γῆ
2729 3649 2816 3702 διὰ
2841 3647 2948 3700 τῶν
2975 3644 3140 3718 ῥιζῶν
3171 3643 3250 3705 είς
3277 3642 3402 3703 τοὺς
3429 3635 3675 3708 κορμοὺς

2093 3748 2202 3803 ἐῶν
2231 3746 2411 3817 φυτῶν
2447 3743 2788 3815 εἰσδυομένη,
2820 3742 2913 3794 καὶ
2941 3739 3029 3792 διὰ
3061 3735 3167 3790 τῶν
3202 3733 3383 3806 πόρων
3417 3733 3495 3793 εἰς
3529 3730 3674 3783 πάν-

2093 3855 2192 3901 τας
2241 3836 2419 3890 αὐτῶν
2476 3827 3053 3904 κατακερματιζομένη
3101 3827 3225 3888 τοὺς
3281 3821 3526 3884 κλάδους,
3590 3819 3675 3882 εἰς

2095 3928 2269 3999 φύλλα
2316 3927 2411 3981 καὶ
2453 3926 2663 3998 καρπὸν
2709 3921 3138 3994 μεταϐάλλεται;
3178 3916 3409 3985 Εὑμήκη
3447 3911 3542 3982 μὲν
3576 3905 3674 3964 οὖν

2095 4021 2306 4092 δένδρα,
2340 4019 2546 4090 κέδρος,
2577 4018 2610 4089 ἧ
2640 4017 2847 4081 πίτυες,
2881 4013 2915 4084 ἦ
2958 4011 3164 4074 ἐλάται,
3202 4007 3297 4061 καὶ
3332 4004 3531 4075 πολλὴν
3570 4001 3675 4070 φέ-

2097 4131 2258 4178 ροντα
2292 4113 2410 4165 κατ’
2443 4111 2559 4176 ἔτος
2597 4109 2771 4180 κόμην
2815 4107 2909 4160 καὶ
2948 4101 3176 4176 καρπόν.
3231 4097 3381 4152 Ἰδεῖν
3411 4093 3526 4165 γὰρ
3556 4092 3674 4165 (61)

2092 4205 2266 4271 ἐστιν,
2296 4203 2371 4267 ὼς
2402 4203 2551 4257 οὐδὲν
2595 4201 2693 4272 τῆς
2723 4197 3087 4270 ὑποκειμένης
3111 4193 3214 4264 γῆς
3249 4190 3330 4252 εἰς
3365 4187 3457 4240 τὸν
3499 4183 3676 4255 αὐτῆς

488 4458 600 4533 (57)
631 4457 739 4533 Ceu
755 4475 936 4533 recens
966 4477 1185 4533 accensa
1207 4479 1436 4533 novaque
1463 4472 1622 4517 aucta
1647 4463 1864 4520 lumine.
1899 4463 1992 4520 Sic
2021 4468 2072 4528 D
2097 4465 2236 4520 ritus
2267 4471 2321 4520 et
2353 4467 2550 4518 mentis
2583 4460 2672 4516 cui
2711 4458 2958 4533 subsidio
2991 4455 3228 4533 advenit.
3260 4454 3676 4533 Qtia_re_rninus

413 4529 602 4604 multis
646 4529 1042 4604 hlethodiiinam
1089 4532 1235 4604 illam
1283 4529 1655 4604 paraphrasim
1688 4535 1990 4604 rcircumlo-

414 4601 819 4675 g_ui_cogimur.
869 4600 964 4675 Est
1006 4617 1136 4675 ergo
1177 4601 1250 4675 τὸ
1280 4600 1510 4675 ἐξαφθὲν
1549 4603 1823 4675 δικαίωμα
1863 4605 1989 4674 legis

416 4669 711 4744 Methodio,
748 4671 893 4741 quod
932 4669 1120 4735 Paulo,
1154 4669 1458 4744 πληρωθέν,
1492 4675 1694 4727 Christi
1727 4669 1989 4729 nimirum

453 4742 744 4816 ratia.__et_
782 4757 966 4816 nova,
1004 4753 1198 4812 praeter
1235 4742 1591 4816 omnesmjam
1636 4745 1987 4816 assignatas,

413 4756 624 4864 gratia.
675 4756 729 4795 Cl
782 4757 952 4808 nova,
1004 4756 1198 4812 praeter
1246 4760 1434 4799 omnes
1479 4760 1591 4812 Jam
1643 4756 1987 4816 assrgnatas,

413 4811 707 4901 192W.
731 4813 897 4901 lese}.
919 4813 1046 4901 siste
1068 4829 1202 4901 (mea
1223 4814 1395 4901 ,ίιιξίετι
1417 4815 1528 4901 _i".=:.
1551 4814 1605 4896 in
1635 4815 1834 4901 υοηυςη
1855 4831 1990 4901 Rm-

413 4883 628 4950 pensio,
661 4889 714 4936 et
739 4882 822 4937 lex
853 4882 1246 4945 mentis,'caeca
1276 4893 1331 4938 et
1353 4882 1684 4940 insulIiciens
1721 4894 1823 4940 est.
1852 4882 1991 4940 Cor-

413 4953 762 5025 n_arius_non_
793 4952 1008 5025 videtur
1043 4955 1243 5023 legisse
1273 4954 1420 5007 illam
1451 4970 1670 5022 vocem;
1706 4970 1989 5025 novusque

417 5023 553 5075 alter
608 5021 899 5094 Epiphanii
946 5021 1251 5094 interpres,
1305 5025 1548 5080 clausam
1608 5021 1986 5094 repraesentat,

417 5104 481 5142 ac
522 5107 644 5166 ceu
678 5093 945 5166 inutilem,
995 5093 1105 5148 non
1160 5094 1424 5166 redditam
1478 5093 1824 5150 transcurrit.
1879 5096 1989 5166 Ego

415 5160 802 5235 cum‘Photio,
842 5165 1105 5235 potiorem
1147 5165 1503 5234 sequentibus
1545 5166 1689 5235 apud
1737 5160 1986 5222 eumdem

418 5227 780 5305 Epiphanium
805 5227 1067 5305 arbitror,
1111 5227 1724 5305 necessariamque'tum
1758 5237 1826 5290 ad
1861 5238 1983 5291 illo-

419 5313 539 5379 rum
561 5302 892 5379 antithesim,
920 5311 1032 5357 tum
1062 5304 1128 5358 ad
1148 5304 1361 5379 Paulini
1386 5302 1564 5379 textus
1581 5309 1983 5379 paraphrasim,

417 5373 577 5446 cujus
605 5373 783 5425 versio
817 5374 907 5446 illa
940 5390 1080 5428 nova
1123 5377 1281 5446 plane
1313 5373 1652 5446 antiphrasis
1679 5373 1781 5431 est.
1826 5377 1987 5432 Forte

419 5445 612 5519 tamen.
632 5451 715 5519 est
743 5444 1038 5519 genuinum
1069 5442 1242 5516 magis
1274 5442 1455 5512 αὖθις,
1481 5449 1756 5517 quomodo
1785 5448 1989 5502 Corna-

419 5509 549 5580 rius__
567 5509 778 5564 videtur
803 5513 1029 5580 legisse.

461 5576 608 5654 _(58)
635 5580 713 5632 Ab
735 5576 1088 5658 superioribus
1119 5583 1316 5658 legibus
1352 5605 1485 5642 nova
1515 5587 1620 5658 lett.
1638 5589 1882 5658 γ”Ετερος
1909 5587 1986 5642 ὢν

558 5650 1192 5740 serraeserrae
1228 5655 1348 5738 Non.
1377 5650 1838 5740 πηαιθ-.δε¹ιοειιιέυ
1863 5650 1987 5740 ius"

421 5715 532 5767 alia
559 5715 636 5772 est
666 5715 730 5775 ab
759 5715 1036 5777 autedictis
1060 5715 1306 5792 legibus:
1335 5727 1450 5799 ipsa
1485 5728 1650 5784 etiam
1703 5715 1837 5801 lege'
1872 5715 1986 5801 spi-

2098 4545 2224 4604 apte
2257 4549 2436 4589 novus
2464 4531 3086 4604 Epiphanii_in_terpres,
3117 4527 3181 4580 ab
3209 4525 3566 4602 superioribus
3595 4525 3674 4580 le-

2096 4600 2247 4676 gibus
2272 4600 2599 4676 discrepaits,
2641 4600 2787 4676 quod
2817 4600 3031 4676 videtur
3059 4600 3400 4676 contrarium
3436 4610 3672 4676 sonare.

2171 4677 2282 4747 (59)
2321 4675 2393 4747 In
2438 4665 3118 4747 silvescerttissubstantiar
3171 4665 3379 4747 molem.
3436 4666 3532 4746 Εζς
3576 4665 3674 4747 τὸν

2097 4737 2276 4800 αὑτὸν’
2303 4745 2464 4814 ὄγκον
2514 4741 2907 4814 τῆςίδρυάδος.
2961 4738 3241 4814 Sclrottus,
3276 4739 3331 4790 in
3371 4737 3674 4814 vastitatem

2097 4805 2357 4885 πανσυδί
2379 4816 2522 4886 quod
2559 4805 2775 4868 videtur
2801 4809 3075 4886 _nonnihil
3128 4809 3442 4863 barbarum.
3481 4805 3675 4886 Refert

2097 4877 2356 4956 proceras
2386 4877 2612 4940 arbores
2658 4882 2905 4956 proxime
2935 4880 3167 4956 relatas,
3187 4894 3325 4947 quas
3359 4877 3670 4956 contendit,

2096 4951 2237 5027 nihil
2254 4958 2320 5011 de
2345 4964 2492 5012 terra
2528 4956 2582 5009 in
2613 4951 2767 5009 suam
2799 4951 3160 5006 substantiam
3187 4955 3526 5027 convertere.
3555 4964 3672 5027 quo

2093 5025 2150 5080 in
2193 5028 2386 5081 molem
2427 5036 2628 5080 tantam
2662 5029 2984 5078 excrescant
3015 5038 3027 5070 ε
3058 5035 3180 5090 quae
3221 5034 3354 5073 sane
3390 5017 3667 5082 doctrina,

2093 5112 2226 5166 pace
2256 5097 2393 5150 tanti
2434 5096 2559 5157 viri,
2590 5094 2700 5166 nisi
2726 5089 3165 5166 exponatur;iut_
3195 5089 3493 5166 _nibil,.pro
3542 5103 3669 5141 mo-

2091 5159 2237 5232 dico,
2291 5166 2582 5236 acceperit.
2617 5159 2832 5236 videtur
2860 5177 3075 5236 parum
3115 5159 3493 5236 philoSOphica
3523 5178 3537 5212 :
3566 5173 3674 5213 nec

2092 5229 2368 5293 instantia:
2399 5229 2589 5291 omnes
2612 5234 2760 5288 aliud
2788 5229 3071 5296 evincunt,
3103 5229 3267 5301 quam
3289 5229 3524 5301 ut_valde
3548 5246 3672 5283 mo-

2089 5307 2273 5363 dicum
2312 5307 2444 5378 quid
2472 5314 2631 5378 terra;
2663 5304 3035 5378 depereat,___in
3062 5298 3319 5378 arborum
3341 5298 3675 5378 frugumque

2095 5371 2433 5444 alimoniam,
2473 5377 2617 5448 quod
2645 5371 2878 5432 subinde
2903 5374 3027 5430 aliis
3062 5373 3356 5428 crementis
3392 5371 3672 5425 instaure-

3577 5449 3674 5494 tur

2169 5583 2282 5655 (60)
2314 5583 2584 5655 Ἀγαθοῦ.
2614 5581 2778 5653 Lege,
2793 5587 2868 5655 ut
2893 5577 3036 5649 apud
3056 5576 3251 5650 Epiph.
3284 5594 3340 5634 n.
3365 5575 3456 5645 62,
3475 5575 3672 5651 νόμου.

2094 5655 2161 5712 Et
2181 5652 2318 5709 ’ῐηοχ
2349 5652 2620 5725 δικαίωμα
2645 5652 2743 5725 pro
2770 5652 2986 5725 ἰδίωμα.

2167 5725 2284 5798 (61)
2324 5724 2497 5781 Ἰδεῖν
2684 5724 2842 5780 Scrib
2891 5719 3040 5776 ’ἰδεῖν
3060 5719 3144 5774 δέ.
