3864 6162
267 233 370 290 509
1355 232 1448 288 EX
1486 232 1690 289 LIBRO
1723 231 1810 287 DE
1849 231 2454 289 RESURRECTEONE.
3402 238 3508 296 310

263 347 426 417 δγκον
454 347 554 419 τῆς
593 348 817 420 δρυάδος
847 349 1352 406 καταναλίσκουσιν.
1398 351 1593 423 Ἐχρῆν
1622 351 1751 423 γὰρ,

2006 348 2282 404 radicibus
2309 348 2611 406 ascendens
2646 359 2813 418 terra,
2862 351 3206 423 [ἱμείρω-ει,
3242 359 3304 406 ιιι
3329 355 3509 410 omnis

263 431 457 509 ἀληθὲς
495 434 583 509 ἦν,
624 439 712 492 διὰ
756 439 864 493 τῶν
909 441 1075 512 ῥιζῶν
1119 442 1487 514 ἁνερχομένην
1536 440 1789 506 ἀποξυλοί

1982 441 2364 512 ircumquaque
2397 441 2550 497 locus
2587 449 2913 510 cavaretur;
2944 443 3088 513 quod
3124 449 3359 514 nequeat
3385 459 3508 500 cor-

265 533 384 587 σθαι
412 533 524 604 (62)
557 532 654 605 τὴν
689 534 812 605 γῆν,
845 533 1058 588 ἅπαντα
1085 535 1176 588 τὸν
1211 536 1342 606 περὶ
1375 534 1514 588 αὐτὰ
1539 534 1702 589 τόπον
1735 534 1791 588 τί

1982 547 2041 586 us
2069 530 2305 597 aridum,
2338 529 2514 586 instar
2538 531 2857 586 substantia:
2881 531 3136 597 humidae,
3185 532 3252 586 ad
3285 533 3340 587 id
3363 535 3508 604 quod

261 628 362 699 τῆς
385 627 769 693 κοιλαίνεσθαι,
797 629 878 682 ὅτι
911 629 984 702 μὴ
1013 630 1286 702 ὲπιρῤἐειν
1310 630 1521 698 πέφυκε
1554 628 1614 682 τὸ
1649 627 1787 700 ξηρδ.

1970 634 2185 678 movetur
2205 628 2260 678 et
2293 620 2437 676 cedit
2474 621 2616 687 loco,
2643 624 2901 678 continuo
2940 622 3084 678 velut
3111 622 3338 690 aﬂluxu,
3362 639 3496 679 con-

260 718 511 791 καθάπερ
531 720 706 773 καὶτὸ
733 721 917 792 ὑγρὸν,
953 722 1038 774 ἀεὶ
1068 723 1203 794 πρὸς
1234 722 1296 775 τὸ
1323 721 1655 794 κινούμενον.
1693 722 1786 774 "HE

1983 714 2180 771 indere.
2218 713 2337 771 Jam
2366 732 2493 772 vero
2513 716 2676 772 etiam
2707 715 2842 772 ﬁcus
2867 715 3239 788 videmus(64)
3268 716 3509 787 aliasque

259 810 316 863 δὲ
348 811 441 864 καὶ
481 812 660 875 συκαὶ,
692 811 785 864 καὶ
822 811 956 865 ἄλλα
988 811 1210 866 τοιαῦτα
1249 812 1424 882 φυτὰ,
1461 813 1736 884 μνημείων
1777 814 1785 864 i

1979 807 2204 873 iusmodi
2230 808 2449 879 stirpes,
2481 808 2775 865 exstructis
2805 805 3173 864 monumentis
3204 808 3505 864 adnascen-

257 901 511 972 οίκοδομη
521 918 653 972 μασι
680 901 938 967 πολλάκις
961 903 1357 974 βλαστήσαντα,
1384 904 1535 958 οὐδὲν
1561 905 1640 968 εἰς
1667 904 1783 958 ὲαυτ

1977 913 2041 963 ιε,
2067 905 2127 952 ut
2164 897 2300 953 nihil
2325 899 2550 954 omnino
2573 898 2786 954 aedilicii
2819 899 2876 953 in
2897 915 2954 955 se
2987 898 3135 969 ipsas
3160 907 3503 955 convertant.

256 991 355 1063 τῆς
395 992 678 1064 οἰκοδομῆς
719 995 855 1059 ὅλως
896 994 1235 1069 ἱστοροῦνται
1265 995 1727 1066 κατηναλωκέναι.
1771 996 1782 1047 ]

1983 991 1996 1045 i
2015 990 2137 1063 quis
2155 1007 2286 1048 sane
2316 992 2493 1048 editos
2513 993 2698 1047 multis
2720 993 2878 1048 annis
2903 991 3113 1048 fructus
3143 989 3378 1062 foliaque
3395 992 3509 1048 col-

257 1084 388 1153 γοῦν
419 1084 559 1139 ἐτῶν
589 1085 796 1140 πολλῶν
828 1087 1244 1158 συλλογίσασθαι
1272 1105 1355 1152 τις
1382 1088 1472 1143 τὸν
1501 1087 1711 1159 καρπὸν
1734 1087 1783 1140 αι

1978 1101 2103 1156 gere
2131 1086 2404 1149 statuerit,
2438 1086 2631 1141 multis
2663 1085 2912 1156 partibus
2949 1085 3248 1140 auctiorem
3285 1085 3504 1151 molem,

257 1178 364 1232 τῶν
393 1180 488 1233 καὶ¹
520 1179 589 1232 τὰ
629 1179 802 1249 φύλλα
834 1181 1142 1254 βουληθείη,
1189 1182 1400 1236 κατίδοι
1427 1181 1492 1236 ἂν
1525 1181 1783 1236 πολλαπλι

1982 1189 2082 1229 :rra
2110 1177 2476 1240 monumentis
2510 1187 2726 1248 aggesta
2763 1176 3122 1248 perspexerit.
3155 1176 3508 1234 Absurdissi-

258 1271 407 1326 σίονα
447 1270 549 1342 τῆς
590 1271 684 1324 ἐπὶ
711 1273 819 1326 τῶν
869 1273 1147 1345 μνημείων
1178 1273 1281 1344 γῆς
1323 1273 1417 1326 τὸν
1464 1273 1627 1343 ὄγκον
1657 1272 1784 1325 αὑτᾶ

1982 1283 2084 1322 ium
2113 1283 2244 1339 ergo
2275 1276 2378 1332 est,
2404 1269 2744 1335 existimare,
2766 1277 2967 1326 terram
2985 1271 3040 1326 in
3059 1269 3336 1326 fructuum
3353 1271 3508 1326 uber-

254 1362 642 1432 γεγενημένον.
685 1361 846 1416 Ὅθεν
892 1361 1239 1418 ἀτοπώτατον
1278 1364 1527 1436 ἡγεῖσθαι
1572 1363 1670 1434 τὴν
1709 1364 1779 1434 γῆ

1983 1366 2104 1416 item
2132 1357 2371 1430 foliaque
2404 1361 2656 1416 consumi
2690 1378 2705 1428 ;
2739 1375 3052 1432 quanquam
3092 1377 3187 1432 per
3210 1362 3351 1417 hanc
3379 1362 3509 1416 ﬁant

253 1455 334 1516 είς
364 1453 594 1526 καρπῶν
631 1453 802 1526 φοράν
834 1455 1310 1528 μεταϐαλλομένην
1338 1457 1430 1510 καὶ
1469 1455 1644 1526 φύλλα
1698 1477 1779 1513 καί

1984 1453 2139 1518 nnia,
2203 1453 2386 1510 sedem
2416 1453 2532 1525 ipsa
2563 1463 2618 1510 et
2645 1453 2825 1509 locum
2876 1462 3188 1525 praestante.
3241 1453 3377 1509 Nam
3411 1470 3510 1510 ne-

248 1543 651 1598 αναλίσκεσθαν
681 1543 782 1597 κᾶν
831 1543 899 1596 δι’
947 1545 1117 1616 αὐτῆς
1165 1545 1380 1599 ἅπαντα
1429 1545 1634 1614 γίνεται
1697 1545 1774 1614 (62

1983 1562 2041 1602 ue
2065 1547 2220 1617 panis
2269 1547 2388 1603 sine
2419 1547 2564 1602 mola
2617 1546 2698 1612 ﬁt,
2731 1547 2847 1602 sine
2874 1547 3017 1612 loco,
3043 1548 3160 1602 sine
3188 1555 3433 1618 tempore
3454 1553 3509 1601 et

251 1629 382 1701 ἕδρα
415 1632 552 1703 αὐτῇ
589 1631 862 1704 χρώμενοι
894 1635 988 1688 καὶ
1021 1635 1188 1706 τόπῳ.
1223 1635 1356 1690 Οὐδὲ
1381 1635 1488 1707 γὰρ
1518 1636 1680 1708 ἄρτος
1714 1637 1777 1707 δί]

1981 1640 2080 1705 :ni:
2134 1656 2236 1696 nec
2275 1647 2458 1696 tamen
2492 1640 2690 1695 borum
2724 1638 2930 1710 aliquid
2953 1645 3038 1694 est
3085 1647 3180 1693 aut
3223 1638 3283 1694 ﬁt
3329 1637 3507 1710 panis.

252 1721 422 1792 μύλου
453 1723 548 1776 καὶ
574 1725 760 1786 τόπου,
793 1727 883 1779 καὶ
912 1727 1127 1799 χρόνου,
1163 1728 1256 1781 καὶ
1284 1728 1454 1800 πυρὸς
1484 1728 1710 1797 γίνεται’
1741 1747 1776 1782 κ

1625 1745 1710 1782 ται·
1741 1729 1836 1783 καὶ
1935 1731 2093 1798 Quod
2119 1733 2299 1804 ipsum
2324 1733 2381 1789 in
2409 1733 2686 1791 sexcentis
2717 1733 2842 1789 aliis
2863 1731 3151 1804 contingit.

248 1815 400 1868 οὐδέν
427 1817 575 1870 ἐστιν
600 1816 632 1888 ἢ
661 1818 871 1885 γίνεται
897 1819 1103 1873 τούτων
1137 1820 1164 1872 ὁ
1195 1821 1376 1893 ἄρτος.
1405 1822 1517 1875 Καὶ
1545 1820 1638 1872 ἐπὶ
1663 1818 1836 1874 ἀλλων

248 1908 468 1978 μυρίων
495 1908 775 1973 ὡσαύτως.

314 1997 392 2054 Ε⁹.
417 1999 539 2052 Ὀτι
556 2002 644 2068 τὸ,
659 1999 916 2069 Οἴδαμεν
930 2001 1061 2070 γὰρ,
1085 2003 1186 2069 ὡς,
1212 2002 1373 2073 ἐὰνή
1394 2003 1653 2077 ἐπίγειος
1668 2006 1837 2077 ἡμῶν

2007 1994 2074 2052 ν.
2107 1995 2223 2050 Hoc
2247 1995 2430 2051 Pauli:
2459 1993 2667 2050 Scimus
2700 1993 2860 2060 enim,
2884 1991 3136 2064 quoniam
3167 1992 3215 2046 si
3245 1991 3509 2046 terrestris

242 2091 403 2144 οἰκία
437 2091 543 2146 τοῦ
575 2052 846 2160 σκήνουις
878 2052 1211 2164 κᾷτᾶλυᾰτξ,
1238 2097 1332 2150 καὶ
1541 2099 1590 2152 oi
1622 2052 1768 2170 :9};

1985 2105 2120 2143 amus
2149 2100 2333 2144 nostra
2361 2086 2685 2142 tabernaculi
2712 2085 3034 2140 dissolvatur
3053 2084 3122 2150 ",
3153 2090 3260 2140 etc.
3321 2081 3511 2154 Orige—

243 2184 424 2237 νισταὶ
471 2185 552 2247 είς
591 2184 869 2256 ἀναίρεσιν
902 2186 1002 2257 τῆς
1030 2186 1138 2240 τῶν
1184 2187 1452 2258 σωμάτων
1489 2189 1769 2243 ἀναστάσει

1983 2182 2094 2237 istae
2117 2181 2182 2235 ad
2217 2180 2511 2235 tollendam
2535 2193 2827 2251 corporum
2846 2176 3306 2234 resurrectionem
3336 2175 3509 2248 profe-

241 2276 660 2346 προϐάλλονται,
690 2278 882 2349 σκῆνος
908 2277 970 2334 τὸ
997 2277 1174 2350 σῶμα,
1202 2279 1294 2333 καὶ
1331 2280 1738 2354 ἀχειροποίητον

1982 2282 2064 2329 mt
2094 2314 2109 2340 ,
2138 2273 2404 2337 dicentes,
2428 2271 2852 2327 tabernaculum
2877 2285 3000 2325 esse
3020 2285 3258 2340 corpus;
3287 2269 3508 2324 domum

239 2371 494 2441 οὐρανοῖς
515 2372 708 2440 οἰκίαν,
734 2372 800 2426 τὰ
831 2375 958 2444 παρ’
992 2372 1168 2428 αὐτῶν
1191 2374 1537 2446 πνευματικά
1563 2376 1682 2429 ὲνδύ
1691 2395 1765 2449 μα

1983 2374 2114 2422 item
2143 2381 2254 2422 non
2283 2381 2450 2420 manu
2499 2365 2703 2419 factam
2733 2363 2788 2418 in
2820 2363 2996 2428 caelis,
3031 2377 3151 2432 quae
3182 2362 3259 2416 illi
3283 2361 3509 2416 commi-

242 2462 516 2531 λέγοντες.
548 2465 660 2530 Διὸ,
706 2465 870 2537 φησὶν
911 2467 940 2518 ὁ
982 2466 1134 2533 ἆγιος
1161 2465 1445 2532 Μεθόδιος,
1475 2467 1713 2537 ἐπίγειον
1755 2488 1768 2523 ι

1983 2462 2222 2514 ιεοιιιιιιιι·
2260 2457 2526 2529 spiritalia
2574 2455 2916 2510 indumenta.
2969 2453 3108 2508 Hinc
3135 2453 3267 2509 dicit
3299 2451 3359 2508 S.
3397 2451 3509 2508 Me-

242 2555 369 2608 κίαν
421 2555 521 2628 τὴν
573 2557 805 2610 ἐνταῦθα
859 2557 1146 2630 βραχύϐιον
1189 2557 1335 2629 ζωὴν
1378 2563 1768 2633 καταχρηστικέ

1981 2552 2174 2617 ιοάὶιιε,
2204 2565 2302 2621 per
2315 2556 2632 2605 terrestrem
2665 2547 2912 2612 domum,
2935 2546 3154 2601 brevem
3186 2543 3507 2617 hancvitam

241 2646 498 2720 ληπτέον,
540 2650 634 2703 καὶ
674 2651 733 2702 οὐ
783 2651 844 2703 τὺ
874 2650 1072 2722 σκῆνος
1110 2651 1287 2705 τοῦτο.
1327 2653 1392 2705 Εἰ
1439 2651 1548 2724 γὰρ
1589 2655 1767 2723 ὲπίγει

1983 2645 2158 2700 ιιιεὶνο
2201 2640 2613 2712 intelligendam
2647 2657 2662 2707 ;
2684 2655 2796 2693 non
2813 2653 2947 2694 vero
2968 2653 3090 2694 esse
3116 2639 3222 2693 hoc
3250 2637 3509 2692 taberna-

239 2739 419 2794 οίκίαν
461 2740 868 2813 καταλυομένην
907 2741 966 2794 τὸ
1000 2741 1157 2814 σῶμα
1201 2743 1444 2796 τίθεσθαι
1471 2744 1632 2798 αὐτὸν
1678 2763 1765 2816 νομ

1983 2737 2133 2792 ilum.
2163 2733 2222 2790 Si
2250 2735 2418 2799 enim,
2450 2733 2648 2804 inquit,
2675 2747 2773 2803 per
2801 2737 3119 2788 terrestrem
3152 2730 3375 2785 domum
3399 2729 3509 2784 dis-

241 2831 397 2896 ζετεο
449 2833 715 2902 φράσατε,
750 2834 827 2902 τὸ,
850 2834 1045 2906 σκῆνος
1078 2835 1130 2888 τί
1163 2836 1334 2902 ἐστιν,
1385 2827 1446 2890 οὗ
1482 2839 1516 2908 ἡ
1548 2838 1695 2891 οἰκία
1728 2856 1767 2892 κι

1981 2829 2266 2894 ιινοῐιᾱοω,
2297 2841 2500 2895 corpus
2531 2835 2779 2878 nostrum
2812 2823 2881 2879 ab
2908 2838 2974 2879 eo
3013 2822 3241 2894 intelligi
3268 2820 3507 2892 putatis;

239 2922 531 2990 ταλύεται;
561 2925 786 2996 Ἕτερον
817 2925 926 2998 γὰρ
953 2927 1015 2979 τὸ
1043 2927 1259 2998 σκῆνος,
1293 2927 1387 2982 καὶ
1416 2927 1542 2982 ἄλλο
1569 2929 1664 2982 τοῦ
1695 2946 1762 2982 σκ

1984 2921 2057 2978 iid
2074 2921 2484 2977 tabernaculum
2499 2920 2590 2984 sit,
2605 2919 2815 2983 docete,
2835 2917 2991 2986 cujus
3014 2915 3210 2970 domus
3231 2914 3303 2969 sit
3319 2909 3510 2968 dissol-

239 3032 365 3078 νους
393 3017 427 3086 ὴ
471 3016 618 3069 οἰκία
637 3033 650 3045 ’
700 3019 793 3070 καὶ
821 3017 1007 3089 ἕτερον
1049 3020 1229 3089 ἡμεῖς,
1261 3011 1336 3072 ὧν
1369 3020 1486 3072 ἐστι
1512 3019 1574 3071 τὸ
1604 3019 1765 3090 σκῆνο

1984 3015 2101 3070 rnda
2127 3013 2149 3066 ?
2191 3012 2354 3068 Aliud
2384 3012 2530 3068 enim
2562 3021 2646 3067 cst
2686 3007 3120 3074 tabernaculum,
3150 3004 3296 3060 aliud
3329 3004 3510 3058 taber-

253 3106 388 3160 Ἐὰν
419 3106 530 3177 γὰρ
558 3109 597 3176 ἡ
637 3108 897 3179 ἐπίγειος
930 3107 1099 3179 ἡμῶν
1139 3111 1317 3176 οἰκία,
1347 3109 1503 3181 φησὶ,
1532 3109 1639 3164 τοῦ
1675 3124 1779 3164 om

1981 3106 2109 3162 iculi
2138 3104 2336 3162 domus
2373 3123 2388 3160 :
2417 3112 2472 3160 ct
2500 3101 2649 3157 aliud
2685 3116 2822 3166 nos,
2860 3113 3093 3170 quorum
3129 3104 3213 3152 est
3251 3095 3507 3149 taberna-

237 3214 389 3264 γους
409 3199 750 3269 καταλυθῇ-
785 3197 894 3254 οἷον
923 3203 1072 3272 ἡμᾶς
1103 3201 1200 3272 μὲν
1227 3200 1325 3266 τὰς
1357 3200 1534 3272 ψυχὰς
1563 3196 1701 3256 εἶναι
1733 3202 1761 3256 δ

1983 3201 2129 3255 ilum.
2164 3198 2224 3255 Si
2267 3199 2427 3263 enim,
2468 3197 2666 3268 inquit,
2699 3192 2959 3250 terrestris
2993 3190 3180 3244 domus
3211 3195 3395 3242 nostra
3427 3195 3509 3238 ta-

236 3289 452 3354 λὼσαςο
494 3292 691 3362 σκῆνος
733 3293 790 3346 δὲ
837 3292 898 3346 τὸ
942 3292 1131 3364 σῶμαο
1170 3293 1348 3347 οἰκίαν
1374 3293 1431 3346 δὲ
1464 3292 1556 3346 τοῦ
1593 3279 1760 3364 σκήνο

1979 3293 2194 3349 :rnaculi
2249 3291 2625 3346 dissolvatur:
2676 3287 2862 3352 velut,
2917 3297 3041 3339 esse
3089 3296 3213 3345 nos,
3250 3279 3505 3346 animas;

236 3378 336 3450 τὴν
363 3380 507 3435 κατά
530 3382 627 3452 τὴν
661 3381 942 3452 παροῦσαν
973 3383 1118 3455 ζωὴν
1145 3383 1442 3437 ἀπόλαυσιν
1470 3383 1568 3454 τῆς
1600 3383 1762 3455 σαρκὶ

1986 3383 2343 3442 bernaculum
2384 3390 2588 3446 autem,
2616 3393 2851 3448 corpus;
2877 3371 3214 3429 tabernaculi
3249 3385 3380 3425 vero
3409 3371 3509 3424 do-

234 3473 534 3540 τροπικῶς.
597 3475 722 3528 Ἐὰν
755 3471 848 3530 οὖν
882 3478 915 3546 ή
945 3475 1040 3529 νῦν
1070 3475 1134 3548 δὴ
1183 3475 1322 3547 αὕτη
1366 3478 1400 3549 ὴ
1433 3476 1527 3530 τοῦ
1573 3475 1760 3548 σώματ

1982 3493 2106 3542 ian,
2131 3479 2314 3531 carnis
2349 3487 2572 3528 usuram
2617 3471 2674 3524 in
2703 3470 2814 3523 vita
2846 3464 3122 3538 praesenti,
3149 3461 3430 3517 moraliter
3455 3468 3508 3515 et

235 3565 352 3639 ζωὴ
399 3567 557 3639 δίκην
587 3567 762 3630 οἰκίας
791 3568 1087 3641 καταλυθῇ,
1134 3568 1326 3641 ἕξομεν
1373 3569 1471 3641 τὴν
1503 3570 1561 3623 ὲν
1587 3571 1702 3633 τοῖς
1731 3585 1761 3622 ο

1982 3584 2100 3626 :nsu
2150 3565 2382 3638 spiritali
2413 3561 2823 3634 signiﬁcaverit.
2862 3557 2919 3612 Si
2949 3572 3078 3628 ergo
3110 3555 3226 3609 haec
3259 3552 3508 3625 corporis

237 3661 421 3728 ρανοῖς
457 3660 894 3732 ἀχειροποίητον.
948 3662 1439 3732 Ἀχειροποίητον,
1469 3662 1623 3734 φησὶ,
1647 3661 1737 3716 διὰ

1982 3671 2043 3717 ita
2075 3661 2250 3716 instar
2273 3657 2470 3712 domus
2503 3655 2866 3716 dissolvatur,
2906 3649 3146 3705 habituri
3181 3661 3371 3701 sumus
3409 3643 3508 3699 do-

231 3751 617 3822 χειροποίητον
666 3751 869 3824 ταύτην
906 3752 1160 3822 λέγεσθαι
1201 3753 1300 3826 τὴν
1332 3753 1496 3826 ζωὴν,
1549 3753 1692 3808 κατὰ
1735 3754 1757 3806 d

1981 3768 2083 3808 ium
2131 3751 2279 3806 illam
2309 3763 2418 3804 non
2449 3763 2614 3802 manu
2646 3745 2846 3800 factam
2891 3744 2946 3798 in
2980 3742 3159 3797 cmlis.
3197 3737 3368 3794 Vocat
3404 3752 3507 3792 non

231 3843 597 3914 τιδιαστολὴν,
643 3844 794 3917 παρὰ
843 3847 903 3899 τὸ
948 3846 1128 3902 πάντα
1174 3825 1330 3919 ἡμῶν
1377 3825 1448 3903 τά
1493 3850 1756 3921 κοσμήμα

1981 3859 2094 3897 mnu
2124 3841 2343 3912 factam,
2387 3835 2706 3893 differentiae
2759 3848 2923 3889 causa
2958 3850 2973 3900 ;
3029 3830 3177 3903 quod
3221 3831 3333 3885 vita
3390 3825 3507 3882 haec

234 3935 330 3988 καὶ
377 3936 771 4005 σπουδάσματα
819 3939 914 3992 τοῦ
969 3939 1084 4009 βίου
1137 3941 1294 4011 χερσὶ
1347 3939 1704 4012 παλαμᾶσθαι
1734 3941 1760 3994 ἁ

1981 3941 2056 3995 leo
2085 3951 2250 3992 manu
2283 3933 2424 3988 facta
2457 3931 2692 3996 dicatur,
2717 3927 2862 4000 quod
2894 3925 3074 3981 omnis
3105 3925 3226 3995 ejus
3243 3924 3426 3979 cultus
3452 3931 3507 3978 et

233 4026 496 4100 θρώπων.
529 4029 604 4082 Τὸ
631 4031 740 4101 γὰρ
771 4030 949 4101 σῶμα,
976 4031 1367 4104 δημιούργημα
1391 4033 1636 4105 ὑπάρχον
1666 4031 1759 4085 Θεε

1982 4023 2132 4090 ,udia,
2162 4022 2442 4078 hominum
2464 4018 2718 4072 manibus
2747 4015 3208 4070 administrentur
3231 4020 3285 4068 et
3317 4027 3508 4085 geran-

232 4119 619 4192 χειροποίητον
666 4121 726 4173 οὐ
790 4102 1650 4196 λέγεται,ὄτιῗμὴηὲπαλαμηθη
1697 4125 1758 4177 τέ

1980 4133 2036 4171 1r.
2069 4113 2206 4170 Nam
2241 4126 2462 4182 corpus,
2494 4124 2619 4164 cum
2647 4108 2722 4163 sit
2743 4105 2838 4161 Dei
2892 4103 3192 4176 opificium,
3232 4119 3342 4158 non
3371 4102 3506 4158 dici-

238 4227 362 4273 ναις
386 4210 712 4282 ἀνθρώπων.
739 4213 802 4265 Εἰ
829 4213 907 4278 δὲ,
938 4214 1071 4269 διότι
1104 4216 1210 4269 ὑπὸ
1233 4217 1367 4271 Θεοῦ
1398 4217 1764 4290 ὲδημιουργήθ

1975 4225 2016 4264 ιι·
2039 4223 2204 4262 manu
2233 4204 2459 4265 factum,
2494 4199 2642 4271 quod
2667 4214 2776 4254 non
2811 4198 2883 4253 sit
2904 4204 3022 4251 arte
3057 4197 3294 4250 humana
3329 4198 3501 4250 mani-

234 4303 616 4375 χειροποίητον
679 4305 810 4358 αὐτὸ
865 4305 1111 4371 λέξουσι·
1168 4286 1533 4380 χειροποίητον.
1577 4286 1686 4379 ἄρα
1721 4286 1760 4360 *κ

1977 4317 2027 4356 ιε
2056 4299 2420 4356 efformatum.
2440 4291 2596 4360 Quod
2635 4293 2682 4348 si
2719 4291 2843 4345 ideo
2863 4303 3068 4359 corpus
3081 4286 3318 4342 dixerint
3339 4303 3503 4342 manu

232 4397 291 4448 αί
324 4395 517 4466 ψυχαὶ,
567 4395 737 4469 [καὶ]
779 4400 827 4451 οἱ
877 4399 1118 4468 ἄγγελοι,
1154 4402 1250 4454 καὶ
1293 4400 1364 4454 τὰ
1409 4400 1707 4472 ἐνδύματα,

1983 4401 2152 4458 ctum,
2183 4390 2328 4462 quod
2358 4387 2491 4443 illud
2525 4387 2668 4441 Deus
2699 4384 2769 4440 sit
2794 4393 3057 4453 operatus
3084 4422 3100 4446 ,
3131 4381 3294 4451 plane
3325 4380 3505 4450 sequi-

233 4489 293 4540 ὲν
317 4490 433 4550 τοῖς
458 4488 724 4559 οὐρανοῖς.
754 4488 887 4542 Θεοῦ
916 4490 1025 4562 γὰρ
1054 4491 1480 4564 αὐτουργήματα
1505 4471 1597 4546 καὶ
1619 4491 1759 4545 ταῦτ

1978 4503 2037 4552 ιτ,
2068 4493 2128 4540 ιιι
2155 4492 2210 4540 et
2242 4483 2458 4547 animm,
2489 4491 2542 4535 et
2575 4477 2770 4548 angeli,
2804 4476 3033 4546 ipsaque
3061 4473 3117 4527 in
3149 4471 3306 4529 cmlis
3335 4473 3504 4546 spiri-

235 4578 334 4642 Τίς
376 4575 470 4633 οὖν
502 4581 652 4633 ἐστιν
687 4583 719 4652 ἡ
770 4585 1144 4654 χειροποίητος
1172 4583 1356 4652 οίκία;
1402 4585 1465 4637 Ἡ
1507 4583 1761 4657 βραχύὸιο

1973 4580 2059 4635 ilia
2083 4576 2428 4643 indumenta,
2459 4585 2628 4627 manu
2661 4569 2806 4624 facta
2833 4568 3108 4623 dicantur.
3143 4564 3279 4619 Nam
3299 4571 3354 4620 et
3386 4565 3499 4629 illa,

202 4775 216 4803 ,
301 4735 352 4767 ’³
385 4733 451 4789 II
480 4733 684 4802 Conv,
721 4737 774 4790 1.

235 4897 349 4966 tur,
385 4899 482 4946 aut
522 4899 672 4948 certe
709 4892 897 4948 minus
918 4893 1270 4966 percipiatur
1311 4893 1678 4966 subtractum.
1719 4891 1815 4966 Vi-
1927 4891 2138 4953 levilas,
2171 4905 2278 4966 qua
2323 4885 3106 4966 etiam_aquis-supernatant;
3141 4895 3338 4964 aquam
3370 4896 3502 4966 vero

233 4962 426 5036 demus
459 4978 622 5036 quam
654 4979 857 5036 paucos
879 4955 1114 5036 cineres,
1141 4979 1263 5034 quae
1298 4965 1411 5020 fere
1437 4972 1652 5018 terrena
1681 4964 1816 5018 sub-
1931 4969 2130 5032 praeter
2159 4955 2264 5015 alia
2298 4958 2540 5015 ostendit
2573 4955 2764 5036 earum
2794 4956 2981 5036 virens
3012 4955 3277 5015 luxuries,
3315 4957 3503 5032 matu-

233 5033 439 5086 stantia
466 5027 520 5086 i'n
560 5027 1035 5106 combustibilibus
1081 5027 1187 5096 est,
1223 5037 1416 5106 ingens
1461 5036 1816 5106 silvarelin-
1924 5027 2215 5104 ratumque
2241 5037 2614 5103 augmentum,
2639 5028 2843 5099 quibus
2865 5027 3002 5081 locis
3022 5039 3179 5094 aqua:
3206 5027 3364 5093 copia
3385 5037 3504 5076 ma-

234 5109 404 5171 quat:
430 5106 615 5160 inesse
633 5120 764 5160 vero
792 5105 1085 5175 plurimum
1109 5107 1252 5161 aeris
1269 5104 1583 5170 arboribus,
1614 5104 1820 5160 indicat
1925 5114 2076 5162 nant.

306 5305 423 5378 (62)
466 5306 670 5372 Ἀποξ.
707 5306 874 5378 Sirm.
907 5308 1320 5374 ἀναξυλοῢσθαι.
1496 5377 1506 5378 7

1971 5306 2201 5378 ipidibus
2248 5305 2586 5377 intrusisque
2617 5303 2674 5360 in
2694 5303 2892 5378 locum
2913 5296 3497 5378 crementiradicibus,

306 5370 427 5450 (63)
457 5370 721 5432 Γίνεται.
767 5377 879 5442 ΑΙ.,
910 5370 1187 5448 γίνώνται.
1217 5378 1285 5433 Et
1321 5393 1448 5434 mox
1487 5377 1646 5447 forte,
1673 5380 1820 5454 pr-

1980 5370 2154 5448 usque
2189 5386 2424 5454 exsucto
2446 5370 2628 5454 torreo
2655 5374 2968 5454 pinguiore;
3007 5380 3068 5426 ut
3096 5370 3292 5454 debeat
3325 5384 3500 5454 quan-

238 5440 414 5518 μεὺαοῗ
470 5517 498 5518 η
867 5440 875 5442 ﬁ
923 5440 935 5448 ’
1634 5440 1644 5447 ’
1674 5440 1724 5454 ’“
1920 5440 2102 5518 doque
2131 5449 2313 5518 paries
2341 5447 2538 5504 infesta
2563 5440 2899 5518 plantatione
2914 5440 3300 5518 depurgandus
3323 5440 3495 5504 dirui,

308 5517 422 5589 (64)
451 5517 616 5592 Ficus
636 5519 890 5584 videmus,
913 5528 1019 5576 etc.
1041 5518 1304 5592 Accipere
1333 5520 1542 5592 aliquid
1569 5537 1599 5577 e
1629 5521 1810 5591 parie-
1917 5513 2205 5592 nouusque
2243 5513 2580 5592 instaurarii
2619 5516 2766 5592 quod
2807 5515 2925 5592 ipse
2963 5513 3269 5592 Methodius
3307 5526 3504 5566 exem-

235 5586 383 5644 tibus
403 5586 1044 5664 quibusadnascuntur,
1084 5586 1400 5664 huj'usmodi
1428 5586 1549 5664 sive
1589 5586 1808 5662 capriti-
1915 5591 2087 5660 plum,
2114 5586 2170 5646 in
2194 5599 2459 5658 nostram,
2487 5586 2736 5659 stirpitus
2766 5586 3047 5664 eyellendo
3076 5593 3320 5664 peccato,
3353 5597 3506 5644 mor.

235 5673 351 5721 eos,
405 5656 524 5733 sive
569 5661 771 5732 stirpes
819 5663 978 5726 alias,
1030 5656 1224 5732 praeter
1271 5663 1398 5733 alia,
1431 5663 1594 5717 etiam
1645 5656 1803 5717 ruina
1913 5656 2492 5733 iem,$ecuturamque
2520 5656 3238 5730 resurrectionem,egregie
3264 5656 3322 5710 in
3341 5667 3478 5722 supe

236 5730 500 5804 ostendit,
533 5730 699 5804 quam
729 5733 960 5809 tandem
1010 5730 1241 5792 aedilicio
1275 5732 1528 5799 afferunt,
1561 5733 1804 5806 disjectis
1908 5734 2148 5792 rioribus
2175 5730 2416 5791 deducit;
