3864 6162
385 250 484 313 ΞΗ

1351 253 1408 309 S.
1451 249 1784 309 METIIODII
1813 250 2121 309 EPISCOPI
2162 251 2250 306 ET
2291 251 2653 308 MARTYRIS

3519 253 3629 310 512

383 369 501 426 suis
527 366 674 422 velut
702 363 974 431 manibus,
1005 363 1053 419 is
1085 363 1203 435 ipse
1233 373 1511 435 operatus,
1536 363 1682 420 feeit.
1705 364 1838 431 Qua:
1865 380 1928 420 es

2053 364 2125 429 ὠς
2159 363 2314 434 ἔφην,
2346 363 2483 436 αὕτη
2513 363 2646 435 ζωὴ,
2737 363 2833 417 ἀπ’
2869 362 3223 437 ἀνθρωπίνων
3256 364 3456 437 χειρῶν
3499 366 3629 440 δρα-

381 476 513 532 ergo
539 460 735 514 domus
765 473 929 513 manu
961 457 1148 512 facta?
1200 457 1398 530 Utique
1437 459 1618 514 brevis
1648 461 1762 514 haec
1814 462 1947 522 vita,

381 551 833 625 quemadmodum
883 552 1153 615 dicebam,
1207 551 1460 607 bumanis
1491 550 1746 606 manibus
1801 551 1951 605 velut

381 649 575 702 all‘ecta
605 656 660 702 et
691 652 1017 701 sustentata.
1045 643 1180 699 Nam
1230 644 1428 715 inquit,
1455 643 1523 699 In
1550 645 1746 698 sudore
1777 645 1949 699 vultus

381 742 457 794 tui
479 741 696 794 vesceris
728 755 862 809 pane
896 745 983 792 tuo
1017 737 1062 769 ⁷³
1091 753 1109 790 ;
1141 751 1247 808 qua
1270 736 1558 802 dissoluta,
1588 737 1950 792 immortalem

380 832 528 885 illam
553 831 719 885 vitam
751 846 858 885 non
882 845 1046 884 manu
1076 829 1274 884 factam
1291 843 1658 899 occupamus:
1686 827 1950 900 quemad-

377 927 600 982 modum
624 928 739 998 ipse
771 926 1036 982 Dominus
1067 924 1383 989 declaravit,
1415 941 1539 980 cum
1566 923 1704 980 dixit
1738 925 1818 979 ἐς
1844 922 1949 978 Fa-

375 1021 477 1074 cite
523 1019 665 1076 vobis
696 1021 892 1075 amicos
929 1020 993 1076 de
1034 1037 1333 1074 mammona
1361 1020 1538 1090 iniquo
1568 1018 1702 1091 (65),
1727 1028 1785 1072 ut
1829 1035 1949 1072 cum

373 1111 672 1180 defeceritis
700 1151 716 1175 ,
769 1111 1025 1180 recipiant
1073 1127 1161 1165 vos
1214 1112 1267 1164 in
1325 1119 1524 1166 veterna
1575 1108 1942 1165 tabernacula.

375 1201 532 1268 Quod
568 1204 712 1257 enim
740 1202 851 1257 illic
890 1200 1152 1257 Dominus
1181 1200 1522 1254 tabernacula
1550 1199 1762 1254 vocavit
1791 1237 1807 1262 ,
1856 1197 1946 1250 hic

373 1296 668 1367 Apostolus
721 1301 882 1351 vocat
933 1294 1262 1348 indumenta.
1316 1291 1470 1358 Quod
1504 1291 1614 1345 illic
1647 1291 1843 1344 amicos
1882 1287 1946 1343 de

368 1388 670 1461 iniquitate,
696 1388 784 1443 hic
801 1387 1095 1459 Apostolus
1115 1385 1297 1440 domos
1324 1382 1708 1439 dissolvendas.
1739 1381 1943 1449 Quem-

373 1481 662 1536 admodum
713 1495 862 1551 ergo,
912 1494 1038 1534 cum
1085 1477 1370 1549 praesentis
1412 1475 1538 1531 vita:
1579 1482 1781 1531 nostrae
1826 1472 1944 1529 dies

371 1573 690 1639 defecerint,
705 1580 922 1628 nostras
939 1571 1149 1626 animas
1167 1577 1294 1627 sunt
1317 1575 1608 1640 acceptura
1639 1567 1945 1624 beneﬁcen-

370 1666 459 1720 tia:
487 1664 704 1728 merita,
734 1664 782 1720 si
808 1678 936 1734 qua,
963 1662 1148 1732 iniqua
1167 1661 1270 1716 hac
1302 1661 1434 1724 vita,
1455 1660 1893 1731 comparavimus
1924 1675 1940 1725 ;

2055 456 2497 529 ματουργημένη.
2545 457 2709 526 didm
2755 457 2883 529 γὰρ,
2938 456 3120 528 φησὶν,
3175 459 3246 512 ἐν
3288 458 3484 527 ἱδρῶτι
3518 459 3626 514 τοῦ

2051 549 2374 617 προσώπου
2427 565 2545 603 σου
2608 547 2714 602 τὸν
2768 547 2950 616 ἄρτον
2999 564 3148 604 σου·
3195 543 3263 622 ἧς
3305 550 3628 606 καταλυθεί-

2053 655 2172 710 σης,
2220 640 2434 712 ἐκείνην
2473 639 2570 712 τὴν
2608 639 3017 712 ἀχειροποίητον
3059 639 3204 712 ζωὴν
3241 641 3459 712 ἔχομεν.
3508 645 3627 697 Κα-

2051 731 2226 803 θάπερ
2260 733 2354 786 καὶ
2387 734 2416 786 ὁ
2443 731 2653 803 Κύριος
2681 731 2870 797 εἰπὼν,
2901 732 3169 803 ἐδήλωσεο
3199 734 3498 802 Ποιήσατε
3527 735 3626 804 φί-

2047 828 2200 891 λους
2236 824 2305 878 ἐκ
2327 822 2439 892 τῆς
2466 824 2701 890 ἀδικίας
2729 824 2835 878 τοῦ
2865 823 3178 894 μαμμωνᾶ,
3199 826 3318 891 ἵνα,
3355 826 3502 881 ὅταν
3525 829 3622 882 ἐκ-

2047 918 2282 985 λίπητε,
2326 916 2612 982 δέξωνται
2647 915 2804 986 ὑμᾶς
2833 919 2918 982 εἰς
2945 917 3052 982 τὰς
3067 918 3343 985 αἰωνίους
3362 918 3617 988 σκηνάς.

2055 1011 2120 1063 Ὃ
2152 1009 2264 1081 γὰρ
2323 1011 2441 1064 ἐκεῖ
2489 1010 2726 1079 σκηνὰς
2761 1009 2790 1061 ὁ
2831 1010 3034 1082 Κύριος
3066 1011 3310 1077 ἐκάλεσε,
3340 1012 3498 1065 τοῦτο
3526 1014 3619 1067 ὲν-

2045 1103 2222 1158 ταῦθα
2261 1105 2290 1156 ὁ
2331 1102 2649 1166 Ἀπόστολος
2691 1102 3011 1172 ἐνδύματα.
3054 1105 3118 1157 ὐ
3152 1104 3210 1159 δὲ
3247 1105 3365 1158 ἐκεῖ
3401 1106 3623 1174 φίλους

2045 1198 2114 1252 ἐκ
2144 1195 2254 1266 τῆς
2275 1196 2530 1262 ἀδικίας,
2565 1195 2797 1251 ἐνταῦθα
2827 1195 3276 1266 καταλυομένας
3307 1200 3336 1251 ὀ
3366 1198 3621 1251 Ἀπόστο-

2045 1288 2135 1352 λος
2191 1289 2400 1356 οἰκίας.
2449 1287 2716 1360 Καθάπερ
2747 1287 2901 1358 γοῦν,
2949 1290 3044 1344 ἐὰν
3073 1289 3384 1360 ἐλλείψωσιν
3427 1292 3486 1342 αι
3517 1290 3620 1362 τῆς

2045 1381 2328 1452 παρούσης
2367 1380 2513 1452 ζωῆς
2544 1381 2699 1453 ἡμῶν
2731 1381 2954 1453 ἡμέραι,
2988 1383 3056 1436 τὸ.
3084 1382 3217 1456 πρὸς
3247 1383 3489 1437 εὐποιίαν
3517 1383 3620 1448 τάς

2041 1471 2221 1545 ψυχὰς
2272 1473 2431 1545 ἡμῶν
2475 1470 2821 1541 ὑποδέξονται
2877 1474 3366 1547 ἀγαθοεργὴματα,
3422 1474 3459 1528 ἃ
3508 1475 3618 1528 ἀπὸ

2042 1566 2142 1636 τῆς
2170 1567 2227 1620 ὲν
2249 1569 2317 1638 τῇ
2340 1565 2524 1638 ἀδικία
2562 1567 2710 1638 ζωῆς
2754 1569 3124 1640 ἐκτησάμεθα,
3150 1569 3228 1642 τῷ
3249 1569 3356 1625 τὸν
3383 1572 3619 1642 κόσμον

2042 1658 2114 1712 ἐν
2146 1658 2226 1725 τῷ
2271 1659 2513 1728 πονηρῷ
2564 1659 2795 1716 κεῖσθαι
2819 1677 2832 1692 ·
2867 1660 3028 1727 οὕτω,
3060 1663 3158 1733 τῆς
3203 1662 3350 1734 ζωῆς
3377 1662 3615 1718 καταλυ-

369 1774 437 1814 eo
469 1758 677 1830 iniqua,
711 1757 854 1829 quod
887 1757 1114 1812 mundus
1171 1757 1238 1811 sit
1274 1755 1478 1824 positus
1507 1757 1563 1809 in
1589 1753 1823 1824 maligno
1845 1753 1893 1784 ⁷⁵
1923 1770 1930 1806 ;

2045 1749 2232 1822 θείσης
2263 1751 2363 1822 τῆς
2394 1751 2704 1824 ὼκυμόρου,
2729 1754 2828 1826 τὴν
2860 1754 2967 1825 πρὸ
2989 1755 3087 1827 τῆς
3119 1755 3464 1820 ἀναστάσεως
3495 1756 3616 1824 ἕξο-

370 1854 447 1908 ita
477 1855 587 1909 cito
623 1854 864 1923 peritura
895 1852 1006 1906 vita
1062 1851 1166 1906 hac
1205 1849 1495 1913 dissoluta,
1547 1848 1940 1904 habitationem

369 1947 513 2017 apud
551 1945 720 2002 Deum
777 1961 898 2016 quae
953 1953 1037 2002 est
1087 1951 1213 1998 ante
1255 1941 1712 1998 resurrectionem
1742 1982 1759 2011 ,
1813 1923 1938 2012 ipsi,

367 2038 474 2094 hoc
504 2045 589 2094 est
629 2038 844 2102 animae,
891 2053 1081 2093 sumus
1112 2036 1350 2091 habituri
1382 2034 1518 2106 (66),
1565 2034 1740 2090 donec
1782 2033 1941 2090 nobis

365 2132 727 2188 iustauratam
760 2129 980 2184 domum
1028 2129 1196 2194 illam,
1233 2143 1532 2200 numquam
1571 2142 1823 2185 casuram
1854 2143 1939 2183 re-

363 2226 654 2296 cipiamus.
696 2223 844 2279 Unde
890 2234 939 2280 et
989 2225 1400 2296 ingemiscimus,
1435 2239 1494 2277 eo
1521 2221 1660 2292 quod
1693 2221 1937 2276 nolumus

359 2314 654 2383 exspoliari
684 2330 908 2385 corpus,
945 2315 1035 2369 sed
1070 2321 1280 2370 retento
1312 2314 1426 2380 illo,
1461 2313 1627 2368 vitam
1671 2312 1937 2384 reliquam

362 2407 702 2475 supervestiri
721 2407 790 2461 ⁷⁸.
823 2405 959 2461 Illud
991 2407 1136 2462 enim
1170 2405 1234 2459 de
1266 2403 1392 2458 caelo
1421 2402 1770 2468 domicilium,
1797 2401 1938 2473 quod

362 2500 670 2570 superindui
711 2501 974 2571 cupimus,
1027 2501 1409 2556 immortalitas
1453 2507 1536 2555 est
1571 2516 1584 2553 :
1614 2513 1778 2569 quam
1810 2512 1938 2552 cum

359 2592 628 2650 fuerimus
681 2593 1048 2664 superinduti,
1105 2592 1473 2648 absorbebitur
1522 2594 1743 2663 penitus
1775 2591 1934 2662 quid-

359 2687 492 2757 quid
519 2686 576 2742 in
606 2704 671 2742 ea
707 2687 984 2741 iulirmum
1016 2694 1101 2740 est
1133 2693 1187 2741 et
1217 2685 1461 2749 mortale,
1494 2683 1560 2738 ab
1595 2693 1795 2740 attenta
1827 2684 1936 2736 vita

359 2788 767 2852 consumptum.
806 2779 908 2834 Per
939 2779 1097 2849 fidem
1147 2781 1284 2834 enim
1334 2778 1691 2841 ambulamus,
1739 2785 1788 2830 et
1830 2792 1934 2829 non

356 2889 451 2943 per
474 2874 694 2942 speciem
725 2873 792 2928 ⁷⁷.
834 2870 950 2926 Hoc
978 2880 1062 2928 est
1101 2891 1115 2927 :
1158 2871 1292 2926 Nam
1324 2873 1503 2928 adhuc
1536 2886 1633 2943 per
1666 2869 1824 2926 ﬁdem
1855 2870 1934 2923 in-

357 2963 624 3028 cedimus,
659 2971 857 3018 statum
884 2963 1034 3018 illum
1069 2963 1459 3020 obscurissima
1493 2961 1931 3018 consideratione

2047 1861 2147 1914 μεν
2196 1844 2428 1916 οἴκησιν,
2480 1847 2538 1900 αἰ
2589 1845 2778 1918 ψυχαὶ,
2825 1847 3076 1920 παράτῷ
3114 1848 3234 1920 Θεῷ
3291 1849 3422 1921 (67),
3466 1852 3543 1914 εἰς
3565 1849 3618 1904 τ’

2043 1936 2620 2008 ἀνακαινοποιηθεϊσαν
2665 1941 2796 2011 ἡμῖν
2843 1941 3091 1996 ἄπτωτον
3138 1941 3490 2014 ἀναλάϐωμεν

2041 2027 2239 2084 οἰκίαν.
2293 2028 2462 2086 Ὅθεν
2515 2031 2612 2085 καί
2672 2032 3048 2103 στενάζομεν,
3087 2034 3173 2106 μὴ
3225 2035 3503 2104 θέλοντες
3553 2037 3618 2090 τὸ

2043 2118 2203 2192 σῶμα
2261 2120 2751 2190 ἀπεκδύσασθαι,
2811 2127 2948 2181 ἀλλ’
3012 2129 3099 2182 ἐπ’
3156 2127 3306 2201 αὐτῷ
3349 2131 3446 2203 τὴν
3507 2131 3621 2184 λοι-

2040 2213 2148 2286 πὴν
2209 2215 2656 2273 ἐπενδύσασθαι
2697 2217 2862 2291 ζωήν.
2913 2219 2986 2273 Τὸ
3027 2219 3137 2293 γὰρ
3178 2221 3518 2292 οἰκητήριον
3549 2240 3621 2278 το

2038 2305 2106 2372 ἐξ
2139 2307 2420 2376 οὐρανοῦ,
2452 2306 2484 2361 ὃ
2510 2309 2956 2367 ἐπενδύσασθαι
2976 2311 3395 2383 ἐπιθυμοῦμεν,
3421 2318 3453 2386 ἡ
3482 2315 3618 2372 ἀθα-

2038 2401 2197 2454 νασία
2223 2401 2370 2456 ἐστίν
2392 2418 2406 2431 ’
2435 2401 2502 2474 ἢν
2536 2402 2630 2458 ὲάν
2674 2403 3112 2476 ὲπενδυσὼμεθα,
3140 2407 3620 2474 καταποθήσεται

2038 2495 2148 2548 πᾶν
2169 2493 2230 2547 τὺ
2263 2495 2322 2548 ὲν
2363 2496 2497 2566 αὐτῇ
2524 2496 2828 2569 ὁλοσχερῶς
2859 2499 3101 2564 ἀσθενὲς,
3121 2501 3238 2555 ὑπὸ
3261 2501 3360 2572 τῆς
3385 2502 3618 2574 ἀχρόνου

2038 2583 2185 2652 ζωῆς
2209 2586 2610 2654 καταναλωθὲν,
2642 2588 2738 2642 καὶ
2768 2591 3007 2658 θνητόν.
3043 2591 3146 2646 Διὰ
3199 2593 3456 2660 πίστεως
3505 2595 3614 2665 γὰρ

2036 2678 2492 2750 περιπατοῦμεν,
2540 2684 2612 2736 οὐ
2662 2682 2760 2737 διὰ
2783 2683 3004 2751 εἴδους.
3056 2683 3347 2740 Τουτέστιο
3377 2687 3476 2742 Διά
3519 2685 3644 2749 πίει.

2038 2786 2207 2834 στεως
2233 2770 2342 2843 γάρ
2363 2772 2714 2844 ὲπιδαίνομεν
2747 2774 2846 2842 ἔτι,
2884 2777 3251 2849 ἀτρανωτάτῳ
3278 2778 3523 2850 λογισμῷ
3542 2780 3612 2834 τά

2034 2865 2150 2918 ἐκεῖ
2183 2867 2484 2939 πράγματα
2510 2871 2951 2935 κατοπτεύοντες,
2993 2873 3086 2926 καὶ
3119 2873 3179 2926 οὐ
3216 2873 3400 2942 σαφῶς
3421 2890 3436 2905 ο
3471 2873 3613 2928 ὥστε

2033 2959 2126 3011 καὶ
2151 2961 2302 3031 ὁρᾷν,
2340 2963 2435 3015 καὶ
2482 2962 2794 3029 ἀπολαύειν,
2829 2965 2924 3018 καὶ
2945 2967 3002 3019 ἐν
3027 2965 3209 3030 αὐτοῖς
3243 2963 3400 3021 εἶναι.
3430 2967 3614 3021 Τοῦτο

356 3054 704 3124 aspicientes,
729 3064 781 3108 ct
820 3069 924 3108 non
957 3053 1103 3109 clare
1129 3072 1144 3121 ;
1171 3061 1229 3108 ut
1259 3053 1466 3118 videre,
1494 3052 1600 3108 frui
1639 3059 1842 3118 etesse
1872 3050 1928 3104 iu

2036 3049 2100 3104 δέ
2120 3070 2291 3122 φημι,
2335 3053 2606 3124 ἀδελφοὶ,
2646 3055 2735 3111 ὅτι
2761 3057 2916 3125 σὰρξ
2944 3058 3043 3112 καί
3067 3054 3209 3130 αἷμα
3239 3058 3616 3129 κληρονομῆ-

357 3146 451 3201 illo
480 3148 773 3216 possimus.
807 3146 922 3202 Hoc
953 3157 1127 3202 autem
1165 3147 1305 3215 dico,
1334 3147 1549 3217 fratres,
1579 3146 1703 3216 quia
1723 3161 1848 3200 caro
1879 3153 1928 3198 et

353 3240 571 3309 sanguis
619 3255 833 3310 regnum
873 3239 965 3295 Dei
994 3239 1262 3310 possidere
1315 3255 1419 3294 non
1465 3247 1686 3308 possunt
1720 3253 1738 3302 ;
1771 3254 1931 3309 neque

353 3332 622 3401 corruptio
672 3332 1119 3401 incorruptionem
1164 3331 1452 3402 possidebit
1484 3332 1551 3389 ⁷⁸.
1599 3331 1796 3386 Carnis
1827 3346 1929 3385 no-

352 3425 500 3480 mine
557 3440 668 3479 non
716 3424 891 3496 ipsam
923 3440 1143 3480 carnem
1197 3423 1548 3494 signiﬁcavit,
1582 3424 1676 3479 sed
1705 3423 1926 3478 brutum

351 3517 652 3586 appetitum
685 3517 739 3572 iu
769 3517 1001 3573 lascivas
1032 3517 1230 3572 anima:
1282 3517 1612 3587 voluptates.
1655 3513 1760 3570 Ubi
1797 3528 1929 3585 ergo

349 3609 603 3669 dixisset,
629 3609 766 3680 quod
796 3626 918 3663 caro
949 3618 998 3664 et
1031 3610 1249 3681 sanguis
1283 3624 1500 3680 regnum
1539 3606 1630 3661 Dei
1658 3605 1928 3676 possidere

349 3718 453 3754 non
492 3713 733 3768 possunt,
765 3710 1171 3772 consequentur
1194 3701 1587 3772 pronuntiavit,
1619 3717 1780 3771 neque
1807 3715 1927 3754 cor-

350 3796 526 3863 ruptio
586 3797 1030 3864 incorruptionem
1087 3795 1393 3865 possidebit.
1429 3794 1594 3865 Atqui
1647 3795 1928 3862 corruptio

347 3903 460 3943 non
483 3904 574 3943 res
607 3890 725 3959 ipsa
769 3897 854 3945 est
904 3906 1026 3960 qum
1077 3891 1469 3962 corrumpitur,
1501 3889 1597 3946 sed
1625 3890 1772 3960 quod
1798 3903 1925 3944 cor-

345 3981 573 4051 rumpit.
606 3981 938 4038 Prtevalcnte
972 3983 1187 4054 quidem
1223 3992 1398 4040 morte
1419 4023 1434 4049 ,
1494 3983 1670 4054 vergit
1721 3997 1926 4052 corpus

347 4075 406 4129 in
437 4077 842 4148 corruptionem
884 4087 1303 4142 :contrawero,
1351 4085 1706 4149 permanente
1757 4077 1811 4131 in
1859 4091 1925 4131 eo

343 4167 482 4232 vita,
512 4157 640 4223 stat
693 4170 1139 4228 illabefactatum.
1191 4171 1372 4238 Quare
1425 4187 1548 4226 cum
1597 4185 1728 4226 caro
1782 4170 1926 4223 inter

345 4263 586 4318 conﬁnia
617 4263 990 4334 corruptionis
1009 4273 1064 4320 ct
1091 4265 1545 4334 incorruptionis.
1579 4278 1644 4317 ac
1677 4278 1778 4317 nec
1799 4277 1924 4317 cor-

343 4359 527 4428 ruptio
553 4373 653 4413 nec
683 4357 1025 4428 incorruptio
1052 4358 1192 4414 facta
1246 4366 1392 4414 esset
1416 4375 1432 4425 ;
1458 4357 1599 4412 victa
1628 4373 1758 4412 vero
1789 4371 1920 4428 pro-

341 4459 466 4522 pter
494 4451 849 4521 voluptatem,
880 4467 1190 4524 quanquam
1233 4449 1666 4520 i-ncorruptionis
1701 4465 1840 4520 opus
1866 4455 1920 4503 et

2035 3159 2139 3198 σαι
2165 3145 2492 3209 ,ϐασιλείαν
2536 3148 2685 3203 Θεοῦ
2730 3151 2800 3203 οὐ
2828 3149 3131 3218 δύνανται,
3176 3151 3317 3208 οὐδέ
3351 3155 3389 3222 ἠ
3422 3155 3615 3223 φθορὰ

2032 3236 2149 3304 τὴν
2173 3238 2516 3307 ἀφθαρσίαν
2553 3241 2927 3311 κληρονομεῖ.
2967 3243 3174 3315 Σάρκα,
3215 3245 3399 3317 φησὶν,
3429 3245 3489 3297 οὐ
3511 3246 3613 3315 τὴν

2035 3328 2211 3400 σάρκα
2271 3331 2443 3403 αὐτὴν
2501 3331 2788 3404 ἐδήλωσεν,
2825 3333 2959 3387 ἀλλὰ
2995 3336 3093 3407 τὴν
3131 3335 3325 3405 ἄλογον
3348 3337 3484 3408 πρὸς
3511 3336 3612 3400 τὰς

2035 3419 2324 3492 μαχλώσας
2387 3423 2487 3493 τῆς
2542 3423 2720 3496 ψυχῆς
2765 3425 2939 3498 ὁρμὴν
2984 3427 3194 3505 ἡδονάς.
3236 3427 3420 3482 Εἰπὼν
3467 3424 3562 3482 οὖν
3590 3445 3606 3459 ⁶

2033 3511 2154 3565 Ὅτι
2173 3511 2327 3581 σὰρξ
2352 3513 2448 3567 καὶ
2469 3509 2612 3583 αζιια
2630 3516 2958 3578 ,βασιλείαν
2981 3517 3128 3572 Θεοῦ
3158 3519 3612 3589 κλτιοονομῆσαι

2030 3604 2102 3656 οὐ
2161 3604 2478 3659 δύνανται·
2549 3609 2965 3680 ἐπαπεφήνατοο
3000 3609 3152 3664 Οὐδὲ
3197 3613 3235 3680 ἠ
3273 3611 3462 3680 φθορὰ
3494 3611 3614 3680 τὴν

2030 3696 2372 3768 ἀφθαρσίαν
2407 3703 2784 3773 κληρονομεῖ.
2831 3703 3010 3775 Φθορά
3041 3704 3096 3758 δὲ
3124 3705 3223 3758 οὐκ
3249 3706 3379 3758 αὐτό
3405 3709 3519 3759 ἐστι
3546 3707 3612 3759 τὸ

2031 3789 2406 3863 φθειρόμενον,
2433 3793 2569 3848 ἀλλά
2597 3795 2658 3849 τὸ
2691 3795 2930 3869 φθεῖρον.
2977 3799 3471 3871 Ἑπικρατήσαντος
3505 3799 3606 3871 μὲν

2028 3885 2136 3958 γάρ
2169 3885 2264 3940 τοῦ
2302 3887 2552 3956 θανάτου,
2585 3889 2825 3944 κλίνεται
2848 3891 2908 3944 τὸ
2933 3890 3090 3962 σῶμα
3118 3894 3195 3956 εἰς
3223 3891 3454 3964 φθοράν·
3488 3896 3609 3947 ἐπι-ί

2031 3979 2297 4052 μενούσης
2343 3981 2401 4034 δὲ
2437 3981 2670 4052 ἔμπαλιν
2693 3983 2792 4054 τῆς
2818 3983 2964 4052 ζωῆς
3013 3984 3072 4038 ὲν
3104 3984 3271 4055 αὐτῷ,
3301 3985 3496 4056 ἕστηκε
3526 3987 3606 4059 μὴ

2028 4061 2474 4147 καθαιρούμενον.
2519 4075 2610 4128 Διὸ
2665 4076 2852 4147 ἐπειδὴ
2891 4077 3137 4149 μεθόριον
3171 4079 3272 4148 τῆς
3300 4078 3607 4152 ἀφθαρσίας

2025 4167 2261 4239 ἐγενήθη
2281 4168 2374 4221 καὶ
2398 4169 2497 4240 τῆς
2521 4167 2726 4240 φθορᾶς
2749 4171 2782 4240 ἡ
2815 4167 2970 4241 σάρξ,
2999 4173 3100 4225 οὐκ
3119 4167 3253 4226 οὖσα
3283 4172 3400 4226 οὐδὲ
3431 4172 3606 4245 φθορὰ

2026 4258 2146 4311 οὐδὲ
2171 4257 2470 4330 ἀφθαρσία,
2505 4257 2783 4331 ἐκρατήθη
2825 4259 2882 4312 δὲ
2904 4260 2991 4314 διὰ
3027 4261 3124 4331 τὴν
3148 4261 3339 4333 ἡδονὴν
3375 4263 3478 4314 ὑπὸ
3504 4263 3606 4334 τῆς

2027 4353 2254 4424 φθορᾶς,
2307 4351 2518 4424 ποίημα
2571 4353 2669 4424 τῆς
2707 4351 3014 4423 ἀφθαρσίας
3064 4355 3157 4408 καὶ
3211 4356 3396 4427 κτῆμα
3425 4355 3604 4426 ὑπάρ-

2028 4464 2198 4518 χουσα
2223 4463 2236 4476 ⁸
2297 4446 2386 4500 διὰ
2435 4445 2591 4500 τοῦτο
2644 4447 2934 4520 γεγένηται
2965 4449 3044 4511 εἰς
3069 4447 3293 4519 φθοράν.
3328 4449 3438 4502 Καὶ
3482 4448 3607 4502 ἐπεὶ

339 4546 652 4618 possessio,
700 4544 894 4600 fuisset
935 4559 966 4598 a
1006 4545 1395 4614 corruptione:
1459 4550 1747 4614 prOpterea
1793 4557 1920 4598 cor-

2036 4540 2394 4612 ςυνεκροτήοη
2438 4539 2551 4612 (68)
2597 4540 2702 4594 ὑπὸ
2733 4541 2832 4612 τῆς
2860 4542 3084 4614 φθορᾶς,
3119 4545 3212 4598 καὶ
3270 4544 3484 4619 θανάτῳ
3515 4545 3606 4600 διὰ

406 4661 454 4693 ⁷³
483 4658 611 4714 Gen.
643 4674 726 4724 ιιι,
755 4659 842 4716 l9.
918 4662 965 4692 ’⁷³
993 4660 1123 4719 Luc.
1157 4679 1270 4727 xvr,
1298 4661 1353 4717 9.
1429 4664 1475 4695 ⁷⁸
1499 4664 1519 4720 I
1544 4664 1704 4720 Joan.
1737 4682 1792 4726 v,
1823 4665 1907 4720 l9.

415 4751 528 4818 (65)
575 4749 654 4803 De
699 4767 1001 4823 mammona
1045 4744 1243 4822 iniquo.
1292 4752 1388 4807 Ἐκ
1414 4753 1515 4823 τῆς
1561 4754 1777 4818 ἀδικίας
1820 4754 1915 4808 τοῦ

345 4823 660 4895 μα’μμωνᾶ,
711 4822 860 4895 velut
905 4837 971 4874 ex
1030 4823 1298 4890 iujustitia
1353 4822 1676 4880 mammona:
1714 4843 1726 4877 :
1769 4826 1916 4895 quod

341 4892 592 4963 magnam
648 4892 810 4944 habet
852 4896 1262 4962 expressionem
1307 4910 1319 4944 :
1355 4909 1667 4962 quanquam
1717 4892 1927 4951 habent.

341 4961 529 5016 Graeca
570 4961 702 5014 Luc.
740 4969 796 5013 ut
843 4961 1079 5017 reddidit
1127 4973 1317 5018 noster
1366 4961 1658 5032 interpres,
1705 4969 1769 5020 ἐκ
1821 4966 1916 5019 τοῦ

344 5034 624 5104 μαμμωνᾶ
641 5033 739 5101 τῆς
755 5033 966 5097 ἀδικίας
993 5054 1005 5088 :
1032 5051 1132 5088 nec
1163 5036 1301 5089 forte
1331 5035 1465 5088 illud
1497 5035 1750 5090 Methodii
1774 5037 1918 5091 aliud

339 5114 424 5158 est
455 5119 617 5176 quam
654 5104 984 5176 ρπερϐατόν.
1028 5106 1209 5176 qualia
1250 5107 1454 5176 passim
1494 5106 1642 5162 illius
1675 5116 1918 5174 exstant,

341 5193 405 5229 ac
434 5175 578 5226 velut
609 5173 879 5228 aﬂ‘cctala.

413 5245 527 5312 (66)
563 5242 694 5319 Ipsi,
726 5245 824 5319 {ioc
860 5246 1191 5319 est‘animaz,
1224 5263 1408 5319 sumus
1447 5247 1699 5310 habituri,
1727 5249 1921 5319 ἕξομεν

339 5316 670 5390 οξκησινλῇαἱ
710 5313 899 5390 ψυχαί.
935 5315 1032 5390 Sic
1048 5319 1210 5386 paulo
1251 5318 1480 5372 inferius
1514 5335 1569 5372 ιι.
1607 5319 1678 5371 7:
1728 5313 1920 5390 Ἡμεῖς

339 5383 519 5458 γάροὶ
551 5383 753 5448 ζῶντες
787 5383 842 5439 αἱ
867 5383 1256 5458 ψυχαίὲσμεν,
1286 5405 1379 5442 nos
1413 5390 1502 5458 qui
1532 5391 1772 5451 vivimus,
1798 5383 1921 5443 ani-

340 5474 441 5510 ma:
487 5471 695 5520 smnus,
743 5459 891 5510 velut
931 5467 1102 5512 totum
1151 5461 1446 5525 hominem,
1476 5476 1637 5514 uuam
1677 5461 1917 5514 animam

342 5527 946 5600 l’latoiiitje_ag_noscat,
975 5539 1027 5600 et
1057 5529 1185 5600 velit
1214 5546 1243 5582 a
1284 5529 1454 5584 Paulo
1491 5531 1857 5600 signiﬁcatum
1895 5547 1911 5582 :

337 5598 484 5666 quod
533 5597 665 5650 nihil
696 5595 989 5654 Viennensi
1035 5607 1087 5653 et
1122 5599 1476 5656 Lateranensi
1519 5595 1767 5657 conciliis
1808 5602 1910 5654 ad-

337 5676 610 5731 versatur,
644 5671 1121 5736 pronuntiautibus
1163 5671 1426 5726 adversus
1454 5672 1801 5727 Averroistas
1825 5673 1908 5727 vel

338 5741 499 5795 etiam
547 5737 907 5809 Origenianos
949 5757 1089 5811 quos
1129 5741 1215 5796 hic
1261 5741 1566 5800 Methodius
1603 5743 1907 5816 impugnat,

2014 4665 2063 4696 ⁷⁸
2091 4663 2135 4718 ΙΙ
2159 4664 2281 4719 Cor.
2310 4679 2363 4726 v,
2383 4661 2440 4729 2,
2473 4662 2526 4717 '5.

2623 4663 2667 4692 '”
2701 4661 2829 4717 ibid.
2865 4662 2913 4715 7.
2995 4663 3041 4694 ’⁷⁸
3069 4663 3089 4718 Ι
3122 4662 3248 4720 Cor.
3284 4679 3375 4732 xv,
3407 4665 3495 4720 50.

2021 4763 2288 4825 ponentes
2337 4768 2537 4825 corpus
2567 4753 2714 4806 velut
2743 4753 2968 4825 omnino
3001 4761 3321 4809 extraneum
3366 4755 3596 4819 homini,

2021 4824 2123 4879 nec
2156 4839 2194 4897 aq
2217 4824 2492 4878 creatione
2522 4830 2827 4897 acceptum,
2863 4824 2956 4897 sed
2986 4826 3225 4897 carceris
3259 4827 3378 4880 loco
3400 4829 3450 4880 in
3484 4844 3604 4897 poe-

2022 4911 2146 4948 nam
2165 4895 2385 4960 datum;
2410 4909 2518 4948 non
2547 4895 2858 4947 damnatam
2877 4895 3150 4964 plerisque
3176 4894 3431 4952 Patribus
3462 4894 3604 4952 ἐντε-

2021 4965 2238 5035 λέχειαν
2260 4965 2406 5018 illam
2438 4964 2772 5026 Aristotelis,
2798 4966 2943 5018 velut
2970 4967 3164 5021 anima:
3203 4967 3602 5024 immortalitati

2021 5037 2296 5108 infestam,
2329 5049 2400 5108 ac
2431 5036 2554 5104 plus
2577 5035 2728 5103 justo
2763 5036 3000 5090 materne
3032 5035 3462 5108 immergentem,
3499 5056 3603 5094 nec

2026 5107 2162 5161 satis
2191 5106 2496 5160 absolutam
2541 5113 2877 5178 servantem,
2902 5122 3006 5178 ceu
3038 5106 3280 5178 divinum
3325 5110 3520 5178 dogma
3547 5120 3602 5164 et

2026 5178 2094 5230 ab
2135 5177 2342 5246 Spiritu
2377 5182 2590 5238 sancto,
2631 5175 3039 5248 delinieutibus.
3075 5176 3347 5248 Interpres
3383 5175 3602 5235 videtur

2025 5248 2436 5310 dissimulasse,
2486 5253 2695 5299 mutata
2735 5247 2908 5315 prima
2954 5263 3186 5316 persona
3222 5247 3296 5303 fin
3343 5252 3605 5316 tertiam,

2025 5321 2220 5372 anima:
2253 5317 2567 5392 habebunt
2605 5316 2700 5392 sed
2741 5332 2848 5392 non
2880 5318 3050 5392 _lic_uit
3083 5320 3138 5373 in
3183 5321 3428 5390 reliquis.
3479 5321 3603 5392 Ipse

2025 5397 2206 5443 tamen
2237 5391 2415 5458 palam
2443 5386 2750 5460 Methodius
2776 5387 2930 5442 initio
2965 5389 3158 5460 borum
3190 5386 3602 5460 excérptorum,

2023 5455 2298 5513 hominem
2343 5475 2451 5513 non
2501 5459 2674 5512 solam
2718 5474 2840 5514 esse
2884 5455 3376 5516 animam'staluit'.
3419 5455 3606 5527 Quare

2023 5529 2113 5584 hic
2144 5532 2506 5603 metonymice
2536 5529 2798 5599 loquitur,
2827 5537 2880 5584 ct
2911 5530 3352 5587 deuominatione
3381 5543 3605 5603 sumpta

2019 5617 2050 5654 a
2081 5601 2302 5671 potiori.

2089 5672 2202 5738 (67)
2235 5674 2339 5738 Εἰς
2364 5673 2415 5724 τ’
2443 5672 2617 5726 ἀνακ.
2654 5671 2819 5736 Editi,
2853 5673 2960 5726 ἔστ’
2990 5673 3055 5726 ἂν
3081 5673 3242 5728 ἀνακ.

2089 5742 2200 5815 (68)
2218 5742 2654 5814 Συνεκροτήθη.
2695 5743 2885 5801 Scribe
2917 5746 3293 5818 συνεκρατήθη
3322 5761 3388 5802 ex
3411 5744 3601 5818 liupii‘.
