3864 6162
228 274 321 333 Si}

1286 260 1381 316 EX
1417 259 1621 318 LIBRO
1658 259 1747 314 DE
1781 252 2384 316 RESURRECTIONE.

3338 243 3446 303 δη

227 395 445 453 παιδείαν
493 389 790 463 παρεδόθη,
837 389 917 450 είς
946 387 1093 448 νῖκος
1121 384 1293 453 αὐτὴν
1316 389 1384 458 τῇ
1410 386 1585 458 φθορᾷ
1610 384 1768 439 καθά.

1875 382 2114 454 ruptioni
2146 380 2455 450 mancipata
2482 381 2588 432 est.
2642 373 2938 445 Postquam
2970 384 3101 443 ergo
3126 369 3269 424 victa
3311 367 3448 425 fuis—
3508 428 3523 449 ι

228 504 317 560 περ
337 482 693 555 κληρονομίαν
722 480 785 534 οὐ
814 477 1132 532 κατέλιπεν·
1163 476 1301 530 ἀλλά
1342 477 1523 542 πάλιν,
1559 476 1649 530 διὰ
1670 477 1770 549 τῆς

224 575 541 637 ἀναστάσεως
565 573 792 643 νικήσας
818 569 910 622 τὸν
933 568 1182 632 θάνατον,
1197 567 1446 621 ἀπέδωκε
1466 570 1531 639 τῇ
1558 567 1770 640 ἀφθαρ-

226 669 320 740 σίᾳ.
355 667 439 722 ἵνα
472 665 546 737 μὴ
589 662 974 734 κληρονομήσῃ
1014 661 1047 732 ἠ
1082 659 1257 732 φθορά
1297 661 1398 732 τὴν
1439 661 1767 734 ἀφθαρσίαν,

222 760 320 814 ἀλλ’
342 762 372 831 ἡ
396 756 677 828 ἀφθαρσία
704 754 766 807 τὸ
802 752 1061 825 φθαρτόν.
1108 753 1562 824 Ἐπαποκρίνεται
1603 754 1785 823 γοῦν»

221 851 307 906 Δεῖ
328 851 429 921 γὰρ
451 849 516 903 τὸ
545 846 808 916 φθαρτὸν
827 843 1000 898 τοῦτο
1021 843 1388 899 ἐνδύσασθαι
1412 844 1527 913 τὴν
1543 846 1770 914 ἀφθαρ-

218 943 362 1005 σίαν,
390 938 490 993 καί
527 938 593 992 τὸ
627 936 849 1005 θνητὸν
891 934 1007 1003 τὴν
1047 935 1403 991 ἀθανασίαν.
1430 936 1670 1009 Φθαρτὸν
1711 936 1770 990 δὲ

218 1035 302 1087 καὶ
328 1030 510 1103 θνητὸν
550 1029 865 1100 ἐνδυόμενον
898 1026 1196 1083 ἀθανασίαν
1229 1028 1323 1082 καὶ
1354 1026 1684 1100 ἀφθαρσίαν,
1716 1027 1769 1083 τί

216 1124 278 1179 ἂν
302 1124 475 1195 ἕτερον
503 1121 591 1192 εἴη
629 1118 781 1192 παρὰ
810 1119 879 1175 τὸ
908 1122 1304 1191 σπειρόμενον
1325 1120 1397 1173 ἐν
1432 1118 1643 1189 φθορᾷ,
1669 1119 1767 1175 καί

213 1210 595 1280 ἀνιστάμενον
609 1210 681 1263 ἐν
693 1209 999 1278 ἀφθαρσίᾳ
1018 1227 1034 1276 ;
1054 1209 1159 1275 ίνα,
1181 1208 1377 1275 καθὼς
1397 1208 1771 1279 ἐφορέσαμεν

213 1301 316 1369 τὴν
335 1302 535 1355 είκόνα
554 1300 660 1354 τοῦ
683 1299 913 1369 χοϊκοῦ,
937 1299 1282 1370 φορέσωμεν
1309 1299 1411 1354 καί
1427 1300 1545 1370 τὴν
1564 1301 1771 1355 εἰκόνα

212 1393 310 1448 τοῦ
331 1392 711 1461 ἐπουρανίου.
761 1392 823 1445 Ἢ
855 1390 964 1462 γὰρ
993 1391 1156 1447 είκὼν
1180 1391 1512 1463 τοῦοχοϊκοῦ,
1543 1394 1610 1464 ἢν
1643 1394 1772 1461 εφο-

214 1488 465 1559 ρέσαμενο
489 1485 572 1548 τὸ,
604 1482 693 1553 Γῆ
722 1478 796 1548 εἷ,
827 1481 927 1537 καί
968 1484 1057 1549 εἰς
1083 1481 1201 1552 τῆν
1231 1483 1566 1551 ἀπελεύσῃ,
1597 1482 1766 1537 ἐστίν.

218 1577 279 1631 Ἦ
299 1577 353 1630 δὲ
386 1574 550 1631 είκὼν
572 1574 667 1629 τοῦ
700 1573 1019 1646 ἐπουρανίου
1044 1575 1078 1645 ἡ
1106 1574 1173 1627 ὲκ
1215 1571 1425 1646 νεκρῶν
1471 1572 1770 1637 ἀνάστασις

207 1668 294 1721 καὶ
318 1669 349 1739 ἠ
378 1665 678 1739 ἀφθαρσία.

208 1758 330 1814 illud
374 1766 460 1814 est
516 1776 533 1814 :

204 1852 411 1908 incorru
416 1852 549 1921 ptio.

1872 484 2007 532 seta
2041 473 2416 544 corruptione,
2443 468 2719 539 mortique
2750 471 2978 537 propter
3025 463 3444 534 castigationem

1872 569 1982 640 (Ἡ)
2017 567 2213 623 tradita
2242 607 2258 631 ,
2304 564 2478 620 noluit
2508 562 2673 625 Dens,
2712 575 2814 615 ceu
2848 557 3218 614 baereditatem
3252 596 3267 618 ,
3321 567 3447 607 cor-

1869 660 2104 730 ruptioni
2129 644 2198 712 ad
2214 655 2500 712 victoriam
2528 653 2841 723 relinquere
2876 667 2891 704 :
2919 647 3015 704 sed
3043 647 3188 701 victa
3218 659 3445 699 rursum

1872 759 2046 806 morte
2090 764 2189 820 per
2230 745 2714 806 resurrectionem,
2754 737 3154 809 incorruptioni
3185 734 3444 799 reddidit,

1871 849 1932 896 ut
1966 856 2036 897 ne
2066 838 2345 909 corruptio
2377 834 2847 904 incorruptionem
2869 840 2897 900 ,'
2931 828 3026 887 sed
3060 826 3235 898 magis
3264 825 3457 879 incor-

1870 931 2071 1000 ruptio,
2104 929 2251 999 quod
2301 934 2385 983 cst
2434 924 2788 996 corruptibile
2814 923 2869 977 in
2900 919 3272 976 hazreditatem
3304 914 3445 969 acci-

1870 1030 2043 1093 peret.
2062 1021 2144 1077 Ad
2170 1021 2284 1076 hmo
2316 1021 2501 1090 itaque
2527 1015 2824 1088 respondet
2841 1013 3136 1085 Apostolus
3161 1010 3207 1042 "’
3235 1027 3250 1063 :
3276 1007 3448 1077 Opor—

1870 1124 1942 1171 tet
1963 1115 2103 1170 enim
2125 1114 2463 1184 corruptibile
2490 1112 2586 1166 hoc
2620 1109 2837 1165 induere
2878 1105 3326 1174 incorruptionem
3346 1142 3362 1167 ,
3395 1106 3446 1153 et

1869 1207 2132 1271 mortale,
2186 1205 2666 1261 immortalitatem.
2730 1197 3101 1270 Corruptibile
3144 1202 3330 1248 autem
3391 1195 3448 1246 et

1868 1300 2098 1355 mortale
2148 1299 2254 1355 hoc
2310 1298 2538 1353 induere
2598 1292 3064 1350 immortalitatem
3105 1292 3161 1343 et
3188 1286 3445 1340 incorru-

1869 1391 2130 1463 ptionem,
2154 1391 2285 1463 quid
2320 1389 2469 1445 aliud
2502 1388 2593 1450 sit,
2630 1399 2794 1457 quam
2825 1389 2886 1437 ut
2914 1378 3049 1451 quod
3079 1379 3371 1433 seminatur
3390 1377 3446 1431 in

1873 1485 2226 1552 corruptione,
2254 1490 2437 1554 surgat
2465 1483 2521 1536 in
2546 1474 2997 1545 incorruptione”
3022 1476 3046 1530 ?
3073 1471 3146 1528 Ut
3175 1473 3448 1541 sicutpor-

1872 1575 2101 1629 terimus
2158 1575 2443 1645 imaginem
2491 1570 2707 1634 terreni,
2754 1576 3018 1637 portemus
3065 1573 3114 1620 et
3162 1562 3448 1633 imaginem

1870 1665 2089 1720 catastis
2138 1666 2205 1719 δι.
2234 1664 2370 1719 Nam
2415 1664 2597 1733 imago
2624 1659 2829 1715 terreni
2887 1671 3052 1728 quam
3083 1652 3446 1726 portavimus,

590 1757 755 1813 Terra
784 1774 861 1823 es,
894 1757 1023 1812 etin
1052 1765 1250 1812 terram
1277 1756 1550 1814 reverteris
1590 1757 1659 1813 ".
1701 1756 1884 1829 Imago
1916 1767 2096 1814 autem
2143 1758 2408 1823 caelestis,
2464 1753 2803 1813 resurrectio
2870 1760 2957 1808 est
2996 1764 3066 1807 ex
3119 1747 3353 1804 mortuis
3391 1752 3449 1801 et

271 1975 353 2043 ς’.
397 1973 679 2034 Ἰουστῖνος
716 1970 773 2025 δὲ
812 1971 843 2025 ὁ
895 1970 1279 2043 Νεαπολίτης,
1335 1971 1475 2044 ἀνὴρ
1518 1969 1644 2025 οὗτε
1688 1969 1767 2043 τῷ

1939 1969 2027 2027 VI.
2057 1971 2308 2028 Justinus
2359 1985 2491 2028 vero
2539 1965 2934 2038 Neapolitanus
2961 1961 3127 2036 ;(72),
3165 1961 3254 2016 vir
3300 1957 3448 2016 haud

197 2062 369 2139 χρόνῳ
413 2061 603 2133 πόρρω
646 2058 722 2115 ὢν
769 2060 882 2117 τῶν
932 2061 1247 2117 ἀποστόλων
1270 2061 1394 2117 οὔτε
1444 2065 1511 2135 τῇ
1563 2062 1767 2136 ἀρετῇ,

195 2151 643 2227 κληρονομεῖσθαι
680 2153 780 2225 μὲν
808 2154 869 2207 τὸ
915 2154 1277 2227 ἀποθνῆσκον,
1315 2155 1674 2228 κληρονομεῖν
1705 2155 1770 2228 δὴ

188 2250 291 2322 τὴν
317 2247 461 2320 ζωὴν
491 2248 625 2319 (69),
653 2247 824 2317 λέγει.
862 2248 974 2301 Καὶ
1017 2249 1386 2320 ἀποθνήσκειν
1420 2249 1517 2320 μὲν
1557 2249 1734 2320 σάρκα
1753 2289 1768 2313 ,

192 2341 292 2412 ζῇν
342 2340 400 2394 δὲ
452 2339 551 2411 τὴν
607 2338 882 2410 βασιλείαν
931 2338 1042 2393 τῶν
1092 2339 1358 2412 οὐρανῶν.
1426 2339 1658 2394 Ὀπόταν
1707 2340 1771 2413 δὴ

191 2428 386 2499 σόρκα
412 2431 443 2484 ὁ
473 2429 684 2494 Παῦλος
715 2430 814 2485 καὶ
839 2425 982 2500 αἷμα
1007 2431 1094 2501 μὴ
1129 2429 1423 2486 δύνασθαι
1450 2430 1564 2500 τὴν
1591 2432 1774 2497 ,ϐασι-

189 2521 362 2575 λείαν
389 2520 497 2575 τοῦ
538 2519 686 2575 Θεοῦ
722 2519 1174 2591 κληρονομῆσαι
1214 2520 1382 2595 λέγῃ·
1420 2522 1518 2592 οὐχ
1554 2522 1631 2587 ὡς
1675 2523 1770 2576 ὲκ-

189 2610 497 2678 φαυλίζων,
567 2609 734 2681 φησὶ,
789 2611 890 2681 τῆς
946 2610 1148 2682 σαρκὸς
1197 2610 1298 2683 τὴν
1353 2610 1771 2680 παλιγγενεσίαν

188 2701 568 2771 ἀποφαίνεται,
599 2700 736 2756 ἀλλά
762 2701 1051 2765 διδάσκων,
1078 2703 1140 2755 οὗ
1184 2702 1639 2775 κληρονομεϊσθαι
1675 2702 1772 2773 βα-

193 2794 396 2847 σιλείαν
437 2791 605 2857 Θεοῦ,
637 2791 853 2847 αίώνιαν
895 2791 1248 2863 ὑπάρχουσαν
1293 2791 1439 2863 ζωὴν
1461 2832 1477 2856 ,
1523 2792 1627 2846 ὑπὸ
1676 2793 1770 2847 τοῦ

191 2885 466 2957 σώματος,
490 2884 627 2938 ἀλλὰ
652 2885 712 2938 τὸ
742 2884 900 2955 σῶμα
927 2883 1033 2938 ὑπὸ
1057 2885 1158 2955 τῆς
1181 2883 1347 2955 ζωῆς.
1375 2885 1438 2938 Et
1472 2883 1583 2957 γὰρ
1611 2886 1773 2957 ἐκλη-

188 2977 522 3050 ρονομεῖτοή
558 2974 802 3047 βασιλεία
828 2973 925 3027 τοῦ
953 2972 1088 3027 Θεοῦ
1119 2974 1225 3028 ὑπὸ
1244 2973 1341 3028 τοῦ
1380 2973 1629 3047 σώματος
1656 2976 1769 3050 ζωὴ

182 3069 509 3140 ὑπάρχουσα
527 3108 542 3132 ,
576 3066 885 3120 συνέϐαινεν
914 3066 981 3120 ἂν
1017 3065 1116 3137 τὴν
1136 3066 1282 3138 ζωὴν
1305 3066 1409 3120 ὑπὸ
1433 3067 1532 3138 τῆς
1565 3066 1772 3139 φθορᾶς

182 3159 603 3217 κατατείνεσθαι.
624 3159 739 3213 Νῦν
758 3158 817 3212 δὲ
843 3159 904 3212 τὸ
926 3156 1189 3229 τεθνηκὸς
1214 3161 1248 3229 ἡ
1278 3157 1392 3230 ζωὴ
1419 3158 1769 3231 κληρονομεῖ,

182 3250 275 3304 tua
320 3251 407 3314 είς
448 3252 598 3314 νῖκος
632 3248 915 3321 καταποθῇ
972 3250 1002 3302 ὁ
1033 3248 1280 3311 θάνατοςῖ
1309 3248 1416 3302 ὑπὸ
1448 3249 1549 3320 τῆς
1588 3248 1767 3321 ζωῆς,

177 3343 278 3396 καὶ
334 3341 400 3395 τὸ
462 3339 702 3411 φθαρτὸν
751 3341 850 3411 τῆς
898 3339 1205 3412 ἀφθαρσίας
1254 3339 1443 3410 κτῆμα
1493 3341 1771 3412 ἀναφανῇ-
1802 3323 1842 3380 C

175 3432 473 3504 ἐλεύθερον
533 3431 630 3504 μὲν
691 3431 925 3485 θανάτου
982 3431 1075 3485 καὶ
1136 3431 1413 3503 ἁμαρτίας
1470 3432 1771 3503 γεγενημέ-

173 3543 306 3589 νον,
351 3524 541 3579 δοῦλον
578 3524 635 3579 δὲ
688 3526 783 3578 καὶ
818 3526 1056 3597 ὑπήκοον
1104 3523 1400 3587 ἀθανασίας
1421 3540 1435 3555 ο
1481 3525 1629 3589 ὅπως
1669 3525 1769 3597 τῆς

172 3616 496 3689 ἀφθαρσίας
516 3615 581 3669 τὺ
612 3614 771 3687 σῶμα
798 3613 855 3691 ᾗ,
879 3616 971 3669 καὶ
1003 3617 1076 3689 μὴ
1097 3614 1192 3669 τοῦ
1220 3615 1469 3686 σώματος
1496 3617 1531 3687 ἡ
1558 3615 1769 3687 ἀφθαρ-

174 3707 292 3761 σία.

246 3795 325 3848 Z’.
356 3794 506 3858 Ὅτι,
521 3796 629 3848 Καὶ
657 3796 710 3849 oi
742 3794 943 3863 νεκροί
965 3796 1036 3849 ἐν
1061 3795 1293 3864 Χριστῷ
1320 3795 1770 3862 ἀναστήσονται

172 3884 446 3953 πρῶτον,
475 3886 681 3940 ἔπειτα
711 3886 881 3955 ἡμεῖς
914 3890 967 3942 οἱ
1003 3885 1215 3954 ζῶντες
1234 3905 1246 3917 ·
1274 3889 1303 3941 ὁ
1332 3888 1485 3957 ἀγιος
1511 3886 1769 3951 Μεθόδιος

170 3974 324 4029 οὕτω
361 3976 520 4047 φησί.
546 3977 805 4030 Τουτέστι
823 3992 837 4007 ο
868 3977 1057 4049 αὑτάἡ
1067 3977 1182 4049 μῶν
1204 3977 1378 4032 ταῦτα
1406 3976 1476 4031 τὰ
1509 3976 1764 4049 σώματα·

171 4066 349 4138 ἡμεῖς
381 4067 494 4138 γὰρ
517 4070 567 4121 oi
597 4069 797 4134 ζῶντες
828 4072 885 4123 αἱ
906 4070 1084 4141 ’ψυχαί
1131 4072 1319 4142 ἐσμεν,
1354 4072 1404 4123 οἱ
1440 4070 1767 4142 ἀπολαμϐά-

170 4174 371 4224 νοντες
400 4159 715 4231 ὲγερθὲντες
740 4160 848 4235 (70)
880 4163 944 4216 ἐκ
965 4164 1062 4235 τῆς
1092 4162 1198 4233 γῆς
1222 4164 1350 4227 τοὺς
1374 4162 1600 4232 νεκρούς
1616 4179 1629 4193 ’
1657 4162 1765 4228 ἵνα,

168 4249 259 4314 ei;
299 4251 614 4324 ἀπάντησιν
647 4253 765 4324 ἅμα
796 4255 977 4320 αὐτοῖς
1011 4254 1384 4327 ἁρπασθέντες
1410 4255 1503 4309 τοῦ
1538 4255 1768 4328 Κυρίου,

1873 2065 2032 2137 longe
2076 2065 2145 2121 ab
2184 2065 2557 2135 apostolorum
2581 2058 2926 2132 temporibus
2957 2063 3013 2113 et
3036 2055 3331 2110 virtutibus
3362 2069 3451 2109 re-

1872 2167 2075 2222 motus,
2111 2157 2258 2229 quod
2285 2157 2504 2227 quidem
2531 2153 2790 2219 {mortale
2830 2156 2936 2214 est,
2985 2146 3257 2219 possideri
3289 2145 3447 2209 dicit,

1870 2250 2035 2305 vitam
2067 2258 2248 2305 autem
2308 2246 2610 2319 possidere.
2661 2242 2727 2297 Et
2754 2255 2975 2297 carnem
3007 2238 3227 2310 quidem
3255 2236 3395 2291 mori
3426 2274 3445 2301 ,

1870 2342 2137 2397 caelorum
2174 2345 2355 2394 autem
2407 2350 2636 2408 regnum
2691 2331 2899 2387 vivere.
2957 2329 3094 2386 Cum
3147 2328 3331 2398 itaque
3370 2327 3448 2380 ait

1870 2431 2073 2489 Paulus
2105 2432 2171 2499 ⁸³,
2207 2446 2312 2486 non
2341 2443 2491 2498 posse
2521 2441 2734 2481 carnem
2764 2435 2813 2480 et
2842 2425 3152 2493 sanguinem
3179 2459 3196 2485 ,
3232 2434 3448 2489 regnum

1872 2523 1970 2579 Dei
1994 2523 2303 2593 possidere:
2339 2535 2449 2575 non
2499 2532 2587 2587 eo,
2630 2516 2831 2588 inquit,
2873 2513 3026 2577 dicit,
3057 2518 3118 2566 ut
3144 2510 3330 2566 carnis
3358 2524 3449 2565 re-

1871 2616 2273 2687 generationem
2298 2612 2552 2669 videatur
2584 2623 2783 2680 negare
2811 2624 2827 2675 ;
2858 2605 2953 2663 sed
2986 2611 3047 2660 ut
3088 2603 3305 2667 doceat,
3334 2615 3448 2656 non

1872 2707 2139 2781 possideri
2166 2720 2395 2778 regnum
2431 2704 2526 2761 Dei
2558 2703 2705 2775 quod
2744 2710 2828 2758 est
2850 2701 2961 2754 vita
2995 2704 3219 2760 aeterna,
3264 2709 3294 2748 a
3325 2707 3450 2748 cor-

1874 2812 2038 2870 pore,
2069 2796 2167 2854 sed
2195 2810 2397 2868 corpus
2418 2809 2448 2849 a
2482 2794 2616 2849 vita.
2651 2791 2709 2847 Si
2734 2793 2881 2848 enim
2921 2801 3151 2861 regnum
3182 2784 3445 2848 Dei,cum

1870 2888 1942 2945 sit
1964 2889 2094 2955 vita,
2123 2902 2155 2942 a
2180 2900 2412 2957 corpore
2437 2883 2850 2955 possideretur;
2896 2879 3139 2937 eveniret
3164 2883 3226 2932 ut
3269 2876 3379 2930 vita
3414 2887 3449 2928 α

1870 2978 2225 3049 corruptione
2277 2977 2684 3033 absorberetur.
2740 2972 2899 3029 Nunc
2953 2978 3167 3035 contra,
3202 2968 3258 3024 id
3301 2965 3448 3038 quod

1871 3079 1955 3126 est
1985 3077 2285 3133 mortuum,
2314 3084 2345 3123 a
2370 3070 2481 3124 vita
2510 3067 2846 3138 possidetur,
2877 3072 2939 3120 ut
2967 3079 3119 3120 mors
3142 3063 3201 3118 in
3218 3060 3449 3117 victoria

1871 3164 2234 3221 absorbeatur
2258 3177 2290 3216 a
2324 3163 2433 3217 vita
2466 3182 2479 3218 :
2507 3158 2971 3231 corruptibileque
3018 3153 3152 3210 illud
3196 3154 3451 3209 incorru-

1876 3253 2047 3324 ptioni
2071 3251 2351 3323 possessio
2382 3251 2539 3307 cedat
2569 3268 2585 3319 ;
2640 3251 2932 3305 liberatum
2960 3244 3182 3317 quidem
3213 3259 3244 3298 a
3275 3253 3449 3298 morte

1877 3354 1932 3401 et
1959 3353 2206 3416 peccato,
2251 3342 2454 3398 factum
2487 3351 2668 3397 autem
2708 3337 3105 3395 immortalitati
3140 3335 3453 3406 subjectqu

1875 3448 1929 3495 et
1959 3454 2212 3506 servum;
2263 3444 2323 3493 ut
2351 3451 2553 3506 corpus
2580 3432 2800 3505 quidem
2851 3431 2924 3488 sit
2967 3427 3399 3499 incorruptionis
3426 3464 3449 3492 ,

1874 3547 1984 3587 non
2013 3530 2353 3602 incorruptio
2384 3527 2650 3598 corporis.
2688 3542 2694 3551 ε

1944 3797 2060 3854 VII.
2090 3798 2229 3854 Illud
2262 3816 2278 3854 :
2312 3797 2381 3853 Et
2411 3797 2608 3851 mortui
2642 3798 2732 3867 qui
2759 3796 2812 3850 in
2846 3794 3061 3851 Christo
3092 3800 3235 3859 sunt,
3262 3808 3446 3848 resur-

1873 3901 1992 3965 gant
2022 3893 2250 3963 primum
2275 3931 2292 3957 ,
2331 3890 2519 3946 deinde
2548 3908 2643 3945 nos
2672 3891 2761 3961 qui
2799 3890 3020 3944 vivimus
3054 3888 3102 3921 ⁸⁸
3131 3904 3149 3941 :
3181 3888 3263 3943 sic
3298 3886 3451 3942 edis-

1876 3987 2009 4043 serit
2037 3983 2094 4038 S.
2130 3983 2454 4040 Methodius.
2488 3983 2602 4038 Hoc
2631 3994 2753 4038 est:
2791 3980 2913 4052 Ipsa
2945 3987 3133 4036 nostra
3167 3979 3282 4034 haec
3319 3993 3447 4033 cor-

1874 4087 2048 4145 pora:
2082 4071 2194 4128 Nos
2229 4071 2375 4127 enim
2416 4072 2511 4142 qui
2540 4072 2777 4127 vivimus
2813 4071 2949 4142 (73).
3000 4070 3196 4125 animai
3230 4084 3445 4135 sumus,

1873 4169 1967 4236 qui
2000 4165 2330 4221 resumimus
2361 4165 2595 4220 excitata
2615 4179 2646 4217 a
2670 4171 2817 4218 terra
2838 4178 3068 4234 corpora
3101 4171 3349 4229 mortua;
3387 4169 3447 4217 ut

1877 4257 1933 4310 in
1967 4268 2258 4311 occursum
2291 4252 2530 4320 Domini,
2556 4270 2665 4309 una
2698 4269 2823 4309 cum
2854 4255 2964 4310 illis
2998 4254 3175 4325 rapti,
3209 4254 3448 4325 gloriose

244 4428 299 4463 "
320 4429 347 4485 Ι
380 4428 511 4484 Cor.
541 4445 633 4493 xv,
657 4429 746 4485 53.
822 4429 868 4462 ⁸ο
898 4428 1030 4485 ibid.
1060 4430 1150 4485 42.
1220 4430 1265 4463 ⁸¹
1300 4429 1431 4484 ibid.
1459 4429 1550 4486 49.
1625 4431 1670 4463 ⁸⁸
1697 4428 1768 4485 Ge

1877 4446 1915 4494 ι,
1950 4430 2036 4486 19.
2111 4431 2156 4464 ⁸³
2182 4429 2204 4485 l
2231 4430 2357 4487 Cor.
2384 4445 2476 4497 xv,
2503 4430 2593 4486 50.
2667 4428 2714 4461 ⁸⁸
2744 4427 2765 4482 ι
2801 4428 2982 4485 Thess.
3012 4444 3087 4495 iv,
3116 4427 3203 4485 16.

248 4600 391 4673 (69),
411 4602 535 4669 Τὴν
572 4601 744 4673 ζωήν.
782 4603 942 4669 Editi,
974 4608 1036 4661 τὸ
1078 4605 1205 4672 ζῶν.
1243 4606 1502 4664 Fortasse
1542 4608 1763 4663 rectius.

1872 4608 2070 4681 Συρίας
2090 4608 2189 4681 τῇς
2210 4606 2592 4681 Παλαισςίνης,
2613 4607 2785 4680 Syria:
2808 4607 3134 4681 Palaestinaf,
3159 4617 3218 4662 ut
3239 4607 3435 4665 Euseb.

170 4670 526 4758 Hau-edituri
539 4672 597 4758 id
617 4670 755 4758 quod
784 4676 1006 4758 mortale
1035 4670 1111 4758 est
1144 4678 1291 4758 dicit,
1328 4678 1638 4758 hereditarii
1666 4696 1765 4732 au-
1797 4703 1841 4758 ι)
1872 4670 2018 4758 ἐν,
2048 4670 2214 4758 c._i'i,
2249 4688 2307 4758 ﬁt
2332 4690 2398 4758 ut
2417 4670 2863 4758 Plio'ti_us:noste_r
2889 4680 2943 4758 in_
2972 4670 3208 4758 sua_lia_c
3242 4681 3440 4758 Μυρω-

169 4759 283 4830 rem
314 4742 553 4830 idnquog
597 4745 742 4830 v'ivit:
941 4747 1554 4830 dictu.m_ret‘ert-_inter
1597 4763 1763 4818 Opera

1875 4742 2062 4830 ϐίβλον
2089 4749 2326 4830 “agema
2347 4746 2457 4830 εἶχε
2474 4748 2767 4830 Νεάπολιν.
2797 4749 2894 4830 τὴν
2921 4748 3146 4830 ,τὴν
3170 4742 3438 4830 ὲςςιαρῇίαν

170 4811 576 4889 deperditus.
609 4811 805 4889 Justini
852 4815 920 4871 M.
946 4818 1309 4889 doctissimus
1344 4811 1760 4889 Maranusipag.

170 4883 313 4946 596,
352 4884 453 4938 ubi
493 4884 605 4959 hinc
638 4887 862 4959 adnotat
892 4887 1146 4959 {Similis
1191 4890 1459 4944 sententia
1486 4883 1765 4959 apud-Ire-

166 4968 374 5011 unum
409 4974 422 5009 :
456 4954 551 5023 qui
593 4956 809 5022 quidem
846 4957 975 5010 mihi
1007 4960 1220 5014 videtur
1247 4954 1557 5014 accuratius
1586 4960 1769 5014 dicere

168 5041 411 5079 carnem
432 5024 741 5081 hwreditate
758 5027 1011 5095 possideri
1028 5031 1093 5100 in
1123 5046 1299 5100 regno,
1334 5045 1395 5085 ea
1423 5029 1477 5083 in
1505 5027 1766 5099 Spiritum

169 5103 453 5172 sanctum
485 5100 848 5172 transferens,
873 5114 992 5168 quae
1025 5099 1329 5155 Metlmdius
1354 5100 1422 5156 de
1457 5100 1577 5170 ipso
1606 5116 1774 5172 regno

167 5167 463 5219 caelorum
486 5166 642 5221 dixit.
674 5165 842 5223 GALL.

243 5235 379 5309 ('19)
427 5235 818 5309 ’grepﬂércec.
849 5238 939 5309 Al.
967 5237 1307 5309 ὲγερθέντας.

244 5304 385 5377 (71)
426 5304 666 5377 Propter
698 5304 1112 5377 castigationem.
1162 5311 1261 5363 Διὰ
1307 5309 1604 5367 παίδευσιν.
1652 5310 1768 5364 Ru-

164 5374 678 5449 pit‘ucaldLhabet,
710 5377 798 5449 διὰ
832 5374 1135 5449 παρακοήν.
1167 5379 1367 5434 Neutra
1406 5381 1567 5435 lectio
1612 5396 1767 5449 sper-

162 5443 398 5519 nenda.
442 5443 513 5500 Ut
541 5449 711 5519 enim,
738 5443 965 5519 fuerit'a
996 5443 1441 5519 [umvaricatione
1489 5458 1541 5505 et
1580 5443 1769 5506 inube-

164 5515 426 5589 dientia,
456 5518 752 5589 castigatio
803 5515 1164 5589 nihilominus
1207 5520 1331 5582 fuit,
1362 5533 1632 5589 panaque
1680 5521 1767 5576 in-

163 5584 379 5657 ducta,
410 5603 519 5640 non
552 5584 826 5657 pe'rdeiido
858 5588 1081 5654 homini,
1114 5590 1207 5645 sed
1240 5584 1555 5657 erudiendo.

246 5654 385 5728 (72)
414 5654 665 5712 Justinus
698 5674 815 5712 vero
857 5657 1264 5728 Neapolitanus.
1296 5656 1617 5727 Neapoleos.
1653 5674 1763 5714 non

166 5726 431 5785 celebris
475 5728 622 5785 illius
671 5726 981 5801 Campaniae
1028 5730 1081 5783 in
1132 5726 1308 5795 Italia,
1364 5726 1461 5789 sed
1515 5745 1636 5803 qua:
1681 5743 1766 5787 est

1869 4818 2129 4872 τελοῦσαν
2144 4818 2524 4891 Παλαιστίνης,
2543 4822 2781 4891 ραινὶαηε
2796 4818 2977 4891 habuit
3007 4818 3053 4873 Ν
3060 4818 3443 4889 εάροίίηι’,Ῥα-

1874 4892 2097 4944 tazstime
2137 4905 2410 4959 accensum
2442 4888 2708 4959 oppidum.
2751 4888 2842 4944 Sic
2873 4888 3061 4945 Latine
3093 4888 3228 4945 satis
3272 4891 3441 4945 inter-

1872 4973 1999 5028 pres
2036 4961 2178 5030 apud
2206 4956 2484 5030 Iustinum
2506 4956 2787 5016 'Parisina:
2829 4961 3085 5017 editionis
3123 4961 3281 5025 1615,
3332 4962 3439 5014 uti-

1876 5045 2001 5100 nam
2039 5028 2195 5100 aéqne
2223 5028 2533 5086 Christiane
2566 5031 2620 5084 in
2661 5031 2834 5100 titulo_
2856 5031 3075 5100 egisset,
3107 5045 3172 5085 ac
3206 5033 3288 5086 vel
3325 5047 3437 5086 non

1880 5098 2328 5162 fecisset—fucum,
2358 5101 2442 5155 vel
2471 5100 2576 5156 sibi
2606 5099 2719 5155 ﬁeri
2747 5115 2777 5154 a
2798 5098 3044 5155 Graiculo
3064 5101 3435 5169 scliismatico,

1876 5179 2210 5242 pramotante
2230 5180 2491 5242 sanctum,
2519 5168 2624 5223 diri
2658 5170 2969 5242 schismatis
2996 5168 3433 5242 antesignanum,

1877 5238 1985 5293 non
2015 5241 2369 5309 permisisset.
2391 5238 2596 5295 Locum
2624 5256 2690 5294 ex
2732 5255 2840 5310 quo
2864 5238 3308 5310 Methodius'ista
3339 5243 3437 5298 de-

1875 5310 2128 5381 scripsit,
2153 5312 2291 5363 mala
2338 5311 2551 5365 numeri
2597 5309 2857 5381 ascriptio
2894 5311 2946 5364 in
2982 5309 3196 5367 Justino
3217 5314 3435 5371 celavit.

1944 5380 2058 5454 (πρ)
2079 5379 2191 5454 Nos
2213 5381 2350 5454 enim
2367 5381 2458 5450 qui
2484 5382 2721 5454 uiuimus.
2748 5379 3017 5439 Subtilior
3036 5384 3251 5438 videtur
3270 5399 3433 5454 quam

1876 5452 2103 5524 solidior
2141 5452 2273 5505 dicti
2318 5452 2604 5524 apostolici
2645 5454 2949 5524 expositio,
3006 5454 3140 5510 satis
3190 5452 3434 5524 alioquin

1874 5521 2143 5587 dillicilis;
2171 5537 2279 5591 quo
2310 5520 2489 5593 tamen
2525 5520 2738 5578 Paulus
2753 5525 2928 5593 magni
2960 5540 3072 5579 rem
3102 5520 3431 5579 sacramenti

1873 5592 2367 5666 contineriinnuit.
2402 5591 2721 5666 Communis
2758 5591 3047 5664 expositio,
3079 5603 3140 5649 ut
3179 5597 3437 5666 loquatur

1871 5663 1940 5717 de
1974 5664 2040 5716 iis
2072 5663 2163 5732 qui
2204 5672 2335 5736 tunc
2359 5664 2684 5736 superstites
2702 5663 2884 5732 erunt,
2918 5674 2973 5723 et
3010 5668 3062 5721 in
3087 5663 3278 5723 eorum
3308 5678 3433 5736 per-

1871 5748 2004 5790 sona
2026 5750 2040 5801 ;
2065 5742 2171 5804 qua
2195 5734 2263 5790 de
2291 5749 2353 5790 re
2383 5735 2455 5791 ibi
2488 5736 2830 5805 interpretes.
