3864 6162
417 283 525 338 ῗίδ

1385 276 1440 333 S.
1483 274 1810 330 METHODll
1853 271 2162 329 EPISCOPI
2200 269 2289 324 ET
2333 266 2690 324 MARTYRIS

3563 267 3662 324 316

413 398 520 464 ipsi
561 395 902 452 celebremus
955 394 1150 448 testuxn
1202 392 1674 447 resurrectionis:
1725 406 1792 445 eo
1843 389 1989 460 quod

2108 385 2316 452 ινδόξως
2345 385 2691 456 ἐορτάσωμεν
2721 381 2869 454 αὐτῷ
2909 382 3016 455 τὴν
3041 382 3267 455 φαιδρὰν
3299 383 3401 454 τῆς
3434 383 3662 440 ἀναστά-

414 497 618 543 aeterna
644 493 835 541 nostra
864 481 1237 546 tabernacula,
1271 496 1550 550 nunquam
1584 481 1817 550 amplius
1849 481 1990 534 inte-

416 584 591 635 ritnra
621 579 707 635 vel
736 576 1110 639 dissolvenda,
1139 575 1531 644 acceperimus.

491 671 628 728 VIII.
657 671 803 735 Vidi,
826 669 1024 740 inquit,
1048 668 1102 721 in
1121 665 1349 738 Olympo
1371 675 1556 721 monte
1584 665 1782 737 Lycias,
1808 668 1988 737 ignem

419 773 614 836 sponte
635 780 732 818 sua
766 764 820 817 in
855 762 1058 816 montis
1086 762 1371 815 cacumine
1409 771 1755 815 enascentem
1789 779 1804 826 ;
1835 760 1989 829 juxta

417 872 579 926 quem
611 856 800 924 stirps,
840 869 1117 924 pyragnus
1156 854 1399 917 nomine,
1427 853 1665 916 exsistit,
1698 852 1834 906 adeo
1889 851 1990 905 ilo-

418 949 538 1002 rida
567 949 747 1002 virens
761 956 812 1000 et
841 962 1030 1016 opaca,
1059 956 1118 1000 ut
1140 961 1172 1000 e
1199 945 1347 1001 fonte
1368 946 1548 1016 potius
1572 952 1698 998 nata
1720 944 1987 998 videatur.

418 1038 591 1104 Quam
617 1039 782 1108 igitur
801 1039 870 1092 ob
899 1053 1146 1102 causam,
1190 1053 1316 1092 cum
1349 1045 1558 1091 naturae
1606 1036 1991 1106 corruptibiles

419 1133 550 1194 sint,
585 1138 639 1184 et
671 1145 899 1200 corpora
954 1131 1022 1184 ab
1052 1131 1177 1201 igne
1207 1137 1643 1196 consumantur;
1694 1129 1808 1183 haec
1847 1129 1991 1182 nihi-

417 1223 656 1277 lominus
690 1223 878 1292 stirps,
917 1238 1026 1277 non
1059 1223 1222 1277 modo
1249 1238 1356 1277 non
1383 1222 1632 1276 exuritur
1652 1261 1667 1286 ,
1702 1221 1796 1276 sed
1826 1221 1992 1276 etiam

419 1316 593 1386 magis
621 1314 938 1378 cfﬂorescit,
979 1314 1231 1384 quamvis
1258 1323 1456 1368 natura
1479 1313 1639 1368 facile
1666 1314 1824 1368 exuri
1863 1328 1994 1384 pos-

419 1411 512 1472 sit,
545 1411 849 1479 prtesertim
876 1410 941 1465 ad
980 1409 1152 1478 ipsius
1209 1407 1424 1462 radices
1481 1407 1605 1477 igne
1657 1407 1994 1461 eructante?

418 1497 619 1554 liamos
651 1515 781 1570 ergo
830 1516 894 1554 ex
926 1499 1373 1568 circumjacentis
1415 1498 1564 1552 silvae
1595 1498 1878 1553 arboribus
1936 1497 1992 1551 in

418 1592 600 1662 ignem
647 1591 759 1644 illic
789 1599 1167 1660 erumpentem
1193 1590 1403 1659 conjeci
1437 1608 1451 1657 ;
1501 1589 1595 1660 qui
1625 1589 1810 1644 subito
1840 1587 1994 1641 llam-

420 1684 527 1737 mis
560 1683 824 1752 correpti,
877 1683 933 1735 in
989 1681 1230 1736 cinerem
1274 1680 1479 1736 redacti
1507 1688 1655 1735 sunt.
1689 1680 1833 1746 Quid
1863 1696 1992 1750 ergo

2092 495 2228 541 σεως
2275 477 2500 548 ἑορτὴν,
2551 477 2666 531 ἀνθ’
2714 493 2788 530 ων
2820 475 3070 539 αἰωνίους
3115 475 3269 547 ήμῶν
3315 473 3415 539 τὰς
3465 477 3662 548 σκηνὰς

2089 571 2270 624 οὐκέτι
2307 569 2702 640 τεθνηξομένας
2737 569 2769 639 ἢ
2796 567 3169 639 λυθησομένας
3196 566 3594 639 ἀπειλήφαμεν.

2159 664 2241 717 H'.
2281 663 2420 727 Ὅτι,
2448 662 2634 731 φησὶν,
2669 661 2980 730 ἐθεασάμην
3006 662 3062 712 ἐν
3102 660 3360 731 Ὀλύμπῳ
3379 658 3488 728 ἐγὼ
3511 659 3662 730 (ὅρος

2089 751 2146 806 δέ
2193 753 2338 805 ἐστιν
2377 754 2406 805 ὁ
2443 750 2720 820 Ὄλυμπος
2752 749 2849 818 τῆς
2892 747 3168 817 Λυκίας·)
3213 748 3324 820 πῦρ
3350 746 3662 817 αὐτομάτως

2090 843 2234 897 κατὰ
2262 842 2357 914 τὴν
2385 840 2695 914 ἀκρώρειαν
2733 839 2830 894 τοῦ
2874 844 3036 911 ὅρους
3065 839 3306 894 κάτωθεν
3333 842 3397 893 ἐκ
3429 839 3524 910 τῆς
3562 838 3662 908 γῆς

2092 933 2496 1004 ἀναδιδόμενον,
2532 933 2661 1004 περί
2688 931 2716 985 δ
2766 931 3043 1003 πύραγνος
3095 931 3259 1001 φυτόν
3304 933 3483 992 ἐστιν,
3524 929 3663 984 οὕτω

2096 1026 2192 1096 μὲν
2223 1024 2448 1088 εὐθαλὲς
2480 1025 2575 1078 καὶ
2621 1023 2863 1095 χλοερὸν,
2898 1023 3039 1076 οὕτω
3083 1021 3139 1076 δὲ
3172 1021 3410 1087 σύσκιον,
3443 1022 3518 1086 ὡς
3558 1021 3664 1076 ὑπὸ

2095 1117 2277 1188 πηγῆς
2307 1117 2503 1189 μᾶλλον
2535 1116 2664 1170 αὐτὸ
2712 1114 3150 1186 βεϐλαστηκέναι.
3199 1115 3276 1167 Δι’
3333 1116 3524 1184 ἥντινα
3572 1109 3664 1167 οὖν

2093 1210 2294 1273 αἰτίαν,
2326 1213 2373 1263 εἰ
2399 1210 2593 1279 φύσεις
2626 1209 2733 1262 εἰσί
2766 1206 3022 1279 φθαρτῶν
3044 1247 3058 1272 ,
3100 1200 3189 1254 καὶ
3213 1199 3307 1252 ὑτὸ
3333 1204 3504 1272 πυρὸς
3531 1214 3670 1254 κατ..

2097 1296 2537 1368 ανκ).ισκομένων
2593 1299 2880 1370 σωμάτων,
2903 1298 2962 1350 οὐ
3003 1295 3160 1368 μόνον
3181 1296 3240 1348 οὐ
3269 1293 3666 1363 καταφλέγεται

2092 1393 2152 1447 τὸ
2181 1392 2345 1461 φυτὸν
2375 1392 2552 1456 τοῦτο,
2580 1391 2716 1445 ἀλλά
2747 1389 2842 1443 καὶ
2873 1387 3069 1459 μᾶλλον
3103 1383 3460 1457 ἀκμαιότερον
3491 1383 3666 1454 ὑπάρ-

2093 1501 2198 1554 χει,
2229 1485 2367 1554 είτῇ
2411 1483 2574 1553 φύσει
2618 1483 2768 1536 ἐστὶν
2799 1479 3129 1545 εὕκαυστον,
3186 1479 3280 1532 καὶ
3334 1476 3503 1530 ταῦτα
3541 1476 3669 1548 περὶ

2093 1574 2263 1638 αὑτὰς
2282 1574 2447 1628 αὑτοῦ
2478 1573 2633 1645 ῥίζας
2662 1571 2754 1626 τοῦ
2787 1571 2960 1644 πυρδς
2989 1568 3396 1639 ὲντυφωμένου;
3429 1567 3668 1630 Κλάδους

2094 1665 2224 1735 γοῦν
2257 1666 2366 1736 ἐγὼ
2400 1665 2630 1738 δένδρων
2665 1666 2729 1717 ὲκ
2753 1665 2852 1736 τῆς
2883 1661 3293 1735 παρακειμένης
3329 1659 3467 1730 ὕλης
3500 1659 3667 1730 ἐπέρ-

420 1775 525 1829 sibi
554 1775 668 1828 vult
697 1774 801 1828 hoc
826 1773 1188 1827 miraculum?
1213 1772 1437 1842 Signum
1466 1781 1520 1827 et
1551 1772 1811 1827 indicium
1839 1770 1988 1826 futu-

2108 1759 2246 1829 5ιψα,
2276 1758 2399 1812 καθ’
2437 1758 2496 1811 ὃν
2541 1757 2828 1828 ἐρεύγεται
2849 1756 2910 1809 τὸ
2943 1754 3054 1825 πῦρ
3089 1754 3252 1807 τόπον
3276 1770 3290 1783 ο
3329 1753 3422 1806 καὶ
3466 1750 3670 1816 εὐθέως

419 1883 495 1922 ras
521 1868 669 1922 illius
700 1867 807 1921 diei
858 1865 1001 1922 Deus
1031 1866 1134 1920 hoc
1169 1865 1436 1928 exhibuit,
1465 1867 1543 1918 uti
1569 1866 1844 1929 sciamus,
1877 1864 1994 1918 fore

420 1967 481 2013 ut
509 1959 633 2029 igne
686 1959 953 2013 obruente
995 1958 1178 2013 omnia
1207 1973 1272 2012 ac
1303 1964 1664 2012 consumente
1688 1997 1704 2022 ,
1759 1972 1990 2026 corpora

418 2069 540 2123 quae
569 2054 622 2106 in
662 2053 918 2108 castitate
939 2062 993 2107 et
1015 2051 1231 2120 justitia
1259 2058 1478 2105 versata
1502 2057 1652 2114 sunt,
1687 2066 1786 2119 per
1809 2051 1990 2120 ignem

420 2145 677 2200 incedant
703 2144 847 2198 haud
880 2159 1040 2199 secus
1068 2157 1131 2197 ac
1169 2157 1266 2213 per
1299 2140 1558 2212 frigidam
1593 2153 1816 2210 aquam.

488 2387 580 2444 IX.
629 2387 783 2451 Vide,
819 2389 1015 2458 inquit,
1062 2396 1246 2443 utrum
1294 2405 1403 2444 non
1449 2387 1510 2446 B.
1557 2387 1834 2454 Joannes,
1866 2405 1992 2443 cum

419 2483 553 2538 dicit
572 2483 615 2514 ⁸⁵
652 2481 842 2536 :Dedil
877 2499 1020 2536 mare
1049 2497 1284 2536 mortuos
1311 2500 1458 2546 suos,
1493 2484 1584 2553 qui
1620 2485 1673 2537 in
1702 2501 1761 2538 eo
1789 2494 1941 2538 erant
1975 2499 1994 2538 :

417 2585 469 2629 et
491 2593 630 2629 mors
659 2585 708 2629 et
730 2576 966 2643 infernus
989 2574 1243 2629 dederunt
1266 2584 1499 2628 mortuos
1521 2591 1666 2642 suos,
1682 2578 1771 2647 qui
1793 2578 1848 2628 in
1866 2576 1994 2644 ipsis

417 2678 570 2722 erant
595 2684 614 2732 ;
645 2676 828 2738 partes
853 2669 921 2722 ab
951 2669 1237 2722 elementis
1261 2667 1503 2721 redditas
1543 2667 1611 2720 ad
1642 2669 1998 2738 uniuscujus-

421 2775 528 2828 que
558 2760 989 2828 reparationem,
1039 2759 1384 2813 ostenderit?
1439 2757 1508 2812 Ut
1565 2774 1717 2814 mare
1752 2760 1995 2829 quidem,

421 2849 758 2917 intelligatur
803 2846 1117 2902 substantia
1167 2847 1436 2900 humida:
1491 2845 1738 2902 infernus
1793 2854 1996 2911 autem,

424 2956 540 3004 aer,
591 2938 737 3009 quod
784 2938 1053 2993 obscurus
1083 2954 1188 2992 non
1216 2937 1485 3001 videatur,
1542 2937 1998 3008 quemadmodum

2092 1855 2171 1918 εἰς
2205 1853 2377 1924 φλόγα
2419 1850 2703 1923 ἀρθέντες,
2747 1846 3154 1920 ὲτεφρὼθησαν.
3192 1845 3258 1897 Τί
3300 1841 3392 1897 οὖν
3425 1843 3671 1914 βούλεται

2090 1943 2152 1996 τὸ
2192 1941 2519 2014 παράδοξον;
2563 1943 2770 2011 Δεῖγμα
2803 1939 2960 1993 τοῦτο
3002 1937 3104 2008 τῆς
3153 1935 3449 2008 μελλούσης
3476 1937 3504 1988 ὁ
3539 1934 3672 1998 Θεὸς

2093 2033 2301 2107 ἡμέρας
2336 2035 2430 2087 καὶ
2463 2032 2744 2105 προοίμιον
2781 2029 2962 2083 ἔθετο·
3003 2029 3090 2082 ἵνα
3131 2027 3488 2098 γινώσκωμεν
3511 2067 3528 2092 ,
3563 2027 3672 2088 ὅτι,

2093 2127 2310 2181 πάντων
2339 2125 2470 2196 πυρί
2499 2121 3017 2195 κατομϐρουμένων,
3039 2120 3107 2174 τά
3137 2123 3194 2174 ὲν
3222 2118 3413 2188 ἁγνείᾳ
3443 2116 3675 2188 σώματα

2092 2217 2447 2288 διατρίψαντα
2475 2217 2586 2289 (76)
2647 2217 2741 2270 καὶ
2795 2211 3146 2283 δικαιοσύνῃ,
3188 2211 3436 2280 καθάπερ
3480 2208 3674 2282 ψυχρῷ

2096 2306 2246 2362 ὕδατι
2280 2307 2652 2380 ὲπιϐήσονται.

2165 2400 2241 2453 Θ’.
2282 2401 2423 2465 Ὅτι,
2458 2399 2642 2471 φησὶν,
2675 2398 2968 2468 ἐπίστησον
2996 2395 3052 2448 δὲ
3080 2395 3288 2466 μήποτε
3312 2394 3405 2448 καὶ
3434 2394 3461 2445 ὁ
3495 2389 3678 2462 μακά-

2103 2503 2212 2558 ριος
2241 2486 2510 2554 Ἰωάννης,
2554 2488 2810 2540 Ἔδωκεν
2848 2489 2885 2554 ἡ
2919 2485 3199 2540 θάλασσα
3233 2485 3372 2549 τοὺς
3415 2483 3674 2550 νεκροὺς

2096 2577 2239 2644 τοὺς
2265 2578 2334 2630 ἐν
2373 2575 2547 2644 αὐτῇ,
2575 2577 2778 2644 λέγων·
2809 2576 2905 2629 καὶ
2954 2579 2986 2630 ό
3025 2575 3277 2640 θάνατος
3307 2576 3405 2628 καί
3452 2579 3484 2628 ό
3520 2576 3677 2643 ᾅδης

2099 2667 2328 2722 ἔδωκαν
2353 2667 2492 2733 τοὺς
2521 2667 2773 2735 νεκροὺς
2799 2667 2941 2733 τοὺς
2967 2667 3035 2720 ἐν
3057 2667 3260 2733 αὐτοῖς
3279 2682 3293 2698 ·
3320 2667 3390 2720 τὰ
3421 2667 3528 2721 ἀπὸ
3563 2667 3680 2719 τῶν

2103 2763 2377 2834 στοιχείων
2406 2763 2761 2832 άναδιδόμενα
2794 2760 2930 2833 πρὸς
2972 2761 3410 2814 ἀποκατάστασιν
3440 2760 3678 2814 ἑκάστου

2105 2853 2268 2924 μόρια
2311 2853 2579 2923 ἐδήλωσε;
2616 2853 2726 2922 Τὴν
2779 2852 2877 2922 μὲν
2925 2849 3032 2921 γὰρ
3081 2849 3351 2902 θάλασσαν
3399 2844 3537 2902 εἶναι
3578 2849 3683 2920 τὴν

2107 2943 2279 3015 ὑγρὰν
2305 2944 2508 2996 οὐσίαν·
2540 2941 2670 3013 ᾅδην
2699 2942 2755 2993 δὲ
2788 2941 2878 2994 τὸν
2909 2941 3066 3011 ἀέρα,
3097 2941 3246 3013 παρὰ
3274 2941 3333 2993 τὸ
3359 2941 3554 3004 ἁειδέςο
3592 2940 3687 2994 διὰ

424 3032 686 3102 Origenes
721 3033 836 3102 ipse
854 3029 1090 3099 explicat
1117 3049 1128 3084 :
1156 3045 1304 3084 mors
1335 3030 1573 3098 denique
1596 3040 1739 3085 terra
1762 3033 2001 3102 accipia-

2108 3037 2164 3088 τό
2208 3035 2281 3105 μὴ
2326 3035 2585 3106 ὁρᾶσθαι,
2622 3033 2869 3104 καθάπερ
2908 3032 3097 3103 ἐλέχθη
3143 3033 3234 3086 καὶ
3260 3032 3545 3103 Ὠριγένειο
3584 3035 3686 3087 καὶ

425 3129 537 3182 tulr,
591 3136 655 3176 eo
687 3130 834 3191 quod
882 3129 1134 3175 mortuus
1175 3120 1231 3174 in
1280 3135 1345 3173 ea
1372 3128 1670 3191 reponatur
1704 3141 1717 3176 :
1772 3122 1917 3177 unde
1949 3133 2001 3178 et

2108 3128 2332 3181 θάνατον
2359 3127 2454 3197 τὴν
2482 3131 2604 3196 γῆν,
2636 3125 2786 3196 παρά
2811 3125 2870 3178 τὸ
2891 3126 2948 3177 ὲν
2977 3125 3111 3196 αὐτῇ
3139 3124 3408 3177 κλίνεσθαι
3436 3125 3524 3176 τὸν
3557 3124 3690 3196 θνήο

427 3211 600 3281 pulvis
629 3212 816 3264 mortis
849 3211 1156 3281 appellatur
1198 3209 1252 3263 in
1284 3207 1519 3265 Psalmis
1549 3211 1616 3279 ⁸⁸,
1650 3210 1873 3268 Christo
1919 3214 2004 3268 (li--

429 3313 606 3367 ccntc,
634 3321 686 3358 se
712 3303 765 3356 in
796 3304 1060 3371 pulverem
1085 3303 1270 3356 mortis
1302 3301 1587 3356 deductum
1621 3321 1754 3358 esse.

500 3396 568 3454 Χ.
607 3397 881 3466 Qui-.lquid
917 3396 1082 3457 enim,
1121 3394 1314 3463 inquit,
1357 3409 1424 3448 ex
1459 3410 1596 3464 puro
1633 3409 1756 3449 acre
1784 3402 1838 3447 et
1864 3409 2005 3464 puro

429 3491 555 3560 igne
588 3489 955 3559 componitur,
985 3485 1230 3556 ejusdem
1258 3501 1381 3538 cum
1411 3486 1671 3554 angelicis
1696 3486 2008 3540 concretio.-

430 3584 594 3638 nibus
626 3581 739 3654 (74)
787 3592 840 3636 et
873 3581 1196 3652 corporibus
1237 3581 1558 3636 substantiae
1593 3589 1697 3645 est,
1730 3579 2010 3651 haudqua-

431 3689 598 3743 quam
639 3685 796 3728 terraa
835 3689 898 3727 ac
927 3690 1082 3744 aquae
1110 3674 1373 3744 qualitate
1401 3672 1687 3742 praeditum
1730 3683 1846 3741 est;
1877 3674 2005 3743 quia

430 3765 746 3820 necessario
788 3764 968 3834 ipsum
1011 3773 1153 3821 esset
1210 3773 1491 3820 terrestre.
1550 3765 1681 3821 Tale
1710 3773 1762 3821 et
1807 3767 2007 3821 talibus

432 3864 712 3919 constans,
768 3866 1206 3911 resurrecturum
1252 3872 1455 3926 corpus
1502 3857 1660 3911 ﬁnxit
1719 3858 2003 3928 Origenes,

432 3949 578 4020 quod
613 3951 775 4002 etiam
808 3949 1089 4017 spirituale
1123 3951 1433 4019 appellavit.

505 4037 596 4092 XI.
637 4039 824 4108 Atqui,
854 4040 1050 4110 inquit,
1096 4057 1214 4110 quae
1255 4043 1467 4111 species
1497 4042 1602 4097 erit
1649 4043 2006 4114 resurgentis,

435 4133 484 4188 si
516 4131 690 4187 forma
722 4132 834 4186 haec
866 4135 1122 4201 humana,
1155 4137 1300 4189 velut
1334 4136 1605 4190 sententia
1642 4136 1813 4206 ipsius
1846 4136 2011 4189 inuti-

435 4224 527 4285 lis,
565 4223 830 4278 abolenda
858 4224 966 4292 sit;
1000 4225 1158 4296 longe
1196 4227 1286 4279 illa
1317 4242 1382 4280 ex
1413 4227 1667 4282 omnibus
1698 4229 2006 4292 amabilior,

435 4329 558 4386 quae
582 4314 636 4368 in
671 4315 928 4370 animalia
956 4325 1320 4373 concrescunt
1343 4338 1354 4372 :
1376 4335 1481 4388 qua
1511 4327 1564 4373 et
1596 4317 1807 4374 Numen
1830 4320 2007 4390 ipsum

436 4413 498 4461 ut
541 4406 779 4476 imagine
812 4409 982 4462 utitur
1014 4409 1150 4480 (75),
1204 4411 1663 4480 quemadmodum
1707 4411 1871 4466 etiam
1912 4428 2009 4469 ex-

511 4561 559 4596 ⁵⁸
586 4565 747 4634 Apoc.
782 4583 874 4633 xx,
906 4567 959 4621 5.
1037 4568 1083 4600 ⁸⁵
1113 4565 1265 4621 Psal.
1302 4583 1415 4632 ut,
1447 4566 1535 4622 16.

2110 3237 2306 3273 σκοντα
2327 3236 2339 3248 ·
2367 3219 2487 3270 ὅθεν
2526 3218 2618 3269 καὶ
2644 3216 2791 3284 χοῦς
2815 3216 3015 3287 ἐκλήθη
3045 3215 3300 3270 θανάτου
3327 3217 3383 3270 ἐν
3419 3215 3686 3286 ψαλμοῐςο

2107 3312 2193 3377 εἰς
2225 3311 2378 3380 χοῦν
2403 3309 2658 3365 θανάτου
2687 3307 2995 3376 κατῆχθαι,
3028 3308 3305 3379 εἰρηκότος
3332 3307 3591 3380 Χριστοῦ.

2174 3408 2231 3460 Ι’.
2274 3408 2416 3470 Ὅτι,
2454 3407 2605 3477 φησί,
2649 3407 2756 3458 πᾶν
2789 3403 2898 3476 γὰρ
2926 3403 2986 3456 τὸ
3016 3403 3080 3456 ἐκ
3121 3399 3362 3472 καθαροῦ
3391 3397 3552 3468 ἀέρος
3584 3396 3694 3450 καὶ

2104 3498 2344 3572 καθαροῦ
2401 3499 2571 3569 πυρὸς
2627 3498 3012 3567 συνιστάμενον
3075 3494 3372 3565 σύγκριμα,
3420 3490 3513 3543 καὶ
3571 3491 3698 3552 τοῖς

2105 3588 2411 3658 ἀγγελικοῖς
2438 3587 2720 3658 ὁμοούσιον
2750 3587 3014 3657 ὑπάρχον,
3035 3585 3096 3638 οὐ
3133 3584 3354 3637 δύναται
3391 3581 3494 3652 γῆς
3538 3579 3703 3650 ἔχειν

2109 3680 2364 3750 ποιότητα
2420 3680 2513 3732 καὶ
2558 3678 2765 3741 ὓδατος·
2817 3677 3004 3748 ἐπειδὴ
3062 3677 3398 3746 συμϐήσεται
3464 3671 3704 3724 ἔσεσθαι

2107 3772 2239 3825 αὐτὸ
2279 3771 2499 3840 γεῶδες.
2532 3770 2784 3824 Τοιοῦτον
2817 3769 2911 3823 καί
2938 3769 3002 3821 ὲκ
3039 3769 3243 3820 τούτων
3285 3765 3344 3818 τὸ
3388 3763 3706 3834 ἀναστῆναι

2111 3863 2299 3934 μέλλον
2329 3863 2488 3933 σῶμα
2519 3861 2806 3934 ἀνθρώπου
2851 3859 3128 3932 Ὠριγένης
3155 3855 3501 3927 ὲφαντάζετο·
3527 3854 3558 3907 ὃ
3596 3855 3706 3909 καὶ

2110 3955 2476 4026 πνευματικὸν
2508 3954 2610 4026 ἔφη
2639 3955 2771 4026 (77).

2182 4049 2278 4102 ΙΑ’.
2318 4049 2460 4113 Ὅτι,
2498 4048 2649 4117 φησὶ,
2675 4047 2915 4101 ποταπὸν
2939 4047 3048 4116 ἄρα
3070 4044 3220 4096 ἔσται
3242 4039 3352 4112 (78)
3376 4039 3469 4092 καὶ
3498 4036 3711 4107 σχῆμα

2108 4141 2169 4194 τὸ
2202 4141 2575 4210 ἀνιστάμενον,
2611 4142 2660 4193 εἰ
2705 4141 2840 4203 ὅλως
2867 4139 2928 4192 τὸ
2962 4134 3354 4209 ἀνθρωποειδὲς
3396 4129 3580 4193 τοῦτο,
3621 4128 3711 4192 ὡς

2109 4233 2380 4304 ἄχρηστον
2404 4233 2462 4286 ὃν
2491 4234 2610 4286 κατ’
2633 4233 2815 4294 αὑτὸν,
2845 4229 3245 4301 ὲξαφανίζεταιο
3269 4225 3298 4278 ὃ
3329 4224 3549 4278 πάντων
3575 4221 3716 4276 ἐστὶ

2109 4325 2217 4378 τῶν
2251 4327 2330 4388 εἰς
2364 4324 2476 4389 ζῶα
2523 4322 2968 4396 συγκεκριμένων
3019 4320 3311 4393 σχημάτων
3345 4311 3720 4388 ἐρασμιώτασ-

2109 4433 2200 4469 τον
2225 4433 2240 4446 ·
2340 4417 2434 4471 καὶ
2460 4417 2521 4469 τὸ
2542 4417 2694 4469 Θεῖον
2724 4416 2922 4487 χρῆται
2951 4414 3118 4467 εἰκόνι
3142 4411 3281 4483 (79),
3312 4408 3570 4478 καθάπερ
3606 4407 3722 4461 καὶ

511 4720 622 4792 (74)
662 4720 795 4776 Cum
838 4723 1086 4793 angelicis
1136 4723 1554 4779 concretionibus
1590 4731 1639 4776 et
1689 4721 1992 4790 corporibus

2121 4719 2317 4793 Omisit
2342 4721 2610 4789 interpres
2640 4719 2730 4793 vel
2760 4691 3017 4772 librarius
3055 4716 3153 4793 ει,
3183 4716 3346 4793 είκᾷνι
3377 4716 3458 4770 vel
3483 4717 3726 4788 εἰκόνα,

439 4789 629 4866 Refert
658 4795 801 4866 enim
831 4794 892 4866 τὸ
911 4789 1199 4866 ’σύγκριμα
1230 4811 1295 4848 ex
1327 4810 1452 4850 aere
1480 4800 1534 4849 et
1567 4793 1726 4866 igne,
1765 4789 1915 4862 puris
1953 4794 2018 4866 il-

445 4863 533 4922 lis.
565 4864 632 4934 ab
658 4864 1016 4931 impuriorum
1040 4863 1199 4920 terrae
1240 4871 1294 4917 rt
1323 4880 1477 4934 aquae
1534 4865 1790 4920 mistione
1817 4883 1829 4917 :
1859 4865 2018 4933 quale

445 4932 662 5001 plurimi
691 4942 900 4988 veteres
959 4936 1262 5006 angelicum
1300 4932 1578 5006 σύὴκριμα
1602 4941 1656 4990 et
1691 4932 2019 5006 ωτι)μᾴρο-

448 5011 707 5070 suerunt;
740 5019 880 5076 quos
900 5004 1063 5076 etiam
1091 5005 1386 5074 Cajetanus
1408 5003 1472 5058 ad
1497 5003 1618 5076 cap.
1641 5021 1692 5059 vl
1719 5003 1801 5076 ad
1817 5003 2015 5076 Ephes.

448 5083 812 5146 secutusest,
869 5073 924 5128 in
973 5074 1075 5129 hoc
1119 5073 1234 5146 ipse
1291 5077 1515 5130 minime
1551 5073 1882 5145 sequendus.
1923 5073 2022 5146 Hic

449 5143 564 5209 ipse
597 5141 850 5218 Origenis
891 5159 1066 5218 error,
1102 5141 1190 5201 ille
1222 5146 1468 5218 Eutychii
1516 5141 1839 5215 patriarchae
1867 5142 2020 5198 vide-

446 5221 555 5292 tur,
580 5215 830 5284 negantis
861 5214 990 5268 olim
1051 5214 1384 5292 tractabilem
1417 5214 1708 5292 corporum
1766 5231 2014 5270 resurre-

446 5284 716 5361 ctionem,
747 5299 857 5354 quo
883 5299 1007 5361 eum
1036 5299 1245 5361 errore,
1284 5284 1580 5361 Gregorius
1609 5295 1816 5361 noster,
1860 5294 1924 5361 ιιι
1946 5301 2011 5340 eo

446 5351 584 5405 nihil
608 5355 656 5406 ei
676 5351 982 5426 decesserit
1024 5356 1352 5422 sanctitatis,
1379 5351 1631 5412 absolvit.
1662 5357 1752 5409 Sic
1781 5356 2006 5426 passim,

448 5423 798 5496 successione
823 5432 1150 5494 temporum,
1187 5427 1580 5482 recrudescunt
1627 5423 1810 5496 potius
1868 5433 2016 5479 vete-

446 5507 536 5544 res
559 5495 820 5565 haereses,
885 5509 1047 5563 quam
1103 5510 1255 5550 n0va:
1293 5496 1536 5551 oriantur
1571 5515 1585 5551 :
1618 5495 1764 5565 Quod
1807 5497 2010 5549 utinam

445 5563 607 5684 paulo
635 5565 908 5635 superius,
934 5572 1288 5634 nostrumque
1316 5568 1491 5636 ipsum
1535 5563 1730 5632 aevum,
1765 5566 1821 5620 in
1863 5573 2011 5620 tanta

486 5646 723 5684 mreseon
754 5635 985 5684 colluvie
1014 5649 1124 5684 non
1150 5644 1292 5684 esset
1326 5645 1632 5684 exnertnm-

486 5646 723 5708 arescet:
754 5635 985 5708 colluvie
1014 5649 1125 5688 non
1150 5644 1292 5708 esset
1326 5635 1632 5708 expertum.

522 5701 634 5775 (75)
669 5705 789 5774 Qua
846 5713 897 5759 et
930 5705 1141 5762 Numen
1198 5706 1368 5774 ipsum
1396 5701 1483 5763 ἰιι
1531 5707 1758 5778 imagine
1819 5707 2004 5762 utitur.

2121 4791 2266 4861 quod
2294 4779 2587 4860 utrumque
2615 4791 2901 4861 probatum
2932 4795 3033 4861 est.
3055 4779 3256 4850 Utitur,
3277 4788 3536 4861 inquam;
3593 4779 3727 4846 noui

2123 4858 2278 4932 quasi
2305 4862 2481 4930 ipsum
2499 4858 2580 4915 _sit
2608 4858 2910 4932 ﬁgurabile,
2930 4859 3315 4932 sedtanquam
3355 4858 3491 4910 velit
3510 4862 3731 4932 per-fe-

2123 4927 2368 4987 ctissime
2396 4927 2774 5001 repraesentari
2795 4929 2850 4982 in
2882 4928 3121 5001 quolibet
3148 4928 3231 4982 vel
3281 4943 3412 4981 sexu
3458 4927 3554 5001 _vel
3619 4947 3734 5001 ge.

2125 5018 2254 5058 nere
2286 5021 2299 5056 :
2327 5015 2433 5072 qua
2454 4995 2643 5054 eadem
2679 4995 2914 5060 ratione,
2937 4999 3290 5072 incorporeus
3316 4995 3556 5072 angelos
3595 4995 3733 5072 ᾖο-

2124 5073 2318 5143 bisque
2345 5067 2568 5143 'natu_ra
2617 5076 2958 5143 praestantes,
2993 5084 3102 5143 non
3136 5069 3242 5123 nisi
3295 5067 3437 5143 virili
3465 5067 3735 5143 eihilm-

2123 5134 2245 5198 mus
2277 5143 2467 5211 ﬁgura.
2495 5140 2569 5195 De
2589 5134 2787 5209 quibus
2810 5147 2990 5211 tamen
3012 5139 3158 5211 velut
3186 5137 3464 5211 corporeis
3487 5134 3736 5197 Methon-

2117 5211 2242 5267 dius
2273 5208 2476 5277 noster,
2509 5208 2699 5264 nostro
2731 5209 2913 5263 statim
2943 5208 3140 5275 modo;
3164 5209 3446 5274 attributa,
3475 5211 3734 5270 ratione

2112 5283 2277 5337 etiam
2306 5282 2575 5351 corporis,
2605 5279 3326 5351 imagipe,philosophatur.

2179 5353 2294 5477 (767)
2323 5347 2741 5420 Διάτρίψανταξ
2772 5347 2908 5405 Cod:
2939 5347 3149 5420 Rupif.,
3179 5347 3571 5475 διατὲἓψαντα.

2191 5425 2245 5477 ιἸ
2289 5427 2304 5477 l
2343 5423 2406 5477 Ὃ
2464 5423 2562 5476 καὶ
2625 5420 3033 5477 πνευματικὸν
3094 5419 3232 5477 ἔφη.
3376 5425 3475 5477 ttt;
3516 5418 3559 5474 ὃ

2191 5418 2304 5496 (77)
2343 5423 2406 5477 Ὃ
2454 5418 2562 5476 καὶ
2625 5418 3066 5492 πνευματικὸν,
3094 5419 3232 5490 ἔφη.
3292 5418 3475 5484 Editi;
3516 5418 3559 5474 ὃ
3617 5437 3736 5483 κν.

2119 5495 2308 5564 ἔφησε.

2217 5561 2300 5634 78)
2329 5561 2704 5634 Ἔσταιηᾼιη
2727 5562 2756 5616 ὃ
2781 5561 2921 5634 ἐστι.

2213 5631 2302 5707 79)
2319 5635 2543 5690 Εικόνι.
2570 5632 2736 5692 Sim.
2772 5631 2974 5686 εἰκόνα.

2559 5813 2680 5825 ...ρ-ι.
2737 5795 2785 5828 ι..
