3864 6162
227 299 336 355 ΞΠ

1319 294 1412 352 EX
1447 293 1653 352 LlBRO
1688 291 1783 349 DE
1811 289 2410 357 RESUBRECTIONE.

3360 295 3465 352 ’518

225 422 257 471 e
306 416 614 486 σοφώτατος
658 415 869 481 Παῦλος
915 415 1096 489 δηλοῖ·
1152 416 1325 487 Ἀνὴρ
1361 418 1478 490 μὲν
1519 417 1630 490 γὰρ
1691 421 1803 473 οὐκ

1914 420 2088 489 planat
2136 424 2575 493 sapientissimus
2622 421 2826 478 Paulus
2848 420 2937 478 πε
2974 421 3070 474 Vir
3113 416 3319 491 quidem
3363 435 3469 473 non

226 510 453 579 ὀφείλει
504 511 1066 566 κατακαλύπτεσθαι
1113 509 1230 579 τὴν
1276 510 1573 581 κεφαλὴν,
1623 509 1803 564 εἰκὼν

226 604 325 656 καὶ
365 601 514 668 δόξα
564 602 713 657 Θεοῦ
743 601 1058 671 ὑπάρχωνο
1094 604 1174 667 εἰς
1209 602 1239 657 δ
1275 602 1464 657 καὶτὰ
1495 603 1656 675 νοερὰ
1691 602 1800 657 τῶν

224 694 476 763 ἀγγέλων
505 692 734 764 σώματα
771 693 1243 766 διεκοσμήθησαν;
1270 690 1419 765 Ἀρα
1453 696 1799 768 κυκλοτερὲς,

225 784 262 857 ἢ
292 783 644 855 πολυγώνιον,
689 785 724 856 ἢ
763 784 1059 857 κυδικὺν,ἢ
1101 787 1499 858 πυραμοειδές;
1546 786 1802 841 Πλεῖσται

226 878 337 949 γὰρ
363 877 471 931 τῶν
496 878 791 948 σχημάτων
818 879 872 931 αἱ
900 877 1249 951 παραλλαγαί
1265 897 1280 910 ·
1316 878 1449 933 ἀλλὰ
1473 879 1633 933 τοῦτο
1658 881 1803 952 ἁμή-

226 986 411 1040 χανον.
447 967 655 1021 οὐκοῦν
684 969 768 1032 τίς
791 971 824 1040 ἡ
852 969 1252 1042 ἀποκλήρωσις,
1279 970 1340 1024 τδ
1375 972 1472 1043 μὲν
1500 970 1802 1024 θεοείκελον

230 1060 420 1132 σχῆμα
452 1059 471 1132 (
481 1060 733 1132 ὁμολογεῖ
768 1060 875 1133 γὰρ
920 1061 1016 1115 καὶ
1054 1062 1216 1127 αὐτὸς
1260 1063 1479 1135 ὁμοειδῆ
1527 1059 1663 1117 εἶναι
1704 1061 1802 1134 τὴν

226 1153 409 1223 ψυχὴν
436 1151 514 1223 τῷ
548 1151 816 1223 σώματιο)
850 1152 1287 1225 ἀπαγορεύεσθαι
1316 1153 1392 1219 ὡς
1422 1154 1799 1226 ἀκλεέστερον,

227 1244 402 1299 ἄπουν
427 1244 484 1296 δὲ
510 1244 604 1298 καὶ
630 1243 847 1316 ἄχειρον
869 1245 1215 1311 ἀνίστασθαι;

300 1429 401 1483 IB'.
439 1428 580 1493 Ὅτι,
607 1430 790 1502 φησιν,
818 1431 847 1484 ό
873 1430 1447 1504 μετασχηματισμδςῆ
1476 1433 1559 1498 είς
1581 1433 1643 1487 τὸ
1669 1435 1805 1489 ἀπα-

228 1519 322 1584 θὲς
348 1521 441 1574 καὶ
467 1520 674 1585 ἔνδοξόν
706 1523 852 1575 ἐστιν
901 1522 1360 1587 ἀποκατάστασις.
1390 1520 1505 1577 Νῦν
1544 1525 1647 1593 μέν
1694 1525 1804 1598 γὰρ

226 1613 296 1666 τό
323 1612 495 1683 σῶμα
524 1614 816 1686 ἐπιθυμίας
848 1615 964 1669 ἐστὶ
995 1615 1089 1669 καὶ
1119 1614 1548 1684 ταπεινώσεως
1582 1617 1663 1671 διὸ
1706 1621 1804 1675 καὶ

226 1704 428 1776 Δανιὴλ
454 1705 611 1774 ἀνὴρ
637 1706 953 1776 ἐπιθυμίας
999 1707 1163 1778 ἤκουε
1191 1706 1329 1779 (80).
1364 1707 1497 1761 Τότε
1528 1707 1587 1761 δέ
1635 1726 1801 1780 μετα-

230 1796 629 1866 σεέηματίσεται
661 1798 743 1861 εἰς
776 1797 933 1869 σῶμα
958 1797 1164 1863 ἀπαθές
1182 1816 1195 1829 ⁸
1226 1799 1286 1852 οὐ
1317 1801 1383 1871 τῇ
1409 1799 1675 1873 ἐξαλλαγῇ
1703 1803 1802 1874 τῆς

223 1882 641 1956 διακοσμήσεως
685 1885 794 1940 τῶν
842 1886 1039 1959 μελῶν,
1089 1886 1226 1941 ἀλλά
1269 1886 1349 1960 τῷ
1389 1888 1464 1961 μὴ
1521 1890 1804 1963 ἐπιθυμεῖν

220 1970 335 2026 τῶν
368 1973 569 2027 ὑλικῶν
591 1974 815 2046 ἡδονῶν.

298 2065 423 2119 Ὅτι
491 2066 675 2137 φησιν,
727 2065 1024 2139 ἐξελέγχων
1087 2067 1179 2122 τὸν
1241 2068 1543 2143 Ὠριγὲνην·
1606 2070 1803 2125 Βούλε-

218 2173 316 2210 ται
361 2156 539 2210 τοίνυν
578 2159 607 2210 ό
658 2159 937 2230 Ὠριγένης
979 2158 1075 2231 τὴν
1123 2161 1221 2232 μὲν
1268 2160 1437 2234 αὐτὴν
1477 2162 1657 2235 σάρκα
1704 2164 1804 2218 οὐκ

218 2249 696 2305 ἀποκαθίστασθαι
722 2254 789 2324 τῇ
820 2252 988 2325 ψυχῇ,
1012 2253 1111 2326 τὴν
1141 2254 1198 2308 δὲ
1226 2255 1385 2309 ποίαν
1411 2256 1642 2311 ἑκάστου
1676 2274 1807 2330 μορ-

222 2340 361 2413 φὴν,
382 2342 525 2396 κατά
542 2343 603 2396 τὸ
629 2340 790 2410 εἶδος,
815 2344 876 2397 τὸ
902 2344 1000 2417 τὴν
1026 2345 1204 2418 σάρκα
1225 2347 1319 2402 καὶ
1347 2347 1443 2402 νῦν
1471 2350 1807 2423 χαρακτηρί-

219 2433 340 2499 ζον,
380 2435 441 2487 ἐν
486 2434 657 2507 ἐτέρῳ
696 2435 1048 2507 πνευματικῷ
1091 2439 1540 2514 ἐντετυπωμένην
1571 2443 1807 2516 ἀναστή-

220 2524 416 2579 σεσθαι
440 2525 673 2596 σώματι·
696 2528 785 2581 ἴνα
811 2527 1041 2594 ἕκαστος
1061 2530 1223 2585 πάλιν
1245 2532 1273 2585 ό
1302 2533 1465 2598 αὐτὸς
1494 2537 1634 2606 φανῇ
1666 2536 1805 2592 κατά

217 2617 323 2689 τὴν
373 2621 612 2691 μορφήν·
665 2619 761 2673 καὶ⁸
802 2620 961 2675 τοῦτο
1006 2618 1143 2677 εἶναι
1189 2623 1289 2695 τὴν
1331 2625 1806 2701 ἐπαγγελλομένην

221 2709 544 2779 ἀνάστασιν,
602 2710 852 2766 Ῥευστοῦ
896 2712 1026 2786 γὰρ,
1078 2717 1264 2785 φησὶν,
1325 2718 1665 2792 ὑπάρχοντος
1711 2721 1806 2776 τοῦ

220 2801 414 2857 ὓλικοῦ
449 2803 729 2875 σώματος,
766 2804 862 2859 καὶ
902 2807 1172 2878 μηδέποτε
1208 2809 1458 2881 μένοντος
1487 2813 1572 2882 ἐφ’
1606 2813 1805 2885 ἐαυτῷ,

220 2895 362 2948 ἀλλὰ
391 2897 787 2968 ἀπογινομὲνΟυ
813 2899 908 2951 καὶ
937 2901 1315 2972 ἐπιγινομένου
1338 2904 1467 2975 περὶ
1490 2904 1550 2958 τὸ
1580 2900 1718 2971 εἶδος
1745 2907 1806 2960 τὺ

221 2988 636 3060 χαρακτηρίζω
661 2990 760 3060 τὴν
801 2990 1036 3063 μορφὴν,
1070 2993 1161 3063 ὑφ’
1194 2986 1255 3047 οὗ
1291 2997 1386 3048 καὶ
1416 3001 1804 3069 συγκρατεῖται

1903 513 2051 569 debet
2102 516 2276 571 velare
2310 526 2467 586 caput
2514 533 2687 583 suum,
2718 515 2966 588 quoniam
3007 515 3182 585 imago
3212 523 3262 568 et
3298 513 3473 584 gloria

1902 605 2003 661 Dei
2029 617 2106 662 est
2124 624 2143 672 ;
2177 607 2246 662 ad
2277 609 2421 680 quod
2451 609 2639 673 etiam,
2672 606 3006 679 intelligendi
3041 605 3299 661 facultate
3327 620 3470 672 prae-

1901 696 2014 751 dita
2046 698 2362 769 angelorum
2394 714 2646 769 corpora,
2684 708 2944 754 exornata
2974 706 3103 753 sunt
3133 704 3189 753 et
3224 694 3473 767 digesta?

1900 786 2041 843 Num
2074 805 2203 860 ergo
2234 789 2406 860 ﬁgura
2448 790 2720 861 ejusmodi
2756 789 3047 845 rotundior
3074 788 3178 845 erit
3208 795 3302 841 aut
3331 786 3473 841 mul-

1901 879 2147 950 tangula,
2181 886 2275 933 aut
2330 879 2544 946 cubica,
2575 887 2668 934 aut
2699 878 3089 951 pyramidalis?
3120 876 3298 933 Variae.
3323 876 3472 932 enim

1903 979 2031 1027 sunt
2069 971 2369 1043 ﬁgurarum
2409 973 2620 1042 species
2648 989 2662 1027 :
2689 971 2784 1028 sed
2834 983 2919 1027 est
2967 972 3070 1026 hoc
3114 969 3472 1041 impossibile.

1901 1063 2087 1135 Ecqua
2117 1080 2246 1119 vero
2273 1063 2607 1131 distributio,
2639 1072 2697 1118 ut
2726 1063 2901 1119 forma
2933 1064 3152 1134 quidem
3195 1061 3289 1117 Dei
3318 1060 3476 1117 simi-

1904 1154 1972 1210 lis
2003 1154 2258 1223 (similem
2292 1154 2437 1209 enim
2484 1154 2721 1207 animam
2765 1167 2888 1208 esse
2918 1152 3130 1223 corpori
3178 1152 3293 1221 ipse
3335 1165 3473 1221 quo-

1905 1263 2012 1317 que
2053 1247 2274 1319 fatetur)
2323 1263 2422 1303 ceu
2492 1246 2780 1317 ignobilior
2811 1246 3136 1317 abjiciatur;
3185 1248 3307 1302 sine
3341 1261 3473 1302 vero

1906 1338 2141 1409 pedibus
2170 1338 2535 1410 manibusque
2563 1337 2727 1391 homo
2753 1337 3040 1407 resurgat?

1978 1426 2094 1482 XII.
2137 1427 2592 1491 Trausformatio,
2624 1428 2825 1498 inquit,
2859 1435 2944 1483 est
2967 1428 3021 1482 in
3046 1436 3248 1484 statum
3285 1427 3476 1481 immu-

1906 1535 2029 1575 nem
2058 1535 2087 1574 a
2124 1521 2399 1591 passione,
2421 1534 2484 1574 ac
2514 1519 2701 1591 gloriae
2770 1520 2827 1574 in
2858 1519 3128 1590 integrum
3171 1520 3475 1580 restitutio.

1907 1612 2063 1667 Nunc
2085 1613 2285 1683 quippe
2309 1628 2497 1682 corpus
2518 1613 2773 1669 desiderii
2809 1620 2891 1669 est
2914 1621 2968 1668 et
2995 1612 3307 1668 humilitatis
3323 1614 3477 1686 (82);

1906 1701 2052 1756 unde
2098 1709 2153 1757 et
2187 1701 2375 1757 Daniel
2405 1701 2484 1755 vir
2526 1700 2907 1757 desideriorum
2946 1703 3243 1773 appellatus
3280 1711 3366 1759 est
3383 1705 3472 1760 ἐς

1911 1801 2040 1849 tunc
2073 1800 2251 1849 autem
2281 1793 2759 1864 transﬁgurabitur
2788 1794 2844 1849 in
2875 1808 3076 1865 corpus
3105 1794 3477 1865 impassibile;

1906 1901 2016 1940 non
2062 1886 2431 1941 membrorum
2471 1893 2669 1941 ornatu
2713 1894 2942 1953 mutato,
2975 1886 3069 1942 sed
3109 1887 3477 1959 corporalium

1904 1977 2248 2048 voluptatum
2273 1978 2545 2033 exstincto
2565 1977 2862 2033 desiderio.

1976 2068 2123 2124 Tum
2155 2071 2253 2137 ait,
2285 2086 2593 2142 coarguens
2616 2070 2904 2143 Origenem
2932 2091 2946 2126 :
2974 2070 3265 2128 Existimat
3294 2071 3481 2143 itaque

1906 2159 2169 2233 Origenes
2209 2177 2319 2217 non
2351 2163 2599 2219 eamdem
2634 2164 2827 2219 animae
2856 2179 3076 2220 carnem
3113 2164 3477 2219 instauratum

1906 2255 2009 2322 iri;
2055 2254 2149 2310 sed
2182 2254 2317 2321 fore,
2362 2260 2421 2310 ut
2460 2256 2638 2325 qualis
2692 2264 2776 2312 est
2827 2255 3166 2326 singulorum
3209 2253 3382 2308 forma
3422 2252 3480 2307 in

1907 2349 2107 2419 specie,
2150 2363 2272 2420 quae
2302 2356 2357 2403 et
2389 2349 2551 2402 modo
2576 2361 2797 2403 carnem
2844 2362 2943 2402 ceu
2988 2346 3242 2417 obsignat
3276 2345 3478 2400 distin-

1907 2443 2149 2515 guitque,
2178 2441 2409 2513 spiritali
2431 2440 2523 2496 alii
2546 2440 2762 2511 corpori
2794 2440 3084 2510 impressa,
3109 2447 3388 2511 resurgat;
3419 2445 3480 2494 ut

1906 2536 2104 2592 iterum
2141 2532 2283 2589 idem
2312 2533 2566 2604 quisque,
2607 2531 2908 2588 secundum
2946 2531 3180 2601 speciem
3213 2529 3478 2585 formam-

1907 2643 2015 2699 que
2062 2632 2357 2698 appareat:
2388 2633 2552 2696 atque
2595 2625 2737 2680 hanc
2782 2638 2904 2679 esse
2950 2623 3281 2693 promissam
3318 2623 3479 2679 nobis

1907 2718 2386 2777 resurrectionem.
2430 2716 2568 2773 Cum
2617 2717 2785 2784 enim,
2819 2715 3016 2785 inquit,
3057 2729 3259 2784 corpus
3305 2722 3480 2770 mate-

1907 2812 2043 2867 riale
2076 2811 2282 2867 ﬂuxum
2318 2811 2413 2877 sit,
2457 2824 2635 2880 neque
2666 2810 2722 2863 in
2766 2823 2825 2864 se
2868 2808 2987 2879 ipso
3021 2820 3259 2877 unquam
3305 2806 3481 2860 consi~

1909 2912 2037 2973 stat,
2079 2903 2175 2960 sed
2203 2903 2431 2959 decedat
2459 2902 2792 2971 accedatque
2828 2901 2977 2955 circa
3022 2898 3258 2970 speciem
3285 2896 3481 2953 distim

1908 3002 2161 3068 guentem
2213 2992 2468 3059 formam,
2524 3005 2635 3064 qua
2689 2992 2853 3047 etiam
2901 2990 3071 3062 ﬁgura
3122 2989 3479 3056 continetur;

219 3080 286 3132 τὸ
318 3081 525 3150 σχῆμαο
563 3080 780 3154 ἀνάγκη
822 3081 889 3153 δὴ
927 3084 1025 3155 τὴν
1064 3085 1359 3141 ἀνάστασιν
1391 3088 1484 3141 ἐπὶ
1531 3088 1691 3160 μόνου
1725 3088 1803 3142 sl—

1914 3088 2072 3158 plane
2095 3085 2470 3141 necessarium
2491 3083 2802 3146 coniicitur,
2834 3090 2896 3138 ut
2924 3081 3257 3139 resurrectio
3283 3081 3341 3136 in
3363 3081 3482 3138 sola

219 3172 347 3235 δους
380 3172 624 3226 ἔσεσθαι.

298 3265 398 3320 lI".
432 3261 569 3318 Εἶτα
600 3267 717 3336 μετ’
746 3266 924 3337 ὀλίγον
950 3266 1132 3338 φησίν·
1168 3266 1399 3334 Οὐκοῦν,
1428 3261 1474 3322 ὧ
1515 3269 1804 3342 Ὤρίγενες,

220 3357 273 3410 εξ
306 3356 403 3409 ἐπὶ
428 3354 525 3409 τοῦ
552 3356 727 3421 εἴδους
753 3358 912 3429 μόνον
943 3357 1340 3428 προσδοκᾶσθαι
1375 3358 1681 3432 διισχυρίζῃ
1709 3361 1809 3432 τὴν

220 3447 528 3503 ἀνάστασιν
576 3449 634 3501 ἐν
681 3448 1035 3520 πνευματικῷ
1085 3450 1522 3522 μεταθησομένου
1574 3450 1807 3524 σώματι,

222 3539 506 3605 ἀπόδειξίν
538 3541 1002 3613 τειδοκιμωτάτην
1032 3543 1129 3614 τὴν
1160 3544 1303 3599 κατά
1326 3545 1417 3598 τὸν
1461 3544 1647 3599 Ἠλίαν
1678 3535 1810 3617 ἡμῖν

221 3631 496 3685 ὀπτασίαν
525 3632 622 3685 καὶ
664 3634 869 3693 Μωσέα
918 3635 1198 3709 παρέχεις·
1229 3635 1417 3707 ὥσπερ
1450 3638 1667 3702 ἐκεῖνοι,
1705 3637 1810 3705 φά-

227 3739 413 3794 μενος,
465 3723 606 3795 μετά
637 3725 735 3795 τὴν
764 3727 871 3779 ἀπὸ
896 3726 991 3781 τοῦ
1029 3728 1143 3797 βίου
1176 3727 1351 3793 ἔξοδον
1400 3726 1679 3798 ὤφθησαν,
1713 3729 1813 3799 οὐχ

220 3815 415 3888 ἓτερον
462 3818 593 3888 παρ’
639 3817 668 3870 ὃ
715 3813 860 3890 εἶχον
906 3815 1047 3883 εἶδος
1080 3819 1143 3887 ἐξ
1199 3821 1372 3892 ἀρχῆς
1419 3820 1771 3887 διασώζοντες
1796 3837 1810 3854 ⁸

220 3909 367 3962 κατὰ
396 3909 470 3963 τά
501 3909 643 3964 αὐτὰ
685 3913 780 3965 καὶ
817 3913 850 3983 ή
888 3912 1104 3967 πάντων
1146 3912 1296 3966 ἔσται
1336 3914 1634 3977 ἀνάστασις
1670 3912 1808 3986 (8i).

237 4001 298 4055 '0
334 4003 551 4077 Μωσῆς
608 4002 666 4056 δὲ
695 4003 792 4057 καὶ
831 4004 1037 4069 Ἠλίας,
1068 4005 1173 4077 πρὸ
1198 4002 1294 4058 τοῦ
1324 4005 1417 4060 τὸν
1445 4006 1678 4078 Χριστὸν
1709 4024 1814 4061 πα-

224 4092 341 4149 θεῖν
366 4094 462 4148 καὶ
490 4094 810 4165 ἀναστῆναι,
828 4096 929 4167 ἤδη
956 4096 1017 4150 τὸ
1034 4093 1172 4162 εἶδος
1193 4097 1366 4162 τοῦτο,
1388 4098 1418 4151 ὃ
1444 4101 1570 4171 φῂς,
1597 4098 1812 4170 ἔχοντες

220 4186 535 4257 ἀνέστησαν
557 4188 654 4241 καὶ
682 4186 945 4259 ὤφθησαν
971 4205 985 4220 ·
1021 4188 1139 4254 πῶς
1160 4189 1224 4262 δὴ
1246 4190 1326 4244 ἔτι
1344 4192 1373 4243 ὁ
1395 4190 1627 4264 Χριστὸς
1654 4196 1815 4262 Πρω-

218 4279 473 4345 τότοκος
503 4275 645 4332 εἶναι
676 4278 796 4333 τῶν
822 4280 1051 4350 νεκρῶν
1100 4282 1206 4335 ὑπὸ
1249 4281 1360 4336 τῶν
1386 4282 1681 4355 προφητῶν
1719 4283 1813 4338 καὶ⁵

214 4369 334 4426 τῶν
366 4370 687 4426 ἀποστόλων
720 4371 942 4444 ᾇδεται;
977 4374 1042 4426 Ei
1070 4373 1180 4446 γὰρ
1206 4374 1557 4444 Πρωτότοκος
1587 4374 1695 4428 τῶν
1725 4392 1811 4429 νε-

212 4465 373 4537 κρῶν
393 4464 633 4537 Χριστὸς
654 4461 793 4519 εἶναι
821 4465 1198 4529 πεπίστευται,
1244 4466 1587 4539 πρωτότοκος
1607 4465 1664 4519 δέ
1692 4467 1807 4520 ἐστι
1840 4440 1884 4496 D

209 4556 331 4611 τῶν
357 4556 571 4628 νεκρῶν
596 4558 626 4610 ὁ
650 4557 759 4628 πρὸ
787 4558 1006 4611 πάντων
1038 4557 1294 4621 ἀναστάς·
1319 4560 1348 4612 ὁ
1368 4557 1425 4611 δὲ
1466 4555 1668 4628 Μωσῆς
1703 4557 1803 4629 ἤδη

210 4649 320 4703 καὶ
351 4649 461 4721 πρὸ
487 4648 583 4702 τοῦ
608 4650 702 4702 τὸν
733 4649 966 4721 Χριστὸν
1001 4648 1191 4703 παθεῖν
1224 4648 1362 4720 ἔχων
1388 4652 1453 4703 τὸ
1484 4645 1621 4713 εἶδος
1649 4649 1807 4704 τοῦτο

210 4742 399 4815 ἐφάνη
430 4744 547 4805 τοῖς
569 4742 909 4806 ἀποστόλοις,
937 4741 1067 4812 περὶ
1090 4741 1118 4794 ὃ
1146 4741 1481 4812 πληροῦσθαι
1513 4743 1619 4814 φῂς
1644 4742 1807 4806 αὐτὸς

208 4834 321 4906 τὴν
346 4834 667 4889 ἀνάστασιν·
696 4835 799 4890 οὐκ
825 4835 935 4907 ἄρα
964 4833 1059 4888 τοῦ
1090 4833 1265 4900 εἴδους
1289 4836 1458 4907 χωρὶς
1479 4836 1579 4908 τῆς
1609 4837 1810 4909 σαρκός

290 4989 340 5023 ’τ
366 4989 390 5046 Ι
414 4988 545 5047 Cor.
574 5007 656 5057 ιι,
688 4990 740 5045 7..
815 4990 862 5024 ⁸⁸
884 4989 1028 5046 Dan.
1061 5006 1139 5060 rx,
1171 4992 1267 5048 25.
1336 4991 1381 5025 ³⁸
1409 4990 1573 5063 Apoc.
1606 5007 1650 5060 ι,
1680 4992 1740 5048 5.

293 5145 410 5218 (80)
440 5147 674 5201 Ἠκουε.
697 5145 820 5218 _Al_.,
854 5146 1079 5218 ἤκουσε.

292 5215 412 5285 (81)
453 5218 660 5270 Ἔσται
675 5215 893 5271 ἀνάστζ
926 5216 1034 5280 AL,
1064 5232 1150 5269 om
1177 5216 1369 5272 ἀνάστ.

296 5287 410 5357 (82)
437 5285 919 5357 ϐοηηιεάιείάεήί
966 5296 1016 5340 et
1038 5287 1386 5357 humilitatis.
1420 5287 1662 5344 Alterum
1712 5287 1811 5342 ba-

204 5357 318 5413 he!
349 5355 567 5429 Paulus:
599 5356 831 5429 Philipp,
889 5372 973 5420 tu,
1023 5356 1117 5420 21,
1176 5359 1408 5413 alterum
1444 5364 1562 5429 ipse
1606 5359 1810 5429 aliique

357 5427 429 5480 im
461 5428 769 5498 insinuant,
796 5427 932 5481 dum
956 5429 1142 5498 carnis
1168 5434 1225 5482 et
1251 5427 1496 5498 corporis
1537 5427 1809 5486 desideria

323 5508 527 5552 uuntur
577 5516 597 5553 :
638 5497 839 5569 vixque
873 5497 979 5569 nisi
1012 5499 1068 5552 in
1096 5498 1295 5569 malam
1348 5497 1580 5569 partem.
1624 5503 1696 5569 At
1738 5499 1808 5569 in

212 5567 455 5636 Daniele,
490 5582 724 5639 summae
755 5568 974 5623 virtutis
995 5567 1246 5639 probatio
1270 5567 1375 5632 est,
1400 5577 1460 5624 ut
1493 5570 1574 5624 vir
1596 5568 1805 5639 deside-

208 5640 427 5710 riorum
457 5637 719 5710 audierit,
754 5637 1065 5710 quanquam
1095 5654 1201 5710 nec
1229 5639 1346 5710 ipse
1393 5641 1557 5710 male,
1580 5638 1807 5695 aﬂ‘ertur

207 5709 276 5765 in
340 5709 864 5778 exemplumgsunt
917 5708 1061 5763 enim
1109 5708 1274 5763 etiam
1315 5709 1584 5778 ejusmodi
1620 5710 1803 5765 cordis

209 5779 446 5836 contriti
466 5777 661 5837 sancta
689 5777 985 5848 desideria,
1014 5778 1192 5836 aliena
1213 5778 1283 5838 ab
1320 5793 1518 5851 supera
1545 5779 1637 5837 illa
1659 5780 1800 5838 ἀπα-

1911 3177 2093 3249 specie
2122 3184 2177 3231 et
2210 3177 2387 3231 forma
2416 3173 2527 3231 ﬁat.

1978 3266 2118 3325 Xlll.
2160 3267 2366 3323 Deinde
2407 3274 2532 3337 post
2564 3279 2738 3337 pauca
2767 3263 2901 3320 dicit
2932 3283 2944 3319 :
2977 3262 3035 3319 Si
3080 3264 3267 3335 igitur,
3291 3279 3326 3318 o
3362 3265 3482 3319 Ori-

1908 3376 2097 3434 genes,
2128 3360 2586 3417 resurrectionem
2634 3357 2688 3412 in
2719 3357 2835 3413 sola
2880 3356 3064 3426 specie
3102 3366 3157 3411 et
3194 3354 3390 3420 forma,
3424 3356 3482 3412 in

1910 3455 2156 3526 spiritale
2187 3468 2388 3524 corpus
2428 3458 2658 3519 mutata,
2699 3448 3119 3520 exspectandam
3168 3448 3479 3513 contendis,

1910 3557 1964 3605 et
1987 3548 2248 3604 visionem
2280 3545 2410 3600 Elia:
2434 3552 2488 3601 et
2518 3544 2720 3614 Moysis
2746 3558 2844 3614 pro
2871 3542 3181 3597 certissima
3212 3540 3372 3596 nobis
3393 3540 3485 3596 de-

1910 3639 2309 3696 monstratione
2343 3638 2567 3692 exhibes
2602 3631 3100 3707 :quemadmodum
3142 3632 3242 3701 illi,
3274 3632 3480 3702 inquis,

1913 3741 2038 3804 post
2062 3740 2314 3797 mortem,
2353 3747 2462 3785 non
2503 3729 2608 3783 alia
2655 3740 2819 3798 quam
2863 3724 3111 3781 viventes
3138 3724 3270 3779 olim
3314 3723 3486 3779 habe-

1911 3823 2064 3888 bant,
2088 3823 2269 3893 specie
2299 3820 2582 3890 formaque
2608 3823 3015 3889 apparuerunt;
3048 3815 3125 3869 ita
3153 3822 3208 3870 et
3233 3829 3334 3869 nos
3364 3829 3485 3869 om-

1912 3929 2012 3969 nes
2048 3929 2418 3983 resurgemus.
2448 3910 2613 3982 Atqui
2659 3908 2874 3981 Moyses
2902 3907 3178 3978 Eliasque,
3206 3906 3319 3977 jam
3353 3914 3483 3963 ante

1913 4003 2119 4060 Christi
2148 4006 2458 4075 passionem
2484 4017 2548 4057 ac
2579 4000 3059 4064 resurrectionem,
3083 3998 3315 4053 formam
3338 3998 3482 4053 hanc

1914 4111 2080 4166 quam
2114 4096 2216 4160 ais,
2246 4095 2509 4149 habentes
2536 4099 2958 4148 resurrexerunt
2988 4098 3043 4145 et
3074 4097 3480 4160 apparuerunt:

1913 4188 2007 4259 qui
2032 4204 2161 4259 ergo
2186 4186 2442 4243 Christus
2500 4184 2890 4255 Primogenitus
2934 4193 3262 4238 mortuorum
3285 4180 3331 4214 ⁸⁹
3359 4193 3485 4249 pro-

1911 4280 2132 4351 phetico
2160 4279 2571 4352 apostolicoque
2598 4277 2871 4349 praeconio
2900 4274 3250 4332 celebratur?
3278 4270 3413 4326 Nam
3434 4271 3485 4326 si

1914 4372 2168 4428 Christus
2192 4370 2594 4441 Primogenitus
2616 4376 2958 4424 mortuorum
2989 4366 3233 4421 creditus
3255 4371 3364 4428 cst,
3398 4366 3487 4420 est

1914 4480 2043 4519 vero
2088 4464 2491 4534 primogenitus
2533 4471 2896 4524 mortuorum,
2925 4460 3019 4529 qui
3062 4472 3255 4513 omnes
3293 4469 3483 4511 resur-

1912 4557 2087 4629 gendo
2113 4556 2431 4627 praecessit:
2471 4553 2685 4626 Moyses
2710 4560 2893 4609 autem
2941 4553 3055 4622 jam
3109 4559 3236 4604 ante
3277 4546 3483 4603 Christi

1912 4653 2224 4724 passionem
2254 4667 2318 4708 ea
2343 4651 2519 4706 forma
2544 4649 2808 4722 apostolis
2838 4646 2994 4702 visus
3020 4656 3126 4709 est,
3167 4644 3223 4699 in
3253 4654 3362 4713 qua
3390 4656 3483 4697 re-

1914 4746 2306 4802 surrectionem
2377 4743 2707 4814 implendam
2776 4741 2915 4796 dicis
2967 4757 2982 4793 :
3037 4737 3228 4807 utique
3300 4732 3487 4804 sequi-

1916 4846 2008 4893 tur
2036 4836 2174 4910 (83),
2210 4843 2272 4892 ut
2308 4834 2485 4892 forma
2517 4847 2627 4888 non
2664 4838 2914 4900 resurgat
2955 4827 3076 4882 sine
3116 4837 3302 4880 carne.
3346 4819 3485 4875 Nam

1918 5145 2056 5213 θείᾳ,
2078 5150 2133 5199 et
2161 5149 2306 5199 statu
2338 5141 2545 5213 gloria,
2571 5154 2683 5212 quo
2711 5139 2828 5196 sola
2854 5144 2959 5205 est,
2979 5137 3066 5194 vel
3093 5144 3152 5192 ut
3173 5136 3290 5193 sola
3330 5135 3488 5193 beata

1915 5204 2220 5272 desiderata
2254 5204 2553 5282 possessio.

1987 5286 2102 5356 (83)
2137 5278 2325 5356 Utique
2369 5283 2628 5356 κηπείαις,
2660 5289 2721 5333 ut
2747 5279 2924 5356 [arma
2954 5295 3059 5356 rion
3106 5287 3346 5356 resurgat
3376 5278 3490 5356 sine

1915 5350 2094 5410 carne.
2124 5350 2249 5408 Οὐκ
2270 5354 2379 5422 ἄρα
2407 5350 2506 5407 τοῦ
2535 5351 2707 5415 εἴδους
2731 5351 2899 5422 χωρὶς
2930 5350 3029 5420 τῆς
3056 5350 3254 5422 σαρκός
3276 5351 3423 5403 ἐστιν
3439 5350 3489 5422 ,ἡ

1915 5372 2094 5410 carne.
2124 5368 2241 5408 υῡκ
2270 5368 2305 5408 α
2342 5371 2379 5408 α
2407 5370 2506 5407 του
2535 5368 2707 5415 ειοους
2731 5368 2899 5422 χωρις
2930 5368 3029 5420 της
3056 5368 3123 5403 σα
3161 5368 3254 5414 κος
3276 5368 3423 5403 εστιν
3453 5368 3489 5421 η

1914 5426 2232 5488 ἀνάστασις.
2267 5371 2426 5479 οἵω
2480 5422 2785 5481 conclusio,
2843 5434 3006 5490 quam
3060 5368 3320 5475 Segiottus
3348 5418 3491 5475 male

1912 5495 2343 5564 assumptionem
2376 5493 2506 5547 facit
2537 5511 2551 5547 :
2593 5505 2935 5564 sequensque
2970 5490 3226 5564 dilemma
3273 5504 3490 5545 assum-

1911 5560 2121 5635 ptionis
2143 5565 2328 5635 specie
2364 5565 2624 5635 obscurat
2656 5560 2884 5635 plapeet
2912 5560 3235 5635 confundit;
3270 5568 3330 5614 ut
3358 5573 3492 5617 vero

1911 5630 2288 5697 reddidimus.
2331 5634 2466 5688 nihil
2511 5630 2674 5689 habet
2722 5632 3095 5695 difﬁcultatis;
3153 5630 3381 5701 ipseque
3429 5643 3496 5686 se

1908 5705 2088 5776 ipsum
2132 5704 2465 5775 Methodius,
2498 5719 2662 5777 quam
2714 5701 3201 5828 ἐπιγεῦοηματικδς
3245 5702 3332 5783 sit.
3361 5714 3487 5756 ner-

1909 5793 2185 5828 vosum-ie
2242 5784 2466 5828 arsutor
2558 5772 2815 5828 ostendit.
2922 5775 3083 5828 hmue
3138 5786 3196 5827 ιιι
3246 5779 3367 5827 istis
3426 5768 3487 5823 τδ

1909 5768 2185 5851 rususque
2242 5784 2466 5848 argutor
2519 5768 2820 5831 'ostenditI
2875 5768 3083 5844 Ubique
3138 5772 3196 5827 in
3246 5771 3367 5827 istis
3426 5768 3495 5823 τδ
