3864 6162
395 251 501 309 519

1355 254 1413 312 S.
1454 247 1780 307 METHODII
1818 246 2127 308 EPISCOPI
2167 251 2254 307 ET
2289 250 2647 309 MARTYRIS

3504 248 3616 305 520

398 367 476 422 vel
512 365 839 422 resurrectio
884 366 1078 433 solius,
1115 375 1177 422 ut
1219 368 1406 434 doces,
1450 368 1637 424 formas
1678 377 1793 436 est;
1820 372 1837 390 ‘
1865 383 1955 424 eo—

2061 370 2203 423 ὲστιν
2249 371 2285 442 ἠ
2323 370 2635 435 ἀνάστασις.
2669 371 2823 423 Ἤτοι
2862 367 2972 440 γάρ
3005 365 3107 421 τοῦ
3135 364 3307 430 εἴδους
3337 362 3504 429 ἐστὶν,
3536 362 3618 428 ὡς

396 473 503 529 que
545 458 733 529 nequit
758 458 872 528 jam
909 458 1164 515 Christus
1202 475 1326 517 esse
1367 460 1770 532 Primogcnitus
1816 474 1959 514 mor-

395 559 635 613 tuorum,
683 550 830 621 quod
877 566 941 606 ea
995 550 1171 606 forma
1216 561 1342 609 ante
1381 554 1558 624 ipsum
1608 554 1959 623 apparuerint

393 639 778 697 defunctorum
835 643 1070 698 animae:
1106 654 1201 697 aut
1232 660 1293 699 re
1349 659 1513 708 vera,
1557 642 1958 714 Primogenitns

394 742 502 796 est,
535 740 597 787 ut
639 741 758 800 est;
788 741 1033 806 tumque,
1066 737 1219 791 nullo
1265 753 1495 809 prorsus
1538 737 1721 800 modo,
1754 744 1813 790 ut
1859 738 1960 790 ali-

396 828 491 898 qui
515 835 640 882 ante
670 827 844 898 ipsum
875 843 997 882 eam
1027 831 1309 886 consecuti
1343 832 1456 887 sint
1477 831 1956 896 resurrectionem,

397 933 506 989 qua
536 933 603 971 ne
646 918 879 987 amplius
921 928 1289 987 morerentur,
1319 920 1437 976 fieri
1484 928 1682 992 potest.
1718 919 1871 987 Quod
1910 919 1959 975 si

397 1023 556 1063 nemo
583 1017 709 1063 ante
736 1009 889 1063 illum
920 1012 1257 1079 resurrexit;
1289 1011 1468 1069 Moses
1503 1020 1684 1067 autem
1732 1019 1785 1065 et
1815 1009 1959 1068 Elias

398 1116 508 1154 non
542 1099 718 1155 induti
768 1116 1012 1166 carnem,
1059 1102 1156 1159 sed
1206 1104 1378 1158 solam
1428 1102 1659 1158 formam
1694 1103 1960 1157 habentes

395 1200 766 1262 apparuerunt
805 1195 1070 1264 apostolis
1104 1213 1119 1250 :
1150 1195 1436 1266 perspicue
1478 1195 1662 1250 futura
1701 1195 1757 1249 in
1797 1208 1961 1249 carne

397 1285 731 1338 resurrectio
782 1286 1112 1340 ostenditur.
1171 1285 1461 1341 Enimvero
1504 1284 1959 1341 absurdissimum

395 1380 500 1437 est,
535 1381 594 1427 ut
634 1374 692 1429 in
734 1375 851 1429 sola
887 1375 1060 1430 forma
1105 1375 1434 1431 resurrectio
1478 1374 1789 1438 deﬁniatur,
1833 1387 1958 1429 cum

398 1464 574 1536 palam
602 1466 694 1531 sit,
726 1466 938 1521 animas
963 1464 1097 1539 (84),
1137 1477 1425 1537 postquam
1449 1466 1612 1521 etiam
1641 1474 1771 1521 sunt
1795 1478 1961 1520 carne

395 1570 651 1626 egressa,
684 1555 920 1625 speciem
952 1555 1100 1610 illam
1128 1553 1467 1624 formamque
1494 1569 1656 1626 quam
1680 1557 1755 1609 ait
1775 1568 1962 1609 resur-

397 1655 694 1711 recturam,
733 1662 1013 1717 nunquam
1041 1647 1331 1718 deponere.
1355 1646 1517 1716 Quod
1552 1647 1598 1703 si
1629 1648 1719 1702 illa
1752 1645 1961 1702 irrevo-

397 1726 596 1792 cabilis
636 1735 809 1801 adest,
845 1744 904 1792 ut
947 1736 1004 1792 in
1046 1738 1227 1793 anima
1271 1737 1436 1794 Mosis
1498 1745 1552 1793 et
1579 1736 1748 1805 Elite;
1783 1752 1848 1791 ac
1873 1751 1962 1793 ne-
1988 1720 2032 1777 Β

397 1842 526 1896 que,
554 1835 614 1881 ut
641 1828 947 1891 existimas,
973 1829 1347 1899 corrumpitur
1377 1828 1607 1900 peritve,
1636 1828 1838 1899 ubique
1868 1827 1958 1884 in-

397 1916 572 1972 divise
619 1918 933 1985 adhaerens;
978 1919 1139 1990 plane
1191 1918 1460 1990 sequitur,
1514 1933 1624 1974 non
1676 1933 1962 1990 resurgere

396 2006 629 2063 formam
659 2008 930 2078 ejusmodi
954 2025 1075 2080 qua:
1105 2025 1383 2081 nunquam
1413 2009 1628 2066 cecidit.

466 2095 606 2152 XIV.
648 2095 804 2164 Quod
852 2099 901 2155 si
952 2098 1075 2169 quis
1126 2098 1347 2170 indigne
1400 2097 1624 2164 ferens,
1682 2096 1866 2152 dicat:
1900 2093 1960 2151 Si

396 2202 576 2250 nemo,
604 2188 921 2259 priusquam
947 2189 1200 2244 Christus
1238 2191 1307 2246 ad
1343 2189 1550 2247 inferos
1578 2189 1957 2256 descenderet,

396 2278 718 2343 resurrexit,
754 2278 1027 2348 quomodo
1064 2278 1379 2335 referuntur
1413 2280 1580 2351 aliqui
1617 2287 1744 2336 ante
1778 2280 1958 2351 ipsum

395 2366 740 2433 surrexisse;
774 2368 914 2422 inter
953 2382 1092 2438 quos
1149 2368 1294 2426 ﬁlius
1323 2370 1501 2426 viduae
1549 2369 1957 2441 Sareptanat",

393 2462 449 2510 et
489 2454 844 2514 Sunamitidis
894 2457 1135 2523 illius“,
1186 2461 1425 2532 itemque
1471 2460 1711 2518 Lazarus
1734 2462 1818 2514 ἠ
1852 2459 1960 2518 Re-

394 2546 807 2616 spondendum,
857 2549 934 2604 ita
986 2551 1382 2617 resurrexisse,
1429 2559 1491 2606 ut
1536 2553 1732 2608 iterum
1774 2559 1962 2608 essent

397 2639 647 2693 morituri
679 2658 693 2694 :
725 2655 829 2695 nos
853 2649 1034 2696 autem
1061 2642 1130 2697 de
1154 2642 1221 2698 iis
1246 2644 1688 2714 pronuntiamus,
1718 2645 1812 2713 qui
1839 2651 1962 2714 post

396 2728 855 2783 resurrectionem
903 2745 1184 2801 nunquam
1227 2739 1358 2789 sunt
1389 2731 1660 2785 morituri.
1713 2730 1869 2797 Quod
1912 2731 1960 2786 si

394 2820 561 2877 etiam
610 2819 680 2875 de
720 2819 901 2876 anima
942 2820 1075 2877 Elia:
1119 2822 1321 2878 dubius
1364 2821 1583 2888 dixerit,
1616 2823 1773 2895 quasi
1819 2822 1963 2879 Scria

396 2913 573 2985 pturis
592 2912 984 2969 afﬁrmantibus
1005 2915 1157 2970 illum
1176 2916 1231 2970 in
1258 2929 1427 2971 carne
1448 2924 1791 2987 assumptum
1813 2931 1958 2984 esse,

396 3020 500 3060 nos
533 3010 714 3057 autem
740 3004 1037 3062 doceamus
1083 3006 1235 3061 illum
1265 3007 1527 3076 apostolis
1554 3008 1761 3078 absque
1795 3022 1960 3064 carne

398 3097 1224 3168 apparuisse:respondendum,
1256 3100 1427 3171 atqui,
1459 3100 1606 3172 quod
1640 3101 1961 3172 apparuisse

397 3187 659 3258 apostolis
690 3186 747 3242 in
776 3201 945 3244 carne
985 3188 1253 3253 dicamus,
1282 3188 1410 3245 huic
1450 3197 1650 3246 nostra:
1681 3191 1962 3247 sententia:

396 3276 570 3349 magis
591 3275 755 3333 favet.
784 3276 894 3333 Res
920 3278 1088 3341 enim,
1111 3294 1313 3351 corpus
1340 3293 1561 3350 quoque
1582 3286 1829 3336 nostrum
1860 3294 1956 3334 ca-

396 3382 503 3438 pax
535 3382 656 3424 esse
699 3368 1128 3427 immortalitatis
1161 3372 1376 3442 prohat,
1431 3374 1574 3428 sicut
1602 3381 1657 3429 et
1700 3371 1803 3429 fuit
1832 3388 1962 3444 pro-

398 3457 582 3512 batum
624 3458 681 3512 in
715 3457 902 3514 Enoch
927 3462 1194 3517 translato
1225 3462 1292 3514 ”.
1325 3463 1383 3517 Si
1422 3464 1565 3519 enim
1595 3466 1960 3535 incorruptio-

396 3550 484 3604 nis
513 3565 687 3622 capax
711 3568 821 3608 non
851 3563 1017 3620 esset,
1050 3556 1469 3628 haudquaquam
1511 3567 1665 3614 tanto
1694 3566 1956 3630 tempore,

398 3640 640 3698 immune
668 3656 701 3696 a
747 3645 1115 3715 corruptionis
1142 3646 1263 3702 labe
1308 3647 1618 3705 mansisset.
1651 3648 1710 3703 Si
1738 3649 1959 3721 quidem

469 3820 489 3839 "
523 3815 793 3874 Scholion.
859 3819 983 3876 Not.
1044 3821 1179 3881 Esse
1236 3825 1340 3882 hoc
1391 3827 1621 3883 minoris
1674 3827 1956 3882 momenti.

398 3883 723 3969 Quanquam
755 3891 900 3945 enim
932 3908 1039 3946 non
1069 3896 1136 3948 de
1167 3896 1350 3969 specie
1390 3906 1455 3969 et
1503 3898 1698 3961 forma,
1747 3897 1856 3969 sed
1890 3897 1960 3952 de

397 3967 702 4040 FOﬂIPOsi'to
729 3977 957 4040 corpore
984 3968 1278 4040 contendat
1301 3983 1317 4032 ;
1346 3967 1479 4021 nihil
1504 3970 1684 4023 minus
1712 3968 1960 4040 sequitur

397 4026 504 4108 hoc
523 4026 607 4108 vel
638 4030 790 4084 illud.
814 4026 1057 4108 Alterum
1087 4026 1314 4108 quidem
1342 4052 1407 4092 eo
1443 4040 1691 4104 solvitur,
1719 4026 1864 4107 quod
1892 4038 1959 4090 il-

398 4095 491 4179 lnd
522 4096 718 4179 iterum
743 4101 1065 4155 moriturum
1097 4095 1200 4179 sit;
1231 4108 1505 4179 quomodo
1527 4124 1633 4162 non
1668 4095 1884 4179 proprie
1904 4112 1959 4179 et

397 4165 646 4247 absolute
697 4178 874 4247 statua
918 4176 1155 4242 resurgit
1187 4165 1208 4226 ἐ
1249 4165 1482 4247 alterum
1538 4165 1718 4232 autem
1768 4165 1959 4247 nequit

396 4236 569 4317 solvi;
599 4239 863 4317 siquidem
894 4257 1004 4296 non
1032 4236 1216 4317 potest
1237 4244 1438 4317 ql‘orma
1470 4246 1665 4303 iterum
1693 4262 1816 4303 esse
1844 4236 1960 4301 {no-

394 4310 589 4373 ritura,
609 4323 733 4364 cum
749 4310 898 4365 nullo
920 4310 1082 4367 modo
1115 4315 1398 4371 moriatur.

2055 462 2371 534 παρεγγυᾷς
2402 461 2707 534 (85),μόνου
2740 462 2775 532 ἡ
2799 459 3093 522 ἀνάστασις
3120 459 3161 523 θ,
3183 457 3277 511 καὶ
3306 456 3368 510 οὐ
3391 454 3614 509 δύναται

2054 551 2134 607 ἔτι
2167 552 2514 625 Πρωτάτοκος
2536 549 2676 607 εῖναι
2701 554 2731 606 ό
2761 550 2993 623 Χριστὸς
3011 548 3119 603 τῶν
3142 548 3368 620 νεκρῶν,
3399 546 3477 617 τῷ
3508 546 3616 619 πρὸ

2056 642 2219 696 αὐτοῦ
2279 643 2507 714 ἐχούσας
2558 641 2713 697 τοῦτο
2764 642 2901 713 μετά
2954 640 3052 712 τὴν
3082 637 3333 711 τελευτὴν
3368 637 3430 691 τὸ
3476 632 3615 701 εἶδος

2056 735 2351 804 πεφηνέναι
2394 734 2569 807 ψυχάς
2592 752 2608 767 ·
2669 734 2703 808 ἢ
2761 734 3107 806 Πρωτότοκος
3163 731 3375 802 ἀληθῶς
3429 729 3617 802 ῶσπερ

2058 826 2194 890 ἐστὶ,
2234 825 2329 881 καὶ
2359 826 2616 882 ἀδύνατον
2646 827 2783 892 ὅλως
2810 824 3072 896 ἠξιῶσθαι
3119 823 3225 896 πρὸ
3248 821 3420 878 ἀὐτοῦ
3463 838 3617 884 τινας

2056 917 2156 987 τῆς
2186 918 2266 981 είς
2293 916 2356 972 τὸ
2405 918 2479 990 μὴ
2526 912 2682 981 αὖθις
2713 915 3000 972 ἀποθανεῖν
3045 916 3411 979 ἀναστάσεως.
3459 914 3524 967 Εἰ
3556 913 3615 967 δὲ

2057 1008 2254 1080 ἀνέστη
2299 1008 2475 1072 οὐδεὶς
2517 1008 2623 1080 πρὸ
2661 1007 2847 1074 αὐτοῦ,
2880 1009 2929 1062 οί
2975 1007 3035 1060 δὲ
3087 1007 3230 1078 ἀμφὶ
3258 1006 3349 1060 τὸν
3380 1004 3619 1060 Μωῦσέα

2058 1099 2156 1152 καὶ
2183 1097 2276 1152 τὸν
2320 1098 2505 1151 Ἠλίαν
2537 1099 2746 1171 σάρκας
2782 1098 2880 1171 μὲν
2918 1097 3133 1169 ἔχοντες
3163 1100 3276 1162 τοῖς
3306 1096 3619 1160 ἀποστόλοις

2057 1190 2158 1243 οὐκ
2188 1188 2466 1262 ὤφθησαν,
2502 1189 2660 1260 μόνον
2690 1189 2749 1243 δὲ
2788 1189 2850 1243 τὸ
2888 1185 3061 1252 εἴδοςο
3095 1189 3130 1260 ή
3175 1187 3282 1258 άρα
3327 1188 3619 1252 ἀνάστασις

2060 1282 2154 1335 ἐπὶ
2181 1280 2282 1352 τῆς
2312 1281 2512 1352 σαρκὸς
2556 1280 2845 1352 προφανῶς
2889 1279 3160 1352 δηλοῦται.
3205 1280 3316 1333 Καὶ
3346 1278 3453 1351 γὰρ
3491 1280 3618 1333 ἀτο-

2060 1370 2308 1426 πώτατον
2338 1372 2433 1426 ἐπὶ
2477 1371 2639 1443 μόνου
2672 1371 2764 1426 τοῦ
2796 1371 2969 1437 εἴδους
2997 1371 3097 1443 τὴν
3127 1371 3421 1427 ἀνάστασιν
3454 1370 3621 1444 διορί-

2061 1462 2271 1529 ζεσθαι,
2318 1463 2481 1519 ὁπότε
2509 1467 2566 1518 αἱ
2592 1463 2783 1535 ψυχαὶ,
2817 1464 2911 1518 καὶ
2947 1463 3087 1536 μετά
3122 1463 3220 1537 τὴν
3253 1462 3469 1536 σαρκῶν
3507 1462 3620 1531 ἔξο-

2060 1555 2169 1620 δον,
2217 1554 2468 1609 οὐδέποτε
2509 1554 2788 1626 φαίνονται
2830 1555 2890 1609 τὸ
2931 1552 3086 1622 εἶδος,
3131 1556 3161 1610 ὅ
3198 1571 3361 1627 φησιν
3404 1553 3622 1608 ἀνίστα-

2066 1645 2208 1713 σθαι,
2255 1646 2664 1717 ἀποτιθέμεναι.
2695 1646 2759 1700 Εί
2786 1644 2843 1698 δὲ
2873 1645 3250 1718 συμπαρέσται
3283 1643 3393 1715 (86)
3438 1644 3624 1707 αὐτοῖς

2057 1736 2215 1793 τοῦτο
2233 1737 2609 1808 ἀναφαίρετον,
2634 1735 2881 1808 καθάπερ
2908 1738 3004 1790 καὶ
3026 1736 3118 1789 ἐπὶ
3140 1737 3210 1807 τῇ
3230 1732 3505 1796 Μωῦσέως
3528 1732 3624 1787 καὶ⁹

2073 1829 2250 1883 Ἠλίου
2293 1828 2467 1900 ψυχῇ·
2517 1829 2612 1883 καὶ
2655 1827 2779 1882 οὔτε
2822 1826 3121 1899 φθείρεται,
3180 1824 3323 1881 κατά
3369 1825 3449 1890 σὲ,
3496 1821 3622 1876 οὔτε

2059 1920 2375 1985 ἀπόλλυται,
2434 1920 2531 1973 σὺν
2578 1920 2771 1984 αὑταῖς
2831 1917 3101 1990 πανταχοῦ
3157 1916 3440 1988 συμπαρόν
3461 1934 3473 1944 -
3519 1915 3623 1969 οὐκ

2057 2014 2166 2087 ἀρα
2207 2012 2270 2067 τὸ
2312 2008 2451 2077 εἶδος
2491 2011 2794 2078 ἀνίσταται,
2847 2012 2876 2065 ὃ
2910 2011 3175 2084 μηδέποτε
3203 2009 3514 2063 πέπτωκεν.

2128 2104 2223 2160 1Δ’.
2281 2103 2406 2160 Ἐὰν
2446 2104 2505 2158 δέ
2542 2121 2646 2168 τις,
2680 2102 3034 2175 δυσχεράνας.
3079 2101 3187 2155 Καὶ
3215 2099 3335 2165 πῶς
3369 2098 3454 2172 δὴ,
3487 2098 3624 2152 ἀπο-

2058 2193 2243 2267 κριθῇ,
2286 2195 2334 2247 εί
2381 2193 2567 2265 μηδεὶς
2603 2193 2799 2266 ἀνέστη
2833 2192 2939 2264 πρὸ
2985 2191 3078 2247 τοῦ
3122 2189 3396 2245 κατελθεῖν
3426 2191 3505 2253 είς
3530 2188 3623 2242 τὸν

2059 2285 2190 2359 ᾅδην
2207 2286 2297 2340 τὸν
2325 2285 2577 2357 Χριστὸν,
2608 2284 2935 2348 ἀναστάντες
2963 2283 3065 2355 ἤδη
3093 2282 3234 2346 τινὲς
3263 2277 3621 2352 ἱστορήθησαν

2059 2377 2167 2450 πρὸ
2194 2375 2357 2432 αὐτοῦ
2378 2395 2392 2408 ·
2427 2379 2487 2433 ὲν
2513 2371 2595 2442 οἷς
2617 2377 2716 2449 τῆς
2736 2374 3079 2448 Σαραφθίνης
3105 2376 3279 2446 χήρας
3305 2374 3333 2426 ὁ
3362 2372 3497 2436 υίὸς,
3527 2371 3624 2424 καὶ

2059 2467 2159 2538 τῆς
2204 2465 2604 2538 Σουναμίτιδος,
2653 2466 2747 2521 καὶ
2793 2469 2822 2519 ὁ
2856 2465 3137 2537 Δάζαροςς
3185 2462 3427 2517 λεκτέον·
3483 2460 3623 2513 Ἀλλ’

2059 2551 2204 2612 οὗτοι
2234 2561 2313 2622 είς
2340 2558 2401 2611 τὸ
2442 2559 2537 2612 καὶ
2566 2552 2724 2622 αὖθις
2764 2555 3050 2610 ἀποθανεῖν
3099 2554 3420 2624 ἀνέστησαν
3460 2550 3625 2622 ἡμεῖς

2058 2652 2118 2709 δὲ
2167 2652 2295 2724 περὶ
2339 2649 2446 2704 τῶν
2479 2650 2676 2722 μηκέτι
2720 2646 2858 2721 μετά
2892 2647 2991 2719 τὴν
3028 2645 3243 2717 ἔγερσιν
3283 2639 3627 2714 διοριζόμεθα

2058 2742 2479 2815 τεθνηξομένων.
2537 2741 2660 2795 Ἐάν
2702 2740 2760 2793 δὲ
2790 2739 2885 2792 καὶ
2924 2737 3053 2809 περὶ
3097 2735 3199 2807 τῆς
3228 2733 3406 2805 ψυχῆς
3436 2732 3629 2786 διαπο-

2062 2832 2235 2905 ρήσας
2265 2830 2448 2904 φράσῃ
2470 2827 2564 2883 τοῦ
2604 2827 2807 2895 Ἠλίου,
2838 2827 2912 2892 ὡς
2937 2828 3044 2881 τῶν
3082 2827 3177 2899 μὲν
3215 2822 3447 2897 Γραφῶν
3479 2823 3628 2876 ἀνει-

2058 2921 2258 2994 λῆφθαι
2286 2921 2448 2976 αὐτὸν
2469 2920 2738 2991 λεγουσῶν
2760 2922 2818 2974 ὲν
2852 2918 3034 2991 σαρκὶ,
3066 2921 3099 2990 ἡ
3109 2917 3224 2988 μῶν
3252 2916 3307 2970 δὲ
3341 2913 3627 2985 ἁσύμπλο-

2061 3028 2156 3067 κον
2216 3011 2417 3083 σαρκὸς
2475 3013 2592 3076 τοῖς
2661 3008 2977 3073 ἀποστόλοις
3032 3001 3211 3076 ὦφθαι
3267 3004 3579 3076 φασκόντων
3601 3016 3622 3032 ·

2059 3103 2297 3169 λεκτέον,
2329 3104 2412 3156 ὅτι
2444 3101 2539 3156 καὶ
2573 3101 2678 3175 μὴν
2726 3100 2922 3173 μᾶλλον
2955 3099 3015 3153 τὸ
3042 3098 3218 3167 λέγειν
3249 3097 3411 3150 αὑτὸν
3442 3088 3628 3165 ὦφθαι

2057 3198 2169 3258 τοῖς
2199 3194 2513 3257 ἀποστόλοις
2539 3194 2596 3246 ὲν
2627 3191 2790 3265 σαρκὶ
2817 3190 2953 3263 πρὸς
2983 3193 3016 3261 ὴ
3027 3189 3141 3262 μῶν
3174 3191 3309 3242 ἐστι.
3336 3186 3626 3240 Δείκνυται

2057 3285 2166 3357 γὰρ
2192 3286 2287 3339 καὶ
2308 3283 2394 3338 διά
2409 3283 2566 3337 τοῦτο
2590 3280 2893 3355 ἀφθαρσίας
2912 3281 3069 3353 ἡμῶν
3090 3280 3354 3352 ὑπάρχον,
3374 3277 3433 3332 τὸ
3462 3276 3628 3348 σῶμα.

2056 3374 2318 3439 δεκτικὸν,
2367 3372 2615 3446 καθάπερ
2652 3372 2862 3445 ἐδείχθη
2894 3372 2986 3426 καὶ
3028 3370 3121 3424 ἐπὶ
3162 3369 3255 3424 τοῦ
3312 3366 3479 3438 Ἑνὼχ
3527 3382 3629 3436 με-

2056 3466 2427 3540 τατιθεμένου.
2476 3468 2538 3520 Ei
2575 3465 2650 3538 μὴ
2688 3464 2795 3536 γὰρ
2846 3461 3153 3536 ἀφθαρσίαν
3200 3459 3430 3531 ἠδύνατο
3466 3455 3630 3522 δέξασ-

2060 3561 2202 3627 σθαι,
2248 3561 2348 3615 οὐκ
2401 3560 2467 3614 ἂν
2516 3558 2637 3612 οὐδὲ
2687 3556 2952 3628 διέμεινεν
3000 3556 3058 3608 ὲν
3103 3552 3342 3623 ἀπαθείᾳ
3382 3549 3628 3621 τοσούτῳ

2056 3655 2253 3729 χρόνῳ.
2324 3653 2387 3706 Εἰ
2417 3650 2593 3705 τοίνυν
2625 3648 2777 3721 ὤφθη
2826 3646 2964 3720 μετά
2992 3645 3088 3701 τοῦ
3119 3644 3388 3717 σώματος,
3422 3642 3516 3697 καὶ
3549 3636 3630 3714 ἦν

2127 3838 2148 3911 _‘
2197 3835 2375 3911 Lyd}:
2408 3831 2740 3911 Σημείευσαι.
2767 3826 3035 3911 παρά
3069 3822 3387 3911 τοῦτολικαὶ
3422 3821 3539 3911 *ξαρ
3556 3822 3627 3911 εί

2057 3906 2153 3960 καὶ
2184 3891 2378 3981 μξὲπὶ
2400 3891 2504 3981 τοῖς
2516 3901 2718 3981 είδορς,
2757 3899 2869 3981 ἀλλς
2896 3891 2990 3981 ἐπὶ
3016 3895 3110 3981 τοῇ
3140 3891 3624 3981 συνθέτουὶσῴίμῇ-

2056 3993 2147 4039 τος
2168 3962 2418 4033 τείνεται,
2445 3962 2785 4054 ρὺδὲνᾸττον
2815 3969 2877 4053 τὸ
2912 3967 3045 4054 αὐτο
3071 3967 3261 4054 ἕπεται
3300 3964 3359 4054 ﬂ,
3372 3963 3434 4015 τὺ
3464 3962 3621 4049 αὑτό.

2058 4035 2142 4117 Τδ
2166 4045 2264 4117 μὲν
2294 4044 2401 4117 γᾼάρ
2443 4043 2556 4117 ἔχει
2598 4035 2771 4117 λύσιν,
2809 4040 2895 4117 δτι
2934 4036 3093 4091 πάλιν
3122 4035 3480 4117 θνῄξεμὸττιυς
3517 4035 3626 4117 οὐκ

2057 4098 2183 4185 ἐστίν
2210 4098 2435 4185 κυρίίώςμ
2450 4098 2768 4185 ἀνδριάντος⁷
2797 4108 3115 4185 ἀνάσταμσιςο
3148 4098 3302 4185 ξδ’ρῦ
3324 4121 3337 4133 ο
3367 4104 3525 4174 εἴπερ
3554 4102 3626 4155 τὸ

2057 4182 2194 4249 εἶδος
2217 4175 2489 4256 οὕθνῆξει
2517 4175 2698 4247 πάλιν,
2730 4182 2810 4234 ὅτι
2841 4178 2961 4250 μηδ’
2989 4177 3124 4241 ὅλως
3153 4175 3396 4245 θνήσκει.

462 4462 509 4495 ⁸ο
541 4460 613 4517 ιιι
634 4461 758 4534 Reg.
791 4480 922 4531 xvu,
950 4465 1043 4523 22.
1117 4466 1165 4498 "
1194 4465 1260 4521 IV
1290 4467 1412 4541 Reg.
1450 4470 1639 4530 “3.55.
1716 4470 1763 4503 "
1786 4472 1948 4526 Joan.

2092 4468 2184 4523 44.
2259 4469 2307 4502 ’³
2337 4466 2465 4523 Gen.
2500 4482 2555 4531 ν,
2583 4464 2675 4521 24.

391 4617 676 4712 εἶδοςηεει
713 4624 859 4712 velut
880 4626 1214 4712 .distinctiv'a
1247 4631 1591 4712 proprietas,
1622 4645 1731 4712 qua
1776 4632 1948 4712 possit
1980 4633 2024 4689 Ι)
2052 4647 2172 4712 quae
2198 4642 2326 4712 sunt
2376 4630 2560 4686 minus
2613 4629 2890 4712 spiritales
2909 4646 2937 4709 ἐ
2980 4619 3627 4712 (ιυριιιοᾶοκθξὶἓιξι-εξίξξτ

391 4693 499 4772 dici
520 4700 579 4772 et
607 4695 847 4772 agnosci,
880 4696 968 4751 hic
988 4699 1133 4763 talis,
1166 4693 1384 4772 Petrus,
1404 4693 1605 4755 Paulus
1632 4693 1792 4772 {ipse
1801 4703 1947 4772 idem

390 4763 485 4831 qui
517 4763 692 4844 fuerat
724 4765 779 4816 in
809 4780 1005 4844 carne;
1037 4770 1309 4844 qnomodo
1352 4770 1571 4824 fuerunt
1603 4763 1767 4844 ειειῖῇί
1800 4769 1950 4844 Moy-

392 4847 482 4886 ses
506 4841 561 4887 et
593 4832 741 4912 Elias
763 4848 777 4884 :
801 4832 1358 4912 divesqué_i..ararum
1409 4832 1664 4910 agnovit:
1702 4832 1948 4912 Explicat

390 4905 713 4981 non-inprocul
736 4919 765 4957 a
793 4905 898 4981 ﬁne
919 4908 1036 4981 ipse
1063 4907 1390 4981 Methodius.

464 4972 575 5053 (8i)
616 4973 749 5053 Gnm
768 4972 957 5053 palam‘
978 4978 1067 5041 sit,
1097 4980 1327 5053 animas,
1352 4987 1458 5033 etc.
1477 4979 1731 5036 Crassius
1764 4981 1946 5052 loqui-

387 5047 480 5121 tur
513 5042 580 5097 de
602 5042 908 5121 animabus,
940 5056 1198 5116 tanquam
1226 5042 1356 5103 velit
1403 5063 1560 5104 suum
1601 5052 1733 5105 illud
1770 5042 1946 5121 spiri-

390 5112 498 5191 tale
523 5126 746 5192 corpus,
780 5116 832 5168 in
866 5130 974 5192 qno
1019 5112 1422 5174 résurrecturas
1450 5121 1704 5192 volebant
1753 5112 1943 5191 Ofige-

388 5186 559 5245 niani,
592 5198 869 5258 nunquam
907 5186 1209 5257 deponere;
1238 5204 1412 5258 eoque
1461 5190 1705 5244 ﬁctitiam
1733 5186 1943 5247 esse'in

388 5266 456 5327 eo
484 5254 957 5327 resurrectionem,
976 5254 1067 5311 Vel
1091 5254 1202 5327 jam
1228 5254 1351 5314 esse
1393 5257 1588 5313 factam
1612 5276 1626 5324 ;
1660 5268 1718 5313 ut
1745 5263 1783 5315 ii
1812 5263 1942 5316 olim

387 5319 657 5395 docebant
679 5338 815 5391 quos
846 5323 1048 5382 Paulus
1077 5319 1301 5383 tradidit
1332 5329 1547 5384 Satanze
1581 5319 1623 5384 ll
1652 5330 1789 5386 Tim.
1821 5348 1860 5395 ι,
1886 5348 1939 5387 v.

387 5388 476 5453 15,
517 5401 574 5466 ut
593 5388 811 5447 doceret
833 5410 938 5466 non
968 5398 1360 5466 blaspbcinare.
1387 5397 1615 5455 Posscnt
1668 5388 1941 5455 nihilomi-

387 5474 493 5541 nus
525 5461 637 5541 haec
656 5464 848 5541 exponi
880 5472 938 5518 ut
967 5467 1032 5541 ad
1065 5461 1335 5521 honriuem
1364 5469 1537 5536 dicta;
1572 5470 1675 5525 nisi
1707 5487 1941 5541 sequen-

387 5532 461 5582 tia
502 5532 784 5586 obstarent
813 5534 1098 5610 inquibus
1128 5548 1210 5591 est
1251 5532 1565 5610 expressior
1590 5557 1603 5593 :
1632 5532 1946 5610 quanquam

384 5612 494 5653 non
521 5616 771 5676 magnum
800 5605 1065 5676 videatur,
1105 5614 1162 5658 ut
1188 5608 1279 5675 qui
1322 5605 1526 5676 angelis
1567 5605 1950 5665 :etlierea'cor-

389 5683 516 5738 pora
537 5679 590 5723 ct
618 5671 880 5739 spiritalia
910 5672 1132 5745 afﬁngit,
1186 5671 1348 5730 etiam
1391 5671 1676 5735 animabus
1707 5679 1942 5751 aﬂingat,

2091 4705 2257 4766 lures,
2292 4704 2435 4772 iique
2473 4690 2734 4772 perquam
2765 4700 2924 4772 alieni
2968 4690 3014 4750 a'
3030 4693 3306 4772 damnatis
3333 4690 3621 4772 erroribus

2101 4774 2298 4844 rigcnis
2324 4766 2379 4827 in
2410 4766 2636 4844 materia
2686 4771 3015 4844 animarnm,
3058 4766 3310 4844 videntur
3351 4766 3615 4844 sensisse.

2049 4835 2187 4896 Νιιιῖι
2216 4844 2287 4897 sit
2315 4842 2475 4896 modo
2506 4855 2660 4895 error
2689 4840 2742 4892 in
2769 4838 2891 4899 lide,
2916 4839 3019 4891 ista
3042 4836 3157 4891 sive
3177 4835 3245 4890 de
3267 4835 3473 4902 angelis
3498 4835 3628 4887 sive

2048 4913 2117 4967 de
2182 4913 2438 4968 humanis
2487 4910 2771 4963 animabus
2835 4908 3144 4971 sententia,
3203 4910 3620 4959 controvertunt

2048 4983 2282 5053 theologi
2300 4998 2323 5053 ι
2355 4997 2407 5051 p.
2433 4998 2487 5051 q.
2521 4979 2907 5053 50:7Mitior‘em
2954 4991 3055 5047 ego
3081 4985 3136 5031 et
3168 4984 3457 5053 negantem
3485 4986 3617 5053 cum

2052 5042 2263 5108 nostris
2285 5042 2550 5113 Caralim,
2587 5050 2759 5112 Sixto,
2798 5042 3079 5115 Cajetano,
3108 5042 3283 5115 exque
3326 5043 3449 5097 aliis
3501 5042 3618 5098 Me-

2051 5125 2210 5185 ratio,
2242 5130 2372 5194 etc_.,
2398 5123 2735 5194 amplexatus
2761 5119 2977 5181 fuerim,
3010 5117 3162 5194 nullo
3190 5116 3368 5194 adhuc
3416 5126 3617 5194 occur-

2050 5202 2223 5253 rente,
2250 5192 2341 5245 ubi
2360 5192 2406 5247 is
2435 5187 2570 5245 satis
2596 5193 2668 5245 sit
2687 5204 3003 5258 expressus,
3058 5189 3142 5241 vel
3195 5201 3265 5239 ex
3297 5187 3618 5258 intentione

2049 5260 2338 5315 damnatus
2388 5275 2541 5317 error
2587 5276 2600 5312 :
2648 5254 2902 5313 Patribus
2959 5255 3452 5316 Lateranensihus,
3505 5254 3617 5308 alio

2087 5333 2226 5393 lane,
2262 5339 2317 5384 et
2338 5331 2405 5384 ad
2431 5329 2824 5400 praedamnatas
2840 5326 3088 5400 Origenis
3119 5328 3374 5386 haereses,
3406 5338 3516 5400 non
3542 5324 3619 5379 ad

2087 5346 2226 5393 Iane,
2262 5346 2317 5384 et
2338 5346 2405 5384 aa
2431 5346 2824 5400 praeaamnaras
2840 5346 3088 5396 urigems
3119 5346 3374 5386 naereses,
3406 5346 3516 5379 non
3542 5346 3619 5379 au

2045 5346 2266 5456 Batrum
2291 5402 2575 5470 opiniones
2608 5400 2869 5454 hactenus
2917 5398 3263 5470 obtinentes,
3317 5394 3621 5463 respicien-

2046 5472 2195 5526 tibus
2229 5490 2243 5525 :
2274 5464 2380 5540 qua
2400 5472 2467 5525 de
2488 5486 2544 5540 re
2570 5470 2834 5524 videndus
2863 5469 2929 5522 ad
2954 5468 3180 5540 primam
3195 5464 3275 5519 De
3294 5474 3458 5520 creat.
3488 5482 3630 5523 vere

2048 5539 2479 5617 angelusjtacis,
2501 5539 3139 5617 Prameplor‘nngelicus.

2119 5606 2231 5680 (85)
2276 5606 2370 5677 Ὡς
2397 5606 2763 5680 παρετγυᾷς.
2796 5606 2937 5670 AL,‘
2970 5606 3158 5680 ὥσπερ
3192 5606 3415 5675 ὲγγυᾷς,

2120 5617 2212 5678 (85
2276 5617 2370 5677 Ὡς
2397 5627 2756 5680 παρεγγυςις.
2796 5617 2908 5670 ΑΙ..
2970 5617 3158 5677 ὥσπερ
3192 5617 3276 5673 an

2120 5617 2231 5753 (86;
2258 5680 2690 5750 Συμπαρέσται.
2725 5677 2885 5737 Forte
2919 5677 3276 5749 συμπάρεστι.
