  <div class='ocr_page' id='page_1' title='image "/cluster/home/n/w/nwhite01/storage/ocr_20150623/18/nnc1.0046978550/168.png"; bbox 0 0 3864 6162; ppageno 0'>
   <div class='ocr_carea' id='block_1_1' title="bbox 197 283 300 341">
    <p class='ocr_par' dir='ltr' id='par_1_1' title="bbox 197 283 300 341">
     <span class='ocr_line' id='line_1_1' title="bbox 197 283 300 341; baseline 0.019 -3"><span class='ocrx_word' id='word_1_1' title='bbox 197 283 300 341; x_wconf 67' lang='grc'><strong>521</strong></span> 
     </span>
    </p>
   </div>
   <div class='ocr_carea' id='block_1_2' title="bbox 1295 285 2398 345">
    <p class='ocr_par' dir='ltr' id='par_1_2' title="bbox 1295 285 2398 345">
     <span class='ocr_line' id='line_1_2' title="bbox 1295 285 2398 345; baseline 0.002 -3"><span class='ocrx_word' id='word_1_2' title='bbox 1295 286 1389 342; x_wconf 72' lang='lat' dir='ltr'><strong>EX</strong></span> <span class='ocrx_word' id='word_1_3' title='bbox 1427 287 1632 344; x_wconf 81' lang='lat' dir='ltr'><strong>LIBRO</strong></span> <span class='ocrx_word' id='word_1_4' title='bbox 1675 287 1763 341; x_wconf 89' lang='lat' dir='ltr'><strong>DE</strong></span> <span class='ocrx_word' id='word_1_5' title='bbox 1801 285 2398 345; x_wconf 70' lang='lat' dir='ltr'><strong>RESURRECTIONE.</strong></span> 
     </span>
    </p>
   </div>
   <div class='ocr_carea' id='block_1_3' title="bbox 3355 297 3462 352">
    <p class='ocr_par' dir='ltr' id='par_1_3' title="bbox 3355 297 3462 352">
     <span class='ocr_line' id='line_1_3' title="bbox 3355 297 3462 352; baseline 0 0"><span class='ocrx_word' id='word_1_6' title='bbox 3355 297 3462 352; x_wconf 69' lang='lat'><strong>39.9</strong></span> 
     </span>
    </p>
   </div>
   <div class='ocr_carea' id='block_1_4' title="bbox 201 407 1776 486">
    <p class='ocr_par' dir='ltr' id='par_1_4' title="bbox 201 407 1772 483">
     <span class='ocr_line' id='line_1_4' title="bbox 201 407 1772 483; baseline 0.003 -21"><span class='ocrx_word' id='word_1_7' title='bbox 201 407 528 478; x_wconf 72' lang='grc' dir='ltr'><strong>τελευτήσας</strong></span> <span class='ocrx_word' id='word_1_8' title='bbox 563 408 684 479; x_wconf 83' lang='grc' dir='ltr'>μὲν.</span> <span class='ocrx_word' id='word_1_9' title='bbox 721 407 958 472; x_wconf 78' lang='grc' dir='ltr'>ἀναστάς</span> <span class='ocrx_word' id='word_1_10' title='bbox 987 407 1043 462; x_wconf 73' lang='grc' dir='ltr'>δὲ</span> <span class='ocrx_word' id='word_1_11' title='bbox 1081 408 1181 481; x_wconf 74' lang='grc' dir='ltr'>ἤδη</span> <span class='ocrx_word' id='word_1_12' title='bbox 1217 409 1281 463; x_wconf 85' lang='grc' dir='ltr'><strong>ἐκ</strong></span> <span class='ocrx_word' id='word_1_13' title='bbox 1309 411 1520 483; x_wconf 81' lang='grc' dir='ltr'>νεκρῶν</span> <span class='ocrx_word' id='word_1_14' title='bbox 1544 412 1772 466; x_wconf 80' lang='grc' dir='ltr'><strong>οὐδέπω.</strong></span> 
     </span>
    </p>
   </div>
   <div class='ocr_carea' id='block_1_5' title="bbox 1881 407 3458 486">
    <p class='ocr_par' dir='ltr' id='par_1_5' title="bbox 1881 409 3458 486">
     <span class='ocr_line' id='line_1_5' title="bbox 1881 409 3458 486; baseline 0.003 -21"><span class='ocrx_word' id='word_1_15' title='bbox 1881 425 2007 481; x_wconf 86' lang='lat' dir='ltr'><strong>ergo</strong></span> <span class='ocrx_word' id='word_1_16' title='bbox 2041 409 2152 480; x_wconf 85' lang='lat'><strong>(88)</strong></span> <span class='ocrx_word' id='word_1_17' title='bbox 2186 410 2439 481; x_wconf 91' lang='lat' dir='ltr'><strong>apparuit</strong></span> <span class='ocrx_word' id='word_1_18' title='bbox 2465 425 2592 466; x_wconf 92' lang='lat' dir='ltr'><strong>cum</strong></span> <span class='ocrx_word' id='word_1_19' title='bbox 2621 426 2872 484; x_wconf 91' lang='lat' dir='ltr'><strong>corpore,</strong></span> <span class='ocrx_word' id='word_1_20' title='bbox 2932 419 3158 483; x_wconf 82' lang='lat' dir='ltr'><strong>eratque</strong></span> <span class='ocrx_word' id='word_1_21' title='bbox 3180 423 3458 486; x_wconf 88' lang='lat' dir='ltr'><strong>mortuus;</strong></span> 
     </span>
    </p>
   </div>
   <div class='ocr_carea' id='block_1_6' title="bbox 202 497 1783 574">
    <p class='ocr_par' dir='ltr' id='par_1_6' title="bbox 202 497 1783 574">
     <span class='ocr_line' id='line_1_6' title="bbox 202 497 1783 574; baseline 0.001 -21"><span class='ocrx_word' id='word_1_22' title='bbox 202 499 311 553; x_wconf 80' lang='lat' dir='ltr'><strong>Kal.</strong></span> <span class='ocrx_word' id='word_1_23' title='bbox 334 497 503 552; x_wconf 81' lang='grc' dir='ltr'>ταῦτα</span> <span class='ocrx_word' id='word_1_24' title='bbox 533 498 618 551; x_wconf 82' lang='grc' dir='ltr'>ἵνα</span> <span class='ocrx_word' id='word_1_25' title='bbox 647 499 711 570; x_wconf 81' lang='grc' dir='ltr'>δὴ</span> <span class='ocrx_word' id='word_1_26' title='bbox 746 501 1196 572; x_wconf 82' lang='grc' dir='ltr'><strong>συγχωρήσωμεν</strong></span> <span class='ocrx_word' id='word_1_27' title='bbox 1221 501 1299 572; x_wconf 84' lang='grc' dir='ltr'>τῷ</span> <span class='ocrx_word' id='word_1_28' title='bbox 1337 502 1620 574; x_wconf 84' lang='grc' dir='ltr'>Ὠριγένει,</span> <span class='ocrx_word' id='word_1_29' title='bbox 1661 502 1783 557; x_wconf 85' lang='grc' dir='ltr'>καθ’</span> 
     </span>
    </p>
   </div>
   <div class='ocr_carea' id='block_1_7' title="bbox 201 587 1786 665">
    <p class='ocr_par' dir='ltr' id='par_1_7' title="bbox 201 587 1786 665">
     <span class='ocr_line' id='line_1_7' title="bbox 201 587 1786 665; baseline 0.002 -22"><span class='ocrx_word' id='word_1_30' title='bbox 201 591 361 644; x_wconf 81' lang='grc' dir='ltr'>ἐαυτὸ</span> <span class='ocrx_word' id='word_1_31' title='bbox 393 591 454 644; x_wconf 91' lang='lat' dir='ltr'><strong>rb</strong></span> <span class='ocrx_word' id='word_1_32' title='bbox 503 587 643 655; x_wconf 79' lang='grc' dir='ltr'>εἶδος</span> <span class='ocrx_word' id='word_1_33' title='bbox 681 591 891 660; x_wconf 88' lang='grc' dir='ltr'>λέγοντι</span> <span class='ocrx_word' id='word_1_34' title='bbox 942 591 1083 662; x_wconf 81' lang='grc' dir='ltr'>μετὰ</span> <span class='ocrx_word' id='word_1_35' title='bbox 1115 592 1214 664; x_wconf 80' lang='grc' dir='ltr'>τὴν</span> <span class='ocrx_word' id='word_1_36' title='bbox 1254 593 1510 665; x_wconf 84' lang='grc' dir='ltr'>τελευτὴν</span> <span class='ocrx_word' id='word_1_37' title='bbox 1554 592 1786 658; x_wconf 81' lang='grc' dir='ltr'>ἀποζευ-</span> 
     </span>
    </p>
   </div>
   <div class='ocr_carea' id='block_1_8' title="bbox 200 683 1784 758">
    <p class='ocr_par' dir='ltr' id='par_1_8' title="bbox 200 683 1784 758">
     <span class='ocr_line' id='line_1_8' title="bbox 200 683 1784 758; baseline 0.001 -22"><span class='ocrx_word' id='word_1_38' title='bbox 200 683 469 753; x_wconf 75' lang='grc' dir='ltr'>γνύμενον</span> <span class='ocrx_word' id='word_1_39' title='bbox 511 684 620 736; x_wconf 82' lang='grc' dir='ltr'><strong>ἀπὸ</strong></span> <span class='ocrx_word' id='word_1_40' title='bbox 651 683 743 738; x_wconf 80' lang='grc' dir='ltr'><strong>τοῦ</strong></span> <span class='ocrx_word' id='word_1_41' title='bbox 782 683 1032 756; x_wconf 85' lang='grc' dir='ltr'>σώματος</span> <span class='ocrx_word' id='word_1_42' title='bbox 1061 687 1126 755; x_wconf 80' lang='grc' dir='ltr'><strong>τῇ</strong></span> <span class='ocrx_word' id='word_1_43' title='bbox 1174 684 1320 755; x_wconf 78' lang='grc' dir='ltr'>ψυχῇ</span> <span class='ocrx_word' id='word_1_44' title='bbox 1350 684 1610 750; x_wconf 81' lang='grc' dir='ltr'><strong>δίδοσθαι,</strong></span> <span class='ocrx_word' id='word_1_45' title='bbox 1647 687 1784 758; x_wconf 84' lang='grc' dir='ltr'>ὅπερ</span> 
     </span>
    </p>
   </div>
   <div class='ocr_carea' id='block_1_9' title="bbox 198 775 1784 849">
    <p class='ocr_par' dir='ltr' id='par_1_9' title="bbox 198 775 1784 849">
     <span class='ocr_line' id='line_1_9' title="bbox 198 775 1784 849; baseline 0.003 -21"><span class='ocrx_word' id='word_1_46' title='bbox 198 777 348 828; x_wconf 77' lang='grc' dir='ltr'>ἐστὶν</span> <span class='ocrx_word' id='word_1_47' title='bbox 379 775 633 830; x_wconf 78' lang='grc' dir='ltr'>ἁπάντων</span> <span class='ocrx_word' id='word_1_48' title='bbox 663 775 945 840; x_wconf 82' lang='grc' dir='ltr'>ἀδύνατον,</span> <span class='ocrx_word' id='word_1_49' title='bbox 974 776 1052 848; x_wconf 82' lang='grc' dir='ltr'><strong>τῷ</strong></span> <span class='ocrx_word' id='word_1_50' title='bbox 1083 777 1522 849; x_wconf 83' lang='grc' dir='ltr'>προαπόλλυσθαι</span> <span class='ocrx_word' id='word_1_51' title='bbox 1554 779 1614 832; x_wconf 92' lang='lat' dir='ltr'><strong>rb</strong></span> <span class='ocrx_word' id='word_1_52' title='bbox 1646 775 1784 843; x_wconf 76' lang='grc' dir='ltr'>εἶδος</span> 
     </span>
    </p>
   </div>
   <div class='ocr_carea' id='block_1_10' title="bbox 198 866 1784 942">
    <p class='ocr_par' dir='ltr' id='par_1_10' title="bbox 198 866 1784 942">
     <span class='ocr_line' id='line_1_10' title="bbox 198 866 1784 942; baseline 0.003 -23"><span class='ocrx_word' id='word_1_53' title='bbox 198 867 310 920; x_wconf 82' lang='grc' dir='ltr'><strong>τῶν</strong></span> <span class='ocrx_word' id='word_1_54' title='bbox 361 866 580 940; x_wconf 81' lang='grc' dir='ltr'><strong>σαρκῶν</strong></span> <span class='ocrx_word' id='word_1_55' title='bbox 634 869 692 921; x_wconf 88' lang='grc' dir='ltr'><strong>ἐν</strong></span> <span class='ocrx_word' id='word_1_56' title='bbox 737 871 861 932; x_wconf 81' lang='grc' dir='ltr'>ταῖς</span> <span class='ocrx_word' id='word_1_57' title='bbox 903 868 1242 934; x_wconf 81' lang='grc' dir='ltr'>άλλοιὼσεσι,</span> <span class='ocrx_word' id='word_1_58' title='bbox 1295 868 1544 942; x_wconf 83' lang='grc' dir='ltr'>καθάπερ</span> <span class='ocrx_word' id='word_1_59' title='bbox 1577 870 1673 923; x_wconf 74' lang='grc' dir='ltr'>καὶ</span> <span class='ocrx_word' id='word_1_60' title='bbox 1722 870 1784 923; x_wconf 90' lang='lat' dir='ltr'><strong>rb</strong></span> 
     </span>
    </p>
   </div>
   <div class='ocr_carea' id='block_1_11' title="bbox 198 960 1784 1034">
    <p class='ocr_par' dir='ltr' id='par_1_11' title="bbox 198 960 1784 1034">
     <span class='ocr_line' id='line_1_11' title="bbox 198 960 1784 1034; baseline -0.01 -16"><span class='ocrx_word' id='word_1_61' title='bbox 198 960 389 1030; x_wconf 83' lang='grc' dir='ltr'>σχῆμα</span> <span class='ocrx_word' id='word_1_62' title='bbox 422 960 514 1014; x_wconf 81' lang='grc' dir='ltr'>τοῦ</span> <span class='ocrx_word' id='word_1_63' title='bbox 549 962 1026 1033; x_wconf 88' lang='grc' dir='ltr'>συγχωνευομένου</span> <span class='ocrx_word' id='word_1_64' title='bbox 1069 961 1384 1034; x_wconf 83' lang='grc' dir='ltr'><strong>ἀνδριάντος</strong></span> <span class='ocrx_word' id='word_1_65' title='bbox 1415 961 1522 1033; x_wconf 85' lang='grc' dir='ltr'>πρὸ</span> <span class='ocrx_word' id='word_1_66' title='bbox 1547 963 1646 1034; x_wconf 81' lang='grc' dir='ltr'><strong>τῆς</strong></span> <span class='ocrx_word' id='word_1_67' title='bbox 1668 961 1784 1016; x_wconf 81' lang='grc' dir='ltr'>δια..</span> 
     </span>
    </p>
   </div>
   <div class='ocr_carea' id='block_1_12' title="bbox 196 1051 1782 1125">
    <p class='ocr_par' dir='ltr' id='par_1_12' title="bbox 196 1051 1782 1125">
     <span class='ocr_line' id='line_1_12' title="bbox 196 1051 1782 1125; baseline 0.001 -21"><span class='ocrx_word' id='word_1_68' title='bbox 196 1051 408 1116; x_wconf 77' lang='grc' dir='ltr'>λύσεως</span> <span class='ocrx_word' id='word_1_69' title='bbox 430 1051 522 1106; x_wconf 81' lang='grc' dir='ltr'><strong>τοῦ</strong></span> <span class='ocrx_word' id='word_1_70' title='bbox 552 1052 694 1106; x_wconf 84' lang='grc' dir='ltr'>ὅλου.</span> <span class='ocrx_word' id='word_1_71' title='bbox 735 1054 856 1106; x_wconf 84' lang='grc' dir='ltr'><strong>Ὅτι</strong></span> <span class='ocrx_word' id='word_1_72' title='bbox 896 1052 970 1124; x_wconf 84' lang='grc' dir='ltr'>μὴ</span> <span class='ocrx_word' id='word_1_73' title='bbox 1015 1051 1236 1107; x_wconf 86' lang='grc' dir='ltr'>δύναται</span> <span class='ocrx_word' id='word_1_74' title='bbox 1282 1052 1612 1125; x_wconf 75' lang='grc' dir='ltr'><strong>χωρίζεσθαι</strong></span> <span class='ocrx_word' id='word_1_75' title='bbox 1657 1053 1782 1108; x_wconf 82' lang='grc' dir='ltr'>καθ’</span> 
     </span>
    </p>
   </div>
   <div class='ocr_carea' id='block_1_13' title="bbox 198 1145 1783 1218">
    <p class='ocr_par' dir='ltr' id='par_1_13' title="bbox 198 1145 1783 1218">
     <span class='ocr_line' id='line_1_13' title="bbox 198 1145 1783 1218; baseline 0.001 -19"><span class='ocrx_word' id='word_1_76' title='bbox 198 1146 498 1199; x_wconf 74' lang='grc' dir='ltr'>ὑπόστασιν</span> <span class='ocrx_word' id='word_1_77' title='bbox 531 1147 638 1200; x_wconf 81' lang='grc' dir='ltr'><strong>ἀπὸ</strong></span> <span class='ocrx_word' id='word_1_78' title='bbox 678 1146 778 1216; x_wconf 84' lang='grc' dir='ltr'>τῆς</span> <span class='ocrx_word' id='word_1_79' title='bbox 808 1145 942 1217; x_wconf 78' lang='grc' dir='ltr'>ὕλης</span> <span class='ocrx_word' id='word_1_80' title='bbox 985 1148 1018 1218; x_wconf 81' lang='grc' dir='ltr'><strong>ἡ</strong></span> <span class='ocrx_word' id='word_1_81' title='bbox 1053 1146 1307 1216; x_wconf 80' lang='grc' dir='ltr'><strong>ποιότης·</strong></span> <span class='ocrx_word' id='word_1_82' title='bbox 1342 1145 1633 1217; x_wconf 78' lang='grc' dir='ltr'><strong>χωρίζεται</strong></span> <span class='ocrx_word' id='word_1_83' title='bbox 1683 1146 1783 1218; x_wconf 84' lang='grc' dir='ltr'>μὲν</span> 
     </span>
    </p>
   </div>
   <div class='ocr_carea' id='block_1_14' title="bbox 197 1236 1782 1311">
    <p class='ocr_par' dir='ltr' id='par_1_14' title="bbox 197 1236 1782 1311">
     <span class='ocr_line' id='line_1_14' title="bbox 197 1236 1782 1311; baseline 0.002 -22"><span class='ocrx_word' id='word_1_84' title='bbox 197 1236 311 1308; x_wconf 78' lang='grc' dir='ltr'><strong>γὰρ</strong></span> <span class='ocrx_word' id='word_1_85' title='bbox 362 1237 468 1290; x_wconf 84' lang='grc' dir='ltr'><strong>ἀπὸ</strong></span> <span class='ocrx_word' id='word_1_86' title='bbox 528 1237 622 1292; x_wconf 79' lang='grc' dir='ltr'><strong>τοῦ</strong></span> <span class='ocrx_word' id='word_1_87' title='bbox 677 1238 995 1310; x_wconf 80' lang='grc' dir='ltr'>ἀνδριάντος</span> <span class='ocrx_word' id='word_1_88' title='bbox 1041 1237 1404 1309; x_wconf 87' lang='grc' dir='ltr'>χωνευθέντος</span> <span class='ocrx_word' id='word_1_89' title='bbox 1453 1240 1487 1310; x_wconf 85' lang='grc' dir='ltr'>ὴ</span> <span class='ocrx_word' id='word_1_90' title='bbox 1534 1239 1661 1311; x_wconf 78' lang='grc' dir='ltr'>περὶ</span> <span class='ocrx_word' id='word_1_91' title='bbox 1703 1239 1782 1310; x_wconf 86' lang='grc' dir='ltr'><strong>τῷ</strong></span> 
     </span>
    </p>
   </div>
   <div class='ocr_carea' id='block_1_15' title="bbox 197 1329 1780 1403">
    <p class='ocr_par' dir='ltr' id='par_1_15' title="bbox 197 1329 1780 1403">
     <span class='ocr_line' id='line_1_15' title="bbox 197 1329 1780 1403; baseline 0.001 -20"><span class='ocrx_word' id='word_1_92' title='bbox 197 1329 388 1401; x_wconf 79' lang='grc' dir='ltr'>χαλκῷ</span> <span class='ocrx_word' id='word_1_93' title='bbox 440 1331 621 1402; x_wconf 82' lang='grc' dir='ltr'>μορφὴ</span> <span class='ocrx_word' id='word_1_94' title='bbox 652 1329 1044 1402; x_wconf 81' lang='grc' dir='ltr'>ἀφανιζομένη,</span> <span class='ocrx_word' id='word_1_95' title='bbox 1095 1331 1157 1384; x_wconf 89' lang='grc' dir='ltr'><strong>οὑ</strong></span> <span class='ocrx_word' id='word_1_96' title='bbox 1212 1331 1319 1403; x_wconf 80' lang='grc' dir='ltr'>μὴν</span> <span class='ocrx_word' id='word_1_97' title='bbox 1367 1331 1658 1401; x_wconf 81' lang='grc' dir='ltr'>ὑφεστῶσα</span> <span class='ocrx_word' id='word_1_98' title='bbox 1701 1330 1780 1385; x_wconf 78' lang='grc' dir='ltr'>ἔτι</span> 
     </span>
    </p>
   </div>
   <div class='ocr_carea' id='block_1_16' title="bbox 197 1423 561 1480">
    <p class='ocr_par' dir='ltr' id='par_1_16' title="bbox 197 1423 561 1480">
     <span class='ocr_line' id='line_1_16' title="bbox 197 1423 561 1480; baseline 0.003 -4"><span class='ocrx_word' id='word_1_99' title='bbox 197 1426 323 1477; x_wconf 79' lang='grc' dir='ltr'>κατ’</span> <span class='ocrx_word' id='word_1_100' title='bbox 355 1423 561 1480; x_wconf 76' lang='grc' dir='ltr'>οὐσίαν.</span> 
     </span>
    </p>
   </div>
   <div class='ocr_carea' id='block_1_17' title="bbox 269 1512 1782 1589">
    <p class='ocr_par' dir='ltr' id='par_1_17' title="bbox 269 1512 1782 1589">
     <span class='ocr_line' id='line_1_17' title="bbox 269 1512 1782 1589; baseline -0.001 -19"><span class='ocrx_word' id='word_1_101' title='bbox 269 1514 370 1570; x_wconf 85' lang='grc' dir='ltr'><strong>1Ε’.</strong></span> <span class='ocrx_word' id='word_1_102' title='bbox 423 1517 575 1570; x_wconf 70' lang='grc' dir='ltr'>Ἐπεὶ</span> <span class='ocrx_word' id='word_1_103' title='bbox 605 1516 661 1570; x_wconf 88' lang='grc' dir='ltr'>δὲ</span> <span class='ocrx_word' id='word_1_104' title='bbox 688 1516 907 1586; x_wconf 84' lang='grc' dir='ltr'>λέγεται</span> <span class='ocrx_word' id='word_1_105' title='bbox 933 1517 992 1570; x_wconf 86' lang='grc' dir='ltr'><strong>ἐν</strong></span> <span class='ocrx_word' id='word_1_106' title='bbox 1011 1515 1089 1587; x_wconf 80' lang='grc' dir='ltr'>τῷ</span> <span class='ocrx_word' id='word_1_107' title='bbox 1111 1515 1328 1588; x_wconf 81' lang='grc' dir='ltr'>θανάτῳ</span> <span class='ocrx_word' id='word_1_108' title='bbox 1357 1517 1418 1570; x_wconf 82' lang='grc' dir='ltr'>τὸ</span> <span class='ocrx_word' id='word_1_109' title='bbox 1452 1512 1590 1581; x_wconf 75' lang='grc' dir='ltr'>εἶδος</span> <span class='ocrx_word' id='word_1_110' title='bbox 1615 1516 1782 1589; x_wconf 90' lang='grc' dir='ltr'>χωρί-</span> 
     </span>
    </p>
   </div>
   <div class='ocr_carea' id='block_1_18' title="bbox 197 1607 1779 1681">
    <p class='ocr_par' dir='ltr' id='par_1_18' title="bbox 197 1607 1779 1681">
     <span class='ocr_line' id='line_1_18' title="bbox 197 1607 1779 1681; baseline 0 -19"><span class='ocrx_word' id='word_1_111' title='bbox 197 1608 390 1674; x_wconf 82' lang='grc' dir='ltr'>ζεσθαι</span> <span class='ocrx_word' id='word_1_112' title='bbox 419 1609 528 1664; x_wconf 79' lang='grc' dir='ltr'><strong>άπὸ</strong></span> <span class='ocrx_word' id='word_1_113' title='bbox 570 1609 671 1680; x_wconf 83' lang='grc' dir='ltr'>τῆς</span> <span class='ocrx_word' id='word_1_114' title='bbox 708 1610 944 1681; x_wconf 79' lang='grc' dir='ltr'>σαρκὸς,</span> <span class='ocrx_word' id='word_1_115' title='bbox 978 1609 1132 1680; x_wconf 83' lang='grc' dir='ltr'>φέρε,</span> <span class='ocrx_word' id='word_1_116' title='bbox 1172 1609 1232 1662; x_wconf 90' lang='lat' dir='ltr'><strong>rb</strong></span> <span class='ocrx_word' id='word_1_117' title='bbox 1265 1607 1630 1680; x_wconf 77' lang='grc' dir='ltr'>χωριζόμενον</span> <span class='ocrx_word' id='word_1_118' title='bbox 1681 1626 1779 1662; x_wconf 81' lang='grc' dir='ltr'>πο-</span> 
     </span>
    </p>
   </div>
   <div class='ocr_carea' id='block_1_19' title="bbox 198 1700 1778 1773">
    <p class='ocr_par' dir='ltr' id='par_1_19' title="bbox 198 1700 1778 1773">
     <span class='ocr_line' id='line_1_19' title="bbox 198 1700 1778 1773; baseline -0.001 -17"><span class='ocrx_word' id='word_1_119' title='bbox 198 1702 380 1773; x_wconf 84' lang='grc' dir='ltr'>σαχῶς</span> <span class='ocrx_word' id='word_1_120' title='bbox 424 1702 640 1771; x_wconf 86' lang='grc' dir='ltr'>λέγεται</span> <span class='ocrx_word' id='word_1_121' title='bbox 689 1700 1037 1773; x_wconf 82' lang='grc' dir='ltr'>χωρίζεσθαι,</span> <span class='ocrx_word' id='word_1_122' title='bbox 1074 1700 1516 1772; x_wconf 75' lang='grc' dir='ltr'>ἐπισκεψώμεθα.</span> <span class='ocrx_word' id='word_1_123' title='bbox 1548 1700 1778 1770; x_wconf 86' lang='grc' dir='ltr'>Λέγεται</span> 
     </span>
    </p>
   </div>
   <div class='ocr_carea' id='block_1_20' title="bbox 1887 503 3462 573">
    <p class='ocr_par' dir='ltr' id='par_1_20' title="bbox 1887 503 3462 573">
     <span class='ocr_line' id='line_1_20' title="bbox 1887 503 3462 573; baseline 0.006 -17"><span class='ocrx_word' id='word_1_124' title='bbox 1887 510 1942 556; x_wconf 91' lang='lat' dir='ltr'><strong>at</strong></span> <span class='ocrx_word' id='word_1_125' title='bbox 1975 518 2081 557; x_wconf 92' lang='lat' dir='ltr'><strong>non</strong></span> <span class='ocrx_word' id='word_1_126' title='bbox 2113 504 2259 559; x_wconf 90' lang='lat' dir='ltr'><strong>velut</strong></span> <span class='ocrx_word' id='word_1_127' title='bbox 2285 503 2398 573; x_wconf 83' lang='lat' dir='ltr'><strong>jam</strong></span> <span class='ocrx_word' id='word_1_128' title='bbox 2429 520 2494 559; x_wconf 78' lang='lat' dir='ltr'><strong>ex</strong></span> <span class='ocrx_word' id='word_1_129' title='bbox 2529 506 2763 560; x_wconf 77' lang='lat' dir='ltr'><strong>mortuis</strong></span> <span class='ocrx_word' id='word_1_130' title='bbox 2795 507 3207 562; x_wconf 82' lang='lat' dir='ltr'><strong>resurrexisset.</strong></span> <span class='ocrx_word' id='word_1_131' title='bbox 3247 507 3313 562; x_wconf 89' lang='lat' dir='ltr'><strong>Et</strong></span> <span class='ocrx_word' id='word_1_132' title='bbox 3345 510 3462 566; x_wconf 83' lang='lat' dir='ltr'><strong>ha:c</strong></span> 
     </span>
    </p>
   </div>
   <div class='ocr_carea' id='block_1_21' title="bbox 1884 591 3464 667">
    <p class='ocr_par' dir='ltr' id='par_1_21' title="bbox 1884 591 3464 667">
     <span class='ocr_line' id='line_1_21' title="bbox 1884 591 3464 667; baseline 0.007 -23"><span class='ocrx_word' id='word_1_133' title='bbox 1884 599 1945 644; x_wconf 93' lang='lat' dir='ltr'><strong>ut</strong></span> <span class='ocrx_word' id='word_1_134' title='bbox 1966 591 2158 648; x_wconf 89' lang='lat' dir='ltr'><strong>demus</strong></span> <span class='ocrx_word' id='word_1_135' title='bbox 2205 593 2408 664; x_wconf 89' lang='lat' dir='ltr'><strong>aliquid</strong></span> <span class='ocrx_word' id='word_1_136' title='bbox 2457 591 2700 665; x_wconf 84' lang='lat' dir='ltr'><strong>Origeni,</strong></span> <span class='ocrx_word' id='word_1_137' title='bbox 2751 596 2845 665; x_wconf 88' lang='lat' dir='ltr'><strong>qui</strong></span> <span class='ocrx_word' id='word_1_138' title='bbox 2891 597 3063 666; x_wconf 87' lang='lat' dir='ltr'><strong>ipsam</strong></span> <span class='ocrx_word' id='word_1_139' title='bbox 3107 612 3206 667; x_wconf 86' lang='lat' dir='ltr'><strong>per</strong></span> <span class='ocrx_word' id='word_1_140' title='bbox 3252 614 3312 654; x_wconf 86' lang='lat' dir='ltr'><strong>se</strong></span> <span class='ocrx_word' id='word_1_141' title='bbox 3347 600 3464 654; x_wconf 84' lang='lat' dir='ltr'><strong>for-</strong></span> 
     </span>
    </p>
   </div>
   <div class='ocr_carea' id='block_1_22' title="bbox 1884 688 3464 758">
    <p class='ocr_par' dir='ltr' id='par_1_22' title="bbox 1884 688 3464 758">
     <span class='ocr_line' id='line_1_22' title="bbox 1884 688 3464 758; baseline 0.007 -22"><span class='ocrx_word' id='word_1_142' title='bbox 1884 699 2051 747; x_wconf 88' lang='lat' dir='ltr'><strong>mam,</strong></span> <span class='ocrx_word' id='word_1_143' title='bbox 2089 693 2213 754; x_wconf 91' lang='lat' dir='ltr'><strong>post</strong></span> <span class='ocrx_word' id='word_1_144' title='bbox 2255 693 2484 741; x_wconf 92' lang='lat' dir='ltr'><strong>mortem</strong></span> <span class='ocrx_word' id='word_1_145' title='bbox 2537 701 2567 740; x_wconf 90' lang='lat' dir='ltr'><strong>a</strong></span> <span class='ocrx_word' id='word_1_146' title='bbox 2606 703 2837 758; x_wconf 89' lang='lat' dir='ltr'><strong>corpore</strong></span> <span class='ocrx_word' id='word_1_147' title='bbox 2887 688 3215 758; x_wconf 78' lang='lat' dir='ltr'><strong>sejunctam,</strong></span> <span class='ocrx_word' id='word_1_148' title='bbox 3265 693 3464 748; x_wconf 73' lang='lat' dir='ltr'><strong>anima:</strong></span> 
     </span>
    </p>
   </div>
   <div class='ocr_carea' id='block_1_23' title="bbox 1884 772 3465 850">
    <p class='ocr_par' dir='ltr' id='par_1_23' title="bbox 1884 772 3465 850">
     <span class='ocr_line' id='line_1_23' title="bbox 1884 772 3465 850; baseline 0.006 -24"><span class='ocrx_word' id='word_1_149' title='bbox 1884 772 2040 826; x_wconf 85' lang='lat' dir='ltr'><strong>reddi</strong></span> <span class='ocrx_word' id='word_1_150' title='bbox 2070 773 2225 840; x_wconf 88' lang='lat' dir='ltr'><strong>dicit,</strong></span> <span class='ocrx_word' id='word_1_151' title='bbox 2255 775 2399 845; x_wconf 91' lang='lat' dir='ltr'><strong>quod</strong></span> <span class='ocrx_word' id='word_1_152' title='bbox 2441 790 2553 846; x_wconf 70' lang='lat' dir='ltr'><strong>prae</strong></span> <span class='ocrx_word' id='word_1_153' title='bbox 2591 777 2849 832; x_wconf 90' lang='lat' dir='ltr'><strong>omnibus</strong></span> <span class='ocrx_word' id='word_1_154' title='bbox 2881 777 3066 833; x_wconf 90' lang='lat' dir='ltr'><strong>minus</strong></span> <span class='ocrx_word' id='word_1_155' title='bbox 3099 779 3314 834; x_wconf 89' lang='lat' dir='ltr'><strong>videtur</strong></span> <span class='ocrx_word' id='word_1_156' title='bbox 3335 796 3465 850; x_wconf 91' lang='lat' dir='ltr'><strong>pos-</strong></span> 
     </span>
    </p>
   </div>
   <div class='ocr_carea' id='block_1_24' title="bbox 1884 866 3463 944">
    <p class='ocr_par' dir='ltr' id='par_1_24' title="bbox 1884 866 3463 944">
     <span class='ocr_line' id='line_1_24' title="bbox 1884 866 3463 944; baseline 0.003 -22"><span class='ocrx_word' id='word_1_157' title='bbox 1884 867 2070 930; x_wconf 80' lang='lat' dir='ltr'><strong>sibile;</strong></span> <span class='ocrx_word' id='word_1_158' title='bbox 2103 882 2166 921; x_wconf 91' lang='lat' dir='ltr'><strong>eo</strong></span> <span class='ocrx_word' id='word_1_159' title='bbox 2190 866 2335 936; x_wconf 88' lang='lat' dir='ltr'><strong>quod</strong></span> <span class='ocrx_word' id='word_1_160' title='bbox 2378 867 2432 921; x_wconf 91' lang='lat' dir='ltr'><strong>in</strong></span> <span class='ocrx_word' id='word_1_161' title='bbox 2482 868 2924 933; x_wconf 89' lang='lat' dir='ltr'><strong>alterationibus,</strong></span> <span class='ocrx_word' id='word_1_162' title='bbox 2953 871 3104 940; x_wconf 91' lang='lat' dir='ltr'><strong>prior</strong></span> <span class='ocrx_word' id='word_1_163' title='bbox 3149 870 3322 926; x_wconf 88' lang='lat' dir='ltr'><strong>forma</strong></span> <span class='ocrx_word' id='word_1_164' title='bbox 3347 872 3463 944; x_wconf 86' lang='lat'><strong>(89)</strong></span> 
     </span>
    </p>
   </div>
   <div class='ocr_carea' id='block_1_25' title="bbox 1882 963 3466 1034">
    <p class='ocr_par' dir='ltr' id='par_1_25' title="bbox 1882 963 3466 1034">
     <span class='ocr_line' id='line_1_25' title="bbox 1882 963 3466 1034; baseline 0.006 -24"><span class='ocrx_word' id='word_1_165' title='bbox 1882 972 2046 1028; x_wconf 88' lang='lat' dir='ltr'><strong>quam</strong></span> <span class='ocrx_word' id='word_1_166' title='bbox 2079 972 2278 1013; x_wconf 90' lang='lat' dir='ltr'><strong>carnes</strong></span> <span class='ocrx_word' id='word_1_167' title='bbox 2309 969 2734 1030; x_wconf 86' lang='lat' dir='ltr'><strong>corrumpatur;</strong></span> <span class='ocrx_word' id='word_1_168' title='bbox 2780 971 2840 1014; x_wconf 91' lang='lat' dir='ltr'><strong>ut</strong></span> <span class='ocrx_word' id='word_1_169' title='bbox 2883 969 2938 1017; x_wconf 93' lang='lat' dir='ltr'><strong>et</strong></span> <span class='ocrx_word' id='word_1_170' title='bbox 2989 963 3160 1034; x_wconf 81' lang='lat' dir='ltr'><strong>ﬁgura</strong></span> <span class='ocrx_word' id='word_1_171' title='bbox 3193 965 3327 1021; x_wconf 67' lang='lat' dir='ltr'><strong>fusae</strong></span> <span class='ocrx_word' id='word_1_172' title='bbox 3358 979 3466 1023; x_wconf 88' lang='lat' dir='ltr'><strong>sta-</strong></span> 
     </span>
    </p>
   </div>
   <div class='ocr_carea' id='block_1_26' title="bbox 1883 1047 3460 1120">
    <p class='ocr_par' dir='ltr' id='par_1_26' title="bbox 1883 1047 3460 1120">
     <span class='ocr_line' id='line_1_26' title="bbox 1883 1047 3460 1120; baseline 0.008 -17"><span class='ocrx_word' id='word_1_173' title='bbox 1883 1057 1990 1104; x_wconf 70' lang='lat' dir='ltr'><strong>tuae</strong></span> <span class='ocrx_word' id='word_1_174' title='bbox 2019 1047 2176 1116; x_wconf 89' lang='lat' dir='ltr'><strong>prius</strong></span> <span class='ocrx_word' id='word_1_175' title='bbox 2196 1065 2361 1120; x_wconf 91' lang='lat' dir='ltr'><strong>quam</strong></span> <span class='ocrx_word' id='word_1_176' title='bbox 2408 1057 2583 1105; x_wconf 93' lang='lat' dir='ltr'><strong>totum</strong></span> <span class='ocrx_word' id='word_1_177' title='bbox 2630 1052 2996 1110; x_wconf 86' lang='lat' dir='ltr'><strong>dissolutione</strong></span> <span class='ocrx_word' id='word_1_178' title='bbox 3036 1056 3294 1115; x_wconf 91' lang='lat' dir='ltr'><strong>intereat.</strong></span> <span class='ocrx_word' id='word_1_179' title='bbox 3337 1057 3460 1115; x_wconf 85' lang='lat' dir='ltr'><strong>Non</strong></span> 
     </span>
    </p>
   </div>
   <div class='ocr_carea' id='block_1_27' title="bbox 1881 1139 3464 1218">
    <p class='ocr_par' dir='ltr' id='par_1_27' title="bbox 1881 1139 3464 1218">
     <span class='ocr_line' id='line_1_27' title="bbox 1881 1139 3464 1218; baseline 0.005 -23"><span class='ocrx_word' id='word_1_180' title='bbox 1881 1139 2027 1196; x_wconf 91' lang='lat' dir='ltr'><strong>enim</strong></span> <span class='ocrx_word' id='word_1_181' title='bbox 2055 1147 2233 1209; x_wconf 89' lang='lat' dir='ltr'><strong>potest</strong></span> <span class='ocrx_word' id='word_1_182' title='bbox 2261 1141 2501 1210; x_wconf 86' lang='lat' dir='ltr'><strong>qualitas</strong></span> <span class='ocrx_word' id='word_1_183' title='bbox 2532 1156 2562 1195; x_wconf 91' lang='lat' dir='ltr'><strong>a</strong></span> <span class='ocrx_word' id='word_1_184' title='bbox 2595 1143 2823 1197; x_wconf 86' lang='lat' dir='ltr'><strong>materia</strong></span> <span class='ocrx_word' id='word_1_185' title='bbox 2865 1145 3133 1213; x_wconf 85' lang='lat' dir='ltr'><strong>separari,</strong></span> <span class='ocrx_word' id='word_1_186' title='bbox 3173 1148 3247 1201; x_wconf 89' lang='lat' dir='ltr'><strong>ita</strong></span> <span class='ocrx_word' id='word_1_187' title='bbox 3276 1153 3334 1202; x_wconf 93' lang='lat' dir='ltr'><strong>ut</strong></span> <span class='ocrx_word' id='word_1_188' title='bbox 3366 1163 3464 1218; x_wconf 88' lang='lat' dir='ltr'><strong>per</strong></span> 
     </span>
    </p>
   </div>
   <div class='ocr_carea' id='block_1_28' title="bbox 1882 1231 3462 1309">
    <p class='ocr_par' dir='ltr' id='par_1_28' title="bbox 1882 1231 3462 1309">
     <span class='ocr_line' id='line_1_28' title="bbox 1882 1231 3462 1309; baseline 0.006 -23"><span class='ocrx_word' id='word_1_189' title='bbox 1882 1246 1942 1287; x_wconf 91' lang='lat' dir='ltr'><strong>se</strong></span> <span class='ocrx_word' id='word_1_190' title='bbox 1967 1231 2199 1286; x_wconf 75' lang='lat' dir='ltr'><strong>exsistat</strong></span> <span class='ocrx_word' id='word_1_191' title='bbox 2230 1249 2243 1285; x_wconf 93' lang='lat'>:</span> <span class='ocrx_word' id='word_1_192' title='bbox 2269 1241 2556 1302; x_wconf 84' lang='lat' dir='ltr'><strong>separatur</strong></span> <span class='ocrx_word' id='word_1_193' title='bbox 2579 1232 2801 1303; x_wconf 90' lang='lat' dir='ltr'><strong>quidem</strong></span> <span class='ocrx_word' id='word_1_194' title='bbox 2836 1249 2866 1288; x_wconf 90' lang='lat' dir='ltr'><strong>a</strong></span> <span class='ocrx_word' id='word_1_195' title='bbox 2893 1235 3013 1290; x_wconf 87' lang='lat' dir='ltr'><strong>fusa</strong></span> <span class='ocrx_word' id='word_1_196' title='bbox 3043 1247 3220 1292; x_wconf 89' lang='lat' dir='ltr'><strong>statua</strong></span> <span class='ocrx_word' id='word_1_197' title='bbox 3251 1255 3373 1309; x_wconf 65' lang='lat' dir='ltr'><strong>quat</strong></span> <span class='ocrx_word' id='word_1_198' title='bbox 3401 1242 3462 1296; x_wconf 85' lang='lat' dir='ltr'><strong>in</strong></span> 
     </span>
    </p>
   </div>
   <div class='ocr_carea' id='block_1_29' title="bbox 1879 1320 3464 1406">
    <p class='ocr_par' dir='ltr' id='par_1_29' title="bbox 1879 1320 3464 1406">
     <span class='ocr_line' id='line_1_29' title="bbox 1879 1320 3464 1406; baseline 0.008 -28"><span class='ocrx_word' id='word_1_199' title='bbox 1879 1337 1988 1378; x_wconf 68' lang='lat' dir='ltr'><strong>aere</strong></span> <span class='ocrx_word' id='word_1_200' title='bbox 2031 1330 2136 1388; x_wconf 91' lang='lat' dir='ltr'><strong>est,</strong></span> <span class='ocrx_word' id='word_1_201' title='bbox 2168 1322 2346 1378; x_wconf 88' lang='lat' dir='ltr'><strong>deleta</strong></span> <span class='ocrx_word' id='word_1_202' title='bbox 2388 1320 2583 1390; x_wconf 90' lang='lat' dir='ltr'><strong>forma,</strong></span> <span class='ocrx_word' id='word_1_203' title='bbox 2622 1323 2702 1379; x_wconf 91' lang='lat' dir='ltr'><strong>sic</strong></span> <span class='ocrx_word' id='word_1_204' title='bbox 2752 1331 2936 1382; x_wconf 88' lang='lat' dir='ltr'><strong>tamen</strong></span> <span class='ocrx_word' id='word_1_205' title='bbox 2995 1333 3052 1382; x_wconf 92' lang='lat' dir='ltr'><strong>ut</strong></span> <span class='ocrx_word' id='word_1_206' title='bbox 3085 1343 3194 1383; x_wconf 91' lang='lat' dir='ltr'><strong>non</strong></span> <span class='ocrx_word' id='word_1_207' title='bbox 3227 1333 3464 1406; x_wconf 84' lang='lat' dir='ltr'><strong>amplius</strong></span> 
     </span>
    </p>
   </div>
   <div class='ocr_carea' id='block_1_30' title="bbox 1881 1415 2906 1472">
    <p class='ocr_par' dir='ltr' id='par_1_30' title="bbox 1881 1415 2906 1472">
     <span class='ocr_line' id='line_1_30' title="bbox 1881 1415 2906 1472; baseline 0.001 -2"><span class='ocrx_word' id='word_1_208' title='bbox 1881 1415 2184 1470; x_wconf 91' lang='lat' dir='ltr'><strong>secundum</strong></span> <span class='ocrx_word' id='word_1_209' title='bbox 2219 1415 2586 1469; x_wconf 87' lang='lat' dir='ltr'><strong>substantiam</strong></span> <span class='ocrx_word' id='word_1_210' title='bbox 2617 1416 2906 1472; x_wconf 89' lang='lat' dir='ltr'><strong>subsistat.</strong></span> 
     </span>
    </p>
   </div>
   <div class='ocr_carea' id='block_1_31' title="bbox 1951 1503 3467 1583">
    <p class='ocr_par' dir='ltr' id='par_1_31' title="bbox 1951 1503 3467 1583">
     <span class='ocr_line' id='line_1_31' title="bbox 1951 1503 3467 1583; baseline 0.009 -25"><span class='ocrx_word' id='word_1_211' title='bbox 1951 1503 2068 1560; x_wconf 81' lang='lat' dir='ltr'><strong>XV.</strong></span> <span class='ocrx_word' id='word_1_212' title='bbox 2101 1504 2239 1572; x_wconf 85' lang='lat' dir='ltr'><strong>Quia</strong></span> <span class='ocrx_word' id='word_1_213' title='bbox 2253 1521 2386 1560; x_wconf 85' lang='lat' dir='ltr'><strong>vero</strong></span> <span class='ocrx_word' id='word_1_214' title='bbox 2408 1505 2585 1560; x_wconf 89' lang='lat' dir='ltr'><strong>forma</strong></span> <span class='ocrx_word' id='word_1_215' title='bbox 2603 1521 2632 1558; x_wconf 90' lang='lat' dir='ltr'><strong>a</strong></span> <span class='ocrx_word' id='word_1_216' title='bbox 2649 1521 2817 1562; x_wconf 88' lang='lat' dir='ltr'><strong>carne</strong></span> <span class='ocrx_word' id='word_1_217' title='bbox 2835 1509 2891 1562; x_wconf 91' lang='lat' dir='ltr'><strong>in</strong></span> <span class='ocrx_word' id='word_1_218' title='bbox 2915 1517 3092 1567; x_wconf 90' lang='lat' dir='ltr'><strong>morte</strong></span> <span class='ocrx_word' id='word_1_219' title='bbox 3113 1515 3359 1583; x_wconf 89' lang='lat' dir='ltr'><strong>separari</strong></span> <span class='ocrx_word' id='word_1_220' title='bbox 3386 1516 3467 1570; x_wconf 78' lang='lat' dir='ltr'><strong>di-</strong></span> 
     </span>
    </p>
   </div>
   <div class='ocr_carea' id='block_1_32' title="bbox 1879 1599 3459 1680">
    <p class='ocr_par' dir='ltr' id='par_1_32' title="bbox 1879 1599 3459 1680">
     <span class='ocr_line' id='line_1_32' title="bbox 1879 1599 3459 1680; baseline 0.006 -25"><span class='ocrx_word' id='word_1_221' title='bbox 1879 1600 2058 1668; x_wconf 89' lang='lat' dir='ltr'><strong>citur;</strong></span> <span class='ocrx_word' id='word_1_222' title='bbox 2092 1616 2224 1673; x_wconf 83' lang='lat' dir='ltr'><strong>age,</strong></span> <span class='ocrx_word' id='word_1_223' title='bbox 2261 1608 2398 1671; x_wconf 89' lang='lat' dir='ltr'><strong>quot</strong></span> <span class='ocrx_word' id='word_1_224' title='bbox 2445 1599 2623 1656; x_wconf 89' lang='lat' dir='ltr'><strong>modis</strong></span> <span class='ocrx_word' id='word_1_225' title='bbox 2678 1618 2849 1656; x_wconf 89' lang='lat' dir='ltr'><strong>unum</strong></span> <span class='ocrx_word' id='word_1_226' title='bbox 2883 1605 2952 1659; x_wconf 89' lang='lat' dir='ltr'><strong>ab</strong></span> <span class='ocrx_word' id='word_1_227' title='bbox 3001 1607 3174 1662; x_wconf 90' lang='lat' dir='ltr'><strong>altero</strong></span> <span class='ocrx_word' id='word_1_228' title='bbox 3220 1611 3459 1680; x_wconf 89' lang='lat' dir='ltr'><strong>separari</strong></span> 
     </span>
    </p>
   </div>
   <div class='ocr_carea' id='block_1_33' title="bbox 1879 1693 3463 1772">
    <p class='ocr_par' dir='ltr' id='par_1_33' title="bbox 1879 1693 3463 1772">
     <span class='ocr_line' id='line_1_33' title="bbox 1879 1693 3463 1772; baseline 0.007 -26"><span class='ocrx_word' id='word_1_229' title='bbox 1879 1693 2118 1758; x_wconf 85' lang='lat' dir='ltr'><strong>dicatur,</strong></span> <span class='ocrx_word' id='word_1_230' title='bbox 2148 1693 2456 1749; x_wconf 83' lang='lat' dir='ltr'><strong>videamus.</strong></span> <span class='ocrx_word' id='word_1_231' title='bbox 2500 1693 2712 1750; x_wconf 89' lang='lat' dir='ltr'><strong>Dicitur</strong></span> <span class='ocrx_word' id='word_1_232' title='bbox 2733 1713 2862 1768; x_wconf 87' lang='lat' dir='ltr'><strong>ergo</strong></span> <span class='ocrx_word' id='word_1_233' title='bbox 2885 1712 3054 1752; x_wconf 91' lang='lat' dir='ltr'><strong>unum</strong></span> <span class='ocrx_word' id='word_1_234' title='bbox 3080 1701 3147 1754; x_wconf 89' lang='lat' dir='ltr'><strong>ab</strong></span> <span class='ocrx_word' id='word_1_235' title='bbox 3170 1701 3275 1755; x_wconf 91' lang='lat' dir='ltr'><strong>alio</strong></span> <span class='ocrx_word' id='word_1_236' title='bbox 3305 1718 3463 1772; x_wconf 89' lang='lat' dir='ltr'><strong>sepa-</strong></span> 
     </span>
    </p>
   </div>
   <div class='ocr_carea' id='block_1_34' title="bbox 194 1783 1776 1863">
    <p class='ocr_par' dir='ltr' id='par_1_34' title="bbox 194 1789 1776 1863">
     <span class='ocr_line' id='line_1_34' title="bbox 194 1789 1776 1863; baseline 0 -19"><span class='ocrx_word' id='word_1_237' title='bbox 194 1793 378 1845; x_wconf 80' lang='grc' dir='ltr'>τοίνυν</span> <span class='ocrx_word' id='word_1_238' title='bbox 406 1789 736 1863; x_wconf 78' lang='grc' dir='ltr'>χωρίζεσθαί</span> <span class='ocrx_word' id='word_1_239' title='bbox 767 1808 820 1843; x_wconf 88' lang='grc' dir='ltr'><strong>τι</strong></span> <span class='ocrx_word' id='word_1_240' title='bbox 853 1791 962 1845; x_wconf 84' lang='grc' dir='ltr'>ἀπό</span> <span class='ocrx_word' id='word_1_241' title='bbox 993 1808 1139 1856; x_wconf 90' lang='grc' dir='ltr'>τινος</span> <span class='ocrx_word' id='word_1_242' title='bbox 1173 1791 1208 1862; x_wconf 78' lang='grc' dir='ltr'>ἢ</span> <span class='ocrx_word' id='word_1_243' title='bbox 1244 1790 1496 1862; x_wconf 78' lang='grc' dir='ltr'>ἐνεργείᾳ</span> <span class='ocrx_word' id='word_1_244' title='bbox 1527 1791 1621 1845; x_wconf 76' lang='grc' dir='ltr'>καὶ</span> <span class='ocrx_word' id='word_1_245' title='bbox 1654 1793 1776 1844; x_wconf 88' lang='grc' dir='ltr'>ὑπο-</span> 
     </span>
    </p>
   </div>
   <div class='ocr_carea' id='block_1_35' title="bbox 1881 1783 3463 1863">
    <p class='ocr_par' dir='ltr' id='par_1_35' title="bbox 1885 1785 3463 1861">
     <span class='ocr_line' id='line_1_35' title="bbox 1885 1785 3463 1861; baseline 0.006 -22"><span class='ocrx_word' id='word_1_246' title='bbox 1885 1785 2032 1852; x_wconf 88' lang='lat' dir='ltr'><strong>rari,</strong></span> <span class='ocrx_word' id='word_1_247' title='bbox 2057 1785 2144 1841; x_wconf 87' lang='lat' dir='ltr'><strong>vel</strong></span> <span class='ocrx_word' id='word_1_248' title='bbox 2185 1795 2315 1841; x_wconf 89' lang='lat' dir='ltr'><strong>actu</strong></span> <span class='ocrx_word' id='word_1_249' title='bbox 2344 1795 2397 1840; x_wconf 90' lang='lat' dir='ltr'><strong>et</strong></span> <span class='ocrx_word' id='word_1_250' title='bbox 2431 1786 2812 1851; x_wconf 85' lang='lat' dir='ltr'><strong>subsistentia,</strong></span> <span class='ocrx_word' id='word_1_251' title='bbox 2847 1789 2931 1843; x_wconf 86' lang='lat' dir='ltr'><strong>vel</strong></span> <span class='ocrx_word' id='word_1_252' title='bbox 2961 1792 3290 1861; x_wconf 88' lang='lat' dir='ltr'><strong>cogitatione</strong></span> <span class='ocrx_word' id='word_1_253' title='bbox 3329 1812 3341 1848; x_wconf 93' lang='lat'>:</span> <span class='ocrx_word' id='word_1_254' title='bbox 3379 1793 3463 1848; x_wconf 85' lang='lat' dir='ltr'><strong>vel</strong></span> 
     </span>
    </p>
   </div>
   <div class='ocr_carea' id='block_1_36' title="bbox 197 1881 1772 1955">
    <p class='ocr_par' dir='ltr' id='par_1_36' title="bbox 197 1881 1772 1955">
     <span class='ocr_line' id='line_1_36' title="bbox 197 1881 1772 1955; baseline -0.001 -18"><span class='ocrx_word' id='word_1_255' title='bbox 197 1883 410 1944; x_wconf 80' lang='grc' dir='ltr'>στάσει.</span> <span class='ocrx_word' id='word_1_256' title='bbox 432 1883 465 1954; x_wconf 81' lang='grc' dir='ltr'><strong>ἣ</strong></span> <span class='ocrx_word' id='word_1_257' title='bbox 490 1883 720 1955; x_wconf 78' lang='grc' dir='ltr'>ἐπινοίᾳ·</span> <span class='ocrx_word' id='word_1_258' title='bbox 753 1883 787 1955; x_wconf 79' lang='grc' dir='ltr'>ἢ</span> <span class='ocrx_word' id='word_1_259' title='bbox 818 1883 1089 1955; x_wconf 79' lang='grc' dir='ltr'>ἐνεργείᾳ,</span> <span class='ocrx_word' id='word_1_260' title='bbox 1118 1882 1179 1936; x_wconf 81' lang='grc' dir='ltr'><strong>οὑ</strong></span> <span class='ocrx_word' id='word_1_261' title='bbox 1211 1881 1316 1954; x_wconf 84' lang='grc' dir='ltr'>μὴν</span> <span class='ocrx_word' id='word_1_262' title='bbox 1341 1882 1434 1936; x_wconf 72' lang='grc' dir='ltr'>καὶ</span> <span class='ocrx_word' id='word_1_263' title='bbox 1458 1882 1772 1936; x_wconf 83' lang='grc' dir='ltr'>ὑποστάσει.</span> 
     </span>
    </p>
   </div>
   <div class='ocr_carea' id='block_1_37' title="bbox 205 1974 1778 2048">
    <p class='ocr_par' dir='ltr' id='par_1_37' title="bbox 205 1974 1778 2048">
     <span class='ocr_line' id='line_1_37' title="bbox 205 1974 1778 2048; baseline 0 -20"><span class='ocrx_word' id='word_1_264' title='bbox 205 1975 297 2040; x_wconf 83' lang='grc' dir='ltr'>Ὦς</span> <span class='ocrx_word' id='word_1_265' title='bbox 325 1977 375 2028; x_wconf 84' lang='grc' dir='ltr'><strong>εί</strong></span> <span class='ocrx_word' id='word_1_266' title='bbox 403 1974 610 2045; x_wconf 82' lang='grc' dir='ltr'>πυρούς</span> <span class='ocrx_word' id='word_1_267' title='bbox 651 1992 733 2039; x_wconf 88' lang='grc' dir='ltr'><strong>τις</strong></span> <span class='ocrx_word' id='word_1_268' title='bbox 777 1974 872 2028; x_wconf 74' lang='grc' dir='ltr'>καὶ</span> <span class='ocrx_word' id='word_1_269' title='bbox 915 1975 1111 2048; x_wconf 82' lang='grc' dir='ltr'>κριθὰς</span> <span class='ocrx_word' id='word_1_270' title='bbox 1155 1975 1467 2046; x_wconf 83' lang='grc' dir='ltr'>μεμιγμένα</span> <span class='ocrx_word' id='word_1_271' title='bbox 1494 1974 1778 2046; x_wconf 84' lang='grc' dir='ltr'>χωρίσειεν</span> 
     </span>
    </p>
   </div>
   <div class='ocr_carea' id='block_1_38' title="bbox 190 2062 1773 2141">
    <p class='ocr_par' dir='ltr' id='par_1_38' title="bbox 190 2062 1773 2141">
     <span class='ocr_line' id='line_1_38' title="bbox 190 2062 1773 2141; baseline 0 -18"><span class='ocrx_word' id='word_1_272' title='bbox 190 2070 292 2123; x_wconf 78' lang='grc' dir='ltr'><strong>ἀπ’</strong></span> <span class='ocrx_word' id='word_1_273' title='bbox 330 2068 612 2140; x_wconf 77' lang='grc' dir='ltr'>ἀλλήλωνο</span> <span class='ocrx_word' id='word_1_274' title='bbox 732 2068 830 2140; x_wconf 88' lang='grc' dir='ltr'>μὲν</span> <span class='ocrx_word' id='word_1_275' title='bbox 872 2067 983 2140; x_wconf 85' lang='grc' dir='ltr'>γὰρ</span> <span class='ocrx_word' id='word_1_276' title='bbox 1029 2068 1170 2122; x_wconf 77' lang='grc' dir='ltr'>κατὰ</span> <span class='ocrx_word' id='word_1_277' title='bbox 1213 2067 1429 2139; x_wconf 88' lang='grc' dir='ltr'>κίνησιν</span> <span class='ocrx_word' id='word_1_278' title='bbox 1461 2069 1773 2140; x_wconf 76' lang='grc' dir='ltr'>χωρίζεται,</span> 
     </span>
    </p>
   </div>
   <div class='ocr_carea' id='block_1_39' title="bbox 191 2152 1776 2232">
    <p class='ocr_par' dir='ltr' id='par_1_39' title="bbox 191 2152 1776 2232">
     <span class='ocr_line' id='line_1_39' title="bbox 191 2152 1776 2232; baseline 0 -20"><span class='ocrx_word' id='word_1_279' title='bbox 191 2158 453 2229; x_wconf 79' lang='grc' dir='ltr'>ἐνέργεια</span> <span class='ocrx_word' id='word_1_280' title='bbox 477 2159 714 2228; x_wconf 88' lang='grc' dir='ltr'>λέγεται·</span> <span class='ocrx_word' id='word_1_281' title='bbox 833 2158 890 2212; x_wconf 87' lang='grc' dir='ltr'><strong>δέ</strong></span> <span class='ocrx_word' id='word_1_282' title='bbox 926 2158 1261 2230; x_wconf 82' lang='grc' dir='ltr'>χωρισθέντα</span> <span class='ocrx_word' id='word_1_283' title='bbox 1295 2159 1619 2231; x_wconf 83' lang='grc' dir='ltr'>ὑφέστηκεν,</span> <span class='ocrx_word' id='word_1_284' title='bbox 1646 2159 1776 2213; x_wconf 81' lang='grc' dir='ltr'>ὑπο-</span> 
     </span>
    </p>
   </div>
   <div class='ocr_carea' id='block_1_40' title="bbox 187 2250 1776 2326">
    <p class='ocr_par' dir='ltr' id='par_1_40' title="bbox 187 2250 1776 2326">
     <span class='ocr_line' id='line_1_40' title="bbox 187 2250 1776 2326; baseline 0.001 -21"><span class='ocrx_word' id='word_1_285' title='bbox 187 2251 386 2305; x_wconf 80' lang='grc' dir='ltr'>στάσει</span> <span class='ocrx_word' id='word_1_286' title='bbox 415 2251 631 2320; x_wconf 86' lang='grc' dir='ltr'>λέγεται</span> <span class='ocrx_word' id='word_1_287' title='bbox 670 2250 1024 2324; x_wconf 87' lang='grc' dir='ltr'>κεχωρίσθαι.</span> <span class='ocrx_word' id='word_1_288' title='bbox 1087 2251 1330 2326; x_wconf 78' lang='grc' dir='ltr'>Ἐπινοίᾳ</span> <span class='ocrx_word' id='word_1_289' title='bbox 1373 2251 1452 2317; x_wconf 87' lang='grc' dir='ltr'>δὲ,</span> <span class='ocrx_word' id='word_1_290' title='bbox 1503 2254 1632 2308; x_wconf 83' lang='grc' dir='ltr'>ὅταν</span> <span class='ocrx_word' id='word_1_291' title='bbox 1677 2253 1776 2324; x_wconf 79' lang='grc' dir='ltr'>τὴν</span> 
     </span>
    </p>
   </div>
   <div class='ocr_carea' id='block_1_41' title="bbox 187 2341 1776 2416">
    <p class='ocr_par' dir='ltr' id='par_1_41' title="bbox 187 2341 1776 2416">
     <span class='ocr_line' id='line_1_41' title="bbox 187 2341 1776 2416; baseline 0.001 -20"><span class='ocrx_word' id='word_1_292' title='bbox 187 2341 333 2414; x_wconf 77' lang='grc' dir='ltr'>ὓλην</span> <span class='ocrx_word' id='word_1_293' title='bbox 365 2343 475 2398; x_wconf 80' lang='grc' dir='ltr'><strong>ἀπὸ</strong></span> <span class='ocrx_word' id='word_1_294' title='bbox 511 2343 618 2397; x_wconf 88' lang='grc' dir='ltr'><strong>τῶν</strong></span> <span class='ocrx_word' id='word_1_295' title='bbox 659 2345 962 2415; x_wconf 78' lang='grc' dir='ltr'>ποιοτήτων</span> <span class='ocrx_word' id='word_1_296' title='bbox 992 2343 1335 2416; x_wconf 86' lang='grc' dir='ltr'>χωρίζωμεν,</span> <span class='ocrx_word' id='word_1_297' title='bbox 1370 2342 1466 2398; x_wconf 71' lang='grc' dir='ltr'>καὶ</span> <span class='ocrx_word' id='word_1_298' title='bbox 1497 2343 1596 2408; x_wconf 83' lang='grc' dir='ltr'><strong>τὰς</strong></span> <span class='ocrx_word' id='word_1_299' title='bbox 1627 2345 1776 2398; x_wconf 79' lang='grc' dir='ltr'>ποιό-</span> 
     </span>
    </p>
   </div>
   <div class='ocr_carea' id='block_1_42' title="bbox 188 2435 1776 2508">
    <p class='ocr_par' dir='ltr' id='par_1_42' title="bbox 188 2435 1776 2508">
     <span class='ocr_line' id='line_1_42' title="bbox 188 2435 1776 2508; baseline 0.001 -19"><span class='ocrx_word' id='word_1_300' title='bbox 188 2452 369 2508; x_wconf 85' lang='grc' dir='ltr'>τητας</span> <span class='ocrx_word' id='word_1_301' title='bbox 405 2436 513 2491; x_wconf 76' lang='grc' dir='ltr'>ἀπὸ</span> <span class='ocrx_word' id='word_1_302' title='bbox 541 2436 642 2507; x_wconf 78' lang='grc' dir='ltr'>τῆς</span> <span class='ocrx_word' id='word_1_303' title='bbox 671 2435 822 2501; x_wconf 73' lang='grc' dir='ltr'>ὑλης,</span> <span class='ocrx_word' id='word_1_304' title='bbox 851 2436 1102 2508; x_wconf 75' lang='grc' dir='ltr'>ἐνεργείᾳ</span> <span class='ocrx_word' id='word_1_305' title='bbox 1141 2437 1218 2501; x_wconf 83' lang='grc' dir='ltr'>δὲ,</span> <span class='ocrx_word' id='word_1_306' title='bbox 1267 2436 1327 2490; x_wconf 84' lang='grc' dir='ltr'><strong>οὑ</strong></span> <span class='ocrx_word' id='word_1_307' title='bbox 1365 2436 1473 2508; x_wconf 85' lang='grc' dir='ltr'>μὴν</span> <span class='ocrx_word' id='word_1_308' title='bbox 1506 2436 1600 2491; x_wconf 66' lang='grc' dir='ltr'><strong>κει)⁸</strong></span> <span class='ocrx_word' id='word_1_309' title='bbox 1639 2439 1776 2491; x_wconf 89' lang='grc' dir='ltr'>ὑπο-</span> 
     </span>
    </p>
   </div>
   <div class='ocr_carea' id='block_1_43' title="bbox 193 2524 1773 2598">
    <p class='ocr_par' dir='ltr' id='par_1_43' title="bbox 193 2524 1773 2598">
     <span class='ocr_line' id='line_1_43' title="bbox 193 2524 1773 2598; baseline -0.002 -18"><span class='ocrx_word' id='word_1_310' title='bbox 193 2527 408 2591; x_wconf 84' lang='grc' dir='ltr'>στάσει,</span> <span class='ocrx_word' id='word_1_311' title='bbox 439 2527 567 2580; x_wconf 86' lang='grc' dir='ltr'>ὄταν</span> <span class='ocrx_word' id='word_1_312' title='bbox 597 2524 864 2598; x_wconf 90' lang='grc' dir='ltr'>χωρισθέν</span> <span class='ocrx_word' id='word_1_313' title='bbox 884 2542 938 2578; x_wconf 90' lang='grc' dir='ltr'><strong>τι</strong></span> <span class='ocrx_word' id='word_1_314' title='bbox 965 2524 1075 2579; x_wconf 83' lang='grc' dir='ltr'>ἀπό</span> <span class='ocrx_word' id='word_1_315' title='bbox 1105 2541 1253 2588; x_wconf 88' lang='grc' dir='ltr'>τινος</span> <span class='ocrx_word' id='word_1_316' title='bbox 1284 2524 1482 2597; x_wconf 85' lang='grc' dir='ltr'>μηκέτι</span> <span class='ocrx_word' id='word_1_317' title='bbox 1517 2525 1773 2597; x_wconf 88' lang='grc' dir='ltr'>ὑπάρχοι,</span> 
     </span>
    </p>
   </div>
   <div class='ocr_carea' id='block_1_44' title="bbox 192 2616 1775 2689">
    <p class='ocr_par' dir='ltr' id='par_1_44' title="bbox 192 2616 1775 2689">
     <span class='ocr_line' id='line_1_44' title="bbox 192 2616 1775 2689; baseline -0.001 -16"><span class='ocrx_word' id='word_1_318' title='bbox 192 2619 495 2673; x_wconf 85' lang='grc' dir='ltr'>ὑπόστασιν</span> <span class='ocrx_word' id='word_1_319' title='bbox 531 2617 720 2682; x_wconf 88' lang='grc' dir='ltr'>οὑσίας</span> <span class='ocrx_word' id='word_1_320' title='bbox 749 2619 849 2672; x_wconf 86' lang='grc' dir='ltr'><strong>οὑκ</strong></span> <span class='ocrx_word' id='word_1_321' title='bbox 891 2616 1050 2689; x_wconf 74' lang='grc' dir='ltr'>ἔχων.</span> <span class='ocrx_word' id='word_1_322' title='bbox 1087 2616 1247 2688; x_wconf 89' lang='grc' dir='ltr'>Γνοίη</span> <span class='ocrx_word' id='word_1_323' title='bbox 1277 2617 1322 2670; x_wconf 83' lang='grc' dir='ltr'>δ’</span> <span class='ocrx_word' id='word_1_324' title='bbox 1361 2617 1428 2672; x_wconf 84' lang='grc' dir='ltr'><strong>άν</strong></span> <span class='ocrx_word' id='word_1_325' title='bbox 1461 2634 1548 2680; x_wconf 91' lang='grc' dir='ltr'><strong>τις</strong></span> <span class='ocrx_word' id='word_1_326' title='bbox 1579 2617 1676 2671; x_wconf 76' lang='grc' dir='ltr'>καὶ</span> <span class='ocrx_word' id='word_1_327' title='bbox 1716 2619 1775 2671; x_wconf 88' lang='grc' dir='ltr'><strong>ἐν</strong></span> 
     </span>
    </p>
   </div>
   <div class='ocr_carea' id='block_1_45' title="bbox 190 2707 1778 2784">
    <p class='ocr_par' dir='ltr' id='par_1_45' title="bbox 190 2707 1778 2784">
     <span class='ocr_line' id='line_1_45' title="bbox 190 2707 1778 2784; baseline -0.002 -19"><span class='ocrx_word' id='word_1_328' title='bbox 190 2713 306 2774; x_wconf 79' lang='grc' dir='ltr'>τοῖς</span> <span class='ocrx_word' id='word_1_329' title='bbox 335 2711 788 2782; x_wconf 81' lang='grc' dir='ltr'>χειροτεχνήμασι</span> <span class='ocrx_word' id='word_1_330' title='bbox 819 2709 894 2774; x_wconf 84' lang='grc' dir='ltr'><strong>ὡς</strong></span> <span class='ocrx_word' id='word_1_331' title='bbox 923 2709 1058 2781; x_wconf 76' lang='grc' dir='ltr'>ἔχει,</span> <span class='ocrx_word' id='word_1_332' title='bbox 1094 2709 1388 2784; x_wconf 80' lang='grc' dir='ltr'>ἀνδριάντα</span> <span class='ocrx_word' id='word_1_333' title='bbox 1425 2707 1568 2773; x_wconf 75' lang='grc' dir='ltr'>ἰδὼν,</span> <span class='ocrx_word' id='word_1_334' title='bbox 1603 2708 1636 2782; x_wconf 81' lang='grc' dir='ltr'>ἢ</span> <span class='ocrx_word' id='word_1_335' title='bbox 1688 2710 1778 2762; x_wconf 79' lang='grc' dir='ltr'>ἴπ-</span> 
     </span>
    </p>
   </div>
   <div class='ocr_carea' id='block_1_46' title="bbox 190 2799 1776 2874">
    <p class='ocr_par' dir='ltr' id='par_1_46' title="bbox 190 2799 1776 2874">
     <span class='ocr_line' id='line_1_46' title="bbox 190 2799 1776 2874; baseline -0.001 -17"><span class='ocrx_word' id='word_1_336' title='bbox 190 2819 296 2857; x_wconf 84' lang='grc' dir='ltr'><strong>πον</strong></span> <span class='ocrx_word' id='word_1_337' title='bbox 340 2801 599 2873; x_wconf 78' lang='grc' dir='ltr'>χαλκοῦν,</span> <span class='ocrx_word' id='word_1_338' title='bbox 635 2799 820 2854; x_wconf 77' lang='grc' dir='ltr'>Ταῦτα</span> <span class='ocrx_word' id='word_1_339' title='bbox 863 2801 973 2874; x_wconf 85' lang='grc' dir='ltr'><strong>γὰρ</strong></span> <span class='ocrx_word' id='word_1_340' title='bbox 1021 2802 1388 2874; x_wconf 80' lang='grc' dir='ltr'>λογιζόμενος,</span> <span class='ocrx_word' id='word_1_341' title='bbox 1437 2801 1628 2873; x_wconf 72' lang='grc' dir='ltr'>ὄψεται</span> <span class='ocrx_word' id='word_1_342' title='bbox 1676 2801 1776 2874; x_wconf 78' lang='grc' dir='ltr'>τὴν</span> 
     </span>
    </p>
   </div>
   <div class='ocr_carea' id='block_1_47' title="bbox 189 2892 1776 2966">
    <p class='ocr_par' dir='ltr' id='par_1_47' title="bbox 189 2892 1776 2966">
     <span class='ocr_line' id='line_1_47' title="bbox 189 2892 1776 2966; baseline 0.001 -20"><span class='ocrx_word' id='word_1_343' title='bbox 189 2894 435 2964; x_wconf 75' lang='grc' dir='ltr'>ἔμφυτον</span> <span class='ocrx_word' id='word_1_344' title='bbox 486 2893 701 2965; x_wconf 78' lang='grc' dir='ltr'>μορφὴν</span> <span class='ocrx_word' id='word_1_345' title='bbox 745 2892 1159 2947; x_wconf 76' lang='grc' dir='ltr'>διαλλάττονταο</span> <span class='ocrx_word' id='word_1_346' title='bbox 1205 2897 1284 2958; x_wconf 82' lang='grc' dir='ltr'>εἰς</span> <span class='ocrx_word' id='word_1_347' title='bbox 1316 2894 1371 2948; x_wconf 85' lang='grc' dir='ltr'>δὲ</span> <span class='ocrx_word' id='word_1_348' title='bbox 1415 2893 1609 2966; x_wconf 79' lang='grc' dir='ltr'>ἑτέραν</span> <span class='ocrx_word' id='word_1_349' title='bbox 1655 2893 1776 2964; x_wconf 74' lang='grc' dir='ltr'>ὄψιν</span> 
     </span>
    </p>
   </div>
   <div class='ocr_carea' id='block_1_48' title="bbox 192 2977 1775 3058">
    <p class='ocr_par' dir='ltr' id='par_1_48' title="bbox 192 2977 1775 3058">
     <span class='ocr_line' id='line_1_48' title="bbox 192 2977 1775 3058; baseline 0.001 -21"><span class='ocrx_word' id='word_1_350' title='bbox 192 2984 569 3056; x_wconf 83' lang='grc' dir='ltr'>μεθιστάμενα</span> <span class='ocrx_word' id='word_1_351' title='bbox 602 2985 694 3054; x_wconf 79' lang='grc' dir='ltr'><strong>ὑφ’</strong></span> <span class='ocrx_word' id='word_1_352' title='bbox 716 2977 785 3056; x_wconf 77' lang='grc' dir='ltr'><strong>ἧς</strong></span> <span class='ocrx_word' id='word_1_353' title='bbox 814 2984 924 3056; x_wconf 87' lang='grc'><strong>(87)</strong></span> <span class='ocrx_word' id='word_1_354' title='bbox 955 2984 1016 3038; x_wconf 89' lang='lat' dir='ltr'><strong>rb</strong></span> <span class='ocrx_word' id='word_1_355' title='bbox 1045 2985 1440 3058; x_wconf 82' lang='grc' dir='ltr'>ξυγγενόμενον</span> <span class='ocrx_word' id='word_1_356' title='bbox 1467 2983 1604 3052; x_wconf 76' lang='grc' dir='ltr'>εἶδος</span> <span class='ocrx_word' id='word_1_357' title='bbox 1630 2988 1775 3056; x_wconf 86' lang='grc' dir='ltr'>ἁφα-</span> 
     </span>
    </p>
   </div>
   <div class='ocr_carea' id='block_1_49' title="bbox 187 3075 1775 3151">
    <p class='ocr_par' dir='ltr' id='par_1_49' title="bbox 187 3075 1775 3151">
     <span class='ocr_line' id='line_1_49' title="bbox 187 3075 1775 3151; baseline 0.001 -21"><span class='ocrx_word' id='word_1_358' title='bbox 187 3077 421 3140; x_wconf 82' lang='grc' dir='ltr'>νίζεται.</span> <span class='ocrx_word' id='word_1_359' title='bbox 454 3077 518 3130; x_wconf 86' lang='lat' dir='ltr'><strong>El</strong></span> <span class='ocrx_word' id='word_1_360' title='bbox 564 3077 675 3147; x_wconf 88' lang='grc' dir='ltr'><strong>γάρ</strong></span> <span class='ocrx_word' id='word_1_361' title='bbox 712 3093 795 3139; x_wconf 88' lang='grc' dir='ltr'><strong>τις</strong></span> <span class='ocrx_word' id='word_1_362' title='bbox 823 3075 892 3130; x_wconf 81' lang='grc' dir='ltr'><strong>τὰ</strong></span> <span class='ocrx_word' id='word_1_363' title='bbox 920 3075 1056 3148; x_wconf 81' lang='grc' dir='ltr'>ἔργα</span> <span class='ocrx_word' id='word_1_364' title='bbox 1087 3077 1157 3132; x_wconf 83' lang='grc' dir='ltr'>τὰ</span> <span class='ocrx_word' id='word_1_365' title='bbox 1204 3080 1651 3151; x_wconf 76' lang='grc' dir='ltr'>σχηματιζόμενα</span> <span class='ocrx_word' id='word_1_366' title='bbox 1694 3079 1775 3143; x_wconf 87' lang='grc' dir='ltr'><strong>είς</strong></span> 
     </span>
    </p>
   </div>
   <div class='ocr_carea' id='block_1_50' title="bbox 187 3165 1773 3242">
    <p class='ocr_par' dir='ltr' id='par_1_50' title="bbox 187 3165 1773 3242">
     <span class='ocr_line' id='line_1_50' title="bbox 187 3165 1773 3242; baseline 0.003 -21"><span class='ocrx_word' id='word_1_367' title='bbox 187 3165 331 3231; x_wconf 76' lang='grc' dir='ltr'>εἶδος</span> <span class='ocrx_word' id='word_1_368' title='bbox 365 3167 652 3240; x_wconf 81' lang='grc' dir='ltr'>ἀνθρώπου</span> <span class='ocrx_word' id='word_1_369' title='bbox 700 3167 734 3239; x_wconf 80' lang='grc' dir='ltr'>ἢ</span> <span class='ocrx_word' id='word_1_370' title='bbox 785 3168 952 3222; x_wconf 85' lang='grc' dir='ltr'>ἵππου</span> <span class='ocrx_word' id='word_1_371' title='bbox 1004 3170 1276 3240; x_wconf 82' lang='grc' dir='ltr'>συντήκοι,</span> <span class='ocrx_word' id='word_1_372' title='bbox 1323 3171 1547 3242; x_wconf 86' lang='grc' dir='ltr'>εὑρήσει</span> <span class='ocrx_word' id='word_1_373' title='bbox 1575 3171 1637 3224; x_wconf 88' lang='lat' dir='ltr'><strong>rb</strong></span> <span class='ocrx_word' id='word_1_374' title='bbox 1673 3169 1773 3242; x_wconf 81' lang='grc' dir='ltr'>μὲν</span> 
     </span>
    </p>
   </div>
   <div class='ocr_carea' id='block_1_51' title="bbox 186 3256 1773 3336">
    <p class='ocr_par' dir='ltr' id='par_1_51' title="bbox 186 3256 1773 3336">
     <span class='ocr_line' id='line_1_51' title="bbox 186 3256 1773 3336; baseline 0.003 -23"><span class='ocrx_word' id='word_1_375' title='bbox 186 3259 286 3314; x_wconf 80' lang='grc' dir='ltr'><strong>τοῦ</strong></span> <span class='ocrx_word' id='word_1_376' title='bbox 322 3262 602 3332; x_wconf 85' lang='grc' dir='ltr'>σχήματος</span> <span class='ocrx_word' id='word_1_377' title='bbox 630 3256 768 3324; x_wconf 77' lang='grc' dir='ltr'>εἶδος</span> <span class='ocrx_word' id='word_1_378' title='bbox 789 3260 1204 3333; x_wconf 81' lang='grc' dir='ltr'>ἀφανιζόμενον,</span> <span class='ocrx_word' id='word_1_379' title='bbox 1236 3264 1404 3335; x_wconf 82' lang='grc' dir='ltr'>αὑτὴν</span> <span class='ocrx_word' id='word_1_380' title='bbox 1425 3263 1481 3318; x_wconf 82' lang='grc' dir='ltr'>δὲ</span> <span class='ocrx_word' id='word_1_381' title='bbox 1511 3263 1610 3336; x_wconf 80' lang='grc' dir='ltr'>τὴν</span> <span class='ocrx_word' id='word_1_382' title='bbox 1641 3263 1773 3335; x_wconf 81' lang='grc' dir='ltr'>ὓλην</span> 
     </span>
    </p>
   </div>
   <div class='ocr_carea' id='block_1_52' title="bbox 191 3351 1772 3426">
    <p class='ocr_par' dir='ltr' id='par_1_52' title="bbox 191 3351 1772 3426">
     <span class='ocr_line' id='line_1_52' title="bbox 191 3351 1772 3426; baseline 0.001 -21"><span class='ocrx_word' id='word_1_383' title='bbox 191 3353 487 3424; x_wconf 74' lang='grc' dir='ltr'>μένουσαν.</span> <span class='ocrx_word' id='word_1_384' title='bbox 526 3354 687 3407; x_wconf 81' lang='grc' dir='ltr'>Ὥστε</span> <span class='ocrx_word' id='word_1_385' title='bbox 720 3352 1024 3408; x_wconf 83' lang='grc' dir='ltr'>ἀσύστατον</span> <span class='ocrx_word' id='word_1_386' title='bbox 1058 3353 1119 3407; x_wconf 85' lang='lat' dir='ltr'><strong>rb</strong></span> <span class='ocrx_word' id='word_1_387' title='bbox 1147 3353 1330 3424; x_wconf 87' lang='grc' dir='ltr'>λέγειν</span> <span class='ocrx_word' id='word_1_388' title='bbox 1377 3354 1437 3408; x_wconf 90' lang='lat' dir='ltr'><strong>rb</strong></span> <span class='ocrx_word' id='word_1_389' title='bbox 1490 3355 1587 3426; x_wconf 81' lang='grc' dir='ltr'>μὲν</span> <span class='ocrx_word' id='word_1_390' title='bbox 1633 3351 1772 3420; x_wconf 83' lang='grc' dir='ltr'>είδος</span> 
     </span>
    </p>
   </div>
   <div class='ocr_carea' id='block_1_53' title="bbox 185 3439 1773 3518">
    <p class='ocr_par' dir='ltr' id='par_1_53' title="bbox 185 3439 1773 3518">
     <span class='ocr_line' id='line_1_53' title="bbox 185 3439 1773 3518; baseline 0.002 -20"><span class='ocrx_word' id='word_1_391' title='bbox 185 3443 517 3498; x_wconf 82' lang='grc' dir='ltr'>ἀνίστασθαι</span> <span class='ocrx_word' id='word_1_392' title='bbox 551 3444 951 3517; x_wconf 72' lang='grc' dir='ltr'>ἠμαυρωμένον</span> <span class='ocrx_word' id='word_1_393' title='bbox 979 3444 1163 3516; x_wconf 82' lang='grc' dir='ltr'>μηδὲν,</span> <span class='ocrx_word' id='word_1_394' title='bbox 1195 3445 1259 3499; x_wconf 97' lang='lat' dir='ltr'><strong>rb</strong></span> <span class='ocrx_word' id='word_1_395' title='bbox 1284 3445 1342 3500; x_wconf 77' lang='grc' dir='ltr'>δὲ</span> <span class='ocrx_word' id='word_1_396' title='bbox 1373 3445 1531 3518; x_wconf 87' lang='grc' dir='ltr'>σῶμα</span> <span class='ocrx_word' id='word_1_397' title='bbox 1552 3447 1609 3500; x_wconf 86' lang='grc' dir='ltr'><strong>ἐν</strong></span> <span class='ocrx_word' id='word_1_398' title='bbox 1631 3439 1676 3514; x_wconf 81' lang='grc' dir='ltr'><strong>ᾧ</strong></span> <span class='ocrx_word' id='word_1_399' title='bbox 1704 3441 1773 3518; x_wconf 71' lang='grc' dir='ltr'>ἦν</span> 
     </span>
    </p>
   </div>
   <div class='ocr_carea' id='block_1_54' title="bbox 185 3531 1379 3610">
    <p class='ocr_par' dir='ltr' id='par_1_54' title="bbox 185 3531 1379 3610">
     <span class='ocr_line' id='line_1_54' title="bbox 185 3531 1379 3610; baseline 0.003 -20"><span class='ocrx_word' id='word_1_400' title='bbox 185 3536 253 3590; x_wconf 82' lang='lat' dir='ltr'><strong>rb</strong></span> <span class='ocrx_word' id='word_1_401' title='bbox 280 3531 425 3600; x_wconf 79' lang='grc' dir='ltr'>εἶδος</span> <span class='ocrx_word' id='word_1_402' title='bbox 455 3536 917 3608; x_wconf 83' lang='grc' dir='ltr'>ἐντετυπωμένον,</span> <span class='ocrx_word' id='word_1_403' title='bbox 949 3536 1379 3610; x_wconf 87' lang='grc' dir='ltr'>διαφθείρεσθαι.</span> 
     </span>
    </p>
   </div>
   <div class='ocr_carea' id='block_1_55' title="bbox 262 3715 1773 3790">
    <p class='ocr_par' dir='ltr' id='par_1_55' title="bbox 262 3715 1773 3790">
     <span class='ocr_line' id='line_1_55' title="bbox 262 3715 1773 3790; baseline 0.003 -22"><span class='ocrx_word' id='word_1_404' title='bbox 262 3717 384 3783; x_wconf 72' lang='lat' dir='ltr'><strong>lq”.</strong></span> <span class='ocrx_word' id='word_1_405' title='bbox 435 3715 594 3770; x_wconf 81' lang='grc' dir='ltr'>Ἀλλά</span> <span class='ocrx_word' id='word_1_406' title='bbox 621 3718 730 3782; x_wconf 75' lang='grc' dir='ltr'>ναὶ,</span> <span class='ocrx_word' id='word_1_407' title='bbox 760 3719 922 3789; x_wconf 84' lang='grc' dir='ltr'>φησίν</span> <span class='ocrx_word' id='word_1_408' title='bbox 941 3736 954 3749; x_wconf 90' lang='grc'><strong>·</strong></span> <span class='ocrx_word' id='word_1_409' title='bbox 986 3719 1046 3772; x_wconf 89' lang='grc' dir='ltr'><strong>ἐν</strong></span> <span class='ocrx_word' id='word_1_410' title='bbox 1088 3716 1443 3790; x_wconf 82' lang='grc' dir='ltr'>πνευματικῷ</span> <span class='ocrx_word' id='word_1_411' title='bbox 1465 3718 1573 3790; x_wconf 84' lang='grc' dir='ltr'><strong>γὰρ</strong></span> <span class='ocrx_word' id='word_1_412' title='bbox 1609 3736 1773 3790; x_wconf 88' lang='grc' dir='ltr'>μετα-</span> 
     </span>
    </p>
   </div>
   <div class='ocr_carea' id='block_1_56' title="bbox 187 3809 1772 3885">
    <p class='ocr_par' dir='ltr' id='par_1_56' title="bbox 187 3809 1772 3885">
     <span class='ocr_line' id='line_1_56' title="bbox 187 3809 1772 3885; baseline 0.006 -25"><span class='ocrx_word' id='word_1_413' title='bbox 187 3809 481 3880; x_wconf 77' lang='grc' dir='ltr'>τεθήσεται</span> <span class='ocrx_word' id='word_1_414' title='bbox 511 3809 742 3882; x_wconf 78' lang='grc' dir='ltr'>σώματι.</span> <span class='ocrx_word' id='word_1_415' title='bbox 769 3812 978 3866; x_wconf 83' lang='grc' dir='ltr'>Οὐκοῦν</span> <span class='ocrx_word' id='word_1_416' title='bbox 1004 3813 1216 3885; x_wconf 84' lang='grc' dir='ltr'>ἀνάγκη</span> <span class='ocrx_word' id='word_1_417' title='bbox 1244 3813 1305 3868; x_wconf 90' lang='lat' dir='ltr'><strong>rb</strong></span> <span class='ocrx_word' id='word_1_418' title='bbox 1337 3813 1436 3885; x_wconf 80' lang='grc' dir='ltr'>μὲν</span> <span class='ocrx_word' id='word_1_419' title='bbox 1460 3810 1599 3879; x_wconf 74' lang='grc' dir='ltr'>εἶδος</span> <span class='ocrx_word' id='word_1_420' title='bbox 1630 3815 1772 3881; x_wconf 80' lang='grc' dir='ltr'>ἰδίως</span> 
     </span>
    </p>
   </div>
   <div class='ocr_carea' id='block_1_57' title="bbox 187 3900 1775 3978">
    <p class='ocr_par' dir='ltr' id='par_1_57' title="bbox 187 3900 1775 3978">
     <span class='ocr_line' id='line_1_57' title="bbox 187 3900 1775 3978; baseline 0.005 -25"><span class='ocrx_word' id='word_1_421' title='bbox 187 3900 478 3969; x_wconf 80' lang='grc' dir='ltr'>ὁμολογεῖν</span> <span class='ocrx_word' id='word_1_422' title='bbox 519 3902 650 3956; x_wconf 84' lang='grc' dir='ltr'>αὑτὸ</span> <span class='ocrx_word' id='word_1_423' title='bbox 696 3903 758 3957; x_wconf 91' lang='lat' dir='ltr'><strong>rb</strong></span> <span class='ocrx_word' id='word_1_424' title='bbox 790 3903 1004 3976; x_wconf 89' lang='grc' dir='ltr'>πρῶτον</span> <span class='ocrx_word' id='word_1_425' title='bbox 1036 3906 1110 3978; x_wconf 81' lang='grc' dir='ltr'>μὴ</span> <span class='ocrx_word' id='word_1_426' title='bbox 1149 3905 1492 3973; x_wconf 83' lang='grc' dir='ltr'>ἀνίστασθαι,</span> <span class='ocrx_word' id='word_1_427' title='bbox 1540 3905 1619 3978; x_wconf 82' lang='grc' dir='ltr'><strong>τῷ</strong></span> <span class='ocrx_word' id='word_1_428' title='bbox 1653 3925 1775 3961; x_wconf 86' lang='grc' dir='ltr'>συν-</span> 
     </span>
    </p>
   </div>
   <div class='ocr_carea' id='block_1_58' title="bbox 188 3992 1775 4073">
    <p class='ocr_par' dir='ltr' id='par_1_58' title="bbox 188 3992 1775 4073">
     <span class='ocr_line' id='line_1_58' title="bbox 188 3992 1775 4073; baseline 0.005 -28"><span class='ocrx_word' id='word_1_429' title='bbox 188 3992 521 4064; x_wconf 84' lang='grc' dir='ltr'>ηλλοιῶσθαι</span> <span class='ocrx_word' id='word_1_430' title='bbox 564 3995 694 4050; x_wconf 81' lang='grc' dir='ltr'>αὑτὸ</span> <span class='ocrx_word' id='word_1_431' title='bbox 733 3997 1031 4068; x_wconf 84' lang='grc' dir='ltr'>συμφθίνον</span> <span class='ocrx_word' id='word_1_432' title='bbox 1075 3999 1140 4069; x_wconf 85' lang='grc' dir='ltr'><strong>τῇ</strong></span> <span class='ocrx_word' id='word_1_433' title='bbox 1195 3999 1388 4070; x_wconf 78' lang='grc' dir='ltr'>σαρκί’</span> <span class='ocrx_word' id='word_1_434' title='bbox 1430 3999 1532 4054; x_wconf 82' lang='grc' dir='ltr'>κᾶν</span> <span class='ocrx_word' id='word_1_435' title='bbox 1574 3999 1684 4073; x_wconf 81' lang='grc' dir='ltr'><strong>γὰρ</strong></span> <span class='ocrx_word' id='word_1_436' title='bbox 1715 4001 1775 4053; x_wconf 91' lang='grc' dir='ltr'><strong>ἐν</strong></span> 
     </span>
    </p>
   </div>
   <div class='ocr_carea' id='block_1_59' title="bbox 189 4085 1774 4164">
    <p class='ocr_par' dir='ltr' id='par_1_59' title="bbox 189 4085 1774 4164">
     <span class='ocr_line' id='line_1_59' title="bbox 189 4085 1774 4164; baseline 0.005 -26"><span class='ocrx_word' id='word_1_437' title='bbox 189 4085 550 4156; x_wconf 78' lang='grc' dir='ltr'>πνευματικῷ</span> <span class='ocrx_word' id='word_1_438' title='bbox 583 4088 931 4162; x_wconf 81' lang='grc' dir='ltr'>μεταπλασθῇ</span> <span class='ocrx_word' id='word_1_439' title='bbox 974 4088 1206 4162; x_wconf 86' lang='grc' dir='ltr'>σώματι,</span> <span class='ocrx_word' id='word_1_440' title='bbox 1235 4091 1366 4144; x_wconf 80' lang='grc' dir='ltr'>αὑτὸ</span> <span class='ocrx_word' id='word_1_441' title='bbox 1411 4091 1509 4164; x_wconf 80' lang='grc' dir='ltr'>μὲν</span> <span class='ocrx_word' id='word_1_442' title='bbox 1541 4093 1685 4158; x_wconf 86' lang='grc' dir='ltr'>ίδίως</span> <span class='ocrx_word' id='word_1_443' title='bbox 1714 4092 1774 4146; x_wconf 86' lang='lat' dir='ltr'><strong>rb</strong></span> 
     </span>
    </p>
   </div>
   <div class='ocr_carea' id='block_1_60' title="bbox 187 4174 1774 4254">
    <p class='ocr_par' dir='ltr' id='par_1_60' title="bbox 187 4174 1774 4254">
     <span class='ocr_line' id='line_1_60' title="bbox 187 4174 1774 4254; baseline 0.006 -27"><span class='ocrx_word' id='word_1_444' title='bbox 187 4174 412 4246; x_wconf 74' lang='grc' dir='ltr'><strong>⁴πρῶτον</strong></span> <span class='ocrx_word' id='word_1_445' title='bbox 455 4177 809 4249; x_wconf 84' lang='grc' dir='ltr'>ὑποκείμενον</span> <span class='ocrx_word' id='word_1_446' title='bbox 842 4181 1017 4234; x_wconf 86' lang='grc' dir='ltr'>ἐκεῖνο</span> <span class='ocrx_word' id='word_1_447' title='bbox 1063 4180 1164 4234; x_wconf 84' lang='grc' dir='ltr'>οὐκ</span> <span class='ocrx_word' id='word_1_448' title='bbox 1211 4179 1384 4247; x_wconf 74' lang='grc' dir='ltr'>ἔσται,</span> <span class='ocrx_word' id='word_1_449' title='bbox 1433 4183 1686 4254; x_wconf 82' lang='grc' dir='ltr'>ὁμοιότης</span> <span class='ocrx_word' id='word_1_450' title='bbox 1713 4182 1774 4236; x_wconf 76' lang='grc' dir='ltr'><strong>δέ</strong></span> 
     </span>
    </p>
   </div>
   <div class='ocr_carea' id='block_1_61' title="bbox 185 4267 1766 4346">
    <p class='ocr_par' dir='ltr' id='par_1_61' title="bbox 185 4267 1766 4346">
     <span class='ocr_line' id='line_1_61' title="bbox 185 4267 1766 4346; baseline 0.008 -29"><span class='ocrx_word' id='word_1_451' title='bbox 185 4282 280 4328; x_wconf 80' lang='grc' dir='ltr'><strong>τις</strong></span> <span class='ocrx_word' id='word_1_452' title='bbox 314 4267 520 4322; x_wconf 82' lang='grc' dir='ltr'>ἐκείνου</span> <span class='ocrx_word' id='word_1_453' title='bbox 552 4271 609 4321; x_wconf 86' lang='grc' dir='ltr'><strong>ἐν</strong></span> <span class='ocrx_word' id='word_1_454' title='bbox 641 4269 964 4343; x_wconf 87' lang='grc' dir='ltr'>λεπτομερεῖ</span> <span class='ocrx_word' id='word_1_455' title='bbox 1003 4273 1498 4345; x_wconf 86' lang='grc' dir='ltr'>μεταπεπλασμένη</span> <span class='ocrx_word' id='word_1_456' title='bbox 1538 4273 1766 4346; x_wconf 79' lang='grc' dir='ltr'>σώματι·</span> 
     </span>
    </p>
   </div>
   <div class='ocr_carea' id='block_1_62' title="bbox 188 4356 1772 4436">
    <p class='ocr_par' dir='ltr' id='par_1_62' title="bbox 188 4356 1772 4436">
     <span class='ocr_line' id='line_1_62' title="bbox 188 4356 1772 4436; baseline 0.006 -27"><span class='ocrx_word' id='word_1_457' title='bbox 188 4358 244 4409; x_wconf 80' lang='grc' dir='ltr'><strong>εί</strong></span> <span class='ocrx_word' id='word_1_458' title='bbox 271 4357 330 4410; x_wconf 79' lang='grc' dir='ltr'>δὲ</span> <span class='ocrx_word' id='word_1_459' title='bbox 366 4360 500 4429; x_wconf 78' lang='grc' dir='ltr'>μήτε</span> <span class='ocrx_word' id='word_1_460' title='bbox 532 4361 594 4414; x_wconf 85' lang='lat' dir='ltr'><strong>rb</strong></span> <span class='ocrx_word' id='word_1_461' title='bbox 639 4356 778 4427; x_wconf 76' lang='grc' dir='ltr'>εἶδος</span> <span class='ocrx_word' id='word_1_462' title='bbox 811 4363 871 4416; x_wconf 90' lang='lat' dir='ltr'><strong>rb</strong></span> <span class='ocrx_word' id='word_1_463' title='bbox 899 4363 1052 4429; x_wconf 85' lang='grc' dir='ltr'>αὑτὸ,</span> <span class='ocrx_word' id='word_1_464' title='bbox 1099 4365 1237 4436; x_wconf 89' lang='grc' dir='ltr'>μήτε</span> <span class='ocrx_word' id='word_1_465' title='bbox 1269 4364 1331 4418; x_wconf 89' lang='lat' dir='ltr'><strong>rb</strong></span> <span class='ocrx_word' id='word_1_466' title='bbox 1364 4364 1522 4436; x_wconf 86' lang='grc' dir='ltr'>σῶμα</span> <span class='ocrx_word' id='word_1_467' title='bbox 1554 4365 1772 4419; x_wconf 85' lang='grc' dir='ltr'>ἀνίστα-</span> 
     </span>
    </p>
   </div>
   <div class='ocr_carea' id='block_1_63' title="bbox 1801 3133 1844 3190">
    <p class='ocr_par' dir='ltr' id='par_1_63' title="bbox 1801 3133 1844 3190">
     <span class='ocr_line' id='line_1_63' title="bbox 1801 3133 1844 3190; baseline 0 0"><span class='ocrx_word' id='word_1_468' title='bbox 1801 3133 1844 3190; x_wconf 85' lang='lat' dir='ltr'><strong><em>C</em></strong></span> 
     </span>
    </p>
   </div>
   <div class='ocr_carea' id='block_1_64' title="bbox 1879 1877 3464 1950">
    <p class='ocr_par' dir='ltr' id='par_1_64' title="bbox 1879 1877 3464 1950">
     <span class='ocr_line' id='line_1_64' title="bbox 1879 1877 3464 1950; baseline 0.006 -20"><span class='ocrx_word' id='word_1_469' title='bbox 1879 1883 2027 1941; x_wconf 88' lang='lat' dir='ltr'><strong>actu,</strong></span> <span class='ocrx_word' id='word_1_470' title='bbox 2066 1892 2178 1932; x_wconf 92' lang='lat' dir='ltr'><strong>non</strong></span> <span class='ocrx_word' id='word_1_471' title='bbox 2212 1877 2342 1934; x_wconf 88' lang='lat' dir='ltr'><strong>item</strong></span> <span class='ocrx_word' id='word_1_472' title='bbox 2393 1877 2772 1934; x_wconf 86' lang='lat' dir='ltr'><strong>subsistentia.</strong></span> <span class='ocrx_word' id='word_1_473' title='bbox 2807 1877 2878 1933; x_wconf 89' lang='lat' dir='ltr'><strong>Ut</strong></span> <span class='ocrx_word' id='word_1_474' title='bbox 2909 1881 2954 1934; x_wconf 91' lang='lat' dir='ltr'><strong>si</strong></span> <span class='ocrx_word' id='word_1_475' title='bbox 2978 1884 3102 1950; x_wconf 89' lang='lat' dir='ltr'><strong>quis</strong></span> <span class='ocrx_word' id='word_1_476' title='bbox 3133 1883 3367 1937; x_wconf 90' lang='lat' dir='ltr'><strong>triticum</strong></span> <span class='ocrx_word' id='word_1_477' title='bbox 3406 1890 3464 1939; x_wconf 83' lang='lat' dir='ltr'><strong>et</strong></span> 
     </span>
    </p>
   </div>
   <div class='ocr_carea' id='block_1_65' title="bbox 1877 1966 3463 2044">
    <p class='ocr_par' dir='ltr' id='par_1_65' title="bbox 1877 1966 3463 2044">
     <span class='ocr_line' id='line_1_65' title="bbox 1877 1966 3463 2044; baseline 0.004 -22"><span class='ocrx_word' id='word_1_478' title='bbox 1877 1966 2140 2023; x_wconf 89' lang='lat' dir='ltr'><strong>hordeum</strong></span> <span class='ocrx_word' id='word_1_479' title='bbox 2167 1971 2331 2025; x_wconf 88' lang='lat' dir='ltr'><strong>mista</strong></span> <span class='ocrx_word' id='word_1_480' title='bbox 2361 1969 2505 2024; x_wconf 90' lang='lat' dir='ltr'><strong>inter</strong></span> <span class='ocrx_word' id='word_1_481' title='bbox 2531 1984 2610 2034; x_wconf 91' lang='lat' dir='ltr'><strong>se,</strong></span> <span class='ocrx_word' id='word_1_482' title='bbox 2635 1978 2887 2024; x_wconf 87' lang='lat' dir='ltr'><strong>secernat</strong></span> <span class='ocrx_word' id='word_1_483' title='bbox 2913 1989 2925 2025; x_wconf 93' lang='lat'>:</span> <span class='ocrx_word' id='word_1_484' title='bbox 2953 1980 3223 2042; x_wconf 88' lang='lat' dir='ltr'><strong>quatenus</strong></span> <span class='ocrx_word' id='word_1_485' title='bbox 3243 1974 3463 2044; x_wconf 88' lang='lat' dir='ltr'><strong>quidem</strong></span> 
     </span>
    </p>
   </div>
   <div class='ocr_carea' id='block_1_66' title="bbox 1877 2063 3464 2136">
    <p class='ocr_par' dir='ltr' id='par_1_66' title="bbox 1877 2063 3464 2136">
     <span class='ocr_line' id='line_1_66' title="bbox 1877 2063 3464 2136; baseline 0.006 -23"><span class='ocrx_word' id='word_1_486' title='bbox 1877 2075 1974 2130; x_wconf 86' lang='lat' dir='ltr'><strong>per</strong></span> <span class='ocrx_word' id='word_1_487' title='bbox 2000 2071 2205 2116; x_wconf 90' lang='lat' dir='ltr'><strong>motum</strong></span> <span class='ocrx_word' id='word_1_488' title='bbox 2241 2070 2589 2133; x_wconf 84' lang='lat' dir='ltr'><strong>separantur,</strong></span> <span class='ocrx_word' id='word_1_489' title='bbox 2615 2063 2820 2118; x_wconf 89' lang='lat' dir='ltr'><strong>dicitur</strong></span> <span class='ocrx_word' id='word_1_490' title='bbox 2847 2066 3119 2134; x_wconf 88' lang='lat' dir='ltr'><strong>separatio</strong></span> <span class='ocrx_word' id='word_1_491' title='bbox 3149 2077 3270 2120; x_wconf 89' lang='lat' dir='ltr'><strong>actu</strong></span> <span class='ocrx_word' id='word_1_492' title='bbox 3299 2074 3464 2136; x_wconf 86' lang='lat' dir='ltr'><strong>atque</strong></span> 
     </span>
    </p>
   </div>
   <div class='ocr_carea' id='block_1_67' title="bbox 1877 2157 3465 2224">
    <p class='ocr_par' dir='ltr' id='par_1_67' title="bbox 1877 2157 3465 2224">
     <span class='ocr_line' id='line_1_67' title="bbox 1877 2157 3465 2224; baseline 0.006 -19"><span class='ocrx_word' id='word_1_493' title='bbox 1877 2166 1972 2218; x_wconf 92' lang='lat' dir='ltr'><strong>re;</strong></span> <span class='ocrx_word' id='word_1_494' title='bbox 2008 2163 2280 2222; x_wconf 89' lang='lat' dir='ltr'><strong>quatenus</strong></span> <span class='ocrx_word' id='word_1_495' title='bbox 2312 2169 2444 2209; x_wconf 88' lang='lat' dir='ltr'><strong>vero</strong></span> <span class='ocrx_word' id='word_1_496' title='bbox 2473 2162 2729 2224; x_wconf 89' lang='lat' dir='ltr'><strong>separata</strong></span> <span class='ocrx_word' id='word_1_497' title='bbox 2757 2157 2986 2210; x_wconf 89' lang='lat' dir='ltr'><strong>seorsim</strong></span> <span class='ocrx_word' id='word_1_498' title='bbox 3017 2157 3346 2222; x_wconf 88' lang='lat' dir='ltr'><strong>subsistunt,</strong></span> <span class='ocrx_word' id='word_1_499' title='bbox 3379 2159 3465 2214; x_wconf 90' lang='lat' dir='ltr'><strong>di-</strong></span> 
     </span>
    </p>
   </div>
   <div class='ocr_carea' id='block_1_68' title="bbox 1877 2243 3464 2317">
    <p class='ocr_par' dir='ltr' id='par_1_68' title="bbox 1877 2243 3464 2317">
     <span class='ocr_line' id='line_1_68' title="bbox 1877 2243 3464 2317; baseline 0.005 -20"><span class='ocrx_word' id='word_1_500' title='bbox 1877 2243 2024 2297; x_wconf 90' lang='lat' dir='ltr'><strong>citur</strong></span> <span class='ocrx_word' id='word_1_501' title='bbox 2055 2246 2355 2314; x_wconf 89' lang='lat' dir='ltr'><strong>separatio,</strong></span> <span class='ocrx_word' id='word_1_502' title='bbox 2389 2245 2765 2304; x_wconf 77' lang='lat' dir='ltr'><strong>subsistentia.</strong></span> <span class='ocrx_word' id='word_1_503' title='bbox 2817 2247 3161 2317; x_wconf 81' lang='lat' dir='ltr'><strong>Cogitatione</strong></span> <span class='ocrx_word' id='word_1_504' title='bbox 3190 2260 3367 2304; x_wconf 89' lang='lat' dir='ltr'><strong>autem</strong></span> <span class='ocrx_word' id='word_1_505' title='bbox 3406 2257 3464 2305; x_wconf 87' lang='lat' dir='ltr'><strong>et</strong></span> 
     </span>
    </p>
   </div>
   <div class='ocr_carea' id='block_1_69' title="bbox 1876 2336 3458 2410">
    <p class='ocr_par' dir='ltr' id='par_1_69' title="bbox 1876 2336 3458 2410">
     <span class='ocr_line' id='line_1_69' title="bbox 1876 2336 3458 2410; baseline 0.004 -21"><span class='ocrx_word' id='word_1_506' title='bbox 1876 2337 2108 2401; x_wconf 85' lang='lat' dir='ltr'><strong>ratione,</strong></span> <span class='ocrx_word' id='word_1_507' title='bbox 2125 2336 2276 2391; x_wconf 92' lang='lat' dir='ltr'><strong>velut</strong></span> <span class='ocrx_word' id='word_1_508' title='bbox 2303 2337 2348 2392; x_wconf 89' lang='lat' dir='ltr'><strong>si</strong></span> <span class='ocrx_word' id='word_1_509' title='bbox 2381 2339 2662 2393; x_wconf 88' lang='lat' dir='ltr'><strong>materiam</strong></span> <span class='ocrx_word' id='word_1_510' title='bbox 2685 2354 2713 2393; x_wconf 90' lang='lat' dir='ltr'><strong>a</strong></span> <span class='ocrx_word' id='word_1_511' title='bbox 2735 2340 3093 2410; x_wconf 85' lang='lat' dir='ltr'><strong>qualitatibus</strong></span> <span class='ocrx_word' id='word_1_512' title='bbox 3121 2356 3458 2410; x_wconf 89' lang='lat' dir='ltr'><strong>separemus,</strong></span> 
     </span>
    </p>
   </div>
   <div class='ocr_carea' id='block_1_70' title="bbox 1878 2427 3463 2502">
    <p class='ocr_par' dir='ltr' id='par_1_70' title="bbox 1878 2427 3463 2502">
     <span class='ocr_line' id='line_1_70' title="bbox 1878 2427 3463 2502; baseline 0.004 -22"><span class='ocrx_word' id='word_1_513' title='bbox 1878 2441 1943 2482; x_wconf 90' lang='lat' dir='ltr'><strong>ac</strong></span> <span class='ocrx_word' id='word_1_514' title='bbox 1973 2427 2263 2498; x_wconf 89' lang='lat' dir='ltr'><strong>qualitates</strong></span> <span class='ocrx_word' id='word_1_515' title='bbox 2293 2444 2324 2484; x_wconf 91' lang='lat' dir='ltr'><strong>a</strong></span> <span class='ocrx_word' id='word_1_516' title='bbox 2348 2430 2599 2488; x_wconf 85' lang='lat' dir='ltr'><strong>materia.</strong></span> <span class='ocrx_word' id='word_1_517' title='bbox 2635 2430 2775 2486; x_wconf 84' lang='lat' dir='ltr'><strong>Actu</strong></span> <span class='ocrx_word' id='word_1_518' title='bbox 2806 2431 3043 2502; x_wconf 90' lang='lat' dir='ltr'><strong>denique</strong></span> <span class='ocrx_word' id='word_1_519' title='bbox 3066 2473 3079 2498; x_wconf 92' lang='lat'><strong>,</strong></span> <span class='ocrx_word' id='word_1_520' title='bbox 3111 2439 3166 2485; x_wconf 92' lang='lat' dir='ltr'><strong>at</strong></span> <span class='ocrx_word' id='word_1_521' title='bbox 3195 2447 3302 2486; x_wconf 79' lang='lat' dir='ltr'><strong>non</strong></span> <span class='ocrx_word' id='word_1_522' title='bbox 3331 2432 3463 2487; x_wconf 84' lang='lat' dir='ltr'><strong>sub-</strong></span> 
     </span>
    </p>
   </div>
   <div class='ocr_carea' id='block_1_71' title="bbox 1876 2519 3462 2590">
    <p class='ocr_par' dir='ltr' id='par_1_71' title="bbox 1876 2519 3462 2590">
     <span class='ocr_line' id='line_1_71' title="bbox 1876 2519 3462 2590; baseline -0.002 -13"><span class='ocrx_word' id='word_1_523' title='bbox 1876 2519 2124 2577; x_wconf 88' lang='lat' dir='ltr'><strong>sistentia</strong></span> <span class='ocrx_word' id='word_1_524' title='bbox 2147 2558 2162 2584; x_wconf 92' lang='lat'><strong>,</strong></span> <span class='ocrx_word' id='word_1_525' title='bbox 2195 2535 2320 2576; x_wconf 92' lang='lat' dir='ltr'><strong>cum</strong></span> <span class='ocrx_word' id='word_1_526' title='bbox 2355 2528 2669 2590; x_wconf 88' lang='lat' dir='ltr'><strong>separatum</strong></span> <span class='ocrx_word' id='word_1_527' title='bbox 2709 2520 2912 2590; x_wconf 88' lang='lat' dir='ltr'><strong>aliquid</strong></span> <span class='ocrx_word' id='word_1_528' title='bbox 2946 2521 3013 2576; x_wconf 92' lang='lat' dir='ltr'><strong>ab</strong></span> <span class='ocrx_word' id='word_1_529' title='bbox 3039 2521 3181 2585; x_wconf 90' lang='lat' dir='ltr'><strong>alio,</strong></span> <span class='ocrx_word' id='word_1_530' title='bbox 3209 2536 3317 2574; x_wconf 86' lang='lat' dir='ltr'><strong>non</strong></span> <span class='ocrx_word' id='word_1_531' title='bbox 3347 2536 3462 2574; x_wconf 89' lang='lat' dir='ltr'><strong>am-</strong></span> 
     </span>
    </p>
   </div>
   <div class='ocr_carea' id='block_1_72' title="bbox 1877 2610 3462 2685">
    <p class='ocr_par' dir='ltr' id='par_1_72' title="bbox 1877 2610 3462 2685">
     <span class='ocr_line' id='line_1_72' title="bbox 1877 2610 3462 2685; baseline 0.001 -20"><span class='ocrx_word' id='word_1_532' title='bbox 1877 2611 2022 2683; x_wconf 81' lang='lat' dir='ltr'><strong>plius</strong></span> <span class='ocrx_word' id='word_1_533' title='bbox 2049 2610 2242 2675; x_wconf 89' lang='lat' dir='ltr'><strong>fuerit,</strong></span> <span class='ocrx_word' id='word_1_534' title='bbox 2285 2628 2393 2667; x_wconf 93' lang='lat' dir='ltr'><strong>non</strong></span> <span class='ocrx_word' id='word_1_535' title='bbox 2434 2613 2640 2670; x_wconf 88' lang='lat' dir='ltr'><strong>habens</strong></span> <span class='ocrx_word' id='word_1_536' title='bbox 2671 2629 2781 2685; x_wconf 92' lang='lat' dir='ltr'><strong>quo</strong></span> <span class='ocrx_word' id='word_1_537' title='bbox 2823 2612 3114 2670; x_wconf 83' lang='lat' dir='ltr'><strong>subsistat.</strong></span> <span class='ocrx_word' id='word_1_538' title='bbox 3152 2611 3374 2667; x_wconf 82' lang='lat' dir='ltr'><strong>Noverit</strong></span> <span class='ocrx_word' id='word_1_539' title='bbox 3400 2620 3462 2666; x_wconf 89' lang='lat' dir='ltr'><strong>ut</strong></span> 
     </span>
    </p>
   </div>
   <div class='ocr_carea' id='block_1_73' title="bbox 1877 2702 3459 2774">
    <p class='ocr_par' dir='ltr' id='par_1_73' title="bbox 1877 2702 3459 2774">
     <span class='ocr_line' id='line_1_73' title="bbox 1877 2702 3459 2774; baseline -0.001 -15"><span class='ocrx_word' id='word_1_540' title='bbox 1877 2704 1990 2759; x_wconf 60' lang='lat' dir='ltr'><strong>hare</strong></span> <span class='ocrx_word' id='word_1_541' title='bbox 2020 2702 2258 2758; x_wconf 88' lang='lat' dir='ltr'><strong>habeant</strong></span> <span class='ocrx_word' id='word_1_542' title='bbox 2287 2706 2451 2760; x_wconf 88' lang='lat' dir='ltr'><strong>etiam</strong></span> <span class='ocrx_word' id='word_1_543' title='bbox 2485 2705 2536 2760; x_wconf 91' lang='lat' dir='ltr'><strong>in</strong></span> <span class='ocrx_word' id='word_1_544' title='bbox 2569 2706 2926 2769; x_wconf 86' lang='lat' dir='ltr'><strong>mechanicis,</strong></span> <span class='ocrx_word' id='word_1_545' title='bbox 2976 2706 3022 2759; x_wconf 91' lang='lat' dir='ltr'><strong>si</strong></span> <span class='ocrx_word' id='word_1_546' title='bbox 3061 2704 3184 2774; x_wconf 90' lang='lat' dir='ltr'><strong>quis</strong></span> <span class='ocrx_word' id='word_1_547' title='bbox 3222 2711 3459 2760; x_wconf 89' lang='lat' dir='ltr'><strong>statuam</strong></span> 
     </span>
    </p>
   </div>
   <div class='ocr_carea' id='block_1_74' title="bbox 1875 2792 3460 2866">
    <p class='ocr_par' dir='ltr' id='par_1_74' title="bbox 1875 2792 3460 2866">
     <span class='ocr_line' id='line_1_74' title="bbox 1875 2792 3460 2866; baseline -0.001 -15"><span class='ocrx_word' id='word_1_548' title='bbox 1875 2810 2149 2865; x_wconf 89' lang='lat' dir='ltr'><strong>equumve</strong></span> <span class='ocrx_word' id='word_1_549' title='bbox 2194 2810 2305 2851; x_wconf 73' lang='lat' dir='ltr'><strong>tere</strong></span> <span class='ocrx_word' id='word_1_550' title='bbox 2354 2800 2538 2849; x_wconf 80' lang='lat' dir='ltr'><strong>fusum</strong></span> <span class='ocrx_word' id='word_1_551' title='bbox 2581 2795 2831 2866; x_wconf 87' lang='lat' dir='ltr'><strong>aspiciat.</strong></span> <span class='ocrx_word' id='word_1_552' title='bbox 2865 2792 3081 2849; x_wconf 83' lang='lat' dir='ltr'><strong>Videbit</strong></span> <span class='ocrx_word' id='word_1_553' title='bbox 3103 2794 3284 2860; x_wconf 92' lang='lat' dir='ltr'><strong>enim,</strong></span> <span class='ocrx_word' id='word_1_554' title='bbox 3329 2795 3460 2850; x_wconf 80' lang='lat' dir='ltr'><strong>dum</strong></span> 
     </span>
    </p>
   </div>
   <div class='ocr_carea' id='block_1_75' title="bbox 1877 2883 3459 2950">
    <p class='ocr_par' dir='ltr' id='par_1_75' title="bbox 1877 2883 3459 2950">
     <span class='ocr_line' id='line_1_75' title="bbox 1877 2883 3459 2950; baseline 0.002 -14"><span class='ocrx_word' id='word_1_555' title='bbox 1877 2883 2126 2939; x_wconf 81' lang='lat' dir='ltr'><strong>advertat</strong></span> <span class='ocrx_word' id='word_1_556' title='bbox 2173 2887 2442 2950; x_wconf 87' lang='lat' dir='ltr'><strong>animum,</strong></span> <span class='ocrx_word' id='word_1_557' title='bbox 2480 2891 2539 2938; x_wconf 91' lang='lat' dir='ltr'><strong>ut</strong></span> <span class='ocrx_word' id='word_1_558' title='bbox 2589 2884 2881 2939; x_wconf 90' lang='lat' dir='ltr'><strong>immutent</strong></span> <span class='ocrx_word' id='word_1_559' title='bbox 2911 2883 3139 2939; x_wconf 88' lang='lat' dir='ltr'><strong>formam</strong></span> <span class='ocrx_word' id='word_1_560' title='bbox 3176 2884 3459 2950; x_wconf 83' lang='lat' dir='ltr'><strong>innatum,</strong></span> 
     </span>
    </p>
   </div>
   <div class='ocr_carea' id='block_1_76' title="bbox 1877 2975 3460 3048">
    <p class='ocr_par' dir='ltr' id='par_1_76' title="bbox 1877 2975 3460 3048">
     <span class='ocr_line' id='line_1_76' title="bbox 1877 2975 3460 3048; baseline 0.004 -20"><span class='ocrx_word' id='word_1_561' title='bbox 1877 2982 2040 3046; x_wconf 92' lang='lat' dir='ltr'><strong>atque</strong></span> <span class='ocrx_word' id='word_1_562' title='bbox 2095 2975 2153 3031; x_wconf 90' lang='lat' dir='ltr'><strong>in</strong></span> <span class='ocrx_word' id='word_1_563' title='bbox 2205 2975 2432 3048; x_wconf 90' lang='lat' dir='ltr'><strong>ﬁguram</strong></span> <span class='ocrx_word' id='word_1_564' title='bbox 2465 2975 2624 3030; x_wconf 90' lang='lat' dir='ltr'><strong>aliam</strong></span> <span class='ocrx_word' id='word_1_565' title='bbox 2656 2991 2687 3030; x_wconf 91' lang='lat' dir='ltr'><strong>a</strong></span> <span class='ocrx_word' id='word_1_566' title='bbox 2715 2991 2823 3048; x_wconf 91' lang='lat' dir='ltr'><strong>qua</strong></span> <span class='ocrx_word' id='word_1_567' title='bbox 2846 2976 3093 3031; x_wconf 87' lang='lat' dir='ltr'><strong>deleatur</strong></span> <span class='ocrx_word' id='word_1_568' title='bbox 3121 2976 3297 3033; x_wconf 89' lang='lat' dir='ltr'><strong>forma</strong></span> <span class='ocrx_word' id='word_1_569' title='bbox 3325 2994 3460 3034; x_wconf 82' lang='lat' dir='ltr'><strong>con-</strong></span> 
     </span>
    </p>
   </div>
   <div class='ocr_carea' id='block_1_77' title="bbox 1878 3067 3460 3139">
    <p class='ocr_par' dir='ltr' id='par_1_77' title="bbox 1878 3067 3460 3139">
     <span class='ocr_line' id='line_1_77' title="bbox 1878 3067 3460 3139; baseline 0.003 -17"><span class='ocrx_word' id='word_1_570' title='bbox 1878 3068 2060 3137; x_wconf 86' lang='lat' dir='ltr'><strong>genita</strong></span> <span class='ocrx_word' id='word_1_571' title='bbox 2087 3107 2099 3131; x_wconf 90' lang='lat'><strong>,</strong></span> <span class='ocrx_word' id='word_1_572' title='bbox 2130 3067 2490 3125; x_wconf 86' lang='lat' dir='ltr'><strong>transferant.</strong></span> <span class='ocrx_word' id='word_1_573' title='bbox 2529 3067 2663 3122; x_wconf 88' lang='lat' dir='ltr'><strong>Nam</strong></span> <span class='ocrx_word' id='word_1_574' title='bbox 2707 3067 2752 3124; x_wconf 92' lang='lat' dir='ltr'><strong>si</strong></span> <span class='ocrx_word' id='word_1_575' title='bbox 2785 3069 2908 3138; x_wconf 92' lang='lat' dir='ltr'><strong>quis</strong></span> <span class='ocrx_word' id='word_1_576' title='bbox 2939 3068 3095 3139; x_wconf 85' lang='lat' dir='ltr'><strong>signa</strong></span> <span class='ocrx_word' id='word_1_577' title='bbox 3130 3069 3185 3124; x_wconf 92' lang='lat' dir='ltr'><strong>in</strong></span> <span class='ocrx_word' id='word_1_578' title='bbox 3221 3070 3460 3128; x_wconf 72' lang='lat' dir='ltr'><strong>hominis</strong></span> 
     </span>
    </p>
   </div>
   <div class='ocr_carea' id='block_1_78' title="bbox 1877 3159 3460 3234">
    <p class='ocr_par' dir='ltr' id='par_1_78' title="bbox 1877 3159 3460 3234">
     <span class='ocr_line' id='line_1_78' title="bbox 1877 3159 3460 3234; baseline 0.004 -21"><span class='ocrx_word' id='word_1_579' title='bbox 1877 3168 1970 3214; x_wconf 88' lang='lat' dir='ltr'><strong>aut</strong></span> <span class='ocrx_word' id='word_1_580' title='bbox 1999 3161 2126 3231; x_wconf 90' lang='lat' dir='ltr'><strong>equi</strong></span> <span class='ocrx_word' id='word_1_581' title='bbox 2151 3160 2380 3231; x_wconf 88' lang='lat' dir='ltr'><strong>ﬁguram</strong></span> <span class='ocrx_word' id='word_1_582' title='bbox 2398 3159 2630 3233; x_wconf 82' lang='lat' dir='ltr'><strong>efﬁgiata</strong></span> <span class='ocrx_word' id='word_1_583' title='bbox 2655 3159 2990 3225; x_wconf 88' lang='lat' dir='ltr'><strong>conﬁaverit,</strong></span> <span class='ocrx_word' id='word_1_584' title='bbox 3033 3160 3220 3216; x_wconf 88' lang='lat' dir='ltr'><strong>formae</strong></span> <span class='ocrx_word' id='word_1_585' title='bbox 3242 3163 3460 3234; x_wconf 87' lang='lat' dir='ltr'><strong>quidem</strong></span> 
     </span>
    </p>
   </div>
   <div class='ocr_carea' id='block_1_79' title="bbox 1876 3251 3463 3325">
    <p class='ocr_par' dir='ltr' id='par_1_79' title="bbox 1876 3251 3463 3325">
     <span class='ocr_line' id='line_1_79' title="bbox 1876 3251 3463 3325; baseline 0.003 -19"><span class='ocrx_word' id='word_1_586' title='bbox 1876 3251 2104 3323; x_wconf 81' lang='lat' dir='ltr'><strong>ﬁguram</strong></span> <span class='ocrx_word' id='word_1_587' title='bbox 2125 3254 2476 3318; x_wconf 81' lang='lat' dir='ltr'><strong>exstinctam,</strong></span> <span class='ocrx_word' id='word_1_588' title='bbox 2510 3253 2794 3308; x_wconf 87' lang='lat' dir='ltr'><strong>materiam</strong></span> <span class='ocrx_word' id='word_1_589' title='bbox 2843 3269 2973 3311; x_wconf 87' lang='lat' dir='ltr'><strong>vero</strong></span> <span class='ocrx_word' id='word_1_590' title='bbox 3003 3256 3350 3325; x_wconf 86' lang='lat' dir='ltr'><strong>superstitem</strong></span> <span class='ocrx_word' id='word_1_591' title='bbox 3375 3257 3463 3310; x_wconf 89' lang='lat' dir='ltr'><strong>in-</strong></span> 
     </span>
    </p>
   </div>
   <div class='ocr_carea' id='block_1_80' title="bbox 1874 3343 3459 3417">
    <p class='ocr_par' dir='ltr' id='par_1_80' title="bbox 1874 3343 3459 3417">
     <span class='ocr_line' id='line_1_80' title="bbox 1874 3343 3459 3417; baseline 0.001 -18"><span class='ocrx_word' id='word_1_592' title='bbox 1874 3354 2140 3399; x_wconf 78' lang='lat' dir='ltr'><strong>venturus</strong></span> <span class='ocrx_word' id='word_1_593' title='bbox 2161 3353 2264 3401; x_wconf 90' lang='lat' dir='ltr'><strong>est.</strong></span> <span class='ocrx_word' id='word_1_594' title='bbox 2299 3345 2489 3414; x_wconf 83' lang='lat' dir='ltr'><strong>Itaque</strong></span> <span class='ocrx_word' id='word_1_595' title='bbox 2510 3343 2808 3400; x_wconf 90' lang='lat' dir='ltr'><strong>absurdum</strong></span> <span class='ocrx_word' id='word_1_596' title='bbox 2841 3353 2958 3412; x_wconf 92' lang='lat' dir='ltr'><strong>est,</strong></span> <span class='ocrx_word' id='word_1_597' title='bbox 2991 3354 3048 3399; x_wconf 94' lang='lat' dir='ltr'><strong>ut</strong></span> <span class='ocrx_word' id='word_1_598' title='bbox 3075 3347 3200 3417; x_wconf 90' lang='lat' dir='ltr'><strong>quis</strong></span> <span class='ocrx_word' id='word_1_599' title='bbox 3227 3345 3459 3400; x_wconf 88' lang='lat' dir='ltr'><strong>formam</strong></span> 
     </span>
    </p>
   </div>
   <div class='ocr_carea' id='block_1_81' title="bbox 1873 3435 3461 3506">
    <p class='ocr_par' dir='ltr' id='par_1_81' title="bbox 1873 3435 3461 3506">
     <span class='ocr_line' id='line_1_81' title="bbox 1873 3435 3461 3506; baseline -0.001 -16"><span class='ocrx_word' id='word_1_600' title='bbox 1873 3451 1998 3506; x_wconf 73' lang='lat' dir='ltr'><strong>qua:</strong></span> <span class='ocrx_word' id='word_1_601' title='bbox 2024 3436 2160 3490; x_wconf 84' lang='lat' dir='ltr'><strong>nihil</strong></span> <span class='ocrx_word' id='word_1_602' title='bbox 2201 3435 2306 3491; x_wconf 92' lang='lat' dir='ltr'><strong>fuit</strong></span> <span class='ocrx_word' id='word_1_603' title='bbox 2337 3437 2610 3492; x_wconf 80' lang='lat' dir='ltr'><strong>exstincta</strong></span> <span class='ocrx_word' id='word_1_604' title='bbox 2652 3447 3084 3492; x_wconf 89' lang='lat' dir='ltr'><strong>resurrecturam</strong></span> <span class='ocrx_word' id='word_1_605' title='bbox 3119 3436 3299 3501; x_wconf 90' lang='lat' dir='ltr'><strong>dicat,</strong></span> <span class='ocrx_word' id='word_1_606' title='bbox 3336 3451 3461 3492; x_wconf 81' lang='lat' dir='ltr'><strong>cor-</strong></span> 
     </span>
    </p>
   </div>
   <div class='ocr_carea' id='block_1_82' title="bbox 1875 3527 3460 3601">
    <p class='ocr_par' dir='ltr' id='par_1_82' title="bbox 1875 3527 3460 3601">
     <span class='ocr_line' id='line_1_82' title="bbox 1875 3527 3460 3601; baseline 0 -17"><span class='ocrx_word' id='word_1_607' title='bbox 1875 3545 2088 3601; x_wconf 86' lang='lat' dir='ltr'><strong>pusque</strong></span> <span class='ocrx_word' id='word_1_608' title='bbox 2144 3529 2233 3584; x_wconf 91' lang='lat' dir='ltr'><strong>cui</strong></span> <span class='ocrx_word' id='word_1_609' title='bbox 2303 3529 2396 3584; x_wconf 91' lang='lat' dir='ltr'><strong>illa</strong></span> <span class='ocrx_word' id='word_1_610' title='bbox 2458 3527 2563 3584; x_wconf 90' lang='lat' dir='ltr'><strong>fuit</strong></span> <span class='ocrx_word' id='word_1_611' title='bbox 2617 3527 2919 3598; x_wconf 87' lang='lat' dir='ltr'><strong>impressa,</strong></span> <span class='ocrx_word' id='word_1_612' title='bbox 3005 3539 3321 3600; x_wconf 91' lang='lat' dir='ltr'><strong>corruptum</strong></span> <span class='ocrx_word' id='word_1_613' title='bbox 3392 3529 3460 3584; x_wconf 88' lang='lat' dir='ltr'><strong>iri</strong></span> 
     </span>
    </p>
   </div>
   <div class='ocr_carea' id='block_1_83' title="bbox 1875 3622 2192 3679">
    <p class='ocr_par' dir='ltr' id='par_1_83' title="bbox 1875 3622 2192 3679">
     <span class='ocr_line' id='line_1_83' title="bbox 1875 3622 2192 3679; baseline -0.003 0"><span class='ocrx_word' id='word_1_614' title='bbox 1875 3622 2192 3679; x_wconf 89' lang='lat' dir='ltr'><strong>contendat.</strong></span> 
     </span>
    </p>
   </div>
   <div class='ocr_carea' id='block_1_84' title="bbox 1944 3712 3459 3787">
    <p class='ocr_par' dir='ltr' id='par_1_84' title="bbox 1944 3712 3459 3787">
     <span class='ocr_line' id='line_1_84' title="bbox 1944 3712 3459 3787; baseline 0 -17"><span class='ocrx_word' id='word_1_615' title='bbox 1944 3715 2088 3771; x_wconf 80' lang='lat' dir='ltr'><strong>XVI.</strong></span> <span class='ocrx_word' id='word_1_616' title='bbox 2107 3715 2339 3770; x_wconf 76' lang='lat' dir='ltr'><strong>Maxime</strong></span> <span class='ocrx_word' id='word_1_617' title='bbox 2357 3714 2658 3780; x_wconf 85' lang='lat' dir='ltr'><strong>enimvero,</strong></span> <span class='ocrx_word' id='word_1_618' title='bbox 2689 3715 2894 3787; x_wconf 86' lang='lat' dir='ltr'><strong>inquit;</strong></span> <span class='ocrx_word' id='word_1_619' title='bbox 2931 3712 3291 3771; x_wconf 89' lang='lat' dir='ltr'><strong>transferetur</strong></span> <span class='ocrx_word' id='word_1_620' title='bbox 3312 3715 3459 3770; x_wconf 90' lang='lat' dir='ltr'><strong>enim</strong></span> 
     </span>
    </p>
   </div>
   <div class='ocr_carea' id='block_1_85' title="bbox 1875 3808 3460 3880">
    <p class='ocr_par' dir='ltr' id='par_1_85' title="bbox 1875 3808 3460 3880">
     <span class='ocr_line' id='line_1_85' title="bbox 1875 3808 3460 3880; baseline -0.001 -15"><span class='ocrx_word' id='word_1_621' title='bbox 1875 3811 1931 3865; x_wconf 93' lang='lat' dir='ltr'><strong>in</strong></span> <span class='ocrx_word' id='word_1_622' title='bbox 1954 3825 2155 3879; x_wconf 88' lang='lat' dir='ltr'><strong>corpus</strong></span> <span class='ocrx_word' id='word_1_623' title='bbox 2175 3808 2440 3879; x_wconf 80' lang='lat' dir='ltr'><strong>Spiritale.</strong></span> <span class='ocrx_word' id='word_1_624' title='bbox 2472 3808 2612 3880; x_wconf 86' lang='lat' dir='ltr'><strong>Ergo</strong></span> <span class='ocrx_word' id='word_1_625' title='bbox 2643 3808 2800 3865; x_wconf 80' lang='lat' dir='ltr'><strong>fateri</strong></span> <span class='ocrx_word' id='word_1_626' title='bbox 2836 3825 3060 3866; x_wconf 86' lang='lat' dir='ltr'><strong>necesse</strong></span> <span class='ocrx_word' id='word_1_627' title='bbox 3085 3817 3189 3874; x_wconf 88' lang='lat' dir='ltr'><strong>est,</strong></span> <span class='ocrx_word' id='word_1_628' title='bbox 3211 3809 3460 3864; x_wconf 81' lang='lat' dir='ltr'><strong>eamdem</strong></span> 
     </span>
    </p>
   </div>
   <div class='ocr_carea' id='block_1_86' title="bbox 1874 3899 3461 3974">
    <p class='ocr_par' dir='ltr' id='par_1_86' title="bbox 1874 3899 3461 3974">
     <span class='ocr_line' id='line_1_86' title="bbox 1874 3899 3461 3974; baseline -0.001 -18"><span class='ocrx_word' id='word_1_629' title='bbox 1874 3903 2092 3973; x_wconf 85' lang='lat' dir='ltr'><strong>proprie</strong></span> <span class='ocrx_word' id='word_1_630' title='bbox 2122 3901 2352 3956; x_wconf 91' lang='lat' dir='ltr'><strong>formam</strong></span> <span class='ocrx_word' id='word_1_631' title='bbox 2373 3900 2604 3972; x_wconf 89' lang='lat' dir='ltr'><strong>primam</strong></span> <span class='ocrx_word' id='word_1_632' title='bbox 2624 3916 2734 3957; x_wconf 92' lang='lat' dir='ltr'><strong>non</strong></span> <span class='ocrx_word' id='word_1_633' title='bbox 2763 3917 3070 3974; x_wconf 76' lang='lat' dir='ltr'><strong>resurgere,</strong></span> <span class='ocrx_word' id='word_1_634' title='bbox 3090 3917 3156 3956; x_wconf 90' lang='lat' dir='ltr'><strong>eo</strong></span> <span class='ocrx_word' id='word_1_635' title='bbox 3172 3899 3318 3972; x_wconf 92' lang='lat' dir='ltr'><strong>quod</strong></span> <span class='ocrx_word' id='word_1_636' title='bbox 3341 3917 3461 3955; x_wconf 88' lang='lat' dir='ltr'><strong>mu-</strong></span> 
     </span>
    </p>
   </div>
   <div class='ocr_carea' id='block_1_87' title="bbox 1873 3990 3461 4063">
    <p class='ocr_par' dir='ltr' id='par_1_87' title="bbox 1873 3990 3461 4063">
     <span class='ocr_line' id='line_1_87' title="bbox 1873 3990 3461 4063; baseline 0.001 -17"><span class='ocrx_word' id='word_1_637' title='bbox 1873 4001 1986 4046; x_wconf 88' lang='lat' dir='ltr'><strong>tata</strong></span> <span class='ocrx_word' id='word_1_638' title='bbox 2026 3992 2100 4048; x_wconf 91' lang='lat' dir='ltr'><strong>sit</strong></span> <span class='ocrx_word' id='word_1_639' title='bbox 2125 3999 2180 4047; x_wconf 92' lang='lat' dir='ltr'><strong>et</strong></span> <span class='ocrx_word' id='word_1_640' title='bbox 2217 4002 2474 4063; x_wconf 84' lang='lat' dir='ltr'><strong>corrupta</strong></span> <span class='ocrx_word' id='word_1_641' title='bbox 2497 4032 2511 4057; x_wconf 94' lang='lat'><strong>,</strong></span> <span class='ocrx_word' id='word_1_642' title='bbox 2545 4009 2653 4047; x_wconf 89' lang='lat' dir='ltr'><strong>una</strong></span> <span class='ocrx_word' id='word_1_643' title='bbox 2685 4008 2811 4048; x_wconf 89' lang='lat' dir='ltr'><strong>cum</strong></span> <span class='ocrx_word' id='word_1_644' title='bbox 2854 4009 3036 4050; x_wconf 88' lang='lat' dir='ltr'><strong>carne.</strong></span> <span class='ocrx_word' id='word_1_645' title='bbox 3085 3991 3199 4049; x_wconf 82' lang='lat' dir='ltr'><strong>Etsi</strong></span> <span class='ocrx_word' id='word_1_646' title='bbox 3223 3990 3368 4049; x_wconf 69' lang='lat' dir='ltr'><strong>ehim</strong></span> <span class='ocrx_word' id='word_1_647' title='bbox 3402 3992 3461 4048; x_wconf 89' lang='lat' dir='ltr'><strong>in</strong></span> 
     </span>
    </p>
   </div>
   <div class='ocr_carea' id='block_1_88' title="bbox 1875 4083 3461 4157">
    <p class='ocr_par' dir='ltr' id='par_1_88' title="bbox 1875 4083 3461 4157">
     <span class='ocr_line' id='line_1_88' title="bbox 1875 4083 3461 4157; baseline 0.002 -18"><span class='ocrx_word' id='word_1_648' title='bbox 1875 4083 2122 4154; x_wconf 90' lang='lat' dir='ltr'><strong>spiritale</strong></span> <span class='ocrx_word' id='word_1_649' title='bbox 2169 4098 2369 4154; x_wconf 84' lang='lat' dir='ltr'><strong>corpus</strong></span> <span class='ocrx_word' id='word_1_650' title='bbox 2412 4085 2679 4140; x_wconf 88' lang='lat' dir='ltr'><strong>translata</strong></span> <span class='ocrx_word' id='word_1_651' title='bbox 2722 4087 2828 4150; x_wconf 90' lang='lat' dir='ltr'><strong>sit,</strong></span> <span class='ocrx_word' id='word_1_652' title='bbox 2873 4089 2991 4157; x_wconf 90' lang='lat' dir='ltr'><strong>ipsa</strong></span> <span class='ocrx_word' id='word_1_653' title='bbox 3040 4095 3222 4142; x_wconf 90' lang='lat' dir='ltr'><strong>tamen</strong></span> <span class='ocrx_word' id='word_1_654' title='bbox 3269 4087 3461 4142; x_wconf 87' lang='lat' dir='ltr'><strong>eadem</strong></span> 
     </span>
    </p>
   </div>
   <div class='ocr_carea' id='block_1_89' title="bbox 1873 4158 3450 4250">
    <p class='ocr_par' dir='ltr' id='par_1_89' title="bbox 1873 4158 3450 4250">
     <span class='ocr_line' id='line_1_89' title="bbox 1873 4158 3450 4250; baseline 0.001 -19"><span class='ocrx_word' id='word_1_655' title='bbox 1873 4191 1982 4231; x_wconf 93' lang='lat' dir='ltr'><strong>non</strong></span> <span class='ocrx_word' id='word_1_656' title='bbox 2023 4176 2129 4230; x_wconf 91' lang='lat' dir='ltr'><strong>erit</strong></span> <span class='ocrx_word' id='word_1_657' title='bbox 2171 4175 2408 4245; x_wconf 91' lang='lat' dir='ltr'><strong>primum</strong></span> <span class='ocrx_word' id='word_1_658' title='bbox 2442 4158 2660 4247; x_wconf 81' lang='lat' dir='ltr'><strong>proprie</strong></span> <span class='ocrx_word' id='word_1_659' title='bbox 2687 4179 2994 4248; x_wconf 73' lang='lat' dir='ltr'><strong>subjectum</strong></span> <span class='ocrx_word' id='word_1_660' title='bbox 3020 4219 3034 4243; x_wconf 90' lang='lat'><strong>,</strong></span> <span class='ocrx_word' id='word_1_661' title='bbox 3074 4179 3168 4235; x_wconf 91' lang='lat' dir='ltr'><strong>sed</strong></span> <span class='ocrx_word' id='word_1_662' title='bbox 3203 4180 3450 4250; x_wconf 64' lang='lat' dir='ltr'><strong>quaedam</strong></span> 
     </span>
    </p>
   </div>
   <div class='ocr_carea' id='block_1_90' title="bbox 1874 4266 3459 4338">
    <p class='ocr_par' dir='ltr' id='par_1_90' title="bbox 1874 4266 3459 4338">
     <span class='ocr_line' id='line_1_90' title="bbox 1874 4266 3459 4338; baseline 0.004 -18"><span class='ocrx_word' id='word_1_663' title='bbox 1874 4266 2024 4322; x_wconf 84' lang='lat' dir='ltr'><strong>illius</strong></span> <span class='ocrx_word' id='word_1_664' title='bbox 2050 4268 2107 4321; x_wconf 92' lang='lat' dir='ltr'><strong>in</strong></span> <span class='ocrx_word' id='word_1_665' title='bbox 2143 4267 2333 4322; x_wconf 90' lang='lat' dir='ltr'><strong>subtili</strong></span> <span class='ocrx_word' id='word_1_666' title='bbox 2363 4283 2596 4338; x_wconf 85' lang='lat' dir='ltr'><strong>corpore</strong></span> <span class='ocrx_word' id='word_1_667' title='bbox 2627 4270 3016 4326; x_wconf 78' lang='lat' dir='ltr'><strong>transformata</strong></span> <span class='ocrx_word' id='word_1_668' title='bbox 3039 4271 3359 4327; x_wconf 85' lang='lat' dir='ltr'><strong>similitudo.</strong></span> <span class='ocrx_word' id='word_1_669' title='bbox 3397 4270 3459 4326; x_wconf 90' lang='lat' dir='ltr'><strong>Si</strong></span> 
     </span>
    </p>
   </div>
   <div class='ocr_carea' id='block_1_91' title="bbox 1873 4358 3456 4436">
    <p class='ocr_par' dir='ltr' id='par_1_91' title="bbox 1873 4358 3456 4436">
     <span class='ocr_line' id='line_1_91' title="bbox 1873 4358 3456 4436; baseline 0.003 -24"><span class='ocrx_word' id='word_1_670' title='bbox 1873 4368 2052 4414; x_wconf 87' lang='lat' dir='ltr'><strong>autem</strong></span> <span class='ocrx_word' id='word_1_671' title='bbox 2072 4373 2180 4413; x_wconf 94' lang='lat' dir='ltr'><strong>non</strong></span> <span class='ocrx_word' id='word_1_672' title='bbox 2197 4359 2385 4414; x_wconf 91' lang='lat' dir='ltr'><strong>eadem</strong></span> <span class='ocrx_word' id='word_1_673' title='bbox 2417 4358 2590 4414; x_wconf 84' lang='lat' dir='ltr'><strong>forma</strong></span> <span class='ocrx_word' id='word_1_674' title='bbox 2619 4377 2759 4436; x_wconf 84' lang='lat' dir='ltr'><strong>;nec</strong></span> <span class='ocrx_word' id='word_1_675' title='bbox 2792 4362 2933 4418; x_wconf 90' lang='lat' dir='ltr'><strong>idem</strong></span> <span class='ocrx_word' id='word_1_676' title='bbox 2965 4379 3168 4434; x_wconf 91' lang='lat' dir='ltr'><strong>corpus</strong></span> <span class='ocrx_word' id='word_1_677' title='bbox 3198 4362 3456 4432; x_wconf 85' lang='lat' dir='ltr'><strong>resurgit,</strong></span> 
     </span>
    </p>
   </div>
   <div class='ocr_carea' id='block_1_92' title="bbox 187 4450 1776 4539">
    <p class='ocr_par' dir='ltr' id='par_1_92' title="bbox 187 4451 1762 4531">
     <span class='ocr_line' id='line_1_92' title="bbox 187 4451 1762 4531; baseline 0.006 -29"><span class='ocrx_word' id='word_1_678' title='bbox 187 4467 308 4514; x_wconf 73' lang='grc' dir='ltr'>ται,</span> <span class='ocrx_word' id='word_1_679' title='bbox 341 4451 455 4504; x_wconf 82' lang='grc' dir='ltr'>ἀλλ’</span> <span class='ocrx_word' id='word_1_680' title='bbox 493 4452 679 4526; x_wconf 77' lang='grc' dir='ltr'>ἕτερον</span> <span class='ocrx_word' id='word_1_681' title='bbox 708 4455 828 4509; x_wconf 78' lang='grc' dir='ltr'>ἀντὶ</span> <span class='ocrx_word' id='word_1_682' title='bbox 859 4455 951 4510; x_wconf 78' lang='grc' dir='ltr'>τοῦ</span> <span class='ocrx_word' id='word_1_683' title='bbox 981 4457 1268 4529; x_wconf 77' lang='grc' dir='ltr'>προτέρου.</span> <span class='ocrx_word' id='word_1_684' title='bbox 1304 4457 1378 4510; x_wconf 88' lang='grc' dir='ltr'><strong>Τὸ</strong></span> <span class='ocrx_word' id='word_1_685' title='bbox 1419 4458 1525 4531; x_wconf 81' lang='grc' dir='ltr'><strong>γάρ</strong></span> <span class='ocrx_word' id='word_1_686' title='bbox 1557 4458 1762 4530; x_wconf 83' lang='grc' dir='ltr'>ὅμοιον,</span> 
     </span>
    </p>
   </div>
   <div class='ocr_carea' id='block_1_93' title="bbox 1881 4450 3458 4539">
    <p class='ocr_par' dir='ltr' id='par_1_93' title="bbox 1881 4450 3458 4522">
     <span class='ocr_line' id='line_1_93' title="bbox 1881 4450 3458 4522; baseline 0.002 -14"><span class='ocrx_word' id='word_1_687' title='bbox 1881 4450 1972 4508; x_wconf 89' lang='lat' dir='ltr'><strong>sed</strong></span> <span class='ocrx_word' id='word_1_688' title='bbox 2003 4451 2152 4505; x_wconf 90' lang='lat' dir='ltr'><strong>aliud</strong></span> <span class='ocrx_word' id='word_1_689' title='bbox 2189 4465 2288 4521; x_wconf 91' lang='lat' dir='ltr'><strong>pro</strong></span> <span class='ocrx_word' id='word_1_690' title='bbox 2317 4451 2444 4506; x_wconf 91' lang='lat' dir='ltr'><strong>alio.</strong></span> <span class='ocrx_word' id='word_1_691' title='bbox 2471 4451 2606 4506; x_wconf 88' lang='lat' dir='ltr'><strong>Nam</strong></span> <span class='ocrx_word' id='word_1_692' title='bbox 2655 4453 2862 4522; x_wconf 90' lang='lat' dir='ltr'><strong>simile,</strong></span> <span class='ocrx_word' id='word_1_693' title='bbox 2907 4471 3030 4509; x_wconf 94' lang='lat' dir='ltr'><strong>cum</strong></span> <span class='ocrx_word' id='word_1_694' title='bbox 3083 4457 3155 4512; x_wconf 90' lang='lat' dir='ltr'><strong>sit</strong></span> <span class='ocrx_word' id='word_1_695' title='bbox 3197 4457 3342 4511; x_wconf 90' lang='lat' dir='ltr'><strong>aliud</strong></span> <span class='ocrx_word' id='word_1_696' title='bbox 3390 4457 3458 4511; x_wconf 87' lang='lat' dir='ltr'><strong>ab</strong></span> 
     </span>
    </p>
   </div>
   <div class='ocr_carea' id='block_1_94' title="bbox 187 4541 1770 4621">
    <p class='ocr_par' dir='ltr' id='par_1_94' title="bbox 187 4541 1770 4621">
     <span class='ocr_line' id='line_1_94' title="bbox 187 4541 1770 4621; baseline 0.005 -27"><span class='ocrx_word' id='word_1_697' title='bbox 187 4541 384 4612; x_wconf 67' lang='grc' dir='ltr'>ἕτερον</span> <span class='ocrx_word' id='word_1_698' title='bbox 409 4542 502 4596; x_wconf 82' lang='grc' dir='ltr'>τοῦ</span> <span class='ocrx_word' id='word_1_699' title='bbox 537 4545 730 4599; x_wconf 82' lang='grc' dir='ltr'>ἐαυτοῦ</span> <span class='ocrx_word' id='word_1_700' title='bbox 751 4547 936 4617; x_wconf 86' lang='grc' dir='ltr'>ὁμοίου</span> <span class='ocrx_word' id='word_1_701' title='bbox 968 4547 1047 4612; x_wconf 77' lang='grc' dir='ltr'>ὃν,</span> <span class='ocrx_word' id='word_1_702' title='bbox 1080 4549 1210 4602; x_wconf 83' lang='grc' dir='ltr'>αὐτὸ</span> <span class='ocrx_word' id='word_1_703' title='bbox 1233 4550 1411 4602; x_wconf 83' lang='grc' dir='ltr'>ἐκεῖνο</span> <span class='ocrx_word' id='word_1_704' title='bbox 1437 4548 1500 4602; x_wconf 85' lang='lat' dir='ltr'><strong>rb</strong></span> <span class='ocrx_word' id='word_1_705' title='bbox 1527 4547 1770 4621; x_wconf 87' lang='grc' dir='ltr'>πρῶτον,</span> 
     </span>
    </p>
   </div>
   <div class='ocr_carea' id='block_1_95' title="bbox 190 4632 1194 4704">
    <p class='ocr_par' dir='ltr' id='par_1_95' title="bbox 190 4632 1194 4704">
     <span class='ocr_line' id='line_1_95' title="bbox 190 4632 1194 4704; baseline 0.01 -20"><span class='ocrx_word' id='word_1_706' title='bbox 190 4633 337 4704; x_wconf 68' lang='grc' dir='ltr'>πρὸς</span> <span class='ocrx_word' id='word_1_707' title='bbox 362 4633 390 4686; x_wconf 85' lang='lat' dir='ltr'><strong>b</strong></span> <span class='ocrx_word' id='word_1_708' title='bbox 418 4635 654 4701; x_wconf 83' lang='grc' dir='ltr'>ἐγένετο,</span> <span class='ocrx_word' id='word_1_709' title='bbox 689 4632 828 4691; x_wconf 77' lang='grc' dir='ltr'>εἶναι</span> <span class='ocrx_word' id='word_1_710' title='bbox 861 4640 920 4692; x_wconf 80' lang='grc' dir='ltr'>οὐ</span> <span class='ocrx_word' id='word_1_711' title='bbox 952 4638 1194 4694; x_wconf 81' lang='grc' dir='ltr'>δύναται.</span> 
     </span>
    </p>
   </div>
   <div class='ocr_carea' id='block_1_96' title="bbox 266 4848 1655 4931">
    <p class='ocr_par' dir='ltr' id='par_1_96' title="bbox 266 4848 1655 4931">
     <span class='ocr_line' id='line_1_96' title="bbox 266 4848 1655 4931; baseline 0.005 -24"><span class='ocrx_word' id='word_1_712' title='bbox 412 4856 691 4931; x_wconf 40' lang='lat' dir='ltr'><strong>years</strong></span> <span class='ocrx_word' id='word_1_713' title='bbox 717 4852 814 4927; x_wconf 83' lang='grc' dir='ltr'>ἧς.</span> <span class='ocrx_word' id='word_1_714' title='bbox 851 4856 961 4931; x_wconf 35' lang='lat' dir='ltr'><strong>ML,</strong></span> <span class='ocrx_word' id='word_1_715' title='bbox 1018 4857 1429 4930; x_wconf 86' lang='grc' dir='ltr'>μεθιστάμενος,</span> <span class='ocrx_word' id='word_1_716' title='bbox 1458 4860 1544 4929; x_wconf 88' lang='grc' dir='ltr'><strong>ἐφ’</strong></span> <span class='ocrx_word' id='word_1_717' title='bbox 1565 4853 1655 4931; x_wconf 77' lang='grc' dir='ltr'><strong>ἧς.</strong></span> 
     </span>
    </p>
   </div>
   <div class='ocr_carea' id='block_1_97' title="bbox 269 4922 1776 5014">
    <p class='ocr_par' dir='ltr' id='par_1_97' title="bbox 269 4922 1776 5014">
     <span class='ocr_line' id='line_1_97' title="bbox 269 4922 1776 5014; baseline 0.007 -40"><span class='ocrx_word' id='word_1_718' title='bbox 403 4922 694 5014; x_wconf 35' lang='grc' dir='ltr'>βὲ-τίυὶάέηι</span> <span class='ocrx_word' id='word_1_719' title='bbox 732 4922 874 5009; x_wconf 75' lang='lat' dir='ltr'><strong>ergo.</strong></span> <span class='ocrx_word' id='word_1_720' title='bbox 897 4922 1058 5009; x_wconf 77' lang='lat' dir='ltr'><strong>Clara</strong></span> <span class='ocrx_word' id='word_1_721' title='bbox 1087 4922 1367 5014; x_wconf 64' lang='lat' dir='ltr'><strong>conclusio</strong></span> <span class='ocrx_word' id='word_1_722' title='bbox 1390 4922 1429 4982; x_wconf 22' lang='lat' dir='ltr'><strong>ﬂ:</strong></span> <span class='ocrx_word' id='word_1_723' title='bbox 1464 4922 1537 5014; x_wconf 63' lang='lat' dir='ltr'><strong>ut</strong></span> <span class='ocrx_word' id='word_1_724' title='bbox 1571 4922 1776 5014; x_wconf 66' lang='lat' dir='ltr'><strong>sivein</strong></span> 
     </span>
    </p>
   </div>
   <div class='ocr_carea' id='block_1_98' title="bbox 189 4997 1777 5140">
    <p class='ocr_par' dir='ltr' id='par_1_98' title="bbox 189 4997 1777 5140">
     <span class='ocr_line' id='line_1_98' title="bbox 189 4997 1777 5070; baseline 0.008 -25"><span class='ocrx_word' id='word_1_725' title='bbox 189 5005 450 5062; x_wconf 73' lang='lat' dir='ltr'><strong>corpore,</strong></span> <span class='ocrx_word' id='word_1_726' title='bbox 475 4997 588 5049; x_wconf 85' lang='lat' dir='ltr'><strong>sive</strong></span> <span class='ocrx_word' id='word_1_727' title='bbox 612 4997 724 5050; x_wconf 91' lang='lat' dir='ltr'><strong>sola</strong></span> <span class='ocrx_word' id='word_1_728' title='bbox 749 5000 949 5060; x_wconf 87' lang='lat' dir='ltr'><strong>anima,</strong></span> <span class='ocrx_word' id='word_1_729' title='bbox 979 5000 1092 5053; x_wconf 91' lang='lat' dir='ltr'><strong>sive</strong></span> <span class='ocrx_word' id='word_1_730' title='bbox 1113 5001 1292 5054; x_wconf 88' lang='lat' dir='ltr'><strong>adhuc</strong></span> <span class='ocrx_word' id='word_1_731' title='bbox 1326 5009 1627 5070; x_wconf 85' lang='lat' dir='ltr'><strong>superstes,</strong></span> <span class='ocrx_word' id='word_1_732' title='bbox 1660 5003 1777 5058; x_wconf 89' lang='lat' dir='ltr'><strong>sive</strong></span> 
     </span>
     <span class='ocr_line' id='line_1_99' title="bbox 196 5063 1777 5140; baseline 0.008 -26"><span class='ocrx_word' id='word_1_733' title='bbox 196 5063 479 5118; x_wconf 86' lang='lat' dir='ltr'><strong>redivivus</strong></span> <span class='ocrx_word' id='word_1_734' title='bbox 509 5066 660 5120; x_wconf 87' lang='lat' dir='ltr'><strong>visus</strong></span> <span class='ocrx_word' id='word_1_735' title='bbox 694 5069 763 5140; x_wconf 83' lang='lat' dir='ltr'><strong>sit</strong></span> <span class='ocrx_word' id='word_1_736' title='bbox 805 5067 972 5128; x_wconf 79' lang='lat' dir='ltr'><strong>Elias,</strong></span> <span class='ocrx_word' id='word_1_737' title='bbox 998 5069 1132 5140; x_wconf 87' lang='lat' dir='ltr'><strong>nihil</strong></span> <span class='ocrx_word' id='word_1_738' title='bbox 1153 5072 1275 5140; x_wconf 87' lang='lat' dir='ltr'><strong>ejus</strong></span> <span class='ocrx_word' id='word_1_739' title='bbox 1314 5072 1582 5140; x_wconf 89' lang='lat' dir='ltr'><strong>apparitio</strong></span> <span class='ocrx_word' id='word_1_740' title='bbox 1628 5072 1777 5128; x_wconf 87' lang='lat' dir='ltr'><strong>obsit</strong></span> 
     </span>
    </p>
   </div>
   <div class='ocr_carea' id='block_1_99' title="bbox 194 5138 1774 5207">
    <p class='ocr_par' dir='ltr' id='par_1_99' title="bbox 194 5138 1774 5207">
     <span class='ocr_line' id='line_1_100' title="bbox 194 5138 1774 5207; baseline 0.007 -21"><span class='ocrx_word' id='word_1_741' title='bbox 194 5141 434 5207; x_wconf 68' lang='lat' dir='ltr'><strong>speratae</strong></span> <span class='ocrx_word' id='word_1_742' title='bbox 463 5138 852 5192; x_wconf 87' lang='lat' dir='ltr'><strong>resurrectioni</strong></span> <span class='ocrx_word' id='word_1_743' title='bbox 883 5139 1085 5193; x_wconf 90' lang='lat' dir='ltr'><strong>carnis.</strong></span> <span class='ocrx_word' id='word_1_744' title='bbox 1123 5138 1400 5196; x_wconf 74' lang='lat' dir='ltr'><strong>schottus</strong></span> <span class='ocrx_word' id='word_1_745' title='bbox 1417 5141 1578 5196; x_wconf 91' lang='lat' dir='ltr'><strong>aliter</strong></span> <span class='ocrx_word' id='word_1_746' title='bbox 1597 5143 1774 5207; x_wconf 77' lang='lat' dir='ltr'><strong>ell&#39;ert,</strong></span> 
     </span>
    </p>
   </div>
   <div class='ocr_carea' id='block_1_100' title="bbox 194 5203 1778 5284">
    <p class='ocr_par' dir='ltr' id='par_1_100' title="bbox 194 5203 1778 5284">
     <span class='ocr_line' id='line_1_101' title="bbox 194 5203 1778 5284; baseline 0.008 -31"><span class='ocrx_word' id='word_1_747' title='bbox 194 5203 369 5284; x_wconf 46' lang='lat' dir='ltr'><strong>velut.</strong></span> <span class='ocrx_word' id='word_1_748' title='bbox 386 5214 662 5284; x_wconf 75' lang='lat' dir='ltr'><strong>mortuum</strong></span> <span class='ocrx_word' id='word_1_749' title='bbox 716 5209 943 5284; x_wconf 78' lang='lat' dir='ltr'><strong>allirmet</strong></span> <span class='ocrx_word' id='word_1_750' title='bbox 981 5209 1286 5284; x_wconf 72' lang='lat' dir='ltr'><strong>Methodius</strong></span> <span class='ocrx_word' id='word_1_751' title='bbox 1322 5212 1525 5284; x_wconf 24' lang='lat' dir='ltr'><strong>:quodA</strong></span> <span class='ocrx_word' id='word_1_752' title='bbox 1551 5227 1616 5284; x_wconf 84' lang='lat' dir='ltr'><strong>re</strong></span> <span class='ocrx_word' id='word_1_753' title='bbox 1655 5203 1778 5284; x_wconf 83' lang='lat' dir='ltr'><strong>ipsa</strong></span> 
     </span>
    </p>
   </div>
   <div class='ocr_carea' id='block_1_101' title="bbox 196 5272 1774 5353">
    <p class='ocr_par' dir='ltr' id='par_1_101' title="bbox 196 5272 1774 5353">
     <span class='ocr_line' id='line_1_102' title="bbox 196 5272 1774 5353; baseline 0.008 -29"><span class='ocrx_word' id='word_1_754' title='bbox 196 5287 306 5353; x_wconf 77' lang='lat' dir='ltr'><strong>non</strong></span> <span class='ocrx_word' id='word_1_755' title='bbox 347 5272 512 5334; x_wconf 87' lang='lat' dir='ltr'><strong>facit;</strong></span> <span class='ocrx_word' id='word_1_756' title='bbox 701 5280 966 5353; x_wconf 79' lang='lat' dir='ltr'><strong>permittit</strong></span> <span class='ocrx_word' id='word_1_757' title='bbox 1027 5280 1248 5352; x_wconf 89' lang='lat' dir='ltr'><strong>Origeni</strong></span> <span class='ocrx_word' id='word_1_758' title='bbox 1299 5272 1566 5352; x_wconf 76' lang='lat' dir='ltr'><strong>quidquid</strong></span> <span class='ocrx_word' id='word_1_759' title='bbox 1598 5272 1774 5346; x_wconf 70' lang='lat' dir='ltr'><strong>malit,</strong></span> 
     </span>
    </p>
   </div>
   <div class='ocr_carea' id='block_1_102' title="bbox 192 5347 1772 5424">
    <p class='ocr_par' dir='ltr' id='par_1_102' title="bbox 192 5347 1772 5424">
     <span class='ocr_line' id='line_1_103' title="bbox 192 5347 1772 5424; baseline 0.008 -29"><span class='ocrx_word' id='word_1_760' title='bbox 192 5347 841 5424; x_wconf 54' lang='lat' dir='ltr'><strong>Siusquemndequaque</strong></span> <span class='ocrx_word' id='word_1_761' title='bbox 894 5347 1254 5424; x_wconf 70' lang='lat' dir='ltr'><strong>inconsonuln</strong></span> <span class='ocrx_word' id='word_1_762' title='bbox 1316 5347 1511 5424; x_wconf 80' lang='lat' dir='ltr'><strong>dogma</strong></span> <span class='ocrx_word' id='word_1_763' title='bbox 1570 5355 1772 5421; x_wconf 78' lang='lat' dir='ltr'><strong>arguit.</strong></span> 
     </span>
    </p>
   </div>
   <div class='ocr_carea' id='block_1_103' title="bbox 197 5412 1776 5492">
    <p class='ocr_par' dir='ltr' id='par_1_103' title="bbox 197 5412 1776 5492">
     <span class='ocr_line' id='line_1_104' title="bbox 197 5412 1776 5492; baseline 0.009 -27"><span class='ocrx_word' id='word_1_764' title='bbox 197 5412 554 5492; x_wconf 69' lang='lat' dir='ltr'><strong>§pectat_l_t_uc</strong></span> <span class='ocrx_word' id='word_1_765' title='bbox 577 5412 846 5492; x_wconf 67' lang='lat' dir='ltr'><strong>scholibn,</strong></span> <span class='ocrx_word' id='word_1_766' title='bbox 880 5423 1023 5489; x_wconf 88' lang='lat' dir='ltr'><strong>qttod</strong></span> <span class='ocrx_word' id='word_1_767' title='bbox 1051 5423 1212 5492; x_wconf 89' lang='lat' dir='ltr'><strong>paulo</strong></span> <span class='ocrx_word' id='word_1_768' title='bbox 1239 5412 1595 5486; x_wconf 34' lang='lat' dir='ltr'><strong>anteisecuti</strong></span> <span class='ocrx_word' id='word_1_769' title='bbox 1617 5412 1776 5480; x_wconf 57' lang='lat' dir='ltr'><strong>notas</strong></span> 
     </span>
    </p>
   </div>
   <div class='ocr_carea' id='block_1_104' title="bbox 193 5481 1779 5565">
    <p class='ocr_par' dir='ltr' id='par_1_104' title="bbox 193 5481 1779 5565">
     <span class='ocr_line' id='line_1_105' title="bbox 193 5481 1779 5565; baseline 0.008 -30"><span class='ocrx_word' id='word_1_770' title='bbox 193 5481 515 5565; x_wconf 48' lang='lat' dir='ltr'><strong>LItBSCheljj,</strong></span> <span class='ocrx_word' id='word_1_771' title='bbox 542 5481 922 5565; x_wconf 65' lang='lat' dir='ltr'><strong>ascripsimus,</strong></span> <span class='ocrx_word' id='word_1_772' title='bbox 961 5481 1272 5565; x_wconf 73' lang='lat' dir='ltr'><strong>ascribente</strong></span> <span class='ocrx_word' id='word_1_773' title='bbox 1326 5481 1415 5548; x_wconf 82' lang='lat' dir='ltr'><strong>hic</strong></span> <span class='ocrx_word' id='word_1_774' title='bbox 1467 5496 1779 5565; x_wconf 85' lang='lat' dir='ltr'><strong>apographo</strong></span> 
     </span>
    </p>
   </div>
   <div class='ocr_carea' id='block_1_105' title="bbox 197 5551 1776 5632">
    <p class='ocr_par' dir='ltr' id='par_1_105' title="bbox 197 5551 1776 5632">
     <span class='ocr_line' id='line_1_106' title="bbox 197 5551 1776 5632; baseline 0.009 -28"><span class='ocrx_word' id='word_1_775' title='bbox 197 5551 744 5632; x_wconf 41' lang='lat' dir='ltr'><strong>.Sirnt.t_tndi;_estqtie</strong></span> <span class='ocrx_word' id='word_1_776' title='bbox 772 5560 892 5628; x_wconf 88' lang='lat' dir='ltr'><strong>ejus</strong></span> <span class='ocrx_word' id='word_1_777' title='bbox 910 5551 1118 5617; x_wconf 85' lang='lat' dir='ltr'><strong>sensus</strong></span> <span class='ocrx_word' id='word_1_778' title='bbox 1171 5563 1373 5630; x_wconf 88' lang='lat' dir='ltr'><strong>facilis,</strong></span> <span class='ocrx_word' id='word_1_779' title='bbox 1409 5565 1455 5620; x_wconf 89' lang='lat' dir='ltr'><strong>si</strong></span> <span class='ocrx_word' id='word_1_780' title='bbox 1485 5551 1609 5632; x_wconf 63' lang='lat' dir='ltr'><strong>quis</strong></span> <span class='ocrx_word' id='word_1_781' title='bbox 1651 5551 1776 5619; x_wconf 70' lang='lat' dir='ltr'><strong>cum</strong></span> 
     </span>
    </p>
   </div>
   <div class='ocr_carea' id='block_1_106' title="bbox 197 5623 1775 5699">
    <p class='ocr_par' dir='ltr' id='par_1_106' title="bbox 197 5623 1775 5699">
     <span class='ocr_line' id='line_1_107' title="bbox 197 5623 1775 5699; baseline 0.01 -25"><span class='ocrx_word' id='word_1_782' title='bbox 197 5623 320 5699; x_wconf 82' lang='lat' dir='ltr'><strong>ipso</strong></span> <span class='ocrx_word' id='word_1_783' title='bbox 339 5623 685 5699; x_wconf 79' lang='lat' dir='ltr'><strong>Methodiano</strong></span> <span class='ocrx_word' id='word_1_784' title='bbox 712 5623 882 5692; x_wconf 78' lang='lat' dir='ltr'><strong>textu,</strong></span> <span class='ocrx_word' id='word_1_785' title='bbox 919 5641 978 5686; x_wconf 92' lang='lat' dir='ltr'><strong>ut</strong></span> <span class='ocrx_word' id='word_1_786' title='bbox 1007 5632 1112 5687; x_wconf 91' lang='lat' dir='ltr'><strong>fuit</strong></span> <span class='ocrx_word' id='word_1_787' title='bbox 1143 5648 1173 5686; x_wconf 90' lang='lat' dir='ltr'><strong>a</strong></span> <span class='ocrx_word' id='word_1_788' title='bbox 1195 5623 1371 5690; x_wconf 74' lang='lat' dir='ltr'><strong>nobis</strong></span> <span class='ocrx_word' id='word_1_789' title='bbox 1384 5623 1656 5699; x_wconf 79' lang='lat' dir='ltr'><strong>redditus,</strong></span> <span class='ocrx_word' id='word_1_790' title='bbox 1687 5635 1775 5690; x_wconf 85' lang='lat' dir='ltr'><strong>vel</strong></span> 
     </span>
    </p>
   </div>
   <div class='ocr_carea' id='block_1_107' title="bbox 195 5695 960 5766">
    <p class='ocr_par' dir='ltr' id='par_1_107' title="bbox 195 5695 960 5766">
     <span class='ocr_line' id='line_1_108' title="bbox 195 5695 960 5766; baseline 0.01 -20"><span class='ocrx_word' id='word_1_791' title='bbox 195 5701 254 5747; x_wconf 87' lang='lat' dir='ltr'><strong>ut</strong></span> <span class='ocrx_word' id='word_1_792' title='bbox 282 5695 404 5766; x_wconf 87' lang='lat' dir='ltr'><strong>ipse</strong></span> <span class='ocrx_word' id='word_1_793' title='bbox 429 5696 624 5766; x_wconf 65' lang='lat' dir='ltr'><strong>1habet,</strong></span> <span class='ocrx_word' id='word_1_794' title='bbox 647 5701 960 5754; x_wconf 74' lang='lat' dir='ltr'><strong>contulerit.</strong></span> 
     </span>
    </p>
   </div>
   <div class='ocr_carea' id='block_1_108' title="bbox 267 5763 1775 5846">
    <p class='ocr_par' dir='ltr' id='par_1_108' title="bbox 267 5763 1775 5846">
     <span class='ocr_line' id='line_1_109' title="bbox 267 5763 1775 5846; baseline 0.005 -26"><span class='ocrx_word' id='word_1_795' title='bbox 267 5763 385 5837; x_wconf 72' lang='lat'><strong>(89)</strong></span> <span class='ocrx_word' id='word_1_796' title='bbox 419 5763 498 5822; x_wconf 79' lang='lat' dir='ltr'><strong>Eo</strong></span> <span class='ocrx_word' id='word_1_797' title='bbox 543 5768 766 5838; x_wconf 80' lang='lat' dir='ltr'><strong>quodin</strong></span> <span class='ocrx_word' id='word_1_798' title='bbox 794 5771 1193 5830; x_wconf 76' lang='lat' dir='ltr'><strong>alterationibus</strong></span> <span class='ocrx_word' id='word_1_799' title='bbox 1242 5775 1388 5844; x_wconf 83' lang='lat' dir='ltr'><strong>prior</strong></span> <span class='ocrx_word' id='word_1_800' title='bbox 1433 5775 1627 5846; x_wconf 74' lang='lat' dir='ltr'><strong>forma,</strong></span> <span class='ocrx_word' id='word_1_801' title='bbox 1670 5786 1775 5832; x_wconf 85' lang='lat' dir='ltr'><strong>etc.</strong></span> 
     </span>
    </p>
   </div>
   <div class='ocr_carea' id='block_1_109' title="bbox 1875 4542 3458 4617">
    <p class='ocr_par' dir='ltr' id='par_1_109' title="bbox 1875 4542 3458 4617">
     <span class='ocr_line' id='line_1_110' title="bbox 1875 4542 3458 4617; baseline 0.001 -18"><span class='ocrx_word' id='word_1_802' title='bbox 1875 4559 1942 4600; x_wconf 91' lang='lat' dir='ltr'><strong>eo</strong></span> <span class='ocrx_word' id='word_1_803' title='bbox 1957 4543 2071 4616; x_wconf 87' lang='lat'><strong>(90)</strong></span> <span class='ocrx_word' id='word_1_804' title='bbox 2102 4542 2247 4614; x_wconf 91' lang='lat' dir='ltr'><strong>quod</strong></span> <span class='ocrx_word' id='word_1_805' title='bbox 2278 4543 2379 4613; x_wconf 89' lang='lat' dir='ltr'><strong>ipsi</strong></span> <span class='ocrx_word' id='word_1_806' title='bbox 2419 4543 2596 4600; x_wconf 86' lang='lat' dir='ltr'><strong>simile</strong></span> <span class='ocrx_word' id='word_1_807' title='bbox 2621 4554 2729 4609; x_wconf 90' lang='lat' dir='ltr'><strong>est,</strong></span> <span class='ocrx_word' id='word_1_808' title='bbox 2749 4545 2881 4600; x_wconf 90' lang='lat' dir='ltr'><strong>illud</strong></span> <span class='ocrx_word' id='word_1_809' title='bbox 2913 4548 3087 4616; x_wconf 88' lang='lat' dir='ltr'><strong>ipsum</strong></span> <span class='ocrx_word' id='word_1_810' title='bbox 3109 4547 3364 4617; x_wconf 91' lang='lat' dir='ltr'><strong>primum,</strong></span> <span class='ocrx_word' id='word_1_811' title='bbox 3388 4547 3458 4601; x_wconf 89' lang='lat' dir='ltr'><strong>ad</strong></span> 
     </span>
    </p>
   </div>
   <div class='ocr_carea' id='block_1_110' title="bbox 1875 4635 3455 4710">
    <p class='ocr_par' dir='ltr' id='par_1_110' title="bbox 1875 4635 3455 4710">
     <span class='ocr_line' id='line_1_111' title="bbox 1875 4635 3455 4710; baseline 0.003 -20"><span class='ocrx_word' id='word_1_812' title='bbox 1875 4635 2020 4707; x_wconf 92' lang='lat' dir='ltr'><strong>quod</strong></span> <span class='ocrx_word' id='word_1_813' title='bbox 2043 4635 2146 4690; x_wconf 92' lang='lat' dir='ltr'><strong>fuit</strong></span> <span class='ocrx_word' id='word_1_814' title='bbox 2178 4635 2382 4691; x_wconf 89' lang='lat' dir='ltr'><strong>factum</strong></span> <span class='ocrx_word' id='word_1_815' title='bbox 2409 4645 2464 4692; x_wconf 90' lang='lat' dir='ltr'><strong>et</strong></span> <span class='ocrx_word' id='word_1_816' title='bbox 2490 4638 2635 4708; x_wconf 93' lang='lat' dir='ltr'><strong>quod</strong></span> <span class='ocrx_word' id='word_1_817' title='bbox 2669 4638 2934 4705; x_wconf 90' lang='lat' dir='ltr'><strong>imitatur,</strong></span> <span class='ocrx_word' id='word_1_818' title='bbox 2958 4655 3081 4696; x_wconf 90' lang='lat' dir='ltr'><strong>esse</strong></span> <span class='ocrx_word' id='word_1_819' title='bbox 3115 4655 3223 4693; x_wconf 93' lang='lat' dir='ltr'><strong>non</strong></span> <span class='ocrx_word' id='word_1_820' title='bbox 3255 4647 3455 4710; x_wconf 87' lang='lat' dir='ltr'><strong>potest.</strong></span> 
     </span>
    </p>
   </div>
   <div class='ocr_carea' id='block_1_111' title="bbox 1875 4859 3458 4934">
    <p class='ocr_par' dir='ltr' id='par_1_111' title="bbox 1875 4859 3458 4934">
     <span class='ocr_line' id='line_1_112' title="bbox 1875 4859 3458 4934; baseline 0 -19"><span class='ocrx_word' id='word_1_821' title='bbox 1875 4859 1967 4934; x_wconf 71' lang='grc' dir='ltr'><strong>Τῷ</strong></span> <span class='ocrx_word' id='word_1_822' title='bbox 2011 4860 2454 4934; x_wconf 83' lang='grc' dir='ltr'>προαπόλλυσθαι</span> <span class='ocrx_word' id='word_1_823' title='bbox 2500 4863 2563 4916; x_wconf 85' lang='lat' dir='ltr'><strong>rb</strong></span> <span class='ocrx_word' id='word_1_824' title='bbox 2609 4859 2745 4925; x_wconf 76' lang='grc' dir='ltr'>εἶδος</span> <span class='ocrx_word' id='word_1_825' title='bbox 2789 4861 2921 4934; x_wconf 72' lang='grc' dir='ltr'><strong>τῶν</strong></span> <span class='ocrx_word' id='word_1_826' title='bbox 2951 4860 3190 4930; x_wconf 83' lang='grc' dir='ltr'>σαρκῶν,</span> <span class='ocrx_word' id='word_1_827' title='bbox 3238 4861 3362 4934; x_wconf 38' lang='grc' dir='ltr'>νθιη</span> <span class='ocrx_word' id='word_1_828' title='bbox 3397 4868 3458 4915; x_wconf 89' lang='lat' dir='ltr'><strong>ut</strong></span> 
     </span>
    </p>
   </div>
   <div class='ocr_carea' id='block_1_112' title="bbox 1879 4930 3454 5003">
    <p class='ocr_par' dir='ltr' id='par_1_112' title="bbox 1879 4930 3454 5003">
     <span class='ocr_line' id='line_1_113' title="bbox 1879 4930 3454 5003; baseline -0.001 -17"><span class='ocrx_word' id='word_1_829' title='bbox 1879 4930 2070 4996; x_wconf 52' lang='lat' dir='ltr'><strong>smn;</strong></span> <span class='ocrx_word' id='word_1_830' title='bbox 2105 4933 2402 5003; x_wconf 80' lang='grc' dir='ltr'>σαρκικῶν,</span> <span class='ocrx_word' id='word_1_831' title='bbox 2439 4937 2626 4987; x_wconf 84' lang='lat' dir='ltr'><strong>eodem</strong></span> <span class='ocrx_word' id='word_1_832' title='bbox 2669 4947 2852 4987; x_wconf 89' lang='lat' dir='ltr'><strong>sensu.</strong></span> <span class='ocrx_word' id='word_1_833' title='bbox 2897 4932 3304 5003; x_wconf 10' lang='lat' dir='ltr'><strong>Arguitgcontra</strong></span> <span class='ocrx_word' id='word_1_834' title='bbox 3341 4931 3454 4985; x_wconf 83' lang='lat' dir='ltr'><strong>for-</strong></span> 
     </span>
    </p>
   </div>
   <div class='ocr_carea' id='block_1_113' title="bbox 1876 5001 3456 5072">
    <p class='ocr_par' dir='ltr' id='par_1_113' title="bbox 1876 5001 3456 5072">
     <span class='ocr_line' id='line_1_114' title="bbox 1876 5001 3456 5072; baseline -0.001 -15"><span class='ocrx_word' id='word_1_835' title='bbox 1876 5018 2020 5057; x_wconf 89' lang='lat' dir='ltr'><strong>mam</strong></span> <span class='ocrx_word' id='word_1_836' title='bbox 2053 5001 2199 5056; x_wconf 83' lang='lat' dir='ltr'><strong>illatn</strong></span> <span class='ocrx_word' id='word_1_837' title='bbox 2221 5002 2630 5072; x_wconf 83' lang='lat' dir='ltr'><strong>Origenianam,</strong></span> <span class='ocrx_word' id='word_1_838' title='bbox 2669 5011 2726 5056; x_wconf 94' lang='lat' dir='ltr'><strong>ut</strong></span> <span class='ocrx_word' id='word_1_839' title='bbox 2756 5019 2863 5056; x_wconf 94' lang='lat' dir='ltr'><strong>non</strong></span> <span class='ocrx_word' id='word_1_840' title='bbox 2890 5004 3064 5071; x_wconf 82' lang='lat' dir='ltr'><strong>possit</strong></span> <span class='ocrx_word' id='word_1_841' title='bbox 3096 5001 3186 5055; x_wconf 89' lang='lat' dir='ltr'><strong>illa</strong></span> <span class='ocrx_word' id='word_1_842' title='bbox 3238 5003 3456 5058; x_wconf 90' lang='lat' dir='ltr'><strong>restitui</strong></span> 
     </span>
    </p>
   </div>
   <div class='ocr_carea' id='block_1_114' title="bbox 1878 5073 3460 5142">
    <p class='ocr_par' dir='ltr' id='par_1_114' title="bbox 1878 5073 3460 5142">
     <span class='ocr_line' id='line_1_115' title="bbox 1878 5073 3460 5142; baseline -0.001 -16"><span class='ocrx_word' id='word_1_843' title='bbox 1878 5073 2096 5138; x_wconf 66' lang='lat' dir='ltr'><strong>animae,</strong></span> <span class='ocrx_word' id='word_1_844' title='bbox 2142 5088 2308 5128; x_wconf 88' lang='lat' dir='ltr'><strong>carne</strong></span> <span class='ocrx_word' id='word_1_845' title='bbox 2360 5083 2659 5142; x_wconf 84' lang='lat' dir='ltr'><strong>perempta,</strong></span> <span class='ocrx_word' id='word_1_846' title='bbox 2716 5088 2839 5125; x_wconf 90' lang='lat' dir='ltr'><strong>cum</strong></span> <span class='ocrx_word' id='word_1_847' title='bbox 2894 5082 3079 5142; x_wconf 85' lang='lat' dir='ltr'><strong>pereat</strong></span> <span class='ocrx_word' id='word_1_848' title='bbox 3133 5073 3250 5142; x_wconf 69' lang='lat' dir='ltr'><strong>ipsa</strong></span> <span class='ocrx_word' id='word_1_849' title='bbox 3308 5073 3460 5141; x_wconf 90' lang='lat' dir='ltr'><strong>prior</strong></span> 
     </span>
    </p>
   </div>
   <div class='ocr_carea' id='block_1_115' title="bbox 1878 5143 3456 5214">
    <p class='ocr_par' dir='ltr' id='par_1_115' title="bbox 1878 5143 3456 5214">
     <span class='ocr_line' id='line_1_116' title="bbox 1878 5143 3456 5214; baseline 0 -17"><span class='ocrx_word' id='word_1_850' title='bbox 1878 5158 2066 5214; x_wconf 88' lang='lat' dir='ltr'><strong>carne,</strong></span> <span class='ocrx_word' id='word_1_851' title='bbox 2100 5145 2153 5196; x_wconf 93' lang='lat' dir='ltr'><strong>in</strong></span> <span class='ocrx_word' id='word_1_852' title='bbox 2183 5159 2290 5213; x_wconf 90' lang='lat' dir='ltr'><strong>qua</strong></span> <span class='ocrx_word' id='word_1_853' title='bbox 2320 5145 2468 5198; x_wconf 90' lang='lat' dir='ltr'><strong>velut</strong></span> <span class='ocrx_word' id='word_1_854' title='bbox 2496 5143 2852 5214; x_wconf 76' lang='lat' dir='ltr'><strong>subsistebat,</strong></span> <span class='ocrx_word' id='word_1_855' title='bbox 2885 5158 2950 5214; x_wconf 66' lang='lat' dir='ltr'><strong>eo</strong></span> <span class='ocrx_word' id='word_1_856' title='bbox 2972 5143 3257 5214; x_wconf 84' lang='lat' dir='ltr'><strong>modoquo</strong></span> <span class='ocrx_word' id='word_1_857' title='bbox 3283 5145 3456 5214; x_wconf 85' lang='lat' dir='ltr'><strong>ﬁgura</strong></span> 
     </span>
    </p>
   </div>
   <div class='ocr_carea' id='block_1_116' title="bbox 1877 5212 3456 5284">
    <p class='ocr_par' dir='ltr' id='par_1_116' title="bbox 1877 5212 3456 5284">
     <span class='ocr_line' id='line_1_117' title="bbox 1877 5212 3456 5284; baseline 0.001 -19"><span class='ocrx_word' id='word_1_858' title='bbox 1877 5222 1932 5284; x_wconf 85' lang='lat' dir='ltr'><strong>et</strong></span> <span class='ocrx_word' id='word_1_859' title='bbox 1965 5213 2137 5268; x_wconf 91' lang='lat' dir='ltr'><strong>forma</strong></span> <span class='ocrx_word' id='word_1_860' title='bbox 2161 5212 2285 5282; x_wconf 84' lang='lat' dir='ltr'><strong>equi</strong></span> <span class='ocrx_word' id='word_1_861' title='bbox 2319 5214 2372 5266; x_wconf 96' lang='lat' dir='ltr'><strong>in</strong></span> <span class='ocrx_word' id='word_1_862' title='bbox 2397 5229 2522 5268; x_wconf 82' lang='lat' dir='ltr'><strong>aere.</strong></span> <span class='ocrx_word' id='word_1_863' title='bbox 2563 5213 2700 5267; x_wconf 84' lang='lat' dir='ltr'><strong>Male</strong></span> <span class='ocrx_word' id='word_1_864' title='bbox 2730 5228 2860 5276; x_wconf 80' lang='lat' dir='ltr'><strong>ergo</strong></span> <span class='ocrx_word' id='word_1_865' title='bbox 2896 5212 3156 5268; x_wconf 79' lang='lat' dir='ltr'><strong>Scltottus</strong></span> <span class='ocrx_word' id='word_1_866' title='bbox 3207 5230 3267 5267; x_wconf 86' lang='lat' dir='ltr'><strong>eo</strong></span> <span class='ocrx_word' id='word_1_867' title='bbox 3315 5212 3456 5284; x_wconf 67' lang='lat' dir='ltr'><strong>quod</strong></span> 
     </span>
    </p>
   </div>
   <div class='ocr_carea' id='block_1_117' title="bbox 1879 5283 3458 5355">
    <p class='ocr_par' dir='ltr' id='par_1_117' title="bbox 1879 5283 3458 5355">
     <span class='ocr_line' id='line_1_118' title="bbox 1879 5283 3458 5355; baseline 0.003 -19"><span class='ocrx_word' id='word_1_868' title='bbox 1879 5283 2054 5355; x_wconf 81' lang='lat' dir='ltr'><strong>forma</strong></span> <span class='ocrx_word' id='word_1_869' title='bbox 2085 5287 2284 5345; x_wconf 77' lang='lat' dir='ltr'><strong>carnis,</strong></span> <span class='ocrx_word' id='word_1_870' title='bbox 2317 5291 2448 5349; x_wconf 89' lang='lat' dir='ltr'><strong>etc.,</strong></span> <span class='ocrx_word' id='word_1_871' title='bbox 2478 5285 2738 5353; x_wconf 87' lang='lat' dir='ltr'><strong>pluraque</strong></span> <span class='ocrx_word' id='word_1_872' title='bbox 2765 5284 2868 5336; x_wconf 90' lang='lat' dir='ltr'><strong>alia</strong></span> <span class='ocrx_word' id='word_1_873' title='bbox 2896 5284 3132 5354; x_wconf 89' lang='lat' dir='ltr'><strong>quisque</strong></span> <span class='ocrx_word' id='word_1_874' title='bbox 3166 5283 3458 5355; x_wconf 78' lang='lat' dir='ltr'><strong>perspexe-</strong></span> 
     </span>
    </p>
   </div>
   <div class='ocr_carea' id='block_1_118' title="bbox 1878 5354 2952 5423">
    <p class='ocr_par' dir='ltr' id='par_1_118' title="bbox 1878 5354 2952 5423">
     <span class='ocr_line' id='line_1_119' title="bbox 1878 5354 2952 5423; baseline -0.001 -15"><span class='ocrx_word' id='word_1_875' title='bbox 1878 5355 1952 5408; x_wconf 88' lang='lat' dir='ltr'><strong>rit</strong></span> <span class='ocrx_word' id='word_1_876' title='bbox 1977 5354 2157 5408; x_wconf 88' lang='lat' dir='ltr'><strong>minus</strong></span> <span class='ocrx_word' id='word_1_877' title='bbox 2187 5361 2310 5423; x_wconf 86' lang='lat' dir='ltr'><strong>apte</strong></span> <span class='ocrx_word' id='word_1_878' title='bbox 2343 5355 2426 5407; x_wconf 91' lang='lat' dir='ltr'><strong>vel</strong></span> <span class='ocrx_word' id='word_1_879' title='bbox 2459 5355 2691 5408; x_wconf 85' lang='lat' dir='ltr'><strong>ﬁdeliter</strong></span> <span class='ocrx_word' id='word_1_880' title='bbox 2720 5356 2952 5408; x_wconf 85' lang='lat' dir='ltr'><strong>reddita.</strong></span> 
     </span>
    </p>
   </div>
   <div class='ocr_carea' id='block_1_119' title="bbox 1948 5423 3454 5495">
    <p class='ocr_par' dir='ltr' id='par_1_119' title="bbox 1948 5423 3454 5495">
     <span class='ocr_line' id='line_1_120' title="bbox 1948 5423 3454 5495; baseline 0.001 -18"><span class='ocrx_word' id='word_1_881' title='bbox 1948 5423 2061 5494; x_wconf 88' lang='lat'><strong>(90)</strong></span> <span class='ocrx_word' id='word_1_882' title='bbox 2089 5424 2220 5495; x_wconf 75' lang='lat' dir='ltr'><strong>Cum</strong></span> <span class='ocrx_word' id='word_1_883' title='bbox 2241 5424 2307 5476; x_wconf 80' lang='lat' dir='ltr'><strong>sit</strong></span> <span class='ocrx_word' id='word_1_884' title='bbox 2335 5425 2481 5495; x_wconf 66' lang='lat' dir='ltr'><strong>aliud</strong></span> <span class='ocrx_word' id='word_1_885' title='bbox 2511 5424 2574 5495; x_wconf 78' lang='lat' dir='ltr'><strong>ab</strong></span> <span class='ocrx_word' id='word_1_886' title='bbox 2603 5433 2812 5495; x_wconf 78' lang='lat' dir='ltr'><strong>eo,__etc.</strong></span> <span class='ocrx_word' id='word_1_887' title='bbox 2852 5424 2943 5478; x_wconf 93' lang='lat' dir='ltr'><strong>Sic</strong></span> <span class='ocrx_word' id='word_1_888' title='bbox 2969 5424 3128 5493; x_wconf 88' lang='lat' dir='ltr'><strong>plane</strong></span> <span class='ocrx_word' id='word_1_889' title='bbox 3144 5424 3454 5495; x_wconf 88' lang='lat' dir='ltr'><strong>legendum,</strong></span> 
     </span>
    </p>
   </div>
   <div class='ocr_carea' id='block_1_120' title="bbox 1881 5492 3456 5566">
    <p class='ocr_par' dir='ltr' id='par_1_120' title="bbox 1881 5492 3456 5566">
     <span class='ocr_line' id='line_1_121' title="bbox 1881 5492 3456 5566; baseline 0.002 -18"><span class='ocrx_word' id='word_1_890' title='bbox 1881 5492 2066 5566; x_wconf 72' lang='grc' dir='ltr'>ἕτερον</span> <span class='ocrx_word' id='word_1_891' title='bbox 2119 5494 2214 5546; x_wconf 81' lang='grc' dir='ltr'>τοῦ</span> <span class='ocrx_word' id='word_1_892' title='bbox 2243 5493 2422 5566; x_wconf 71' lang='grc' dir='ltr'>ἐαυτῷ</span> <span class='ocrx_word' id='word_1_893' title='bbox 2454 5494 2639 5566; x_wconf 78' lang='grc' dir='ltr'>όμοίου</span> <span class='ocrx_word' id='word_1_894' title='bbox 2675 5492 2754 5559; x_wconf 86' lang='grc' dir='ltr'>ὃν,</span> <span class='ocrx_word' id='word_1_895' title='bbox 2789 5492 2984 5550; x_wconf 79' lang='lat' dir='ltr'><strong>suadet</strong></span> <span class='ocrx_word' id='word_1_896' title='bbox 3014 5496 3128 5563; x_wconf 88' lang='lat' dir='ltr'><strong>ipse</strong></span> <span class='ocrx_word' id='word_1_897' title='bbox 3169 5492 3456 5552; x_wconf 78' lang='lat' dir='ltr'><strong>contextus</strong></span> 
     </span>
    </p>
   </div>
   <div class='ocr_carea' id='block_1_121' title="bbox 1877 5564 3454 5638">
    <p class='ocr_par' dir='ltr' id='par_1_121' title="bbox 1877 5564 3454 5638">
     <span class='ocr_line' id='line_1_122' title="bbox 1877 5564 3454 5638; baseline 0.001 -19"><span class='ocrx_word' id='word_1_898' title='bbox 1877 5577 1932 5620; x_wconf 88' lang='lat' dir='ltr'><strong>et</strong></span> <span class='ocrx_word' id='word_1_899' title='bbox 1979 5564 2214 5638; x_wconf 75' lang='lat' dir='ltr'><strong>inducta</strong></span> <span class='ocrx_word' id='word_1_900' title='bbox 2268 5564 2554 5638; x_wconf 87' lang='lat' dir='ltr'><strong>probatio;</strong></span> <span class='ocrx_word' id='word_1_901' title='bbox 2586 5566 3231 5638; x_wconf 9' lang='lat' dir='ltr'><strong>qumralitechoncepta,</strong></span> <span class='ocrx_word' id='word_1_902' title='bbox 3275 5569 3454 5638; x_wconf 84' lang='lat' dir='ltr'><strong>inepta</strong></span> 
     </span>
    </p>
   </div>
   <div class='ocr_carea' id='block_1_122' title="bbox 1878 5634 3456 5698">
    <p class='ocr_par' dir='ltr' id='par_1_122' title="bbox 1878 5634 3456 5698">
     <span class='ocr_line' id='line_1_123' title="bbox 1878 5634 3456 5698; baseline 0.002 -8"><span class='ocrx_word' id='word_1_903' title='bbox 1878 5643 1984 5690; x_wconf 87' lang='lat' dir='ltr'><strong>est.</strong></span> <span class='ocrx_word' id='word_1_904' title='bbox 2011 5635 2163 5690; x_wconf 84' lang='lat' dir='ltr'><strong>Valet</strong></span> <span class='ocrx_word' id='word_1_905' title='bbox 2187 5651 2316 5690; x_wconf 87' lang='lat' dir='ltr'><strong>vero</strong></span> <span class='ocrx_word' id='word_1_906' title='bbox 2344 5637 2648 5698; x_wconf 87' lang='lat' dir='ltr'><strong>in.creatis,</strong></span> <span class='ocrx_word' id='word_1_907' title='bbox 2680 5637 2770 5690; x_wconf 91' lang='lat' dir='ltr'><strong>ubi</strong></span> <span class='ocrx_word' id='word_1_908' title='bbox 2817 5635 2964 5688; x_wconf 89' lang='lat' dir='ltr'><strong>nulla</strong></span> <span class='ocrx_word' id='word_1_909' title='bbox 3023 5634 3218 5698; x_wconf 87' lang='lat' dir='ltr'><strong>forma.</strong></span> <span class='ocrx_word' id='word_1_910' title='bbox 3272 5634 3456 5693; x_wconf 80' lang='lat' dir='ltr'><strong>multis</strong></span> 
     </span>
    </p>
   </div>
   <div class='ocr_carea' id='block_1_123' title="bbox 1880 5705 3454 5762">
    <p class='ocr_par' dir='ltr' id='par_1_123' title="bbox 1880 5705 3454 5762">
     <span class='ocr_line' id='line_1_124' title="bbox 1880 5705 3454 5762; baseline 0.001 -3"><span class='ocrx_word' id='word_1_911' title='bbox 1880 5721 1942 5760; x_wconf 88' lang='lat' dir='ltr'><strong>re</strong></span> <span class='ocrx_word' id='word_1_912' title='bbox 1997 5723 2124 5762; x_wconf 90' lang='lat' dir='ltr'><strong>vera</strong></span> <span class='ocrx_word' id='word_1_913' title='bbox 2157 5715 2212 5762; x_wconf 85' lang='lat' dir='ltr'><strong>et</strong></span> <span class='ocrx_word' id='word_1_914' title='bbox 2243 5705 2522 5762; x_wconf 88' lang='lat' dir='ltr'><strong>individue</strong></span> <span class='ocrx_word' id='word_1_915' title='bbox 2554 5707 2862 5761; x_wconf 88' lang='lat' dir='ltr'><strong>communis</strong></span> <span class='ocrx_word' id='word_1_916' title='bbox 2894 5713 2998 5761; x_wconf 89' lang='lat' dir='ltr'><strong>est.</strong></span> <span class='ocrx_word' id='word_1_917' title='bbox 3030 5708 3086 5760; x_wconf 87' lang='lat' dir='ltr'><strong>In</strong></span> <span class='ocrx_word' id='word_1_918' title='bbox 3139 5707 3339 5760; x_wconf 84' lang='lat' dir='ltr'><strong>divinis</strong></span> <span class='ocrx_word' id='word_1_919' title='bbox 3369 5716 3454 5762; x_wconf 88' lang='lat' dir='ltr'><strong>est</strong></span> 
     </span>
    </p>
   </div>
   <div class='ocr_carea' id='block_1_124' title="bbox 1885 5777 3450 5846">
    <p class='ocr_par' dir='ltr' id='par_1_124' title="bbox 1885 5777 3450 5846">
     <span class='ocr_line' id='line_1_125' title="bbox 1885 5777 3450 5846; baseline -0.001 -14"><span class='ocrx_word' id='word_1_920' title='bbox 1885 5778 2079 5832; x_wconf 87' lang='lat' dir='ltr'><strong>saltem</strong></span> <span class='ocrx_word' id='word_1_921' title='bbox 2107 5779 2243 5833; x_wconf 86' lang='lat' dir='ltr'><strong>alter</strong></span> <span class='ocrx_word' id='word_1_922' title='bbox 2266 5777 2420 5833; x_wconf 87' lang='lat' dir='ltr'><strong>alteri</strong></span> <span class='ocrx_word' id='word_1_923' title='bbox 2443 5778 2658 5843; x_wconf 88' lang='lat' dir='ltr'><strong>similis,</strong></span> <span class='ocrx_word' id='word_1_924' title='bbox 2687 5793 2860 5846; x_wconf 88' lang='lat' dir='ltr'><strong>eoque</strong></span> <span class='ocrx_word' id='word_1_925' title='bbox 2890 5777 3181 5846; x_wconf 79' lang='lat' dir='ltr'><strong>singularis</strong></span> <span class='ocrx_word' id='word_1_926' title='bbox 3207 5779 3450 5846; x_wconf 64' lang='lat' dir='ltr'><strong>quaedam</strong></span> 
     </span>
    </p>
   </div>
  </div>
