3864 6162
444 218 552 279 323

1420 227 1477 283 S.
1511 227 1841 287 HETHODII
1876 230 2188 295 EPISCOPI
2229 233 2314 289 ΕΤ
2356 233 2714 291 MARTYRIS

3577 241 3674 301 52L

504 336 668 395 XVII.
704 338 795 396 Ait
838 338 980 409 εἶδος
1015 350 1070 400 et
1104 346 1336 401 formam
1376 362 1523 415 esse,
1557 350 1704 421 quod
1734 353 1981 408 membro

2189 355 2286 409 IZ'.
2329 358 2447 411 Ὀτι
2478 353 2616 424 εἶδός
2660 376 2823 430 φησιν
2850 353 2990 413 εἶναι
3017 360 3078 413 τὸ
3103 358 3204 432 τὴν
3242 358 3541 431 ταυτότητά
3574 363 3672 416 τῶν

441 442 565 485 rum
593 431 954 502 identitatem,
991 436 1045 490 in
1070 438 1240 507 ﬁgura
1266 438 1451 495 forma:
1472 442 1745 514 propriisq
1758 460 1820 499 ue
1838 444 2022 500 unius-

439 523 708 594 cujusque
720 524 1072 593 distinctivis,
1087 530 1324 586 exhibet.

406 620 424 645 τ’
512 614 700 673 XVIII.
734 617 1052 690 Exponente
1073 618 1309 691 Origene
1330 637 1499 678 scnsu
1530 623 1845 694 allegorico,
1874 628 2019 697 quod

440 708 509 763 ab
536 707 819 766 Ezechiele
845 713 1107 782 propheta
1133 714 1337 768 dictum
1360 714 1479 779 fuit,
1501 715 1568 771 de
1585 719 2015 785 resurrectione,

438 809 603 870 atque
630 802 698 856 ad
740 802 1107 859 lsraelitarum
1139 822 1171 861 e
1201 806 1533 878 Babylonica
1591 810 1901 880 captivitate
1929 828 2018 868 re-

436 890 609 946 ditum
642 892 1018 964 detorquente,
1042 904 1166 965 post
1205 898 1396 962 multa,
1431 914 1555 953 eum
1593 914 1829 972 arguens
1880 900 2020 958 San-

435 991 580 1047 ctus,
614 983 717 1039 hoc
746 984 936 1055 adjicit
964 1005 978 1041 :
1012 986 1090 1042 Ac
1113 1003 1289 1059 neque
1323 989 1425 1060 ipsi
1448 987 1620 1046 Judaei
1651 993 1867 1062 plenam
1902 995 2019 1050 sin-

438 1089 728 1145 ceramque
777 1076 1084 1133 libertatem
1144 1081 1383 1136 assecuti
1434 1090 1595 1147 sunt,
1624 1099 1802 1155 neque
1825 1087 2015 1155 majori

433 1172 704 1235 potestate
736 1168 967 1226 devictis
1005 1171 1279 1238 hostibus,
1307 1172 1739 1248 Hierosolymam
1766 1177 2015 1233 incolue-

434 1265 591 1314 runt:
612 1274 676 1314 ac
696 1274 820 1315 cum
844 1263 1044 1333 saepius
1071 1266 1396 1321 statuissent
1429 1268 1691 1338 templum
1719 1267 2010 1334 aedificare,

431 1358 502 1413 ab
526 1358 650 1415 aliis
685 1362 941 1432 gentibus
985 1338 1245 1434 prohibiti
1274 1375 1419 1422 sunt.
1457 1364 1609 1423 Unde
1628 1367 1792 1423 etiam
1827 1368 1917 1424 vix
1946 1369 2014 1423 il-

430 1450 525 1505 lud
547 1451 693 1507 intra
720 1469 896 1511 annos
924 1472 1047 1511 τινι
1071 1457 1445 1523 absolverunt,
1469 1474 1593 1515 cum
1623 1458 1881 1515 Salomon
1916 1475 2014 1515 an-

429 1544 518 1599 nis
534 1554 742 1616 septem
763 1562 795 1601 a
811 1548 1181 1606 fundamentis
1196 1554 1492 1607 excitatum
1516 1554 1853 1624 perfecisset.
1869 1552 2012 1619 Quid

428 1651 561 1690 vero
593 1653 820 1695 necesse
865 1640 938 1696 sit
988 1642 1145 1713 plura
1195 1642 1538 1706 dicere,cum
1576 1643 2011 1701 a‘Nabuchodo-

2124 448 2300 520 μελῶν
2345 450 2402 502 ἐν
2437 448 2516 520 τῷ
2553 451 2857 522 χαρακτῆρι
2907 449 3006 521 τῆς
3057 450 3271 523 μορφῆς
3312 450 3537 505 ἑκάστου
3585 455 3677 523 ἑμ-

2121 543 2328 609 φαῖνον.

2189 632 2296 685 lH’.
2348 632 2489 699 Ὅτι,
2535 632 2596 686 τὸ
2624 633 2775 704 παρὰ
2804 632 2899 687 τοῦ
2951 633 3228 705 προφήτου
3268 630 3523 703 Ἰεζεκιὴλ
3555 633 3676 705 περὶ

2118 721 2216 791 τῆς
2260 723 2606 787 ἀναστάσεως
2647 722 2754 776 τῶν
2792 723 3000 794 νεκρῶν
3036 723 3198 794 ῥητὸν
3238 722 3541 795 εἰρημένον,
3584 723 3672 776 τοῦ

2132 813 2436 886 Ὤριγένους
2471 814 2912 887 ἀλληγοροῦντος,
2957 815 3052 869 καὶ
3096 816 3179 880 είς
3211 816 3310 886 τὴν
3335 814 3445 869 τῶν
3473 815 3548 879 είς
3578 814 3676 868 Βα-

2117 905 2331 961 ϐυλῶνα
2361 906 2902 978 αἰχμαλωτισθέντων
2941 905 3288 979 Ἰσραηλιτῶν
3314 905 3565 959 ἐπάνοδον
3590 906 3676 959 ὲκ-

2118 996 2436 1068 6ιαζομένου
2457 999 2725 1069 εἰρῆσθαι,
2752 996 3047 1068 ἐξελέγχων
3072 996 3207 1068 μετά
3228 995 3399 1050 πολλὰ
3421 998 3450 1049 ὁ
3475 995 3673 1064 Ἄγιος,

2115 1088 2209 1141 καὶ
2236 1090 2394 1144 τοῦτό
2428 1106 2611 1162 φησιν’
2653 1090 2789 1144 Οὐδὲ
2825 1088 2935 1162 γὰρ
2961 1090 3082 1144 οὐδὲ
3112 1090 3264 1143 αὐτοὶ
3294 1088 3432 1160 πρὸς
3469 1086 3677 1142 ἐλευθε-

2117 1180 2238 1253 ρίαν
2267 1181 2574 1253 ἀνέσφηλαν
2606 1181 2873 1253 καθαρὰν,
2895 1181 3013 1235 οὐδὲ
3043 1180 3151 1234 τῶν
3170 1179 3379 1251 ἐχθρῶν
3411 1196 3677 1251 κατακραιο

2112 1274 2374 1343 τήσαντες
2441 1272 2986 1345 ὲξουσιαστικώτερον
3034 1272 3146 1343 (95)
3200 1270 3526 1343 κατῴκησαν
3580 1270 3678 1343 τὴν

2125 1364 2497 1437 Ἰερουσαλήμ.
2529 1366 2789 1437 Εῖργοντο
2818 1365 2948 1435 γοῦν
2972 1365 3077 1419 ὑπὸ
3111 1364 3218 1417 τῶν
3256 1362 3551 1417 ἀλλοεθνῶν
3571 1362 3674 1435 (94)

2112 1457 2368 1521 πολλάκις
2391 1457 2744 1529 οἰκοδομῆσαι
2772 1457 3093 1529 θελήσαντες
3124 1456 3322 1527 μᾶλλον
3349 1454 3482 1527 (95).
3518 1455 3678 1509 Ὅθεν

2110 1550 2205 1602 καὶ
2254 1551 2312 1603 ὲν
2360 1554 2454 1619 pg’
2491 1548 2652 1601 αὐτὸν
2699 1548 2795 1602 καὶ
2844 1547 2903 1612 ἒξ
2946 1546 3090 1600 ἔτεσι
3139 1546 3293 1616 μόλις
3339 1543 3677 1616 ἠδυνήθησαν

2110 1639 2419 1710 δείμασθαι,
2468 1637 2563 1693 τοῦ
2615 1637 2958 1710 Σολομῶντος
3001 1638 3059 1690 ὲν
3104 1639 3355 1691 ἑπταετεῖ
3400 1636 3575 1709 χρόνῳ
3615 1636 3680 1688 ὲκ

428 1742 629 1785 nosore
673 1737 727 1786 et
761 1735 1181 1790 successoribus
1216 1736 1338 1805 ejus
1382 1736 1439 1789 in
1470 1735 1748 1808 Babylone
1772 1752 1987 1808 regnan-

2115 1731 2373 1803 θεμελίων
2395 1732 2555 1786 αὑτὸν
2584 1729 3099 1802 συμπληρώσαντος.
3123 1730 3231 1783 Καὶ
3254 1728 3308 1782 τί
3340 1729 3445 1801 χρὴ
3467 1728 3676 1796 λέγειν;

427 1818 598 1885 tibus,
622 1837 795 1893 usque
828 1823 894 1879 ad
914 1824 1205 1880 Persarum
1234 1827 1290 1882 in
1318 1827 1577 1899 Assyrios
1607 1829 2007 1899 expeditionem

426 1919 483 1968 et
531 1914 831 1971 Alexandri
874 1917 1167 1987 imperium
1207 1926 1262 1974 et
1308 1918 1512 1975 bellum
1564 1936 1688 1976 cum
1747 1920 2009 1977 Romanis

426 2007 804 2073 commissum,
837 2009 1016 2066 sexies
1048 2011 1117 2065 ab
1142 2011 1393 2068 hostibus
1416 2011 1791 2085 Hierosolyma
1822 2015 1876 2069 in
1910 2031 2009 2086 po-

427 2104 683 2154 testatem
712 2098 935 2155 redacta
958 2100 1417 2176 sint?Narratque
1440 2103 1731 2175 Iosephus,
1763 2105 1954 2163 dicens
1989 2126 2002 2164 :

424 2186 623 2260 [Capta
636 2198 716 2245 est
746 2190 1140 2266 Hierosolyma]
1164 2212 1302 2250 anno
1322 2196 1545 2251 secundo
1577 2196 1885 2264 Vespasiani
1902 2201 2002 2253 im-

419 2282 703 2350 peratoris.
735 2280 907 2353 Capta
933 2294 982 2339 et
1013 2294 1135 2339 ante
1166 2286 1283 2356 jam
1316 2289 1588 2359 quinquies
1609 2328 1625 2353 ,
1645 2298 1769 2343 tunc
1807 2290 1998 2345 iterum

420 2382 633 2428 vastata
682 2383 781 2429 est.
831 2373 1116 2432 Asochceus
1153 2379 1293 2432 enim
1320 2378 1545 2450 Αἰαίη)ιὶ
1574 2394 1695 2445 rex,
1738 2388 1790 2435 et
1840 2381 2000 2451 hujus

416 2481 688 2520 successor
721 2467 1044 2534 Antiochus;
1077 2467 1265 2524 deinde
1303 2469 1613 2541 Pompeius,
1661 2482 1712 2526 et
1754 2482 1872 2542 post
1902 2473 1997 2526 hos

415 2572 536 2610 cum
578 2555 789 2613 Herode
830 2557 1039 2623 Sosius,
1082 2570 1294 2631 captam
1342 2561 1523 2617 urbem
1558 2580 1827 2618 servavere
1858 2562 1995 2635 (91).

414 2642 550 2700 Ante
579 2665 697 2704 vero
726 2667 820 2705 rex
841 2651 1255 2723 Babyloniorum
1280 2671 1344 2709 ea
1369 2657 1588 2724 potitus,
1615 2655 1905 2711 exciderat.

2109 1825 2218 1879 ἀπὸ
2245 1824 2354 1896 γάρ
2381 1825 2445 1896 δὴ
2476 1824 2941 1897 Ναϐουχοδονόσορ
2977 1825 3072 1878 καὶ
3103 1822 3211 1876 τῶν
3241 1824 3354 1893 μετ’
3388 1821 3681 1877 αὐτὸνΒαι-

2109 1918 2345 1982 δυλῶνος
2388 1918 2820 1989 βασιλευσάντων
2862 1918 2988 1987 ἄχρι
3020 1916 3120 1985 τῆς
3162 1914 3386 1987 Περσῶν
3415 1913 3508 1966 ἐπὶ
3554 1914 3679 1977 τοὺς

2120 2011 2436 2083 Ἀσσυρίους
2478 2009 2724 2072 καθόδου,
2754 2009 2851 2079 τῆς
2886 2025 2946 2060 τε
2987 2006 3334 2076 Ἀλεξάνδρου
3363 2004 3679 2076 ἡγεμονίας,

2108 2103 2205 2158 καὶ
2229 2103 2322 2157 τοῦ
2366 2101 2652 2173 Ῥωμαίων
2683 2100 2777 2154 τοῦ
2817 2100 2954 2180 πρὸς
2985 2101 3111 2163 τοὺς
3153 2096 3441 2161 Ἰουδαίους
3477 2098 3680 2168 συρρα-

2106 2197 2298 2267 γέντος
2346 2195 2606 2266 πολέμου,
2661 2194 2847 2261 ἑξάκις
2903 2192 3359 2264 κατεστράφησαν
3407 2190 3518 2243 ὑπὸ
3575 2188 3683 2243 τῶν

2106 2288 2378 2360 πολεμίων
2431 2287 2498 2341 τὰ
2565 2286 2929 2359 Ἰεροσόλυμα.
2978 2285 3088 2338 Καὶ
3144 2282 3303 2337 τοῦτο
3374 2280 3680 2352 ἰὡσηππος

2107 2383 2309 2454 ἱστορεῖ
2334 2380 2506 2449 λέγων
2526 2397 2541 2410 ·
2564 2381 2716 2433 Ἔτει
2747 2378 3001 2447 δευτέρῳ
3023 2378 3132 2449 (96)
3154 2376 3264 2446 τῆς·
3294 2379 3684 2432 Οὐεσπασια-

2104 2470 2216 2526 νοῦ
2247 2471 2585 2539 ἡγεμονίας.
2625 2468 2881 2523 Ἁλοῦσα
2912 2467 2982 2520 δὲ
3012 2467 3110 2520 καὶ
3136 2468 3427 2536 πρότερον
3466 2465 3688 2520 πεντὰ-

2102 2581 2215 2629 κις,
2249 2557 2428 2618 τοῦτο
2455 2560 2739 2628 δεύτερον
2759 2558 3055 2628 ἠρημώθη.
3085 2558 3402 2627 Ἀσωχαῖος
3429 2556 3553 2626 μὲν
3578 2558 3688 2628 γὰρ

2103 2658 2137 2709 ό
2166 2653 2285 2709 τῶν
2309 2653 2647 2724 Αἰγυπτίων
2670 2650 2989 2717 βασιλεὺς,
3029 2649 3127 2704 καὶ
3153 2650 3279 2718 μετ’
3326 2649 3523 2703 αὐτὸν
3570 2650 3690 2702 ’Λν-

414 2736 636 2808 τίοχος,
670 2740 873 2796 ἔπειτα
906 2744 1235 2814 Πομπήϊος,
1266 2747 1364 2801 καὶ
1392 2747 1491 2801 ἐπὶ
1518 2749 1754 2816 τούτοις
1778 2749 1901 2803 σὺν
1933 2746 2149 2817 Ἡρώδῃ
2183 2747 2411 2813 Σώσιος
2433 2747 2697 2811 ἑλόντες,
2720 2743 3067 2812 ἐνέπρησαν
3093 2739 3207 2811 τὴν
3231 2742 3436 2795 πόλιν.
3462 2740 3591 2810 Πρὸ
3622 2737 3691 2794 δὲ

414 2830 659 2898 τούτων,
696 2836 730 2886 ό
760 2832 881 2887 τῶν
909 2836 1311 2891 Βαϐυλωνίων
1332 2837 1656 2906 βασιλεὺς,
1690 2838 2020 2907 κρατήσας,
2056 2837 2378 2908 ἠρήμωσεν
2411 2834 2623 2901 αὐτήν.

485 2918 627 2975 XIX.
661 2919 808 2989 Haec,
842 2922 1038 2993 inquit,
1066 2924 1141 2978 ait
1163 2923 1446 2996 Origenes.
1480 2927 1645 2998 Atqui
1675 2937 1853 2999 potest
1876 2944 1992 2983 mo-

412 3012 529 3067 veri
560 3012 787 3068 dubium
814 3014 882 3071 de
913 3014 1123 3071 Lazaro
1151 3025 1206 3072 et
1235 3016 1437 3073 divite:
1463 3018 1584 3074 aliis
1615 3019 1832 3090 quidem
1862 3021 1994 3074 sim-

411 3105 610 3175 plicius
659 3106 869 3162 dictum
922 3110 1281 3179 putantibus,
1314 3111 1473 3181 quasi
1502 3112 1663 3167 ambo
1706 3114 1763 3167 in
1798 3126 1994 3182 corpo-

2171 2927 2271 2982 IO’.
2311 2928 2433 2980 ’Ότι
2487 2925 2772 2997 Ὠριγὲνης
2800 2923 2927 2978 τάδε
2969 2923 3135 3002 φησίξ
3166 2922 3303 2994 Περὶ
3337 2922 3397 2976 δὲ
3440 2921 3545 2976 τοῦ
3578 2922 3692 2976 Δα-

2100 3019 2265 3091 ζάρου
2304 3018 2399 3072 καὶ
2446 3014 2540 3070 τοῦ
2588 3016 2840 3069 πλουσίου
2892 3015 3213 3086 ἀπορεῖσθαι
3257 3014 3525 3070 δύναταιο
3579 3014 3693 3068 τῶν

2104 3114 2203 3185 μὲν
2248 3109 2629 3181 ἁπλουστέρων
2664 3108 2775 3180 (97)
2810 3108 3068 3178 οἰομένων
3096 3107 3271 3162 ταῦτα
3295 3107 3581 3178 λελέχθαι,
3613 3105 3692 3169 ὡς

413 3196 568 3254 ribus
587 3238 603 3264 ,
637 3197 805 3269 digna
853 3199 1015 3257 factis
1046 3202 1104 3257 in
1133 3202 1244 3258 vita
1272 3180 1579 3275 receperint
1613 3224 1627 3261 :
1658 3206 1781 3261 aliis
1811 3180 1987 3261 aut—em

2115 3203 2423 3275 Ιιμφοτέρων
2452 3201 2588 3272 μετά
2615 3199 2722 3254 τῶν
2752 3198 3020 3271 σωμάτων
3034 3198 3426 3271 λαμϐανόντων
3452 3199 3531 3253 τὰ
3562 3197 3693 3263 ἄξια

412 3290 700 3359 subtilius;
724 3307 847 3346 cum
866 3299 990 3363 post
1014 3295 1470 3352 resurrectionem
1487 3295 1872 3369 (92),ηυ11υείιι
1884 3298 1994 3351 vita

411 3382 787 3454 relinquatur;
846 3400 954 3440 non
996 3388 1437 3445 existimantibus
1485 3391 1601 3445 haec
1640 3390 1697 3445 in
1746 3405 1995 3445 resurre-

409 3474 591 3531 ctione
631 3477 948 3548 contigisse.
977 3475 1116 3534 Nam
1143 3482 1218 3536 ait
1244 3481 1397 3539 dives
1420 3482 1468 3515 ⁸⁸
1501 3500 1518 3538 :
1557 3481 1739 3537 Habeo
1768 3482 1994 3553 quinque

479 3611 527 3647 “
545 3610 679 3670 Luc.
713 3630 827 3685 xvi.
847 3614 940 3672 28.

406 3729 755 3802 similitudo,
815 3747 979 3801 quam
1058 3731 1240 3802 aptius
1317 3731 1657 3787 identitatem
1727 3730 1983 3802 dicimus.

405 3797 601 3872 Graeci,
631 3797 1042 3872 ὁμοουσὶότητα·
1065 3797 1371 3872 ταυτότητά
1401 3818 1549 3867 vero,
1590 3810 1649 3856 ut
1675 3818 1782 3872 qua
1806 3801 1987 3857 Sabel-

404 3869 695 3926 lianismus
723 3888 785 3926 ex
795 3869 1046 3941 plicetur,
1065 3874 1213 3927 omni
1228 3869 1599 3927 extremorum
1629 3869 1981 3928 distinctione

405 3941 645 4012 sublata.
694 3942 952 4012 reprobat
988 3941 1342 4012 Epiphanius.
1412 3942 1486 3998 De
1526 3944 1629 3998 hac
1659 3944 1842 3998 divina
1880 3959 1980 3997 ex-

399 4010 625 4088 .cellenti
653 4010 1231 4088 similitudine,pauca
1266 4013 1511 4083 quaedam
1546 4014 1622 4088 ad
1646 4029 1840 4088 novam
1871 4013 1980 4088 (Ia-

407 4081 632 4135 'techesin
653 4082 860 4148 Basilii,
898 4082 953 4136 in
978 4081 1097 4137 Vita
1118 4081 1309 4154 ipsius,
1344 4091 1569 4139 auctore
1596 4085 1977 4155 Amphilochio

402 4159 615 4206 nostro.
1072 4164 1079 4175 ‘

476 4221 590 4292 (9i)
622 4220 922 4294 Servavere.
958 4223 1285 4294 Ἐτήρησαν.
1309 4221 1388 4276 Ita
1415 4222 1701 4294 legendum
1735 4229 1881 4292 patet
1911 4239 1977 4278 ex

403 4292 525 4361 ipso
556 4299 712 4365 textu,
747 4292 989 4365 Josephi,
1018 4292 1178 4365 quem
1206 4294 1402 4365 melius
1437 4293 1749 4349 Haesclielio
1781 4295 1976 4365 legisse

399 4371 457 4417 et
488 4364 812 4433 expendisse
841 4364 1169 4419 Methodium
1210 4364 1505 4419 verisimile
1531 4373 1636 4422 est.
1665 4371 1719 4417 et
1750 4379 1814 4417 ex
1844 4364 1976 4416 om-

2074 3286 2207 3347 ’τῶν
2240 3292 2341 3365 (ὲν)
2389 3292 2467 3364 τῷ
2500 3292 2599 3363 βίῳ
2631 3291 3062 3363 πεπραγμένων·
3110 3289 3218 3344 τῶν
3259 3291 3315 3344 δὲ
3350 3288 3693 3363 ἀκριϐεστέρ

2100 3405 2229 3460 ρωνο
2259 3389 2381 3441 ἐπεὶ
2410 3386 2547 3459 μετά
2578 3385 2675 3457 τὴν
2703 3386 2996 3440 ἀνάστασιν
3038 3384 3209 3448 οὐδεὶς
3256 3385 3315 3439 ὲν
3359 3384 3467 3456 βίῳ
3523 3398 3697 3439 κατα-

2097 3478 2361 3539 λείπεται,
2395 3479 2495 3532 οὐκ
2522 3479 2580 3532 ὲν
2605 3480 2670 3550 τῇ
2694 3477 2986 3532 ἀναστάσει
3017 3476 3276 3546 οἰομένων
3306 3475 3490 3529 ταῦτα.
3519 3491 3695 3545 γεγοιη

2090 3744 2213 3784 rum
2263 3727 2907 3801 apparitionesexponit
2957 3744 2971 3779 :
3023 3742 3148 3798 quae
3197 3735 3349 3801 certe
3395 3727 3696 3801 crassiora

2090 3808 2240 3864 sunt,
2264 3795 2630 3871 putidaqueet
2660 3795 2915 3871 lueretica
2939 3816 2953 3864 ;
2986 3795 3298 3868 quanquam
3323 3795 3476 3871 forte
3499 3800 3695 3871 minus

2089 3867 2320 3926 solide'a
2348 3867 2540 3926 nostro
2568 3870 2841 3926 Methodio
2870 3867 3185 3938 impugnata
3211 3867 3337 3937 :qui
3363 3877 3423 3923 et
3458 3869 3591 3937 ipse
3620 3867 3693 3921 ad

2088 3956 2321 4011 corpora
2346 3948 2619 4005 recurrat,
2646 3941 2743 3997 sed
2770 3940 2921 3994 velut
2944 3946 3208 4011 cognata,
3226 3947 3282 3993 et
3310 3939 3437 3994 sine
3475 3939 3694 4008 quibus

2087 4009 2314 4067 minime
2351 4012 2622 4067 exsistant
2665 4011 2894 4081 Spiritus
2944 4009 3191 4081 humani,
3225 4019 3429 4081 suapte
3476 4020 3688 4081 natura

2085 4082 2356 4152 corporei,
2403 4078 2714 4152 quanquam
2771 4094 3001 4148 corpore
3053 4080 3276 4134 alterius
3324 4079 3580 4134 rationis
3619 4078 3693 4132 ab

2082 4151 2212 4211 isto.
2243 4154 2388 4222 quod
2418 4151 2920 4222 ceuindumentum
2941 4157 3226 4222 externum
3262 4156 3561 4222 gestemus
3583 4188 3601 4214 ,
3632 4156 3692 4222 e_t

2082 4218 2449 4292 corruptibili.
2501 4221 2658 4277 Esset
2690 4235 2828 4291 opus
2860 4220 3110 4292 longiori
3148 4219 3565 4292 disputatione,
3613 4218 3689 4273 ad

2080 4288 2477 4348 ostendendum
2519 4288 2795 4363 quomodo
2835 4288 2973 4363 _veri
3029 4288 3279 4360 spiritus,
3333 4299 3693 4363 naturaeque

2081 4378 2308 4432 prorsus
2360 4360 3036 4434 incorporezepatiantur,
3089 4360 3406 4434 praesertim
3457 4361 3538 4416 ab
3567 4360 3688 4431 igni

400 4428 574 4505 nibus
600 4433 899 4505 historicis,
937 4434 1080 4505 apud
1092 4449 1252 4505 quos
1296 4450 1568 4505 nusquam
1624 4433 1711 4488 illa
1755 4442 1975 4505 exstant
2009 4448 2051 4504 ι)
2080 4428 2346 4505 corporeo
2375 4452 2388 4487 :
2413 4428 2898 4505 sed'fuerit’metas
2937 4428 3223 4505 excedere,
3254 4428 3470 4500 quibus
3520 4428 3688 4505 unus

400 4500 1170 4576 Hierosolymorumcxcidia:
1196 4500 1619 4576 excepto’primo
1642 4504 1735 4557 illo
1754 4502 1978 4576 Babylo-
2011 4500 2040 4504 ⁷
2079 4500 2338 4559 ΜειἸιοόίἱ
2364 4511 2562 4576 _lextus
2597 4501 2957 4576 elucidandus
2995 4500 3312 4576 propositus
3356 4508 3475 4555 est.
3518 4501 3690 4576 Miris

399 4574 526 4647 nico
570 4582 624 4647 et
661 4574 863 4630 ultimo
910 4574 1173 4630 Romano.
1233 4574 1624 4647 ΙςιιιειιεστράφῃΔ
1656 4588 1787 4647 ergo
1843 4575 1976 4630 urbs

398 4644 514 4710 illa,
539 4645 763 4700 subacta
790 4654 875 4700 est
901 4655 954 4716 et
988 4652 1145 4714 capta
1164 4646 1343 4701 sexies
1364 4664 1377 4699 :
1398 4644 1667 4716 ἠρημώθη
1689 4645 1975 4716 6é,_eversa

398 4725 454 4770 et
487 4716 671 4770 excisa
691 4724 776 4771 est
799 4715 1014 4770 tandem
1039 4713 1236 4770 iterum
1257 4713 1504 4771 secundo
1518 4713 1742 4784 imperii
1769 4713 1975 4784 Vespa—

397 4786 539 4840 siani
570 4800 748 4855 anno;
789 4785 935 4855 quod
963 4792 1017 4839 et
1042 4785 1159 4855 ipse
1184 4784 1566 4841 Methodianus
1591 4792 1794 4850 textus,
1822 4787 1972 4842 clare

396 4856 751 4927 satis,in_sua
780 4856 947 4912 etiam
971 4856 1289 4923 vitiositate,
1314 4863 1687 4927 repraesentat.

468 4925 581 4996 (92)
605 4925 739 4980 Cum
764 4937 882 4996 post
898 4928 1350 4996 resurrectionem,
1372 4924 1479 4982 etc.
1513 4924 1739 4981 Videtur
1765 4924 1973 4994 signiﬁ-

394 4994 510 5081 cari
533 4994 791 5081 absoluta
815 4998 904 5052 illa
928 4994 1255 5081 Origeniana
1278 4997 1747 5081 ἀποκατάστασις,
1787 5005 1843 5051 et
1881 5011 1970 5081 re-

395 5064 609 5138 stitutio
631 5066 688 5138 in
710 5067 1002 5137 integrum,
1028 5064 1083 5122 in
1108 5081 1216 5138 qua
1240 5069 1424 5123 nullus
1459 5068 1533 5122 sit
1577 5066 1967 5136 relinquendus

394 5132 452 5187 in
468 5134 593 5208 vita
617 5132 923 5208 Lintelli'ge,
955 5132 1223 5206 passihiIi,
1249 5153 1347 5192 seu
1402 5140 1566 5193 etiam
1602 5138 1658 5191 in
1685 5132 1961 5208 corpore;

394 5202 482 5257 cui
508 5204 558 5279 is
589 5202 1057 5279 alligatos'censet
1095 5208 1321 5278 spiritus
1373 5208 1437 5279 in
1465 5222 1703 5279 poenam,
1734 5202 1827 5279 sed
1872 5206 1966 5279 iila

392 5272 869 5351 tandemso'lubilj,
886 5285 950 5351 _et
985 5272 1241 5351 omnibus
1256 5272 1598 5351 quandoque
1610 5277 1961 5351 remittenda.

391 5338 629 5423 Exponit
656 5360 787 5423 ergo
807 5345 1091 5423 Origenes,
1110 5356 1171 5402 ut
1188 5338 1298 5403 ista
1311 5351 1365 5423 i_n
1388 5338 1711 5423 corporibus
1736 5362 1766 5401 a
1790 5355 1966 5402 morte

390 5415 670 5486 acceptis;
702 5415 758 5468 in
811 5415 1012 5486 quibus
1060 5433 1235 5486 usque
1275 5420 1342 5473 ad
1392 5415 1849 5474 resurrectionem
1907 5423 1965 5471 et

388 5482 758 5557 omnimodam
778 5482 848 5538 ab
880 5486 989 5557 illis
1005 5482 1424 5555 absolutionem,
1459 5490 1544 5545 vel
1565 5488 1854 5557 refrigerio
1874 5487 1962 5544 vel

387 5563 573 5629 praua,
606 5551 833 5629 spiritus
863 5555 1192 5629 emigrantes
1242 5551 1581 5629 potiantur;
1607 5551 1760 5629 gesta
1787 5558 1962 5612 dicta-

385 5634 494 5689 que
521 5622 668 5697 siu_t;
697 5621 966 5697 ejusmodi
981 5621 1169 5681 adhuc
1191 5621 1551 5697 corporibus,
1571 5621 1748 5683 in'star
1770 5642 1961 5683 carce-

386 5706 566 5747 ruma
588 5690 701 5747 Deo
731 5692 1013 5760 adhibitis,
1042 5690 1318 5765 quomodo
1345 5699 1509 5755 etiam
1523 5690 1672 5755 alias
1711 5707 1959 5756 mortuo-

2076 4585 2245 4638 certe,
2286 4573 2381 4629 sed
2424 4574 2571 4628 veris
2620 4572 2799 4627 modis
2831 4570 3015 4625 divina
3066 4570 3283 4640 justitia
3339 4586 3489 4627 suos
3552 4572 3691 4628 illos

2075 4660 2201 4701 reos
2234 4653 2450 4715 torquet
2482 4659 2494 4695 :
2535 4658 2637 4700 nec
2666 4642 2821 4715 deest
2855 4649 2915 4695 ut
2934 4648 3214 4715 ex_t_raneo_
3256 4654 3507 4715 corpore
3569 4650 3695 4698 tor-

2073 4724 2256 4786 queat,
2287 4709 2409 4785 quee
2445 4715 2609 4770 torsit
2642 4710 3285 4786 conjunct0._Extensior
3310 4709 3523 4786 divina
3557 4729 3686 4786 rna—

2072 4781 2198 4850 iius,
2229 4781 2395 4856 quam
2442 4794 2503 4840 ut
2543 4799 2665 4856 eam
2713 4781 3688 4856 subtilissimus_quisque_spiritus

2071 4849 2277 4928 fugiat}
2301 4871 2368 4912 eo
2399 4871 2511 4911 non
2560 4854 2723 4928 male,
2758 4860 2814 4908 et
2843 4849 3252 4928 comparatione
3280 4849 3349 4905 ad
3382 4849 3578 4907 Deum
3616 4855 3688 4909 il—

2069 4919 2180 4981 lum
2227 4919 2512 4991 Spiritum,
2551 4933 2607 4980 et
2636 4923 2806 4979 Deum
2864 4919 3178 4991 spirituum,
3214 4919 3584 4978 Damasceno
3628 4930 3690 4979 et

2068 4998 2190 5054 aliis
2212 5014 2227 5064 ;
2254 4981 2382 5052 dum
2409 4997 2484 5051 ita
2496 4981 2600 5066 'pie
2628 5009 2754 5051 cum
2773 4992 2839 5047 Ι).
2854 4981 3064 5048 Thema
3083 4981 3316 5048 velimus
3337 5007 3686 5064 exponere;

2067 5068 2249 5124 dictus
2287 5082 2608 5138 corporeus.

2121 5158 2254 5246 '(9'5)
2295 5154 2953 5226 Ἐξουσιαστικώτερον.
3004 5152 3072 5210 Η.
3131 5151 3238 5219 St.,
3302 5151 3685 5220 ὲξουσιαστι-

2065 5249 2206 5286 κωτε
2213 5248 2294 5303 ροι
2307 5277 2322 5293 ,
2946 5262 2952 5267 -

2136 5323 2249 5396 (94)
2290 5316 2677 5396 Ἀᾼλοεθνῷκ
2700 5316 2768 5372 Η.
2799 5315 2906 5396 St,
2940 5315 3117 5372 ἄλλων
3143 5313 3336 5369 ἐθνῶν.

2135 5388 2154 5461 (
2159 5388 2248 5461 95)
2284 5397 2342 5447 Μ
2345 5393 2556 5461 ἄλλον.
2579 5388 2881 5461 Ιιοεηναόν.

2135 5453 2248 5535 (96)
2287 5466 2446 5518 Ἔτει
2501 5453 2683 5515 δευτῖ
2699 5458 2889 5529 Suppl.
2932 5472 2998 5513 ex
3030 5455 3257 5528 Ioseph.
3292 5453 3449 5510 ἑάλω
3493 5456 3685 5532 Ἱερο-

2064 5537 2750 5694 σόῗέῧαῖιὶπλουστέρων.
2798 5619 2912 5689 AL,
2966 5619 3355 5695 ἁπλούστερον,
3412 5628 3481 5677 et
3514 5635 3687 5692 mox,

2062 5696 2470 5774 ἀκριϐέστερον.
