3864 6162
183 284 294 344 ω

1270 281 1367 337 EX
1402 280 1610 337 LIBRO
1649 280 1738 337 DE
1774 278 2385 339 RESURRECTIONE.

3345 281 3453 341 336

181 397 353 455 νέναι.
384 396 548 466 Λέγει
588 393 694 467 γὰρ
730 395 761 448 6
792 394 1065 459 πλούσιος,
1113 394 1196 447 δτι
1230 393 1418 448 Πέντε
1459 391 1757 463 ἀδελφοὺς

1868 392 2064 462 fratres
2089 409 2108 446 :
2155 409 2218 447 ne
2246 404 2296 447 et
2324 393 2427 463 ipsi
2467 394 2680 447 veniant
2719 393 2775 447 in
2810 392 2947 446 hunc
2967 392 3142 447 locum
3170 402 3452 452 tormento-

179 490 320 560 ἔχω,
362 487 463 542 καὶ
505 487 605 540 ἵνα
628 484 715 556 μὴ
747 487 1010 540 ἔλθωσιν
1054 488 1142 553 εις
1171 484 1280 539 τὸν
1320 485 1508 538 τόπον
1545 486 1761 539 τοῦτον

179 577 293 648 τῆς
316 575 622 643 βασάνου,
654 575 896 645 πέμψον
926 574 1194 645 Λάζαρον
1224 575 1637 645 ἀπαγγέλλοντα
1666 575 1762 628 αὖ·

179 672 294 733 τοῖς
316 668 388 723 τὰ
414 667 669 723 ἐνταῦθα.
696 668 808 722 Καὶ
832 667 922 722 διὰ
944 667 1101 722 τοῦτο
1129 667 1435 740 ζητούντων
1457 668 1556 738 τὴν
1587 666 1762 737 γλῶσ-

183 778 306 827 σαν,
341 761 438 816 καὶ
467 761 557 815 τὸν
586 759 868 825 δάκτυλον,
909 760 1006 814 καὶ
1031 759 1159 825 τοὺς
1205 760 1443 823 κόλπους
1486 758 1761 832 Ἀϐραὰμ,

180 852 279 905 καὶ
297 853 398 923 τὴν
422 851 721 924 ἀνάκλησιν
740 851 874 923 (98),
892 853 987 907 καὶ
1001 851 1144 923 τάχα
1171 853 1233 906 τὸ
1252 853 1350 925 τῆς
1368 852 1544 925 ψυχῆς
1564 853 1680 925 ἅμα
1694 856 1762 926 τῇ

179 943 475 1015 ἀπαλλαγῇ
527 944 714 1015 σχῆμα
740 944 982 1014 ὁμοειδὲς
1024 943 1084 998 ὃν
1121 943 1199 1016 τῷ
1250 947 1415 1017 παχεῖ
1456 946 1551 999 καὶ
1588 947 1763 1018 γηΐνῳ

180 1033 421 1107 σώματι,
476 1035 696 1089 δύναται
746 1034 888 1089 οὕτω
935 1035 1330 1108 λαμϐάνεσθαι.
1388 1037 1457 1091 Εἴ
1490 1053 1622 1092 ποτε
1669 1033 1763 1093 οὖν

183 1125 465 1199 ἱστόρηταί
481 1144 565 1191 τις
586 1127 694 1180 τῶν
718 1111 1133 1200 κεκοιμημένων
1153 1128 1499 1200 φαινόμενος,
1561 1128 1762 1200 ὁμοίως

184 1218 297 1290 (99)
328 1218 566 1292 ἑώραται
597 1218 676 1291 τῷ
706 1219 795 1273 ὅτε
823 1220 922 1293 τὴν
951 1220 1128 1292 σάρκα
1165 1216 1301 1292 εἶχε,
1333 1216 1766 1293 σχήματι.Εἷτα·

178 1307 317 1366 ἀλλὰ
389 1312 530 1366 ’καὶ
566 1313 595 1365 6
637 1311 894 1384 Σαμουὴλ
918 1312 1265 1383 φαινόμενος,
1294 1313 1370 1377 ὡς
1413 1312 1572 1385 δῆλόν
1617 1315 1766 1369 ἐστιν

178 1403 377 1474 ὁρατὸς
394 1401 494 1467 ὣν,
516 1402 866 1475 παρίστησιν,
890 1404 969 1457 ὅτι
997 1403 1155 1476 σῶμα
1174 1407 1502 1478 περιέκειτο·
1530 1407 1765 1479 μάλιστα

182 1492 281 1545 ἑάν
312 1491 745 1564 ἀναγκασθῶμεν
789 1494 895 1548 61:6
923 1494 1032 1549 τῶν
1074 1495 1404 1563 ἀποδείξεων
1444 1497 1544 1569 τὴν
1575 1498 1765 1551 οὐσίαν

178 1585 279 1656 τῆς
304 1585 484 1657 ψυχῆς
504 1587 792 1660 ἀσώματον
815 1584 1081 1653 εἷναι,καὶ
1130 1583 1335 1655 ταυτὴν
1361 1588 1761 1662 ἀποφήνασθαι.

168 1675 308 1731 ἀλλὰ
343 1680 359 1699 ‘
387 1679 484 1730 καὶ
510 1680 540 1732 6
570 1678 930 1750 κολαζόμενος
963 1677 1235 1745 πλούσιος,
1266 1679 1360 1733 καὶ
1389 1682 1418 1733 ὁ
1445 1681 1503 1733 ὲν
1543 1680 1765 1745 κόλποις

192 1765 450 1846 ’Δϐραάμ
477 1769 648 1842 πένης
690 1770 1127 1842 ἀναπαυόμενος,
1173 1770 1281 1840 πρὸ
1323 1770 1425 1841 τῆς
1463 1771 1764 1843 παρουσίας

176 1857 275 1913 τοῦ
307 1861 562 1933 Σωτῆρος
584 1863 678 1917 καὶ
705 1863 811 1936 πρὸ
835 1863 935 1934 τῆς
969 1863 1278 1927 συντελείας
1296 1863 1390 1917 τοῦ
1422 1864 1635 1930 αἰῶνος,
1669 1864 1763 1917 καὶ

173 1951 269 2007 διὰ
297 1951 461 2007 τοῦτο
504 1954 611 2025 πρὸ
651 1954 751 2026 τῆς
796 1954 1146 2018 ἀναστάσεως
1174 1953 1454 2026 λεγόμενοι
1486 1956 1514 2008 6
1548 1955 1654 2025 μὲν
1703 1956 1762 2009 ὲν

174 2044 309 2118 ᾅδου
369 2045 715 2111 κολάζεσθαι,
752 2047 781 2099 6
830 2046 889 2101 δὲ
935 2049 994 2101 ὲν
1046 2046 1268 2111 κόλποις
1326 2046 1578 2118 Ἀϐραὰμ
1632 2048 1763 2103 ἀνα-

172 2136 469 2203 παύεσθαι,
491 2137 851 2202 διδάσκουσιν,
873 2140 954 2192 ὅτι
984 2139 1078 2193 καὶ
1125 2136 1221 2193 νῦν
1242 2141 1308 2211 τῇ
1339 2139 1626 2212 ἀπαλλαγῇ
1660 2140 1758 2213 (1),

168 2228 394 2302 σώματι
442 2231 638 2303 χρῆται
686 2232 720 2302 η
765 2231 930 2302 ψυχή.
984 2230 1130 2302 Πρὸς
1158 2229 1330 2285 ταῦτα
1375 2233 1404 2285 6
1453 2231 1608 2300 ἅγιος
1635 2232 1761 2286 τάδε

169 2321 343 2394 φησι·
377 2321 575 2393 Σχῆμα
605 2321 733 2376 ἄλλο
763 2322 1007 2393 ὁμοειδὲς
1034 2322 1114 2394 τῷ
1139 2321 1383 2394 αἰσθητῷ
1416 2324 1591 2394 τούτῳ
1622 2324 1762 2394 μετά

171 2412 276 2482 τὴν
300 2412 556 2469 ἐντεῦθεν
587 2415 850 2486 ἐκδημίαν
878 2414 1018 2486 ἔχειν
1048 2412 1396 2486 ἐκτιθέμενος
1428 2414 1528 2489 τὴν
1559 2415 1757 2487 ψυχήν·

171 2505 474 2578 ἀσώματον
509 2508 616 2563 ὑπὸ
664 2508 718 2564 τι
751 2508 1116 2575 Πλατωνικῶς
1151 2510 1510 2580 ἀποφαίνεται
1552 2513 1757 2585 αὐτήν;

174 2596 250 2651 Τὸ
280 2599 394 2673 γὰρ
437 2600 533 2656 καὶ
570 2600 719 2671 μετά
754 2601 852 2674 τὴν
884 2600 992 2655 ἀπὸ
1017 2600 1112 2655 τοῦ
1148 2602 1355 2673 κόσμου
1401 2605 1760 2678 ἀποφοίτησιν

171 2689 451 2762 ὀχήματος
471 2692 642 2765 αὐτὴν
665 2692 884 2747 δέεσθαι
910 2692 1006 2748 καὶ
1034 2692 1330 2765 περιϐολῆς
1369 2695 1567 2765 λέγειν,
1598 2697 1674 2762 ὡς
1697 2698 1758 2751 οὐ

171 2779 482 2854 δυναμένην
527 2782 930 2854 κατασχεθῆναι
972 2783 1208 2857 γυμνὴν,
1252 2784 1371 2849 πῶς
1400 2780 1502 2840 οὐκ
1540 2785 1608 2840 ἂν
1634 2787 1756 2842 καθ’

174 2872 381 2946 ἑαυτὴν
406 2873 696 2946 ἀσώματος
724 2878 844 2950 εῐης
891 2879 1208 2952 ’Δσώματος
1232 2880 1290 2935 δὲ
1321 2875 1476 2946 οὖσα,
1508 2880 1627 2947 πῶς
1657 2884 1758 2937 οὐκ

174 2963 336 3020 ἔσται
379 2967 475 3022 καὶ
509 2968 861 3035 ἀνεπίδεκτος
899 2971 1127 3040 παθῶν;
1185 2973 1491 3027 Ἀκολουθεῖ
1528 2973 1639 3047 γὰρ
1679 2974 1757 3047 τῷ

174 3056 469 3129 ἀσώματος»
516 3061 688 3133 αὒτὴν
721 3063 989 3134 ὑπάρχειν
1033 3065 1128 3120 καὶ
1172 3065 1236 3119 τὸ
1262 3065 1448 3137 ἀπαθῆ
1478 3062 1622 3124 εἷναι
1662 3068 1757 3122 καὶ

174 3147 609 3220 ἀπερίσπαστον.
641 3154 705 3208 Εἰ
730 3154 829 3225 μὲν
849 3150 952 3211 ὀὖν
982 3156 1088 3211 61:6
1116 3156 1313 3227 ἀλόγου
1337 3156 1399 3211 οὐ
1430 3156 1757 3229 παρείλκετο

1867 502 2006 551 rum,
2041 486 2190 539 mitte
2217 483 2487 538 Lazarum
2505 492 2562 538 ut
2586 483 2694 538 illis
2717 483 3023 550 denuntiet,
3041 501 3162 557 qua:
3181 486 3270 541 hic
3289 487 3445 545 liunt.

1870 579 2050 648 Atque
2080 578 2215 633 adeo
2247 579 2292 635 si
2323 592 2633 648 quteramus
2667 578 2905 648 linguam
2931 577 3076 631 illam
3108 588 3164 633 et
3191 578 3447 650 digitum,

1865 668 2157 740 sinumque
2185 669 2418 724 Abrahae
2434 677 2487 725 et
2516 668 2822 724 recubitum
2850 687 2863 723 :
2892 666 3030 735 forte
3050 685 3181 724 vero
3208 676 3263 725 et
3282 686 3448 741 quam

1865 762 2050 817 statim
2077 777 2111 816 a
2143 770 2352 827 morte,
2385 776 2575 818 crasso
2630 763 2756 817 huic
2787 767 2841 817 et
2870 768 3090 814 terreno
3123 762 3341 833 corpori
3373 763 3449 816 si-

1865 852 2047 927 milem
2098 851 2327 907 fortnam
2377 854 2558 906 anima
2594 853 2800 918 induit;
2847 852 2927 906 sic
2966 860 3144 922 potest
3198 851 3446 923 intelligi.

1868 943 1925 999 Si
1959 947 2179 1016 quando
2222 946 2388 1015 igitur
2437 945 2681 1001 historiis
2707 946 2979 1016 proditum
3019 954 3103 1000 est
3128 947 3449 1017 apparuisse

1866 1036 2102 1107 aliquem
2133 1049 2432 1101 mortuum,
2464 1037 2625 1092 simili
2665 1036 2840 1091 forma
2875 1053 2938 1092 ac
2964 1037 3092 1093 dum
3135 1044 3450 1094 versaretur

1866 1128 1923 1184 in
1972 1144 2160 1194 carne,
2209 1129 2484 1200 apparuit.
2518 1128 2786 1184 Praeterea
2817 1148 2831 1184 :
2865 1127 3145 1185 enimvero
3183 1133 3200 1153 ·
3229 1128 3452 1185 Samuel

1867 1234 2143 1290 apparens
2173 1220 2251 1291 (2)
2280 1222 2429 1275 velut
2450 1221 2624 1275 oculis
2656 1223 2991 1291 conspicuus
3012 1221 3080 1286 ",
3117 1221 3367 1276 indutum
3391 1236 3453 1276 se

1865 1328 2070 1384 corpus
2095 1311 2337 1368 ostendit
2368 1332 2382 1367 :
2431 1314 2735 1383 praesertim
2760 1316 2806 1367 si
2833 1314 3342 1370 demonstrantibus
3362 1330 3454 1370 ur-

1867 1421 2093 1476 geamur
2124 1405 2280 1460 fateri
2315 1421 2438 1461 esse
2462 1406 2699 1461 animam
2725 1414 2922 1461 natura
2954 1407 3357 1478 incorpoream,
3387 1425 3453 1464 ac

1865 1497 2136 1562 eamdem,
2161 1498 2424 1569 nullaque
2440 1499 2703 1554 varietate
2724 1500 2963 1568 partium
2983 1500 3083 1571 (5).
3113 1499 3215 1554 Sed
3232 1499 3453 1556 etdives

1864 1592 2112 1662 punitus,
2143 1600 2197 1652 et
2221 1607 2431 1663 pauper
2459 1592 2513 1646 in
2543 1593 2669 1646 sinu
2700 1593 2956 1656 Abrahae,
2993 1600 3119 1647 ante
3144 1591 3452 1648 Salvatoris

1868 1682 2159 1739 adventum
2195 1684 2491 1755 saeculique
2532 1685 3060 1740 consummationem
3084 1725 3098 1748 ,
3130 1694 3292 1755 alque
3317 1685 3453 1740 adeo

1867 1785 1993 1832 ante
2015 1777 2468 1832 resurrectionem
2490 1778 2670 1848 quiete
2690 1778 2932 1849 potitus;
2951 1776 3096 1848 quod
3113 1777 3248 1832 alter
3268 1776 3454 1846 puniri

1869 1869 1925 1923 in
1984 1868 2231 1932 inferno,
2279 1869 2416 1924 alter
2448 1869 2504 1923 in
2548 1869 2673 1925 sinu
2710 1869 2940 1923 Abrahae
2983 1868 3199 1922 dicatur
3234 1868 3455 1938 requie-

1864 1976 2046 2027 scere;
2083 1960 2137 2016 id
2167 1961 2387 2025 docent,
2419 1962 2584 2017 etiam
2621 1961 2801 2025 modo,
2838 1960 3023 2015 statim
3047 1975 3078 2013 a
3106 1959 3453 2030 migratione,

1865 2054 1945 2108 uti
1992 2052 2231 2108 animam
2266 2068 2516 2125 corpore.
2555 2052 2637 2107 Ad
2672 2068 2794 2123 quae
2846 2053 2921 2106 ita
2975 2053 3060 2106 vir
3090 2061 3313 2108 sanctus
3362 2066 3453 2107 reo

1865 2145 2124 2215 spondet:
2158 2143 2385 2209 docens,
2412 2144 2610 2199 habere
2630 2144 2867 2197 animam
2900 2142 2990 2197 ubi
3025 2158 3054 2197 a
3085 2159 3320 2214 corpore
3348 2143 3454 2198 mi-

1862 2236 2041 2307 gravit
2065 2277 2080 2300 ,
2126 2234 2358 2290 formam
2391 2233 2555 2289 aliam
2582 2276 2598 2301 ,
2635 2235 2829 2291 huicce
2868 2221 3150 2303 sensibili,
3173 2237 3360 2307 specie
3385 2252 3452 2293 ac

1864 2327 2054 2383 habitu
2096 2328 2352 2382 similem.
2388 2327 2663 2393 Quorsum
2699 2343 2831 2382 vero
2856 2330 3116 2391 animam,
3152 2330 3449 2401 inquit“),

1861 2419 2142 2477 Platonice
2167 2422 2543 2492 incorpoream
2575 2421 2882 2494 (Origenes)
2908 2421 3093 2478 deﬁnit
3108 2423 3131 2475 ?
3147 2406 3278 2488 Quae
3297 2424 3449 2481 enim

1859 2520 1987 2583 post
2031 2513 2198 2570 etiam
2244 2529 2530 2569 excessum
2562 2529 2593 2569 e
2628 2515 2761 2579 vita,
2807 2514 3060 2585 vehiculo
3102 2524 3258 2585 egeat
3286 2523 3340 2569 et
3364 2531 3450 2570 ve-

1863 2611 1970 2672 ste,
2004 2606 2155 2660 velut
2183 2604 2331 2660 nuda
2356 2604 2742 2675 comprehendi
2772 2622 2884 2661 non
2914 2607 3092 2677 possit
3127 2615 3221 2661 aut
3249 2607 3446 2672 teneri,

1859 2697 2134 2767 quomodo
2157 2712 2269 2754 non
2295 2698 2411 2768 ipsa
2429 2713 2526 2769 per
2555 2713 2615 2752 se
2639 2698 2963 2768 incorporea
2985 2698 3093 2753 sit?
3118 2697 3449 2769 lncorporea

1858 2804 2013 2854 vero,
2034 2789 2131 2860 qui
2154 2805 2265 2845 non
2293 2793 2455 2847 etiam
2476 2790 2543 2845 ab
2569 2788 2720 2843 omni
2767 2789 3023 2860 passione
3053 2790 3313 2846 immunis
3337 2789 3452 2846 sit?

1857 2879 2230 2952 Consequitur
2265 2879 2411 2938 enim
2437 2916 2454 2941 ,
2494 2885 2554 2931 ut
2584 2881 2905 2951 incorporea
2926 2881 3020 2945 sit,
3037 2888 3091 2937 et
3110 2890 3293 2935 utnon
3317 2895 3448 2952 pos-

1858 2971 1930 3028 sit
1947 2970 2085 3027 allici
2106 2987 2171 3027 ac
2204 2971 2539 3042 perturbari.
2565 2968 2622 3026 Si
2640 2971 2788 3025 nulla
2812 2985 2944 3042 ergo
2960 2972 3192 3036 ratione,
3216 2971 3395 3026 alieno
3412 2984 3446 3026 λ

1856 3063 2071 3119 ratione
2092 3064 2337 3134 appetitu
2363 3063 2706 3131 trahebatur,
2742 3063 2903 3132 plane
2936 3079 3040 3119 nec
3070 3063 3307 3120 dolentis
3321 3078 3447 3118 cor-

1856 3154 2008 3224 poris
2024 3154 2391 3226 patientisque
2401 3169 2568 3210 sensu
2591 3153 2703 3208 ullo
2722 3154 3132 3209 immutabatur.
3154 3153 3444 3226 Nunquam

175 3239 316 3305 ὅλως
350 3242 667 3316 ἐπιθυμίας,
706 3247 827 3301 οὐδὲ
859 3249 1329 3321 συμμετεϐάλλετο
1372 3248 1626 3319 ἀλγοῦντι
1662 3252 1755 3306 καὶ

1863 3247 2003 3302 enim
2033 3247 2181 3317 quod
2210 3254 2368 3302 vacat
2390 3234 2639 3318 corpore,
2671 3263 2780 3302 una
2811 3262 2937 3301 cum
2960 3262 3212 3317 corpore,
3247 3262 3312 3302 ac
3343 3264 3445 3305 nec

174 3333 442 3406 πάσχοντι
494 3336 574 3409 τῷ
613 3336 854 3410 σώματι.
914 3342 1227 3414 ’Δσώματον
1274 3342 1383 3414 γὰρ
1434 3340 1667 3413 σώματι,
1713 3343 1748 3413 ἢ

177 3424 346 3498 σῶμα
369 3427 644 3501 ἀσωμάτῳ
667 3429 769 3484 οὐκ
799 3430 865 3485 ἀν
893 3448 1023 3485 ποτε
1065 3431 1363 3503 συμπάθοι,
1398 3431 1485 3486 ἵνα
1514 3430 1582 3486 ἂν
1608 3429 1753 3485 ἀσώ-

245 3585 270 3606 ο

299 3587 808 3667 {g61._datp6vtoy_
815 3585 884 3663 ἦν
908 3590 981 3667 1:6
991 3590 1144 3667 παρά
1162 3593 1262 3665 τῆς
1289 3592 1751 3667 Ἐνγαστριμύθου

174 3655 436 3727 ἀναχθὲν,
456 3658 569 3712 ἀλλ’
587 3655 684 3730 οὗχ
710 3661 739 3713 6
770 3655 1041 3733 Σοίμουήλ.

245 3793 296 3826 ⁸³
327 3793 347 3848 l
375 3791 501 3865 Reg.
527 3810 723 3863 xxvut,
747 3795 837 3852 12.

244 3930 360 4003 (98)
404 3933 788 4003 Ἆνάκλησιν.
821 3932 983 3991 Forte
1004 3934 1303 3991 ἀνάκλισιν.

269 4000 663 4077 ῼ9)λομοίωςζ
689 4006 799 4077 AL,
828 4007 1032 4077 ὅμοιος.

273 4075 331 4145 1)
348 4071 429 4145 Iri
453 4071 678 4129 ἆπαλλ.
714 4071 874 4130 Deest
900 4076 1034 4145 ἅμα.

273 4142 333 4213 2)
360 4142 575 4199 Samuel
599 4161 878 4214 apparens.
910 4142 1107 4201 Paucis
1141 4145 1394 4202 scholion
1425 4146 1754 4202 sententiam

172 4214 439 4273 Bethodii
466 4215 593 4270 huic
616 4214 959 4287 Origeniante
975 4219 1259 4271 adversam
1277 4217 1512 4286 explicat
1530 4234 1545 4284 ;
1565 4229 1625 4271 ut
1643 4232 1754 4273 non

172 4287 425 4352 Samuel,
453 4287 545 4342 sed
576 4285 787 4342 daemon
828 4285 976 4342 Sauli
1010 4288 1297 4351 illusurus,
1331 4285 1592 4342 ementita
1632 4288 1753 4357 ejus

171 4358 392 4428 specie,
425 4367 684 4413 evocatus
706 4357 1018 4427 apparuerit
1048 4372 1201 4427 :quae
1228 4367 1310 4412 est
1329 4372 1589 4428 perquam
1612 4372 1758 4428 com-

171 4427 367 4484 munis
417 4436 729 4498 sanctorum
760 4428 1087 4498 sententiat
1104 4429 1158 4482 in
1188 4443 1352 4497 quam
1385 4429 1544 4498 plura
1593 4427 1753 4485 docte

1855 3354 2060 3410 corpus
2091 3354 2202 3395 una
2227 3353 2350 3394 cum
2379 3355 2445 3395 eo
2493 3337 2639 3410 quod
2664 3340 2759 3395 illo
2789 3348 2965 3405 vacat,
2990 3339 3242 3394 habuerit
3264 3339 3443 3409 attici;

1859 3438 1921 3487 ut
1952 3431 2030 3486 ita
2055 3446 2189 3488 sane
2215 3438 2586 3490 consentanee
2610 3431 2774 3488 dictis
2802 3431 2879 3504 (5)
2917 3431 3241 3502 incorporea
3268 3431 3442 3488 videri

1930 3590 1963 3614 *'
1990 3587 2169 3645 Schol.
2213 3586 2551 3659 Daegnonium
2589 3594 2710 3643 erat
2746 3587 2891 3659 quod
2931 3587 3034 3659 fuit
3073 3593 3361 3659 evocatum
3407 3602 3440 3643 ιι

1859 3661 2204 3732 ventriloqua
2227 3666 2283 3717 et
2310 3657 2660 3731 Pythonissa,
2682 3657 2793 3714 non
2813 3674 2943 3716 vero
2968 3657 3232 3730 Samuel.,

1939 3935 2015 4006 (ι)
2040 3933 2306 4006 Quorsum
2320 3949 2437 4006 vero
2461 3934 2718 4006 animum,
2748 3932 2939 4006 inquit,
2965 3938 3074 3987 etc.
3119 3930 3436 4006 ᾉσώματον

1861 4001 1975 4062 61:6
1996 4001 2048 4059 τι
2078 4003 2441 4068 ωατωνικῶς
2474 4001 2835 4073 ἀποφαίνεται
2884 4005 3053 4074 αὑτήν
3074 4021 3088 4069 ;
3110 4001 3219 4074 Sic
3258 4001 3435 4060 inter-

1857 4076 2101 4147 rogative
2146 4076 2434 4147 legendum
2469 4075 2587 4147 ipsa
2616 4081 2799 4129 textus
2834 4073 3015 4129 series
3034 4073 3317 4147 e_xigit,_ut
3345 4075 3435 4131 hic

1859 4144 2090 4217 incipiat
2126 4144 2276 4216 loqui
2312 4144 2620 4200 Methodius
2651 4151 2705 4199 et
2731 4145 3172 4217 arguerepriora
3211 4144 3433 4217 (Photio

1857 4213 2044 4286 verbis
2094 4213 2362 4286 proiimis
2402 4223 2710 4286 exponente
2751 4213 3007 4286 Methodii
3054 4213 3431 4285 sententiam),

1857 4302 1980 4358 quae
2027 4283 2289 4358 Scholtus
2319 4293 2393 4358 ut;
2427 4283 2686 4358 Methodii
2718 4283 3025 4358 confundit,
3072 4286 3149 4339 illi
3189 4283 3433 4357 ascripta

1858 4355 2152 4421 sententia,
2182 4370 2346 4425 quam
2382 4356 2430 4412 is
2454 4356 2570 4426 sibi
2618 4355 3049 4426 impugnandam
3101 4355 3425 4426 assumpsit,

1855 4434 1911 4483 et
1958 4427 2229 4483 sententia
2277 4426 2397 4496 ipsa
2438 4425 2691 4496 Origenis
2728 4444 2743 4480 :
2784 4425 2847 4479 ’ut
2883 4426 3142 4480 nimirum
3186 4425 3351 4480 etiam
3395 4443 3429 4483 a

168 4496 559 4568 disputatgLeo
587 4497 821 4568 Allatius
849 4499 903 4552 in
934 4512 1035 4553 suo
1059 4493 1363 4562 Eustathio,
1385 4493 1628 4553 tractatu
1660 4514 1756 4568 pe-
1785 4493 1830 4548 D
1858 4506 2058 4560 morte,
2105 4498 2215 4553 sint
2263 4493 2559 4552 animabus
2603 4502 2864 4568 tanquam
2926 4495 3329 4568 spiritualibus,
3375 4506 3432 4552 et

168 4566 477 4639 euliariide
496 4583 571 4639 ea
591 4584 651 4639 re
680 4568 738 4623 in
763 4567 1072 4639 Origenetn,
1104 4569 1322 4639 qualem
1347 4568 1510 4639 etiam
1570 4566 1761 4624 noster

168 4638 487 4695 Methodius
528 4637 1001 4703 elaboravitfsed
1045 4637 1309 4694 hactenus
1354 4637 1758 4695 desideramus.

170 4710 304 4781 ipse
333 4707 396 4762 D.
429 4705 817 4781 TbomasA2-2,
847 4724 901 4779 q.
932 4708 1023 4771 95,
1048 4710 1178 4781 εει,
1210 4709 1351 4781 εχει
1382 4725 1438 4778 q.
1464 4708 1588 4781 174,
1625 4724 1679 4781 a.
1702 4711 1755 4774 5,

169 4778 229 4844 Ι,
254 4780 315 4834 in
345 4794 411 4835 ea
433 4779 580 4833 velut
606 4778 880 4834 solutione
908 4780 1164 4849 quiescit,
1190 4788 1252 4833 ut
1272 4779 1437 4834 fuerit
1460 4778 1622 4834 ﬁctus
1656 4778 1759 4835 Sa-

170 4850 346 4914 muel,
377 4863 441 4905 ea
464 4850 740 4905 solutione
768 4849 1057 4915 utrobique
1106 4851 1298 4905 ultimo
1330 4850 1451 4904 loco
1480 4849 1661 4915 allata,
1692 4866 1758 4906 ac

170 4866 346 4914 iuuet,
377 4866 441 4905 ea
464 4866 740 4905 somnone
768 4866 1057 4974 utrontgue
1106 4866 1298 4905 ultimo
1330 4866 1451 4904 toco
1480 4866 1661 4915 auata,
1692 4866 1755 4906 ac

170 4936 283 4976 nec
304 4921 424 4991 ipsa
453 4920 776 4975 auctoritate
795 4921 921 4976 libri
989 4922 1155 4977 celes.
1180 4934 1301 4990 quae
1319 4920 1433 4976 sola
1466 4920 1755 4976 videbatur

170 4992 402 5119 pbstare
437 4991 543 5045 int
573 5004 630 5061 p.
663 4991 851 5057 tacita,
887 4991 986 5046 sed
1023 4998 1079 5047 et
1118 4992 1238 5062 ipsa
1263 4991 1456 5046 ultimo
1496 4991 1618 5045 loco
1659 5008 1755 5048 so.

192 5073 312 5118 uta.

192 5073 312 5118 uta.

244 5132 328 5204 (5)
353 5131 435 5187 Ac
482 5130 743 5204 eamdem,
786 5131 1036 5203 nullaque
1068 5133 1320 5204 uarietate
1362 5132 1617 5203 partium.
1671 5130 1751 5187 Ita

168 5202 504 5274 exponimus
542 5202 691 5275 quod
733 5202 1018 5272 legendum
1042 5203 1315 5275 duximus
1346 5204 1570 5275 ταυτην,
1605 5204 1753 5258 velut

167 5275 275 5346 τὴν
302 5275 494 5346 αὐτήν,
518 5273 753 5346 eamdem
781 5275 952 5342 ipsam
979 5274 1081 5327 sibi
1110 5290 1129 5328 :
1158 5290 1269 5345 quo
1300 5275 1459 5346 longe
1491 5273 1644 5346 abest
1691 5280 1752 5327 ut

168 5342 349 5398 videri
386 5342 561 5414 pessit
597 5358 659 5415 ea
690 5342 887 5404 forma,
918 5360 1025 5415 qua
1056 5360 1116 5400 se
1164 5342 1524 5415 aspectandas
1554 5344 1750 5399 animte

170 5429 286 5468 non
318 5429 449 5469 raro
487 5414 869 5484 praebuerunt;
909 5414 1056 5471 velut
1104 5422 1310 5470 retenta
1344 5414 1514 5483 priori
1566 5415 1749 5483 specie

170 5495 228 5540 et
254 5485 446 5541 habitu
471 5500 569 5540 seu
597 5484 963 5556 lineamentis,
1000 5494 1220 5556 totaque
1247 5486 1493 5555 corporis
1523 5499 1747 5556 compo-

174 5556 403 5628 sitione,
421 5568 544 5628 quae
574 5555 810 5628 partium
832 5555 1274 5628 dissimiliarium
1332 5556 1569 5628 propriis
1599 5555 1744 5611 notis

174 5621 453 5695 consistit;
505 5621 787 5685 Schottus.
822 5622 976 5679 Hanc
1006 5626 1170 5682 videri
1219 5621 1740 5695 demonstrationem,

174 5694 234 5748 in
257 5696 458 5766 quibus
513 5707 617 5766 ego
653 5695 835 5766 verbis
884 5710 951 5750 ne
996 5696 1165 5751 hilum
1201 5712 1396 5755 sensus
1425 5697 1605 5764 video,
1638 5712 1741 5753 nec

175 5764 296 5821 scio
323 5781 392 5821 an
422 5764 794 5839 perspicacior
822 5766 963 5822 alius
994 5767 1209 5823 viderit.

1861 4584 1982 4639 quae
2012 4583 2121 4625 non
2154 4569 2365 4639 possint
2394 4569 2549 4639 aliter
2587 4567 2784 4639 teneri,
2816 4566 3195 4639 suavchicula
3224 4573 3433 4639 eteor-

1861 4636 2036 4710 pora;
2066 4636 2229 4710 quam
2268 4638 2358 4710 ille
2380 4637 2850 4708 spiritualitatem,
2882 4636 3230 4710 incommodo
3253 4636 3428 4702 ducit,

1858 4707 2183 4765 existimans
2224 4709 2317 4763 illa
2359 4707 2643 4773 cencessa,
2681 4722 2791 4762 non
2825 4721 2984 4776 posse
3030 4707 3268 4760 animam
3301 4722 3427 4764 cum

1858 4793 2093 4851 corpore
2124 4787 2179 4834 et
2234 4778 2635 4851 affectionibus
2667 4778 2940 4851 corporis,
2975 4778 3123 4832 velut
3155 4779 3424 4851 egtranei,

1857 4842 1996 4904 allici
2025 4869 2038 4904 :
2070 4851 2214 4920 quod
2259 4857 2314 4920 et
2342 4849 2689 4918 experientia:
2732 4842 3132 4920 adversatoret
3173 4842 3424 4920 Scriptuf

1814 4948 1820 4954 -
1856 4920 1958 4976 ris.
1990 4918 2221 4983 Τὸίὺπὸ
2250 4919 2323 4989 :i,
2355 4935 2667 4989 quanquam
2715 4919 2920 4983 rarius,
2956 4918 3260 4989 accipimus
3305 4918 3427 4973 ἀντὶ

1853 4991 1968 5064 τοῦ,
1993 4990 2148 5064 ,παρά
2173 4990 2245 5045 τί.
2283 4986 2448 5064 Forte
2497 4986 2626 5044 vero
2664 4989 2950 5064 scripserit
2996 4986 3305 5064 Methodius
3337 4989 3427 5044 ἵνα

1852 5062 1924 5115 τί·
1959 5062 2041 5119 sic
2079 5060 2193 5117 'nos
2250 5060 2454 5131 passim
2494 5060 2972 5132 παραγράμματα,
3010 5060 3064 5132 in
3108 5065 3427 5132 portentosa

1852 5134 2100 5203 quaedam
2131 5129 2440 5202 impellunt,
2487 5129 2773 5200 nunquam
2812 5129 3136 5203 auctoribus
3163 5129 3421 5203 cogitata.

1924 5204 2003 5274 (5)
2031 5198 2228 5274 Utita'
2255 5219 2383 5274 sane
2432 5198 2774 5274 censen—tange
2810 5198 2988 5253 dictis.
3020 5199 3136 5274 Ἵνα
3177 5198 3251 5274 ον
3279 5198 3420 5252 ἀσώ-

1854 5269 2019 5345 ματον
2050 5272 2198 5338 δόξαι
2242 5273 2432 5345 αὐτήν.
2474 5271 2817 5345 Hmschelius
2866 5269 3126 5345 putat_':6
3176 5269 3266 5345 ᾖ.ρά
3311 5285 3423 5326 non

1850 5338 2039 5401 carere
2060 5345 2223 5409 vitio;
2257 5338 2501 5413 sed'non
2539 5338 2879 5413 detegitaut
2900 5340 3147 5413 corrigit.
3180 5338 3421 5396 Putave-

1849 5416 1951 5469 rim
1980 5429 2082 5486 ego
2112 5412 2399 5486 legendum
2427 5413 2510 5486 ὡς,
2539 5413 2641 5486 vel
2670 5411 2801 5484 quid
2834 5412 3036 5486 simile,
3068 5413 3264 5486 utfit
3287 5427 3423 5486 con-

1847 5481 2039 5541 clusio'
2065 5481 2214 5539 illata
2243 5483 2465 5554 quidem
2497 5481 2757 5554 legitime,
2787 5491 2847 5554 ut
2891 5481 3112 5554 quidem
3146 5481 3421 5554 Methodio

1845 5556 2095 5623 videtur;
2120 5555 2216 5611 sed
2245 5552 2313 5610 ex
2339 5553 2479 5609 falso
2503 5552 2869 5617 antecedenti,
2906 5552 3050 5624 quod
3074 5552 3271 5611 deinde
3299 5553 3419 5609 vel-

1843 5635 1904 5679 ut
1938 5626 2312 5696 assumptione
2364 5624 2633 5696 destruat,
2669 5631 2882 5680 asserta
2907 5636 3108 5696 Amutua
3150 5625 3240 5679 illa
3269 5626 3419 5696 velut

1843 5697 2080 5767 partium
2126 5692 2158 5751 s
2187 5705 2386 5752 natura
2442 5695 2721 5752 unitarum
2775 5692 3032 5766 passione
3071 5709 3237 5764 quam
3287 5694 3417 5750 Ori-

1839 5782 2006 5840 genes
2034 5767 2284 5839 negabat.
