3864 6162
434 301 540 358 εετ

1405 297 1463 352 S.
1509 293 1842 350 METIIODII
1883 293 2194 350 EPISCOPI
2233 293 2322 348 ET
2363 291 2726 349 MARTYRIS

3585 291 3685 348 338

432 423 626 496 possit.
662 423 755 477 Sin
781 432 961 478 autem
991 438 1096 478 una
1120 439 1244 477 cum
1276 436 1507 492 corpore
1536 420 1794 492 patiatur,
1829 429 1886 473 ut
1924 436 2007 474 eo-

2123 435 2290 488 ματον
2323 417 2470 483 δόξαι
2501 416 2668 488 αὐτὴν
2695 414 3002 479 ἀκολούθως
3029 419 3140 478 τοῖς
3170 413 3500 486 εἰρημένοις.
3538 413 3602 466 El
3630 412 3686 466 δὲ

435 527 554 566 rum
578 512 671 576 qui
704 519 1076 582 apparuerunt
1103 511 1413 566 testimonia
1445 511 1714 580 probant,
1740 510 1900 580 plane
1931 509 2012 562 iu-

432 617 696 674 corporea
719 619 840 658 esse
864 603 1072 673 nequit.
1111 603 1251 673 Ergo
1291 603 1442 658 solus
1479 602 1621 656 Deus
1641 642 1656 664 ,
1701 610 1894 655 natura
1923 601 2010 654 in-

432 691 634 759 genitu,
662 690 866 744 nullius
886 707 1070 761 egens,
1098 708 1161 745 ac
1195 689 1465 747 indefessa
1482 691 2008 757 celebratur;velut,

433 796 500 836 eo
534 782 862 845 invisibilis,
894 783 1036 853 quod
1065 783 1421 852 incorporeus
1457 804 1470 838 :
1505 783 1672 837 Deum
1728 785 1872 839 enim
1915 800 2010 837 ne-

436 889 521 925 mo
554 872 683 927 vidit
716 873 782 926 “.
815 873 1020 928 Animae
1053 889 1181 928 vero
1211 877 1278 928 ab
1303 875 1548 928 omnium
1577 882 1800 928 auctore
1830 886 2011 944 patre-

433 980 561 1036 que,
585 980 815 1035 corpora
842 965 1177 1036 intelligendi
1209 965 1465 1021 facultate
1493 967 1714 1036 praedita
1744 972 1930 1026 editae.
1960 965 2017 1020 in

433 1057 682 1110 membra
735 1057 964 1111 rationis
1013 1059 1174 1112 oculo
1234 1059 1618 1128 aspectabilia,
1683 1057 2017 1126 ejuscemodi

435 1147 801 1204 delineatione
847 1157 1092 1220 accepta,
1145 1149 1369 1221 digesta:
1413 1158 1562 1206 sunt.
1595 1149 1750 1205 Unde
1785 1158 1840 1204 et
1873 1149 2018 1219 apud

435 1240 678 1305 inferos,
715 1250 774 1296 ut
820 1251 874 1298 et
924 1243 978 1297 in
1021 1243 1229 1298 Lazaro
1263 1253 1316 1298 et
1347 1245 1514 1298 divite
1556 1243 1740 1298 videre
1770 1251 1876 1306 est,
1909 1243 2017 1296 lin-

431 1349 618 1406 guam,
638 1343 692 1390 et
709 1335 961 1406 digitum,
981 1346 1033 1390 et
1057 1337 1161 1390 alia
1185 1337 1425 1391 membra
1451 1336 1760 1391 referuntur
1775 1335 2007 1390 habere:

433 1443 541 1482 non
565 1430 709 1500 quod
728 1432 963 1484 alienum
982 1445 1182 1499 corpus
1201 1445 1324 1484 cum
1360 1430 1468 1485 illis
1486 1433 1712 1484 exsistat
1744 1428 1974 1482 informe
1993 1470 2009 1493 ,

432 1522 526 1577 sed
554 1523 698 1592 quod
731 1523 860 1593 ipsae
889 1523 1084 1576 animae
1114 1522 1184 1577 ab
1228 1523 1376 1576 omni
1411 1530 1724 1593 legumento
1755 1522 2008 1587 nudatae,

434 1623 630 1670 natura
660 1632 758 1671 sua
783 1623 837 1669 et
865 1614 1167 1670 secundum
1199 1615 1561 1670 substantiam
1595 1619 1703 1670 sint
1733 1615 1891 1671 tales.

2122 509 2431 580 συμπάσχοι
2475 509 2552 580 τῷ
2598 508 2844 578 σώματι,
2887 509 3137 580 καθάπερ
3184 510 3276 562 καὶ
3318 507 3404 560 διὰ
3445 508 3544 578 τῆς
3575 508 3686 559 ἐπι-

2121 603 2513 674 μαρτυρήσεως
2565 601 2673 653 τῶν
2712 601 3050 672 φαινομένων
3105 599 3502 661 ἀποδείκνυται,
3548 594 3687 652 ἀσώ-

2121 711 2289 764 ματος
2321 690 2458 746 εῐναι
2491 694 2552 747 ού
2580 693 2822 746 δύναται.
2876 694 3081 762 Ἤγουν
3113 692 3374 761 ἀγένητος
3407 691 3498 744 καὶ
3537 691 3685 744 ἀνενο

2115 784 2239 855 δεὴς
2269 785 2362 837 καὶ
2389 784 2670 854 ἀκάματος
2700 783 2858 853 φύσις
2888 785 2915 836 ό
2943 783 3074 846 Θεὸς
3109 783 3265 854 μόνος
3300 782 3481 854 ᾄδεται
3501 796 3513 809 ·
3547 779 3686 834 ἀσώ-

2119 894 2286 947 ματος
2314 876 2408 934 ὣν.
2437 876 2516 930 διὸ
2545 877 2638 930 καὶ
2667 877 2914 946 ἀόρατος.
2941 873 3074 928 Θεὸν
3098 874 3204 946 γὰρ
3227 875 3401 936 οὐδεὶς
3428 873 3678 946 ἑώρακεν.

2113 968 2178 1019 Αἱ
2207 966 2263 1019 δὲ
2294 968 2463 1038 ψυχαὶ
2518 967 2625 1020 ἀπὸ
2674 966 2764 1020 τοῦ
2807 965 3135 1038 δημιουργοῦ
3184 967 3278 1019 καὶ
3328 966 3538 1039 Πατρὸς
3577 966 3681 1018 τῶν

2115 1059 2271 1124 ὅλων,
2301 1058 2527 1128 σώματα
2570 1059 2734 1130 νοερά
2765 1059 3129 1131 ὑπάρχουσαι,
3157 1061 3234 1122 εἰς
3266 1058 3408 1129 λόγῳ
3439 1058 3680 1129 θεωρητὰ

2121 1151 2259 1221 μέλη
2311 1151 2791 1224 διακεκόσμηνται,
2839 1152 3042 1223 ταύτην
3079 1151 3338 1205 λαϐοῦσαι
3376 1151 3473 1222 τὴν
3505 1151 3681 1205 διατύ-

2117 1255 2314 1292 πωσιν.
2360 1239 2521 1293 Ὅθεν
2567 1239 2660 1294 καὶ
2699 1242 2756 1293 ὲν
2784 1239 2862 1311 τῷ
2904 1240 3027 1314 ᾄδῃ,
3067 1241 3316 1313 καθάπερ
3343 1242 3437 1295 καὶ
3471 1243 3561 1294 ἐπὶ
3592 1241 3680 1296 τοῦ

2119 1335 2373 1408 Λαζάρου
2411 1337 2502 1390 καὶ
2523 1335 2616 1390 τοῦ
2650 1336 2926 1397 πλουσίου,
2952 1339 3045 1390 καὶ
3072 1336 3338 1406 γλῶσσαν,
3369 1339 3461 1392 καὶ
3488 1339 3679 1392 δάκτυ-

2117 1427 2226 1492 λον,
2254 1430 2347 1481 καὶ
2372 1427 2440 1480 τά
2461 1427 2595 1482 ἀλλα
2628 1427 2760 1499 μέλη
2793 1427 3124 1499 ἱστοροῦνται
3148 1428 3289 1499 ἔχειν
3307 1445 3321 1460 ο
3352 1430 3448 1499 ούχ
3472 1429 3545 1492 ὡς
3573 1428 3682 1482 ἑτέ-

2121 1538 2214 1593 ρου
2255 1519 2503 1591 σώματος
2534 1521 2968 1592 συνυπάρχοντος
2995 1522 3186 1586 αὐταῖς
3211 1520 3440 1585 ἀειδοῦς,
3470 1521 3582 1575 ἀλλ’
3604 1521 3680 1574 ὅτι

2118 1605 2279 1666 αὗται
2317 1611 2475 1681 φύσει
2507 1613 2561 1665 αἱ
2605 1612 2793 1684 ψυχαὶ,
2830 1615 3047 1678 πάντως
3080 1614 3554 1686 ἀπγυμνωθεῖσάι
3592 1630 3682 1666 πε·

2118 1707 2470 1780 ριϐλήματος,
2509 1707 2755 1762 τοιαῦται
2791 1709 2929 1763 κατά
2960 1709 3058 1781 τὴν
3099 1707 3288 1762 ούσέαν
3331 1708 3676 1778 ὑπάρχουσιν.

500 1793 618 1850 XX.
647 1793 806 1849 Addit
847 1795 900 1850 in
946 1795 1051 1851 fine
1081 1797 1164 1852 vir
1204 1805 1430 1852 sanctus
1461 1817 1475 1852 :
1507 1796 1567 1851 ld
1613 1799 1758 1868 quod
1803 1799 2007 1855 dictum

2184 1804 2253 1856 K.
2300 1802 2422 1855 Ὀτι
2449 1803 2610 1874 φησὶν
2639 1805 2668 1856 ό
2693 1803 2842 1871 ἅγιος
2875 1805 2933 1856 ὲν
2963 1802 3133 1855 τέλει·
3167 1801 3330 1853 Ὥστε
3359 1796 3542 1852 τὸιδιά
3567 1796 3680 1850 τοῦ·

431 1887 618 1941 est”:
653 1886 715 1940 In
745 1887 840 1942 hoc
885 1887 1131 1943 Christus
1175 1899 1413 1943 mortuus
1448 1899 1545 1954 est,
1578 1900 1631 1942 ut
1677 1902 2005 1946 mortuorum

2122 1913 2172 1950 το
2215 1895 2448 1969 Χριστὸς
2498 1893 3200 1968 ἀπέθανε›λεγόμενον,ιῖνα
3229 1891 3443 1956 ζώντων
3479 1889 3570 1942 καὶ
3599 1905 3682 1943 νε-

429 1987 479 2030 et
504 1978 736 2031 vivorum
770 1979 1114 2034 dominetur:
1151 1979 1219 2035 de
1263 1979 1553 2036 animabus
1579 1989 1633 2036 et
1681 1984 2010 2053 corporibus

430 2069 811 2140 accipiendum
837 2087 961 2126 esse
991 2091 1004 2127 :
1035 2073 1174 2128 vivis
1213 2073 1425 2128 scilicet
1471 2073 1778 2141 animabus,
1823 2085 2012 2148 utpote

428 2161 866 2231 immortalibus;
899 2164 1128 2220 mortuis
1152 2181 1281 2220 vero
1315 2167 1659 2236 corporibus.

502 2253 641 2308 XXI.
672 2254 830 2320 Cum,
865 2256 1061 2325 inquit,
1097 2257 1394 2312 humanum
1427 2273 1626 2329 corpus
1649 2257 1749 2331 (6),
1781 2259 2012 2316 aliorum

432 2345 751 2400 animalium
791 2347 1122 2416 corporibus
1154 2349 1225 2403 sit
1261 2347 1519 2412 nobilius,
1555 2349 1704 2404 velut
1735 2349 1881 2420 quod
1915 2349 2010 2406 Dei

437 2439 693 2494 manibus
737 2439 957 2495 dicatur
988 2441 1283 2497 formatum
1305 2485 1319 2507 ,
1364 2442 1690 2512 habeatque,
1724 2452 1783 2497 ut
1816 2444 2011 2499 anima:

429 2529 715 2584 rationalis
751 2546 872 2600 quae
905 2538 989 2586 est
1012 2531 1267 2596 nobilior,
1297 2532 1369 2588 sit
1403 2532 1710 2587 vehiculum
1738 2550 1751 2586 :
1775 2549 2010 2604 quomo-

430 2621 502 2676 do
532 2623 709 2694 ipsum
746 2624 967 2694 quidem
1009 2632 1118 2680 tam
1151 2626 1331 2682 brevis
1373 2634 1457 2682 cst
1498 2627 1621 2692 aevi,
1657 2643 1782 2682 cum
1820 2627 2012 2682 bruto.

430 2728 553 2767 rum
589 2715 956 2784 quorumdam
1000 2731 1253 2788 corpora,
1292 2719 1416 2772 vitae
1454 2718 1564 2772 sint
1601 2720 1774 2773 multo
1801 2717 2014 2788 longio-

432 2805 548 2860 ris?
575 2804 716 2860 Num
741 2807 938 2876 palam,
985 2809 1130 2878 quod
1167 2823 1196 2862 a
1228 2809 1656 2874 resurrectione,
1705 2808 2012 2864 substantia

431 2895 554 2967 ejus
575 2896 817 2968 longaeva
848 2900 1031 2952 futura
1052 2898 1162 2952 sit?

2115 1990 2261 2062 κρῶν
2307 1989 2718 2062 κυριεύσῃ,›ὲπ“ι
2746 1989 2854 2042 τῶν
2891 1989 3077 2060 ψυχῶν
3116 1986 3209 2039 καὶ
3243 1985 3337 2036 ἐπὶ
3368 1983 3476 2034 τῶν
3505 1980 3684 2050 σωμά-

2116 2098 2223 2134 των
2277 2081 2689 2154 παραληπτέον·
2740 2079 2956 2144 ζώντων
3019 2079 3115 2150 μὲν
3164 2075 3272 2129 τῶν
3303 2073 3508 2144 ψυχῶν,
3557 2070 3683 2126 καθὸ

2118 2171 2412 2226 ἀθάνατοι·
2439 2173 2647 2244 νεκρῶν
2669 2172 2724 2226 δὲ
2748 2173 2854 2225 τῶν
2889 2171 3172 2242 σωμάτων.

2190 2265 2320 2318 KA'.
2364 2266 2486 2318 Ὅτι
2635 2263 2858 2335 τιμιώτε
2869 2280 2956 2336 ρον
2972 2216 3141 2333 ιδῶμα
3162 2259 3447 2332 ἀνθρώπου
3470 2255 3576 2310 τῶν

2118 2353 2224 2408 λων
2253 2354 2426 2421 ζώων,
2454 2357 2537 2410 ὃτι
2565 2357 2720 2428 χερσί
2744 2373 2804 2409 τε
2832 2354 2966 2408 Θεοῦ
2992 2354 3209 2423 λέγεται
3240 2350 3568 2412 πεπλάσθαι,
3599 2348 3684 2401 xiii.

2116 2448 2198 2502 ὅτι
2225 2450 2551 2521 τιμιωτέρου
2590 2450 2690 2522 τῆς
2729 2448 2953 2518 λογικῆς
2981 2447 3160 2517 ψυχῆς
3193 2445 3456 2517 τετύχηκε
3488 2443 3687 2512 ὀχήμαο

2115 2556 2208 2604 τος
2229 2558 2242 2570 ·
2296 2541 2413 2605 πῶς
2460 2541 2617 2594 τοῦτο
2665 2541 2764 2612 μὲν
2797 2541 3176 2612 ὀλιγοχρόνιον,
3210 2534 3426 2608 ἀλόγων
3452 2535 3507 2588 δέ
3530 2549 3686 2587 τινων

2119 2631 2621 2704 πολυχρονιώτερα;
2657 2633 2726 2685 Ἦ
2753 2631 2909 2703 δῆλον
2939 2631 3014 2695 ὡς
3050 2634 3082 2703 ή
3121 2630 3311 2684 τούτου
3346 2625 3686 2702 πολυχρόνιος

2120 2724 2352 2798 ὔπαρξις
2377 2727 2516 2798 μετὰ
2543 2713 2642 2798 τὴν
2667 2726 2964 2782 ἀνάστασιν
2996 2724 3184 2792 ἐσταις

1040 3166 1108 3231 S.
1145 3163 1586 3227 METHODII
1617 3164 1728 3226 DE
1755 3163 1999 3229 ΙΟΝΛΞ
2031 3166 2434 3229 HISTORIA
2467 3167 3086 3232 FRAGMENTUM.

1580 3317 1676 3380 Ex
1710 3317 1875 3382 libro
1915 3320 2008 3381 De
2047 3321 2552 3383 resurrectione.

439 3557 818 3621 (Fragmentum
860 3553 997 3621 istud
1039 3553 1220 3621 Latine

1265 3554 1458 3617 profert
1481 3555 1803 3606 Combet‘isins
1822 3555 1872 3603 in
1906 3552 2199 3617 Bibliotheca
2223 3550 2598 3617 concionat'oria,
2621 3558 2738 3601 tom.
2769 3552 2826 3610 ll,
2873 3565 2920 3613 p.
2948 3549 3042 3598 263
3064 3562 3164 3617 seq.
3199 3554 3250 3617 et
3273 3563 3335 3617 ex
3360 3548 3666 3617 ecca-Hand.

492 3611 658 3668 (ὲκ-ἔδω
697 3632 758 3667 ex
783 3617 894 3678 cod.
939 3616 1099 3666 Vatic.
1135 3611 1492 3666 iBll'exhibet
1515 3617 1684 3666 Simon
1707 3618 1771 3666 de
1811 3617 2058 3678 Magistris
2080 3616 2128 3667 in
2156 3617 2283 3666 libro
2305 3619 2384 3666 cui
2411 3614 2584 3664 titulus
2608 3629 2620 3663 :
2649 3618 2768 3664 Acta
2793 3611 3065 3678 martyrum
3097 3611 3162 3662 ad
3201 3611 3329 3662 Ostia
3357 3611 3586 3664 Tiberina

489 3677 698 3732 Claudio
714 3677 927 3730 Gothico.
950 3678 1119 3728 Romae
1141 3678 1282 3740 1792,
1306 3681 1359 3728 in
1381 3679 1488 3740 fol.,
1507 3679 1736 3742 Append.
1763 3692 1811 3742 p.
1838 3673 1972 3740 462.:

767 3946 1022 4002 Methodii
1047 3948 1273 4018 episcopi
1309 3946 1653 4003 Patarorum.

500 4035 542 4094 ἰ.
570 4037 826 4109 Magnum
869 4055 1088 4109 quoque
1127 4040 1373 4094 continet
1401 4041 1718 4112 mysterium
1741 4039 1893 4096 Jonae
1923 4041 2010 4096 hic

431 4131 627 4187 storia.
671 4129 899 4186 Videtur
941 4131 1086 4187 enim
1130 4148 1225 4202 per
1269 4143 1448 4186 cetum
1491 4142 1706 4204 tempus
1759 4134 2011 4205 intelligi,

432 4223 580 4295 quod
613 4238 895 4295 nunquam
927 4225 1218 4289 consistat,
1250 4224 1342 4280 sed
1375 4241 1592 4297 semper
1623 4227 1862 4294 labatur,
1895 4227 2014 4281 lon-

431 4317 626 4386 gisque
653 4331 718 4371 ac
752 4315 1094 4371 brevioribus
1118 4317 1430 4375 interstitiis
1460 4325 1660 4374 cuncta
1702 4326 2008 4374 consumat.

432 4411 534 4476 Qui
567 4417 746 4465 autem
785 4408 953 4465 Jonas
985 4409 1172 4482 fugita
1203 4410 1341 4466 facie
1370 4411 1485 4474 Dei,
1520 4413 1638 4482 ipse
1677 4412 1768 4466 ille
1800 4411 2010 4481 primus

432 4501 597 4558 homo
623 4510 728 4567 est,
755 4503 869 4574 qui,
891 4503 1208 4559 mandatum
1235 4514 1633 4576 transgressus,
1669 4519 1732 4558 ac
1761 4519 1857 4575 per
1887 4518 2012 4574 pec-

431 4603 614 4651 catum
659 4596 861 4652 amissa
897 4595 1163 4653 adversus
1205 4595 1375 4651 Deum
1420 4596 1637 4662 fiducia,
1680 4596 1863 4650 nudus
1907 4595 2010 4649 im-

431 4688 766 4743 mortalitate
789 4687 868 4742 illi
891 4704 952 4743 se
983 4704 1168 4744 coram
1198 4690 1393 4745 sistere
1416 4688 1638 4758 refugit.
1657 4687 1824 4743 Navis
1841 4701 2009 4757 quam

431 4781 812 4837 conscendens
862 4789 1182 4854 tempestate
1217 4781 1456 4852 jactatus
1507 4787 1613 4844 est,
1655 4780 1839 4835 brevis
1893 4780 2010 4833 haec

433 4881 519 4928 est
571 4888 636 4928 ac
668 4888 885 4928 morosa
932 4874 1221 4944 prmsentis
1263 4873 1524 4944 temporis
1559 4873 1706 4941 vita;
1749 4881 2008 4944 tanquam

435 4965 694 5019 nimirum
726 4972 1040 5020 nostrarum
1088 4955 1272 5020 rerum
1303 4974 1514 5021 mutato
1547 4973 1719 5029 statu,
1749 4980 1813 5020 ac
1855 4965 1949 5036 qui
1980 4979 2012 5018 a

437 5056 717 5122 felicitate,
751 5065 979 5128 tutaque
1027 5058 1121 5112 illa
1163 5074 1194 5113 a
1225 5059 1484 5129 periculis
1526 5060 1659 5124 vita,
1706 5058 1772 5113 ad
1820 5060 2015 5114 turbu-

436 5148 638 5203 lentam
668 5164 734 5204 ac
759 5149 1070 5206 instabilem
1098 5148 1248 5205 hanc
1281 5150 1449 5206 veluti
1480 5165 1510 5204 a
1535 5159 1679 5206 terra
1703 5151 1758 5205 in
1787 5152 2016 5206 navicu-

519 5302 816 5373 "Joan.1,
859 5306 948 5362 18.
1052 5307 1097 5338 ⁹⁷
1127 5303 1282 5360 Rom.
1314 5322 1426 5371 xw,
1464 5305 1518 5361 9.

513 5459 591 5531 (6)
617 5458 750 5515 Cum
779 5461 972 5531 inquit,
1003 5462 1291 5517 humanum
1311 5478 1520 5533 corpus.
1549 5459 1672 5515 Ὅτι
1706 5459 1800 5533 [εἰ]
1832 5463 2022 5584 inﬁgo—

513 5549 620 5584 oov.
653 5530 771 5584 Non
820 5532 983 5584 habet
1012 5532 1179 5584 Sirm.
1206 5533 1290 5584 τὸ.
1325 5533 1394 5584 εἰ.
1426 5540 1482 5584 et
1516 5533 1782 5584 impressa
1819 5532 1885 5584 lia
1960 5537 2020 5584 nt

440 5548 620 5603 τερον.
653 5532 771 5585 Non
820 5532 983 5587 habet
1012 5532 1179 5612 Sirm.
1206 5533 1290 5596 τὸ,
1325 5532 1482 5596 εῐ,⁷ει
1516 5532 1797 5600 impressa
1819 5532 2020 5587 habent

441 5603 714 5683 clausum.
751 5601 1229 5683 Scbotto‘y‘idetur
1255 5603 1542 5674 legendum
1576 5602 1633 5683 ἦ,
1667 5611 1890 5683 propter
1923 5617 2012 5656 se-

441 5689 639 5753 quens,
687 5673 884 5753 inquit.
915 5672 948 5744 ἢ
976 5672 1157 5753 δῇλογ·
1191 5672 1353 5753 quem
1387 5683 1568 5753 tamen
1603 5672 1741 5753 inde
1772 5672 2010 5753 sensum

442 5743 627 5800 eliciat
657 5753 710 5801 et
741 5743 889 5813 velit,
937 5743 1070 5798 mihi
1100 5743 1385 5815 bactenus
1418 5745 1844 5814 imperspectum
1887 5750 2011 5813 est;

2583 3937 2875 3994 Μεθοδιου
2908 3934 3210 4005 Πατάρων.

2186 4035 2265 4088 A'.
2308 4032 2558 4105 Περιέχει
2603 4030 2659 4084 δὲ
2698 4030 2793 4082 καὶ
2847 4028 2988 4100 μέγα
3025 4029 3318 4100 μυστήριον
3360 4030 3393 4100 ἡ
3431 4027 3574 4082 κατὰ
3600 4025 3688 4079 τὸν

2129 4130 2312 4184 Ἰωνᾶν
2358 4123 2586 4198 ἱστορία.
2616 4125 2799 4178 Ἐοικε
2826 4123 2936 4194 γὰρ
2981 4122 3042 4175 τὸ
3081 4123 3177 4191 μὲν
3207 4122 3373 4192 κῆτος
3401 4122 3634 4178 νοεῖσθαι
3659 4121 3689 4175 ὁ

2115 4224 2323 4296 χρόνος,
2353 4221 2447 4274 ἀτε
2485 4218 2749 4290 μηδέποτε
2780 4215 2969 4281 ἑστὼς,
2999 4214 3135 4268 ἀλλά
3177 4216 3543 4286 πορευόμενος
3581 4213 3687 4280 ἀεὶ,

2117 4317 2209 4370 καὶ
2237 4311 2626 4368 καταδαπανῶν
2650 4310 2717 4363 τὰ
2741 4312 3050 4380 γεννώμενα
3089 4312 3318 4381 μακροῖς
3347 4327 3406 4362 τε
3437 4309 3534 4363 καὶ
3561 4308 3690 4380 βρα-

2116 4409 2361 4480 χυτέροις
2387 4407 2766 4476 διαστήμασιν.
2785 4404 2842 4456 ὐ
2861 4404 2917 4455 δὲ
2947 4401 3160 4471 φεύγων
3191 4402 3370 4465 Ἰωνᾶς
3392 4400 3500 4454 ἀπὸ
3525 4415 3692 4470 προσ-

2115 4500 2265 4555 ὠπου
2305 4498 2399 4552 τοῦ
2447 4497 2605 4561 Θεοῦ,
2629 4497 2788 4560 αὐτὸς
2829 4497 3032 4558 ἐκεῖνος
3079 4497 3108 4548 ὁ
3145 4493 3360 4565 πρῶτος
3406 4492 3688 4564 ἄνθρωπος

2115 4592 2387 4663 ἀθετήσας
2447 4590 2543 4661 τὴν
2592 4589 2814 4660 ἐντολὴν
2861 4587 3058 4658 ἔφυγεν
3107 4586 3410 4658 ἀφθαρσίας
3439 4585 3688 4656 ’ὀφθῆναι

2116 4683 2343 4754 γυμνὸς,
2372 4681 2470 4754 τὴν
2499 4683 2635 4754 πρὸς
2663 4681 2725 4734 τὸ
2752 4681 2904 4734 Θείον
2934 4681 3038 4733 ὑπὸ
3063 4680 3160 4750 τῆς
3183 4678 3455 4750 ἁμαρτίας
3477 4678 3626 4749 παρρ
3637 4693 3690 4746 q-

2119 4778 2238 4830 σίαν
2269 4776 2642 4848 ἀφῃρημένος.
2671 4775 2744 4828 Τὸ
2786 4775 2843 4827 δὲ
2873 4773 3054 4826 πλοῖον
3083 4775 3161 4835 εἱς
3190 4772 3218 4825 ὃ
3247 4772 3442 4835 ἐπιϐὰς
3473 4769 3692 4840 ὲχειμά-

2117 4869 2311 4942 ζετο,ὴ
2335 4869 2475 4923 κατά
2493 4869 2582 4922 τὸν
2605 4867 2846 4939 παρόντα
2870 4866 3055 4938 καιρὸν
3073 4863 3365 4936 βραχύϐιός
3382 4865 3528 4916 ἐστιν
3556 4860 3690 4928 αὕτη

2118 4967 2213 5021 καὶ
2243 4967 2570 5038 δυσάρεστος
2601 4963 2712 5036 ζωή
2730 4981 2742 4994 ·
2774 4957 2884 5018 οἷον
2911 4961 3222 5033 τραπέντων
3250 4958 3428 5031 ἡμῶν,
3445 4959 3539 5014 καὶ
3566 4973 3692 5026 μετ-

2120 5059 2565 5114 αναστευσάντων
2609 5057 2717 5110 ἀπὸ
2761 5055 2861 5126 τῆς
2927 5053 3326 5126 μακαριότητος
3358 5051 3573 5118 ἐκείνης
3605 5047 3694 5101 καὶ

2122 5152 2405 5206 ἀκινδύνου
2450 5151 2595 5222 ζωῆς
2637 5151 2718 5214 εἰς
2762 5150 2854 5204 τὸν
2899 5146 3460 5219 πολυχειμαστότατον
3510 5140 3698 5195 τοῦτον

2128 5461 2332 5530 alioqui
2364 5459 2512 5513 clara
2558 5459 2764 5521 littera,
2809 5459 2924 5514 sive
2971 5459 3102 5514 illud
3128 5460 3176 5512 el
3216 5460 3552 5530 retineatur,
3583 5455 3692 5530 sive

2126 5524 2280 5584 non':
2313 5545 2421 5599 quo
2467 5541 2645 5584 tamen
2696 5532 2902 5585 omisso
2927 5572 2942 5596 ,
2984 5542 3131 5599 esset
3183 5529 3555 5586 subnectcuda
3595 5524 3692 5599 τῷ,

2127 5601 2262 5672 πῶς,
2294 5596 2562 5672 particula
2601 5600 2680 5672 δέ,
2715 5609 2809 5654 aut
2844 5601 3058 5656 similis.
3093 5598 3436 5672 Postremum
3474 5596 3691 5672 veroj,

2123 5666 2311 5745 liquet'
2334 5670 2712 5745 accipiendum
2755 5672 3163 5744 interrogative,
3220 5671 3464 5742 solvique
3505 5683 3575 5726 eo
3610 5666 3687 5721 iuo

2122 5742 2340 5799 ductam
2369 5741 2782 5799 dubitationem.
