3864 6162
221 269 327 323 3‘29

1302 267 1394 321 ΕΚ
1434 267 1634 324 LIBRO
1664 268 1748 323 DE
1788 267 2390 325 RESURRECTIONE.
3335 266 3449 329 ὅτ’

219 385 338 457 βίον
372 385 466 438 καὶ
505 385 895 449 ἀκατάστατον,
919 384 1167 453 καθάπερ
1194 385 1300 437 ἀπὸ
1328 385 1432 455 γῆς
1465 388 1544 450 είς
1577 388 1775 440 πλοῖον.

1890 385 1990 438 lam
2019 384 2578 455 eommigraverimus.
2609 383 2765 451 Quod
2789 385 2934 440 enim
2965 394 3111 440 terra
3142 383 3211 440 ad
3236 387 3442 454 navim,

226 481 294 530 Ὃ
312 479 420 548 γὰρ
448 477 628 530 πλοῖον
651 477 785 546 πρὸς
812 476 935 546 γῆν,
957 475 1112 528 τοῦτο
1133 479 1160 528 6
1189 477 1376 546 παρὼν
1399 477 1518 548 ,βίος
1541 478 1676 548 πρὸς
1698 478 1787 531 τὸν

218 570 502 623 ἀθάνατον.
520 570 578 622 ’0
615 569 671 622 δὲ
705 570 909 640 χειμὼν
949 569 1042 622 καὶ
1074 571 1129 623 αἰ
1159 569 1634 639 ἐπισυνιστάμεναι
1663 567 1787 622 καθ’

219 661 377 730 ἡμῶν
403 660 663 723 λαίλαπες
685 661 818 712 είσὶν
839 662 886 712 οἰ
914 660 1145 713 ἐνταῦθα
1173 659 1465 730 πειρασμοί
1485 677 1498 689 ·
1521 659 1708 731 ὥσπερ
1731 662 1788 713 ἐν

218 751 451 805 κλύδωνι
494 750 575 822 τῷ
613 751 820 822 κόσμῳ,
849 750 1068 815 ἀλύπως
1111 751 1509 823 εὐθυδρομῆσαι
1541 753 1630 804 τὸν
1675 752 1788 822 βίον

217 843 370 912 ἡμᾶς
401 842 460 893 ἐν
486 840 687 913 γαλήνῃ
705 842 799 893 καὶ
825 841 1054 912 νηνεμίᾳ
1072 841 1255 895 κακῶν
1283 841 1356 913 μὴ
1380 843 1784 913 ἐπιτρέποντες.

226 929 294 983 Ἦ
325 929 385 980 δὲ
415 928 522 981 ἀπὸ
552 927 645 981 τοῦ
675 928 860 981 πλοίου
891 931 970 992 εἰς
1004 930 1102 1000 τὴν
1143 929 1416 984 Θάλασσαν
1453 933 1666 1003 ἔκριψις
1694 934 1788 988 τοῦ

231 1019 390 1072 Ἰωνᾶ
413 1018 746 1091 γεγενημένη
777 1019 874 1091 τὴν
903 1020 1010 1072 ἀπὸ
1035 1019 1128 1072 τοῦ
1161 1018 1260 1090 ζῇν
1282 1021 1360 1083 εἰς
1382 1021 1443 1073 τὸ
1469 1022 1787 1095 τελευτῆσαι

217 1108 313 1160 τοῦ
349 1109 772 1180 πρωτοπλάστου
796 1111 945 1180 δηλοῖ
967 1111 1328 1180 μετάπτωσιν,
1355 1113 1680 1182 ἀποφάσεως
1705 1132 1790 1168 τυ-

217 1200 426 1267 χόντος,
458 1199 575 1253 ἀνθ’
603 1195 678 1254 ὧν
718 1203 1036 1274 ἁμαρτήσας
1064 1203 1273 1274 ἀπέδρα
1301 1204 1399 1274 τῆς
1427 1204 1786 1278 δικαιοσύνης,

215 1287 304 1353 τὸ,
334 1285 422 1356 Γῆ
450 1286 628 1344 εἶκαὶ
653 1295 737 1357 εἰς
772 1291 890 1362 γῆν
919 1294 1246 1362 ἁπελεύσῃ.
1285 1295 1360 1348 Τὸ
1390 1295 1446 1348 δὲ
1478 1298 1787 1369 καταποθῆ-

217 1395 308 1432 ναι
335 1381 497 1434 αὑτὸν
521 1381 626 1434 ὑπὸ
652 1382 744 1436 τοῦ
776 1384 993 1456 κήτους,
1017 1384 1116 1456 τὴν
1159 1386 1264 1438 ὑπὸ
1291 1386 1384 1440 τοῦ
1411 1388 1601 1459 χρόνου
1637 1393 1791 1458 γεγε-

216 1488 285 1540 νη
293 1472 463 1543 μένην
505 1473 878 1545 ἀπαραίτητον
922 1475 1076 1546 ἡμῶν
1103 1477 1250 1549 δηλοί
1275 1479 1570 1551 ἀναίρεσιν.
1589 1481 1652 1533 Ἠ
1683 1480 1789 1554 γάρ

219 1560 418 1623 κοιλία,
453 1562 543 1630 ὑφ’
575 1558 642 1633 ἦς
672 1564 946 1636 ὲκαλύφθη
976 1569 1302 1632 καταποθεὶς
1326 1572 1354 1622 6
1382 1573 1632 1642 Ἰωνᾶς,ὴ
1658 1589 1789 1624 παν-

219 1651 438 1720 τοδόχος
465 1653 583 1706 ἐστὶ
621 1655 711 1726 γῆ,
743 1657 809 1709 τὰ
831 1656 945 1740 -ὑπρ
971 1656 1064 1710 τοῦ
1092 1661 1283 1730 χρόνου
1320 1661 1673 1733 δαπανώμενα
1704 1663 1788 1716 δε-

217 1743 448 1812 χομένη.

290 1833 366 1887 B'.
409 1833 673 1906 Καθάπερ
720 1831 812 1890 οὖν
853 1838 1054 1905 Ἰωνᾶς,
1085 1840 1143 1893 ὲν
1173 1844 1238 1914 τῇ
1269 1842 1444 1913 κοιλίᾳ
1465 1842 1559 1895 τοῦ
1592 1845 1787 1916 κήτους

218 1926 372 1994 τρεῖς
401 1925 612 1997 ἡμέρας
645 1927 984 2000 ἐνδιατρίψας
1014 1931 1108 1986 καὶ
1137 1931 1335 1995 νύκτας
1373 1934 1658 2003 τοσαύτας,
1688 1932 1785 1990 αὖ-

217 2015 303 2082 θις
338 2017 495 2088 ὑγιὴς
542 2020 807 2099 ἀπεδόθηο
839 2021 982 2076 οὕτω
1023 2023 1080 2076 δὲ
1124 2026 1217 2078 καὶ
1259 2026 1480 2092 πάντες,
1515 2019 1612 2092 τάξ
1641 2032 1787 2100 τρεῖς

217 2107 316 2160 τοῦ
339 2109 602 2180 παρόντος
622 2111 816 2176 αἰῶνος
839 2113 1145 2180 διαστάσεις
1169 2118 1492 2186 ποιήσαντες
1521 2121 1577 2172 ἐν
1601 2123 1666 2192 τῇ
1693 2125 1785 2193 γῇ,

217 2197 396 2269 ἀρχὴν
429 2199 590 2268 λέγω,
626 2204 718 2256 καὶ
745 2205 1014 2276 μεσότητα
1041 2208 1136 2260 καὶ
1168 2208 1337 2273 τέλος,
1365 2211 1424 2276 ἐξ
1464 2204 1539 2264 ὧν
1572 2213 1789 2282 σύγκει-

217 2303 310 2340 ται
345 2289 454 2351 πᾶς
478 2284 630 2355 οὗτος
668 2293 699 2345 6
739 2291 931 2366 ’παρὼν
953 2297 1159 2368 χρόνος,
1191 2299 1622 2373 ἀναστησόμεθα.
1652 2295 1789 2376 Τρία

218 2377 332 2452 γὰρ
375 2382 635 2437 καθολικά
676 2386 866 2457 χρόνου
907 2387 1262 2461 διαστήματα,
1297 2395 1662 2465 παρῳχηκὼς,
1696 2398 1788 2450 καὶ

221 2471 458 2540 μέλλων,
490 2477 584 2528 καὶ
611 2476 818 2547 παρών.
857 2481 967 2532 Καὶ
997 2481 1084 2534 διά
1113 2481 1268 2535 τοῦτο
1299 2485 1392 2537 καὶ
1425 2487 1454 2537 6
1478 2485 1679 2557 Κύριος
1702 2506 1791 2542 το-

224 2563 430 2628 σαύτας
460 2566 671 2638 ἡμέρας
696 2569 1034 2640 συμϐολικῶς
1061 2573 1290 2644 ποιήσας
1320 2577 1378 2628 ὲν
1396 2578 1461 2647 τῇ
1490 2579 1559 2648 γῇ
1587 2578 1788 2646 ἐδίδαξε

223 2656 442 2725 σαφῶς,
492 2660 594 2724 ὅτι,
640 2661 1028 2732 πληρωθέντων
1075 2665 1184 2719 τῶν
1235 2668 1644 2738 προειρημένων
1694 2670 1788 2724 τοῦ

220 2747 412 2816 χρόνου
457 2749 856 2822 διαστημάτων,
894 2754 1043 2809 ἔσται
1087 2759 1240 2828 ἡμῶν
1275 2761 1308 2830 ἡ
1347 2760 1660 2826 ἀνάστασις,
1694 2762 1788 2816 τοῦ

221 2837 511 2907 μέλλοντος
561 2843 662 2913 μὲν
708 2845 849 2918 ἀρχὴ
891 2847 1083 2912 αἰῶνος
1130 2850 1465 2922 ὑπάρχουσα,
1494 2854 1684 2907 τούτου
1732 2855 1788 2910 δὲ

222 2928 395 2992 τέλος.
414 2931 501 2984 Ἐν
534 2933 689 2987 αἰῶνι
713 2936 820 3009 γάρ
851 2937 973 2991 οὔτε
1005 2939 1300 3013 παρῴχηκέ
1330 2960 1404 3009 τι,
1434 2943 1555 2998 οὔτε
1584 2946 1786 3015 μέλλει,

223 3017 363 3070 ἀλλά
394 3021 549 3089 μόνον
574 3022 1024 3096 ὑφέστηκεν.”Ετι
1048 3032 1074 3082 6
1099 3033 1300 3097 Ἰωνᾶς,
1326 3034 1383 3086 ὲν
1408 3038 1473 3106 τῇ
1498 3037 1673 3108 κοιλίᾳ
1694 3037 1788 3091 τοῦ

223 3112 426 3182 κήτους
454 3118 601 3186 τρεῖς
631 3119 842 3190 ἡμέρας
875 3123 968 3175 καὶ
1011 3127 1157 3196 τρεῖς
1198 3125 1398 3191 νύκτας
1436 3130 1688 3201 ποιήσας,
1728 3132 1788 3184 οὑ

221 3204 560 3277 κατεφθάρη,
594 3213 1000 3282 συντηκομένων
1045 3215 1190 3286 αὐτῷ
1234 3217 1344 3270 τῶν
1391 3221 1606 3292 σαρκῶν
1649 3222 1791 3276 κατὰ

220 3297 324 3364 τὴν
356 3295 411 3346 ἐν
444 3300 507 3368 τῇ
538 3299 714 3372 κοιλία
750 3304 1046 3376 γενομένην
1093 3311 1325 3382 φυσικὴν
1360 3313 1520 3384 σῆψιν
1542 3314 1651 3368 τῶν
1678 3318 1791 3369 εἰσ·

217 3386 544 3456 φερομένων
586 3390 888 3462 βρωμάτων
933 3396 1020 3450 διὰ
1069 3399 1170 3471 τὴν
1201 3401 1420 3457 πλείονα
1461 3406 1520 3458 ὲν
1559 3410 1673 3470 τοῖς
1711 3409 1791 3461 ὲν-

218 3476 406 3569 ὑδροις
436 3477 759 3551 θερμότητα,
780 3485 867 3539 ἵνα
893 3486 1098 3561 δειχθῇ,
1125 3491 1204 3544 ὅτι
1227 3492 1448 3548 δύναται
1476 3493 1611 3550 εἶναι
1635 3499 1789 3569 ἡμῶν

218 3567 294 3620 τὰ
337 3568 561 3640 σώματα
588 3575 758 3628 ταῦτα
791 3577 1090 3651 ἀνώλεθρα.
1119 3583 1247 3638 Νόει
1273 3586 1380 3658 γάρ
1428 3605 1516 3657 μοι
1538 3589 1629 3642 τὸν
1658 3567 1788 3645 ῧεὸν

217 3658 326 3722 τὰς
361 3659 458 3749 μὲν
491 3663 565 3727 ὡς
592 3664 699 3718 ἀπὸ
726 3667 925 3738 χρυσοῦ
948 3677 1458 3746 κατεσκευασμένας
1489 3677 1630 3749 ἔχειν
1655 3680 1790 3734 εἰκό-

188 3766 322 3816 ⁸νας
346 3743 667 3808 Samniti-n6
699 3757 799 3827 τῆς
841 3764 1212 3834 πνευματικῆς
1260 3743 1649 3842 καθαρωτέρας
1695 3773 1787 3826 ού-

219 3837 651 3933 σίαςέοντοὺς
676 3849 934 3917 ἀγγέλους
955 3869 969 3882 ο
1003 3852 1102 3917 τὰς
1126 3854 1181 3906 δὲ
1208 3837 1532 3928 ὥσπερ-ἀπὸ
1549 3837 1725 3931 γύψου
1753 3863 1785 3933 ἢ

479 3932 590 3989 οἷον
617 3939 785 4009 ἡμᾶς.
821 3940 910 4012 Τῷ
939 3945 1112 4016 γηΐνῳ
1135 3945 1245 4018 γὰρ
1282 3949 1381 4018 τὴν
1410 3949 1584 4023 ψυχὴν
1611 3931 1786 4023 ’ήνωσε

216 4017 323 4089 τὴν
349 4023 468 4074 κατ’
501 4024 684 4078 εἰκόνα
734 4025 868 4082 Θεοῦ
915 4017 1434 4107 γεγενημένην.
1611 4017 1789 4106 πάσας

218 4109 457 4206 ἐνταύθα
484 4113 577 4206 τού
606 4115 868 4185 βασιλέως
891 4123 990 4186 τάς
1028 4125 1241 4191 εἰκόνας
1266 4131 1525 4200 τιμᾶσθαι
1552 4133 1657 4206 χρὴ
1701 4135 1790 4189 διὰ

217 4201 324 4272 τὴν
353 4203 413 4255 ὲν
442 4199 630 4271 αὐταῖς
664 4211 894 4282 μορφὴν,
923 4214 1064 4268 οὕτω
1088 4216 1151 4289 δὴ
1178 4220 1269 4272 καὶ⁵
1295 4199 1440 4291 ἡμᾶς
1478 4199 1788 4280 ἀνένδεκτόν

221 4292 340 4346 ἐστι
371 4294 506 4388 βεοῦ
536 4300 746 4363 εἰκόνας
767 4304 1106 4376 ὑπάρχοντας
1128 4311 1263 4383 πρὸς
1283 4313 1553 4369 ἀπώλειαν
1575 4317 1651 4382 ὡς
1678 4320 1790 4388 ἠτι-

1889 475 1992 530 hoc
2019 491 2259 547 praesens
2298 476 2409 531 vita
2435 484 2540 542 est,
2575 477 2622 532 si
2659 485 3004 548 comparetur
3045 493 3170 532 cum
3209 478 3301 532 illa
3335 479 3439 532 im-

1887 567 2126 624 mortali.
2155 568 2472 639 Tempestas
2505 575 2685 624 autem
2731 584 2796 623 ac
2840 571 3085 648 turbines
3115 570 3299 625 navim
3334 585 3440 625 un-

1887 657 2050 728 dique
2078 667 2530 729 conquassantes,
2567 661 2893 716 tentationes
2922 668 3070 728 sunt,
3101 676 3223 732 quae
3248 661 3304 716 in
3333 661 3438 715 hoc

1889 743 2113 809 mundo,
2151 754 2406 816 tanquam
2453 746 2508 800 in
2552 755 2789 803 aestuoso
2831 763 2896 802 ac
2921 749 3232 804 turbulento
3278 752 3437 816 mari,

1887 839 2098 888 rectum
2127 849 2229 890 nos
2254 836 2378 890 vitae
2405 850 2627 891 cursum
2660 836 2849 894 faciles
2879 847 3084 904 tenere,
3119 842 3440 912 tranquillo-

1887 939 1995 994 que
2022 938 2054 977 a
2081 925 2240 981 malis
2283 933 2401 980 tum
2441 941 2678 996 aequore,
2715 940 2826 983 tum
2877 931 3017 985 ccelo
3044 932 3280 1002 gaudere
3330 949 3440 990 non

1890 1014 2097 1070 sinunt.
2137 1013 2286 1083 Jonas
2334 1015 2391 1070 in
2433 1032 2583 1072 mare
2621 1018 2995 1090 praecipitatio,
3050 1024 3373 1093 protoplasti
3413 1041 3444 1078 a

1888 1102 1998 1157 vita
2026 1104 2082 1157 in
2125 1111 2352 1159 mortem
2391 1104 2603 1174 lapsum
2631 1106 2880 1177 designat
2906 1124 2919 1160 :
2953 1110 3047 1180 qui
3077 1111 3283 1167 idcirco
3313 1113 3441 1183 quia

1889 1194 2163 1264 peccando
2197 1210 2225 1248 a
2264 1196 2476 1265 justitia
2515 1197 2751 1265 deﬂexit,
2789 1199 2936 1254 illam
2966 1204 3180 1274 excepit
3221 1210 3443 1262 senten-

1888 1287 2018 1339 tiam
2047 1305 2060 1340 :
2089 1285 2251 1341 Terra
2279 1304 2333 1341 es
2368 1297 2418 1341 et
2455 1289 2510 1341 in
2537 1298 2730 1343 terram
2761 1293 3030 1348 reverteris
3050 1293 3115 1348 ⁸⁸.
3151 1294 3326 1365 Ipsius
3349 1312 3442 1352 au-

1889 1383 1997 1430 tem
2030 1392 2058 1430 a
2091 1385 2211 1433 ceto
2253 1379 2529 1450 absorptio
2561 1381 2833 1451 signiﬁcat
2872 1383 3239 1443 inevitabilem
3289 1388 3438 1444 illam

1889 1463 2084 1530 nostri,
2113 1479 2235 1534 quae
2271 1480 2302 1519 a
2331 1476 2570 1538 tempore
2607 1469 2688 1533 ﬁt,
2719 1471 3123 1530 demolitionem
3167 1491 3232 1532 ac
3274 1477 3450 1535 inter--

1890 1550 2060 1620 itum;
2095 1563 2282 1610 venter
2309 1556 2453 1612 enim
2484 1572 2593 1628 quo
2616 1559 2904 1631 absorptus
2946 1561 3113 1620 Jonas
3138 1567 3440 1624 absconsus

1889 1645 1994 1703 est,
2027 1649 2184 1696 terrae
2210 1650 2294 1698 est
2329 1645 2574 1700 omnium
2606 1657 2894 1720 susceptor
2933 1653 3108 1720 sinus,
3151 1671 3261 1726 quo
3299 1673 3438 1715 con-

1816 1730 1865 1792 B
1889 1727 2086 1784 dantur
2112 1742 2452 1805 quaecunque
2483 1737 2622 1792 edax
2659 1746 2872 1809 tempus
2899 1745 3192 1800 consumit.

1955 1817 2018 1874 ll.
2051 1819 2512 1886 Quemadmodum
2542 1826 2705 1898 igitur
2722 1829 2889 1888 Jonas
2917 1833 2972 1887 in
3004 1843 3191 1892 ventre
3204 1839 3310 1894 ceti
3329 1845 3445 1896 tres

1887 1913 2004 1970 dies
2033 1923 2087 1970 et
2133 1917 2357 1972 totidem
2400 1928 2588 1976 noctes
2627 1934 3017 1992 commoratus,
3056 1944 3248 1988 rursus
3277 1946 3445 1990 sanus

1888 2004 2012 2059 inde
2043 2019 2107 2059 ac
2146 2005 2356 2078 integer
2397 2009 2599 2077 evasit;
2641 2011 2722 2066 sic
2747 2019 2801 2067 et
2845 2029 3035 2071 omnes
3083 2017 3175 2072 ubi
3204 2018 3307 2074 tria
3345 2023 3447 2077 aevi

1887 2097 2172 2169 ιιηεεεηιίε
2197 2100 2477 2155 intervalla
2521 2100 2868 2174 (principium
2915 2107 3160 2172 scilicet,
3205 2112 3443 2168 medium

1887 2205 1954 2244 ac
1991 2190 2172 2253 ﬁnem,
2207 2191 2406 2261 quibus
2447 2207 2686 2262 praesens
2730 2195 2832 2250 hoc
2866 2206 3077 2268 tempus
3112 2215 3270 2257 omne
3314 2217 3446 2260 con-

1889 2281 2017 2350 stat)
2059 2279 2162 2335 sub
2209 2290 2350 2336 terra
2383 2284 2678 2352 egerimus,
2716 2298 3082 2356 resurgemus.
3129 2286 3190 2344 In
3220 2291 3444 2349 univer-

1889 2386 2008 2426 sum
2032 2372 2177 2426 enim
2200 2373 2301 2427 tria
2331 2381 2456 2429 sunt
2473 2365 2728 2446 temporis
2758 2376 3059 2444 intervalla,
3090 2384 3443 2451 praeteritum,

1888 2463 2152 2530 futurum,
2201 2474 2256 2521 et
2294 2482 2533 2536 prazsens
2568 2487 2581 2523 :
2629 2476 2849 2539 propter
2892 2472 3040 2542 quod
3078 2481 3134 2529 et
3183 2473 3445 2536 Dominus

1887 2557 2112 2614 totidem
2135 2557 2256 2613 dies
2295 2559 2349 2612 in
2379 2567 2525 2613 terra
2554 2571 2942 2627 commoratus,
2978 2562 3083 2618 hoc
3112 2567 3356 2636 symbolo
3381 2585 3446 2626 ac

1889 2648 2062 2719 ﬁgura
2089 2649 2376 2706 manifeste
2417 2665 2519 2706 nos
2548 2651 2754 2717 docuit,
2786 2663 2910 2723 post
2949 2663 3140 2712 exacta
3185 2675 3306 2729 qua:
3332 2660 3447 2716 dixi

1889 2741 2150 2811 temporis
2180 2742 2373 2812 spatia,
2408 2753 2651 2798 nostram
2683 2744 2799 2800 fore
2827 2749 3297 2819 resurrectionem,
3325 2768 3447 2824 quae

1890 2830 2056 2886 futuri
2078 2834 2264 2888 saeculi
2291 2835 2521 2899 initium,
2553 2835 2715 2906 hujus
2744 2835 2868 2893 ﬁnis
2891 2841 3137 2896 exsistat.
3162 2841 3221 2897 In
3246 2847 3446 2899 saeculo

1889 2926 2033 2980 enim
2063 2926 2157 2980 illo
2194 2942 2370 2996 neque
2410 2929 2670 2998 praateriit
2719 2929 2947 2998 aliquid,
2985 2946 3162 3002 neque
3200 2932 3444 2989 futurum

1890 3023 1996 3083 est,
2031 3019 2126 3073 sed
2159 3033 2399 3088 praesens
2425 3018 2690 3090 duntaxat
2718 3021 2986 3076 consistit.
3029 3021 3196 3079 Jonas
3221 3024 3448 3095 insuper

1889 3110 2065 3165 tribus
2094 3110 2285 3166 diebus
2301 3117 2353 3166 et
2368 3111 2543 3166 tribus
2570 3112 2823 3168 noctibus
2845 3113 2900 3167 in
2927 3122 3115 3170 ventre
3135 3117 3238 3172 ceti
3263 3125 3448 3172 trans-

1890 3203 2051 3265 actis,
2096 3217 2204 3257 non
2248 3210 2332 3257 est
2360 3209 2671 3274 corruptus,
2696 3211 2790 3258 aut
2817 3205 2936 3274 ejus
2965 3217 3300 3278 consumptae
3327 3225 3449 3265 caro

1890 3307 2022 3359 nes;
2057 3291 2137 3345 uti
2169 3300 2395 3346 casteros
2449 3292 2601 3346 cibos
2627 3292 2685 3346 in
2725 3300 2970 3348 ventrem
3015 3295 3122 3350 ceti
3170 3296 3448 3354 immissos

1889 3381 2123 3438 naturali
2170 3383 2518 3453 corruptione
2562 3385 2834 3439 consumit
2881 3385 3186 3457 digeritque
3247 3387 3443 3444 bellua;

1889 3471 2113 3548 marinae
2141 3473 2352 3526 auctior
2376 3472 2589 3528 nativus
2619 3473 2805 3528 calor:
2827 3474 2893 3530 ad
2925 3475 3309 3532 declarandum
3331 3478 3447 3534 ﬁeri

1889 3578 2072 3632 posse,
2103 3571 2162 3617 ut
2191 3571 2245 3618 et
2274 3573 2461 3619 nostra
2490 3563 2602 3619 haec
2622 3578 2852 3635 corpora
2882 3567 3164 3637 superiora
3193 3566 3445 3632 evadant,

1889 3669 2051 3725 quam
2081 3665 2142 3712 ut
2172 3673 2409 3728 unquam
2445 3657 2731 3712 intereant.
2761 3657 2948 3728 Cogita
2977 3660 3144 3725 enim,
3175 3659 3341 3715 Deum
3371 3662 3450 3716 di-

1890 3763 2076 3806 versas
2115 3751 2199 3805 sui
2230 3748 2429 3804 habere
2457 3749 2740 3820 imagines,
2776 3750 2911 3806 alias
2939 3751 3155 3820 quidem
3182 3753 3349 3808 veluti
3377 3769 3443 3808 ex

1890 3855 2025 3894 auro
2055 3839 2366 3906 fabricatas,
2399 3856 2521 3911 quae
2547 3841 2758 3896 scilicet
2785 3854 2849 3894 ex
2883 3842 3114 3911 Spiritali
3143 3857 3206 3897 ae
3237 3844 3445 3914 puriori

1890 3931 2194 3986 substantia
2224 3931 2551 3997 consistant,
2597 3932 2675 3986 uti
2721 3933 2978 4003 angelos:
3021 3934 3158 3990 alias
3201 3949 3332 3990 vero
3377 3951 3440 3990 ex

1888 4035 2056 4092 gypso
2080 4022 2165 4076 vel
2191 4036 2318 4088 aere,
2357 4023 2433 4076 uti
2466 4022 2733 4078 homines.
2763 4023 3013 4077 Animam
3043 4025 3188 4078 enim
3217 4039 3338 4095 qua:
3378 4024 3447 4079 ad

1889 4111 1982 4168 Dei
2015 4114 2302 4185 imaginem
2336 4115 2552 4170 condita
2596 4118 2690 4183 sit,
2723 4125 2952 4173 terrenae
2991 4117 3308 4173 substantiae
3351 4134 3448 4173 co-

1887 4205 2111 4275 pulavit.
2139 4205 2216 4278 (7)
2241 4205 2393 4260 Sicut
2429 4206 2595 4277 igitur
2623 4207 2710 4262 hic
2739 4210 2882 4277 regis
2926 4223 3118 4264 omnes
3157 4209 3443 4280 imagines,

1889 4305 2113 4368 propter
2160 4298 2279 4367 ejus
2303 4313 2411 4370 qua
2459 4307 2588 4354 sunt
2617 4299 2887 4371 insignitae
2907 4299 3156 4371 elIigiem,
3187 4301 3241 4354 in
3271 4302 3446 4371 pretio

222 4384 510 4478 μωμένους
552 4392 796 4462 χωρῆσαι
833 4399 1256 4471 παντελῆ.”’0οεν
1283 4405 1377 4457 καὶ
1408 4407 1672 4478 κατῆλθεν
1704 4384 1787 4474 εἰς

1891 4399 2018 4446 sunt
2065 4405 2131 4444 ac
2179 4389 2438 4446 honorem
2485 4391 2712 4460 habent;
2757 4393 2832 4446 ita
2885 4393 3108 4448 minime
3146 4391 3444 4463 putandum

218 4475 320 4571 τὴν
355 4477 480 4571 καθ’
504 4481 649 4550 ἡμᾶς
675 4486 996 4559 οἰκουμένην
1019 4493 1049 4544 6
1076 4493 1263 4560 Λόγος,
1286 4496 1381 4549 καὶ
1405 4475 1689 4571 ἐσαρκὼοη
1720 4502 1786 4554 ἐκ

219 4565 314 4620 τοῦ
345 4567 597 4639 σώματος
630 4575 803 4644 ἡμῶν,
826 4579 971 4643 ὅπως
1001 4583 1080 4644 εἰς
1111 4583 1172 4636 τὸ
1206 4565 1786 4660 θεοπρεπέστεροντὴν

218 4659 407 4714 εἰκόνα
432 4662 819 4732 ἐπισκευάσας,
853 4670 1100 4744 καθάπερ
1123 4675 1226 4728 ὑπὸ
1254 4678 1444 4748 χρόνου
1473 4659 1788 4752 διαλελυμέ-

220 4765 341 4844 νην,
370 4752 647 4826 ἀναστήσῃ
677 4756 993 4832 ἀνώλεθρον.
1025 4765 1136 4817 Καὶ
1157 4766 1285 4834 γοῦν
1309 4769 1407 4840 τὴν
1431 4771 1524 4823 ἐπὶ
1549 4770 1642 4824 τοῦ
1664 4790 1790 4844 προ-

221 4841 394 4936 ιρή-τικι
440 4849 828 4916 μυστηριωδῶς
878 4861 1441 4932 πεπραγματευμένην
1478 4841 1787 4936 οἰκονομίαν

217 4927 524 5000 δηλοῦντες,
562 4937 778 4992 ἅπαντα
821 4940 902 5004 εἰς
935 4942 1092 4997 τοῦτο
1118 4947 1415 5017 ἀναφανδὸν
1448 4952 1787 5008 συντείνοντα

217 5020 454 5095 εὕρομεν
481 5027 574 5080 τὸν
607 5027 779 5098 λόγον.

314 5356 361 5390 ⁸⁸
383 5355 512 5414 Gen.
541 5375 626 5423 ιιι,
657 5361 745 5417 19.

219 5559 386 5618 αλιι..

1891 4489 1996 4548 est,
2027 4497 2128 4538 nos
2156 4484 2250 4553 qui
2278 4481 2372 4539 Dei
2404 4483 2578 4556 imago
2611 4500 2802 4540 sumus
2829 4499 2894 4540 eo
2917 4500 3089 4555 usque
3118 4485 3453 4540 inhonoran~
3506 4512 3509 4513 ν

1890 4571 1990 4629 dos
2019 4589 2160 4639 esse,
2194 4582 2253 4630 ut
2281 4575 2498 4645 penitus
2521 4577 2692 4632 simus
2713 4576 2982 4632 abolendi.
3006 4574 3270 4641 Quocirca
3290 4576 3450 4630 etiam

1893 4669 2175 4727 descendit
2207 4668 2442 4725 Verbum
2463 4670 2518 4724 in
2547 4677 2796 4724 nostrum
2826 4669 2973 4723 hunc
3009 4667 3218 4731 orbem,
3250 4682 3315 4720 ac
3347 4667 3448 4720 hu-

1892 4777 2108 4817 manam
2143 4776 2363 4816 carnem
2394 4761 2710 4831 assumpsit,
2751 4766 2809 4814 ut
2851 4757 3112 4813 divinitus
3163 4756 3450 4826 imaginem

1892 4869 2245 4924 componens,
2281 4861 2536 4923 tanquam
2583 4860 2828 4922 tempore
2882 4849 3225 4912 dissolutam,
3269 4846 3454 4900 incor-

1891 4951 2106 5008 ruptam
2131 4943 2299 5008 illam,
2339 4951 2601 5014 extraque
2637 4955 2852 4997 omnem
2887 4939 3140 4995 interitus
3172 4937 3342 4992 aleam
3367 4953 3453 4991 re-

1894 5035 2206 5092 suscitaret.
2231 5033 2312 5090 Ac
2340 5049 2473 5090 sane
2503 5032 2763 5104 quidquid
2792 5033 3022 5101 mystica
3050 5025 3454 5098 dispensatione

1894 5127 1951 5181 in
1979 5126 2238 5197 propheta
2265 5135 2474 5202 gestum
2511 5133 2612 5190 est,
2657 5126 2704 5181 si
2738 5123 2968 5178 velimus
3009 5133 3301 5190 exponere,
3344 5118 3452 5172 huc

1893 5217 2180 5275 manifeste
2210 5217 2503 5273 collineare
2529 5215 2886 5271 inveniemus.

294 5490 370 5588 (-7)
401 5490 526 5548 Περί)
555 5494 808 5550 conferas
835 5497 995 5553 velim
1030 5513 1151 5552 cum
1178 5511 1430 5573 excerpto
1459 5517 1520 5558 ex
1554 5502 1609 5560 S.
1629 5503 1785 5562 Joan.
1813 5506 2088 5582 Damasc.,
2121 5523 2259 5571 orat.
2280 5517 2313 5570 5
2345 5516 2418 5570 De
2441 5517 2598 5588 imag.
2633 5517 2884 5586 superius
2944 5515 3114 5572 relato
3158 5513 3265 5569 col.
3320 5507 3450 5570 989.

423 5769 695 5832 Parnor.
731 5772 844 5835 Gn.
881 5771 1109 5835 XVlll.

365 5905 403 5944 0‘

3061 5788 3126 5845 11
