3864 6162
259 263 369 319 333

1458 255 1551 311 EX
1590 255 1794 313 LIBRO
1833 255 1922 312 DE
1961 253 2279 312 CREATIS.

3392 259 3497 314 εει

257 399 405 453 ρων,
440 381 518 447 ὡς
562 381 788 454 ὲρῤήθη’
823 382 858 452 ἦ
905 382 1112 444 τούτου,
1144 381 1220 446 ὡς
1259 381 1474 455 ἐλέχθη,
1515 384 1825 455 νοουμένου,

1932 382 2061 452 eipi,
2088 390 2148 436 ut
2171 380 2378 436 dictum
2423 385 2545 436 est:
2579 386 2672 435 aut
2701 378 2808 436 hoc
2839 380 2911 436 ita
2956 387 3178 452 accepto
3209 389 3268 436 ut
3306 391 3391 439 est
3416 384 3504 438 di-

260 476 475 545 ἀνάγκη
527 477 674 546 ἡμᾶς
722 474 919 543 λέγειν,
953 474 1028 538 ὡς
1071 474 1246 527 οὐδενὶ
1280 473 1389 526 τῶν
1431 474 1693 538 ἀπίστων,
1739 474 1834 540 οὓς

261 565 464 638 χοίροις
492 567 882 636 ἀπεικάζομεν,
915 565 978 617 ὲκ
1029 563 1136 618 τῶν
1169 564 1538 618 άποστολικῶν
1565 565 1830 636 διδαγμά-

257 675 388 723 των,
428 659 779 733 μαργαριτῶν
803 659 959 730 δίκην
986 658 1084 722 τὰς
1108 657 1284 728 ψυχὰς
1315 657 1831 728 καταυγαζὸντων,ή

257 753 340 816 εἰς
371 751 604 823 Χριστὸν
634 752 833 815 πίστις,
883 751 1044 820 καὶὴ
1091 749 1188 820 τῆς
1243 748 1493 811 ἀσεϐείας
1553 747 1833 821 ἐλευθερία

257 841 572 913 γεγένηται.
612 842 936 912 Βλάσφημον
967 841 1024 894 δὲ
1046 841 1220 894 τοῦτο.
1255 840 1500 912 Οὺκ’ἀρα
1525 840 1604 893 δεῖ
1624 857 1835 912 μαργα-

264 934 422 1005 ρίτας
457 933 556 1005 μὲν
603 935 670 988 τὰ
723 933 1098 1006 μυστικώτερα
1123 933 1229 987 τῶν
1259 931 1592 1003 μαθημάτων
1626 931 1835 1002 ἐκλαμο

263 1027 449 1080 ϐάνειν
482 1024 734 1090 ἐνταῦθα,
765 1026 978 1098 χοίρους
1026 1027 1082 1080 δὲ
1129 1028 1255 1090 τοὺς
1307 1025 1552 1088 ἀσεϐεῖς·
1600 1023 1834 1088 οὐδὲτὸ,

260 1118 362 1186 Μὴ
384 1118 617 1187 βάλητε
642 1120 782 1186 τοὺς
794 1121 1159 1190 μαργαρίτας
1174 1119 1694 1192 ὐμῶνξὲμπροσθεν
1719 1117 1837 1172 τῶν

263 1213 505 1282 χοίρων,
557 1214 638 1276 είς
686 1213 766 1281 τὸ,
791 1213 864 1285 μὴ
901 1212 1274 1284 παραϐάλλετε
1317 1215 1428 1276 τοῖς
1471 1211 1689 1266 ἀσεϐέσι
1741 1210 1836 1265 καὶ

261 1305 515 1368 ἀπίστοις
547 1305 615 1358 τὰ
646 1305 879 1375 μυστικὰ
903 1307 998 1358 καὶ
1029 1305 1334 1358 τελειοποιά
1372 1303 1471 1374 τῆς
1495 1306 1574 1368 είς
1605 1302 1836 1374 Χριστὸν

261 1395 499 1460 πίστεως
530 1396 1314 1468 διδάγματα,παραλαμ6ἀνειν
1335 1413 1350 1426 ⁸
1391 1394 1526 1450 ἀλλὰ
1570 1394 1838 1465 μαργαρί-

259 1502 361 1548 τας
410 1485 508 1556 μὲν
539 1486 640 1549 τάς
671 1484 869 1556 ἀρετάς
898 1484 1210 1556 ἐκδέχεσθαι
1239 1484 1366 1556 χρὴ,
1403 1478 1490 1544 αἷς
1517 1481 1705 1554 ὥσπερ
1736 1499 1836 1535 πο·-

259 1577 507 1648 λυτίμοις
539 1577 899 1649 μαργαρίταις
925 1579 956 1648 ή
983 1578 1128 1650 ψυχὴ
1153 1574 1577 1650 καθωραῖζεται·
1624 1575 1699 1647 μὴ
1735 1591 1838 1627 πα-

263 1669 519 1743 ραϐαλεῖν
550 1669 607 1723 δὲ
637 1670 834 1733 αὐτοὺς
864 1671 974 1732 τοῖς
1003 1668 1222 1741 χοίροις,
1257 1667 1522 1728 τουτέστι,
1561 1666 1634 1738 μὴ
1661 1683 1838 1737 παρα-

259 1762 445 1815 ϐαλεῖν
478 1761 650 1825 αὐτὰς
679 1761 778 1826 τὰς
807 1760 1026 1833 ἀρετάς,
1052 1754 1160 1813 οἷον
1178 1759 1418 1829 ἁγνείαν,
1441 1760 1536 1813 καὶ
1562 1756 1836 1828 σωφροσύ-

259 1870 380 1924 νην,
397 1854 493 1907 καὶ
519 1852 881 1923 δικαιοσύνην,
913 1853 1005 1906 καὶ
1025 1850 1299 1924 ἀλήθειαν,
1327 1850 1530 1914 ταύτας
1547 1849 1610 1921 δὴ
1639 1850 1712 1922 μὴ
1731 1866 1836 1904 πα-

261 1945 517 2018 ραϐαλεῖν
544 1947 660 2008 ταῖς
682 1943 991 2016 μαχλὼσαις
1008 1944 1222 2016 ἡδοναῖς
1260 1945 1484 2016 (χοίροις
1513 1945 1622 2016 γὰρ
1655 1943 1837 1998 ἐοίκα-

260 2053 349 2090 σιν
379 2032 585 2104 αὖται),
615 2038 706 2090 ῖνα
739 2037 832 2109 μὴ,
859 2037 957 2101 τάς
985 2037 1185 2109 ἀρετάς
1210 2033 1368 2092 αὗται
1402 2036 1832 2106 καταφαγοῦσαι,

257 2127 492 2200 χοιρὼδη
523 2127 633 2198 βίον
667 2131 760 2183 καὶ
788 2129 1072 2200 πολυπαθῆ
1102 2129 1200 2200 τὴν
1223 2129 1400 2201 ψυχὴν
1435 2129 1697 2200 βιοτεύειν
1729 2146 1834 2182 πα-

261 2219 700 2291 ρασκευάσωσιν.

331 2311 409 2364 B'.
446 2311 567 2364 Ὀτι
599 2311 629 2363 ὁ
666 2309 978 2382 Ὦριγένης,
1011 2312 1072 2366 ὃν
1118 2311 1413 2383 κένταυρον
1458 2301 1645 2376 καλεῖ,
1681 2310 1834 2380 ἔλεγε

257 2402 531 2456 συναῖδιον
565 2397 704 2456 εἶναι
745 2403 822 2474 τῷ
867 2404 1012 2474 μόνῳ
1054 2403 1203 2475 σοφῷ
1249 2404 1342 2457 καὶ
1382 2403 1672 2472 ἀπροσδεεῖ
1715 2403 1834 2475 Θεῷ

253 2494 322 2547 τὺ
347 2497 473 2550 πᾶν.
509 2495 753 2565 Ἔφασκε
787 2495 914 2566 γάρ·
961 2496 1024 2548 EE
1057 2474 1156 2550 οὐκ
1190 2495 1304 2549 ἐστι
1337 2496 1666 2568 δημιουργὸς
1705 2474 1832 2550 ἄνευ

252 2584 775 2658 δημιουργημάτων,
807 2587 838 2657 ἢ
877 2588 1104 2658 ποιητὴς
1153 2588 1282 2642 ἄνευ
1324 2588 1675 2659 ποιημάτων,
1711 2587 1833 2641 οὐδὲ

257 2678 657 2750 παντοκράτωρ
695 2679 821 2733 ἄνευ
861 2678 970 2733 τῶν
1015 2679 1414 2751 κρατουμένων·
1461 2679 1553 2732 τὸν
1600 2677 1707 2750 γάρ
1734 2679 1830 2748 δη-

255 2769 522 2842 μιουργὸν
561 2770 650 2824 διὰ
683 2771 751 2824 τὰ
803 2771 1261 2844 δημιουργήματα
1309 2770 1559 2842 ἀνάγκη,
1606 2771 1698 2824 καὶ
1739 2769 1831 2823 τὸν

253 2865 490 2933 ⁸ποιητὴν
520 2863 606 2916 διὰ
631 2863 700 2917 τά
723 2865 1024 2934 ποιήματα,
1057 2866 1150 2917 καὶ
1175 2864 1268 2917 τὸν
1297 2864 1706 2936 παντοκράτορα
1743 2862 1831 2917 διὰ

251 2957 328 3010 τὰ
359 2955 716 3036 ,κρατούμενα
764 2954 1051 3023 λέγεσθαι·
1103 2955 1316 3024 ἀνάγκη
1356 2955 1414 3023 ἐξ
1463 2955 1636 3026 ἀρχῆς
1691 2955 1831 3009 αὐτά

1866 1741 1909 1796 Β

252 3042 365 3096 ὑπὸ
393 3042 485 3138 τοῦ
514 3042 650 3096 Θεοῦ
685 3043 1030 3114 γεγενῆσθαι,
1065 3046 1159 3098 καὶ
1194 3045 1268 3116 μὴ
1311 3041 1450 3099 εἶναι
1493 3045 1702 3118 χρόνον,
1736 3045 1826 3099 ὅτε
1853 3081 1896 3138 C

251 3135 360 3188 οὐκ
404 3130 472 3206 ἦν
521 3135 710 3190 ταῦτα.
755 3137 818 3189 El
852 3135 960 3206 γὰρ
1007 3131 1076 3207 ἦν
1123 3137 1334 3208 χρόνος,
1383 3137 1471 3190 ὅτε
1515 3137 1617 3190 οὐκ
1661 3131 1729 3207 ἦν
1757 3135 1828 3190 τὰ

250 3228 560 3298 ποιήματα,
591 3228 712 3282 ἐπεὶ
738 3228 844 3281 τῶν
869 3229 1186 3299 ποιημάτων
1224 3227 1296 3298 μὴ
1327 3227 1514 3291 ὄντων,
1537 3227 1658 3280 οὐδὲ
1678 3244 1830 3296 ποιη-

247 3319 360 3390 τής
393 3321 558 3384 ἐστιν,
597 3320 698 3392 ὅρα
726 3315 835 3373 οἷον
867 3320 1061 3384 ἀσεϐὲς
1093 3319 1394 3373 ἀκολουθεῖ.
1430 3319 1592 3373 Ἀλλὰ
1613 3319 1708 3372 καὶ
1730 3317 1826 3372 ἀλ-

248 3407 528 3464 λοιοῦσθαι
567 3411 660 3464 καὶ
705 3410 1057 3481 μεταϐάλλειν
1087 3410 1179 3463 τὸν
1224 3411 1492 3482 ἄτρεπτον
1542 3411 1636 3463 καὶ¹
1667 3411 1828 3464 ἀναλ-

246 3498 474 3554 λοίωτον
497 3503 836 3573 συμϐήσεται
871 3502 1022 3555 Θεόν.
1050 3503 1113 3554 Ei
1152 3501 1259 3574 γάρ
1301 3502 1525 3574 ὕστερον
1560 3501 1825 3574 πεποίηκε

243 3590 316 3645 τὸ
353 3592 480 3656 πᾶν,
523 3591 680 3660 δῆλον
716 3593 799 3644 ὅτι
835 3593 943 3645 ἀπὸ
975 3591 1069 3645 τοῦ
1103 3591 1176 3664 μὴ
1221 3595 1391 3646 ποιεῖν
1435 3594 1515 3657 εἰς
1547 3594 1608 3647 τὸ
1653 3597 1826 3647 ποιεῖν

247 3681 538 3752 μετέϐαλε.
570 3681 742 3737 Τοῦτο
774 3684 830 3738 δὲ
855 3685 1052 3738 ἄτοπον
1083 3684 1221 3755 μετά
1245 3683 1354 3738 τῶν
1374 3686 1697 3757 εἰρημένωνο
1727 3686 1826 3740 οὐκ

245 3775 359 3847 ἄρα
390 3774 611 3827 δυνατὸν
655 3775 854 3843 λέγειν,
888 3776 962 3848 μὴ
1005 3772 1144 3830 εἶναι
1172 3777 1404 3848 ἄναρχον
1439 3777 1532 3830 καὶ
1559 3777 1824 3830 συναΐδιον

244 3863 329 3935 τῷ
353 3864 470 3936 Θεῷ
500 3865 560 3918 τὸ
583 3867 710 3918 πᾶν.
742 3867 884 3937 Πρὸς
928 3867 987 3920 ὃν
1029 3885 1161 3938 φησι
1209 3867 1275 3920 δι’
1307 3867 1494 3938 ἑτέρου
1531 3867 1823 3940 προσώπου

244 3959 277 4011 ὁ
306 3957 490 4025 ’Ἄγιος
536 3956 774 4028 ὲρωτῶνο
804 3953 950 4030 τΑρά
993 3976 1055 4028 γε
1105 3960 1297 4028 σοφίας
1349 3961 1443 4014 καὶ
1492 3960 1683 4033 δόξης,
1731 3963 1825 4015 καὶ

248 4049 552 4120 συλλήϐδην
601 4051 782 4120 πάσης
811 4052 1010 4124 ἀρετῆς
1055 4053 1226 4124 ἀρχὴν
1259 4054 1354 4106 καὶ
1402 4053 1586 4125 πηγὴν
1632 4055 1824 4107 οὐσιω-

245 4137 374 4202 δῶς,
402 4139 536 4193 ἀλλὰ
568 4141 642 4211 μὴ
685 4142 992 4212 ὲπικτήτως
1022 4145 1126 4213 ἡγῇ
1171 4143 1260 4196 τὸν
1287 4142 1453 4207 Θεόν;
1497 4143 1556 4195 '0
1580 4143 1658 4196 δέ’
1693 4143 1820 4197 Ναί.

243 4227 317 4281 Τί
362 4229 419 4281 δὲ
466 4231 600 4300 πρὸς
631 4230 875 4294 τούτοις;
910 4233 1042 4303 Οὐχὶ
1083 4233 1286 4296 τέλειος
1321 4233 1496 4303 πάντη
1529 4234 1596 4286 δι’
1631 4233 1823 4286 ἑαυτὸν

244 4317 343 4371 καὶ
371 4319 704 4391 ἀπροσδεήςς
748 4320 963 4393 Ἀληθῆ·
997 4323 1276 4394 ἀμήχανον
1304 4323 1413 4395 γὰρ
1438 4324 1499 4377 τὸ
1525 4324 1822 4394 ἀπροσδεὲς

242 4411 313 4510 διί
340 4410 524 4510 ’ἕτερον
567 4407 705 4465 εἶναί
737 4430 790 4466 τι
829 4415 1127 4484 ἀπροσδεές
1191 4415 1678 4488 [ἀμήχανον].ῐ]ᾶν
1710 4417 1818 4488 γάρ
1852 4457 1898 4510 D

241 4501 312 4555 δι’
352 4502 539 4574 ἕτερον
585 4505 788 4576 πλῆρες
825 4505 905 4569 ὃν,
947 4506 1040 4560 καὶ
1084 4507 1270 4570 ἀτελὲς
1314 4507 1532 4562 λεκτέον
1574 4509 1816 4578 ἀνάγκη.

240 4593 320 4647 Τδ
341 4595 449 4666 γάρ
484 4596 614 4649 αὐτὸ
646 4596 712 4648 δι’
735 4597 893 4651 ἑαυτὸ
922 4597 1114 4651 ἑαυτοῦ
1149 4597 1422 4670 πλήρωμα
1447 4599 1526 4661 ὃν,
1555 4602 1648 4653 καὶ
1684 4600 1815 4654 αὐτὸ

239 4691 306 4744 ἐν
329 4689 507 4760 ἑαυτῷ
538 4690 716 4760 μόνον,
744 4691 946 4744 τέλειον
968 4688 1107 4744 εἶναι
1135 4690 1292 4746 τοῦτο
1324 4693 1483 4763 μόνον
1506 4693 1807 4757 δοξαστέον,

254 4780 619 4852 ’Δληθέστατα
639 4781 836 4851 λέγεις.
869 4783 943 4835 Τὸ
965 4783 1019 4836 δὲ
1055 4785 1194 4854 μήτέ
1227 4785 1358 4836 αὐτὸ
1379 4784 1444 4836 δι’
1469 4785 1650 4848 ἑαυτὸ,
1678 4786 1812 4858 μήτε

312 4929 422 5002 (10)
456 4930 538 4986 Ne
573 4932 670 4986 liae
714 4933 1099 4988 conculcantes.
1147 4931 1275 5000 Leg.
1342 4933 1396 4987 in
1443 4931 1534 4986 Gr.
1563 4949 1628 4988 ex
1663 4941 1810 4988 textu

237 5000 444 5071 Evang.
493 5003 924 5056 καταπατοῦσαι.
957 5003 1144 5056 Amica
1193 5013 1278 5058 est
1326 5002 1594 5059 Illethodio
1651 5021 1812 5071 para-

237 5071 476 5140 phrasis.
506 5075 628 5143 _V’ox
666 5088 882 5142 quoque
911 5081 1034 5143 apta
1064 5074 1420 5142 metaphora,
1451 5075 1537 5127 cui
1587 5075 1815 5129 mendo-

236 5157 358 5194 sum
387 5141 520 5222 illud
551 5141 694 5212 quod
725 5141 1116 5222 repraesentant
1148 5141 1438 5213 impressa,
1464 5145 1812 5214 καταφαγοῦ.

238 5227 350 5283 σαι,
381 5214 568 5283 minus
597 5214 866 5283 congruit.

309 5282 439 5356 (il)_
475 5280 590 5337 Nec
613 5280 826 5356 creator
875 5285 986 5356 sine
1028 5293 1296 5346 creatura,
1338 5283 1372 5356 ἦ
1417 5283 1644 5355 ποιητὴς
1683 5285 1810 5339 ἄνευ

233 5353 578 5427 ποιημάτων.
613 5351 672 5408 In
701 5354 868 5410 Deum
895 5355 1114 5416 dicitur,
1153 5362 1211 5408 ut
1254 5366 1308 5427 ει
1355 5351 1684 5427 ἐιηιεεεάειιε
1720 5356 1813 5427 δη-

235 5424 518 5506 μιουργάς.
542 5438 613 5506 ac
639 5439 981 5502 consequens
1017 5426 1406 5506 παντοκράτωρ
1433 5444 1446 5480 :
1473 5441 1642 5506 quare
1667 5424 1811 5506 jeju-

233 5506 359 5546 ιιιιιε

1936 482 2108 538 ctum,
2146 488 2488 543 consequens
2526 471 2586 526 fit
2620 480 2680 526 ut
2710 473 2990 539 dicamus,
3031 475 3164 529 nulli
3202 473 3505 531 infidelium

1936 582 2075 636 quos
2097 567 2280 636 porcis
2306 579 2708 636 comparamus,
2739 580 2834 634 per
2863 567 3160 634 apostolica
3180 566 3508 624 documenta

1937 674 2056 730 quae
2085 659 2296 712 animas
2336 657 2510 712 instar
2541 657 2957 727 margaritarum
2993 659 3322 723 illuminant,
3346 658 3504 714 fidem

1938 754 1992 807 in
2019 750 2292 806 Christum
2321 758 2374 805 et
2395 750 2759 820 abimpietate
2788 751 3094 806 libertatem
3122 758 3332 820 partam
3359 767 3503 806 esse.

1940 842 2046 897 Sed
2092 850 2176 898 est
2228 842 2605 912 blasphemum
2635 843 2740 897 hoc
2780 842 2981 897 dicere.
3024 841 3168 912 Ergo
3197 843 3509 911 margaritae

1935 937 2042 991 hoc
2072 936 2192 991 loco
2220 951 2328 990 non
2353 942 2480 990 sunt
2501 933 2828 1006 accipienda:
2849 934 3152 990 sanctiores
3175 933 3505 1003 disciplinae;

1937 1027 2219 1097 porcique,
2252 1025 2404 1096 impii
2434 1042 2446 1079 :
2473 1041 2649 1095 neque
2679 1025 2808 1079 illud
2837 1040 2850 1074 :
2892 1022 3072 1078 Nolite
3092 1025 3347 1094 projicere
3364 1037 3509 1077 mar-

1937 1119 2141 1186 garitas
2174 1126 2374 1171 vestras
2399 1126 2519 1170 ante
2554 1131 2759 1184 porcos,
2797 1117 2868 1169 ita
2901 1114 3284 1185 explicandum
3310 1123 3414 1181 est,
3445 1121 3509 1167 ut

1937 1209 2221 1280 prohibeat
2255 1208 2479 1278 proponi
2509 1208 2691 1278 impiis
2735 1208 3179 1278 intidelibusque,
3212 1222 3368 1263 sacra
3413 1207 3506 1261 illa

1935 1307 1990 1355 et
2017 1301 2447 1354 consummativa
2479 1299 2531 1354 in
2554 1298 2829 1354 Christum
2849 1300 3173 1354 documenta
3198 1314 3212 1350 ε
3243 1299 3336 1354 sed
3361 1314 3508 1354 mar-

1938 1393 2127 1464 garitae
2158 1393 2363 1449 fuerint
2391 1393 2640 1455 virtutes,
2669 1393 2865 1462 quibus
2887 1393 3035 1447 velut
3063 1393 3373 1463 margaritis
3389 1409 3510 1463 pre-

1939 1487 2098 1542 tiosis
2134 1493 2362 1541 ornatur
2393 1485 2632 1540 animus.
2666 1483 2782 1538 Non
2823 1485 3157 1552 abjiciendas
3199 1491 3378 1540 autem
3409 1499 3505 1540 eas

1938 1579 2155 1647 porcis;
2196 1576 2301 1630 hoc
2339 1583 2446 1638 est,
2494 1591 2602 1630 non
2653 1575 3016 1646 projiciendas
3061 1577 3331 1640 virtutes,
3372 1584 3505 1646 puta

1937 1670 2266 1732 castitatem,
2318 1667 2763 1738 temperantiam,
2816 1667 3122 1736 justitiam,
3181 1669 3501 1731 veritatem,

1937 1761 2227 1829 ejusmodi,
2265 1759 2508 1830 inquam,
2548 1759 2800 1821 virtutes.
2836 1775 2942 1813 non
2966 1759 3301 1827 objiciendas
3327 1761 3506 1831 impu-

1938 1852 2014 1908 ris
2055 1853 2423 1922 voluptatibus
2465 1867 2478 1904 :
2519 1851 2602 1906 ha:
2641 1852 2790 1906 enim
2843 1853 3220 1908 assimilantur
3263 1853 3446 1923 porcis
3485 1870 3503 1909 :

1936 1959 2006 1999 ne
2030 1943 2130 2000 has
2154 1944 2542 1999 conculcantes
2572 1943 2708 2015 (10),
2735 1943 2788 1997 in
2821 1945 2989 1998 vitam
3024 1959 3316 2015 porcorum
3352 1944 3508 2000 simi-

1935 2035 2041 2090 lem
2062 2037 2319 2107 omnique
2354 2036 2606 2090 vitiorum
2634 2051 2830 2106 genere
2861 2037 3100 2106 plenam,
3143 2039 3383 2092 animam
3413 2053 3508 2092 co-

1935 2133 2086 2196 gant.

2006 2301 2069 2360 ιι.
2101 2303 2386 2370 Origenes,
2418 2304 2615 2375 inquit,
2639 2319 2799 2376 quem
2826 2313 3148 2361 centaurum
3180 2308 3506 2369 vocat.uni-

1933 2413 2151 2453 versum
2197 2397 2323 2461 hoc,
2383 2398 2486 2452 soli
2543 2398 2776 2468 sapienti
2810 2397 3125 2469 nulliusque
3157 2399 3335 2470 egenti
3371 2398 3505 2464 Deo.

1933 2494 2260 2542 coaeternum
2288 2487 2546 2543 asseruit.
2597 2486 2733 2540 Nam
2761 2487 2838 2540 ait
2862 2508 2874 2542 :
2903 2486 3038 2542 Cum
3067 2504 3176 2542 non
3209 2489 3282 2542 sit
3321 2489 3504 2560 opifex

1933 2579 2052 2634 sine
2084 2577 2331 2648 opificio,
2351 2593 2452 2634 nec
2485 2586 2700 2635 creator
2725 2580 2842 2634 sine
2873 2587 3122 2634 creatura
3147 2580 3259 2652 (il)
3280 2621 3298 2648 ,
3329 2598 3507 2654 neque

1932 2669 2258 2724 universalis
2313 2668 2578 2724 Dominus
2629 2669 2747 2724 sine
2786 2669 3027 2738 subjecta
3086 2671 3444 2727 universitate
3487 2691 3504 2727 :

1930 2762 2128 2831 quippe
2167 2776 2394 2816 necesse
2425 2769 2510 2816 est
2553 2771 2612 2816 ut
2646 2761 2827 2830 opifex
2851 2763 2920 2816 ab
2949 2762 3202 2833 opiﬁcio,
3229 2771 3448 2818 creator
3474 2779 3507 2818 ιι

1931 2862 2232 2920 creatura,
2305 2855 2631 2910 universalis
2694 2854 2957 2910 Dominus
3016 2855 3086 2910 ab
3151 2855 3508 2910 universitate

1931 2947 2178 3015 subjecta
2230 2949 2588 3002 nominetur:
2645 2949 2892 3018 sequitur
2934 2947 3248 3004 necessario
3277 2955 3337 3002 ut
3392 2948 3507 3002 haec

1931 3039 2074 3095 Deus
2104 3056 2134 3093 a
2161 3041 2424 3111 principio
2448 3041 2736 3105 creaverit,
2759 3056 2860 3095 nec
2907 3040 2977 3095 sit
3006 3041 3176 3095 ullum
3208 3047 3422 3110 tempus
3449 3040 3507 3094 in

1928 3149 2039 3204 quo
2073 3133 2162 3186 illa
2187 3148 2300 3187 non
2333 3133 2557 3188 fuerint.
2590 3130 2725 3188 Nam
2759 3133 2804 3188 si
2837 3132 2960 3196 fuit,
2992 3131 3212 3204 quando
3241 3141 3508 3188 creatura:

1928 3239 2036 3278 non
2071 3231 2261 3291 erant;
2294 3239 2418 3278 cum
2451 3225 2722 3280 creaturis
2761 3241 2869 3280 non
2901 3223 3312 3288 exsistentibus,
3331 3239 3506 3296 neque

1927 3315 2090 3371 etiam
2123 3315 2195 3370 sit
2222 3327 2442 3371 creator
2482 3316 2652 3372 :vide
2696 3325 2898 3386 quanta
2937 3322 3198 3385 sequatur
3226 3317 3502 3386 impietas.

1927 3403 2070 3471 Quin
2098 3415 2152 3460 et
2178 3407 2399 3461 alterari
2433 3407 2742 3476 mutarique
2773 3405 3051 3476 continget
3110 3406 3504 3461 immutabilem

1927 3496 2095 3553 Deum
2130 3513 2194 3552 ac
2246 3497 2642 3554 invariabilem.
2677 3497 2734 3552 Si
2773 3497 2919 3552 enim
2965 3497 3180 3552 tandem
3211 3498 3505 3568 aliquando

1925 3590 2132 3646 creavit
2181 3590 2520 3654 universum,
2557 3589 2701 3644 haud
2761 3589 2947 3653 dubie,
3000 3603 3031 3643 a
3081 3605 3190 3644 non
3240 3590 3500 3652 creando,

1925 3689 2169 3736 mutatus
2198 3681 2452 3736 transivit
2480 3681 2547 3736 ad
2585 3680 2902 3735 creandum.
2935 3679 3048 3736 Hoc
3088 3689 3266 3736 autem
3309 3682 3504 3735 absur-

1923 3769 2054 3824 dum
2087 3776 2191 3834 est,
2226 3780 2285 3824 ut
2315 3779 2370 3823 et
2402 3787 2510 3841 quo
2569 3770 2830 3832 infertur;
2869 3785 2974 3824 von
3011 3785 3141 3840 ergo
3181 3770 3289 3824 dici
3321 3779 3505 3842 potest

1923 3879 2034 3918 non
2063 3878 2185 3918 esse
2214 3864 2283 3918 ab
2315 3871 2519 3919 aeterno
2551 3879 2734 3919 rerum
2791 3865 3197 3920 universitatem
3221 3904 3236 3926 ,
3280 3880 3343 3919 ac
3393 3863 3503 3918 Deo

1925 3967 2270 4011 coaeternam.
2303 3955 2383 4010 Ad
2423 3972 2584 4028 quem
2619 3955 2877 4023 Sanctus,
2909 3972 2975 4012 ex
3007 3957 3232 4011 alterius
3267 3973 3503 4028 persona

1924 4049 2271 4120 interrogans
2305 4070 2319 4104 :
2352 4048 2544 4105 Nonne
2589 4047 2793 4112 Deum,
2819 4049 3148 4120 principium
3194 4049 3501 4111 existimas.

1926 4141 2243 4214 fontemque
2265 4143 2549 4213 sapientiae
2577 4157 2640 4196 ac
2668 4143 2876 4213 gloriae,
2908 4143 3098 4202 verbo.
3127 4143 3346 4197 virtutis
3374 4143 3502 4196 uni-

1923 4247 2115 4296 versae,
2141 4231 2572 4288 substantialiter
2591 4239 2645 4286 et
2677 4231 3085 4288 non-ascititie?
3105 4230 3269 4300 Sane,
3302 4235 3498 4305 inquit.

1924 4322 2066 4390 Quid
2121 4338 2250 4378 vero
2282 4323 2580 4392 praeterea?
2605 4321 2794 4378 Nonne
2826 4324 3053 4378 omnino
3087 4340 3117 4378 a
3141 4341 3200 4382 se
3229 4325 3501 4395 perfectus

1925 4424 2031 4480 cst,
2073 4431 2137 4470 ac
2167 4416 2374 4470 nullius
2415 4416 2700 4487 indigens?
2727 4418 2808 4470 lta
2835 4424 2956 4472 est:
2990 4416 3326 4486 impossibile
3353 4417 3500 4472 enim

1924 4515 2028 4570 est,
2064 4516 2124 4560 ut
2157 4507 2302 4578 quod
2335 4507 2538 4562 nullius
2571 4507 2797 4577 indiget,
2831 4509 2898 4562 ab
2924 4509 3107 4578 aliquo
3130 4508 3237 4562 alio
3265 4523 3372 4562 non
3415 4508 3501 4561 iu-

1923 4599 2220 4669 digentiam
2249 4599 2516 4668 ejusmodi
2543 4599 2752 4655 habeat.
2799 4599 2932 4654 Nam
2985 4600 3250 4671 quidquid
3279 4601 3347 4654 ab
3390 4601 3501 4656 alio

1924 4691 2142 4760 plenum
2191 4697 2278 4746 est
2321 4698 2378 4746 et
2417 4690 2740 4761 perfectura,
2796 4692 2972 4762 ipsum
3028 4707 3246 4762 quoque
3301 4693 3500 4761 imper-

1923 4781 2123 4838 fectum
2163 4783 2272 4839 dici
2322 4799 2547 4839 necesse
2598 4793 2700 4840 est.
2762 4782 2949 4839 Solum
3005 4784 3307 4853 siquidem,
3351 4785 3496 4855 quod

1921 4934 1999 4987 dit
2021 4932 2269 4988 Justinus
2301 4931 2508 5004 Martyr
2534 4932 2610 5002 (a)
2643 4948 2655 4984 :
2682 4942 2742 4986 ut
2791 4932 2878 4986 ille
2911 4931 3116 4986 nullius
3161 4931 3388 5004 alterius
3419 4932 3496 5004 in-
3585 4971 3589 4975 ι

1920 5006 2130 5075 digens.
2165 5020 2233 5058 ex
2268 5019 2366 5058 sua
2412 5002 2583 5073 ipsius
2619 5004 2820 5057 virtute
2869 5011 2925 5056 et
2973 5003 3375 5075 potentiaopus
3415 5002 3496 5075 ta-

1921 5073 2063 5140 ciat;
2099 5075 2186 5128 hic
2214 5081 2393 5128 autem
2418 5112 2433 5136 ,
2485 5082 2768 5128 mutuatus
2800 5088 2830 5126 a
2880 5074 3105 5128 materia
3151 5073 3353 5142 opilicii
3383 5073 3496 5126 vir-

1922 5153 2115 5200 tutem.
2151 5143 2263 5199 Hoc
2285 5158 2446 5213 porro
2472 5153 2850 5213 argumentum
2868 5142 3278 5213 Origenianum,
3312 5143 3496 5198 Achil-

1923 5216 2002 5270 les
2026 5223 2110 5270 est
2139 5216 2302 5269 etiam
2329 5213 2627 5275 Aristoteli,
2656 5215 2722 5267 ad
2753 5215 2997 5268 eamdem
3028 5214 3216 5267 mundi
3243 5223 3294 5268 ει
3311 5223 3495 5270 motus

1917 5288 2273 5340 aeternitatem
2321 5285 2708 5347 astruendam;
2765 5284 2942 5353 ipsum
3003 5284 3160 5338 valde
3217 5284 3494 5339 infirmum

1921 5371 2022 5411 nec
2077 5356 2212 5410 satis
2264 5354 2486 5424 dignum
2541 5356 2671 5409 tanti
2714 5354 2955 5408 nominis
3011 5355 3358 5424 philosopho,
3402 5355 3491 5410 cui

1916 5426 2061 5494 Deus
2091 5429 2170 5480 sic
2187 5424 2451 5494 ἐμπαθῶς
2483 5433 2627 5494 agat.
2661 5425 2834 5478 Aliter
2860 5424 3157 5479 Christiani
3191 5434 3246 5480 et
3269 5425 3492 5494 dignius

463 5495 672 5568 hottuAs.
701 5492 854 5561 poeta
883 5497 996 5568 sine
1025 5492 1307 5568 poematis.
1333 5492 1634 5550 Discrimen
1666 5492 1809 5552 inter
1911 5492 2025 5550 Deo
2051 5497 2132 5565 (ut
2157 5492 2242 5549 est
2270 5497 2385 5551 sola
2419 5492 2542 5552 Deo‘
2569 5497 2734 5568 digna
2766 5495 3081 5550 Christiana
3104 5495 3316 5568 religio)
3335 5492 3494 5551 'didi-

235 5564 464 5635 πτοιητὴν
489 5565 583 5618 καὶ
606 5564 936 5636 δημιουργόν
955 5604 970 5627 ,
1004 5581 1069 5620 ex
1100 5563 1342 5621 Platonis
1376 5568 1669 5630 sententia,
1697 5576 1809 5620 tra-

1930 5563 2109 5622 rimus.

293 5676 364 5740 (a)
391 5678 552 5728 Locos
572 5677 752 5730 Σαειιηί
777 5679 1005 5741 Martyris
1027 5681 1086 5730 ad
1109 5695 1256 5744 quem
1280 5683 1362 5753 hlc
1380 5684 1584 5793 τεῖρὶεἰι
1605 5681 1950 5747 Combensius,
1976 5690 2147 5738 exstat
2187 5687 2236 5737 in
2281 5687 2476 5740 Cohort.
2515 5685 2580 5736 ad
2613 5688 2791 5748 arma,
2814 5685 2840 5748 ᾖ
2862 5685 2942 5746 22,
2967 5690 3116 5749 atque
3141 5686 3348 5751 egregie
3375 5691 3464 5742 illo
3495 5686 3505 5710 ‘

293 5749 414 5790 ratur
435 5756 463 5792 a
487 5741 731 5792 lamenta
755 5742 812 5792 Υ.
836 5742 889 5793 C.
917 5743 976 5792 ad
1000 5745 1118 5793 Acta
1143 5745 1200 5793 S.
1236 5746 1413 5793 luatur:
1498 5782 1508 5793 .
1537 5745 1684 5793 Gut.

231 5743 414 5790 ιιι-ιιιιι⁵
435 5756 463 5792 a
487 5741 731 5792 lamenta
755 5742 812 5792 Υ.
836 5742 889 5793 C.
917 5743 976 5792 ad
1000 5741 1200 5794 Acta'S.
1236 5742 1413 5796 lustittt'
1440 5741 1508 5795 Π.
1537 5745 1684 5798 Gut.
1712 5799 1720 5809 ,
