3864 6162
414 267 518 330 3'55

1385 267 1442 339 S.
1485 263 1818 324 METHODII
1857 264 2163 325 EPISCOPI
2205 269 2290 324 ET
2332 267 2690 325 MARTYRIS

3527 273 3632 328 536

411 398 587 466 ipsum
621 381 651 447 a
683 408 762 459 se,
789 393 873 449 sui
906 381 1077 462 ipsius
1105 390 1382 460 plenitudo
1411 398 1496 445 est
1523 399 1809 461 manetque
1840 392 1893 445 in
1918 405 1976 446 se

2084 392 2209 444 αὑτὸ
2235 391 2426 444 ἑαυτοῦ
2461 392 2732 462 πλήρωμα
2763 389 2850 454 ὃν,
2882 391 3043 461 φαίης
3077 390 3141 444 ἂν
3175 389 3497 462 άπροσδεέςς
3529 392 3633 444 Οὑ-

409 487 551 557 ipso,
585 486 883 555 perfectum
917 485 1248 538 censendum
1281 491 1384 537 est.
1408 480 1703 537 Verissime
1759 497 1969 537 censes.

409 578 548 634 Num
579 593 728 642 vero,
759 576 902 646 quod
947 591 1120 645 neque
1145 591 1174 628 a
1204 590 1284 638 se,
1315 589 1490 644 neque
1537 575 1622 628 sui
1658 574 1829 644 ipsius
1862 575 1976 643 ple-

411 668 605 724 nitudo
637 675 742 732 est,
785 667 989 722 nullius
1028 665 1270 736 indigum
1299 664 1541 718 dixeris?
1573 663 1791 720 Minime
1823 681 1968 720 vero.

414 763 557 816 Deus
587 778 715 831 ergo
747 777 875 816 num
904 760 973 813 ab
1003 759 1107 813 alio
1134 759 1406 829 perfectus
1428 758 1973 813 mstimabitur?Nam

412 853 559 924 quod
590 853 887 924 perfectum
917 859 999 906 est
1046 852 1114 906 ab
1164 851 1291 915 alio,
1327 867 1506 906 nonne
1540 851 1715 922 ipsum
1764 867 1860 922 per
1913 863 1973 902 se

411 946 724 1001 necessario
755 942 1128 1014 imperfectum
1156 944 1276 998 est?
1300 942 1394 997 Est
1434 944 1611 1012 plane.
1652 942 1792 998 Deus
1821 959 1971 1012 ergo,

411 1053 440 1090 a
469 1054 547 1100 se,
567 1054 674 1090 non
705 1036 772 1090 ab
800 1036 906 1089 alio
936 1033 1560 1104 perfectusjudicabitur
1581 1037 1604 1088 ?
1626 1033 1974 1090 Rectissime.

410 1125 599 1181 Nonne
649 1127 794 1180 aliud
847 1133 931 1181 est
981 1124 1125 1180 Deus
1171 1142 1202 1180 a
1249 1127 1452 1183 mundo
1513 1109 1662 1199 (f2),
1724 1129 1976 1198 aliudque

410 1217 643 1270 mundus
667 1231 695 1270 a
723 1215 865 1272 Deo?
883 1217 1136 1274 Omnino.
1169 1216 1308 1271 Num
1357 1218 1520 1287 igitur
1569 1217 1709 1273 Deus
1756 1227 1976 1289 prepter

409 1307 669 1362 mundum
705 1307 848 1364 Deus
879 1317 932 1364 et
956 1308 1252 1380 perfectds,
1273 1318 1326 1364 et
1355 1308 1556 1379 opifex,
1579 1317 1632 1364 et
1655 1309 1976 1366 universalis

407 1397 671 1454 Do‘minus
717 1398 980 1456 dicendus
1037 1401 1157 1456 est?
1199 1399 1551 1472 Nequaquam
1603 1400 1756 1472 (13);
1806 1410 1865 1456 ut
1910 1409 1977 1457 ne

411 1503 629 1561 prop’er
657 1491 942 1556 mundum,
978 1493 1275 1562 praesertim
1303 1494 1639 1557 mutabilem,
1664 1510 1771 1548 non
1803 1493 1917 1563 ipse
1945 1509 1976 1548 a

408 1600 484 1645 se,
513 1598 608 1652 per
629 1598 686 1637 se
714 1581 985 1653 perfectus
1005 1585 1329 1639 inveniatur.
1345 1584 1594 1654 Congrue
1609 1600 1754 1640 vero.
1777 1584 1976 1652 Quam-

403 1699 592 1751 obrem
643 1697 796 1752 dives
848 1714 1028 1752 nonne
1083 1707 1301 1768 propter
1345 1698 1562 1752 divitias
1595 1698 1747 1754 dives
1789 1699 1975 1770 appel-

406 1787 601 1841 landus
629 1788 752 1842 est?
802 1787 984 1844 Recte.
1011 1789 1152 1855 Quid
1182 1804 1310 1844 vero
1364 1789 1602 1859 sapiens,
1634 1805 1817 1844 nonne
1847 1791 1977 1845 sub-

406 1877 678 1931 stantialis
711 1877 858 1932 illius
890 1877 1170 1946 sapientiae
1212 1878 1520 1948 participio,
1559 1893 1671 1933 non
1701 1881 1973 1936 exsistens

405 1969 522 2039 ipse
561 1971 849 2040 sapientia,
881 1969 1097 2041 'sapiens
1149 1973 1532 2042 nuncupatur?
1569 1973 1646 2026 ita
1689 1989 1840 2028 sane.
1891 1974 1974 2028 An

409 2076 538 2129 ergo
568 2069 622 2116 et
651 2060 814 2124 Deus,
837 2063 928 2132 qui
979 2062 1048 2117 sit
1077 2062 1220 2116 aliud
1245 2071 1277 2115 a
1303 2063 1506 2118 mundo
1524 2104 1539 2129 ,
1566 2078 1629 2118 ea
1667 2063 1898 2126 ratione,
1922 2071 1976 2118 et

407 2155 558 2212 dives
579 2164 798 2226 propter
832 2157 1094 2212 mundum
1125 2166 1179 2213 et
1212 2158 1507 2223 beneﬁcus,
1552 2166 1608 2215 et
1636 2159 1837 2229 opifex,
1880 2176 1978 2213 vo-

406 2249 616 2304 candus
642 2248 837 2304 fuerit?
865 2248 1245 2320 Nequaquam;
1281 2267 1468 2322 apage.
1500 2251 1620 2322 lpse
1674 2253 1838 2323 igitur
1866 2267 1978 2307 suae

406 2340 607 2395 divitia:
643 2349 748 2404 est,
787 2351 947 2410 atque
976 2356 1006 2395 a
1044 2357 1103 2396 se
1141 2342 1259 2411 ipso
1286 2341 1438 2396 dives
1464 2350 1550 2397 est
1579 2351 1627 2396 et
1657 2349 1867 2411 potens.
1901 2343 1978 2396 Ita

407 2433 639 2488 videtur.
675 2431 874 2488 Eratne
909 2436 1070 2487 etiam
1099 2441 1222 2487 ante
1266 2434 1455 2488 mundi
1489 2435 1824 2490 molitionem
1857 2417 1980 2488 nul-

408 2526 516 2580 lius
557 2525 826 2596 indigens,
855 2527 1001 2582 velut
1026 2527 1118 2594 qui
1159 2526 1339 2593 Pater,
1372 2536 1426 2582 et
1467 2526 1730 2583 Dominus
1763 2531 1980 2582 univer-

409 2619 564 2681 salis,
599 2619 889 2689 Opifexque
916 2628 1090 2685 esset;
1127 2620 1262 2674 adeo
1306 2601 1446 2684 ut,'a
1471 2636 1549 2683 se,
1584 2637 1692 2675 non
1753 2621 1822 2674 ab
1873 2621 1980 2676 alio

407 2712 482 2767 sit
534 2709 720 2765 omnia
766 2710 916 2765 inec?
949 2709 1040 2766 Sic
1069 2718 1217 2766 certe
1259 2727 1484 2768 necesse
1531 2720 1632 2768 est.
1669 2711 1804 2766 Nam
1860 2713 1906 2768 si
1950 2727 1981 2766 a

411 2801 636 2864 mundo,
684 2816 792 2855 non
832 2802 946 2872 ipse
977 2817 1007 2854 a
1038 2818 1097 2858 se
1122 2845 1137 2868 ,
1185 2803 1277 2871 qui
1312 2803 1383 2858 sit
1418 2804 1558 2858 alius
1583 2819 1613 2857 a
1642 2804 1866 2868 mundo,
1897 2804 1982 2858 in-

411 2892 746 2962 telligeretur
779 2891 1038 2947 Dominus
1077 2893 1456 2949 universorum
1487 2893 1641 2965 (pace
1661 2887 1788 2960 tua,
1816 2895 1980 2968 Deus,

411 2995 577 3051 cogor
631 2980 713 3035 sic
757 2979 954 3051 loqui),
980 2981 1095 3050 ipse
1139 2996 1235 3050 per
1287 2997 1346 3036 se
1400 2981 1749 3052 imperfectus
1809 2992 1980 3046 esset,

413 3073 587 3142 iisque
639 3071 936 3142 indigeret,
993 3087 1022 3124 a
1073 3063 1299 3142 quibus
1339 3071 1602 3129 Dominus
1658 3073 1982 3128 universalis

2074 484 2276 554 δαμῶς.
2305 485 2416 536 Οὑκ
2446 479 2552 554 ἆρα
2583 485 2611 536 ό
2637 482 2768 546 Θεὸς
2793 482 2991 546 τέλειος
3021 482 3108 535 διά
3135 499 3185 534 τι
3215 481 3630 554 νομισθήσεται;

2081 581 2144 631 Ὃ
2176 578 2284 649 γὰρ
2308 577 2396 630 διά
2429 595 2480 629 τι
2517 577 2718 630 τέλειόν
2759 577 2924 638 ἐστιν,
2955 575 3086 628 αὑτὸ
3113 575 3233 628 καθ’
3261 575 3420 628 ἑαυτὸ
3444 575 3630 638 ἀτελὲς

2075 670 2287 741 ἀνάγκη
2312 670 2614 740 τυγχάνειν.
2649 666 2855 720 Οὐκοῦν
2882 667 2974 719 καλ⁵
3002 670 3030 721 ὁ
3064 666 3194 730 Θεὸς
3229 667 3386 731 αὑτὸς
3413 667 3477 720 δι’
3502 669 3630 721 ἑαυ-

2073 761 2162 815 τὸν
2189 762 2412 826 τέλειος,
2444 759 2557 814 ἀλλ’
2591 760 2652 812 οὐ
2693 759 2758 811 δι’
2783 759 2967 832 ἕτερον
3000 758 3403 830 λογισθήσεται;
3443 758 3628 829 Ὀρθό-

2073 871 2228 907 τατα.
2265 853 2486 924 Ἕτερον
2511 851 2639 915 Θεὸς
2667 851 2892 920 κόσμου,
2916 851 3006 904 καὶ
3029 850 3211 922 ἕτερον
3244 850 3442 921 κόσμος
3462 849 3628 914 Θεοῦ;

2074 946 2377 1011 Παντελῶς.
2414 947 2526 1000 Οὑκ
2549 941 2657 1018 ἆρα
2686 945 2889 999 τέλειον
2913 944 3106 1013 φατέον
3123 983 3137 1006 ,
3164 944 3257 996 καὶ
3283 942 3630 1014 δημιουργὸν,

2076 1049 2169 1102 καὶ
2199 1048 2633 1119 παντοκράτορα,
2667 1045 2754 1099 διὰ
2797 1046 2999 1115 κόσμον
3041 1040 3130 1094 τὸν
3159 1039 3321 1102 Θεόν;
3357 1034 3450 1089 Οὔ·
3485 1035 3634 1096 ὅπως

2077 1143 2201 1216 [μὴῖ
2244 1145 2309 1197 δι’
2345 1143 2567 1207 ἑαυτὸν,
2598 1140 2731 1195 ἀλλά
2936 1135 3024 1190 διὰ
3066 1135 3286 1204 κόσμον,
3327 1127 3420 1183 καί
3461 1125 3633 1180 ταῦτα

2074 1235 2326 1305 τρεπτὸν,
2352 1234 2510 1296 αὑτὸς
2543 1232 2661 1286 καθ’
2685 1231 2872 1285 ἑαυτὸν
2894 1227 3093 1289 τέλειος
3117 1224 3435 1294 εὑρίσκοιτο.
3460 1219 3633 1289 Προσ-

2077 1327 2336 1398 ηκόντως.
2357 1326 2420 1379 Τί
2444 1326 2532 1390 δέ;
2561 1326 2650 1378 τὸν
2670 1323 2916 1378 πλούσιον
2935 1321 3021 1372 διὰ
3045 1320 3134 1371 τὸν
3163 1313 3390 1368 πλοῦτον
3415 1308 3632 1364 λεκτέον

2078 1421 2360 1484 πλούσιον;
2393 1417 2616 1489 Ὀρθῶς.
2640 1417 2748 1470 Καὶ
2776 1417 2864 1469 τὸν
2903 1411 3063 1482 σοφὸν
3093 1409 3232 1462 κατά
3269 1402 3495 1477 μετοχὴν
3532 1399 3632 1471 τῆς

2076 1511 2362 1574 οὑσιώδους
2380 1510 2588 1580 σοφίας,
2609 1510 2708 1562 οὑκ
2728 1507 2888 1561 αὑτὸν
2912 1502 3098 1572 σοφίαν
3116 1500 3262 1562 ὄντα,
3285 1495 3443 1565 σοφὸν
3461 1509 3601 1565 προα
3615 1521 3635 1533 -

2077 1588 2360 1674 γορευτέον
2380 1602 2440 1672 (f.
2455 1601 2735 1672 προσαγ-);
2751 1597 2881 1652 Ναί.
2904 1597 2968 1649 Τί
2984 1595 3038 1648 δέ
3055 1610 3068 1660 ;
3085 1593 3178 1646 καὶ
3199 1588 3432 1644 τὸνΘεὸν
3448 1587 3633 1655 ¹ἕτερον

2077 1697 2206 1750 ὅντα
2232 1697 2458 1766 κόσμου,
2493 1693 2585 1746 διὰ
2611 1691 2809 1761 κόσμον
2849 1689 3020 1760 ταύτῃ
3059 1684 3309 1738 πλούσιον
3353 1680 3446 1734 καὶ
3477 1677 3632 1746 εὑερ-

2076 1787 2241 1858 γέτην
2289 1787 2382 1839 καὶ
2413 1773 2740 1855 δημιουργὸν
2779 1779 3033 1850 κλητέον;
3084 1775 3364 1846 Οὐδαμῶς·
3413 1768 3631 1837 ἄπαγει

2077 1877 2287 1932 Οὐκοῦν
2325 1875 2488 1938 αὑτὸς
2522 1873 2712 1927 ἑαυτοῦ
2741 1871 2986 1934 πλοῦτος,
3017 1869 3110 1922 καὶ
3147 1869 3212 1920 δι’
3246 1864 3432 1920 ἑαυτὸν
3472 1859 3636 1915 πλοὺδ

2079 1989 2190 2035 σιος
2225 1971 2318 2024 καὶ
2346 1969 2565 2031 δυνατὸς
2585 1965 2859 2035 τυγχάνει.
2887 1964 3120 2016 Ἔοικεν.
3150 1957 3258 2013 Ἦν
3279 1959 3388 2030 ἄρα
3411 1956 3504 2009 καὶ
3526 1952 3634 2024 πρὸ

2077 2063 2280 2132 κόσμου
2315 2061 2490 2129 πάντη
2530 2057 2853 2129 ἀπροσδεὴς,
2879 2055 2954 2108 ὣν
2988 2054 3079 2107 καὶ
3106 2052 3294 2122 Πατὴρ
3317 2049 3412 2103 καὶ
3437 2062 3634 2100 παντο-

2077 2157 2316 2227 κράτωρ,
2341 2153 2434 2206 καὶ
2450 2150 2795 2221 δημιουργὸς,
2818 2149 2962 2208 ὅπως
2989 2145 3147 2207 αὑτὸς
3171 2143 3236 2196 δι’
3263 2141 3472 2205 ἑαυτὸν,
3500 2135 3636 2191 ἀλλὰ

2081 2247 2155 2318 μὴ
2179 2247 2242 2300 δι’
2270 2246 2451 2316 ἕτερον
2475 2241 2651 2296 ταῦτα
2676 2238 2740 2313 ᾗ;
2789 2238 3132 2316 ἈνάγκηηΕί
3155 2235 3262 2306 γὰρ
3290 2232 3376 2287 διὰ
3409 2232 3635 2302 κόσμον,

2077 2341 2172 2393 καὶ
2198 2339 2316 2408 οὐχὶ
2341 2337 2405 2390 δι’
2437 2333 2625 2388 ἑαυτὸν
2664 2333 2847 2404 ἕτερος
2887 2330 2962 2385 ῶν
2994 2328 3132 2401 [καὶ]
3173 2328 3373 2399 κόσμου
3394 2368 3408 2391 ,
3437 2341 3637 2377 παντο-

2079 2430 2299 2501 κράτωρ
2331 2427 2650 2500 γνωρίζοιτο
2677 2423 3024 2496 (συγγνώμην
3052 2423 3080 2474 ὁ
3117 2420 3246 2483 Θεὸς
3267 2459 3282 2482 ,
3337 2415 3639 2486 ἀναγκάζοὸ

2083 2542 2180 2596 μαι
2205 2522 2312 2592 γάρ
2339 2520 2495 2574 τοῦτο
2525 2517 2742 2588 εἰπεῖν),
2765 2515 2923 2578 αὑτὸς
2953 2512 3070 2566 καθ’
3101 2511 3287 2565 ἑαυτὸν
3304 2507 3498 2580 ἀτελὴς
3521 2505 3637 2578 [ἂν]

2079 2618 2174 2670 καὶ
2208 2613 2472 2687 προσδεὴς
2519 2610 2742 2673 τούτων,
2792 2608 2859 2661 δι’
2905 2605 2942 2661 ὃ.
2986 2603 3376 2674 παντοκράτωρ
3417 2600 3511 2654 καὶ
3543 2598 3643 2668 δη-

2084 2705 2339 2778 μιουργός
2364 2705 2509 2756 ἐστιν
2539 2699 2848 2772 ὑπερφυῶς.
2884 2698 2996 2750 Οὐκ
3029 2695 3135 2768 ἄρα
3162 2691 3480 2748 ἀποδεκτέον
3509 2687 3644 2742 ταύ-

2079 2817 2178 2870 την
2204 2799 2303 2870 τὴν
2335 2797 2572 2867 ὀλέθριον
2598 2794 2870 2866 ἁμαρτίαν
2902 2809 2966 2844 πε
2978 2791 3028 2862 pi.
3057 2788 3191 2842 Θεοῦ
3216 2789 3322 2841 τῶν
3353 2786 3641 2854 λεγόντων,

2083 2891 2495 2960 παντοκράτορα
2541 2889 2635 2942 καλ⁸
2679 2884 3003 2956 δημιουργὸν
3051 2883 3136 2938 διὰ
3182 2883 3250 2936 τὰ
3298 2878 3643 2954 κρατούμενα

2083 2981 2176 3035 καὶ
2204 2978 2672 3051 δημιουργούμενα
2697 2974 2922 3048 τρεπτὰ,
2952 2973 3065 3026 ἀλλῖ
3095 2973 3155 3027 οὑ
3191 2972 3259 3026 δι’
3288 2970 3474 3025 ἑαυτὸν
3498 2964 3644 3026 εἶναι

2083 3074 2174 3128 τὸν
2201 3073 2352 3128 Θεόν.

413 3176 708 3237 auctorque
733 3167 966 3223 mirabili
997 3168 1206 3223 ratione
1228 3174 1391 3224 esset.
1427 3167 1522 3225 Est
1545 3159 1673 3240 ergo
1706 3158 2046 3239 perniciosus
2081 3170 2171 3225 ille
2201 3185 2356 3225 error
2410 3167 2758 3238 rejiciendus,
2821 3165 3114 3222 dicentium
3157 3161 3213 3216 in
3267 3159 3436 3217 Deum
3460 3195 3478 3225 ,
3530 3172 3647 3213 non

412 3265 590 3334 ipsum
639 3278 670 3316 a
707 3278 786 3330 se,
816 3263 910 3319 sed
939 3279 970 3316 a
1000 3262 1262 3333 subjectis
1310 3265 1472 3320 rebus
1516 3274 1569 3320 et
1605 3266 1825 3330 creatis,
1859 3281 1982 3335 qua:
2035 3251 2163 3320 sunt
2195 3265 2477 3320 mutationi
2529 3263 2795 3328 obnoxiae,
2831 3261 3190 3316 universalem
3231 3256 3517 3313 Dominum
3579 3267 3648 3308 ac

411 3365 711 3415 creatorem
733 3373 874 3414 esse.

481 3451 572 3509 Ill.
601 3453 774 3507 Etiam
806 3453 878 3506 ita
906 3453 1254 3508 ratiocinare.
1285 3451 1342 3508 Si
1383 3457 1622 3521 tandem,
1653 3456 1858 3526 inquis,
1884 3456 1981 3511 ali-

2155 3451 2227 3504 Γ’.
2264 3449 2402 3518 Ὅρα
2435 3447 2490 3502 δὲ
2517 3448 2609 3501 καὶ
2640 3444 2762 3502 ὧδε.
2792 3447 2856 3500 Εἰ
2891 3444 3131 3514 ὕστερον,
3164 3443 3316 3513 ἔφης,
3351 3442 3647 3512 πεποίηται

412 3544 632 3615 quando
661 3553 880 3600 creatus
909 3554 993 3600 est
1023 3545 1282 3610 mundus,
1320 3561 1443 3601 cum
1477 3548 1629 3616 prius
1662 3564 1773 3603 non
1799 3556 1978 3618 esset;

413 3653 642 3693 necesse
686 3645 790 3701 est,
822 3637 1114 3693 immunem
1145 3637 1314 3692 Deum
1345 3653 1373 3690 a
1409 3642 1662 3709 passione
1692 3648 1746 3694 et
1787 3640 1984 3710 altera-

413 3732 580 3797 tione,
616 3729 836 3782 mutari.
881 3726 1092 3798 Quippe
1125 3737 1358 3799 oportet,
1391 3730 1677 3784 mutationi
1709 3730 1983 3784 alteratio-

418 3822 580 3890 nique
604 3821 902 3890 subjaeeat,
936 3822 1028 3890 qui
1060 3821 1128 3874 ab
1155 3821 1266 3876 otio
1326 3823 1669 3891 postmodum
1723 3819 1792 3874 ad
1845 3836 1983 3890 opus

419 3912 681 3980 procedit.
729 3910 864 3964 Nam
895 3911 1140 3964 dicebam
1192 3911 1303 3982 (14)
1338 3910 1732 3982 :Requievitne
1758 3910 1901 3966 Dens
1953 3926 1985 3965 a

418 4003 606 4058 mundi
652 4003 947 4068 creatione,
1001 4003 1214 4057 necne?
1249 4002 1392 4058 Sane
1441 4005 1744 4073 requievit:
1781 4003 1984 4073 alioqui

417 4093 562 4147 enim
591 4093 823 4147 necdum
854 4093 902 4146 is
950 4100 1096 4147 esset
1145 4094 1443 4163 perfectus.
1480 4092 1557 4147 lta
1589 4103 1693 4148 est.
1747 4092 1805 4147 Si
1855 4107 1983 4163 ergo

418 4183 624 4236 creatio
671 4197 702 4236 a
756 4198 865 4237 non
909 4183 1187 4238 creatione
1232 4182 1340 4238 Deo
1383 4185 1754 4238 alterationem
1809 4183 1981 4248 aﬂ‘ert,

417 4287 600 4326 nonne
627 4271 788 4326 etiam
822 4285 930 4325 non
963 4271 1170 4325 creatio
1203 4286 1232 4322 a
1281 4271 1590 4324 creatione?
1622 4269 1696 4322 lta
1735 4285 1980 4339 prorsus.

418 4363 634 4418 Dixer‘is
663 4379 792 4418 vero
819 4370 1111 4428 mutatum,
1145 4363 1290 4433 quod
1343 4378 1452 4416 non
1505 4370 1651 4418 creet
1683 4363 1864 4428 hodie,
1919 4378 1986 4417 eo

418 4456 564 4526 quod
607 4453 900 4524 aliquando
932 4455 1176 4509 crearet?
1232 4453 1606 4524 Nequaquam.
1639 4453 1824 4524 Neque
1857 4466 1987 4522 ergo

417 4557 503 4604 est
556 4548 878 4602 necessitate
920 4555 1158 4602 mutatus
1207 4545 1443 4602 creando
1499 4546 1795 4611 mundum,
1841 4545 1987 4616 quod

417 4639 580 4694 fuerit
610 4638 826 4709 quando
856 4652 965 4691 non
993 4647 1223 4692 crearet.
1254 4637 1428 4706 Atque
1477 4637 1611 4691 adeo
1643 4651 1751 4691 non
1799 4652 1989 4693 neces-

491 4749 603 4818 (Ιὲ)
642 4747 828 4802 Nonne
859 4747 1007 4800 aliud
1037 4757 1113 4800 est
1144 4747 1283 4802 Deus
1326 4765 1358 4818 ᾳ
1388 4747 1604 4818 mundo,
1635 4753 1770 4810 etc.,
1797 4747 1986 4818 ἕτερον

419 4797 825 4887 θειξςςᾱάμέιξ
861 4797 1002 4883 ῥὰἰᾶ
1034 4797 1282 4886 pungi
1313 4797 1567 4872 ὁεῖόῆὶίἰι
1590 4797 1851 4887 inire...
1866 4797 1986 4871 *b’ei
2018 4797 2060 4852 ι)

420 4886 807 4956 perfectionem
845 4905 873 4941 a
906 4889 1130 4948 mundo,
1171 4888 1262 4956 qui
1297 4888 1366 4941 sit
1411 4887 1555 4940 aliud
1585 4889 1654 4942 ab
1685 4886 1838 4954 ipso;
1861 4901 1985 4940 cum

421 4959 602 5011 divina
635 4967 689 5011 et
719 4958 966 5012 absoluta
1003 4959 1298 5026 perfectio,
1340 4959 1409 5026 ab
1454 4958 1574 5025 ipso
1621 4956 1780 5025 cujus
1807 4964 1893 5011 est
1935 4962 1990 5010 et

423 5038 640 5098 propter
689 5029 865 5098 ipsum
919 5025 1113 5098 debeat
1166 5042 1304 5098 esse.
1363 5025 1659 5098 Schottus:
1695 5026 1883 5098 Nonne
1913 5034 1991 5080 est

423 5097 569 5150 aliud
605 5097 738 5149 Deus
768 5097 969 5160 mundi,
1003 5108 1132 5164 etc.,
1169 5097 1308 5151 fceda
1345 5103 1491 5151 certe
1511 5097 1777 5150 barbarie.

497 5167 609 5237 (43)
640 5165 1006 5236 Nequaquam,
1039 5168 1099 5219 οὑ
1136 5169 1230 5237 μή.
1295 5165 1386 5219 Sic
1427 5165 1584 5220 faci'e
1623 5173 1802 5236 potest
1831 5164 1994 5219 resti-

426 5245 503 5290 tui
536 5239 734 5306 littera,
761 5238 970 5291 reddita
999 5238 1257 5302 particula
1289 5239 1360 5306 μή
1393 5252 1494 5290 suo
1524 5237 1662 5299 loco,
1687 5251 1858 5306 eoque
1879 5250 1987 5306 non

427 5307 623 5359 inutili.
657 5305 818 5360 Velut
857 5307 1154 5361 adversarii
1202 5304 1485 5376 respOnsio
1535 5307 1606 5361 sit
1634 5307 1701 5359 ab
1727 5304 1795 5360 iis
1817 5304 1988 5374 parti—

429 5377 774 5446 culis_usque
794 5377 859 5428 ad
901 5377 1123 5429 verbum
1154 5376 1478 5446 εὑρίσκοιτο,
1514 5379 1600 5429 cui
1633 5377 1778 5429 velut
1805 5381 1989 5446 gratu-

431 5447 551 5499 lans
582 5444 882 5499 Methodius
911 5443 1309 5516 subjungatab
1354 5447 1757 5516 προσηκόντως,
1799 5443 1863 5498 ac
1911 5443 1988 5497 ita

431 5516 767 5583 interrogare
798 5524 1004 5583 pergat.

503 5583 611 5664 (id)
649 5583 788 5635 Nam
829 5584 1083 5664 dicebant,
1123 5585 1304 5664 ἔλεγρν
1338 5585 1467 5664 γάρ.
1503 5585 1723 5654 Replica
1766 5593 1849 5641 est
1877 5584 1991 5664 Eie-

431 5653 624 5715 tliodii,
661 5669 763 5725 qua
787 5654 853 5706 ad
882 5656 1150 5725 hominem
1181 5653 1429 5725 infringit
1447 5653 1821 5725 argumentum
1870 5654 1991 5710 Ori—

432 5725 605 5794 genis,
633 5724 928 5794 probatque
954 5723 1094 5780 idem
1119 5725 1270 5793 sequi
1302 5722 1704 5780 incommodum
1731 5743 1793 5781 ex
1821 5725 1990 5795 ipsius

2063 3545 2111 3618 ,ὁ
2145 3544 2364 3614 κόσμος,
2405 3541 2478 3612 μὴ
2511 3541 2769 3613 πρότερον
2793 3539 2888 3602 ὣν,
2924 3535 3276 3608 μεταϐάλλειν
3306 3535 3515 3605 ἀνάγκη
3549 3536 3646 3588 τὸν

2084 3632 2270 3702 ἀπαθῆ
2321 3632 2414 3685 καὶ
2477 3630 2825 3684 ἀναλλοίωτον
2882 3626 3034 3679 Θεόν.
3083 3626 3184 3677 Τὸν
3233 3625 3339 3694 γὰρ
3385 3622 3647 3676 ποιοῦντα

2085 3725 2346 3797 πρότερον
2379 3721 2573 3793 μηδὲν,
2606 3718 2828 3788 ὕστερον
2870 3718 2925 3770 δὲ
2967 3716 3073 3770 ἀπὸ
3103 3716 3195 3770 τοῦ
3244 3717 3318 3787 μὴ
3350 3717 3520 3769 ποιεῖν
3563 3712 3647 3779 είς

2083 3817 2144 3868 τὸ
2177 3819 2350 3868 ποιεῖν
2385 3814 2515 3884 (15),
2545 3810 2890 3882 μεταϐάλλειν
2923 3811 3014 3862 καὶ
3041 3807 3376 3862 ἀλλοιοῦσθαι
3406 3808 3642 3878 ἀνάγκη.

2090 3906 2310 3975 Ἔλεγον
2337 3905 2462 3976 γάρ’
2497 3903 2777 3956 Πέπαυται
2816 3901 2872 3954 δὲ
2916 3899 3008 3956 τοῦ
3041 3903 3209 3953 ποιεῖν
3241 3899 3332 3951 τὸν
3368 3899 3573 3970 κόσμον
3615 3900 3646 3951 ὁ

2084 3999 2234 4061 Θεὸς,
2269 3997 2302 4067 ἢ
2334 3994 2432 4061 ob;
2469 3995 2777 4048 Πέπαυταιο
2814 3991 2964 4046 οὔπω
2994 3991 3101 4062 γὰρ
3129 3987 3196 4063 ἦν
3227 3990 3645 4060 τετελειωμένος

2085 4089 2168 4144 ἄν.
2211 4088 2448 4160 Ἀληθές.
2482 4088 2545 4140 Ei
2577 4082 2668 4140 οὖν
2706 4085 2767 4138 τὸ
2797 4088 2966 4138 ποιεῖν
2995 4087 3058 4138 ἐκ
3089 4082 3182 4136 τοῦ
3226 4082 3300 4154 μὴ
3331 4084 3502 4134 ποιεῖν
3548 4082 3646 4135 ἀλ-

2084 4183 2298 4236 λοίωσιν
2341 4180 2436 4234 τοῦ
2482 4180 2616 4234 Θεοῦ
2664 4177 3120 4248 καταψηφίζεται,
3163 4177 3282 4246 οὐχὶ
3330 4176 3423 4230 καὶ
3469 4175 3529 4229 τὸ
3565 4161 3644 4247 μή

2086 4279 2256 4329 ποιεῖν
2283 4278 2346 4327 ὲκ
2373 4274 2468 4328 τοῦ
2513 4277 2717 4336 ποιεῖν,
2758 4272 3013 4343 Ἀνάγκη.
3055 4269 3402 4324 Ἦλλοιῶσθαι
3445 4268 3503 4322 δὲ
3546 4270 3646 4322 αὑ-

2085 4367 2175 4421 τὸν
2228 4367 2391 4438 φαίης
2449 4365 2523 4437 μὴ
2577 4365 2828 4418 ποιοῦντα
2893 4368 3125 4434 σήμερον
3172 4364 3299 4434 παρ’
3352 4362 3382 4413 ὂ
3426 4358 3494 4432 ἦν
3554 4363 3646 4416 ὅτε

2087 4460 2292 4523 ἐποίει;
2324 4457 2607 4529 Οὐδαμῶς.
2656 4457 2776 4509 Οὐδ’
2824 4457 2930 4526 ἄρα
2969 4457 3056 4508 ὅτε
3106 4457 3247 4507 ποιεῖ
3285 4455 3375 4507 τὸν
3409 4454 3643 4524 κόσμον,

2086 4551 2407 4619 ἠλλοιῶσθαι
2439 4549 2598 4602 αὑτὸν
2628 4548 2859 4618 ἀνάγκη,
2888 4547 3015 4618 παρ’
3043 4546 3071 4598 ὃ
3096 4542 3162 4616 ἦν
3189 4546 3278 4598 ὅτε
3321 4546 3642 4598 οὑκ-ἐποίει·

2087 4645 2182 4697 καὶ
2212 4642 2334 4696 οὕτε
2372 4643 2585 4712 ἀνάγκη
2619 4641 2979 4710 συνυπάρχειν
3023 4638 3170 4708 αὑτῷ
3207 4639 3268 4690 τὸ
3308 4640 3414 4691 πᾶν
3451 4639 3532 4690 δεῖ
3558 4638 3648 4690 λέ-

2091 4754 2389 4818 sententia,
2442 4753 2510 4806 ab
2547 4753 2687 4813 otio,
2735 4758 2992 4821 sequente
3031 4765 3188 4821 opus,
3222 4747 3364 4818 quod
3391 4748 3518 4821 ipse
3552 4764 3650 4803 os-

2091 4826 2263 4878 tendit
2285 4825 2352 4878 ab
2408 4823 2618 4885 eodem,
2669 4821 2719 4876 id
2766 4818 2942 4891 ipsum
2981 4818 3649 4891 praéc‘edenteaSchottus

2089 4896 2236 4948 nulla
2263 4893 2645 4948 eonsecutione
2687 4893 2739 4945 in
2770 4887 2928 4946 tertia
2957 4887 3155 4958 accipit
3181 4907 3193 4942 :
3232 4887 3646 4958 dicebqutenim,

2091 4964 2198 5019 nisi
2220 4966 2426 5033 prelum
2457 4964 2596 5017 male
2621 4961 2859 5033 sudavit,
2885 4955 3344 5033 scripsitqueipse
3375 4955 3648 5033 dicebam:

2091 5027 2253 5102 quam
2288 5043 2465 5086 tamen
2493 5033 2633 5100 piam
2666 5027 3033 5102 conjecturam
3065 5027 3300 5097 depellit,
3333 5027 3475 5102 quod
3511 5042 3648 5102 pau-

2093 5097 2176 5157 cis
2206 5111 2325 5171 post
2375 5097 2532 5155 lineis
2565 5097 3079 5171 eadem'oscitantia
3120 5105 3321 5171 peccat,
3365 5097 3455 5149 ubi
3483 5098 3651 5171 etiam

2095 5166 2290 5226 novam
2339 5172 2716 5225 transitionem
2760 5171 2906 5223 illam
2953 5166 3212 5222 Methddii
3234 5168 3297 5220 ad
3345 5181 3538 5219 novam
3565 5166 3654 5217 iii-

2095 5243 2350 5315 stantiam
2379 5241 2630 5315 :Kaipm
2659 5239 2787 5308 φάθι
2818 5240 2910 5315 καὶ
2951 5232 3073 5302 ῶόε,
3121 5239 3200 5292 sic
3234 5235 3408 5315 reddit
3442 5253 3455 5288 ε
3489 5235 3653 5315 Atqui

2091 5313 2169 5367 sic
2227 5327 2424 5365 mecum
2485 5309 2774 5378 disputant.
2825 5309 3143 5376 Quanquam
3197 5309 3533 5378 enim_not_at
3593 5309 3654 5358 in

2096 5397 2288 5452 marg,
2319 5375 2610 5452 ἇληφασῖ,
2638 5381 2862 5452 planum
2891 5375 3069 5452 tamen
3100 5383 3180 5429 est
3208 5391 3328 5430 esse
3363 5375 3648 5427 lectionem

2094 5447 2241 5506 illani
2285 5447 2775 5513 mendOsam,’nec
2827 5447 3210 5518 Origenianum
3269 5452 3653 5515 argumentum

2095 5520 2361 5594 inchoari,
2395 5521 2487 5594 sed
2522 5519 2942 5594 Metliodianum.
3097 5587 3111 5594 ᾳ
3165 5586 3180 5594 _
3235 5585 3290 5594 Η
3505 5591 3514 5594 _
3584 5579 3623 5594 η

2167 5592 2277 5672 (1-5)
2304 5593 2404 5672 Ιξὶς
2429 5589 2492 5643 τὸ
2517 5590 2725 5672 εξριεῖν.
2771 5589 2928 5644 Deest
2962 5585 3384 5659 προεληλυθότα,
3428 5591 3522 5639 aut
3548 5581 3654 5637 ali-

2096 5661 2226 5732 quid
2263 5663 2330 5715 hu
2335 5661 2592 5732 jusmodi.
3278 5679 3282 5683 ·
