3864 6162
241 307 360 362 387

1493 305 1586 358 EX
1623 304 1828 361 LIBRO
1866 305 1950 358 DE
1983 306 2296 375 CREATIS.

3379 316 3482 368 338

239 441 378 494 γειν,
412 423 500 478 διὰ
527 424 586 477 τὸ
616 422 690 494 μὴ
722 421 1124 492 ἀναγκάζεσθαι
1155 424 1332 494 λέγειν
1356 425 1698 497 ἠλλοιῶσθαι,
1729 429 1808 482 ὅτι

1914 443 2032 500 sum
2079 428 2400 484 habebimus
2428 425 2585 483 fateri
2613 426 2929 486 universum
2983 427 3093 485 Deo
3123 428 3478 492 coexsistere,

239 517 513 571 συναϊδιον
549 517 616 569 δι’
644 515 774 570 αὐτὸ
802 515 978 570 τοῦτο.

310 694 388 747 Δ’.
421 692 530 745 Καί
582 710 669 762 μοι
711 693 840 762 φάθι
883 693 976 747 καὶ
1017 687 1138 748 ὦδε·
1181 697 1409 768 Γενητδν
1446 698 1623 771 τὸμὴ
1665 701 1814 768 γενέ-

239 794 380 843 σεως
425 781 546 852 ἔχον
592 782 764 853 ἀρχὴν
816 785 980 854 φαίης
1023 785 1124 852 ἇνὶ
1171 787 1243 839 0'5
1288 787 1442 858 δῆτα-
1479 790 1540 842 Et
1585 791 1692 866 γὰρ
1737 791 1812 862 μὴ

238 871 534 926 ὑποπίπτει
590 873 854 942 γενέσεως
907 875 1084 948 ἀρχῇ,
1137 876 1194 942 ἐξ
1248 877 1493 949 ἀνάγκης
1553 881 1812 951 ἀγένητόν

239 963 409 1014 ἐστιν.
444 963 506 1015 ΕΞ
547 963 603 1017 δὲ
645 964 886 1034 γέγονεν,
921 967 1024 1019 ὑπὸ
1071 967 1240 1019 αἰτίου
1283 969 1428 1032 τινὸς
1466 969 1622 1034 δίδως
1665 969 1812 1042 αὑτῷ

241 1055 547 1124 γεγονέναι.
579 1057 760 1130 Πάντη
790 1058 896 1130 γὰρ
925 1059 1182 1114 ἀδύνατον
1205 1061 1373 1131 χωρὶς
1399 1061 1572 1114 αἰτίου
1603 1061 1812 1130 γένεσιν

244 1152 417 1221 Exsul;
469 1152 770 1208 Ἀδύνατον.
802 1155 1018 1226 Κόσμον
1047 1155 1110 1227 δὴ
1139 1153 1250 1221 οὖν,
1296 1157 1390 1210 καὶ
1421 1157 1520 1209 ὅσα
1549 1159 1606 1211 ὲν
1643 1156 1808 1227 αὐτῷ,

245 1243 364 1312 μῶν
409 1243 566 1298 ἄλλου
612 1245 756 1307 τινὸς
810 1246 843 1317 ἢ
893 1246 1024 1300 Θεοῦ
1074 1247 1528 1320 δημιουργοῦντος
1569 1253 1811 1322 φήσομεν

242 1336 525 1405 γεγονέναι
576 1335 824 1411 ὕστερον,
876 1338 1089 1409 πρῶτον
1135 1341 1236 1394 οὐκ
1279 1341 1441 1407 bna;
1495 1343 1684 1414 Δῆλον,
1731 1345 1811 1398 ὅτι

240 1427 398 1481 Θεοῦ.
448 1427 726 1482 ’Δδύνατον
753 1428 862 1499 γάρ
901 1430 960 1483 τὸ
989 1432 1253 1500 γενέσεως
1293 1433 1434 1506 ἀρχῇ
1472 1435 1809 1509 περιορισθὲν

243 1520 643 1592 συναπέραντον
675 1516 811 1574 εἶναι
844 1521 921 1593 τῷ
949 1524 1257 1596 ἀπεράντως
1310 1525 1610 1581 Ἀδύνατον.
1645 1529 1810 1582 Πάλιν

239 1612 303 1684 δὴ
336 1609 451 1680 οὖν,
493 1607 538 1666 ὧ
592 1613 876 1686 κένταυρε,
922 1613 980 1681 ἐξ
1029 1603 1203 1688 ἀρχῆς
1238 1617 1630 1692 διαλεγώμεθα.
1680 1620 1810 1692 Θεία

240 1706 516 1775 ἐπιστήμῃ
553 1704 788 1758 τά’δντα
832 1707 967 1776 φατὲ
1011 1709 1330 1776 γεγονέναι,
1375 1713 1406 1781 ἢ
1453 1710 1545 1778 οὗ,
1579 1709 1648 1764 Ὦ
1679 1711 1806 1782 βάλε

242 1795 378 1865 (16),
410 1795 670 1860 λέξουσιν·
702 1775 968 1869 οὐδαμῶς.
1018 1775 1176 1853 Ἃλλὰ
1221 1802 1328 1856 ἀπὸ
1373 1775 1480 1856 τῶν
1512 1775 1806 1874 στοιχείων,
1840 1775 1882 1830 Β

238 1888 272 1958 ἦ
311 1888 461 1958 ὕλης,
496 1887 528 1957 ἢ
566 1889 980 1962 στηριγμάτων,
1010 1892 1044 1962 ἢ
1080 1893 1227 1958 ὅπως
1274 1894 1428 1948 αὐτοὶ
1471 1894 1644 1950 ταῦτα
1689 1895 1810 1965 βού-

239 1977 396 2032 λεσθε
445 1979 726 2050 ὀνομάζειν
769 1982 938 2052 (οὐδὲν
969 1984 1075 2056 γὰρ
1105 1985 1395 2057 διαφέρει),
1442 1987 1644 2041 τούτων
1682 1990 1809 2057 ἀγε-

239 2070 419 2140 νήτως
451 2071 939 2141 προῦφεστηκότων
984 2074 1078 2127 καὶ
1109 2075 1442 2147 πλημμελῶς
1473 2079 1806 2150 φερομένων,

235 2162 266 2213 δ
296 2161 428 2224 Θεὸς
453 2162 732 2232 διακρίνας
771 2164 1095 2234 ἐτεχνήσατο
1127 2166 1193 2219 τά
1224 2171 1420 2233 πάντα,
1455 2167 1642 2242 ὥσπερ
1674 2171 1808 2240 ἀγα-

237 2249 332 2313 θὸς
357 2249 642 2322 ζωγράφος
671 2253 778 2306 ἀπὸ
817 2253 1022 2307 σωλλῶν
1061 2257 1363 2328 χρωμάτων
1397 2257 1522 2329 μίαν
1548 2259 1806 2330 τεχνησά-

239 2359 398 2413 μενος
429 2343 603 2410 ίδὲαν;
639 2345 772 2398 Οὐδὲ
797 2345 973 2399 τοῦτο.
1004 2347 1227 2412 Πάντως
1268 2348 1375 2419 γὰρ
1413 2350 1804 2420 ἀποφεύξονται

235 2434 564 2506 ὁμολογῆσαι
611 2437 730 2490 καθ’
781 2439 1007 2503 ἑαυτῶν,
1062 2439 1149 2494 ἵνα
1200 2439 1294 2511 μὴ,
1340 2441 1442 2511 τῆς
1484 2442 1804 2514 διακρίσεως

236 2527 350 2598 (l7)
382 2529 476 2582 καὶ
510 2529 609 2599 τῆς
643 2532 1116 2602 μεταμορφώσεως
1152 2533 1251 2604 τὴν
1287 2533 1416 2602 ὓλην
1461 2535 1802 2607 συγχωροῦν-

235 2635 329 2682 τες
372 2621 546 2692 ἀρχὴν
595 2623 906 2692 ἐσχηκυῖαν,
943 2623 1325 2692 ἀναγκασθῶσι
1365 2625 1441 2696 τῷ
1486 2626 1628 2698 λόγῳ
1661 2629 1804 2682 κατά

235 2712 414 2765 πάντα
448 2713 537 2765 τὸν
574 2713 704 2766 Θεὸν
740 2709 942 2786 ἦρχθαι
983 2715 1078 2768 τοῦ
1112 2717 1330 2770 διοικεῖν
1364 2717 1542 2786 λέγειν
1582 2720 1674 2773 καὶ
1705 2737 1802 2774 κα·-

241 2806 527 2873 τακοσμεῖν
552 2803 648 2876 τὴν
677 2807 938 2878 πρότερον
971 2807 1214 2880 ἄμορφον
1242 2805 1406 2862 οὖσαν
1440 2809 1587 2881 ὓλην.

1916 527 1976 573 ιιι
2005 535 2071 574 ne
2099 534 2358 590 cogamur
2407 527 2675 574 mutatum
2707 521 2992 576 admittere
3029 540 3040 573 :
3095 536 3158 576 ea
3209 521 3480 592 siqui‘dem

1914 613 2054 668 ratio
2074 620 2158 668 est
2182 629 2280 667 cur
2308 613 2357 668 ei
2383 627 2714 668 comternum
2748 629 2943 684 ponas.

1984 702 2073 757 Ν.
2129 702 2234 758 Sed
2267 711 2321 758 et
2377 703 2457 758 sic
2506 705 2773 775 responde
2815 723 2828 758 :
2877 705 3160 760 Dixerisne
3214 711 3479 768 creatum,

1914 796 2056 866 quod
2081 812 2187 850 non
2219 796 2380 851 habet
2403 797 2696 852 creationis
2731 797 3100 866 principium?
3127 795 3279 851 Haud
3313 806 3477 867 puto:

1914 889 2022 944 nisi
2043 888 2186 942 enim
2222 888 2277 941 in
2311 889 2637 962 principium
2660 891 2952 945 creationis
2986 889 3198 966 incidit,
3230 905 3482 945 necessa-

1913 976 1997 1047 rio
2018 986 2102 1032 est
2133 978 2454 1032 increatum.
2486 976 2642 1044 Quod
2667 979 2711 1034 si
2743 977 2842 1032 fuit
2869 987 3132 1044 creatum,
3164 980 3323 1050 plane
3353 994 3483 1033 con-

1913 1071 2062 1134 cedis
2106 1071 2172 1126 ab
2206 1071 2385 1142 aliqua
2431 1086 2597 1126 causa
2640 1081 2901 1129 creatum.
2932 1073 3211 1144 Quippene
3249 1089 3481 1146 prorsus

1915 1163 2272 1235 impossibile,
2305 1174 2364 1220 ut
2397 1166 2603 1222 creatio
2633 1167 2705 1224 sit
2731 1169 2850 1224 sine
2893 1184 3060 1224 causa
3095 1167 3352 1224 creante?
3373 1168 3480 1221 lm-

1916 1257 2194 1327 possibile.
2226 1257 2365 1314 Num
2395 1275 2524 1331 ergo
2571 1260 2834 1339 mundum
2865 1270 2918 1318 et
2965 1277 3302 1339 quaecunque
3352 1269 3480 1317 sunt

1915 1350 1970 1405 in
2001 1351 2114 1414 illo,
2151 1351 2259 1407 alio
2286 1353 2502 1407 tandem
2550 1370 2714 1424 quam
2747 1354 2856 1410 Deo
2880 1355 3101 1426 opifice,
3136 1339 3334 1428 dicturi
3381 1372 3477 1411 su-

1912 1456 2035 1496 mus
2063 1449 2266 1507 creata,
2300 1459 2424 1498 cum
2457 1445 2609 1514 prius
2638 1461 2745 1501 non
2791 1448 3009 1502 essent?
3043 1448 3392 1518 Perspicuum
3446 1465 3477 1504 ιι

1913 1531 2023 1588 Deo
2054 1544 2235 1590 creata
2256 1551 2398 1592 esse.
2428 1535 2566 1591 Num
2605 1540 2878 1595 enimvero
2914 1537 3030 1595 ﬁeri
3069 1547 3269 1609 potest,
3301 1545 3359 1596 ut
3391 1539 3475 1592 in-

1912 1624 2239 1681 terminabili
2294 1628 2365 1682 sit
2428 1629 2935 1695 eointerminabile,
2989 1631 3133 1700 quod
3184 1631 3477 1686 creationis

1913 1716 2181 1787 principio
2207 1717 2489 1774 definitum
2531 1721 2654 1776 est?
2677 1719 3103 1792 Haudquaquam
3139 1730 3338 1792 potest.
3371 1719 3474 1776 lte-

1910 1823 2031 1863 rum
2056 1825 2206 1880 ergo,
2236 1827 2270 1866 o
2296 1819 2554 1867 centaure
2585 1813 2722 1884 (18),
2780 1829 3122 1870 resumamus
3151 1813 3478 1884 disputatio-

1911 1900 1998 1954 nis
2022 1901 2517 1972 principium.l\'am
2549 1918 2636 1958 res
2667 1904 2847 1958 divina
2875 1904 3104 1959 scientia
3133 1903 3476 1974 creataS'UQ)

1909 1987 2174 2055 fatemini,
2227 1993 2429 2047 necne?
2473 1991 2674 2062 Apage,
2720 1992 3006 2062 inquient:
3049 1991 3286 2045 Minime.
3335 1989 3475 2043 Num

1907 2096 2035 2152 vero
2072 2097 2140 2137 ex
2173 2083 2474 2147 elementis,
2514 2084 2598 2138 vel
2642 2082 2888 2147 materia,
2951 2090 3046 2137 aut
3097 2082 3472 2142 ﬁrmamentis,

1910 2180 2004 2226 aut
2059 2172 2257 2242 quibus
2313 2173 2427 2228 haec
2479 2173 2658 2228 verbis
2725 2173 2994 2242 appellare
3057 2173 3222 2245 vultis
3277 2191 3291 2226 :
3349 2186 3474 2224 nam

1910 2265 2045 2319 nihil
2084 2264 2282 2331 refert;
2323 2281 2447 2320 cum
2484 2265 2574 2320 illa
2624 2266 2863 2328 increata
2918 2265 3356 2335 pmexsisterent
3411 2277 3476 2317 ae

1907 2363 2112 2412 temere
2175 2355 2467 2418 ferrentur,
2526 2372 2818 2412 secernens
2868 2359 3031 2420 Deus,
3080 2356 3333 2412 universa
3390 2354 3475 2407 fa.

1909 2447 2151 2508 bricatus
2194 2455 2299 2513 est,
2341 2447 2486 2502 velut
2519 2448 2998 2517 praestantissimus
3045 2447 3253 2516 pictor,
3305 2445 3477 2498 ratiu-

1908 2553 2032 2592 nem
2057 2553 2219 2592 unam
2247 2545 2303 2594 et
2331 2538 2619 2609 imaginem
2661 2553 2692 2594 e
2733 2539 2918 2593 multis
2943 2538 3216 2593 coloribus
3256 2550 3476 2604 evpres-

1911 2630 2082 2687 serit?
2127 2630 2314 2701 Neque
2351 2630 2449 2696 ita,
2505 2631 2752 2700 inquient
2799 2648 2812 2684 :
2867 2629 3088 2684 omnino
3129 2628 3271 2700 enim
3308 2625 3477 2696 .rcfu-

1907 2723 2058 2793 gient
2087 2731 2277 2777 contra
2312 2739 2371 2778 se
2401 2723 2550 2794 ipsos
2586 2723 2689 2778 hoc
2731 2721 2952 2786 testari;
2987 2733 3047 2774 ut
3079 2735 3147 2774 ne
3201 2718 3328 2786 dato
3381 2718 3477 2768 ha-

1909 2814 2094 2871 buisse
2125 2815 2407 2869 materiam
2437 2815 2759 2886 principium
2786 2813 3106 2869 seeretionis
3130 2823 3184 2868 et
3209 2807 3476 2865 transfor-

235 2895 519 2964 ma‘ionis.
569 2907 728 2968 cogat
774 2902 916 2956 ratio
980 2901 1162 2970 fateri,
1199 2903 1432 2974 cmpisse
1462 2903 1665 2971 Deum,
1733 2907 2014 2962 materiam
2072 2909 2224 2979 prius
2271 2908 2559 2964 informem
2628 2916 2682 2964 et
2715 2907 3062 2979 indigestam,
3103 2905 3346 2976 digerere
3412 2914 3476 2952 ac

236 2988 527 3056 perpolirc.

310 3053 386 3134 ἐν.
413 3079 548 3152 Φέρε
585 3079 714 3153 γάρ,
759 3082 946 3154 ἐπειδὴ
987 3085 1082 3138 σὺν
1126 3083 1202 3155 τῷ
1227 3063 1346 3155 Θεῷ
1379 3086 1543 3154 φάναι
1576 3086 1805 3140 ἐνταῦθα

1979 3081 2046 3136 ν.
2069 3083 2182 3153 Age
2213 3097 2363 3147 vero,
2382 3083 2639 3153 quoniam
2660 3081 2768 3138 Deo
2791 3082 3024 3152 prepitio
3050 3082 3102 3136 in
3123 3082 3267 3135 hunc
3295 3053 3475 3160 locum

235 3170 332 3224 τοῦ
358 3171 513 3240 λόγου
539 3175 859 3244 γεγόναμεν’
887 3176 1001 3246 ῆτω
1027 3193 1109 3238 τις
1138 3177 1357 3248 ἀνδριὰς
1385 3177 1556 3242 ἑστὼς
1587 3179 1678 3231 ἐπὶ
1713 3177 1807 3247 βά-

237 3281 380 3328 σεως
429 3263 613 3328 καλός·
642 3260 704 3319 οὔ
743 3265 1114 3336 θαυμάζοντες
1146 3272 1194 3322 οἱ
1240 3268 1498 3341 Θεώμενοι
1527 3270 1622 3342 τὴν
1649 3270 1808 3344 εῦρυ-

235 3354 375 3425 θμον
419 3355 699 3427 καλλονὴν,
743 3358 1180 3428 διαφερέσθωσαν
1223 3362 1361 3432 πρὸς
1406 3361 1697 3432 ἀλλήλους.
1730 3365 1806 3434 πῆ

246 3446 348 3516 μὲν
377 3449 620 3517 γενητὸν,
653 3449 729 3519 πῆ
754 3451 811 3502 δὲ
837 3453 932 3504 καὶ
959 3451 1216 3524 ἀγένητον
1244 3452 1423 3522 λέγειν
1457 3453 1804 3526 πειρώμενοι.

250 3540 510 3611 Ἐροίμην
545 3543 654 3613 γὰρ
700 3545 857 3610 σφᾶς·
896 3546 973 3598 Δι’
1014 3545 1081 3615 ἣν
1130 3546 1308 3599 αἰτίαν
1342 3547 1602 3618 ἀγένητον
1646 3548 1805 3602 αὐτόν

237 3648 374 3698 φατε
394 3673 408 3696 ,
441 3633 665 3704 πότερον
695 3634 782 3686 διὰ
813 3635 902 3688 τὸν
933 3636 1206 3706 τεχνίτην,
1238 3638 1386 3701 ὅπως
1421 3638 1682 3709 μηδαμῶς
1710 3641 1805 3710 ἀρ-

236 3727 410 3794 τήσας
452 3724 552 3794 τῆς
587 3725 946 3797 δημιουργίας
988 3726 1280 3798 νομίζοιτο,
1308 3728 1342 3798 ἢ
1372 3729 1437 3782 δι’
1469 3729 1664 3795 αὑτόνς
1708 3733 1804 3784 "Av

317 3925 428 4000 (lli)
454 3923 531 3982 Ὦ
554 3927 731 3992 βάλε.
771 3927 953 4000 Δ1.,ᾣ
973 3929 1133 3984 πάλιν
1155 3947 1168 3960 ·
1202 3929 1298 4000 aL,
1332 3925 1377 3984 ὧ
1410 3929 1563 4000 βάλη.

313 3998 424 4070 (l7)
453 4000 827 4067 Διακρίσεως.
867 3999 976 4067 AL,
1012 3998 1807 4072 κατακρίσεως”ει.,“μεταχρί-

243 4087 427 4208 wife)
461 4137 506 4194 0
536 4125 1097 4210 Centaure.'Suggillat
1136 4141 1422 4210 Origenem
1471 4141 1616 4196 velut
1655 4157 1809 4196 mon-

245 4220 506 4273 strosum,
550 4209 643 4279 qui
684 4210 854 4280 multa
884 4211 1099 4280 quidem
1134 4209 1391 4274 hominis,
1421 4219 1474 4265 et
1509 4227 1671 4280 supra
1699 4213 1809 4266 fere

1906 3175 2138 3230 dicendo
2169 3176 2538 3246 pervenimus,
2561 3190 2828 3246 ponamus
2856 3183 3114 3238 statuam,
3143 3174 3198 3228 in
3229 3190 3326 3228 sua
3357 3177 3474 3233 basi

1907 3266 2269 3332 collocatam;
2317 3268 2615 3339 elegantem
2676 3267 2862 3332 illam,
2929 3267 3084 3336 cujus
3153 3268 3476 3324 concinnam

1908 3359 2370 3428 pulchritudinem
2423 3368 2760 3431 spectatores
2811 3361 3116 3414 mirentur:
3149 3361 3477 3420 dissentiant

1908 3467 2078 3520 vero;
2153 3453 2276 3510 aliis
2349 3452 2546 3507 factam
2607 3453 3112 3519 contendentibus,
3183 3455 3303 3509 aliis
3364 3472 3474 3509 non

1910 3544 2128 3612 factam.
2159 3544 2473 3612 Quaasierim
2504 3561 2603 3616 ego
2633 3545 2700 3600 ab
2749 3545 2830 3600 eis
2864 3561 2878 3596 ;
2927 3544 3288 3611 Quamobrem
3333 3545 3475 3602 diei-

1912 3638 1985 3694 tis
2014 3654 2122 3694 non
2151 3639 2350 3694 iactant
2381 3638 2532 3709 (20)?
2587 3638 2668 3692 An
2713 3645 2933 3708 propter
2983 3638 3266 3703 artificem,
3303 3649 3360 3706 ut
3409 3655 3478 3694 ne

1911 3746 2151 3802 unquam
2182 3747 2406 3788 vacasse
2458 3731 2524 3786 ab
2551 3746 2716 3802 Opere
2745 3731 3108 3798 existimetur,
3141 3731 3222 3784 vel
3253 3738 3478 3801 propter

1915 3929 2241 3985 solidissima
2264 3937 2368 3990 est.
2397 3945 2499 3984 nec
2529 3930 2699 3999 tangit
2731 3927 3040 3999 opinionem
3086 3925 3226 3999 apud
3255 3935 3479 3988 nosme-

1917 4012 1999 4056 tes
2052 4001 2242 4070 agitari
2307 4001 2542 4064 solitam,
2573 3997 2783 4070 uirum
2821 3999 3058 4052 mundus
3114 3997 3198 4070 vel
3236 4004 3477 4050 creatum

1917 4067 2120 4140 aliquid
2155 4070 2390 4140 potuerit
2417 4086 2538 4124 esse
2565 4067 2632 4123 ab
2654 4077 2890 4134 aeterno;
2922 4083 3028 4120 non
3059 4068 3206 4140 velut
3247 4081 3346 4121 ens
3379 4083 3477 4119 ne;

1917 4137 2240 4203 cessariu'm,
2288 4150 2343 4194 et
2395 4139 2537 4210 quod
2588 4141 2668 4194 sic
2717 4155 2868 4200 esse,
2919 4153 3039 4210 sua_
3068 4137 3474 4210 ipsum_n_atura

1953 4220 2160 4277 eteret;
2198 4211 2293 4266 sed
2334 4205 2779 4280 tit-contingens,
2815 4217 2868 4280 ct
2899 4205 3042 4276 quod
3086 4208 3198 4260 sola
3240 4205 3332 4280 Dei
3383 4221 3479 4258 vo-

245 4271 583 4350 hominerh.’
610 4279 828 4341 habeat,
863 4271 1139 4350 multaque
1197 4283 1324 4336 item
1377 4271 1521 4335 velut
1549 4271 1806 4345 belluina,
1843 4271 1884 4326 Ι)
1913 4271 2121 4336 iuntate
2148 4271 2228 4336 sic
2248 4289 2410 4336 esset.
2437 4271 2948 4350 Quanquam-etiam
2971 4292 3086 4331 eam
3118 4277 3478 4350 mternitatem

244 4351 470 4405 absonis
512 4347 621 4403 illis
662 4351 954 4420 dogmatis,
983 4347 1181 4420 quibus
1212 4366 1308 4407 sua
1343 4367 1567 4421 qumque
1608 4353 1811 4420 optima

244 4421 480 4474 vitiavit:
503 4435 611 4473 non
643 4421 822 4474 minus
850 4421 975 4474 mali
1002 4421 1226 4478 effectus
1253 4422 1448 4489 forma,
1481 4421 1572 4475 ubi
1611 4422 1808 4484 malus,

244 4506 408 4561 quam
445 4490 595 4561 b_oni.
629 4490 718 4542 ubi
740 4490 938 4546 bonus.

315 4561 430 4629 (l9)
455 4559 651 4613 Divina
678 4561 896 4630 scientia
921 4571 1144 4614 creatas.
1177 4559 1268 4615 Sic
1294 4560 1492 4630 ubique
1524 4559 1579 4614 S.
1600 4560 1812 4624 doctor,

243 4631 695 4701 probatioresque
711 4629 989 4701 theologi;
1027 4631 1336 4700 frustraque
1355 4629 1647 4701 quaerimus
1666 4631 1812 4701 aliud

249 4697 303 4756 in
339 4700 472 4763 Deo,
504 4697 664 4754 etiam
694 4697 1014 4754 distinctum
1043 4697 1388 4770 virtute—qud
1408 4717 1495 4755 res
1524 4707 1664 4770 agat.
1698 4697 1814 4752 Scit

246 4787 392 4837 esse,
441 4770 654 4834 volens,
689 4778 922 4840 suntque
963 4778 1020 4824 ut
1080 4783 1282 4840 mlerno
1312 4771 1400 4824 illa
1448 4771 1647 4840 placito
1698 4770 1814 4823 vult

246 4857 390 4902 esse,
453 4856 626 4909 eoque
680 4849 810 4894 sunt
838 4839 1020 4902 ’nova,
1053 4841 1198 4894 nulla
1227 4839 1320 4895 Dei
1349 4839 1653 4910 divinisque
1691 4840 1812 4910 ejus

246 4920 342 4965 aut
375 4911 614 4965 scientiae
638 4918 732 4963 aut
759 4911 1050 4965 voluntatis
1074 4913 1330 4964 novitate.

322 4981 438 5050 (20)
480 4980 832 5046 Quamobrem
875 4982 1053 5034 dicitis
1095 4999 1196 5034 non
1244 4981 1487 5049 factum?
1521 4979 1700 5034 Facile
1729 4979 1813 5032 di-

246 5050 466 5112 lemma,
509 5057 568 5103 ut
601 5059 793 5104 statua:
830 5050 1126 5112 aeternitas,
1157 5066 1329 5119 eoque
1374 5051 1560 5104 mundi
1604 5051 1690 5102 cui
1723 5050 1811 5103 illa

249 5129 620 5190 comparatur.
645 5121 724 5174 vel
755 5121 826 5175 sit
877 5121 944 5174 ab
967 5122 1083 5190 ipso
1123 5121 1329 5174 artilice
1353 5129 1406 5175 et
1435 5121 1553 5188 ejus
1595 5120 1812 5188 pr0pria

248 5189 584 5253 conditione,
605 5192 694 5260 qui
714 5198 857 5260 petat
877 5189 1000 5245 esse
1029 5206 1241 5259 semper
1274 5192 1326 5244 in
1356 5199 1500 5252 actu,
1535 5205 1812 5256 nunquam

248 5261 411 5314 otiari
435 5279 450 5327 ;
483 5276 602 5330 quae
623 5270 706 5315 est
733 5262 872 5315 ratio
895 5262 1145 5330 superius
1173 5262 1356 5323 allata,
1391 5269 1442 5315 ct
1467 5262 1612 5314 velut
1647 5274 1812 5312 unum

248 5331 421 5385 totius
448 5331 653 5386 erroris
694 5331 852 5386 istius
882 5330 1326 5396 fundamentum;
1357 5331 1439 5385 vel
1475 5331 1542 5384 ab
1582 5331 1812 5398 ipsamet

249 5407 454 5462 statua,
486 5417 606 5470 qua:
639 5401 716 5471 sic
756 5409 900 5471 petat
928 5417 1034 5454 non
1060 5402 1392 5470 inccepisse;
1429 5401 1571 5470 quod
1600 5408 1812 5471 utrum-

248 5485 356 5592 gne
399 5469 1064 5554 subtilissime'impugnat
1119 5469 1459 5532 Methodius,
1492 5485 1548 5524 re
1591 5469 1810 5551 tandem

288 5539 482 5592 educta
527 5541 592 5592 ad
615 5542 1036 5592 αυτοματισιιόν.
1081 5549 1134 5592 et
1177 5550 1237 5592 ut
1287 5551 1467 5592 creata
1517 5556 1545 5592 a
1589 5556 1647 5592 se
1676 5554 1808 5592 IDSIS

288 5539 482 5594 educta
527 5541 592 5594 ad
615 5539 1036 5610 αὐτοματισμόν,
1081 5549 1134 5594 et
1177 5550 1237 5594 ut
1287 5551 1467 5596 creata
1517 5556 1545 5592 a
1589 5556 1647 5594 se
1676 5539 1808 5606 ipsis

252 5613 380 5674 sint,
408 5626 513 5664 non
533 5627 561 5662 a
583 5610 714 5675 Deo,
747 5609 890 5665 velut
919 5609 969 5665 ei
995 5612 1302 5666 necessario
1325 5622 1589 5665 cozeterna
1620 5626 1632 5661 :
1658 5609 1802 5662 nulla

251 5681 410 5738 etiam
453 5681 684 5735 rationis
728 5681 1122 5742 antecessione,
1169 5681 1330 5735 divini
1383 5697 1525 5742 esse,
1564 5680 1627 5733 ad
1673 5679 1802 5733 illud

251 5765 438 5806 eorum
469 5766 592 5808 esse
620 5754 876 5812 perpetuo
910 5751 1292 5808 necessarium.
1335 5752 1462 5818 Quae
1489 5758 1632 5808 certe
1667 5750 1803 5804 ratio

1915 4350 2255 4405 Methodiana
2309 4362 2622 4421 argumenta
2674 4364 2802 4421 non
2839 4349 3027 4401 leviter
3082 4347 3475 4421 perstringunt,

1912 4423 2058 4475 velut
2080 4437 2143 4476 cx
2181 4422 2296 4489 ipsa
2319 4415 2528 4474 ratione
2559 4422 2725 4474 creati
2761 4418 2852 4484 sit,
2884 4427 2940 4470 ut
2968 4432 3032 4470 eo
3061 4415 3214 4489 quod
3237 4425 3479 4489 creatum

1914 4492 2110 4560 accipit
2139 4485 2218 4545 vel
2240 4507 2362 4546 esse
2390 4492 2474 4545 vel
2496 4499 2724 4547 motum.
2766 4502 3045 4560 necessum
3075 4485 3169 4560 _'sit
3195 4485 3500 4560 unoneqe_Z-_

1917 4554 2051 4613 σθαι
2077 4562 2238 4631 ἀρχῇ,
2301 4571 2357 4614 ιιι
2399 4561 2651 4630 principio
2683 4559 2967 4631 subjaceat.
3004 4554 3261 4631 Sghottus
3292 4555 3365 4631 ad
3387 4555 3479 4631 il_la

1916 4632 2076 4683 verba
2100 4624 2631 4700 etprimampartem
2664 4624 3012 4700 dileinntatis,
3047 4627 3194 4687 ὅπως
3221 4624 3482 4700 μηδαμῶς

1914 4700 2157 4771 ἀργήσας
2183 4694 2302 4769 ’τῆς
2335 4694 2690 4771 δημιουργίας
2739 4697 3027 4771 νομίζοιτο,
3061 4694 3289 4771 causam
3320 4694 3476 4758 hanc,

1915 4764 2113 4844 inquit,
2145 4764 2418 4844 uou'beue'
2457 4764 2720 4844 assequar.
2777 4764 3109 4844 At'necrgo
3161 4764 3494 4844 benenassea

1914 4831 2053 4908 quor
2082 4831 2252 4909 ipsius
2291 4831 2631 4898 modestiam,
2667 4846 2720 4890 et
2780 4851 2941 4905 quam
2978 4831 3138 4909 in're
3167 4843 3275 4887 tam
3309 4831 3476 4909 facili.

1915 4905 2403 4978 sicque—Methodio
2438 4910 2735 4978 inculcata,
2773 4905 3057 4978 praetendit
3093 4906 3474 4978 ignorantiam.

1915 4973 2068 5054 Quod
2089 4989 2235 5054 certe
2257 4981 2414 5048 paulo
2447 4988 2567 5049 post
2600 4977 2666 5054 ad
2688 4973 2826 5030 idein
2850 4977 3116 5054 sequitur,
3143 4976 3289 5054 ξπως
3312 4973 3490 5054 ἀνάρῇ

1915 5043 2024 5120 χ’ως
2047 5043 2269 5118 λέγοιτο
2308 5043 2522 5121 κρατεῖν
2581 5048 2673 5101 τοῦ
2731 5045 3100 5121 τεχνάσματος
3143 5047 3170 5096 ὁ
3209 5043 3474 5112 τεχνίτης,

1915 5114 2220 5187 diciturqne
2257 5136 2321 5174 ex
2346 5114 2546 5173 'eadem
2597 5114 2831 5188 persona
2885 5114 3334 5188 Qrigenianorunt
3363 5151 3378 5178 ,
3414 5127 3477 5165 eo

1915 5184 2274 5244 astmcntium
2309 5184 2636 5243 creationem
2674 5188 2790 5239 sine
2825 5184 3091 5254 principio
3116 5191 3169 5236 et
3193 5191 3473 5254 aeternam,

1915 5274 2028 5332 non
2059 5259 2206 5332 bene
2231 5259 2450 5332 _videtur
2505 5250 3020 5332 assccutnsfdum'
3044 5254 3118 5307 ita
3169 5253 3376 5332 reddit:
3405 5250 3477 5332 βι

1918 5328 2090 5397 opifex
2123 5329 2329 5396 api/icio
2352 5332 2416 5381 ab
2447 5338 2638 5382 a’terno
2668 5325 2843 5389 maior
2872 5322 3085 5378 dicatur
3111 5339 3128 5376 :
3165 5323 3300 5377 nihil
3331 5322 3476 5397 enim

1915 5394 2017 5451 hoc
2051 5398 2116 5451 ad
2156 5394 2518 5466 propositum.
2576 5397 2684 5452 Nos
2719 5399 2791 5451 ita
2822 5412 2833 5446 :
2870 5406 2928 5448 ut
2985 5407 3235 5450 wternum
3261 5394 3476 5466 artifex,

1915 5467 2102 5539 [labere
2153 5465 2362 5521 dicatur
2402 5468 2537 5539 quod
2593 5469 2808 5521 molitus
2842 5467 2911 5519 sit
2945 5482 3070 5533 opus
3101 5483 3162 5539 ar
3191 5465 3476 5539 opiﬁcum.

1917 5537 2012 5612 Est
2039 5538 2193 5606 plane
2239 5539 2351 5592 hare
2378 5536 2471 5612 τοῦ
2507 5543 2728 5612 κρατεῖν
2778 5539 3055 5612 acceptio;
3091 5536 3293 5612 sicque
3325 5536 3482 5606 ἀκρι-

1915 5608 2168 5678 ὅέσπερου
2218 5605 2558 5675 respondent"
2587 5608 2904 5678 Origeniani
2952 5605 3476 5678 caventgs’gbtogi.a~

1912 5663 2124 5747 σεισμόν,
2152 5663 2422 5750 ιιιιιιιιιύιιο
2444 5682 2587 5751 forte
2604 5663 3002 5750 ﬁsitulegcndntn
3026 5663 3260 5752 ἀντξξιόὖ
3291 5663 3451 5748 πικρά

1912 5765 2067 5819 τερον
2999 5758 3011 5818 η’
3100 5754 3129 5767 “
3153 5763 3156 5766 ’
3296 5764 3301 5771 ·
3329 5753 3343 5760 “
