3864 6162
363 321 464 377 539
1326 320 1384 378 S.
1427 320 1757 378 METHODH
1796 321 1912 376 EPll

2022 320 2102 376 lPi
2141 319 2228 374 ΕΤ
2265 319 2622 377 MARTYRIS
3485 319 3590 374 ἳπιο

362 443 653 510 ipsammet
695 441 976 496 statuam?
1023 439 1083 494 Si
1131 440 1350 511 quidem
1383 455 1512 495 vero
1550 447 1770 510 propter
1799 438 1912 492 arti-

2035 439 2135 508 μὲν
2180 437 2287 508 γὰρ
2333 438 2421 490 διά
2455 437 2545 490 τὸν
2590 435 2858 506 τεχνίτην,
2901 435 3017 498 πῶς
3056 436 3317 506 ἀγένητος
3352 433 3430 489 ὢν
3458 435 3592 503 πρὸς

362 535 538 597 licem,
567 534 660 603 qui
705 533 820 599 illa,
846 549 970 588 cum
1001 534 1072 588 sit
1099 547 1206 587 non
1235 531 1406 598 facta,
1440 533 1709 602 eilingitur
1735 533 1803 587 ab
1835 548 1912 585 ar-

2024 531 2118 584 τοῦ
2143 531 2386 602 τεχνίτου
2427 529 2866 599 δημιουργεῖται;
2906 529 2954 580 εί
2999 527 3108 598 γὰρ
3139 527 3274 590 ὅλως
3321 529 3376 580 ἐν
3415 525 3590 595 ἐνδείᾳ

359 627 545 682 tiﬁce?
575 627 632 680 Si
657 628 803 682 enim
834 627 1056 681 omnino
1089 626 1454 681 necessariam
1489 626 1650 680 habet
1680 625 1925 679 metalla-

359 722 499 774 riam
533 729 726 788 artem,
758 730 817 774 ut
869 721 1096 791 recipiat
1125 736 1510 791 quamcunque
1549 719 1744 775 artifex
1772 720 1924 774 malit

360 814 612 884 figuram,
639 831 746 884 qua
773 814 986 868 ratione
1011 815 1115 868 erit
1145 829 1255 867 non
1286 813 1448 879 facta,
1472 830 1591 884 qua:
1615 821 1668 867 et
1691 814 1924 883 patiatur

359 907 426 959 ab
445 908 670 970 artifice,
698 916 751 962 et
784 906 911 960 fiat?
941 905 1034 960 Sin
1068 915 1270 970 autem,
1299 907 1442 962 velut
1467 924 1497 960 a
1527 922 1585 962 se
1614 907 1726 978 ipsa
1758 907 1922 960 abso-

357 998 618 1054 lutionem
651 999 876 1064 habens,
909 1008 963 1054 et
1010 998 1210 1054 infecta
1261 999 1642 1070 increataque,
1698 1009 1757 1052 ut
1799 1014 1923 1068 per-

353 1089 563 1146 niciosa
590 1099 770 1145 vestra
799 1091 960 1146 habet
985 1091 1279 1156 sententia,
1333 1091 1547 1146 dieatur
1579 1107 1687 1146 non
1722 1091 1922 1145 habere

353 1188 524 1236 artem
549 1182 948 1249 necessariam;
977 1197 1267 1237 necessum
1296 1189 1400 1247 est,
1425 1181 1721 1242 fateamini,
1740 1195 1919 1234 rerum

353 1285 385 1324 τι
407 1287 466 1326 se
497 1281 548 1330 et
569 1282 926 1342 spontaneum
952 1281 1133 1326 ortum
1167 1293 1179 1328 :
1207 1273 1290 1326 vel
1331 1283 1496 1335 certe,
1546 1289 1721 1342 neque
1777 1273 1919 1325 hunc

350 1359 492 1415 forte
525 1359 870 1415 admittentes
917 1376 1247 1425 sermonem,
1280 1361 1571 1416 absurdius
1605 1360 1919 1431 responsuri

352 1459 514 1518 sunt;
551 1459 610 1506 ut
663 1459 897 1507 statuam
944 1453 1161 1522 quidem
1212 1453 1464 1508 infectam
1523 1469 1631 1507 non
1693 1453 1916 1518 dicant;

352 1539 554 1596 factam
584 1557 712 1598 vero
733 1541 1025 1611 ejusmodi,
1062 1549 1118 1596 ut
1153 1558 1258 1597 non
1283 1542 1479 1596 habeat
1505 1550 1658 1598 ortus
1679 1541 1916 1604 initium,

351 1641 412 1688 ut
452 1640 715 1688 aeternum
767 1631 958 1687 artifex
985 1632 1186 1687 habere
1233 1634 1445 1688 dicatur
1483 1633 1626 1703 quod
1666 1633 1919 1687 moliatur

347 1724 646 1793 opiﬁcium.
674 1723 820 1779 Heus
861 1740 958 1780 vos
990 1739 1138 1794 ergo,
1171 1725 1444 1791 dicemus,
1479 1727 1525 1780 si
1574 1740 1748 1794 neque
1776 1732 1914 1778 tem-

350 1832 453 1885 pus
504 1831 678 1885 neque
709 1830 882 1869 anum
927 1824 1072 1869 retro
1126 1814 1292 1868 ullum
1343 1816 1663 1885 reperiatur,
1703 1816 1917 1886 quando
1951 1794 1991 1848 Β

349 1914 530 1960 statua
569 1904 807 1975 perfecta
857 1921 965 1960 non
1009 1905 1192 1967 fuerit,
1224 1905 1375 1974 quid,
1412 1921 1563 1975 rogo,
1594 1906 1669 1960 illi
1721 1906 1914 1961 artifex

349 1995 623 2068 prazstitit,
667 1995 862 2065 quidve
902 1995 957 2050 in
990 1995 1079 2049 illa
1114 1996 1262 2066 egit?
1309 1995 1442 2051 Nam
1478 2000 1523 2052 si
1569 1998 1684 2067 ipsa
1716 1997 1918 2053 nullius

347 2105 535 2159 egens,
566 2087 816 2158 principii
843 2094 996 2142 ortus
1023 2103 1214 2156 expers
1241 2098 1359 2156 est;
1392 2105 1671 2159 nunquam
1714 2091 1915 2160 potius,

347 2180 403 2232 in
445 2179 712 2234 sententia
743 2188 942 2244 vestra,
977 2177 1156 2249 opifex
1201 2180 1487 2247 efﬁnxerit,
1521 2189 1616 2236 aut
1663 2182 1918 2240 inventus

344 2269 528 2340 Opifex
580 2269 764 2324 fuerit.
794 2269 972 2342 Atque
1021 2270 1092 2324 ita
1142 2286 1333 2326 rursus
1381 2273 1437 2326 in
1487 2273 1629 2328 idem
1674 2275 1916 2329 revoluta

345 2364 547 2427 oratio,
574 2369 768 2432 sponte
818 2378 916 2418 sua
974 2360 1174 2416 factum
1208 2378 1380 2432 opus,
1417 2363 1571 2419 fateri
1623 2375 1797 2436 coget.
1858 2366 1917 2420 Si

345 2454 492 2507 enim
515 2451 706 2508 artifex
739 2453 824 2508 vel
855 2452 1151 2508 exilissime
1177 2461 1408 2509 statuam
1429 2457 1663 2513 movisse
1691 2459 1914 2523 dicitur,

349 2545 535 2615 utique
568 2545 814 2615 subjacet
839 2544 1126 2614 principio,
1157 2562 1262 2616 qua
1295 2547 1342 2602 is
1375 2548 1585 2603 ratione
1629 2549 1916 2605 informem

345 2635 474 2689 olim
497 2643 552 2691 et
580 2636 698 2691 sine
717 2645 887 2699 motu,
941 2653 1158 2694 movere
1191 2639 1357 2707 coapit
1385 2647 1544 2709 atque
1580 2641 1769 2710 polire.
1806 2641 1916 2696 Nec

342 2742 474 2796 ergo
508 2730 643 2791 erat,
675 2743 776 2782 nec
801 2735 886 2783 est
929 2727 1148 2783 futurus
1183 2729 1322 2784 idem
1366 2738 1622 2799 perpetuo
1656 2733 1914 2790 mundus.

342 2815 756 2888 Comparandus
779 2821 924 2873 enim
963 2827 1047 2876 est
1077 2820 1272 2874 artifex
1297 2820 1424 2886 Deo,
1458 2830 1511 2876 et
1546 2832 1725 2878 statua
1754 2841 1915 2880 mun-

344 2909 438 2964 do.
498 2908 784 2974 Quomodo
831 2911 1012 2980 igitur,
1065 2927 1099 2966 ο
1149 2912 1546 2982 stupidissimi,
1608 2925 1912 2972 creaturam

341 3001 664 3056 existimatis
689 3003 920 3057 creatori
948 3009 1293 3068 coaeternam,
1327 3003 1449 3073 ejus
1480 3020 1645 3076 opera
1677 3023 1786 3062 non
1830 3009 1915 3064 in-

340 3091 562 3163 digere?
590 3092 744 3159 Quod
780 3093 923 3149 enim
967 3105 1052 3150 est
1081 3103 1428 3160 coaeternum,
1461 3113 1586 3151 cum
1619 3100 1764 3154 nulla
1822 3116 1914 3154 ra-

347 3185 498 3239 tione
529 3184 725 3240 habeat
752 3187 1045 3241 creationis
1084 3195 1344 3257 ortusque
1373 3189 1719 3259 principium,
1749 3192 1911 3246 etiam

341 3276 646 3343 oportuerit
697 3291 820 3331 esse
866 3275 1276 3340 coincreatum,
1333 3277 1633 3348 eademque
1688 3279 1909 3336 virtute.

339 3362 532 3430 Porro,
556 3364 702 3436 quod
729 3367 895 3421 semel
923 3368 1222 3422 increatum
1267 3375 1428 3437 atque
1465 3383 1495 3422 a
1525 3385 1584 3424 se
1607 3368 1909 3439 perfectum

337 3462 394 3510 et
430 3455 764 3510 immutabile
797 3456 972 3511 visum
1024 3458 1128 3522 sit,
1161 3459 1365 3513 nullius
1425 3459 1587 3514 etiam
1635 3475 1799 3529 egens
1853 3471 1909 3518 et

2024 624 2122 694 τῆς
2169 623 2362 692 τέχνης
2412 621 2715 690 καθέστηκε
2775 617 3274 689 χαλκουργούμενος
3338 616 3472 689 πρὸς
3533 615 3591 669 τὸ

2026 717 2171 785 σχεῖν
2215 716 2395 767 ὁποῖον
2422 717 2450 767 6
2476 710 2804 783 δημιουργὸς
2835 709 3004 762 ἐθέλοι
3051 709 3371 781 χαρακτῆρα
3391 747 3406 771 ,
3451 707 3589 778 ποίῳ

2021 809 2207 879 τρόπῳ
2244 807 2502 877 ἀγένητος
2533 805 2680 858 ἔσται
2727 803 2946 874 πάσχων
2980 819 3039 854 τε
3074 801 3164 854 καὶ
3205 800 3508 871 δρώμενος;
3541 802 3588 853 εί

2021 901 2077 955 δὲ
2108 895 2174 954 αὖ
2221 898 2288 951 δι’
2330 897 2520 950 ἐαυτὸν
2565 897 2768 960 τέλειος
2815 895 2909 948 καὶ
2957 894 3218 964 ἀγένητος
3264 892 3474 960 λέγοιτο
3514 891 3588 961 μὴ

2020 990 2226 1044 δεῖσθαι
2251 991 2348 1060 τῆς
2391 989 2588 1058 τέχνης
2620 991 2648 1042 6
2680 986 2922 1058 ἀνδριὰς,
2967 984 3108 1038 κατά
3141 985 3198 1037 τὸ
3239 983 3476 1054 ὀλέθριον
3505 982 3589 1034 δό-

2021 1100 2157 1154 γμα,
2186 1082 2395 1152 ἀνάγκη
2427 1079 2832 1152 αὐτοματισμὸν
2878 1077 3182 1149 ὁμολογεῖν.
3216 1077 3285 1128 Ἦ
3320 1075 3438 1128 οὑδέ
3466 1073 3590 1127 τοῦι

2019 1195 2108 1230 τον
2159 1177 2286 1241 ἴσως
2326 1175 2678 1245 ἐθελήσαντες
2729 1172 3106 1245 προσήκασθαι
3151 1170 3241 1223 τὸν
3279 1170 3454 1238 λόγον,
3496 1188 3587 1222 πι-

2021 1273 2274 1343 κρότερον
2307 1271 2418 1341 (25)
2459 1267 2907 1340 ἀποκρινοῦνται,
2945 1268 3006 1321 τὸ
3040 1267 3137 1338 μὲν
3171 1265 3363 1337 βρέτας
3393 1265 3588 1335 ἀγένη-

2017 1381 2108 1418 τον
2135 1365 2234 1418 οὐκ
2264 1359 2398 1416 εἶναι
2426 1362 2690 1431 λέγοντες·
2719 1361 2944 1430 γενητὸν
2967 1360 3022 1413 δὲ
3051 1356 3186 1413 εἶναι
3214 1359 3298 1413 ἀεὶ
3323 1356 3587 1426 γενέσεως

2017 1455 2189 1527 ἀρχὴν
2217 1454 2315 1507 οὐκ
2344 1454 2486 1524 ἔχον,
2515 1455 2662 1516 ὅπως
2704 1452 2953 1523 ἀνάρχως
2995 1451 3204 1519 λέγοιτο
3233 1451 3453 1522 κρατεῖν
3490 1447 3582 1501 τοῦ

2016 1544 2457 1619 τεχνάσματοςλὸ
2499 1543 2765 1614 τεχνίτης.
2796 1540 3022 1606 υὺκοῦν,
3059 1535 3104 1594 ὧ
3145 1535 3309 1606 οὗτοι,
3358 1539 3584 1608 λέξομεν

2017 1633 2219 1695 αὐτοῖς,
2267 1634 2315 1685 εἰ
2345 1632 2419 1702 μὴ
2462 1632 2670 1704 χρόνος,
2713 1633 2850 1703 μήτε
2877 1631 3009 1684 αἰὼν
3046 1632 3348 1702 εὑρίσκοιτο
3378 1629 3583 1694 ἐπάνω,

2018 1726 2105 1778 ὅτε
2153 1724 2252 1777 οὐκ
2293 1720 2360 1794 ἦν
2395 1723 2596 1787 τέλειος
2633 1727 2661 1777 6
2703 1724 2950 1796 ἀνδριάς,
2985 1723 3035 1776 τί
3079 1723 3347 1793 παρέσχεν
3379 1722 3525 1792 αὐτῷ
3554 1723 3587 1776 ὀ

2017 1816 2283 1887 τεχνίτης,
2313 1814 2345 1886 ἢ
2371 1814 2422 1867 τί
2452 1816 2752 1886 ἐνήργησεν
2785 1817 2864 1878 εἰς
2897 1815 3057 1869 αὑτὸν
3077 1855 3092 1879 ,
3129 1815 3294 1884 φατέ;
3326 1814 3386 1866 Ei
3419 1814 3524 1884 γὰρ
3555 1815 3586 1867 6

2019 1909 2179 1972 αὐτὸς
2225 1905 2478 1976 ἀνενδεὴς
2520 1905 2614 1970 ὢν,
2664 1906 2758 1960 καὶ
2799 1907 2898 1958 οὐκ
2943 1905 3081 1974 ἔχων
3116 1904 3288 1977 ἀρχὴν
3322 1904 3584 1973 γενέσεως

2017 1999 2292 2070 τυγχάνει,
2325 1999 2500 2070 ταύτῃ
2527 1997 2723 2068 μᾶλλον
2754 1997 2874 2051 καθ’
2906 1998 3046 2067 ὑμᾶς
3077 1999 3103 2050 6
3135 1995 3464 2068 δημιουργὸς
3494 1994 3585 2046 οὒ-

2016 2093 2204 2146 δέποτε
2249 2093 2690 2164 δημιουργήσας,
2745 2089 2867 2144 οὔτε
2917 2088 3256 2160 δημιουργῶν
3297 2087 3586 2159 εὑρεθήσε-

2015 2201 2126 2239 ται.
2155 2185 2262 2238 Καὶ
2289 2185 2447 2239 πάλιν
2480 2186 2559 2247 εἰς
2587 2184 2716 2236 αὐτὸ
2753 2182 2926 2235 ἔοικεν
2953 2183 2981 2234 6
3006 2180 3160 2248 λόγος
3188 2179 3584 2252 περιδεδραμη-

2016 2277 2200 2341 κέναι,
2254 2276 2658 2347 αὐτοματισμὸν
2707 2277 3006 2346 ὁμολογεῖν.
3056 2274 3178 2328 Ἐἀν
3228 2274 3335 2344 γάρ
3386 2273 3487 2326 κᾶν
3521 2270 3586 2325 τὸ

2016 2369 2401 2440 ἀκαριαίτατον
2429 2368 2717 2440 ἀνδριάντα
2746 2369 2972 2439 κινήσας
2998 2369 3025 2419 6
3047 2365 3374 2437 δημιουργὸς
3395 2363 3580 2435 λεχθῇ,

2017 2461 2157 2532 ἀρχῇ
2187 2462 2557 2525 ὑποπεσεῖται,
2599 2459 2716 2513 καθ’
2758 2459 2825 2530 ἣν
2856 2459 3113 2530 πρότερον
3156 2458 3314 2511 αὐτὸν
3345 2457 3585 2526 ἄκοσμον

2017 2555 2110 2608 καὶ
2139 2554 2391 2623 ἀκίνητον
2419 2553 2576 2615 ὄντα,
2607 2550 2806 2624 ἤρξατο
2846 2553 3012 2604 κινεῖν
3046 2551 3137 2603 καὶ
3169 2552 3412 2620 κοσμεῖν.
3443 2549 3582 2600 Οὐκ.

2015 2643 2108 2695 οὖν
2142 2644 2235 2697 καὶ
2272 2638 2339 2713 ἦν
2378 2642 2472 2695 καὶ
2503 2641 2654 2693 ἔσται
2693 2639 2954 2710 διηνεκῶς
2982 2641 3010 2691 6
3047 2637 3206 2700 αὐτὸς
3247 2637 3332 2690 ἀεί⁹
3359 2635 3580 2705 κόσμος.

2029 2735 2408 2788 Ἀπεικαστέον
2447 2734 2555 2806 γάρ
2593 2732 2670 2804 τῷ
2703 2733 2800 2802 μὲν
2842 2731 2960 2802 Θεῷ
2988 2731 3077 2783 τὸν
3108 2730 3377 2800 τεχνίτην,
3403 2727 3492 2779 τὸν
3523 2726 3580 2779 δὲ

2015 2824 2305 2897 ἀνδριάντα
2337 2823 2418 2894 τῷ
2449 2825 2655 2894 κόσμῳ.
2701 2823 2782 2893 Πῆ
2827 2822 2870 2874 δ’
2913 2819 3026 2885 οὖν,
3078 2815 3122 2874 ὦ
3159 2820 3374 2890 ἠλίθιοι,
3407 2817 3580 2880 οἴεσθε

2013 2915 2111 2987 τὴν
2141 2916 2317 2968 κτίσιν
2369 2915 2768 2986 συναπέραντον
2815 2909 2978 2968 οὖσαν
3021 2912 3099 2983 τῷ
3141 2909 3470 2982 δημιουργῷ,
3507 2908 3581 2979 μὴ

2014 3007 2220 3060 δεῖσθαι
2265 3007 2358 3060 τοῦ
2395 3006 2758 3078 δημιοτδργοῦ;
2789 3005 2862 3058 Τὸ
2899 3005 3008 3077 γὰρ
3039 3004 3436 3073 συναπὲραντον
3479 3017 3583 3071 μη-

2015 3098 2200 3168 δαμῶς
2246 3098 2420 3170 ἀρχὴν
2456 3098 2720 3166 γενέσεως
2761 3096 2913 3167 ἔχον,
2949 3095 3042 3148 καὶ
3096 3093 3448 3164 συναγένητον
3483 3090 3578 3144 καὶ

2022 3190 2228 3242 ίσοδύνα
2238 3207 2337 3260 μον
2361 3189 2571 3258 ἀνάγκη
2605 3188 2909 3258 τυγχάνειν.
2937 3186 3008 3238 Τὸ
3029 3185 3085 3237 δέ
3115 3185 3392 3254 ἀγένητον,
3421 3183 3582 3235 αὑτοο

2014 3282 2166 3347 τελές
2189 3284 2283 3336 καὶ
2307 3281 2570 3353 ἄτρεπτον
2598 3279 2816 3350 φανθέν,
2848 3279 2942 3331 καὶ
2977 3276 3271 3348 ἀπροσδεὲς
3299 3275 3391 3328 καὶ
3419 3271 3582 3342 ἀφθο-

2020 3392 2110 3445 ρον
2155 3373 2270 3446 [ἂν]
2317 3374 2496 3427 ἐσται·
2537 3372 2630 3426 καὶ
2667 3373 2715 3423 εί
2759 3367 2915 3423 τοῦτο
2953 3367 3123 3432 οὕτως
3161 3367 3304 3438 ἔχει,
3341 3364 3520 3418 οὐκέτι
3550 3364 3584 3416 6

2015 3468 2218 3537 κόσμος
2245 3467 2474 3538 τρεπτὺς
2501 3465 2619 3518 καθ’
2647 3465 2810 3534 ὑμᾶς.

341 3545 582 3602 immune
607 3562 638 3601 a
673 3549 1022 3618 corruptione
1069 3548 1216 3605 erit:
1254 3558 1416 3620 atque
1459 3548 1616 3616 adeo,
1669 3549 1796 3605 dum
1843 3568 1929 3610 res
1973 3559 2053 3612 sic
2079 3557 2294 3623 habeat,
2329 3555 2434 3611 erit
2472 3554 2707 3610 mundus
2734 3554 2790 3609 in
2847 3561 3029 3610 vestra
3069 3550 3332 3608 sententia
3385 3548 3583 3603 immu-

341 3641 544 3696 taltilis.

411 3732 500 3786 Vi.
527 3741 544 3756 ‘
573 3733 890 3803 Ecclesiam,
927 3739 994 3792 ab
1050 3738 1408 3808 appellandis,
1434 3753 1497 3793 ac
1530 3755 1628 3794 ceu
1685 3741 1752 3796 ad
1783 3757 1907 3797 cer-

339 3831 520 3879 tamen
552 3828 813 3881 Vocandis
842 3829 1210 3898 voluptatibus
1243 3829 1357 3900 (2i)
1389 3830 1591 3884 dictam
1621 3832 1718 3886 ait.

413 3915 525 3972 Vll.
557 3917 646 3972 Ait
672 3918 908 3976 Sanctus
964 3940 978 3975 :
1011 3921 1152 3977 Duas
1187 3938 1349 3994 porro
1410 3923 1546 3993 (9.2),
1588 3923 1642 3978 in
1695 3924 1762 3980 iis
1788 3942 1910 3996 qua:

412 4074 433 4095 ⁹
465 4073 939 4152 Schol.Q_uom_od_o
961 4076 1015 4130 id
1043 4077 1203 4152 dicis,
1239 4087 1427 4135 sancte
1464 4079 1578 4144 Dei,
1614 4079 1665 4135 si
1693 4081 1909 4152 quidem

337 4142 609 4213 ejusmodi
641 4153 733 4200 tua
761 4148 946 4216 Opinio
984 4149 1106 4203 est?

408 4298 520 4368 (2i)
549 4301 626 4352 Ab
655 4301 979 4368 appellandis
1020 4319 1081 4356 ac
1110 4319 1200 4356 ceu
1248 4303 1316 4356 ad
1365 4313 1627 4358 certamen
1659 4303 1901 4358 vocandis

339 4369 689 4444 optumatibus
723 4412 736 4434 ,
774 4373 936 4444 napi
996 4373 1060 4444 τὸ
1097 4374 1488 4444 ἐκκεκληκὲναι
1544 4378 1644 4436 τὰς
1693 4375 1906 4444 ἡδονάς.

339 4437 616 4513 Vixcet‘te
650 4441 812 4513 fuerit
841 4437 1097 4513 subtilius
1119 4437 1390 4513 etymum.
1433 4437 1762 4513 digniusque
1793 4442 1907 4498 Me—

336 4509 613 4582 tliodioac
631 4528 694 4566 eo
720 4511 923 4565 Christi
947 4509 1284 4582 athletafqui
1304 4512 1395 4566 tali
1432 4509 1561 4567 olim
1591 4509 1907 4576 certamine,

335 4578 404 4652 ad
435 4580 699 4649 insignem
738 4582 880 4652 illam
910 4585 975 4652 de
997 4578 1226 4651 tyranno
1257 4584 1560 4645 victoriam,
1595 4599 1758 4652 quam
1789 4591 1912 4636 tun-

333 4649 458 4704 dem
487 4661 691 4721 martyr
730 4651 959 4706 illustris
985 4649 1242 4714 obtinuit,
1282 4668 1399 4708 sese
1436 4649 1658 4708 strenue
1687 4669 1909 4722 compa-

335 4726 555 4792 rasset;
595 4722 742 4775 velut
787 4721 927 4791 apud
977 4731 1249 4777 nostrates
1291 4722 1486 4778 Petrus
1544 4724 1634 4778 ille
1682 4721 1906 4792 martyr,

333 4804 461 4844 vere
483 4788 689 4865 Christi
729 4802 782 4846 et
820 4788 975 4865 ante
1019 4794 1334 4865 martyrium
1388 4793 1600 4865 hostia_,
1643 4788 1912 4865 pauloque

333 4861 578 4914 anterior
632 4877 695 4914 ac
730 4861 902 4930 gradu
928 4861 1175 4916 vicinior"
1209 4862 1503 4927 Methodio,
1541 4862 1783 4916 Thomas
1819 4863 1911 4916 ille

336 4932 515 5000 gentis
557 4931 879 5000 Anglorum,
936 4931 1139 4986 utinam
1192 4933 1412 4986 virtutis
1461 4933 1667 4987 amula:
1713 4933 1904 4985 decus.

334 4998 685 5053 Mireaccinit
708 5019 859 5055 tne-us
882 5002 972 5056 ille
996 5002 1405 5071 Amphilochius
1423 5003 1568 5057 hom.
1603 5001 1674 5055 De
1701 5003 1907 5068 ρωηίε..

334 5072 564 5142 cunLita
591 5071 659 5142 de
687 5071 902 5126 diabolo
922 5083 1240 5129 succentore
1268 5075 1606 5142 passionum,
1643 5072 1906 5142 loquitur,

333 5152 389 5206 p.
416 5138 486 5191 95
504 5158 527 5214 _:
555 5141 747 5214 ¢Oovai
769 5141 876 5214 γάρ
911 5143 1048 5214 ὑπὲρ
1091 5138 1296 5206 πάντας
1341 5144 1401 5196 τὸ
1427 5144 1582 5214 γένος
1629 5138 1736 5194 τῶν
1785 5143 1912 5214 Χρι-

336 5209 587 5284 στιανῷν,
616 5211 690 5274 ὡς
726 5209 1196 5284 ἀποστρεφόμενον
1249 5215 1348 5284 τῆς
1384 5209 1910 5284 ἑαυτοῠῄματαιότη-

333 5293 426 5339 τος
455 5280 690 5336 πάντων.
735 5281 854 5336 Prw
888 5280 1198 5338 mortalibus
1247 5280 1384 5337 enim
1437 5280 1699 5343 omnibus,
1749 5282 1910 5334 livore

335 5346 504 5424 fertur
531 5350 584 5402 in
606 5349 967 5406 Christianum
995 5370 1154 5424 genus
1186 5369 1233 5408 et
1275 5370 1480 5416 nomen,
1525 5352 1662 5408 velut
1689 5350 1912 5424 quodex

335 5418 577 5490 omnibus
632 5436 742 5474 stur
795 5424 956 5490 ipsius
995 5418 1282 5480 'dementia:
1338 5424 1612 5477 adversum
1661 5418 1859 5476 uenerit
1890 5438 1908 5475 :

335 5489 1009 5568 atqueadeo_velut__sol_o_s_
1055 5495 1248 5568 habeat
1297 5493 1678 5568 adversarios;
1709 5491 1910 5562 quibus

333 5558 562 5632 psoinde
602 5561 747 5632 velut
776 5563 907 5616 solis
937 5563 1013 5616 illi
1044 5565 1283 5618 militans
1321 5565 1658 5632 voluptatum
1689 5558 1906 5629 agmen,

339 5628 632 5703 objectum_
666 5631 835 5703 videri
869 5634 1074 5703 possit,
1114 5642 1296 5702 aperta
1336 5628 1607 5703 baptismo
1640 5628 1788 5686 velut
1821 5646 1909 5703 pa-

334 5696 542 5772 lzestra;
593 5698 832 5772 Ecclesia
869 5696 989 5770 'qua
1047 5696 1446 5772 depugnemus';
1479 5719 1545 5756 eo
1599 5696 1908 5772 etiamtum

332 5770 706 5838 caerimoniali,
746 5779 858 5826 tum
886 5786 1063 5840 sacro,
1101 5770 1155 5849 in
1184 5770 1268 5842 eo,
1298 5775 1476 5830 unctis
1499 5773 1650 5841 oleo;
1691 5771 1908 5842 quando

2087 3743 2205 3808 τῖ’)
2226 3742 2347 3793 Ὅτι
2413 3740 2707 3810 Ἐκκλησία
2750 3738 2909 3811 παρὰ·
2945 3740 3005 3792 τὺ
3049 3737 3437 3808 ἐκκεκληκέναι
3481 3738 3581 3800 τὰς

2015 3833 2206 3904 ἡδονάς
2234 3831 2486 3901 λέγεσθαί
2513 3849 2694 3903 φησιν.

2086 3928 2158 3980 Z'.
2197 3927 2318 3977 ’Ότι
2348 3925 2508 3996 φησιν
2539 3926 2567 3977 6
2593 3925 2799 3992 Ἀγιοςσ
2849 3921 2952 3976 Δύο
2991 3920 3049 3975 δὲ
3091 3921 3346 3991 δυνάμεις
3382 3922 3439 3975 ἐν
3468 3921 3578 3982 τοῖς

2087 4082 2106 4101 ⁹
2139 4081 2413 4146 Σχόλιον.
2445 4078 2591 4151 Πῶς
2611 4079 2769 4151 τοῦτο
2810 4079 2934 4151 φῂς,
2967 4077 3088 4147 ἀγιε
3117 4077 3209 4132 τοῦ
3237 4077 3390 4143 Θεοῦ,
3421 4076 3580 4147 εἴπερ

2019 4151 2115 4204 καὶ
2145 4151 2226 4203 σοὶ
2258 4153 2291 4222 ή
2318 4150 2540 4222 τοιαύτη
2575 4150 2734 4216 δόξα;

2010 4311 2064 4358 et
2093 4319 2332 4366 sacrum,
2365 4304 2485 4373 ejus
2501 4311 2585 4358 est
2612 4305 2754 4358 velut
2783 4303 3198 4361 consummatio.
3238 4299 3575 4373 Hmschelius

2014 4375 2182 4446 hocce
2209 4369 2445 4446 etymuiu
2483 4375 2829 4446 itaexpouit,
2866 4382 2924 4446 ut
2956 4373 3185 4446 voluerit
3216 4373 3414 4424 dictam
3451 4369 3575 4422 Ἐκ-

2016 4444 2241 4515 κλησίαν
2268 4443 2423 4514 quasi
2468 4443 2763 4507 ἐκκλισίαν,
2796 4462 2826 4497 a
2856 4444 2981 4515 fuga
3011 4444 3332 4515 voiuptotum
3360 4460 3374 4505 ,
3401 4455 3576 4515 eoque

2016 4509 2302 4584 legenduni
2349 4515 2772 4584 ἐκκεκλικέναιε
2836 4509 3090 4584 οᾱόυωί
3130 4509 3312 4584 etiam
3365 4509 3579 4584 videtur

2015 4579 2320 4654 respexisse
2354 4581 2612 4638 Schottus
2645 4585 2734 4638 illa
2783 4582 3092 4654 parenthesi
3141 4579 3257 4652 (hoc
3279 4590 3353 4634 est
3387 4580 3578 4654 exslir:

2013 4646 2565 4729 part'dis).‘Enimvero
2601 4655 2680 4729 sic
2731 4646 2838 4729 non
2883 4646 3159 4729 egregium
3187 4659 3446 4729 etymum,
3480 4646 3579 4702 sed

2015 4720 2214 4793 inepta
2259 4723 2422 4778 fuerit
2474 4725 2870 4792 aaquivocatio,
2920 4720 3142 4793 dignior
3196 4721 3317 4793 rudi
3383 4720 3580 4788 lingua:

2013 4791 2234 4856 Graecae,
2261 4809 2421 4861 quam
2458 4791 2848 4848 facundissimo
2878 4795 2931 4846 in
2987 4809 3048 4846 ea
3085 4791 3378 4849 Methodio,
3409 4804 3576 4858 quem

2014 4864 2174 4932 plane
2205 4880 2312 4918 non
2343 4865 2496 4932 fugit,
2525 4879 2685 4934 quam
2719 4864 2966 4917 dedimus
2984 4879 3105 4934 non
3151 4862 3221 4934 ita
3255 4861 3579 4934 insolentem

2014 4929 2461 5003 aptissimamque
2483 4929 2780 5003 proposito,
2797 4935 2887 4988 illa
2915 4932 3007 4986 τοῦ
3027 4931 3275 4984 ἐκκαλεῖν
3305 4929 3571 4998 acceptio.

2084 5025 2197 5097 (2'2)
2231 5025 2376 5080 Duas
2401 5043 2578 5096 porro,
2623 5035 2729 5081 etc.
2770 5025 2914 5097 Duas
2958 5023 3258 5097 hypostasi,
3308 5035 3468 5074 unam
3518 5035 3580 5073 re

2013 5096 2129 5165 ipsa
2147 5095 2433 5160 etnatura,
2465 5113 2638 5166 eoque
2671 5112 2776 5149 una
2807 5095 3034 5149 indivisa
3068 5095 3278 5148 actione
3305 5100 3362 5166 et
3387 5104 3580 5144 crean—

2014 5161 2095 5222 tes
2127 5169 2434 5239 materiam,
2461 5174 2515 5221 et
2543 5161 2892 5239 distinctione
2928 5172 3205 5239 orn-antes.
3239 5161 3354 5216 sola
3379 5175 3581 5239 appro-

2015 5237 2283 5306 priatione
2316 5229 2485 5292 altera
2519 5237 2620 5292 sibi
2653 5237 2902 5296 alterum,
2932 5236 3099 5288 altera
3128 5235 3356 5306 alterum
3397 5229 3580 5306 vindi-

2011 5300 2169 5362 cante
2208 5329 2221 5360 :
2255 5305 2413 5362 Patre
2442 5308 2823 5378 creationem,
2861 5313 2918 5358 ut
2948 5307 3000 5358 in
3035 5319 3139 5373 qua
3188 5302 3422 5378 maxime
3469 5300 3583 5378 elu-

2011 5386 2130 5432 ceat
2165 5379 2347 5432 divina
2409 5379 2650 5448 potentia
2683 5395 2697 5430 :
2728 5373 2865 5448 Filio
2911 5369 3162 5448 ornatum
3186 5369 3585 5448 _et_pet'fectio-

2011 5464 2158 5513 nem,
2195 5457 2253 5504 ut
2280 5439 2563 5520 proprium
2603 5447 2838 5502 maxime
2860 5446 2996 5500 artis
3027 5440 3327 5500 etrationis
3356 5439 3579 5564 divitiis:

2044 5696 2196 5823 ὸ(ξ)
2222 5698 2590 5768 Πικρότερον.
2622 5693 2802 5761 Forte,
2849 5688 3199 5762 ἀλογώτερον.
3235 5685 3302 5742 Et
3324 5699 3448 5740 mox
3477 5682 3574 5747 IL,

2074 5787 2099 5823 ν
2162 5785 2288 5823 mo.

2010 5785 2099 5824 τον
2125 5785 2288 5840 ακαρ.
