3864 6162
287 276 392 334 “7

1228 276 1288 331 S.
1327 272 1658 330 METRODll
1696 273 2003 331 EPISCOPI
2044 276 2131 329 ΕΤ
2169 273 2531 330 MARTYRIS

3416 271 3530 330 318

952 544 1542 635 ΜΕΘΟΔΙΟΥ
1626 548 2289 635 ΕΠΙΣΚΟΠΟΥ
2363 549 2878 639 ΠΑΤΑΡΩΝ

1646 690 1765 742 ΚΑΙ
1794 690 2168 743 ΜΑΡΤΥΡΟΣ

427 803 533 869 Εἰς
583 804 691 859 τὸν
731 806 994 876 Σιμεῶνα
1033 807 1131 862 καὶ
1159 809 1259 875 ἐις
1306 807 1421 876 τὴν
1479 808 1715 878 Ἀννην,
1859 805 2054 929 ᾑμέρνιίι
2097 804 2207 875 τῆς
2261 807 2684 879 ’Υπαντήοτως
2715 828 2730 843 ο
2791 812 2889 866 καὶ
2937 813 3026 879 εις
3056 811 3169 882 τὴν
3209 812 3386 882 ἁγίαν

1823 893 1853 928 ο
1893 893 1998 928 οκο
2045 915 2058 928 .

1823 893 2058 928 οτοκον.

888 1107 1505 1200 METHODII
1597 1108 2148 1202 EPlSCOPI
2227 1109 2956 1202 PATARENSIS

1685 1281 1765 1322 ET
1810 1243 2131 1325 ΜΔιίνι-Υιιιε

641 1388 718 1444 De
746 1388 986 1446 Simeone
1015 1397 1066 1443 et
1096 1387 1274 1452 Anna,
1294 1357 1396 1458 ouo
1423 1385 1508 1441 die
1539 1386 1814 1441 Dominico
1840 1388 1894 1441 in
1923 1389 2112 1458 templo
2137 1357 2508 1453 occurrerunt;
2531 1404 2591 1441 ac
2619 1387 2681 1442 de
2705 1397 2893 1442 sancta
2922 1386 3172 1453 Deipara.

361 1616 404 1671 l.
434 1615 570 1672 Cum
614 1615 765 1677 olim,
799 1625 1062 1686 quantum
1115 1618 1338 1689 quidem
1388 1619 1627 1674 breviter
1673 1620 1849 1686 licuit,

2023 1623 2103 1676 A'.
2147 1620 2320 1674 Πάλαι
2364 1616 2583 1682 ἱκανῶς,
2626 1617 2700 1680 ὼς
2745 1609 2855 1668 οἷόν
2899 1631 2980 1677 τε,
3029 1613 3116 1666 διὰ
3148 1613 3411 1684 βραχέων,
3455 1614 3524 1668 τὰ

293 1720 415 1775 quae
443 1706 510 1760 de
532 1705 844 1776 virginitate
867 1708 1093 1762 dicenda
1116 1716 1294 1774 erant,
1325 1709 1380 1762 in
1412 1708 1767 1780 Symposiacis
1790 1713 1854 1768 de

293 1798 558 1859 castitate,
591 1815 691 1852 ceu
724 1797 888 1868 jactis
919 1799 1286 1856 fundamentis
1318 1801 1533 1858 abunde
1573 1805 1853 1873 explicue-

296 1889 489 1953 rimus,
523 1888 784 1944 hodierna
814 1890 900 1945 die
935 1901 1101 1945 totam
1148 1893 1320 1961 ipsam
1356 1901 1408 1947 et
1431 1909 1461 1946 a
1492 1895 1673 1950 radice
1693 1897 1857 1966 virgi-

296 1980 484 2035 nitatis
499 1982 722 2052 gloriam
751 1998 1116 2053 coronamque
1138 1985 1665 2050 immarcescibilem,
1685 1988 1857 2042 alum-

297 2071 385 2126 nis
417 2071 670 2127 Ecclesia:
713 2073 1072 2140 oblectandis,
1104 2083 1317 2145 tempus
1370 2092 1497 2132 ecce
1532 2077 1586 2131 in
1617 2079 1854 2133 medium

295 2163 570 2232 produxit.
617 2163 784 2221 Hodie
833 2165 1097 2235 siquidem
1151 2166 1459 2220 divinorum
1511 2171 1855 2225 oraculorum

297 2257 589 2312 consilium
619 2258 795 2327 palam
841 2260 1119 2328 aperitur;
1179 2260 1526 2329 gloriosaque
1552 2260 1714 2330 hujus
1748 2262 1883 2334 diei.

298 2351 452 2418 signa
484 2349 842 2420 praefigurata,
867 2365 1164 2420 eorumque
1204 2353 1382 2406 exitus
1418 2360 1580 2421 atque
1633 2351 1857 2408 effectus

300 2458 330 2495 a
381 2442 555 2496 sacris
603 2441 1050 2510 praedicatoribus
1107 2443 1481 2498 ecclesiastico
1516 2445 1681 2497 coetui
1717 2444 1856 2498 rele-

297 2541 519 2603 guntur.
559 2530 729 2587 Hodie
768 2533 892 2588 linis
936 2534 1158 2602 antiquo
1209 2535 1286 2586 illi
1333 2531 1571 2604 veroque
1627 2534 1861 2588 consilio

300 2624 610 2692 impositus,
641 2625 900 2694 praclare
931 2640 1111 2679 rerum
1151 2625 1267 2695 ipsa
1293 2625 1625 2680 exhibitione
1656 2625 1861 2680 mundo

300 2713 702 2768 manifestatur.
768 2713 937 2770 Hodie
993 2716 1130 2770 citra
1193 2723 1561 2783 tegumentum
1615 2716 1858 2784 aliquod,
1923 2708 1926 2712 ’

301 2803 516 2857 Domini
545 2806 791 2874 gloriam,
822 2803 1125 2877 divinaeque
1145 2807 1316 2875 ipsius
1339 2821 1477 2859 arca:
1498 2805 1858 2874 majestatem,

301 2912 401 2950 ceu
444 2898 496 2948 in
529 2895 773 2964 speculo,
807 2898 1040 2949 revelata
1071 2893 1206 2949 facie
1236 2897 1648 2964 contemplamur
1675 2898 1716 2952 ⁸.
1749 2898 1861 2953 llo-

1961 1711 2088 1784 περὶ
2149 1708 2442 1779 παρθενίας
2501 1710 2558 1760 ὲν
2616 1708 2727 1769 τοῖς
2787 1705 2924 1773 Περὶ
2986 1705 3227 1774 ἁγνείας
3289 1721 3522 1774 συμποο

1959 1803 2112 1865 σίοις
2141 1802 2248 1872 (55)
2285 1798 2741 1869 κατεστρωκότων
2762 1795 2936 1868 ἡμῶν,
2975 1797 3211 1867 σήμερον
3233 1795 3400 1866 αὐτὴν
3424 1797 3526 1867 τὴν

1959 1895 2058 1962 τῆς
2113 1889 2406 1961 παρθενίας
2452 1885 2726 1958 όλόρριζον
2787 1883 2960 1951 δόξαν,
3017 1885 3110 1937 καὶ
3161 1885 3526 1956 ἀμαράντινον

1961 1984 2219 2052 στέφανον
2244 1983 2322 2044 είς
2347 1977 2678 2049 εὐφροσύνην
2705 1979 2732 2029 ό
2764 1977 2951 2046 χρόνος
2979 1976 3035 2028 ὲν
3066 1975 3215 2045 μέσῳ
3245 1976 3524 2046 προήγαγε

1960 2077 2072 2137 τοῖς
2095 2074 2195 2142 τῆς
2236 2070 2560 2141 Ἐκκλησίας
2579 2067 2884 2140 τροςρίμοις.
2915 2067 3156 2138 Σήμερον
3183 2065 3290 2137 γὰρ
3324 2066 3382 2118 τὸ
3409 2065 3526 2135 βου-

1960 2166 2237 2237 λευτήριον
2282 2163 2388 2216 τῶν
2431 2162 2588 2215 θείων
2630 2157 2892 2232 χρησμῶν
2936 2158 3288 2226 ὲξανοίγεται,
3329 2159 3422 2211 καὶ
3458 2159 3528 2212 τὰ

1961 2255 2062 2324 τῆς
2108 2251 2386 2324 παρούσης
2427 2250 2636 2316 ἐνδόξου
2678 2250 2887 2319 ἡμέρας
2922 2247 3163 2317 σύμϐολα
3196 2248 3290 2300 καὶ
3333 2249 3528 2301 ἀποτε-

1963 2347 2224 2416 λέσματα,
2262 2344 2412 2414 παρὰ
2439 2342 2543 2396 τῶν
2574 2341 2941 2413 ἱεροκηρύκων
2977 2339 3054 2410 τῷ
3088 2339 3527 2412 ἐκκλησιαστικῷ

1967 2439 2204 2509 συλλόγῳ
2235 2433 2752 2505 ὲπαναγινώσκεται.
2786 2434 3031 2504 Σήμερον
3053 2435 3085 2503 ἡ
3111 2435 3406 2504 περαίωσις
3429 2433 3528 2502 τῆς

1965 2531 2194 2601 ἀρχαίας
2229 2529 2422 2600 βουλῆς
2453 2528 2544 2582 καὶ
2572 2527 2828 2599 ἀληθινῆς
2848 2527 2934 2580 διὰ
2961 2527 3068 2580 τῶν
3093 2526 3268 2597 ἔργων
3303 2525 3527 2589 ἐνδόξως

1963 2621 2042 2690 τῷ
2069 2621 2255 2690 κόσμω
2287 2619 2662 2688 ἐμφανίζεται.
2699 2619 2940 2687 Σήμερον
2985 2616 3116 2685 ἄτερ
3146 2614 3527 2684 διακαλύμμα-

1964 2731 2054 2776 τος
2084 2711 2583 2781 ἀνακεκαλυμμένῳ
2622 2710 2894 2781 προσώπῳ
2931 2712 3042 2777 τὴν
3071 2709 3258 2774 δόξαν
3285 2708 3528 2775 Kvplov,

1966 2807 2060 2858 καὶ
2091 2805 2190 2874 τῆς
2221 2803 2370 2866 θείας
2405 2802 2565 2856 αὑτοῦ
2613 2801 2840 2855 κιϐωτοῦ
2872 2801 3361 2871 κατοπτριζόμεθα
3390 2799 3526 2870 (54).

1968 2895 2212 2966 Σήμερον
2261 2894 2357 2966 τὴν
2403 2892 2862 2966 καραδοκηθεῖσαν
2903 2894 3148 2964 οὐράνιον
3196 2892 3368 2964 χαρὰν
3409 2894 3531 2956 ταῖς

302 2987 392 3042 die
427 2988 701 3041 caelestem
734 2987 899 3051 illam,
922 2985 1285 3055 gentibusque
1316 2987 1474 3042 anxie
1497 2996 1868 3057 exspectatam

1973 2990 2183 3056 γενεαῖς
2224 2989 2307 3039 ἐπ’
2338 2986 2502 3057 ὤμων
2541 2986 2777 3058 φέρουσα
2813 2985 2920 3057 (55)
2955 2987 2987 3056 ἡ
3033 2984 3309 3053 ἀγιωτάτη
3353 2984 3528 3054 πανήο

304 3078 566 3141 laetitiam,
605 3077 848 3132 humeris
891 3077 1007 3132 suis
1060 3077 1405 3131 sanctissima
1457 3079 1746 3133 celebritas
1775 3079 1870 3132 ba-

297 3171 506 3240 julans,
549 3169 857 3223 mortalium
886 3167 1067 3238 generi
1102 3167 1429 3238 impertitur.
1487 3167 1868 3222 Prteterierunt

302 3272 504 3325 vetera;
530 3261 864 3332 efﬂoruerunt
889 3275 1044 3321 nova,
1092 3267 1143 3312 et
1187 3275 1302 3329 qua!
1333 3277 1436 3312 non
1467 3267 1791 3314 veterascunt
1822 3263 1864 3311 ⁸.

301 3352 421 3408 Non
448 3354 560 3423 jam
593 3353 826 3422 amplius
857 3362 1133 3406 austerum
1181 3351 1314 3420 legis
1369 3351 1649 3406 decretum
1682 3353 1870 3422 prasi-

303 3447 395 3502 det
423 3466 435 3501 :
471 3446 566 3501 sed
597 3445 808 3498 Domini
831 3444 1004 3515 gratia
1039 3458 1228 3498 omnes
1259 3443 1326 3496 ad
1357 3459 1416 3498 se
1449 3443 1656 3497 salubri
1688 3445 1871 3516 longa-

304 3539 551 3593 nimitate
583 3543 907 3591 convertens
962 3551 1186 3605 regnum
1239 3541 1407 3591 tenet.
1441 3534 1870 3605 Haudquaquam

304 3629 503 3682 iterum
535 3626 682 3682 Ozan
714 3627 912 3696 aliquis
940 3625 1304 3680 intrectabilia
1335 3641 1502 3681 ausus
1532 3627 1868 3697 contingere,

306 3717 562 3772 invisibili
580 3719 788 3772 ratione
801 3717 1102 3788 ﬂagellatur
1116 3718 1178 3770 ιο.
1199 3716 1340 3772 Deus
1355 3718 1497 3772 enim
1518 3719 1632 3788 ipse
1650 3719 1869 3786 invitat;
1905 3729 1910 3733 ‘

304 3818 360 3865 et
390 3810 511 3880 quis
534 3825 643 3878 pra:
671 3811 864 3863 timore
881 3809 1058 3863 adhuc
1079 3809 1458 3863 cunctabitur?
1484 3809 1694 3864 Clamat
1719 3829 1732 3864 :
1775 3809 1873 3864 Ve-

306 3901 413 3954 nite
441 3899 508 3954 ad
533 3917 631 3963 me,
662 3916 837 3954 omnes
873 3901 962 3969 qui
991 3898 1246 3953 laboratis
1269 3909 1319 3953 et
1347 3901 1550 3954 onerati
1566 3901 1690 3955 estis
1724 3902 1796 3968 “;
1820 3910 1874 3956 et

307 3991 432 4060 quis
465 4007 572 4044 non
620 3991 913 4044 accurret?
960 3988 1036 4043 Ne
1068 3989 1192 4059 quis
1227 4006 1354 4044 vero
1384 3991 1603 4049 Judarus
1651 4001 1872 4047 contra-

307 4081 506 4135 dixerit
561 4081 616 4134 in
666 4080 1056 4152 praecedentem
1116 4079 1310 4137 domus
1365 4081 1629 4138 Abedaraa
1683 4093 1867 4156 typum

374 4191 482 4246 ⁸11
501 4191 624 4248 Cor.
653 4208 734 4257 tu,
764 4191 847 4246 18.
915 4192 936 4223 ⁹
967 4191 1030 4246 II
1049 4192 1174 4248 Cor.
1205 4211 1257 4258 v,
1285 4194 1382 4261 l8;
1418 4193 1553 4248 Isai.
1604 4213 1761 4265 mu,
1800 4196 1886 4250 l9.

380 4311 491 4380 (55)
536 4311 636 4363 Ἐν
666 4309 789 4374 τοῖς
809 4309 946 4377 Περὶ
969 4309 1210 4378 ἁγνείας
1233 4312 1615 4378 συμποσίοις.
1649 4312 1861 4368 llaben-

1966 3095 2144 3148 γυρις,
2173 3077 2250 3147 τῷ
2288 3077 2432 3146 γένει
2464 3076 2570 3130 τῶν
2599 3074 2897 3147 ἀνθρώπων
2926 3075 3231 3128 ἀποδίδωσι.
3255 3071 3549 3142 Παρῆλθσ.

1967 3170 2039 3224 τὰ
2067 3170 2311 3233 παλαιὰ,
2339 3169 2434 3222 καὶ
2467 3168 2698 3236 ἤνθησε
2739 3167 2812 3221 τὰ
2841 3167 2968 3230 νέα,
3009 3167 3106 3220 καὶ
3147 3169 3218 3220 οὐ
3245 3167 3532 3220 παλαιούς-

1963 3277 2135 3331 μενα.
2186 3261 2379 3314 Οὐκέτι
2432 3259 2594 3329 νόμου
2645 3259 2914 3330 αὐστηρὸν
2963 3259 3137 3329 δόγμα
3195 3256 3546 3330 προεδρεύει,.

1968 3353 2102 3406 ἀλλὰ
2139 3353 2295 3422 χάρις
2324 3352 2592 3405 Δεσπότου
2632 3351 2920 3419 βασιλεύει,
2967 3351 3217 3420 σωτηρίῳ
3260 3349 3534 3420 μακροθυ-

1973 3444 2070 3514 μίᾳ
2115 3444 2320 3505 πάντας
2368 3443 2504 3512 πρὸς
2538 3444 2732 3513 ἑαυτὴν
2779 3440 3198 3512 ἐπιστρέφουσα.
3248 3441 3322 3493 Οὐ
3369 3440 3532 3492 πάλιν

1983 3535 2142 3597 ὐζᾶν
2195 3551 2279 3596 τις
2329 3533 2572 3604 ἀοράτως
2627 3532 2960 3603 μαστίζεται,
3012 3530 3357 3602 προσψαῦσαι
3421 3534 3535 3594 τοῖς

1972 3625 2268 3694 ἀψαύστοις
2299 3624 2676 3695 κατατολμῶν.
2710 3625 2841 3687 Θεὸς
2872 3625 2979 3693 γὰρ
3020 3623 3407 3695 προτρέπεται,
3441 3623 3537 3676 καὶ

1971 3715 2051 3778 τίς
2076 3715 2326 3768 δειλιάσει
2349 3731 2363 3780 ;
2389 3715 2565 3769 Δεῦτε
2588 3714 2736 3783 πρὸς
2763 3713 2841 3784 μὲ
2880 3713 3100 3780 πάντες
3128 3717 3182 3766 οὶ
3209 3713 3536 3778 κοπιῶντες

1977 3807 2077 3861 καὶ
2108 3805 2581 3877 πεφορτισμένοι,
2617 3806 2731 3876 βοᾷ’
2756 3805 2849 3857 καὶ
2878 3804 2959 3866 τίς
2986 3805 3045 3858 οὐ
3075 3803 3532 3874 προσδραμείταις

1977 3900 2084 3952 Καὶ
2130 3899 2314 3970 μηδεὶς
2352 3897 2613 3951 Ἰουδαίων
2643 3897 2962 3964 ἁντιλεγέτω
3002 3900 3065 3968 τῇ
3098 3895 3353 3966 ἀληθείᾳ,
3401 3895 3536 3967 πρὸς

1975 3991 2070 4062 τὴν
2103 3991 2448 4062 προτύπωσιν
2476 3991 2685 4059 βλέπων
2713 3990 2806 4042 τοῦ
2835 3990 2984 4042 οῐκου
3031 3989 3314 4061 Ἀϐεδαρᾶ.
3339 3990 3440 4054 Εις
3463 3987 3540 4042 τὰ

1977 4085 2096 4138 ιὸια
2138 4081 2323 4155 ἦλθεν
2369 4087 2396 4138 ό
2429 4084 2628 4157 Κύριος
2671 4084 2944 4154 ἐμφανῶς
2974 4084 3105 4156 (56),
3151 4085 3243 4137 καὶ
3289 4083 3394 4138 ὑπὸ
3422 4082 3536 4154 (57)

1969 4198 2011 4229 ¹⁰
2039 4196 2101 4251 Il
2123 4197 2248 4268 Reg.
2269 4214 2345 4262 ix,
2365 4197 2418 4254 6.
2499 4198 2541 4228 ¹¹
2568 4195 2764 4252 Matth.
2796 4212 2872 4261 ιι,
2895 4195 2984 4249 28.

1967 4316 2155 4370 eodem
2184 4323 2344 4384 atque
2365 4313 2466 4383 ipsi
2493 4329 2676 4368 sensu.
2715 4313 2952 4376 Erasm.,
2989 4313 3054 4384 _in
3097 4313 3307 4381 speculo
3347 4329 3539 4381 repra-

308 4383 492 4458 t_nr_in
537 4380 861 4458 bibliotheca
905 4382 1218 4458 monasterii
1262 4382 1405 4458 quod
1455 4391 1536 4435 est
1586 4383 1659 4458 in_
1688 4385 1861 4458 insula
1890 4403 1930 4458 ε
1965 4380 2271 4458 seruantes,‘
2306 4380 2449 4454 quod
2486 4386 2686 4458 minus
2745 4385 2939 4452 placet.
2989 4380 3256 4437 Paulinus
3301 4380 3536 4450 tantum,

311 4451 568 4523 Pathmos
603 4469 614 4502 :
652 4449 759 4523 Leo
783 4449 946 4504 etiam
974 4449 1203 4523 Allalius
1228 4451 1442 4523 edenda
1490 4454 1756 4520 prmuittit
1806 4456 1862 4508 in
1896 4449 1930 4458 “”
1965 4449 2392 4522 σοηιεηιριαηιιὶν.
2429 4455 2607 4508 minus
2635 4449 2974 4523 expressum.

312 4539 414 4577 suo
479 4520 762 4592 Eustatliio
814 4538 827 4572 2
875 4520 1104 4592 necdum
1139 4519 1242 4592 ip_si
1291 4519 1564 4592 potuimus
1595 4523 1862 4592 integrum

311 4608 450 4660 Opus
483 4591 748 4649 nancisci,
791 4596 894 4662 aut
937 4589 1135 4643 habere
1178 4589 1349 4662 Roma
1379 4590 1662 4660 scriptum,
1693 4589 1866 4662 quan-

312 4659 476 4731 quam
502 4676 616 4731 non
639 4659 804 4712 semel
835 4660 900 4712 de
922 4674 984 4712 ea
1009 4674 1066 4713 re
1097 4660 1418 4731 scripsimus
1468 4659 1576 4714 :ut
1605 4659 1742 4730 opus
1769 4664 1867 4715 ba-

315 4729 538 4785 beamus
589 4730 718 4783 dare
771 4738 1029 4797 excerpta
1097 4729 1376 4790 Photiana,
1430 4745 1552 4783 cum
1619 4729 1867 4799 pauculis

316 4801 652 4871 fragmentis,
677 4802 867 4871 potius
893 4799 1248 4871 sollicitando
1266 4799 1456 4871 alicui,
1493 4808 1551 4853 ut
1581 4804 1661 4854 vel
1684 4802 1871 4856 edide-

313 4873 385 4926 rit
412 4868 491 4924 vel
517 4870 780 4924 edendum
815 4869 972 4922 nobis
1005 4885 1111 4922 non
1134 4868 1408 4931 inviderit,
1441 4886 1602 4938 quam
1624 4871 1870 4926 faciendo

315 4941 449 4995 satis
485 4940 624 4993 votis
660 4939 908 5007 publicis,
959 4950 1013 4991 et
1044 4939 1187 5010 huic
1238 4939 1340 5006 ipsi
1383 4940 1634 5002 orationi,
1674 4957 1778 5010 qua
1813 4958 1872 4996 se

315 5024 504 5062 auctor
542 5025 661 5076 qua:
693 5017 942 5078 spectant
966 5009 1056 5078 ad
1091 5010 1478 5078 virginitatem,
1512 5010 1565 5062 in
1605 5009 1712 5065 illis
1741 5029 1872 5064 κατ-

317 5078 666 5148 εστρωκέναι,
701 5077 802 5131 Ceu
849 5077 1196 5150 fundamenta
1233 5079 1430 5150 jecisse
1457 5082 1875 5150 accuratiusque

317 5147 640 5216 explicasse,
664 5149 902 5217 alioquin
931 5147 1016 5199 hic
1045 5149 1386 5215 explicanda,
1421 5150 1604 5202 statim
1635 5147 1873 5217 pronun-

319 5217 436 5270 tiat.
471 5217 648 5270 Minus
682 5216 945 5269 Paulinus
976 5225 1336 5284 expresserat.
1359 5247 1430 5256 ——
1454 5219 1575 5272 llaec
1604 5216 1876 5275 scribebat

318 5286 676 5358 tionibclisius
724 5302 868 5358 anno
902 5286 1076 5358 ltili.
1105 5303 1214 5355 quo
1266 5302 1362 5358 sua
1399 5285 1738 5342 Methodiana
1775 5306 1876 5358 pu-

318 5354 617 5427 blicinjuris
649 5355 793 5407 fecit.
826 5354 1079 5407 Methodii
1107 5354 1249 5410 etaim
1275 5356 1621 5427 ASymposium
1645 5354 1874 5427 primum

321 5423 525 5492 prodiit
555 5421 756 5492 limine.
787 5438 917 5476 cura
964 5431 1018 5477 et
1060 5427 1239 5479 studio
1275 5421 1468 5480 [multis
1499 5421 1702 5488 Allatii,
1735 5444 1877 5483 anno

322 5491 480 5564 1656,
535 5491 731 5564 deinde
781 5507 927 5564 anno
979 5494 1296 5562 insequente
1346 5495 1502 5561 1657,
1535 5496 1782 5564 Parisiis,
1811 5515 1877 5554 ex

321 5563 556 5616 editione
583 5559 835 5614 Possinii.
865 5559 1030 5612 (λιιι.

395 5631 504 5693 (54)
537 5627 1073 5699 Κατοπτριζόμεθα.
1138 5629 1373 5699 Respicit
1441 5631 1722 5688 Paulinum
1767 5653 1889 5690 κατ-

325 5698 721 5765 οπτριζόμενοι.
780 5697 820 5750 ll
854 5697 981 5754 Cor.
1018 5714 1098 5764 tu,
1135 5697 1458 5772 ubi’Vulgq
1502 5708 1822 5772 speculantes
1862 5726 1880 5763 :

2036 4527 2145 4593 (55)
2186 4525 2302 4576 Ἐπ’
2332 4523 2502 4592 ὤμων
2534 4522 2818 4591 φέρουσα.
2866 4522 3072 4593 Pltrasi
3112 4523 3203 4575 illa
3249 4523 3392 4593 trita
3430 4539 3540 4592 qua

1967 4591 2223 4658 dicimus,
2259 4591 2469 4662 tempus
2498 4596 2652 4649 triste
2703 4592 2908 4662 aliquid
2935 4594 3016 4646 vel
3053 4591 3291 4646 faustum
3325 4591 3538 4662 aflerre.

1970 4665 2170 4718 Eodem
2203 4661 2634 4718 Inodo’Andreas
2681 4661 2825 4717 Cret.
2862 4669 3002 4716 orat.
3037 4664 3089 4715 in
3126 4664 3292 4715 nativ.
3326 4661 3539 4726 Mariae,

1969 4736 2201 4804 ἡμέραν,
2220 4733 2383 4804 dicit,
2411 4733 2631 4803 πρώτην
2663 4733 2769 4804 τῶν
2803 4732 3022 4804 ἑορτῶν,
3053 4733 3320 4804 φέρουσαν
3344 4733 3408 4804 eo
3427 4733 3544 4800 φῶς

1971 4802 2388 4874 τῆςπαρθενίας
2417 4802 2552 4874 ὑπὲρ
2584 4802 2843 4872 κεφαλῆς,
2865 4802 3022 4854 ήάὶεηι
3054 4802 3187 4874 inter
3223 4803 3337 4874 dies
3382 4802 3541 4872 festos

1971 4871 2219 4944 primunt,
2243 4874 2330 4939 qui
2351 4871 2854 4944 lunten'virginitatis
2871 4874 2929 4944 in
2951 4873 3118 4940 capite
3145 4871 3360 4944 bajulet.

2043 4944 2152 5013 (56)
2188 4941 2467 4997 Ἦλθεν...
2495 4942 2789 5012 ἐμφανῶς.
2827 4943 2916 4995 Sic
2933 4944 3088 5010 plane
3113 4950 3289 5013 textus
3307 4943 3546 5011 jungen-

1989 5011 2116 5083 dum
2149 5015 2315 5083 petit;
2363 5017 2519 5082 plana
2572 5013 2838 5066 allusione
2887 5014 2953 5065 ad
3013 5011 3142 5083 illud
3192 5013 3330 5083 psal.
3375 5027 3540 5066 seu:

1980 5082 2116 5136 Deus
2150 5081 2331 5136 Vnoster
2364 5081 2635 5152 manifeste
2677 5084 2859 5148 veniet,
2910 5081 3166 5152 ἐμφανῶς
3193 5082 3343 5152 ἥξειν
3378 5097 3544 5151 quem

1975 5154 2151 5205 locum
2190 5161 2378 5206 auctor
2407 5153 2558 5206 alteri
2581 5151 2738 5206 Joan.
2776 5151 3072 5206 Iadnectit.
3117 5151 3296 5216 Quare
3359 5152 3545 5205 minus

1975 5231 2099 5291 apte
2122 5222 2654 5290 Pantinusjunxerat
2677 5224 3048 5290 sequentibus.
3069 5220 3225 5286 Quod
3256 5221 3384 5274 item
3409 5236 3548 5290 pra:-

1976 5293 2119 5364 ce‘dit
2152 5293 2506 5364 προτύπωσιν
2534 5291 2626 5344 τοῦ
2654 5291 2805 5364 οἴκου
2851 5292 3131 5362 Ἀὄεδαρᾶ,
3158 5307 3263 5345 rem
3300 5292 3355 5342 in
3390 5293 3547 5343 domo

1977 5361 2221 5416 Abedara
2241 5363 2657 5431 prwﬁguratam,
2685 5363 2864 5415 minus
2893 5361 3232 5431 expressum,
3270 5376 3390 5429 pro,
3408 5376 3550 5429 prte-

1979 5429 2249 5486 cetlentem‘
2267 5429 2491 5501 ﬁguram
2520 5448 2609 5485 seu
2639 5441 2815 5500 typum
2844 5429 3029 5484 domus
3056 5429 3322 5501 Abedara,
3347 5444 3378 5482 a
3413 5445 3545 5499 qua,

1979 5503 2056 5556 rei
2093 5500 2442 5571 praaiigurata:
2471 5516 2533 5554 ac
2563 5504 2917 5571 praesignataz,
2972 5517 3164 5571 nempe
3205 5500 3411 5571 Mariae1
3456 5510 3552 5553 aut

1981 5519 2056 5556 rei
2093 5517 2442 5571 praengurata:
2471 5517 2533 5554 ac
2563 5517 2917 5571 praesngnam,
2972 5517 3164 5622 uemBe
3205 5517 3406 5558 marrae.
3456 5517 3550 5553 aut

1981 5572 2142 5626 etiam
2170 5571 2390 5641 templo,
2412 5573 2465 5624 in
2490 5571 2634 5641 quod
2662 5573 2780 5624 viva
2805 5571 2893 5624 illa
2915 5585 3066 5641 arca.
3138 5574 3354 5626 ominus
3383 5569 3550 5625 Iesus

1985 5657 2177 5711 pompa
2212 5640 2880 5705 inducitur,reverentiam
2919 5640 3193 5695 conciliat.

2052 5711 2162 5782 (57)
2234 5712 2384 5767 Ὑπό.
2413 5711 2571 5768 Forte
2598 5712 2759 5780 ὑπέρ,
2794 5721 2851 5767 ιιι
2881 5711 3024 5766 alibi.
