3864 6162
216 324 326 382 5‘9

1323 323 1562 382 SERMO
1603 325 1689 380 DE
1732 325 2034 383 SIMEONE
2073 325 2162 382 ET
2196 322 2437 382 ANNA.’

3363 331 3469 387 350

215 440 319 511 τῆς
345 437 593 510 ἐμψύχου
626 436 861 492 κιὸωτοῦ
882 478 898 504 ,
946 437 1023 503 ὡς
1054 438 1147 491 ἐπὶ
1195 438 1524 512 ἱλαστήριον,
1559 438 1651 493 ἐπὶ
1695 440 1787 510 γῆς

1897 440 2200 510 respiciens
2248 442 2310 496 ".
2369 438 2434 494 In
2482 422 2701 510 propria
2745 439 3010 505 Dominus
3080 445 3356 515 manifeste
3386 464 3482 501 ve-

215 527 514 603 πομπεύει.
533 528 748 601 Ταύτης
772 527 1126 599 προσψαύσας
1152 528 1409 601 τελώνης,
1442 528 1646 594 δίκαιος
1672 529 1794 583 ἀνα·

214 619 514 675 δείκνυται.
568 617 755 690 Ταύτῃ
826 617 1253 690 προσπελάσασα
1307 618 1501 691 πόρνη,
1561 617 1794 690 σώφρων

215 712 637 769 ἀναπλάττεται.
666 711 852 786 Ταύτῃ
886 710 1041 779 θίξας
1075 711 1296 784 λεπρὸς,
1330 710 1615 775 ἀνωδύνως
1655 711 1792 765 ἀνα-

213 805 559 877 χαλκεύεται.
620 804 825 858 Οὐδένα
880 804 1182 858 ἀπωθεῖται
1203 820 1216 834 ο
1271 802 1464 858 οὐδένα
1508 802 1793 873 βδελύσσε-

212 913 325 951 ται.
380 895 669 950 Μεταδιδοί
716 894 823 949 τῶν
860 895 1133 965 ὑγιεινῶν,
1193 895 1255 949 οὐ
1300 894 1793 967 μεταλαμϐάνουσα

212 988 325 1043 τῶν
353 987 613 1061 νοσερῶν⁸
664 990 693 1042 ὁ
739 988 847 1060 γὰρ
874 988 975 1059 τῆς
1004 988 1415 1059 φιλανθρωπίας
1457 987 1662 1059 Κύριος
1694 989 1792 1041 ἐπ-

213 1081 555 1137 αναπαύεται
598 1082 756 1153 αὐτῇ.
805 1080 988 1134 Ταῦτα
1033 1081 1132 1152 τῆς
1171 1081 1298 1145 νέας
1336 1080 1560 1152 χάριτος
1589 1066 1659 1132 τά
1691 1077 1795 1132 δω-

218 1175 454 1246 ρήματα.
498 1171 669 1226 Τοῦτο
712 1173 1023 1245 πρόσφατον
1062 1173 1285 1242 γέγονεν
1333 1171 1438 1226 ὑπὸ
1476 1170 1567 1225 τὸν
1620 1169 1790 1241 ἥλιον,

213 1264 276 1317 οὐ
309 1263 478 1317 πάλαι
529 1262 769 1332 γεγονὸς,
816 1262 922 1316 οὐδ’
958 1258 1025 1318 αὖ
1071 1263 1368 1335 μετέπειτα
1406 1260 1789 1332 γενησόμενον.

214 1357 499 1432 Προώρισε
532 1359 645 1430 (58)
677 1358 744 1412 δι’
782 1355 963 1413 οἶκτον
992 1359 1085 1413 τὸν
1130 1358 1267 1430 πρὸς
1303 1360 1470 1431 ἡμᾶς,
1501 1355 1654 1432 ἦλθε,
1698 1356 1795 1411 καὶ

212 1452 499 1523 ἐπλήρωσε
534 1450 622 1504 διά
665 1449 1072 1523 φιλανθρωπίαν
1114 1450 1213 1523 τὴν
1265 1449 1417 1522 αὐτῷ
1450 1452 1791 1524 πρέπουσαν.

211 1542 455 1608 Εἰκότως
500 1542 631 1613 γοῦν
681 1545 775 1597 καί
813 1544 1113 1616 ἀνέκραγεν
1157 1547 1190 1616 ή
1228 1543 1350 1615 ἱερά
1396 1544 1652 1614 σάλπιγξ·
1714 1546 1795 1600 Τὰ

211 1635 433 1706 ἀρχαῖα
459 1635 788 1706 παρῆλθεν·
823 1635 953 1698 ἰδοὺ
1000 1634 1209 1706 γέγονε
1255 1634 1327 1689 τὰ
1360 1634 1559 1690 πάντα
1594 1636 1790 1693 καινά.

210 1730 324 1784 Καὶ
352 1728 407 1782 τί
457 1730 713 1801 ἐννοήσω,
748 1729 780 1801 ἢ
816 1729 869 1782 τί
900 1728 1117 1801 λαλήσω
1150 1727 1372 1795 ἐπάξιον
1406 1728 1508 1799 τῆς
1553 1729 1787 1801 ἡμέρας,

209 1823 325 1884 τοῖς
375 1800 684 1889 ἀνεφίκτοις
714 1800 1191 1891 ἐπεκτεινόμενος;
1222 1820 1383 1891 Φέρει
1418 1819 1528 1892 γάρ
1572 1800 1791 1892 ἀεὶτῆς
1822 1800 1864 1855 Β

211 1912 373 1981 ἁγίας
407 1913 683 1987 Παρθένου
711 1915 744 1986 ἡ
780 1914 967 1985 μνήμη
1001 1911 1142 1966 κατά
1175 1912 1375 1977 παντὸς
1406 1913 1565 1983 λόγου
1606 1913 1676 1967 τὰ
1714 1931 1794 1967 νι-

210 2006 472 2077 κητήρια.
518 2007 616 2060 Διά
644 2023 727 2060 τοι
756 2005 933 2072 τοῦτο,
966 2005 1297 2076 δυσωπῆσαν
1340 2006 1469 2077 ήμίν
1500 2005 1599 2078 τὴν
1628 2005 1792 2059 ἀσθέ-

210 2114 363 2152 νειαν
404 2099 466 2151 τὸ
516 2098 745 2170 μέγεθος
789 2097 898 2152 τῶν
940 2098 1250 2169 ἐγκωμίων,
1293 2098 1385 2152 ἐπὶ
1427 2097 1520 2151 τὸν
1568 2096 1792 2152 δυνατὸν

210 2187 382 2261 ὖμνον
414 2190 846 2261 καταφεύγωμεν
879 2190 973 2244 καὶ
1005 2191 1103 2263 τὴν
1123 2190 1377 2264 ἀκίνητον
1398 2187 1567 2264 ἧτταν
1592 2194 1793 2262 ἐγκαυ-

210 2281 512 2353 χησάμενοι
544 2283 675 2355 (59),
707 2284 786 2355 τῷ
836 2283 1100 2355 φιλεόρτῳ
1132 2283 1369 2356 Χριστοῦ
1413 2284 1651 2356 ποιμνίῳ
1694 2301 1790 2354 γε-

208 2373 439 2445 γηθότες
473 2362 947 2448 συγχορεύσωμεν.
979 2378 1051 2431 Σὺ
1081 2377 1139 2430 δέ
1178 2395 1287 2449 μοι,
1317 2372 1362 2431 ὦ
1395 2377 1669 2433 θειότατον
1696 2378 1791 2431 καὶ

212 2463 504 2536 ἱερώτατον
536 2468 917 2539 ἀκροατήριον,
953 2467 1015 2520 τὸ
1047 2467 1268 2538 σιγηλὸν
1307 2469 1485 2533 ἄσκει,
1518 2469 1667 2533 ὅπως
1699 2467 1790 2522 διά

203 2559 320 2613 τῶν
363 2558 622 2631 πορθμῶν
664 2559 775 2614 τῶν
823 2560 1004 2614 ἀκοῶν
1056 2559 1306 2632 γαληνῶς
1358 2563 1482 2624 ταῖς
1527 2559 1790 2625 διανοίαις

208 2650 618 2723 ἐγκαθορμισθῇ
666 2651 767 2723 τῆς
817 2650 1073 2724 ἀληθείας
1122 2651 1192 2706 τὰ
1245 2651 1521 2722 ἀγώγιμα,
1569 2650 1790 2724 Ἐορτὴν

206 2746 437 2817 ἄγομεν,
467 2747 568 2816 οὐχ
611 2744 927 2816 Ἑλληνικῆς
951 2742 1349 2816 είκαιομυθίας,
1382 2742 1664 2812 γελοποιὸν
1696 2745 1790 2798 καὶ

207 2835 576 2907 ἐμὸρόντητον
645 2833 780 2888 θεῶν
833 2834 1073 2889 ἑστίασιν
1137 2834 1431 2907 φέρουσαν,
1492 2835 1627 2888 ἀλλὰ
1686 2834 1789 2906 τῆς

206 2927 473 2983 ἁστέκτου
502 2925 659 2998 δόξης
689 2926 782 2981 τοῦ
826 2926 918 2980 ἐπὶ
950 2925 1167 2981 πάντων
1199 2925 1335 2980 Θεοῦ
1382 2925 1789 2996 συγωτάϐασιν

209 3019 657 3074 ἐκπαιδεύουσαν.

1896 533 1972 587 nit
2006 532 2080 599 ¹³;
2119 533 2364 603 vivasque
2394 542 2447 587 et
2475 532 2730 588 animatae
2772 548 2933 600 arcae,
2966 550 3065 590 ceu
3088 538 3468 608 propitiatorio

1894 625 2164 691 insidens,
2200 640 2397 697 pompa
2433 626 2488 681 in
2518 635 2666 681 terra
2717 626 2983 697 procedit.
3023 626 3175 684 Hanc
3219 629 3469 699 publica-

1894 734 2001 775 nus
2032 718 2378 788 contingens,
2426 716 2611 787 justus
2661 718 2864 774 evadit.
2923 717 3064 774 Huic
3111 736 3170 775 se
3208 721 3465 780 meretrix

1895 811 2201 882 applicans,
2226 811 2373 866 velut
2399 824 2540 865 nova
2579 811 2800 866 lictione
2829 820 2982 867 casta
3014 813 3281 869 redditur.
3315 812 3468 871 [lano

1895 904 2145 974 leprosus
2174 910 2546 967 contrectans,
2600 903 2719 958 sine
2752 902 2941 960 dolore
2982 921 3173 970 sanus,
3209 906 3355 962 velut
3386 921 3471 963 re-

1894 995 2134 1050 cuditur.
2182 993 2465 1050 Neminem
2513 995 2746 1064 repellit,
2794 998 3064 1052 neminem
3097 998 3465 1056 abominetur.

1894 1087 2210 1158 lmpertitur
2230 1090 2521 1157 sanitates;
2554 1104 2661 1144 non
2681 1090 3190 1162 participataliquid
3217 1076 3467 1151 noxiuml

1894 1177 2372 1249 Propensissimus
2399 1177 2545 1232 enim
2578 1192 2708 1248 erga
2737 1178 2985 1234 homines
3011 1179 3274 1236 Dominus
3320 1183 3374 1236 in
3401 1198 3466 1239 ea

1893 1268 2207 1340 requiescit.
2248 1267 2388 1323 Sunt
2417 1268 2533 1324 haec
2564 1283 2718 1323 novae
2747 1270 2935 1337 gratiae
2962 1285 3212 1327 munera.
3249 1269 3364 1327 Hoc
3385 1290 3469 1328 re-

1893 1377 2027 1417 cens
2055 1377 2367 1433 novumque
2399 1361 2599 1417 accidit
2652 1363 2756 1417 sub
2798 1364 2912 1419 sole
2951 1364 3031 1433 ἰς
3098 1380 3200 1420 nec
3228 1365 3357 1419 olim
3388 1365 3469 1420 fa-

1893 1461 2064 1517 ctum,
2093 1468 2193 1508 nec
2221 1452 2632 1523 postfuturum.
2667 1452 2820 1520 Quod
2844 1471 2944 1526 pro
2967 1470 3067 1511 sua
3096 1454 3244 1513 Deus
3275 1456 3330 1510 in
3362 1470 3470 1514 nos

1894 1546 2270 1601 misericordia
2302 1546 2687 1617 praefiniverat,
2720 1548 2899 1614 venit;
2935 1557 2990 1604 et
3040 1564 3139 1620 pm
3170 1551 3270 1606 sua
3301 1550 3468 1622 digna

1892 1651 2018 1708 erga
2052 1637 2349 1693 humanum
2384 1654 2556 1710 genus
2586 1641 2967 1710 propensione,
3023 1641 3141 1712 ipse
3198 1644 3465 1714 adimple-

1893 1726 1990 1788 vit.
2020 1728 2199 1793 Quare
2240 1728 2368 1799 jure
2402 1730 2610 1801 optimo
2683 1746 2841 1787 sacra
2876 1732 2966 1786 illa
3001 1734 3130 1789 tuba
3163 1734 3403 1790 intonuit
3447 1754 3463 1793 :

1903 1818 2088 1873 Vetera
2123 1820 2489 1886 transierunt;
2526 1838 2640 1876 ecce
2669 1823 2816 1892 facta
2846 1832 2970 1877 sunt
3011 1828 3190 1879 omnia
3232 1843 3367 1881 nova
3396 1827 3462 1882 ".

1894 1910 2037 1978 Quid
2066 1928 2197 1968 vero
2227 1922 2406 1969 mente
2436 1915 2742 1985 concipiam
2769 1916 2970 1986 quidve
2998 1917 3212 1987 loquar,
3244 1918 3349 1973 hac
3382 1920 3467 1975 di-

1893 2018 2058 2073 gnum
2095 2002 2184 2059 die
2208 2003 2422 2060 enitens
2471 2005 2540 2060 ad
2584 2005 2946 2062 inconcessa?
2991 2005 3175 2061 Vincit
3221 2008 3367 2063 enim
3401 2025 3467 2066 ac

1893 2098 2053 2169 longe
2104 2106 2327 2169 superat
2385 2114 2603 2154 omnem
2655 2116 2985 2165 sermonem,
3037 2109 3239 2157 sancta:
3300 2101 3468 2174 hujus

1894 2186 2136 2260 Virginis
2168 2189 2455 2247 memoria.
2490 2188 2760 2257 Quocirca
2796 2192 3106 2248 deterrente
3137 2195 3333 2248 virium
3367 2211 3469 2249 no-

1897 2286 2136 2333 strarum
2167 2279 2592 2335 imbecillitatem
2623 2276 2841 2333 laudum
2868 2277 3039 2349 ipsius
3071 2281 3462 2350 magnitudine,

1896 2372 1962 2426 ad
1999 2372 2258 2443 hymnum
2290 2372 2465 2427 eidem
2493 2388 2592 2443 pro
2622 2374 2824 2444 ingenii
2854 2374 3027 2430 nostri
3064 2373 3322 2429 facultate
3372 2374 3472 2429 de-

1895 2463 2227 2518 cantandum
2272 2463 2685 2535 confugiamus;
2717 2481 2928 2536 nosque
2975 2466 3078 2537 ipsi
3117 2466 3471 2523 immobiliter

1894 2554 2068 2610 victos
2095 2554 2416 2625 gloriantes,
2456 2571 2563 2610 una
2595 2571 2718 2610 cum
2779 2556 2904 2612 festi
2961 2557 3208 2613 studioso
3260 2557 3468 2613 Christi

1894 2661 2077 2717 grege,
2106 2646 2349 2717 tripudio
2382 2646 2662 2703 saliamus.
2718 2646 2800 2703 Tu
2844 2664 2972 2705 vero
3016 2651 3149 2704 mihi
3184 2649 3239 2703 in
3278 2649 3470 2719 primis

1894 2739 2239 2796 divinissima
2272 2740 2756 2812 sacratissimaque
2804 2743 3016 2806 concio,
3053 2744 3331 2799 silentium
3374 2758 3469 2798 co-

1893 2833 2091 2895 lito,ut
2113 2848 2209 2904 per
2231 2834 2445 2888 aurium
2464 2834 2621 2889 sinus
2653 2835 2800 2890 velut
2822 2835 3195 2906 intelligentiae
3224 2842 3466 2905 portum,

1892 2924 2139 2981 veritatis
2169 2940 2380 2980 merces
2406 2924 2620 2995 placide
2652 2926 2978 2982 subintrent.
3007 2925 3225 2982 Festum
3256 2925 3468 2996 agimus

1893 3032 2001 3071 non
2043 3033 2110 3073 ex
2140 3017 2454 3072 Graecorum
2497 3019 2653 3074 vanis
2698 3019 2919 3083 fabulis,
2947 3020 3243 3075 ridiculum
3275 3015 3470 3073 attoni-

209 3125 437 3185 tamque
484 3114 710 3169 deorum
778 3111 1089 3167 convivium
1137 3127 1321 3168 secum
1360 3110 1674 3178 adducens;
1720 3109 1818 3167 sed
1855 3110 2001 3181 quod
2031 3111 2395 3183 importabilis
2429 3111 2636 3182 gloriae,
2664 3112 2787 3183 ejus
2835 3116 2923 3185 qui
2962 3123 3041 3168 est
3078 3128 3236 3183 super
3289 3109 3469 3166 omnia

208 3208 355 3263 Deus
399 3207 462 3273 “,
490 3204 750 3260 humilem
776 3204 844 3259 ad
871 3221 974 3261 nos
1002 3204 1415 3271 demissionem,
1457 3204 1705 3260 edoceat.

278 3300 357 3354 Β.
396 3298 533 3371 ⁴ινέρε
562 3298 760 3364 τοίνυν,
794 3298 1083 3369 σεμνολόγε
1116 3297 1394 3371 κηρύκων,
1435 3301 1530 3353 καὶ
1563 3299 1785 3370 μέγιστε

1957 3288 2022 3347 ll.
2058 3290 2172 3362 Age
2199 3307 2331 3362 ergo
2353 3332 2366 3356 ,
2398 3291 2542 3346 inter
2586 3306 2868 3362 praecones
2899 3291 3224 3362 gravissime
3251 3308 3317 3349 ac
3346 3311 3467 3352 ma-

209 3388 765 3465 προφητῶν,Ἠσαῖα,
798 3387 867 3443 τὰ
906 3389 1005 3460 τῆς
1049 3388 1259 3455 ἐνδόξου
1303 3387 1661 3460 πανηγύρεως
1693 3404 1785 3457 φι-

210 3483 429 3551 λοσόφει
471 3482 538 3551 τῇ
592 3474 888 3550 Ἐκκλησία
935 3480 1231 3551 μυστήρια,
1280 3478 1374 3533 καὶ
1405 3476 1642 3548 δαψιλῶς
1683 3478 1787 3547 ἐμ-

209 3573 514 3646 φορηθῆναι
557 3571 665 3626 τῶν
702 3570 1076 3643 ἀναφαιρέτων
1108 3569 1327 3640 ἀγαθῶν
1355 3570 1633 3643 πρότρεπε
1662 3567 1790 3631 τοὺς

211 3664 531 3728 καλλίστους
556 3663 900 3734 δαιτυμόνας,
941 3663 1089 3727 ὅπως
1119 3661 1198 3734 τῷ
1230 3661 1380 3734 παρά
1423 3661 1508 3715 σοὶ
1540 3660 1788 3733 ἐσόπτρῳ

208 3757 309 3829 τὴν
338 3758 470 3829 παρ’
496 3757 626 3827 ἡμῖν
651 3754 906 3828 ἀλήθειαν
930 3754 1267 3821 ἀντιξεύξας,
1301 3756 1377 3818 ὡς
1398 3753 1634 3825 ἀψευδὴς
1658 3754 1790 3806 ὑπο-

209 3848 587 3919 φήτης,χείρα
615 3844 709 3898 ἐπὶ
740 3847 896 3917 χεῖρα
918 3846 1190 3918 κροτήσῃς
1208 3843 1287 3915 τῷ
1314 3844 1456 3898 τέλει
1479 3843 1587 3897 τῶν
1618 3845 1790 3915 προρ-

215 3940 448 4011 ῥήσεων·
493 3935 777 4007 Ἐγένετο,
802 3935 957 4008 φησὶ,
974 3935 1081 3990 τοῦ
1102 3935 1380 3990 ἐνιαυτοῦ
1396 3930 1469 3992 οὗ
1486 3934 1788 3990 ἀπέθανεν

228 4024 407 4094 Ὁαας
438 4029 472 4081 ὀ
500 4025 821 4093 βασιλεὺς,
849 4022 1013 4079 εἶδον
1045 4024 1153 4079 τὸν
1190 4025 1411 4094 Κύριον
1448 4024 1789 4095 καθήμενον

212 4120 312 4173 ἐπὶ
356 4118 572 4186 θρόνου
608 4118 852 4187 ὑψηλοῦ
885 4117 983 4173 καὶ
1028 4115 1387 4186 ἐπῃρμένου,
1418 4115 1517 4170 καὶ
1549 4113 1789 4184 πλήρης

212 4213 248 4267 ὁ
271 4206 435 4277 οἶκος
472 4208 581 4278 τῆς
607 4209 791 4279 δόξης
818 4208 1025 4265 αὑτοῦ.
1062 4208 1172 4262 Kal
1198 4207 1459 4279 σεραφὶμ
1493 4206 1789 4276 εἱστήκει-

207 4316 333 4355 var
373 4302 578 4365 κύκλῳ
620 4300 838 4355 αὐτοῦ’
883 4299 953 4365 ἐξ
1007 4300 1291 4370 πτέρυγες
1328 4298 1408 4366 τῷ
1439 4299 1551 4364 ἐνὶ,
1584 4299 1683 4354 καὶ
1716 4297 1787 4363 ἐξ

207 4388 499 4459 πτέρυγες
522 4388 602 4456 τῷ
630 4389 743 4444 ἐνί.
776 4390 885 4446 Καὶ
920 4391 1242 4461 ἐκέκραγεν
1276 4389 1478 4459 ἕτερος
1505 4390 1655 4458 πρὸς
1683 4389 1788 4443 τὸν

207 4479 437 4550 ἕτερον,
480 4479 577 4534 καὶ
603 4479 844 4550 ἔλεγον·
875 4481 1097 4551 Ἀτιος,
1137 4481 1322 4553 ἅγιος,
1366 4481 1534 4552 ἅγιος
1572 4482 1787 4548 Κύριος

210 4569 474 4627 Σαόαώ9’
523 4570 764 4641 πλήρης
811 4569 980 4627 πᾶσα
1026 4574 1064 4642 ἡ
1103 4570 1178 4643 γῆ
1203 4572 1314 4642 τῆς
1347 4572 1533 4641 δόξης
1573 4572 1781 4627 αὐτοῦ.

1888 3380 2034 3436 xime
2067 3382 2478 3452 prophetarum,
2509 3380 2670 3448 Isaia,
2704 3381 2954 3453 gloriosae
2987 3382 3324 3440 celebritatis
3370 3401 3464 3441 sa-

1889 3482 2165 3528 cramenta
2187 3475 2463 3546 sapienter
2497 3474 2774 3540 edissere;
2811 3473 3157 3543 Optimosquc
3178 3474 3466 3542 convivas,

1888 3573 1950 3620 ut
1969 3565 2263 3623 stabilibus
2303 3566 2463 3623 bonis
2496 3566 2645 3636 large
2670 3572 3080 3629 exsaturentur,
3115 3566 3369 3635 impelle;
3405 3574 3468 3623 ut

1889 3662 1983 3712 tuo
2017 3658 2093 3712 illi
2143 3658 2369 3729 speculo
2399 3658 2681 3713 veritatem
2708 3665 2957 3712 nostram
3004 3673 3074 3712 ex
3109 3658 3340 3713 adverso
3370 3675 3470 3714 ne.

1888 3755 2072 3814 ctens,
2104 3748 2556 3819 praedictionibus
2586 3747 2800 3804 sortitis
2827 3747 3120 3803 terminum
3145 3786 3163 3814 ,
3219 3757 3276 3803 ut
3303 3765 3485 3808 verus

1887 3846 2061 3905 vates,
2094 3856 2316 3895 manum
2348 3840 2417 3895 ad
2438 3855 2661 3894 manum
2679 3839 2836 3896 laetus
2867 3841 3214 3911 complodas:
3239 3839 3468 3898 Factum

1886 3946 2002 3999 est,
2052 3934 2265 4005 inquit-,
2298 3934 2353 3988 in
2388 3949 2527 3987 anno
2567 3948 2669 4004 quo
2726 3942 2974 3987 mortuus
2999 3942 3077 3988 est
3121 3932 3283 3990 Ozias
3338 3918 3466 4003 res),

1887 4028 1994 4084 vidi
2022 4027 2303 4082 Dominum
2333 4024 2596 4080 sedentem
2632 4040 2791 4095 super
2826 4026 3072 4080 thronum
3104 4026 3369 4081 excelsum
3412 4034 3464 4080 et

1887 4120 2142 4176 eleuatum
2167 4133 2186 4173 :
2213 4128 2263 4173 et
2281 4118 2437 4188 plena
2467 4117 2654 4173 domus
2700 4117 2873 4189 gloria
2906 4117 3042 4187 ejus.
3082 4117 3152 4172 Et
3200 4119 3466 4189 seraphim

1889 4213 2098 4267 stabant
2120 4212 2176 4266 in
2202 4210 2429 4264 circuitu
2459 4209 2573 4279 ejus
2607 4225 2625 4263 :
2654 4225 2747 4264 sea:
2766 4209 2869 4264 ala:
2888 4211 3002 4274 uni,
3024 4220 3074 4265 et
3100 4226 3193 4265 sea:
3222 4214 3325 4266 alte
3349 4211 3463 4268 uni.

1890 4302 1959 4358 Et
1977 4302 2284 4358 clamabant
2301 4300 2441 4356 alter
2470 4300 2540 4354 ad
2572 4300 2825 4368 alterum,
2847 4311 2896 4356 et
2922 4300 3464 4371 dicebant:Sanctus,

1887 4405 2132 4460 sanctus,
2186 4404 2403 4450 sanctus
2450 4393 2707 4449 Dominus
2750 4393 2985 4449 Sabaoth
3030 4410 3049 4449 :
3096 4394 3253 4465 plena
3291 4396 3464 4450 omnis

1890 4496 2032 4542 terra
2067 4484 2239 4553 gloria
2291 4483 2425 4555 ejus.
2472 4482 2540 4538 Et
2571 4485 2829 4539 eleuatum
2871 4493 2949 4539 est
2984 4487 3390 4554 superliminare
3431 4503 3467 4542 a

1888 4594 2007 4634 voce
2028 4593 2131 4647 qua
2162 4575 2506 4630 clamabant:
2530 4584 2579 4631 et
2604 4576 2789 4631 domus
2829 4575 3045 4645 impleta
3081 4584 3161 4630 est
3194 4576 3360 4645 fumo.
3394 4575 3468 4633 Et

208 4662 320 4719 Kal
344 4663 576 4733 ἐπήρθη
607 4664 674 4718 τὸ
697 4664 1033 4733 ὑπέρθυρον
1057 4665 1176 4719 ἀπὸ
1204 4662 1314 4733 τῆς
1334 4662 1539 4734 φωνῆς
1565 4659 1642 4735 ἧς
1662 4662 1786 4718 ἐκέ-

1891 4670 2001 4722 dixi
2028 4684 2046 4722 :
2075 4667 2119 4723 0
2151 4669 2308 4722 miser
2332 4684 2444 4738 ego,
2466 4668 2591 4738 quia
2616 4677 2955 4737 compunctus
2983 4684 3100 4721 sum
3124 4683 3143 4721 .'
3164 4668 3289 4739 quia
3309 4667 3466 4726 homo

209 4772 455 4826 κραγον,
487 4756 586 4809 καί
616 4758 651 4810 ό
696 4752 859 4821 οἶκος
891 4754 1169 4825 ἐπλήσθη
1203 4756 1457 4812 καπνοῦ.
1488 4755 1600 4811 Kal
1622 4753 1779 4811 eleta-

206 4843 283 4904 Ὠ
322 4848 509 4915 τάλας
548 4847 684 4919 ἐγὼ,
727 4847 816 4901 ὅτι
858 4846 1310 4920 κατανένυγμαι·
1350 4848 1441 4902 ὅτι
1478 4848 1788 4916 ἄνθρωπος

207 4936 311 5002 ὢν,
346 4940 444 4993 καὶ
466 4938 771 5009 ἀκάθαρτα
795 4941 965 5010 χείλη
990 4940 1168 5011 ἔχων,
1190 4942 1260 4996 ἐν
1281 4943 1451 5012 μέσῳ
1476 4943 1629 4997 λαοῦ
1651 4940 1790 4997 ἀκά-

210 5034 398 5101 θαρτα
416 5032 589 5101 χείλη
616 5032 865 5102 ἔχοντος
898 5031 1058 5097 οίκῶ,
1090 5034 1188 5088 καὶ
1222 5034 1330 5088 τὸν
1360 5033 1626 5100 ,βασιλέα
1662 5034 1783 5089 Κύ-

200 5140 337 5192 ριον
364 5123 607 5180 Σαϐαὼθ
642 5121 807 5179 εἶδον
832 5127 956 5193 τοῖς
982 5127 1310 5197 ὀφθαλμοῖς
1346 5146 1486 5198 μου.
1535 5127 1645 5182 Kal
1672 5128 1787 5182 ἀπ-

204 5213 437 5284 εστάλη
466 5215 617 5286 πρὸς
635 5216 715 5287 μὲ
743 5217 814 5272 ἓν
837 5216 955 5273 τῶν
981 5221 1262 5290 σεραφιμ,
1298 5220 1395 5275 καὶ
1423 5220 1494 5273 ἐν
1524 5219 1601 5289 τῇ
1630 5219 1785 5290 χειρὶ

1889 4777 2008 4814 cum
2040 4761 2171 4824 sint,
2193 4768 2242 4815 et
2265 4759 2539 4814 immunda
2573 4759 2716 4814 labia
2740 4758 2985 4823 habeam,
3019 4760 3074 4812 in
3097 4759 3266 4812 medio
3281 4760 3468 4830 populi

1888 4850 2165 4906 immunda
2200 4850 2345 4905 labia
2380 4850 2619 4906 habentis
2645 4850 2858 4915 habito;
2894 4861 2942 4905 et
2976 4866 3146 4920 regem
3176 4850 3460 4906 Dominum

1888 4940 2123 4998 Sabaoth
2146 4943 2256 4997 vidi
2296 4944 2462 4998 oculis
2496 4943 2647 4997 meis.
2690 4940 2760 4996 Et
2794 4944 2988 4997 missus
3009 4953 3087 4997 est
3115 4942 3184 4995 ad
3212 4959 3292 4997 me
3328 4960 3464 4999 unus

1884 5035 1949 5090 de
1988 5034 2253 5106 seraphim
2272 5051 2293 5100 ;
2325 5044 2374 5089 et
2402 5036 2456 5088 in
2498 5051 2659 5089 manu
2697 5051 2797 5089 sua
2828 5033 3052 5089 habebat
3087 5034 3464 5091 carbunculum

1883 5145 2034 5198 quem
2054 5080 2252 5197 folwipe
2278 5126 2401 5180 tulit
2435 5123 2499 5180 ab
2532 5126 2734 5180 altari:
2758 5134 2809 5180 et
2851 5126 3018 5196 tetigit
3062 5141 3119 5179 os
3172 5141 3373 5191 meum,
3413 5080 3491 5219 et,

1884 5219 2055 5275 dixit:
2079 5218 2213 5274 Ecce
2241 5220 2410 5291 tetigit
2431 5217 2527 5273 hoc
2544 5217 2688 5273 labia
2723 5226 2835 5285 tua,
2856 5226 2907 5273 et
2935 5218 3135 5287 auferet
3160 5219 3466 5290 iniquitates

277 5390 325 5426 ⁸³
345 5389 416 5449 ΙΙ
434 5391 562 5466 Reg.
600 5410 675 5460 vr,
708 5394 794 5450 10.
873 5395 916 5428 ¹³
937 5393 1098 5451 Joan.
1134 5411 1170 5459 ι,
1199 5395 1256 5450 ll
1283 5415 1297 5463 ;
1333 5395 1482 5453 Psal.
1511 5411 1660 5461 xux,
1685 5395 1749 5469 ,5.

1901 5393 2076 5451 Eccle.
2111 5411 2149 5462 ι,
2175 5395 2261 5451 10.
2304 5400 2314 5408 ”
2341 5395 2384 5428 ³⁵
2412 5395 2477 5450 II
2501 5393 2626 5453 Cor.
2662 5411 2716 5460 v,
2738 5394 2824 5450 l7.
2906 5393 2949 5426 “
2977 5392 3129 5450 Rom.
3160 5411 3236 5461 ts,
3268 5392 3325 5451 5.

280 5572 738 5644 (38)11ροώριονε.
769 5573 968 5644 Deesse
1000 5577 1213 5632 videtur
1236 5577 1285 5631 ὃ.

278 5648 390 5714 (59)
423 5644 544 5714 Τὴν
569 5644 856 5717 ἀκίνητον
880 5643 1068 5717 ἧτταν
1102 5645 1639 5717 ἐγκαυχησὰμενοι.
1693 5646 1786 5702 Sic

209 5718 555 5789 mutendqu
611 5716 868 5789 yidetur,
908 5716 1180 5789 quidquid
1239 5716 1471 5789 Paulino
1532 5718 1784 5789 videatur

204 5788 532 5840 mutandum
576 5786 658 5850 τὸ,
711 5785 989 5855 ἁκ-ίνητον
1040 5785 1097 5845 in
1152 5787 1456 5860 ἀν-ίκητον,
1491 5788 1784 5861 minusque

1894 5578 2030 5634 bene
2061 5578 2273 5641 reddat,
2300 5577 2490 5633 invicto
2513 5579 2608 5634 hoc
2633 5578 2915 5634 certamine
2935 5579 3117 5642 vietos,
3141 5584 3248 5633 etc.
3282 5574 3465 5646 Signi-

1892 5650 2087 5719 ticatur
2111 5649 2387 5705 excellens
2416 5650 2621 5705 Christi
2669 5648 2893 5704 victoria
2941 5650 3268 5719 laudumque
3321 5649 3462 5718 ejus.

1889 5733 2001 5800 qua
2032 5718 2294 5800 immobili
2316 5728 2429 5800 ,Lut
2461 5737 2570 5780 non
2601 5720 2775 5795 possit
2806 5734 2917 5777 non
2971 5718 3249 5788 obtinere,
3305 5719 3465 5775 nobis

1888 5790 2269 5867 gratulandum
2298 5790 2392 5847 sit.
