3864 6162
416 285 515 342 551

1387 278 1446 336 S.
1487 279 1818 336 METllODll
1855 278 2159 337 EPISCOPI
2199 277 2287 332 ET
2328 272 2685 331 MARTYBIS

3529 269 3641 329 552

398 405 556 471 .tnas,
590 405 641 450 et
663 406 874 464 peccata
896 403 991 449 tua
1015 396 1477 466 circumpargabit.
1502 397 1571 450 Et
1602 397 1780 451 audivi
1800 414 1971 452 uocem

2081 394 2258 450 αὑτοῦ
2297 388 2461 461 εἶχεν
2497 391 2781 457 ἄνθρακα,
2813 386 2883 440 ὃν
2919 384 2995 453 τῇ
3022 382 3217 439 λαϐίδι
3261 382 3475 437 ἔλαϐεν
3514 381 3629 435 ἀπὸ

410 489 627 544 Domini
650 490 868 543 dicentis
897 504 915 541 :
938 488 1103 554 Quem
1120 491 1326 543 mittam
1343 492 1369 544 ?
1387 499 1435 543 et
1457 491 1573 560 quis
1600 490 1696 542 ibit
1718 490 1787 542 ad
1806 508 1972 559 popu-

410 581 522 636 lum
550 584 729 638 hunc?
760 580 829 635 Et
862 581 975 636 dixi
1001 599 1018 635 :
1045 581 1175 636 Ecce
1204 599 1326 652 ego,
1370 583 1515 636 mitte
1545 599 1642 637 me.
1687 582 1755 636 Et
1791 583 1925 637 dixit
1951 597 1970 635 :

420 674 594 739 Vade,
627 683 676 729 et
717 674 802 727 die
834 673 1023 743 populo
1044 673 1163 727 huic
1186 689 1204 726 :
1239 673 1440 727 Audita
1483 674 1738 741 audietis,
1775 686 1826 730 et
1869 695 1973 732 non

407 765 712 835 intelligetis
733 780 751 816 :
769 774 818 818 et
839 765 1064 818 videntes
1086 762 1346 826 videbitis,
1368 773 1418 818 et
1438 782 1542 818 non
1559 766 1882 833 perspicietis
1906 769 1969 821 ³⁷.

411 853 552 909 Sunt
579 869 742 924 porro
766 854 878 908 haec.
898 855 1173 923 propheta:
1201 868 1297 924 per
1325 852 1586 923 Spiritum
1610 856 1972 926 praenuntiata

406 946 650 1000 oracula.
685 943 765 999 Tu
793 960 919 999 vero
974 944 1130 1008 mihi,
1160 945 1516 1011 charissimc,
1563 946 1674 999 vim
1703 946 1973 1001 dictorum

407 1030 720 1098 considera,
767 1041 826 1089 ut
854 1042 1315 1089 sacramentorum
1344 1043 1597 1090 eventum
1628 1037 1971 1107 assequaris;

408 1126 737 1197 noverisque
774 1126 898 1197 quis
921 1134 1265 1198 quantusque
1299 1127 1372 1181 sit
1401 1134 1588 1182 noster
1619 1127 1708 1181 hic
1737 1143 1975 1182 conven—

409 1206 518 1296 tus.
553 1217 799 1291 Cumque
829 1220 1092 1289 prephcta
1135 1221 1263 1274 olim
1308 1219 1632 1274 miraculum
1678 1220 1749 1276 sit
1775 1221 1973 1275 vatici-

409 1296 741 1381 natum-age
771 1320 859 1377 tu,
900 1327 1116 1383 summo
1154 1312 1348 1367 ardore
1395 1312 1671 1383 animique
1709 1314 1893 1368 latitia
1919 1322 1975 1369 et

407 1400 710 1465 alacritate,
744 1394 1046 1472 ρει-ἐρίοιιεὶ
1073 1403 1439 1473 intelligentia:
1473 1413 1576 1459 tua:
1602 1404 1785 1469 oculo,
1812 1404 1975 1461 Beth-

405 1490 582 1547 lehem
618 1492 765 1546 illam
795 1509 1057 1564 perquam
1089 1494 1345 1565 inclytam
1367 1494 1486 1562 adi;
1520 1494 1976 1565 manifestamque

406 1584 505 1639 tibi
532 1592 628 1640 tuo
654 1586 837 1640 animo
863 1596 1036 1642 tecum
1064 1586 1355 1657 imaginem
1378 1586 1613 1658 el'linge,
1632 1588 1975 1659 prophetiam

407 1676 533 1730 cuni
566 1675 685 1745 ipso
724 1691 905 1741 rerum
949 1684 1144 1732 eventu
1173 1692 1528 1748 componens.
1585 1678 1771 1750 Neque
1802 1681 1972 1748 enim,

2073 487 2178 540 τοῦ
2216 483 2668 550 θυσιαστηρίου,
2695 480 2794 533 καὶ
2823 479 3020 546 ἥψατο
3047 476 3153 531 τοῦ
3179 477 3471 545 στόματός
3491 494 3627 546 μου,

2073 574 2172 628 καὶ
2200 573 2387 627 εἷπενσ
2432 571 2587 627 Ἰδοὺ
2624 570 2820 638 ἥψατο
2863 567 3038 621 τοῦτο
3068 565 3185 620 τῶν
3214 565 3463 636 χειλέων
3495 583 3629 630 σου,

2072 666 2173 721 καὶ
2211 664 2426 734 ἀφελεῖ
2463 663 2568 729 τὰς
2609 661 2861 730 ἀνομίας
2903 675 3040 722 σου,
3070 659 3167 713 καί
3207 660 3315 725 τὰς
3351 659 3633 727 ἁμαρτίας

2072 769 2189 811 σου
2224 752 2640 824 περικαθαριεῒ.
2668 751 2777 806 Kal
2796 750 3035 820 ἤκουσα
3057 747 3164 817 τῆς
3190 747 3390 818 φωνῆς
3417 750 3632 818 Κυρίου

2071 847 2379 917 λέγοντοςσ
2432 848 2569 901 Τίνα
2601 844 2976 906 ἁποστείλω;
3009 842 3109 896 καὶ
3152 842 3243 908 τίς
3286 842 3635 909 πορεύσεται

2073 938 2225 1008 πρὸς
2248 938 2355 993 τὸν
2377 935 2531 991 λαὸν
2553 936 2790 999 scutor;
2813 933 2925 989 Καὶ
2947 929 3103 987 εἶπα·
3160 930 3306 986 Ἰδοὺ
3339 931 3473 1002 ἐγὼ,
3497 931 3635 985 dad-

2073 1031 2314 1085 στειλόν
2331 1047 2427 1099 με.
2462 1028 2573 1082 Καὶ
2599 1024 2745 1081 εἴπεο
2778 1025 3062 1095 Πορεύου,
3087 1023 3184 1078 καὶ
3213 1017 3383 1076 εἷπον
3407 1020 3487 1086 τῷ
3509 1019 3634 1084 λαῷ

2076 1124 2284 1187 cmiter
2332 1120 2502 1189 Ἀκοῆ
2534 1120 2859 1186 ἀκούσητε,
2900 1114 3003 1170 καὶ
3047 1117 3118 1169 οὑ
3144 1113 3231 1183 μὴ
3260 1111 3504 1179 συνῆτε·
3536 1111 3636 1164 καὶ

2068 1213 2407 1278 βλέποντες
2434 1210 2731 1278 βλέψητε,
2776 1206 2877 1261 καί
2906 1208 2979 1260 οὐ
3001 1204 3086 1276 μὴ
3116 1203 3298 1271 ἴδητε.
3329 1200 3512 1256 Ταῦτα
3539 1199 3633 1252 τοῦ

2075 1308 2353 1379 προφήτου
2382 1303 2473 1359 διὰ
2507 1303 2601 1357 τοῦ
2641 1300 2954 1372 Πνεύματος
2981 1298 3051 1351 τὰ
3076 1295 3529 1369 προκηρύγματα.
3562 1292 3633 1345 Σὺ

2072 1400 2129 1454 δέ
2153 1417 2263 1471 μοι,
2286 1396 2559 1468 ἁγαπητέ,
2585 1395 2777 1448 σκόπει
2800 1391 2908 1446 τῶν
2927 1388 3228 1462 εἰρημένων
3256 1386 3355 1458 τὴν
3386 1384 3631 1454 δύναμιν,

2075 1492 2163 1546 ἵνα
2192 1491 2410 1563 συνίσῃς
2446 1487 2554 1541 τῶν
2589 1483 2900 1558 μυστηρίων
2933 1481 3032 1553 τὴν
3064 1479 3307 1544 ἐκὸασιν,
3335 1477 3429 1530 καὶ
3458 1475 3634 1548 μάθῃς

2073 1583 2158 1647 τίς
2184 1583 2279 1636 καὶ
2321 1579 2537 1650 ποταπὴ
2564 1577 2720 1649 ἡμῶν
2762 1577 2795 1647 ἡ
2844 1572 3204 1644 συνάθροισις.
3240 1569 3351 1623 Καὶ
3392 1584 3633 1639 προχρη-

2081 1674 2401 1746 ματίσαντος
2443 1670 2540 1725 τοῦ
2588 1669 2868 1742 προφήτου
2910 1665 2970 1718 τὸ
3009 1663 3211 1734 θαῦμα,
3258 1658 3416 1732 δεῦρο
3455 1656 3629 1722 ἄπιθι,

407 1744 596 1820 multis
629 1765 729 1820 tibi
756 1767 936 1823 verbis
964 1784 1101 1837 opus
1125 1744 1399 1824 fuerit-ad
1434 1771 1601 1826 totius
1653 1744 1734 1827 rei
1784 1744 1973 1842 cogni;

2081 1744 2168 1822 καὶ
2197 1765 2490 1838 πρόσῦαινε
2536 1761 2842 1835 θερμότατα
2887 1757 2981 1812 καὶ
3025 1754 3355 1827 φαιδρότατα
3385 1752 3477 1805 καὶ¹

409 1857 612 1913 tionem
641 1860 1101 1929 consequendam,
1135 1860 1295 1915 modo
1316 1861 1383 1917 iis
1404 1877 1525 1933 quae
1553 1862 1664 1918 illic
1686 1873 1972 1934 geruntur,

409 1938 611 2002 mentis
630 1948 819 2002 oculos
847 1948 1134 2020 diligenter
1160 1950 1432 2007 advertas.
1478 1952 1671 2008 Omnia
1706 1954 1973 2024 siquidem

407 2046 530 2088 sunt
590 2035 741 2117 obuia
771 2034 1225 2117 inteliigentibus,
1290 2049 1341 2095 et
1395 2051 1537 2095 recta
1596 2042 1974 2097 invenientibus

407 2116 686 2179 scientiam
716 2127 779 2181 ¹⁸.
810 2116 949 2184 Ecce
981 2129 1156 2195 enim,
1210 2145 1307 2186 ceu
1354 2134 1585 2189 thronus
1625 2134 1877 2189 sublimis
1921 2143 1976 2189 et

407 2213 672 2279 elevatus,
704 2217 775 2273 ob
805 2218 925 2289 ejus
953 2221 1179 2291 gloriam
1209 2216 1415 2292 quiest
1446 2222 1774 2288 fabricatus,
1809 2223 1975 2297 Virgo

410 2303 582 2360 Mater
604 2307 717 2376 regi
742 2307 969 2366 Domino
1000 2308 1260 2378 Sabaoth,
1290 2313 1691 2383 spectatissima
1719 2315 1833 2371 illic
1862 2327 1975 2373 sta-

407 2399 604 2453 tuitur.
634 2398 810 2470 Super
843 2402 937 2463 illo
966 2418 1115 2458 nunc
1155 2404 1223 2459 ad
1269 2412 1323 2460 te
1348 2405 1650 2461 venientem
1701 2406 1757 2461 in
1809 2423 1974 2465 carne

406 2489 993 2573 Dominum'pcrspice.
1044 2494 1219 2567 Super
1264 2498 1391 2563 illo,
1443 2498 1694 2569 virginali
1751 2499 1972 2570 inquam

406 2582 627 2647 throno,
647 2601 770 2639 eum
799 2578 1058 2663 venerare
1080 2588 1172 2659 qui
1206 2605 1399 2645 novam
1429 2590 1572 2646 hanc
1612 2591 1974 2661 omnibusque

407 2670 661 2729 laudibus
691 2668 1122 2747 prosequendum
1166 2680 1231 2733 a.l
1279 2688 1332 2735 te
1373 2679 1764 2749 profectionem
1810 2681 1967 2736 ador-

409 2762 580 2818 navit.
637 2765 1009 2837 CircumSpice
1053 2785 1183 2824 vero
1237 2771 1358 2827 ﬁdei
1416 2773 1621 2839 oculis;
1658 2775 1974 2844 regiumque

408 2857 570 2911 etiam
604 2857 737 2913 illud
773 2860 1181 2929 seraphicorum
1214 2863 1524 2932 spirituum,
1554 2880 1651 2919 ceu
1684 2864 1973 2920 sacerdotii

409 2943 556 3018 lege,
591 2946 642 3002 ei
672 2962 888 3012 comes,
934 2949 1256 3019 obsequium
1292 2961 1565 3008 occurret.
1612 2952 1773 3007 Amat
1825 2954 1972 3007 enim

2077 1859 2372 1930 θυμότατα,
2403 1859 2469 1927 τῇ
2502 1853 2745 1925 ὀξυωπίᾳ
2776 1851 2875 1921 τῆς
2904 1846 3141 1910 διανοίας
3169 1845 3262 1899 ἐπὶ
3287 1845 3386 1916 τὴν
3418 1841 3637 1896 εὐκλεε-

2077 1952 2278 2023 στάτην
2320 1947 2584 2020 Βηθλεέμ-
2632 1946 2727 1999 nul.
2770 1941 3122 1997 ἀνατύπωσαι
3164 1935 3377 2007 σεαυτῷ
3417 1931 3633 2004 ἐμφανῆ

2075 2043 2280 2105 είκόνα,
2314 2044 2380 2113 τῇ
2409 2039 2633 2094 ἐκϐάσει
2663 2036 2771 2091 τῶν
2812 2033 3149 2105 πραγμάτων
3176 2030 3275 2099 τὴν
3302 2025 3635 2099 προφητείαν

2077 2134 2408 2206 συγκρίνων·
2440 2131 2500 2184 ού
2526 2128 2635 2201 γὰρ
2660 2128 2829 2200 δεήσῃ
2860 2122 3083 2197 μακρῶν
3112 2121 3286 2188 λόγων
3318 2120 3397 2182 είς
3425 2116 3634 2206 ἐφόδιον

2074 2204 2345 2295 γνώσεως,
2402 2224 2513 2287 τοῖς
2569 2222 2747 2274 ἐκεῖσε
2809 2217 2989 2289 ἔργοις
3050 2209 3386 2275 ἐνατενίζων·
3433 2204 3636 2261 Πάντα

2073 2315 2182 2388 γὰρ
2214 2313 2434 2369 ἐνώπια
2456 2310 2564 2383 (40)
2594 2309 2719 2376 τοῖς
2748 2304 3056 2371 συνιοῦσι,
3083 2300 3181 2355 και
3214 2298 3355 2368 ὀρθὰ
3380 2296 3506 2362 τοῖς
3539 2298 3637 2388 ῳ-

2067 2386 2357 2476 ρίσκουσι
2385 2402 2635 2475 γνῶσιν.
2674 2400 2804 2454 Ἰδοὺ
2842 2398 2952 2468 γὰρ
2974 2393 3156 2450 αὐτόθι
3177 2391 3252 2456 ὡς
3284 2389 3469 2461 θρόνος
3501 2386 3639 2457 ὑψη-

2073 2500 2162 2564 λὸς
2210 2482 2305 2552 καὶ
2353 2494 2661 2567 ἐπηρμένος
2704 2494 2771 2563 τῇ
2815 2489 2943 2563 δόξῃ
2973 2486 3067 2541 τοῦ
3114 2484 3395 2542 κτίσαντος
3423 2480 3457 2551 ή
3487 2480 3638 2549 Παρ-

2074 2591 2388 2662 θενομήτωρ
2443 2583 2820 2657 εὐτρεπίζεται
2883 2576 3238 2651 φανερώτατα
3287 2573 3365 2645 τῷ
3428 2570 3645 2642 βασιλεῖ

2074 2682 2264 2753 Κυρίῳ
2286 2678 2531 2733 Σαϐαὼθ.
2567 2677 2689 2729 Ἐπὶ
2707 2673 2893 2729 τοῦτον
2918 2670 3247 2740 κατανόησον
3269 2665 3360 2719 τὸν
3383 2662 3477 2719 νῦν
3503 2662 3640 2733 πρὸς

2075 2773 2134 2826 σὲ
2170 2752 2267 2825 διὰ
2299 2769 2497 2843 σαρκὸς
2546 2754 2955 2837 ἐπιδημήσαντα
3002 2759 3223 2830 Κύριον.
3286 2755 3407 2809 Ἐπὶ
3451 2752 3641 2807 τοῦτον

2071 2865 2161 2919 τὸν
2196 2861 2516 2935 παρθενικόν
2556 2876 2697 2929 φημι
2729 2844 2916 2928 θρόνον
2962 2851 3333 2925 προσκύνησον
3374 2847 3463 2901 τὸν
3499 2845 3639 2935 προς

2076 2956 2136 3010 at
2163 2955 2258 3026 τὴν
2278 2934 2417 3008 νέαν
2441 2951 2645 3021 ταύτην
2671 2949 2764 3003 καὶ
2794 2946 3138 3018 πανύμνητον
3166 2939 3387 3012 πορείαν
3420 2934 3640 2989 στειλά-

405 3038 570 3093 etiam
602 3037 871 3127 ejusmodi
921 3028 1270 3107 satellitium,
1314 3044 1440 3099 talis
1485 3043 1629 3114 regis
1656 3044 1809 3114 sequi
1836 3060 1973 3116 prae-

2081 3064 2252 3119 μενον.
2300 3039 2626 3116 uspiam“
2654 3040 2712 3094 δὲ
2739 3042 2850 3102 τοῖς
2884 3038 2985 3108 τῆς
3016 3036 3249 3133 πίστεως
3284 3030 3515 3133 ὄμμασι,
3551 3028 3648 3133 καὶ

410 3118 665 3186 sentiam;
701 3128 857 3187 Unde
897 3141 953 3188 et
996 3149 1062 3189 eo
1109 3134 1261 3199 loco,
1312 3150 1423 3189 non
1475 3136 1651 3190 solum
1715 3135 1973 3191 dicuntur

2081 3118 2328 3209 εὑρήσεις
2354 3134 2482 3206 περὶ
2509 3132 2696 3185 τοῦτον
2725 3130 2817 3183 καὶ⁵
2846 3129 2935 3181 τὸν
2969 3123 3241 3197 βασιλικὸν
3262 3120 3367 3173 τῶν
3398 3118 3645 3190 σεραφὶμ

410 3221 664 3278 laudasse
694 3223 892 3277 trinam
928 3223 1072 3278 illam
1104 3224 1300 3280 divinae
1328 3227 1555 3280 unitatis
1578 3227 1934 3283 substantiam
1960 3246 1973 3296 ;

2084 3229 2382 3299 ἱεράτευμα
2405 3224 2536 3298 (41).
2563 3223 2825 3278 Ἔπεσθαι
2854 3221 2962 3291 γὰρ
2989 3217 3132 3288 φιλεί
3155 3231 3270 3277 πως
3295 3216 3359 3284 τῇ
3380 3211 3651 3299 βασιλέως

411 3314 601 3365 verum
633 3309 836 3378 etiam,
866 3330 987 3384 quae
1034 3331 1208 3380 nunc,
1248 3316 1355 3373 Deo
1378 3324 1672 3388 apparente
1693 3357 1708 3382 ,
1745 3317 1799 3372 in
1831 3324 1973 3373 terra

2083 3320 2354 3392 παρουσίᾳ
2394 3319 2489 3373 καὶ
2538 3318 2573 3389 ή
2619 3315 2822 3368 τούτων
2855 3310 3166 3385 δορυφορία.
3202 3304 3364 3360 Ὅθεν
3406 3302 3503 3357 καὶ
3554 3303 3649 3354 ἀν-

410 3404 679 3470 occurrit,
713 3406 876 3461 unius
906 3406 1054 3462 illius
1080 3407 1147 3462 de
1176 3414 1364 3463 sancta
1390 3408 1675 3474 Trinitate,
1722 3410 1973 3466 onmibus

2084 3411 2385 3484 υμνηκέναι
2417 3410 2477 3463 τὸ
2508 3406 2805 3478 τηνικαῦτα
2844 3403 3087 3472 λέγονται
3132 3400 3190 3452 οὐ
3228 3396 3382 3469 μόνον
3409 3394 3470 3449 τὸ
3497 3409 3648 3466 τρισ-

411 3494 743 3549 adorandam
770 3497 1033 3566 gloriam;
1068 3499 1121 3552 in
1146 3514 1209 3553 eo
1238 3499 1380 3569 quod
1405 3499 1591 3555 dicant
1617 3520 1630 3555 :
1660 3499 1830 3554 Plena
1861 3517 1973 3555 om-

2083 3503 2379 3555 υπόστατον
2399 3500 2499 3571 τῆς
2531 3498 2680 3562 θείας
2713 3495 2916 3558 ἐνάδος,
2946 3491 3082 3546 ἀλλὰ
3110 3491 3173 3564 δὴ
3205 3491 3298 3545 καὶ
3320 3488 3416 3560 τήν
3442 3505 3648 3543 καταν-

411 3574 493 3639 nis
536 3594 675 3640 terra
700 3586 873 3658 gloria
917 3586 1048 3655 ejus.
1076 3586 1360 3643 Credimus
1390 3589 1533 3643 enim
1553 3630 1569 3657 ,
1601 3588 1738 3643 Filio
1758 3597 1973 3659 propter

2083 3595 2324 3665 τήσασαν
2347 3591 2419 3647 τὰ
2446 3589 2540 3644 νῦν
2573 3590 2665 3645 sn‘.
2693 3589 2796 3659 γῆς
2826 3586 2913 3640 διὰ
2942 3586 3039 3656 τῆς
3064 3581 3377 3652 θεοφανείας
3400 3579 3496 3632 τοῦ
3533 3579 3650 3642 ἑνὸς

413 3691 515 3731 nos
570 3674 851 3732 secundum
911 3682 1235 3750 propositum
1289 3684 1331 3714 ¹⁹
1380 3681 1523 3737 facto
1580 3683 1820 3747 homini,
1872 3698 1973 3738 una

2084 3686 2182 3756 τῆς
2207 3682 2381 3753 ,ἁγίας
2417 3681 2644 3754 Τριάδος
2686 3681 2819 3733 πᾶσι
2848 3673 3221 3749 προσκυνητὴν
3253 3671 3426 3735 δόξαν,
3460 3672 3524 3722 ἐν
3573 3667 3651 3739 τῷ

413 3766 605 3823 adesse
628 3766 1161 3831 Patrem,divinitate
1182 3771 1549 3841 inseparabili,
1583 3787 1703 3826 cum
1734 3771 1973 3842 ejusdem

2085 3775 2292 3844 λέγειν·
2341 3772 2583 3840 Πλήρης
2630 3767 2797 3824 πᾶσα
2841 3768 2880 3837 ἡ
2929 3765 3004 3836 γῆ
3059 3763 3170 3833 τῆς
3208 3762 3391 3829 δόξης
3436 3759 3649 3814 αὐτοῦ.

414 3856 520 3927 ipsi
556 3860 809 3913 essentia:
846 3859 1069 3935 Spiritu.
1123 3862 1258 3916 Nam
1319 3864 1394 3917 ait
1423 3862 1645 3930 Paulus,
1683 3864 1771 3919 ille
1800 3880 1973 3920 sacri»

2081 3868 2454 3939 Συμπαρεῖναι
2490 3863 2596 3933 γὰρ
2616 3892 2620 3896 α
2640 3859 3083 3928 πεπιστεύκαμεν
3115 3855 3193 3926 τῷ
3220 3854 3287 3908 δι’
3317 3853 3463 3924 ἡμᾶς
3499 3853 3653 3904 ἐναν-

415 3963 538 4003 rum
565 3948 834 4021 interpres
871 3971 883 4006 :
920 3950 1051 4005 Erat
1082 3952 1220 4033 Deus
1257 3956 1311 4007 in
1344 3953 1553 4009 Christo
1575 3995 1590 4019 ,
1622 3954 1875 4009 mundum
1901 3973 1973 4010 re-

2081 3958 2429 4031 θρωπήσαντι
2462 3955 2575 4026 Υίῷ
2606 3954 2756 4009 κατὰ
2787 3951 2902 4020 τὴν
2944 3948 3225 4003 εὐδοκίαν
3249 3944 3380 4016 (42),
3415 3943 3515 3995 καὶ
3559 3941 3650 3994 τὸν

413 4040 705 4095 concilians
730 4040 852 4109 sibi,
883 4060 986 4097 non
1014 4055 1261 4112 reputans
1284 4047 1411 4112 ipsis
1441 4046 1632 4100 delicta
1653 4048 1883 4115 ipsorum
1904 4049 1973 4116 ’°;

2081 4050 2431 4106 ἀδιάστακτον
2471 4032 2638 4104 αὐτοῦ
2678 4044 2896 4116 Πατέρα
2940 4040 3080 4096 κατὰ
3126 4038 3224 4110 τήν
3263 4038 3523 4107 θεότητα,
3554 4035 3650 4087 σὺν

416 4130 635 4188 Patrem
670 4132 727 4188 in
751 4132 921 4201 Filio,
954 4144 1175 4206 propter
1198 4153 1360 4191 unam
1401 4139 1754 4208 eamdemque
1792 4140 1973 4193 volun-

2081 4141 2156 4213 ἰᾦ
2200 4140 2469 4213 ὁμοουσίῳ
2498 4137 2676 4192 ἀὐτοῦ
2725 4135 3022 4205 Πνεύματι.
3071 4131 3213 4196 Θεὸς
3245 4128 3374 4200 γὰρ,
3419 4126 3588 4198 φησὶν
3624 4124 3655 4177 ό

415 4230 584 4279 tatem
617 4240 738 4281 esse
772 4227 1084 4283 ostendens.

2084 4233 2406 4303 ἱεροφάντης
2457 4229 2686 4293 Παῦλος,
2742 4225 2821 4298 ἦν·
2864 4226 2933 4279 ἐν
2981 4224 3062 4290 τῷ
3111 4219 3358 4291 Χριστῷ,
3418 4220 3655 4286 κόσμον

413 4316 607 4384 ἐαυτῷ
636 4319 1097 4386 καταλλάσσων,
1124 4321 1210 4391 μὴ
1248 4321 1622 4394 λογιζόμενος
1661 4322 1865 4389 αὐτοῖς
1896 4322 1969 4376 τὰ
2027 4324 2467 4395 παραπτώματα
2493 4320 2689 4376 αὐτῶν
2716 4337 2731 4352 ·
2754 4318 2845 4371 τὸν
2891 4316 3107 4388 Πατέρα
3134 4316 3189 4368 ἐν
3217 4312 3294 4383 τῷ
3315 4307 3428 4381 Υἱῷ
3473 4306 3565 4360 διὰ
3594 4304 3654 4357 τὸ

417 4409 476 4465 ἓν
501 4410 710 4484 θέλημα
741 4413 1040 4483 ἐμφαίνων.

487 4527 553 4583 [ll
598 4526 681 4583 Tu
697 4543 822 4610 vero
846 4528 1304 4605 _festiamans,qui
1324 4527 1404 4585 sic
1436 4528 1673 4600 gloriosa
1700 4526 1973 4584 Bethlehe-

2106 4602 2111 4605 _
2157 4524 2229 4580 1".
2266 4525 2617 4595 Κατανοήσας
2642 4524 2719 4588 δέ,
2759 4496 3084 4591 ὧφιλέορτε,
3120 4517 3247 4586 περὶ
3268 4516 3365 4587 τὴν
3408 4514 3656 4587 Βηθλεέμ

417 4621 603 4676 mitica
626 4627 679 4675 et
703 4636 826 4691 qua:
854 4622 933 4676 tui
968 4635 1133 4679 causa
1164 4629 1637 4685 consummantur,
1660 4620 1981 4691 perspicias,

415 4711 736 4767 caelestibus
785 4712 981 4766 turmis
1022 4711 1253 4776 salutem
1309 4720 1458 4765 tuam
1514 4709 1804 4780 magniﬁce
1844 4710 1984 4765 cele-

416 4802 703 4859 brantibus
731 4809 839 4861 tete
866 4803 1060 4859 lubens
1089 4804 1392 4874 alacrisque
1421 4801 1674 4873 adjunge.
1702 4798 1984 4868 Quomodo

419 4897 550 4975 olim
584 4895 753 4953 David
779 4913 965 4954 coram
1015 4884 1143 4954 arca
1171 4880 1239 4967 “,
1264 4900 1344 4955 sic
1376 4898 1493 4970 ipse
1525 4913 1710 4952 coram
1733 4896 1984 4967 virginali

419 4987 636 5054 throno,
672 4988 828 5044 la-tus
856 4989 1085 5045 choreas
1107 4989 1313 5063 ducito.
1362 4987 1653 5042 Dominum
1701 4988 1901 5057 ubique
1932 4994 1985 5040 et

420 5092 634 5150 semper
656 5064 1228 5150 praesentem,‘quique
1269 5094 1301 5133 a
1332 5076 1630 5141 Themane,
1662 5083 1722 5129 ut
1756 5077 1830 5130 ait
1857 5090 1985 5145 pro-

495 5232 536 5264 "
568 5230 705 5289 Isai.
739 5249 814 5301 γι,
851 5234 967 5290 1ο9.
1042 5234 1087 5267 ¹⁸
1116 5232 1276 5290 Prov.
1309 5246 1431 5297 vm,
1452 5231 1505 5287 9.
1584 5232 1626 5263 "
1656 5229 1851 5301 Ephes.
1879 5243 1919 5292 ι,
1950 5227 2006 5283 5.

491 5385 609 5459 (ᾂο)
636 5389 902 5459 Ἐνώπια.
929 5388 1160 5458 Theod.,
1188 5389 1389 5445 εὐθεῖα.

492 5452 605 5530 (41)
631 5458 977 5530 Ἰερὰτευμα.
1008 5452 1197 5515 Visum
1239 5471 1321 5515 est
1344 5462 1523 5516 minus
1551 5467 1875 5530 expressum
1905 5452 1987 5530 τὸ,

421 5522 790 5613 sacerdotium.
824 5522 940 5613 ξὶέι,
973 5540 1115 5613 auct.
1152 5530 1344 5613 Arist.,
1386 5533 1429 5613 ,ἡ
1485 5522 1788 5613 περίξιξοὺς
1833 5522 2005 5587 θεοὺς,

422 5597 728 5670 ἐπιμέλεια,
761 5601 942 5655 cultus
972 5600 1061 5670 ille
1094 5609 1147 5654 et
1173 5597 1493 5670 obsequium
1540 5597 1987 5670 religicqtle._sa-

421 5664 732 5741 cerdotihus
755 5669 1201 5741 maximechum
1234 5664 1579 5741 divinumque
1605 5664 1983 5741 eicelloutiam

348 5758 351 5761 ’
417 5755 488 5795 cx
522 5740 748 5796 ellentcr
778 5740 1159 5807 referentibus,
1195 5740 1840 5813 respectiveadhibenda.

2091 4602 2158 4673 τὰ
2184 4618 2356 4682 οὕτως
2395 4617 2579 4681 ἔνδοξα
2605 4617 2698 4671 καὶ
2728 4616 2814 4669 διὰ
2852 4614 2911 4667 σέ
2938 4611 3252 4682 τελούμενα,
3296 4608 3655 4678 συνασμένιζε

2089 4712 2201 4772 τοῖς
2222 4707 2561 4780 ἐπουρανίοις
2589 4704 2939 4777 μεγαλοφυιῖκ
2958 4704 3053 4774 τὴν
3086 4701 3212 4773 περὶ
3247 4700 3306 4753 σὲ
3339 4697 3655 4769 ἑορτάζουσι

2092 4799 2381 4871 σωτηρίαν.
2443 4797 2646 4868 Χόρευε
2702 4794 2809 4864 πρὸ
2850 4789 3136 4863 προσώπου
3184 4785 3276 4840 τοῦ
3329 4780 3653 4856 παρθενικοῦ

2092 4890 2301 4961 θρόνου,
2329 4888 2404 4951 ὼς
2436 4887 2601 4941 πάλαι
2634 4884 2796 4939 Δαυῒδ
2830 4881 2933 4955 πρὸ
2964 4877 3250 4952 προσώπου
3267 4876 3363 4947 τῆς
3397 4871 3653 4928 κιϐωτοῦ.

2103 4979 2509 5051 Ἀνευφήμησον
2542 4975 2631 5029 τὸν
2669 4970 2980 5041 ἁπανταχοῦ
3018 4970 3245 5023 πάντοτε
3277 4964 3541 5036 παρόντα,
3567 4961 3660 5051 καί.

2089 5075 2153 5125 ἐκ
2185 5049 2492 5142 θεμὰν,νῶς
2545 5082 2706 5138 φησιν
2736 5066 2765 5117 ό
2797 5061 3099 5134 προφήτης,
3145 5055 3469 5126 ἐπιφανῆναι
3518 5049 3664 5107 κατὰ

2079 5226 2125 5258 ²⁰
2160 5224 2364 5280 "Cor.
2405 5239 2458 5290 v,
2489 5220 2574 5275 i9.
2652 5220 2695 5251 ¹¹
2738 5216 2918 5287 IReg.
2951 5230 3027 5279 γι,
3063 5212 3151 5268 id.

2166 5378 2277 5451 (42)
2319 5377 2480 5451 Κατὰ
2504 5375 2638 5451 τὴν
2687 5372 2968 5451 sudantur
2983 5411 3011 5451 ,_
3032 5369 3167 5451 Eph.
3208 5382 3393 5451 μοιιο
3432 5363 3658 5451 alludit.

2093 5435 2699 5520 Nehnpejuxtahonam
2740 5446 2886 5499 illam
2921 5441 3015 5496 Dei
3039 5435 3372 5520 voluntatem
3397 5435 3656 5520 et‘de‘cre-

2093 5503 2208 5575 tum
2231 5503 2431 5573 salutis
2479 5517 2790 5581 hominum;
2821 5529 2886 5568 ex
2915 5527 3019 5583 qua
3053 5525 3159 5564 una
3208 5507 3388 5583 Patris
3422 5515 3482 5583 et
3511 5503 3659 5583 Filii,

2094 5574 2310 5655 Patrem
2373 5588 2429 5641 in
2474 5586 2611 5641 Filio
2658 5574 2840 5639 statim
2877 5574 3102 5655 colligit,
3137 5595 3205 5634 ex
3232 5581 3420 5632 eodem
3446 5574 3662 5655 Pauiq;

2092 5654 2263 5729 eoque
2290 5658 2471 5713 minus
2505 5654 2938 5725 apte'Pantinus,
2983 5654 3043 5706 ob
3078 5664 3385 5721 propensam
3420 5662 3572 5701 suam
3610 5654 3662 5696 in

2098 5748 2190 5784 nos
2226 5730 2567 5784 voluntatem.
