3864 6162
374 252 481 308 553
1332 249 1392 307 ε.
1436 249 1768 306 Μετιιοοιι
1805 249 2120 306 EPlSCOPl
2159 249 2246 302 ET
2288 247 2648 304 MARTYRIS
3513 257 3620 312 εδδ

369 364 854 435 virginitatemque
891 364 1160 419 naturalis
1187 364 1415 419 unitatis
1459 364 1751 418 indivisam
1800 364 1937 419 inse-

2048 362 2135 425 δος
2193 362 2478 433 νυμφικῶς
2538 361 2812 414 ἐνώσαντα
2871 363 3048 434 ἐαυτῷ
3095 364 3185 418 τὸν
3255 366 3424 438 Ἀδὰμ
3459 370 3622 441 ἀτρέ-

369 457 781 529 parabilemque
819 457 1163 511 conservavit
1202 476 1213 510 :
1255 456 1458 526 quique
1502 456 1556 509 in
1602 455 1794 516 terris,
1845 472 1937 509 nu-

2053 471 2200 516 πτως
2234 454 2364 525 (47),
2408 453 2502 506 καὶ
2549 452 2912 506 ἀδιάσπαστον
2948 456 3040 508 καὶ
3073 457 3343 528 ἀκήρατον
3387 459 3484 531 τὴν
3525 481 3626 535 μη-

368 549 521 620 ptiali
555 547 795 619 Virginis
823 549 1084 614 thalamo,
1103 546 1234 603 Adae
1261 548 1365 602 sibi
1393 557 1643 602 naturam
1680 548 1937 602 immobili

2052 547 2242 618 τρικὴν
2284 547 2505 614 ἁγνείαν
2543 545 2972 617 διατηρήσαντα·
3027 549 3119 602 τὸν
3162 551 3273 604 ἀνω
3305 552 3622 623 ἁρρεύστως

371 641 574 696 unione
603 657 702 695 ceu
732 657 968 711 sponsus
988 640 1310 710 conjunxit;
1347 653 1420 694 ac
1438 639 1628 696 Matris
1653 641 1937 711 puritatem

2053 637 2409 706 γεννηθέντα,
2459 637 2552 690 καὶ
2601 636 2751 689 κάτω
2794 637 3086 708 ἀφράστως
3141 640 3418 710 τεχθέντα.
3483 642 3621 698 Ἀλλ’

370 732 698 786 indivulsam
739 733 1225 802 incorruptamque
1273 732 1510 786 servavit
1562 751 1575 785 :
1616 747 1738 786 eum
1794 730 1937 784 deni-

2054 730 2147 781 ἐπὶ
2173 729 2233 783 τὸ
2257 729 2612 801 προκείμενον
2634 728 2988 800 ἐπανάξωμεν
3003 730 3092 782 τὸν
3119 731 3294 800 λόγον.

371 841 498 894 que,
535 827 625 895 qui
678 826 734 880 in
799 826 1052 895 supernis
1114 825 1261 878 nulla
1316 825 1672 894 corruptione
1713 824 1951 894 genitus,
2011 821 2270 877 ineffabili
2318 823 2374 876 in
2416 822 2570 877 hisee
2628 820 2981 876 inferioribus
3031 824 3241 878 ratione
3287 835 3451 882 natus
3510 832 3620 889 est.

372 916 641 971 Castorum
677 917 979 968 orationem
1021 913 1087 967 ad
1123 914 1466 983 propositum
1505 913 1853 968 reducamus.

444 1005 534 1063 IV.
569 1007 756 1076 Itaque
787 1005 976 1059 eduxit
1027 1006 1292 1075 propheta
1328 1005 1606 1075 Virginem
1665 1021 1729 1060 ex
1772 1003 1950 1058 Naza-

374 1100 512 1165 reth,
539 1106 596 1152 ut
624 1099 677 1152 in
715 1097 1025 1151 Bethlehem
1059 1096 1230 1151 fetum
1267 1098 1418 1150 illum
1447 1097 1742 1151 salutarem
1773 1097 1947 1150 enite-

369 1198 556 1254 retur;
609 1187 964 1257 eamdemque
1022 1186 1217 1241 iterum
1276 1187 1534 1257 propheta
1593 1187 1829 1251 reduxit,
1891 1196 1949 1240 ut

367 1298 519 1353 spem
556 1281 700 1335 illam
725 1280 850 1334 vitae
883 1279 1082 1333 mumlo
1107 1279 1497 1333 manifestaret.
1525 1277 1751 1334 Solvens
1781 1278 1947 1348 igitur

366 1370 462 1427 Dei
494 1385 620 1424 arca
667 1385 735 1424 ex
792 1369 1241 1424 Bethlebemitico
1299 1370 1602 1425 diversorio
1632 1369 1767 1440 (illic
1797 1370 1943 1424 enim

365 1464 530 1517 solvit
582 1463 685 1532 legi
726 1463 1095 1533 quadraginta
1129 1463 1360 1529 dierum,
1417 1477 1524 1516 non
1568 1463 1813 1531 justitize,
1847 1461 1944 1516 sed

365 1553 554 1624 gratiae
585 1553 871 1622 debitum),
906 1553 1174 1622 requievit
1204 1553 1258 1604 in
1283 1551 1556 1605 montibus
1592 1551 1722 1605 Sion
1751 1572 1764 1605 :
1799 1551 1945 1605 acci-

2127 1003 2199 1054 A'.
2225 1000 2518 1070 Προφήτης
2566 998 2854 1072 τοιγαροῦν
2885 1000 2948 1053 ἐκ
2969 1001 3220 1074 Ναζαρὲθ
3249 1003 3490 1075 ἀνήγαγε
3521 1007 3628 1080 τὴν

2053 1090 2326 1162 Παρθένον
2345 1091 2651 1160 ἀποκυῆσαι
2680 1092 2738 1144 ἐν
2769 1091 3013 1162 Βηθλεὲμ
3034 1093 3093 1146 τὸ
3123 1096 3387 1166 σωτήριον
3407 1096 3618 1168 κύημα·

2051 1186 2146 1237 καὶ
2184 1185 2467 1257 προφήτης
2514 1185 2781 1255 ἐξήγαγεν
2820 1184 2927 1256 (48)
2971 1187 3265 1255 ἐμφανίσαι
3308 1188 3386 1260 τῷ
3431 1191 3623 1262 κόσμῳ

2049 1281 2148 1348 τῆς
2184 1276 2328 1348 ζωῆς
2379 1279 2476 1349 τὴν
2509 1277 2716 1330 ἐλπίδα.
2758 1276 2916 1330 Ὅθεν
2965 1278 3216 1349 ἐπάρασα
3258 1281 3320 1333 ἐκ
3365 1282 3625 1353 σταθμῶν

2053 1369 2298 1440 Βηθλεέμ
2326 1371 2358 1440 ή
2398 1369 2626 1433 κιϐωτὸς
2683 1367 2776 1422 τοῦ
2808 1367 2942 1422 Θεοῦ
2975 1369 3144 1441 (αὐτῷ
3175 1371 3283 1441 γὰρ
3335 1374 3622 1428 ἀπετίννυε

2050 1461 2128 1532 τῷ
2177 1461 2326 1531 νόμῳ
2348 1460 2475 1530 ,τῆς
2524 1459 3014 1532 τεσσαρακοντάδος
3052 1461 3150 1531 τὴν
3173 1463 3234 1514 οὐ
3266 1463 3405 1516 κατά
3435 1464 3617 1534 χρέος,

2048 1551 2183 1604 ἀλλά
2238 1551 2379 1604 κατά
2426 1550 2583 1622 χάριν
2631 1545 2899 1621 ὀφειλὴν),
2936 1550 3028 1602 ἐπὶ
3069 1550 3136 1603 τὰ
3177 1550 3276 1624 ὅρη
3309 1552 3621 1608 κατέπαυσε

366 1646 638 1715 piensque
667 1645 979 1699 castissime
1004 1645 1152 1706 sinu,
1187 1653 1443 1713 tanquam
1475 1644 1692 1698 sublimi
1713 1643 1937 1712 quodam

2050 1645 2152 1714 τῆς
2194 1642 2353 1708 Σιὼν,
2391 1643 2484 1696 καὶ
2531 1641 2872 1696 ἀναλαϐοῦσα
2915 1645 3028 1706 τοῖς
3068 1643 3355 1714 ἀκράντοις
3375 1644 3618 1712 κόλποις,

364 1744 420 1791 et
443 1737 735 1806 humanam
755 1751 970 1792 omnem
995 1746 1247 1790 naturam
1283 1744 1576 1806 superante
1605 1737 1827 1800 throno,
1849 1733 1947 1790 Re-

364 1845 485 1899 gem
515 1829 664 1882 illum
705 1829 982 1894 omnium;
1009 1828 1183 1888 illum,
1220 1827 1464 1896 inquam,
1509 1826 1721 1891 eodem,
1755 1824 1866 1879 Deo
1893 1833 1948 1880 et

366 1919 542 1986 Patri,
580 1921 780 1974 throno
814 1921 1106 1975 sublimem
1139 1919 1360 1982 Filium,
1399 1935 1501 1974 nec
1532 1919 1650 1989 ipso
1680 1919 1948 1973 exceden-

367 2023 474 2068 tem
504 2033 517 2068 :
545 2029 661 2081 luna
703 2014 816 2066 illic
845 2028 968 2067 cum
1021 2023 1302 2083 assumpta
1347 2029 1412 2068 ex
1459 2013 1580 2082 ipsa
1627 2012 1947 2066 intemerata

363 2118 555 2168 carne,
585 2104 760 2158 eidem
795 2105 1164 2172 praesentavit.
1197 2105 1457 2158 Ascendit
1485 2106 1538 2157 in
1563 2104 1820 2172 templum
1855 2119 1946 2158 sa-

365 2209 462 2248 cra
493 2195 684 2260 Mater,
723 2211 923 2249 novum
959 2195 1062 2265 legi
1090 2195 1404 2250 exhibitura
1444 2196 1794 2257 miraculum,
1821 2210 1948 2264 pro-

363 2289 584 2359 lemque
635 2289 728 2344 diu
777 2291 1084 2359 quiesitam,
1136 2304 1258 2358 quae
1313 2289 1571 2342 nimirum
1625 2287 1944 2356 virginalem

363 2383 582 2438 vulvam
615 2383 850 2451 aperuit,
883 2398 984 2436 nec
1021 2390 1202 2436 tamen
1228 2381 1554 2452 virginitatis
1572 2381 1812 2435 claustra
1835 2381 1948 2434 dis-

363 2476 550 2544 rupit:
584 2476 793 2544 prolem
843 2475 958 2544 lege
992 2475 1353 2543 superiorem,
1386 2488 1506 2543 qua:
1557 2481 1735 2528 tamen
1771 2473 1944 2544 legem

363 2567 673 2636 impleverit
701 2583 712 2619 :
749 2567 952 2635 prolem
981 2575 1104 2619 ortu
1137 2566 1373 2635 priorem
1397 2605 1410 2628 ,
1433 2565 1899 2634 posterioremque
1928 2583 1940 2618 :

363 2659 572 2729 prolem
614 2658 849 2727 denique
881 2674 947 2711 ex
988 2658 1105 2726 ipsa
1153 2659 1495 2710 incarnatam
1552 2671 1718 2726 supra
1772 2657 1944 2726 legem

362 2759 592 2805 natura.
613 2748 750 2808 Nam
785 2749 986 2818 alioqui
1011 2748 1192 2802 omnis
1213 2748 1394 2810 vulva,
1412 2763 1477 2801 ex
1501 2748 1600 2800 viri
1634 2747 1787 2817 prius
1812 2761 1945 2800 con-

359 2841 648 2911 junctione
679 2847 865 2909 aperta
893 2847 947 2893 et
997 2839 1206 2893 semine
1255 2853 1574 2908 conspersa,
1614 2838 1944 2908 principium

362 2931 609 3002 pariendi
646 2931 850 3001 accipit
888 2949 902 2984 :
935 2930 1329 2999 doloribusque
1363 2931 1523 2984 linem
1560 2931 1739 2999 partui
1771 2930 1946 3000 impo-

363 3025 645 3084 nentibus.
679 3024 891 3078 ratione
920 3023 1136 3077 tandem
1163 3023 1447 3093 praeditum
1488 3031 1945 3077 consentaneum-
1971 2998 2013 3056 (δ

364 3133 471 3188 que
502 3127 710 3172 natura:
733 3116 990 3176 fructum,
1028 3115 1120 3170 Dei
1144 3116 1423 3170 Creatoris
1462 3115 1748 3184 sapientia,
1775 3116 1829 3168 in
1863 3115 1946 3169 lu-

365 3223 484 3264 esm
520 3209 835 3278 edit,justa
880 3209 1010 3263 illud
1049 3209 1292 3262 divinum
1348 3211 1588 3264 scitum:
1627 3208 1857 3263 Crescite
1897 3220 1944 3263 et

363 3301 812 3368 multiplicamini,
848 3310 899 3354 et
949 3301 1138 3370 replete
1195 3311 1390 3353 terram
1413 3301 1498 3367 '3;
1542 3300 1708 3370 hujus
1762 3309 1942 3356 autem

363 3404 576 3459 uterus,
610 3409 788 3464 neque
845 3394 1000 3464 prius
1050 3403 1295 3463 apertus,
1339 3408 1516 3462 neque
1568 3394 1777 3448 semine
1811 3409 1944 3447 con-

361 3501 610 3557 spersus,
648 3487 886 3541 fructum
918 3487 1070 3540 illum
1103 3501 1271 3556 supra
1315 3494 1591 3551 naturam,
1624 3495 1835 3541 natura“:
1868 3495 1944 3540 ta-

361 3595 487 3633 men
524 3588 837 3650 cognatum,
864 3580 1210 3650 germinavit,
1236 3579 1398 3649 idque
1427 3579 1564 3632 citra
1601 3581 1770 3632 ullum
1808 3579 1945 3634 indi-

359 3673 530 3727 vulsae
585 3673 814 3727 unitatis
869 3672 1260 3727 detrimentum
1283 3713 1298 3736 ,
1334 3672 1402 3725 ad
1436 3673 1705 3726 intensius
1740 3673 1944 3742 impen-

361 3760 588 3832 siusque
610 3763 935 3817 miraculum
963 3780 977 3830 ;
1017 3765 1166 3817 salva
1198 3764 1458 3818 nimirum
1507 3765 1752 3834 pristina:
1776 3766 1942 3834 virgi-

360 3851 554 3906 nitatis
580 3853 960 3922 praerogativa.
985 3851 1247 3906 Ascendit
1278 3852 1442 3922 igitur
1472 3852 1526 3904 in
1548 3853 1831 3921 templum,
1851 3851 1938 3905 illa

358 3943 562 4013 templo
605 3945 820 4008 celsior,
853 3944 1129 4013 duplicem
1158 3945 1347 3998 induta
1381 3943 1611 4013 gloriam
1651 3963 1662 3997 :
1704 3943 1938 3997 inteme-

358 4042 514 4098 ratae,
541 4035 786 4104 inquam,
815 4036 1168 4106 virginitatis,
1200 4045 1254 4092 et
1285 4038 1575 4094 inellabilis
1629 4039 1938 4095 fecundita-

357 4127 470 4180 tis:
519 4126 655 4194 legis
706 4127 1166 4190 benedictionem,
1206 4138 1262 4183 et
1309 4133 1500 4201 gratiae
1550 4132 1940 4186 sanctiﬁcatio—

363 4231 510 4271 nem.
545 4215 910 4282 Quamobrem
949 4219 1023 4272 ait
1057 4220 1146 4275 ille
1176 4220 1364 4275 videns
1394 4239 1407 4275 :
1440 4220 1511 4274 Et
1542 4222 1698 4291 plena
1750 4221 1936 4274 domus

2049 1738 2124 1802 ὡς
2156 1738 2247 1790 ἐπὶ
2301 1735 2488 1808 θρόνου
2541 1734 2766 1804 ὑψηλοῦ,
2807 1734 2902 1787 καὶ
2948 1733 3044 1804 τὴν
3074 1734 3418 1806 ἀνθρωπείαν
3445 1732 3619 1810 ὑπερ-

2048 1831 2302 1884 ϐαίνοντα
2333 1827 2513 1899 φύσιν,
2566 1827 2656 1880 τὸν
2691 1826 2909 1896 βασιλέα
2949 1827 3056 1879 τῶν
3087 1828 3363 1894 ἁπάντων,
3388 1829 3465 1901 τῷ
3496 1829 3621 1903 Θεῷ

2048 1926 2141 1979 καὶ
2195 1924 2388 1995 Πατρὶ,
2422 1923 2512 1975 τὸν
2567 1919 2852 1992 σύνθρονον
2907 1919 3070 1973 αὐτοῦ
3112 1922 3206 1974 καὶ
3233 1922 3620 1994 ἀνεκφοίτητον

2048 2019 2196 2084 Υίὸν,
2246 2015 2558 2084 ἐνεφάνισεν
2604 2013 2718 2066 ἐκεῖ
2767 2011 2903 2080 μετὰ
2951 2012 3048 2082 τῆς
3090 2011 3148 2076 ἐξ
3182 2012 3351 2082 αὐτῆς
3377 2014 3619 2086 προσλή-

2045 2111 2191 2182 ψεως
2209 2109 2478 2182 ἀχράντου
2497 2107 2631 2178 (49).
2670 2107 2909 2158 Ἀνεισιν
2929 2105 3021 2156 ἐπὶ
3042 2105 3103 2156 τὸ
3130 2105 3272 2176 ἱερὸν
3301 2107 3334 2179 ἠ
3355 2107 3472 2177 ἱερά
3496 2107 3622 2178 Μή-

2045 2221 2149 2275 τηρ
2177 2201 2472 2274 ἐμφανίσαι
2517 2199 2594 2270 τῷ
2625 2198 2775 2268 νόμῳ
2825 2197 2974 2263 ξένον
3013 2197 3214 2268 θαῦμα,
3264 2199 3358 2252 καὶ
3389 2199 3481 2251 τὸν
3523 2199 3622 2270 ξη-

2045 2295 2305 2367 τούμενον
2355 2295 2534 2355 τόκον,
2569 2291 2657 2344 τὸν
2683 2289 3018 2355 διανοίξαντα
3051 2291 3265 2360 μήτραν
3298 2289 3618 2362 παρθενίας,

2047 2393 2142 2442 καὶ
2169 2388 2392 2460 κλεῖθρα
2421 2383 2714 2456 παρθενίας
2751 2380 2824 2452 μὴ
2855 2381 3221 2456 διαρρήξαντα
3242 2404 3254 2416 ·
3294 2385 3386 2438 τὸν
3417 2381 3622 2437 ἀνώτε-

2051 2499 2140 2553 ρον
2157 2482 2342 2552 νόμου,
2375 2480 2468 2534 καὶ
2485 2481 2774 2552 πληρωτὴν
2805 2482 2967 2552 νόμου
2993 2499 3006 2510 ⁸
3040 2482 3132 2535 τὸν
3165 2479 3616 2552 προγενέστερον,

2047 2575 2139 2629 καὶ
2161 2571 2797 2646 μεταγενέστερον”τὺνέξ
2811 2574 2979 2643 αὐτῆς
3007 2573 3354 2646 σαρκωθέντα
3389 2570 3622 2642 ύπὲρνό-

2050 2686 2148 2740 μον
2170 2668 2402 2738 φύσεως.
2423 2671 2564 2723 Διότι
2583 2671 2731 2723 πᾶσα
2764 2671 2964 2742 μήτρα,
2985 2672 3049 2722 ἐκ
3079 2667 3372 2735 συναφείας
3401 2665 3618 2736 πρῶτον

2046 2758 2416 2830 διανοιγομένη
2435 2761 2527 2814 καὶ
2543 2761 2949 2832 ἐνσπειρομένη,
2968 2759 3137 2830 ἀρχὴν
3151 2758 3243 2812 τοῦ
3264 2759 3464 2812 τίκτειν
3479 2754 3625 2822 λαμρ

2047 2851 2174 2906 ϐάνε
2183 2870 2219 2914 ι,
2236 2853 2330 2906 καὶ
2342 2853 2681 2924 τελεσφόροις
2697 2853 2846 2906 ὠδῖσι
2857 2854 2946 2906 τὸν
2957 2853 3168 2919 λογικὸν
3182 2853 3274 2905 καὶ
3287 2847 3622 2919 κατάλληλον

2046 2945 2147 3014 τῆς
2179 2943 2390 3013 φύσεως
2418 2944 2647 3015 καρπὸν,
2673 2947 2739 3016 τῇ
2758 2944 2849 2997 τοῦ
2876 2942 3329 3015 δημιουργοῦντος
3353 2940 3510 3010 σοφίᾳ
3537 2942 3621 3002 εἰς

2046 3037 2350 3106 τούμφανὲς
2370 3037 2652 3106 προφέρει,
2693 3035 2833 3088 κατά
2857 3035 2938 3096 τὸ,
2969 3033 3314 3099 Αὺξάνεσθε
3341 3031 3440 3085 καὶ
3465 3034 3622 3098 πλη-

2047 3130 2319 3189 θύνεσθε,
2347 3128 2443 3182 καὶ
2474 3125 2826 3195 πληρώσατε
2852 3127 2965 3195 τὴν
2991 3126 3128 3196 γῆν,
3151 3125 3243 3178 τοῦ
3273 3124 3406 3178 Θεοῦ
3428 3123 3620 3191 λέγον-

2045 3240 2152 3287 τος.
2183 3225 2245 3276 Ἠ
2278 3225 2336 3277 δὲ
2371 3223 2576 3293 ταύτης
2626 3223 2857 3295 γαστὴρ,
2893 3222 3015 3277 οὔτε
3049 3224 3143 3292 μὲν
3184 3222 3622 3294 προδιανοιγεῐσα

2043 3315 2167 3370 οὔτε
2192 3316 2602 3387 ἐνσπειρομένη,
2640 3317 2892 3389 ὑπερφυᾶ
2929 3332 2988 3367 τε
3025 3316 3117 3368 καὶ
3153 3315 3375 3385 συμφυᾶ
3407 3312 3621 3382 καρπὸν

2045 3407 2363 3478 ἐϐλάστησε,
2414 3407 2534 3461 καθ’
2573 3408 2764 3460 ἕνωσιν
2823 3407 3185 3460 ἀδιάσπαστον
3213 3405 3508 3474 ἀλωὸήτως
3538 3406 3623 3467 εἰς

2043 3502 2295 3554 ἐπίτασιν
2340 3499 2641 3570 θαύματος,
2690 3500 2747 3551 ἐν
2798 3498 3081 3568 ταυτότητι
3145 3496 3467 3565 διαμείνασα
3518 3494 3621 3565 τῆς

2043 3593 2356 3663 παρθενίας.
2410 3592 2616 3644 Ἀνεισι
2663 3589 2948 3661 τοιγαροῦν
2999 3591 3079 3652 εἰς
3121 3588 3181 3641 τὸ
3231 3586 3402 3659 ἱερὸν,
3445 3586 3478 3656 ή
3522 3584 3619 3638 τοῦ

2043 3685 2189 3756 ἱεροῦ
2250 3683 2574 3755 ὑψηλοτέρα.
2605 3684 2785 3737 δισσὸν
2819 3683 2971 3746 κλέος
3004 3679 3381 3752 περικειμένη,
3413 3676 3624 3748 παρθε-

2041 3778 2159 3839 νίας
2185 3779 2326 3847 φημὶ
2349 3777 2638 3847 ἀχράντου,
2661 3776 2756 3829 καὶ
2779 3774 3114 3836 παιδοποιΐας
3136 3771 3436 3842 ἀφράστου,
3461 3769 3620 3820 εὐλο-

2040 3871 2165 3939 γίαν
2189 3871 2374 3940 νόμου,
2409 3871 2502 3922 καὶ
2554 3867 2821 3938 ἀγιασμὸν
2849 3867 3088 3938 χάριτος.
3124 3865 3214 3918 Διό
3246 3881 3410 3934 φησιν
3442 3865 3471 3916 ὀ
3497 3861 3620 3932 βλέο

2041 3981 2158 4016 πων
2181 3981 2194 3993 ·
2232 3963 2339 4015 Kal
2372 3963 2608 4028 πλήρης
2654 3964 2686 4014 ὁ
2712 3957 2875 4026 οἶκος
2910 3957 3020 4026 τῆς
3047 3957 3234 4024 δόξης
3259 3954 3445 4010 αὐτοῦ
3468 3970 3484 3984 ·
3515 3950 3621 4006 καὶ

2039 4055 2297 4124 σεραφὶμ
2333 4051 2716 4118 εἱστήκεισαν·
2769 4052 2972 4116 κύκλῳ
3000 4048 3218 4102 αὐτοῦ’
3253 4047 3347 4100 καὶ
3372 4044 3621 4113 ἐνέκρο-

2039 4165 2144 4216 rer
2173 4147 2372 4214 ἕτερος
2402 4145 2554 4213 πρὸς
2585 4144 2691 4197 τὸν
2725 4143 2948 4210 ἕτερον,
2980 4141 3077 4195 καὶ
3115 4141 3333 4207 ἔλεγον
3353 4156 3366 4169 ·
3401 4139 3618 4207 Ἄγιος,

2039 4241 2223 4310 ἅγιος,
2255 4239 2419 4308 ἅγιος
2455 4240 2668 4305 Κύριος
2697 4234 2964 4289 Σαϐαὼθ⁸
2999 4233 3234 4300 πλήρης
3255 4231 3425 4286 πᾶσα
3469 4234 3506 4298 ἡ
3537 4229 3616 4301 713'

360 4309 535 4379 gloria
562 4309 714 4378 ejus:
747 4319 794 4364 et
825 4312 1084 4379 seraphim
1113 4314 1328 4368 stabant
1361 4317 1417 4368 in
1445 4315 1672 4368 circuitu
1717 4314 1850 4378 ejus,
1883 4323 1933 4368 et

2046 4309 2143 4398 τῆς
2164 4330 2348 4396 δόξης
2381 4328 2588 4383 αὐτοῦ.
2637 4325 2807 4379 Τοῦτο
2854 4324 2917 4395 δὴ
2958 4323 3116 4377 τοῦτο
3149 4324 3242 4376 καὶ
3279 4323 3307 4374 ὀ
3348 4321 3618 4392 μακάριος

356 4405 662 4460 clamabant
691 4408 826 4461 alter
849 4408 918 4460 ad
954 4409 1179 4463 alterum
1206 4424 1224 4461 :
1260 4408 1509 4474 Sanctus,
1546 4420 1783 4472 sanctus,
1802 4427 1931 4464 san-

355 4508 471 4552 ctus
506 4497 763 4554 Dominus
816 4498 1104 4554 Sabaoth:
1145 4502 1300 4571 plena
1350 4503 1518 4556 omnis
1569 4511 1709 4555 terra
1755 4503 1928 4571 gloria

353 4589 563 4660 ejus";
595 4591 736 4661 quod
770 4601 824 4645 et
852 4592 1029 4662 ipsum
1058 4593 1248 4648 beatus
1283 4594 1548 4662 propheta
1581 4591 1836 4646 llabacue
1859 4593 1930 4646 le-

2043 4424 2326 4495 προφήτης
2369 4417 2688 4489 Ἀμϐακοὺμ
2737 4414 2966 4477 ἀστείως
3011 4411 3317 4484 ἐμελῴδησε
3368 4410 3615 4478 φάσκωνο

2046 4515 2140 4565 Ἑν
2145 4510 2313 4581 μέσῳ
2347 4509 2455 4563 δύο
2483 4507 2636 4569 ᾅῦων
2655 4505 3016 4576 τνωσθήσῃτ
3055 4505 3125 4558 ἐν
3166 4502 3243 4568 τῷ
3268 4501 3518 4572 ἐγγίζειν
3546 4498 3621 4554 τὰ

2031 4606 2135 4672 ἐτη
2209 4599 2630 4672 ἐπιγνωσθήσῃ
2653 4617 2665 4630 ’
2730 4599 2801 4650 ἐν
2853 4597 2934 4663 τῷ
2997 4595 3268 4663 παρεῖναι
3310 4594 3418 4645 τὸν
3484 4609 3619 4645 και-

351 4691 477 4759 pide
507 4691 838 4754 modulatus,
874 4693 950 4744 ait
979 4711 992 4746 :
1032 4690 1101 4745 In
1148 4692 1318 4747 medio
1352 4693 1579 4747 duorum
1614 4693 1926 4746 animalium

2046 4696 2138 4748 mw
2177 4691 2600 4761 ἀναδειχθήσῃ.
2631 4691 2767 4760 Ὅρα
2805 4705 2894 4759 μοι
2944 4684 3228 4758 τηλαυγῶς
3279 4683 3374 4736 τοῦ
3438 4683 3613 4736 Πνεύ-

352 4785 583 4837 nosceris
623 4798 640 4834 :
671 4783 797 4836 dum
837 4786 1364 4856 appropinquaret-int
1398 4787 1546 4850 anni,
1579 4787 1875 4857 agnoscet-is
1907 4803 1925 4838 :

458 4940 504 5014 ’ξ
537 4940 666 4995 Gen.
691 4955 730 5004 ι,
763 4939 853 4994 ΞΞ.
927 4941 972 4972 ’θ
1011 4939 1148 4996 Isai.
1182 4957 1257 5007 vl,
1285 4942 1339 4995 ’5.

421 5073 536 5142 (4⁸7)
567 5073 884 5144 Νυμφικῶς
909 5074 1217 5129 ἐνώσαντα
1234 5075 1423 5141 ἑαυτῷ
1444 5075 1550 5128 τὸν
1577 5074 1750 5144 Ἀδὰμ
1765 5073 1926 5142 ἀτρέ-

353 5157 531 5208 πτως.
570 5143 636 5197 Ut
659 5143 1012 5213 isignilicetur
1044 5147 1337 5200 immobilis
1370 5147 1521 5205 unio,
1553 5161 1651 5198 ceu
1684 5143 1800 5212 lege
1841 5146 1924 5197 in-

355 5212 624 5267 violabilis
686 5212 948 5284 conjngii.
996 5226 1205 5271 naturae
1252 5217 1503 5269 humanae
1532 5215 1596 5268 ad
1630 5214 1869 5284 Verbum
1909 5233 1922 5268 :

353 5297 663 5356 quanquam
699 5283 882 5356 posset
909 5286 967 5338 τὸ
996 5287 1282 5356 ἀτρέπτως
1321 5287 1523 5341 referre
1567 5288 1742 5354 ipsum
1791 5283 1926 5339 Ver—

354 5350 505 5430 bum,
534 5361 588 5430 et
619 5350 837 5430 modum
868 5350 1088 5410 unionis
1117 5373 1183 5412 ex
1208 5365 1363 5426 parte
1389 5358 1557 5422 illius,
1578 5350 1728 5410 nulla
1752 5371 1782 5410 a
1806 5371 1929 5426 pro-

351 5422 904 5490 priisdeumtatione.

427 5489 672 5566 (ﬁSiKal
721 5493 1028 5566 προφήτης
1078 5495 1391 5566 ἐξήγαγεν.
1452 5495 1656 5566 Nempe
1709 5499 1773 5550 ἐκ
1821 5497 1923 5566 τῇς,

352 5557 620 5635 βιηθλεέριἶ
679 5557 878 5635 ιιιλίμῖο
906 5557 1104 5616 editam
1128 5557 1381 5635 prolem,
1413 5583 1562 5635 spem
1591 5557 1744 5621 illam
1776 5557 1919 5629 vitae,

355 5631 410 5683 in
425 5628 710 5706 montibus
741 5628 893 5690 Sion,
917 5640 972 5687 ct
995 5628 1195 5701 templo
1215 5628 1692 5706 Jerosoljmitano,
1720 5628 1925 5690 mundo

359 5697 732 5754 tuanifestaret
778 5709 883 5752 :ut
941 5697 1233 5774 utrumque
1296 5697 1651 5776 signiﬁcetur,
1692 5723 1790 5762 ceu
1856 5724 1919 5761 ex

2037 4801 2206 4856 ματος
2262 4783 2360 4855 τὴν
2413 4781 2724 4854 ἀκρίϐειαν·
2793 4778 2992 4848 γνῶσίν
3055 4794 3219 4848 φησιν
3282 4776 3610 4842 ἐπίγνωσιν,

2033 5072 2261 5127 oraculo
2292 5071 2516 5126 factum.
2546 5069 2811 5126 Pantinus
2845 5086 2942 5126 sua
2976 5072 3195 5143 ingerit,
3221 5082 3276 5129 et
3308 5073 3616 5128 Mcthodia—

2034 5145 2120 5197 nis
2141 5144 2393 5203 adversa,
2429 5143 2575 5197 velut
2605 5143 2672 5196 de
2699 5143 3137 5200 manifestatione
3181 5147 3234 5199 in
3267 5145 3612 5203 Bethlehem,

2032 5229 2140 5269 non
2175 5217 2227 5266 in
2254 5215 2474 5282 templo,
2502 5221 2756 5283 ageretur
2792 5232 2805 5267 :
2841 5213 2957 5278 Quo
2983 5215 3249 5271 consilia?
3294 5213 3521 5282 Nempe.
3556 5226 3614 5267 ut

2033 5284 2228 5338 mundo
2252 5285 2371 5337 vita:
2393 5285 2509 5352 jam
2541 5300 2650 5336 sua:
2687 5300 2830 5352 spem
2868 5284 3274 5340 demonstraret.
3317 5284 3614 5339 Declarant

2035 5355 2316 5427 sequentia
2372 5355 2518 5422 quod
2572 5354 2811 5427 diximus
2846 5373 2858 5407 :
2893 5353 3014 5407 ὅθεν
3062 5355 3316 5427 ἐπάρασα
3364 5353 3618 5421 κ.τ.ἐξ.,

2035 5426 2126 5478 ubi
2162 5441 2260 5480 nec
2287 5423 2549 5478 Pantinus
2579 5426 2716 5479 [idus
2740 5433 2842 5480 est.

2098 5495 2210 5566 (49)
2255 5495 2645 5564 Ἑνεςοάνισεν
2663 5496 2789 5550 ἐκεῖ
2799 5496 2948 5564 μετὰ
2971 5497 3082 5564 τῆς
3106 5497 3176 5562 ἐξ
3211 5495 3399 5564 αὐτῆς
3423 5511 3617 5564 προσ-

2029 5564 2272 5638 λήψεως
2323 5567 2647 5634 άχράντου.
2705 5565 2907 5638 Nempe
2961 5567 3039 5637 τῷ
3087 5567 3207 5638 Θεῷ
3264 5569 3359 5638 καὶ
3415 5567 3614 5638 Πατρί,

2034 5637 2177 5704 quod
2230 5635 2406 5689 Lucas
2451 5639 2546 5699 ait,
2580 5635 2926 5708 παραστῆσαι
2953 5635 3028 5708 τῷ
3061 5635 3269 5708 Κυρίῳ.
3301 5637 3408 5691 Res
3455 5635 3617 5708 plana

2033 5707 2227 5762 scienti
2257 5709 2550 5780 terminos;
2581 5707 2847 5762 Pantinus
2872 5707 3051 5764 tamen
3079 5707 3218 5764 male
3248 5707 3472 5766 oscitat;
