3864 6162
226 204 337 263 357

1323 208 1558 265 SERMO
1595 208 1686 264 DE
1726 209 2029 267 SIMEONE
2064 212 2157 266 ΕΤ
2196 211 2404 269 ΑΝΝΑ.

3366 226 3470 284 358

229 315 516 380 ἀνάδειξιν,
550 312 706 369 ἅτινα
736 315 904 387 δηλοῖ,
935 317 994 371 τὸ
1030 319 1127 388 μὲν
1146 359 1160 382 ,
1197 321 1300 375 Ἐν
1315 324 1485 392 μέσῳ
1507 323 1615 378 δύο
1647 323 1802 385 ζώων

1911 326 2038 380 dum
2077 337 2277 399 tempus
2317 328 2523 397 aderit,
2555 332 2843 389 ostenderis
2872 334 2940 388 ³ο.
2975 334 3187 407 Inspice
3227 353 3356 394 vero
3379 355 3473 396 ac-

226 406 581 479 τνωσθήσῃ,
606 408 704 478 τήν
722 425 781 461 τε
817 408 958 463 κατὰ
975 410 1137 482 νόμον
1161 414 1221 466 ἐν
1251 417 1362 477 τοῖς
1393 414 1605 480 ἀδύτοις
1648 419 1808 487 ὑπερ-

228 495 436 550 άνωθεν
467 494 564 549 τοῦ
593 496 907 569 ίλαστηρίου
939 500 1037 571 τῆς
1078 499 1311 555 κιϐωτοῦ
1339 502 1545 573 μεταξὺ
1572 505 1680 559 τῶν
1712 524 1806 560 τυ·-

229 589 407 641 πικῶν
455 588 726 660 χερουὸὶμ
770 591 1082 646 ἐπισκίασιν
1103 592 1203 663 τῆς
1249 594 1398 659 θείας
1431 597 1597 650 αὐτοῦ
1629 597 1804 668 δόξης,

227 678 307 744 ὥς
332 697 466 751 φησι
493 680 630 752 πρὸς
678 682 918 754 Μωῦσῆν
939 721 955 746 ,
999 683 1306 745 Ἐντεῦθέν
1329 700 1428 740 σοι
1460 688 1810 757 τνωσθήσο-

192 788 367 843 σμαι,
429 773 532 843 τήν
588 789 647 826 τε
706 775 1124 846 καταντήσασαν
1183 776 1253 830 τὰ
1298 776 1393 832 νῦν
1424 778 1512 832 διὰ
1544 778 1641 851 τὴν
1667 780 1808 855 κατὰ

231 862 412 935 σάρκα
458 863 806 936 πανύμνητον
857 866 1023 920 αὐτοῦ
1058 868 1153 923 τοῦ
1198 871 1446 943 Σωτῆρος
1492 870 1809 940 θεοφάνειαν

229 955 894 1027 ἀγγελικὴν-συνέλευσιν,
929 960 979 1012 εί
1012 962 1107 1014 καὶ
1134 963 1270 1034 πρὸς
1297 963 1453 1034 ἡμῶν
1480 963 1808 1036 ἀθεώρητος,

231 1046 414 1112 καθὼς
456 1049 858 1121 προδεδήλωκεν
908 1051 1132 1118 Ἡσαΐας
1151 1072 1165 1088 ο
1195 1055 1256 1109 τὸ
1284 1055 1364 1121 δὲ,
1416 1057 1511 1110 Ἐν
1539 1056 1619 1122 τῷ
1654 1058 1811 1128 ἐγγί-

233 1139 354 1201 ζειν
389 1140 463 1196 τὰ
518 1142 646 1211 ἐτη.
694 1144 1118 1215 ἐπιγνωσθήσῃ
1134 1187 1151 1212 ,
1199 1147 1297 1219 τὴν
1341 1147 1679 1213 πανένδοξον,
1733 1148 1810 1214 ὡς

233 1231 577 1303 προείρηται,
604 1235 742 1287 κατὰ
785 1234 964 1309 σάρκα
989 1236 1284 1305 ἐπίγνωσιν
1314 1238 1410 1292 τοῦ
1441 1238 1674 1310 ἀοράτου
1702 1238 1809 1292 Σω-

232 1322 401 1393 τῆρος
426 1322 584 1393 ἡμῶν
613 1322 770 1389 Θεοῦ,
795 1324 871 1389 ὥς
898 1343 999 1379 που
1029 1327 1194 1397 φησιν
1220 1330 1249 1381 ὁ
1277 1327 1449 1399 μέγας
1485 1327 1811 1400 ἱερομύστης

233 1413 481 1478 Παῦλος
533 1417 671 1471 Ὅτε
695 1416 764 1470 δὲ
799 1413 947 1488 ἦλθε
979 1418 1047 1472 τὸ
1086 1419 1379 1490 πλήρωμα
1423 1420 1529 1475 τοῦ
1561 1422 1808 1490 χρόνου,

230 1506 665 1571 ἐξαπέστειλεν
694 1512 728 1563 ό
759 1508 901 1575 Θεὸς
944 1508 1051 1564 τὸν
1093 1509 1233 1564 Υὶὸν
1257 1511 1464 1575 αὐτοῦ.
1487 1512 1810 1581 γενόμενον

229 1598 300 1653 ἐκ
330 1600 631 1669 γυναικὸς,
659 1602 981 1672 γενόμενον
1004 1602 1124 1656 ὑπὸ
1143 1603 1350 1673 νόμον,
1382 1604 1482 1659 ἵνα
1525 1603 1667 1671 τοὺς
1688 1603 1807 1660 ὑπὸ

1907 428 2152 477 curatam
2207 424 2426 493 penitus
2478 421 2719 493 Spiritus
2769 426 3126 498 diligentiam.
3184 428 3469 488 Notionem

1905 514 2066 581 dixit,
2098 516 2431 585 agnitionem
2465 523 2520 570 et
2555 517 2960 588 ostensionem;
2996 536 3228 590 quorum
3256 522 3473 594 singula

1906 607 2022 662 hac
2041 607 2350 675 declarant;
2380 607 2512 663 illud
2536 608 2755 679 quidem
2792 631 2806 666 :
2833 610 2897 666 )n
2923 615 3092 668 medio
3109 615 3333 670 duorum
3362 617 3454 679 uiti

1906 700 2128 754 malium
2157 701 2385 755 nosceris
2402 700 2494 765 ;in
2526 701 2740 771 primis,
2769 702 2966 759 divinae
2987 707 3177 776 ipsius,
3211 707 3366 776 juxta
3395 708 3473 763 le-

1906 807 2052 862 gem,
2081 793 2136 847 in
2164 793 2369 865 adytis,
2390 808 2555 866 super
2579 809 2721 851 arca:
2737 798 3195 867 propitiatorium,
3214 802 3268 854 in
3291 801 3475 856 medio

1906 883 2215 953 typicorum
2250 884 2555 951 cherubim,
2580 886 2768 956 glorire
2788 887 2933 942 velut
2958 889 3470 959 obumbrationem;

1906 989 2034 1029 nam
2074 974 2152 1028 ait
2203 975 2270 1029 ad
2301 975 2519 1047 Moysen
2555 995 2568 1031 :
2600 976 2733 1031 Inde
2759 978 2856 1032 tibi
2893 980 3216 1034 innotescam
3233 980 3311 1036 ἰι
3340 996 3474 1051 pra-

1906 1072 2058 1120 terea
2080 1066 2266 1131 etiam,
2300 1081 2451 1121 nunc
2478 1068 2658 1135 nobis,
2704 1084 2803 1140 per
2841 1068 3142 1127 Salvatoris
3188 1072 3363 1142 ipsius
3382 1088 3470 1130 se-

1908 1156 2149 1212 cundum
2182 1173 2424 1224 carnem,
2447 1159 2688 1215 divinam
2722 1160 3081 1232 laudibusque
3105 1165 3359 1221 omnibus
3378 1180 3472 1220 ce-

1907 1246 2227 1302 lebrandam
2257 1249 2671 1319 apparitionem,
2690 1247 2831 1303 factu
2841 1266 2889 1303 ιιι
2913 1251 3129 1307 obvium
3153 1253 3468 1324 angelorum

1909 1351 2284 1393 concursum:
2317 1354 2626 1411 quanquam
2666 1341 2735 1405 is,
2775 1349 2969 1397 natura
3016 1358 3138 1411 sua,
3184 1343 3344 1401 nobis
3384 1344 3472 1398 in-

1909 1436 2262 1507 aspectabilis
2283 1447 2387 1504 est,
2414 1444 2473 1492 ut
2490 1438 2603 1508 jam
2629 1445 2756 1495 ante
2778 1437 2947 1495 Isaias
2970 1440 3285 1496 declaravit.
3311 1439 3470 1507 Quod

1907 1536 2089 1585 autem
2113 1530 2224 1584 ait:
2250 1529 2389 1583 Dum
2411 1524 2937 1603 appropinquaverint
2959 1532 3105 1597 anni,
3130 1532 3425 1604 agnosceris
3447 1544 3470 1587 :

1910 1622 2135 1678 omnino
2164 1623 2419 1694 inclytam
2447 1622 2620 1691 illam,
2651 1633 2713 1679 ut
2747 1626 2859 1694 jam
2892 1624 3099 1679 dictum
3129 1631 3235 1690 est,
3268 1638 3469 1681 secun-

229 1693 420 1760 νόμον
441 1690 799 1760 ἐξαγοράσῃ.
814 1693 916 1746 ἵνα
935 1691 1049 1762 τὴν
1061 1695 1370 1749 υἱοθεσίαν
1390 1694 1804 1764 ἀπολάϐωμεν.

1911 1714 2038 1770 dum
2069 1690 2312 1780 carnem,
2354 1715 2646 1772 invisibilis
2689 1690 2894 1787 alioqui
2926 1715 3023 1771 Dei
3055 1714 3354 1770 Salvatoris
3382 1729 3474 1773 no-

230 1783 308 1835 re
320 1782 377 1835 δὲ
399 1782 757 1854 ἐπαγόμενον,
774 1784 869 1836 Ἐν
887 1784 953 1838 τὸ
969 1784 1033 1854 (Ῑ.
1048 1783 1146 1855 τῷ)
1172 1784 1443 1853 παρεῖναι
1454 1786 1561 1839 τὸν
1578 1785 1803 1854 καιρὸν,

229 1873 663 1943 ἀναδειχθήσῃ,
697 1875 857 1938 ποίας
903 1875 968 1928 ἂν
997 1877 1092 1929 καὶ
1118 1876 1289 1930 δέοιτο
1327 1878 1701 1952 ἀντιφράσεως
1727 1878 1805 1950 τῷ

229 1962 496 2019 εὔσκοπον
556 1967 691 2038 πρὸς
758 1966 818 2019 τὸ
884 1966 1272 2039 ἐορταζόμενον
1328 1970 1682 2025 ἀπευθύνοντι
1746 1970 1806 2025 τὸ

226 2055 413 2128 lippa;
448 2057 836 2132 Ἀναδειχθήσῃ
854 2059 983 2132 γὰρ,
1020 2061 1290 2131 φησὶν,ὼς
1321 2064 1413 2117 ἐπὶ
1441 2064 1626 2118 πίνακι
1654 2064 1807 2135 βασι-

227 2146 393 2219 λικῷ,
414 2150 518 2202 ὑπὸ
560 2150 661 2221 τῆς
704 2150 970 2223 τεκούσης
1011 2169 1072 2206 σε
1105 2153 1374 2224 άχράντου
1407 2156 1607 2228 μητρὸς
1632 2157 1690 2208 ἐν
1728 2156 1807 2228 τῷ

229 2239 366 2311 ναῷ,
398 2242 454 2294 ἐν
478 2244 547 2313 τῇ
598 2242 696 2312 τῆς
729 2241 1058 2312 σαρκώσεώς
1098 2260 1192 2315 σου
1251 2245 1574 2318 εὐπρεπείᾳ.
1620 2245 1807 2301 Ταῦτα

225 2331 290 2385 δὲ
311 2333 875 2405 ἀνακεφαλαιούμενος
910 2337 939 2389 ό
977 2337 1263 2408 προφήτης
1302 2338 1439 2411 πρὸς
1460 2338 1522 2392 τὸ
1545 2338 1806 2408 σαφέστε-

233 2440 350 2496 ρον,
387 2425 733 2497 ἁνακέκραγε
785 2425 957 2495 λέγων
977 2444 990 2458 ·
1024 2430 1239 2499 Κύριος
1273 2430 1343 2483 ἐν
1375 2430 1500 2497 ναῷ
1535 2432 1680 2502 ἁγιῳ
1706 2432 1805 2485 αὺ-

229 2514 339 2569 τοῦ
354 2532 369 2545 ·
393 2517 759 2571 εὐλαϐείονθω
773 2518 892 2572 ἀπὸ
914 2518 1240 2588 προσώπου
1262 2522 1447 2577 αὑτοῦ
1469 2522 1685 2591 πᾶσαή
1699 2521 1793 2594 γῆ.

1909 1809 2010 1864 stri
2038 1806 2368 1877 agnitionem
2391 1806 2696 1877 signiﬁcat;
2722 1817 2779 1860 ut
2809 1806 3045 1878 quodam
3076 1807 3214 1868 loco,
3243 1820 3477 1877 magnus

1910 1896 2001 1951 ille
2028 1910 2312 1951 sacrorum
2346 1903 2574 1967 ‘mystes
2622 1894 2825 1951 Paulus
2872 1896 2949 1949 ait
2980 1914 2993 1949 :
3026 1895 3252 1963 Quando
3298 1904 3474 1950 autem

1910 1982 2049 2042 venit
2077 1986 2346 2056 plenitudo
2378 1988 2650 2056 temporis,
2683 1988 2859 2041 emisit
2895 1988 3037 2044 Deus
3063 1986 3267 2042 Filium
3296 2004 3471 2053 suum,

1909 2079 2110 2149 factum
2138 2094 2204 2133 ea;
2248 2079 2485 2145 muliere,
2517 2079 2720 2150 factum
2747 2079 2843 2134 sub
2875 2079 3004 2151 lege,
3048 2089 3106 2133 ut
3146 2096 3233 2135 eos
3262 2083 3350 2152 qui
3378 2078 3476 2135 sub

1898 2170 2019 2242 lege
2037 2178 2188 2225 erant
2216 2168 2518 2231 redimeret;
2542 2177 2600 2223 ut
2629 2170 2958 2239 adoptionem
2970 2170 3204 2238 filiorum
3224 2172 3479 2241 recipere-

1911 2277 2028 2315 mus
2053 2261 2117 2315 ³³.
2154 2259 2309 2326 Quod
2330 2266 2510 2315 autem
2555 2260 2902 2332 subjungitur
2931 2280 2945 2317 ε
2982 2260 3121 2315 Dum
3152 2272 3349 2331 tempus
3379 2260 3479 2314 ad-

1908 2355 2030 2419 erit,
2070 2353 2398 2418 ostenderis;
2432 2353 2581 2408 nulla
2623 2354 2812 2424 utique
2853 2354 3196 2425 expositione
3245 2354 3472 2425 indiget,

1909 2449 1955 2505 si
1983 2448 2106 2518 quis
2134 2447 2399 2510 solerter;
2422 2445 2489 2500 ad
2528 2445 2725 2501 festum
2756 2446 2901 2516 quod
2930 2462 3078 2502 nunc
3113 2446 3472 2509 celebramus.

1906 2530 2096 2596 oculos
2135 2538 2334 2593 mentis
2355 2537 2666 2593 intenderit.
2711 2536 3026 2594 Ostenderis
3062 2539 3227 2603 enim,
3276 2537 3473 2607 inquit,

229 2635 494 2699 tanquam
533 2629 589 2684 in
625 2630 779 2686 disco
822 2632 1080 2702 quopiam
1134 2650 1231 2691 ceu
1287 2634 1494 2692 ferculo
1522 2637 1692 2706 regio,
1756 2635 1826 2690 ab
1866 2634 2189 2688 intemerata
2249 2637 2342 2682 tua
2386 2628 2558 2684 Matre
2600 2631 2656 2684 in
2708 2629 2931 2700 templo,
2977 2628 3140 2699 idque
3184 2627 3243 2682 in
3293 2626 3479 2681 carnis

231 2717 334 2772 abs
361 2726 416 2773 te
435 2729 726 2792 assumpta
745 2723 940 2779 decore
967 2716 1020 2779 et
1049 2722 1245 2782 forma.
1279 2728 1409 2794 Qua:
1447 2727 1760 2783 summatim
1794 2725 2055 2794 colligens
2082 2722 2372 2794 Propheta,
2429 2722 2710 2792 amplioris
2753 2720 3018 2778 claritatis
3057 2719 3252 2792 gratia,
3279 2719 3336 2773 in
3360 2718 3477 2774 haec

231 2811 557 2866 exclamavit
574 2815 736 2869 verba
768 2835 781 2869 :
825 2814 1084 2871 Dominus
1114 2818 1173 2871 in
1203 2820 1389 2887 templo
1410 2829 1592 2874 sancto
1630 2836 1726 2875 suo
1746 2818 1790 2850 ³⁸
1824 2837 1837 2872 :
1866 2824 2162 2872 revereatur
2191 2831 2225 2867 a
2251 2814 2387 2883 {acie
2411 2812 2524 2883 ejus
2557 2813 2725 2867 omnis
2757 2821 2899 2866 terra
2914 2812 2980 2868 “.

304 2901 380 2955 E'.
416 2902 644 2974 Φρικτὸν
666 2905 778 2978 γὰρ
804 2906 972 2972 ὄντως
995 2908 1057 2962 τὸ
1086 2910 1215 2981 περὶ
1244 2911 1303 2963 σὲ
1334 2912 1649 2984 μυστήριον,
1674 2913 1800 2984 Μῆ-

1978 2906 2044 2963 ν.
2090 2906 2452 2963 Tremendum
2503 2906 2647 2961 enim
2696 2919 2882 2959 revera
2910 2942 2927 2968 ,
2981 2918 3015 2959 o
3066 2901 3236 2959 Mater
3270 2900 3475 2975 Virgo,

228 3010 330 3066 τερ
359 2994 624 3068 Παρθέςνε,
652 2999 745 3052 καὶ
772 3001 928 3071 νοητέ
959 3001 1137 3073 θρόνε,
1162 3002 1515 3074 δεδοξασμένε
1550 3006 1642 3058 καὶ
1672 3004 1807 3059 Θεοῦ

1911 2998 2068 3055 sedes
2107 2998 2393 3069 spiritalis,
2423 2996 2721 3067 gloriﬁcata
2754 2994 2970 3064 Deoque
3007 2994 3184 3064 digna,
3214 3001 3367 3050 tuum
3404 2995 3476 3049 il-

227 3086 445 3154 ἐπάξιε.
488 3090 810 3162 Προήγαγες
842 3091 951 3164 γὰρ
990 3092 1176 3166 θαῦμα
1205 3095 1546 3167 ἐπουρανίοις
1577 3096 1671 3151 καὶ
1698 3098 1808 3151 ἐπι-

1911 3090 2001 3146 lud
2036 3088 2459 3146 sacramentum.
2494 3086 2803 3143 Produxisti
2835 3086 2980 3141 enim
3009 3086 3323 3142 cmlestibus
3366 3093 3478 3142 ter-

226 3178 403 3247 γείοις
427 3179 681 3247 ἐξαίσιον.
707 3184 818 3237 Καὶ
848 3187 1196 3258 παράδειγμα
1222 3188 1426 3243 τούτων
1446 3190 1540 3243 καὶ
1564 3188 1808 3262 ἀρραγὴς

1911 3184 2310 3253 restribusque,
2341 3182 2721 3251 exsuperantia
2744 3180 3072 3250 stupendum
3103 3179 3429 3233 miraculum
3458 3197 3476 3233 :

229 3270 477 3341 ἐλεγχος
497 3274 557 3326 τὸ
572 3275 714 3328 κατὰ
736 3276 801 3330 τὸ
829 3277 1013 3332 καινὸν
1028 3279 1253 3351 τῆς.ὑπε
1263 3280 1462 3352 ρφυοῦς
1482 3296 1578 3334 σου
1597 3281 1811 3351 λοχείας

228 3363 498 3430 ἀγγέλους
542 3366 634 3419 ἐπὶ
669 3367 772 3439 γῆς
816 3367 993 3439 ᾷδεινο
1038 3370 1194 3436 Δόξα
1232 3373 1303 3424 ἐν
1335 3373 1616 3441 ὑψίστοις
1652 3371 1773 3438 Θεῷ
1792 3413 1808 3437 ,

228 3456 331 3510 καὶ
386 3458 487 3511 ἐπὶ
546 3457 663 3529 τῆς
712 3459 919 3529 εἰρήνη
945 3502 960 3528 ,
1029 3462 1100 3516 ἐν
1148 3461 1481 3531 ἀνθρώποις
1526 3463 1806 3519 εὐδοκία’

227 3548 310 3619 τῷ
353 3550 777 3625 τριπλασιασμῷ
807 3555 906 3624 τῆς
937 3554 1081 3626 ᾠδῆς
1124 3554 1216 3608 τὸν
1249 3555 1682 3629 τριπλασιασμὸν
1713 3557 1812 3629 τῆς

228 3640 520 3714 ἁγιότητος
543 3644 654 3714 (50)
680 3647 1087 3716 εἰσαγαγόντες.
1122 3649 1385 3719 Μακαρία
1417 3650 1481 3704 σὺ
1511 3650 1569 3702 ἐν
1601 3651 1813 3718 γενεαῖς

230 3734 524 3800 γυναικῶν,
553 3734 955 3808 θεομακάριστε
974 3754 988 3769 ο
1015 3738 1097 3792 ὅτι
1122 3738 1210 3793 διὰ
1237 3739 1330 3793 σοῦ
1355 3739 1645 3812 ἐπληρώθη
1677 3742 1710 3811 ἠ
1737 3739 1812 3809 γῆ

229 3823 332 3892 τῆς
361 3823 514 3888 θείας
540 3823 697 3895 δόξης
726 3825 820 3879 τοῦ
845 3826 1001 3891 Θεοῦ,
1018 3828 1094 3892 ὼς
1115 3828 1210 3882 καὶ
1235 3831 1294 3882 ἐν
1316 3829 1567 3901 Ψαλμοῖς
1606 3829 1808 3902 ᾅδεται·

232 3914 583 3983 Εὐλογητὸς
601 3917 815 3984 Κύριος
844 3920 877 3972 d
910 3918 1054 3986 Θεὸς
1084 3918 1344 3988 Ἰσραὴλ,
1370 3920 1468 3974 καί
1500 3919 1813 3989 πληρωθή-

231 4023 402 4063 σεται
420 4006 529 4076 τῆς
544 4008 731 4078 δόξης
741 4010 926 4066 αὐτοῦ
946 4010 1112 4066 πᾶσα
1124 4013 1162 4081 ἡ
1180 4012 1274 4083 γῆ·
1294 4013 1545 4083 γένοιτο,
1560 4014 1810 4085 γένοιτο.

230 4099 343 4154 Kal
373 4098 606 4169 ἐπήρθη
623 4143 638 4167 ,
679 4102 814 4171 φησὶ
832 4143 848 4168 ,
878 4102 943 4157 τὸ
968 4103 1309 4173 ὑπέρθυρον
1333 4105 1451 4159 ἀπὸ
1475 4105 1583 4175 τῆς
1609 4107 1814 4177 φωνῆς

229 4186 309 4261 ἧς
325 4192 681 4262 ἐκέκραγονθ
710 4192 738 4245 ὃ
762 4193 1016 4264 σημαίνει
1046 4195 1140 4249 τοῦ
1163 4194 1291 4248 ναοῦ
1310 4190 1373 4249 τὸ
1394 4197 1811 4267 καταπέτασμα,

1912 3276 2073 3346 cujus
2113 3274 2193 3329 rei
2233 3273 2495 3328 iudicium
2547 3280 2633 3326 est
2680 3271 3004 3341 ﬁrmumque
3045 3274 3427 3338 argumentum
3454 3306 3474 3332 ,

1915 3366 2063 3438 quod
2088 3366 2143 3421 in
2174 3374 2339 3429 terra,
2369 3362 2438 3418 ad
2471 3378 2669 3418 novum
2706 3362 2857 3417 illum
2888 3363 3106 3433 augusti
3144 3365 3219 3416 tui
3252 3375 3478 3431 puerpe-

1909 3462 1979 3517 rii
2024 3460 2264 3523 modum,
2309 3458 2482 3529 angeli
2515 3453 3058 3512 concinunt:Gloria
3095 3455 3151 3509 in
3200 3454 3480 3509 altissimis

1910 3550 2058 3615 Deo;
2087 3559 2137 3605 et
2175 3550 2230 3604 in
2264 3559 2406 3603 terra
2435 3562 2562 3618 pax,
2611 3546 2909 3603 hominibus
2944 3546 3080 3602 bona
3124 3545 3365 3601 voluntas
3388 3545 3475 3601 “z

1911 3642 2110 3713 triplici
2139 3641 2399 3696 nimirum
2434 3639 2666 3701 cantico,
2697 3641 2899 3693 trinam
2932 3639 3249 3695 inducentes
3272 3638 3480 3695 sancti-

1911 3732 2316 3789 tatem:Beata
2359 3740 2416 3786 tu
2467 3732 2524 3785 in
2570 3730 2854 3785 mulierum
2908 3729 3373 3800 generationibus,
3442 3742 3478 3783 α

1912 3827 2024 3883 Deo
2052 3827 2365 3883 beatissima
2393 3844 2406 3880 :
2436 3840 2562 3880 nam
2610 3840 2708 3896 per
2735 3832 2788 3880 te
2819 3824 3038 3895 impleta
3084 3830 3171 3878 est
3208 3831 3353 3878 terra
3393 3821 3479 3877 di-

1912 3922 2039 3975 vina
2088 3919 2181 3974 illa
2212 3918 2305 3973 Dei
2342 3919 2536 3988 gloria,
2589 3917 2733 3973 sicut
2776 3916 2937 3971 etiam
2982 3916 3199 3970 canitur
3228 3916 3284 3970 in
3325 3912 3482 3969 Psal-

1913 4015 2019 4066 mis
2046 4012 2092 4044 ³⁸
2119 4030 2132 4064 :
2156 4010 2470 4065 Benedictus
2494 4009 2752 4065 Dominus
2772 4008 2913 4062 Deus
2941 4007 3114 4063 Israel
3138 4024 3157 4063 :
3179 4017 3228 4063 et
3252 4006 3480 4076 replebi-

1914 4113 2003 4158 tur
2027 4104 2304 4175 majestate
2337 4107 2451 4172 ejus
2481 4104 2651 4157 omnis
2677 4111 2861 4157 terra:
2892 4103 3008 4171 ﬁat,
3043 4102 3160 4171 ﬁat.
3192 4131 3262 4142 —
3284 4099 3351 4155 Et
3374 4101 3482 4157 ele—

1913 4207 2091 4252 uatum
2119 4205 2218 4261 est,
2263 4196 2441 4267 inquit
2483 4195 2746 4266 propheta
2777 4195 2843 4260 ",
2877 4195 3329 4264 superliminarea
3363 4209 3483 4248 uoce

230 4283 294 4337 τὺ
326 4283 623 4348 συσκιάζον
655 4282 794 4337 κατὰ
826 4285 1117 4357 πρόσωπον
1159 4287 1259 4358 τῆς
1284 4288 1722 4359 προτυπωσάσης
1753 4304 1808 4341 σε

1914 4307 2020 4361 qua
2073 4289 2376 4344 clamabant
2419 4304 2439 4342 :
2478 4304 2589 4359 quo
2633 4286 2994 4359 signiﬁcatur,
3054 4288 3242 4357 templi
3300 4286 3482 4341 velum

230 4374 471 4428 κισωτοῦ
497 4374 794 4447 Διαθήκης,
827 4375 916 4430 ἵνα
950 4394 1039 4448 μοι
1067 4377 1357 4450 φανερωθῇ
1388 4378 1627 4449 τάληθὲς
1661 4378 1812 4449 (51),

1918 4380 2241 4437 inumbrans
2283 4395 2469 4436 coram
2520 4394 2645 4435 arca
2678 4381 3011 4442 testamenti,
3045 4394 3166 4450 quae
3193 4387 3246 4434 te
3291 4378 3483 4449 praesi-

229 4467 326 4519 καὶ
378 4465 470 4519 διὰ
512 4465 622 4521 τῶν
676 4470 1151 4541 προηγησαμένων
1203 4470 1387 4524 τύπων
1436 4487 1497 4524 τε
1539 4473 1633 4525 καὶ
1684 4471 1808 4526 ὐπο-

1916 4474 2156 4545 gnabat;
2187 4481 2248 4528 ut
2279 4473 2415 4528 mihi
2454 4474 2656 4528 veritas
2686 4472 3036 4543 panderetur,
3072 4471 3345 4541 simulque
3381 4471 3481 4527 do-

228 4555 541 4628 δειγμάτων
581 4559 986 4632 παιδαγωγηθῶ
1016 4561 1154 4615 αἰδοῖ
1184 4563 1276 4616 καὶ
1305 4562 1491 4635 τρόμῳ
1529 4565 1692 4635 τιμᾷν
1719 4563 1808 4618 καὶ

1917 4577 2073 4619 cerer
2117 4579 2214 4634 per
2239 4570 2396 4635 typos
2438 4572 2492 4618 et
2532 4563 2735 4635 ﬁguras
2780 4578 2902 4633 quas
2939 4562 3369 4632 praecessisscnt,
3420 4568 3483 4616 ut

229 4653 561 4721 προσκυνεῖν
588 4651 648 4704 τὸ
681 4653 810 4724 περὶ
839 4654 900 4706 σὲ
938 4655 1256 4724 μυστήριον,
1297 4654 1725 4725 χαλιναγωγηθῶ
1753 4672 1808 4708 τε

1917 4672 2044 4712 cum
2072 4656 2375 4712 reverentia
2414 4662 2468 4711 et
2496 4663 2754 4721 tremore,
2789 4655 2855 4709 ad
2900 4663 3300 4710 sacramentum
3334 4654 3481 4724 quod

228 4734 297 4792 αὖ
329 4739 564 4832 ﬂagri};
594 4743 823 4814 νομικῆς
842 4831 848 4832 7
867 4744 1237 4816 σκιαγραφίας
1272 4744 1374 4815 τῆς
1414 4744 1691 4817 τολμηρᾶς
1718 4746 1808 4800 καὶ

1915 4749 1973 4832 in
2005 4757 2060 4804 te
2088 4749 2376 4804 exhibetur
2415 4747 2778 4814 adorandum,
2819 4747 3135 4803 accederem
3169 4763 3182 4799 :
3216 4754 3380 4817 atque
3405 4746 3483 4801 le-

227 4830 989 4917 άναιδοῦςξὰσκαρδαμύκτου
1036 4832 1483 4907 ἀντοφθαλμῆσαι
1534 4836 1808 4900 ἅντωπίας

1916 4830 2024 4911 gali
2058 4840 2162 4895 hac
2202 4841 2385 4912 priore
2414 4840 2801 4906 delineatione,
2835 4840 2904 4896 ab
2942 4855 3009 4896 eo
3041 4840 3135 4911 qui
3173 4839 3483 4910 incompre-

336 4983 386 5017 ³⁸
415 4983 554 5057 Hab.
580 5001 663 5049 ιιι,
694 4986 750 5042 2.
853 4987 898 5020 ³¹
933 4987 1102 5044 Exod.
1128 5007 1254 5057 xxv,
1282 4989 1371 5049 22.

227 5052 446 5131 'fPsal.
475 5070 626 5126 uxr,
658 5058 746 5113 l8.
783 5059 867 5129 ..³⁷
888 5057 1002 5116 Isa.
1029 5076 1105 5126 vt,
1121 5061 1177 5116 4.

298 5231 417 5304 (50)
452 5232 568 5308 Τόν
587 5236 1070 5307 τριπλασιασμόν
1100 5235 1206 5305 τῆς
1240 5238 1569 5308 ἁγιότητος.
1624 5236 1813 5292 Panti—

224 5318 358 5375 nus,
393 5303 653 5371 triplicem
685 5303 989 5375 sanctitatis
1020 5303 1298 5371 rationem,
1352 5303 1537 5363 minus
1567 5309 1619 5363 id
1658 5309 1813 5363 theo-

226 5374 427 5449 logice.
471 5376 677 5449 Alludit
712 5377 779 5435 ad
824 5379 1106 5449 canticum
1162 5378 1510 5449 seraphicum
1556 5380 1678 5433 lsai.
1729 5395 1806 5441 vi,

226 5444 389 5519 quod
408 5448 966 5519 pugcipueexplicat,
990 5444 1303 5519 triplieique
1328 5450 1380 5503 in
1408 5464 1474 5503 eo
1500 5449 1810 5504 sanctitatis

226 5515 655 5590 acc_lamatio_t_ti,_
692 5518 749 5571 in
785 5515 1012 5588 ‘signum
1053 5515 1225 5574 trinae
1263 5519 1502 5581 deitatis,
1539 5520 1808 5590 triplicem

224 5591 284 5639 et
324 5585 505 5662 ipsum
528 5586 752 5641 Christo
781 5585 947 5662 n_ato,_
962 5590 1171 5662 dictum
1208 5590 1512 5662 angelicum
1545 5585 1806 5662 hymnum

223 5656 565 5726 respondere
593 5659 895 5715 contendit.
916 5657 1007 5715 Sic
1022 5661 1179 5731 juxta
1205 5656 1415 5730 Grieca,
1440 5656 1649 5720 Latinis
1679 5674 1808 5716 vero

1476 4993 1522 5026 ³³
1565 4991 1689 5051 Gal.
1725 5012 1798 5059 tv,

2056 4997 2101 5030 ³³
2121 4995 2275 5052 Psal.
2305 5013 2361 5062 x,
2380 4997 2435 5054 5.
2508 4995 2556 5029 “
2589 4994 2741 5051 Psal.
2768 5010 2888 5060 xcv,
2918 4993 2970 5051 9.
3050 4992 3095 5025 ⁸⁸
3129 4990 3260 5048 Luc.
3294 5009 3357 5059 ll.
3393 4991 3482 5052 “-

1920 5243 2006 5294 est
2034 5236 2235 5306 duplex
2268 5233 2343 5289 ita
2373 5234 2764 5306 punctantibus
2804 5253 2817 5288 :
2858 5232 3044 5306 Gloria
3095 5234 3152 5306 in
3205 5232 3486 5306 altissimis

1918 5307 2051 5368 Deo,
2083 5303 2132 5361 et
2156 5308 2211 5360 in
2236 5303 2389 5370 terra
2406 5320 2512 5374 pax
2540 5303 2835 5358 hominibus
2863 5304 3011 5361 bonae
3036 5305 3342 5374 voluntatis.

1988 5378 2100 5456 (_5l)
2139 5378 2260 5432 Ἵνα
2282 5374 2724 5456 μοιῄφανερωθῇ
2765 5375 3044 5456 τάληθές.
3069 5455 3075 5456 γ
3100 5373 3178 5456 Ut
3203 5374 3486 5456 utriusque

1920 5444 2185 5505 rationem
2218 5444 2431 5508 reddat,
2458 5455 2512 5501 et
2537 5446 2878 5508 elevationis,
2936 5450 3084 5503 velut
3114 5446 3180 5499 ad
3210 5444 3483 5500 ostensio-

1917 5535 2039 5576 nem
2065 5521 2326 5591 aliquam,
2358 5515 2542 5572 divina
2592 5516 3116 5590 dispensatione;et
3140 5515 3268 5582 veli,
3305 5515 3372 5569 ad
3399 5527 3485 5572 re-

1915 5592 2232 5649 verentiam.
