3864 6162
405 229 506 284 359

1355 223 1411 276 S.
1457 219 1786 274 METHUUII
1828 222 2137 272 EPISCUPI
2177 223 2253 269 Εἰ
2305 223 2661 268 Μλιιιιιιιδ

3514 211 3620 266 360

403 340 688 398 hcnsibilis
720 353 884 409 super
932 337 1114 392 omnia
1159 338 1372 392 locatus
1405 345 1509 400 est,
1545 335 1834 390 audentius
1864 335 1964 388 im-

2072 333 2157 385 τὸν
2180 312 2254 385 τὰ
2281 333 2456 385 πάντα
2481 334 2536 385 ἐν
2565 329 2908 400 ἀκαταληψίᾳ
2937 330 3360 402 ὑπεριδρυμένον
3401 331 3530 403 (52).
3566 333 3629 385 Et

403 431 805 502 pudentiusque
858 431 965 482 fixa
1019 428 1300 482 oculorum
1345 427 1461 480 acie
1513 423 1962 495 contemplando,

406 523 733 577 refrenarer.
767 521 823 574 Si
847 519 994 574 enim
1019 533 1178 581 arcae,
1204 526 1309 571 tua:
1332 517 1477 570 illius
1504 515 1808 571 sanctitatis
1829 514 1967 568 ima-

400 616 512 686 gini
548 623 806 684 typoque,
846 617 1034 666 tantus
1081 625 1112 663 a
1163 608 1272 664 Deo
1309 609 1484 663 honor
1517 607 1733 662 habitus
1771 613 1878 669 est,
1910 616 1969 660 ut

401 707 630 770 nemini,
668 706 775 762 nisi
798 712 1012 760 tantum
1036 703 1213 757 ordini
1245 701 1593 765 sacerdotali,
1626 699 1694 754 ad
1725 714 1842 754 eam
1874 714 1969 769 pa-

403 807 544 852 teret
577 811 855 861 accessus,
892 801 1049 849 autve
1097 794 1276 848 facilis
1316 801 1461 848 esset
1497 791 1564 846 ad
1601 792 1967 861 cognitionem

407 893 690 960 ingressus
725 908 738 942 :
767 887 1134 956 distinguente
1169 887 1288 940 velo
1313 900 1376 939 ac
1410 900 1509 939 ceu
1540 885 1760 955 reginze,
1795 883 1861 938 ad
1885 884 1970 953 ja-

405 996 570 1035 nuam
629 979 898 1035 vestibula
950 979 1394 1048 servantezquis
1446 977 1665 1032 tandem
1722 977 1970 1046 qualisve

403 1074 770 1128 venerationis
796 1073 978 1128 cultus
1013 1087 1042 1125 a
1089 1072 1245 1126 nobis
1285 1071 1549 1136 minimis,
1576 1071 1673 1125 tibi
1698 1086 1821 1125 vere
1863 1067 1969 1122 Re-

401 1163 540 1233 ginae
569 1162 734 1218 fuerit
770 1161 1150 1218 exhibendus?
1182 1177 1330 1224 vere,
1360 1163 1602 1230 inquam,
1634 1159 1728 1215 Dei
1755 1158 1970 1229 legisla-

402 1256 536 1309 toris
586 1255 840 1309 animata:
887 1270 1026 1310 arca:
1073 1272 1086 1308 :
1134 1255 1274 1308 cmlo
1308 1269 1434 1308 vere
1478 1252 1572 1307 Dei
1616 1253 1826 1323 capaci,
1875 1251 1968 1322 qui

403 1360 676 1415 nusquam
706 1346 825 1415 capi
867 1353 1066 1415 potest.
1100 1343 1176 1399 Te
1201 1345 1368 1407 enim,
1403 1343 1751 1398 sanctissima
1781 1342 1967 1414 Virgo,

404 1444 664 1505 tanquam
701 1436 789 1490 die
819 1436 1127 1492 clarissima
1173 1435 1378 1488 mundo
1411 1432 1721 1504 aﬂ‘ulgente,
1769 1434 1970 1488 solem-

401 1543 509 1596 que
541 1529 692 1582 illum
719 1527 947 1596 iustitiae
973 1529 1327 1597 producente,
1358 1527 1584 1580 odiosus
1613 1526 1968 1581 tenebrarum

403 1621 598 1675 horror
631 1621 892 1691 depulsus
922 1628 1005 1676 est
1037 1638 1048 1672 :
1077 1619 1295 1690 tyranni
1324 1620 1567 1689 potentia
1605 1617 1748 1672 facta
1777 1617 1967 1685 irrita;

2067 424 2173 496 γὰρ
2212 427 2276 495 τῇ
2313 423 2481 476 είκόνι
2525 422 2624 492 τῆς
2654 423 2752 492 σῆς
2791 422 3074 492 ἁγιότητος
3104 421 3340 492 τοσαύτη
3372 422 3504 492 πρὸς
3535 421 3631 475 τοῦ

2067 516 2200 570 Θεοῦ
2237 515 2553 586 ἀπενεμήθη
2579 515 2742 586 τιμὴ,
2779 515 2854 578 ὡς
2891 515 3076 586 μηδενὶ
3105 514 3385 587 βάσιμονῆ
3416 516 3633 587 πρόχει-

2072 625 2162 680 ρον
2210 609 2288 671 είς
2320 607 2642 677 κατανόησιν
2670 603 2807 659 εἶναι
2838 607 2936 676 τὴν
2962 605 3163 677 ταύτης
3195 606 3394 659 εἴσοδον
3425 606 3458 677 ἢ
3497 607 3632 680 μόνῃ

2066 705 2131 772 τῇ
2168 704 2414 773 ίερατικῇ
2445 699 2730 770 εὐκοσμίᾳ,
2758 698 2851 753 τοῦ
2874 700 3359 770 καταπετάσματος
3375 699 3633 770 διορίζον-

2067 813 2157 859 τος
2189 796 2281 847 καὶ
2312 787 2682 866 πυλωροῦντος
2709 792 2785 855 ὡς
2816 791 3044 862 βασιλίδι
3074 791 3141 844 τὰ
3183 791 3494 863 προπύλαια
3514 807 3528 820 ·
3576 789 3632 843 τί

2068 888 2175 958 ἄρα
2203 888 2295 940 καὶ
2328 886 2569 938 ποταπὸν
2595 885 2655 938 τὸ
2694 884 2823 953 παρ’
2863 883 3017 954 ἡμῶν
3048 883 3154 936 τῶν
3196 870 3490 953 ἐλαχίστων
3529 883 3629 935 ἐπ-

2067 981 2410 1052 οφειλὸμενόν
2457 997 2539 1032 σοι
2570 979 2753 1043 σέϐας,
2781 981 2844 1049 τῇ
2878 978 3047 1041 δντως
3078 976 3305 1047 βασιλίδι
3324 1015 3338 1041 ,
3366 978 3432 1047 τῇ
3464 975 3633 1039 ὅντως

2069 1075 2296 1146 ἐμψύχῳ
2333 1070 2551 1142 κιϐωτῷ
2580 1070 2675 1123 τοῦ
2719 1069 3002 1142 νομοδότου
3033 1067 3199 1134 Θεοῦ,
3233 1071 3299 1139 τῇ
3333 1067 3499 1130 ὅντως
3525 1084 3633 1136 χω-

2072 1167 2218 1239 ρητῷ
2244 1164 2461 1236 οὖρανῷ-
2486 1162 2579 1216 τοῦ
2602 1163 2883 1233 ἀχωρήτου
2915 1160 3048 1214 Θεοῦ
3078 1159 3375 1231 γενομένης
3399 1156 3500 1212 Σοῦ
3524 1157 3632 1229 γάρ

2068 1257 2166 1328 τῆς
2199 1254 2464 1322 παναγίας
2495 1252 2568 1316 ὡς
2593 1250 2908 1320 φωταυγοῦς
2942 1251 3157 1322 ἡμέρας
3182 1249 3533 1320 ἐπιφανείσης
3552 1248 3635 1320 τῷ

2069 1351 2279 1420 κόσμῳ,
2302 1347 2507 1403 καὶτὸν
2529 1347 2626 1416 τῆς
2653 1343 2994 1414 δικαιοσύνης
3022 1344 3171 1414 ἥλιον
3193 1345 3631 1415 προαγαγούσης,

2069 1441 2311 1494 ἐκποδὼν
2348 1440 2445 1510 μὲν
2479 1439 2666 1507 γέγονε
2688 1438 2756 1491 τὰ
2789 1437 2882 1490 τοῦ
2908 1437 3126 1500 σκότους
3159 1437 3402 1507 στυγηρά
3425 1477 3440 1502 ,
3467 1435 3635 1509 φροῦ-

2069 1532 2156 1595 δος
2184 1530 2239 1583 δὲ
2273 1531 2365 1583 καὶ
2397 1531 2426 1582 ὁ
2453 1529 2714 1599 τύραννος
2746 1527 2980 1598 κατέστη
3004 1543 3020 1558 ·
3054 1527 3146 1579 καὶ
3175 1526 3389 1580 διόλωλε
3420 1527 3517 1598 μὲν
3545 1528 3637 1581 θά-

2072 1640 2248 1686 νατος,
2265 1619 2536 1690 κατεπόθη
2567 1619 2622 1671 δὲ
2645 1619 2778 1672 καὶὸ
2793 1618 2943 1691 ᾅδης,
2962 1619 3052 1671 καὶ
3074 1619 3221 1672 πᾶσα
3243 1620 3276 1689 ἡ
3301 1617 3468 1688 ἔχθρα
3499 1634 3634 1672 κατ-

403 1729 550 1768 mors
623 1714 936 1779 destructa;
982 1712 1228 1768 infernus
1282 1713 1607 1784 absorptus;
1681 1713 1964 1767 inimicitia

2072 1715 2229 1786 ελύθη
2279 1714 2384 1785 πρὸ
2417 1710 2706 1784 προσώπου
2734 1711 2832 1781 τῆς
2864 1710 3286 1782 εἰρήνηςθζνόσοι
3332 1709 3388 1762 δὲ
3435 1709 3634 1780 φθορο-

401 1804 579 1858 omnis
640 1812 765 1858 ante
825 1805 973 1872 pacis
1028 1810 1379 1871 conspectum
1433 1803 1731 1869 dissoluta;
1788 1802 1962 1857 morbi

413 1895 584 1958 noxii,
625 1895 935 1950 sanctitatis
967 1895 1230 1950 beneﬁcio
1261 1904 1602 1966 erumpente,
1630 1894 1823 1965 procul
1850 1910 1968 1948 om-

403 2001 500 2041 nes
531 1985 806 2042 facessere
851 1986 1027 2056 jussi;
1062 1987 1462 2058 universusque
1491 1998 1759 2042 terrarum
1793 1985 1965 2049 orbis,

405 2078 650 2133 veritatis
691 2079 1014 2134 clarissimae
1065 2080 1482 2150 purissimaque
1537 2080 1659 2134 luce
1713 2079 1967 2148 perfusus

403 2175 506 2222 est.
546 2167 626 2221 Ad
655 2183 774 2236 qua:
805 2167 1063 2223 Salomon
1099 2171 1152 2223 in
1187 2169 1430 2225 Canticis
1463 2169 1732 2232 alludens,
1768 2169 1843 2222 ita
1877 2184 1968 2225 ur-.

402 2258 586 2312 ditur:
612 2259 846 2314 Dilectus
877 2277 1020 2315 meus
1044 2262 1194 2324 mihi,
1229 2270 1278 2314 et
1307 2278 1397 2332 ego
1429 2261 1512 2314 illi
1543 2277 1561 2314 :
1587 2261 1676 2332 qui
1710 2263 1880 2330 pascit
1914 2261 1969 2314 in

403 2352 532 2406 lilii:
572 2353 739 2408 donec
766 2355 982 2422 respiret
1024 2354 1158 2418 dies,
1194 2364 1243 2409 et
1273 2354 1637 2409 dimoveantur
1681 2354 1880 2408 umbrae
1901 2354 1966 2406 ⁸⁸.

402 2440 539 2507 Quia
581 2458 752 2514 ergo:
791 2442 946 2497 Virus
993 2452 1072 2497 est
1111 2442 1252 2497 Deus
1283 2442 1501 2497 deorum
1546 2445 1603 2497 in
1652 2441 1782 2498 Sion
1802 2443 1868 2504 ³⁸,
1915 2449 1970 2496 et

405 2535 791 2606 magniﬁcentia
814 2533 1016 2591 decoris
1051 2535 1166 2604 ejus
1193 2537 1244 2588 in
1269 2533 1570 2590 Jerusalem
1610 2535 1855 2604 apparuit
1874 2534 1919 2565 "
1951 2551 1964 2587 :

404 2619 619 2692 Luxque
641 2635 719 2676 est
749 2631 869 2675 orta
891 2623 1062 2691 justo,
1081 2633 1130 2676 et
1155 2625 1308 2678 rectis
1347 2625 1502 2680 corde
1527 2625 1714 2680 latitia
1731 2625 1968 2694 “,juxta

405 2711 616 2765 beatum
659 2711 916 2767 Davidem
957 2731 970 2766 :
1012 2713 1526 2774 sanctificandorum
1588 2713 1968 2769 Sauctilicator

403 2799 493 2854 ille
522 2808 577 2854 ct
607 2799 894 2866 Dominus,
948 2803 1082 2873 legis
1111 2804 1393 2861 doctorem
1429 2814 1594 2875 atque
1630 2806 1984 2871 ministrum,

403 2893 458 2945 in
510 2901 719 2962 partem
770 2898 1014 2951 muneris
1059 2905 1113 2952 et
1160 2897 1533 2952 testimonium
1588 2899 1814 2953 illorum.
1847 2916 1968 2971 quae

404 2983 728 3053 agebantur,
758 3001 855 3054 per
889 2985 1150 3056 Spiritum
1176 2999 1425 3045 sanctum
1455 2991 1794 3046 convocavit.

475 3072 561 3128 νι.
602 3073 788 3145 quue
823 3093 987 3133 senex
1034 3079 1291 3150 Symeon,
1326 3081 1749 3138 imbecillitatem
1778 3086 1960 3141 carnis

402 3180 629 3232 exuens,
667 3169 893 3240 speique
914 3172 1138 3230 indutus
1180 3174 1370 3240 robur,
1421 3183 1547 3230 ante
1582 3176 1716 3247 legis
1746 3176 1960 3247 faciem,

403 3259 936 3317 subministratorem
974 3264 1108 3334 legis
1139 3263 1370 3321 festinus
1399 3267 1610 3336 excepit
1641 3285 1653 3320 :
1687 3268 1962 3324 doctorem

403 3349 557 3404 illum
586 3367 652 3406 ex
696 3362 967 3422 potestate
1001 3375 1014 3410 :
1047 3365 1101 3410 et
1131 3355 1299 3411 Deum
1345 3358 1617 3415 Abraham
1645 3379 1659 3416 :
1693 3369 1965 3430 protecto-

403 3455 515 3495 rem
547 3440 698 3497 lsaac
728 3460 742 3498 :
779 3453 1032 3501 sanctum
1073 3445 1238 3502 Israel
1270 3467 1284 3502 :
1321 3447 1522 3520 Moysis
1556 3459 1963 3522 mystagogum;

402 3546 550 3597 eum,
596 3533 842 3604 inquam,
882 3536 977 3607 qui
1023 3537 1262 3593 divinam
1311 3555 1466 3596 suam
1511 3543 1963 3608 incarnationem,

405 3629 662 3692 tauquam
695 3627 1022 3694 posteriora,
1061 3628 1236 3683 eidem
1271 3646 1330 3685 se
1361 3631 1687 3700 promiserat
1714 3641 1966 3687 ostensu-

409 3734 532 3772 rum
555 3720 600 3752 “
634 3741 647 3776 :
681 3722 902 3778 divitem
933 3725 1083 3779 illum
1115 3729 1168 3780 in
1201 3727 1549 3783 mendicitate
1582 3747 1596 3783 :
1630 3729 1684 3783 in
1717 3729 1965 3793 infantia,

404 3810 620 3865 saeculis
669 3814 1032 3882 anteriorem;
1094 3818 1149 3871 in
1194 3818 1445 3883 visione,
1508 3819 1829 3874 invisibilem
1867 3839 1877 3873 :
1911 3820 1967 3874 in

405 3900 914 3968 comprehensione,
971 3905 1574 3975 iucompreheusibilem
1616 3928 1628 3961 :
1664 3909 1720 3962 in
1785 3909 1969 3978 parvi-

404 3995 537 4055 tate,
566 3991 994 4060 magnitudinem
1021 4009 1233 4050 onmem
1265 4006 1606 4066 superantem
1641 4017 1654 4053 :
1681 3997 1735 4052 in
1770 3997 1970 4066 templo

406 4083 593 4146 simul,
628 4092 682 4139 et
714 4085 770 4138 in
807 4087 1088 4144 altissimis
1119 4106 1132 4142 :
1165 4089 1217 4142 in
1267 4091 1465 4144 throno
1508 4091 1678 4162 regio,
1722 4101 1774 4146 et
1806 4106 1969 4145 curru

410 4171 710 4228 cberuhico
754 4193 767 4228 :
814 4177 1066 4246 supernis
1120 4178 1581 4249 inferioribusque
1629 4180 1972 4234 continenter

405 4273 725 4334 praesentem
756 4284 770 4321 :
802 4267 856 4320 in
902 4266 1077 4321 forma
1121 4270 1283 4333 servi,
1328 4279 1381 4325 et
1429 4271 1600 4325 forma
1633 4271 1723 4326 Dei
1753 4271 1967 4332 Patris:

2070 1806 2212 1861 mwl.
2243 1804 2462 1860 ἄπωθεν
2505 1804 2736 1874 ἔστησαν
2775 1803 2874 1874 τῆς
2918 1802 3189 1873 σωτηρίας
3233 1801 3591 1873 προκυψάσης
3614 1840 3633 1865 ,

2070 1898 2162 1951 καὶ
2205 1898 2379 1967 φωτὸς
2443 1897 2726 1959 ἀνάπλεως
2777 1895 2997 1964 γέγονεν
3037 1895 3071 1964 ἠ
3115 1894 3207 1947 ὑπ’
3253 1893 3476 1965 οὐρανὸν
3533 1894 3637 1964 τῆς

2068 1989 2398 2061 ἀκραιφνοῦς
2445 1989 2720 2061 ἀληθείας.
2759 1989 2949 2040 ’Ἃτινα
3001 1985 3370 2056 προοιμιάζων
3411 1986 3469 2038 ἐν
3517 1987 3636 2048 τοῖς

2074 2084 2342 2155 ’ᾼσμασιν
2373 2083 2556 2150 ἔλεγεν
2580 2082 2607 2133 ὁ
2632 2079 2886 2150 Σαλομὼν
2906 2095 2919 2109 ο
2965 2077 3300 2148 Ἀδελφιδός
3323 2094 3441 2146 μου
3469 2076 3597 2146 ἐμοὶ
3615 2117 3631 2139 ,

2069 2176 2229 2247 κάγὼ
2259 2174 2417 2240 αὐτῷ
2435 2192 2450 2205 ο
2499 2177 2531 2228 ό
2574 2173 2901 2242 ποιμαίνων
2923 2172 2993 2225 ἐν
3019 2171 3143 2237 τοῖς
3173 2171 3396 2240 κρίνοις
3423 2169 3531 2234 ἕως
3557 2163 3634 2223 οὗ

2069 2267 2109 2334 ἡ
2162 2264 2350 2335 ἡμέρα
2392 2263 2726 2330 διαπνεύσῃ
2753 2303 2767 2327 ,
2816 2259 2914 2314 καί
2970 2257 3292 2327 κιηθῶσιν
3343 2260 3404 2310 at
3445 2257 3635 2310 σκιαί.

2083 2359 2234 2411 Ἐπεὶ
2277 2352 2368 2410 οὖν
2411 2357 2599 2424 Ὥρθη
2637 2357 2670 2407 ὁ
2711 2351 2855 2418 Θεὸς
2892 2351 3010 2406 τῶν
3051 2351 3202 2406 θεῶν
3231 2351 3300 2404 ἐν
3324 2349 3498 2413 Σιὼν,
3540 2349 3639 2402 καὶ

2088 2441 2598 2515 Ἡεὺπρέπειατῆς
2625 2445 2979 2512 ὡραιότητος
3018 2443 3201 2497 αὐτοῦ
3231 2443 3300 2496 ἐν
3346 2442 3639 2510 Ἰερουσα-

2068 2535 2193 2605 λὴμ
2221 2533 2540 2604 ἑξεφάνθη,
2572 2533 2672 2586 καὶ
2706 2532 2833 2602 φῶς
2861 2531 3129 2588 ἀνέτειλε
3157 2530 3238 2596 τῷ
3265 2530 3503 2595 δικαίῳ,
3536 2530 3640 2582 καί

2068 2628 2191 2694 τοῖς
2217 2628 2421 2682 εὐθέσι
2451 2623 2524 2693 τῇ
2551 2624 2762 2693 καρδίᾳ
2781 2625 3147 2695 εὐφροσύνη,
3171 2622 3311 2678 κατά
3336 2623 3425 2676 τὸν
3459 2621 3643 2692 μακά-

2070 2737 2184 2793 ριον
2227 2718 2422 2780 Δαυῖδ,
2463 2719 2491 2770 ὁ
2531 2718 2638 2770 τῶν
2681 2716 3016 2788 τελουμένων
3058 2714 3346 2786 τελειωτὴς
3381 2711 3492 2784 (55)
3540 2713 3645 2767 καὶ

2067 2811 2343 2881 Δεσπότης
2375 2810 2466 2863 τὸν
2493 2807 2587 2861 τοῦ
2615 2807 2779 2878 νόμου
2804 2805 3106 2860 διδακτικὸν
3142 2807 3236 2858 καὶ
3267 2802 3642 2876 λειτουργικὺν

2070 2901 2424 2956 συνεκάλεσεν
2466 2900 2545 2963 είς
2589 2899 2926 2970 λειτουργίαν
2965 2899 3059 2950 καὶ
3095 2895 3395 2968 μαρτυρίαν
3426 2894 3514 2948 διὰ
3539 2893 3641 2947 τοῦ

2068 2994 2380 3064 Πνεύματος
2403 2993 2497 3046 τοῦ
2523 2994 2680 3063 ἁγίου
2711 2991 2818 3045 τῶν
2845 2989 3246 3061 πραττομένων.

2138 3089 2229 3155 εἷ’.
2277 3086 2440 3140 Ὅθεν
2475 3083 2914 3156 ἀπεκδυσάμενος
2936 3081 2998 3136 τδ
3021 3084 3205 3137 ἄτονον
3232 3080 3331 3150 τῆς
3358 3077 3577 3150 ἡλικίας
3614 3079 3646 3129 ὁ

2064 3180 2376 3252 πρεσϐύτης
2404 3177 2645 3250 Συμεὼν,
2669 3179 2761 3232 καὶ
2787 3178 2848 3230 τὸ
2868 3176 3080 3230 εὔτονον
3107 3175 3207 3245 τῆς
3237 3172 3446 3234 ἐλπίδος
3472 3173 3648 3223 ἐπεν-

2063 3266 2396 3336 δυσάμενος,
2452 3264 2750 3338 ἀπολαϐεῖν
2787 3262 3046 3316 ἔσπευδεν
3083 3263 3164 3326 είς
3209 3261 3499 3333 πρόσωπον
3538 3257 3646 3312 τοῦ

2065 3357 2230 3427 νόμου
2260 3357 2349 3410 τὸν
2377 3356 2469 3410 τοῦ
2498 3356 2662 3428 νόμου
2689 3357 2953 3427 πάροχονο
2981 3354 3069 3407 τὸν
3089 3352 3352 3423 αὐθέντην
3377 3351 3645 3406 διδάσκα-

2065 3448 2156 3501 λον
2183 3447 2294 3519 (54)
2315 3465 2330 3479 ’
2365 3451 2456 3501 τὸν
2486 3447 2620 3501 Θεὸν
2641 3446 2735 3500 τοῦ
2769 3445 3020 3516 Ἀδραάμ
3040 3462 3054 3475 ’
3084 3444 3176 3498 τὸν
3201 3441 3510 3510 σκεπαστὴν
3538 3439 3647 3494 τοῦ

2079 3541 2262 3593 Ἰσαάκ
2280 3557 2292 3569 ·
2319 3539 2410 3592 τὸν
2445 3539 2595 3608 ἆγιον
2619 3537 2712 3592 τοῦ
2759 3536 2972 3610 Ἰσραήλ
2996 3555 3010 3568 ·
3035 3537 3126 3590 τὸν
3160 3533 3515 3608 μυσταγωγὸν
3542 3532 3646 3587 τοῦ

2066 3631 2373 3693 Μωῦσέως⁶
2410 3629 2500 3683 τὸν
2535 3630 2632 3700 τὴν
2663 3629 2809 3682 θείαν
2844 3626 3251 3699 ἐναινθρώπησιν
3297 3625 3372 3689 ὼς
3413 3622 3646 3676 ὀπίσθια

2067 3723 2329 3793 γνωρίσαι
2355 3721 2503 3792 αὑτῷ
2545 3721 2942 3793 ὑποσχόμενον
2974 3719 3065 3773 τὸν
3097 3720 3154 3772 ἐν
3182 3717 3425 3788 πτωχείᾳ
3471 3714 3649 3768 πλού-

2072 3831 2213 3868 σιον·
2265 3814 2358 3867 τὸν
2399 3815 2458 3866 ὲν
2497 3815 2780 3884 νηπιότητι
2815 3810 3167 3885 προαιώνιον·
3212 3809 3304 3863 τὸν
3349 3811 3406 3861 ἐν
3445 3807 3650 3878 ὁράσει

2069 3903 2296 3976 ἀόρατον
2315 3922 2328 3934 ο
2353 3905 2442 3957 τὸν
2472 3906 2530 3957 ὲν
2560 3905 2847 3976 περιλήψει
2874 3902 3244 3974 ἀπερίληπτον
3267 3917 3278 3931 ·
3304 3898 3394 3953 τὸν
3421 3900 3478 3952 ἐν
3510 3915 3651 3968 σμι-

2070 3998 2292 4070 κρότητι
2329 3997 2676 4069 ὑπερμεγέθη
2701 4014 2714 4026 ο
2759 3996 2850 4050 τὸν
2884 3997 2942 4048 ἐν
2975 3994 3087 4064 ναῷ
3128 3992 3222 4046 καὶ
3253 3993 3311 4044 ἐν
3353 3989 3607 4059 ὑψίστοις
3628 4004 3643 4016 ·

2070 4091 2161 4143 τὸν
2194 4091 2285 4142 ἐπὶ
2313 4089 2501 4160 θρόνου
2536 4087 2812 4159 βασιλικοῦ
2851 4086 2961 4158 (55)
2989 4085 3082 4138 καὶ
3111 4085 3198 4136 ἐπ’
3224 4083 3496 4152 ὀχήματος
3548 4095 3651 4149 χε-

2077 4181 2353 4253 ρου6ικοῦ·
2401 4180 2491 4234 τὸν
2532 4183 2681 4234 κάτω
2727 4181 2820 4232 καὶ
2863 4179 2975 4232 ἄνω
3017 4175 3383 4236 ἀδιαστάτως·
3429 4172 3522 4225 τὸν
3585 4175 3652 4224 ἐν

2077 4278 2254 4348 μορφῇ
2283 4274 2490 4341 δούλου,
2525 4273 2619 4326 καὶ
2644 4274 2701 4326 ὲν
2731 4273 2908 4342 μορφῇ
2938 4267 3072 4322 Θεοῦ
3103 4267 3313 4338 Πατρός
3331 4281 3346 4296 ο
3375 4263 3468 4317 τδν
3497 4264 3656 4333 ὑπή-

403 4353 732 4424 subjectum,
791 4365 845 4412 et
872 4356 1073 4429 Regem
1120 4360 1517 4418 universorum.
1561 4361 1690 4416 Erat
1736 4370 1882 4418 totus
1915 4363 1964 4417 iu

2075 4379 2197 4415 κοον
2237 4361 2331 4414 καὶ
2370 4359 2593 4430 βασιλέα
2639 4359 2749 4412 τῶν
2792 4358 3066 4412 ἁπάντων.
3100 4356 3256 4419 Ὃλος
3301 4353 3493 4423 γέγονε
3532 4353 3651 4422 τῆς

405 4444 708 4516 desiderio;
741 4457 889 4506 totus
929 4451 984 4504 in
1019 4467 1148 4522 spe;
1188 4460 1336 4508 totus
1373 4454 1426 4507 iu
1466 4455 1681 4524 gaudio.
1712 4453 1828 4508 Non
1851 4453 1964 4522 jam

404 4553 538 4594 suus
565 4539 683 4610 ipse
709 4549 847 4606 erat,
880 4543 974 4598 sed
1003 4545 1123 4613 ejus
1145 4545 1303 4612 cujus
1329 4561 1422 4614 spe
1445 4546 1652 4601 defixus
1680 4555 1816 4601 erat.
1842 4544 1966 4616 Spi-

405 4629 542 4685 ritus
591 4641 814 4688 sanctus
863 4635 1101 4691 faustum
1144 4637 1604 4691 annuntiaverat:
1639 4636 1808 4709 [velut
1850 4639 1964 4708 jam

2071 4454 2340 4524 ἐφέσεως·
2373 4452 2491 4516 ὅλος
2521 4452 2711 4521 γέγονε
2745 4452 2841 4522 τῆς
2874 4449 3116 4513 ἐλπίδος·
3154 4448 3276 4513 ὅλος,
3313 4446 3504 4514 γέγονε
3537 4444 3655 4514 τῆς

2071 4547 2266 4616 χαρᾶς.
2305 4543 2500 4596 Οὑκέτι
2531 4538 2598 4614 ἦν
2637 4541 2832 4605 αὑτοῦ,
2859 4540 2994 4594 ἀλλά
3033 4540 3126 4594 τοῦ
3166 4537 3530 4599 ἐλπισθέντος.
3567 4535 3655 4588 Τὸ

2072 4635 2295 4707 Πνεῦμα
2326 4635 2385 4688 τὸ
2412 4635 2562 4702 ἅγιον
2589 4634 2970 4706 εὐηγγελίσατο
2988 4674 3002 4699 ,
3040 4633 3135 4687 καὶ
3169 4633 3296 4703 πρὶν
3321 4629 3353 4701 ἦ
3384 4627 3654 4698 κατειλη-

473 4784 517 4814 ⁸³
551 4783 709 4838 Cant.
732 4801 792 4852 ιι,
826 4785 914 4849 16,
942 4785 1026 4840 17.
1103 4787 1146 4821 ⁸⁸
1169 4785 1318 4842 Psal.
1354 4803 1584 4853 Lxxxut,
1609 4787 1663 4843 8.
1736 4788 1781 4821 ⁸ο
1811 4787 1962 4842 Psal.

2072 4805 2112 4850 γ,
2140 4789 2192 4841 6.
2271 4787 2314 4818 ³³
2339 4786 2491 4842 Psal.
2550 4801 2692 4851 xcw,
2741 4786 2829 4841 ll.
2905 4784 2950 4816 ⁸⁸
2986 4781 3159 4838 Exod.
3192 4797 3274 4847 ιιι,
3298 4737 3391 4838 23.

392 4944 399 4948 .
464 4896 587 4970 _(5‘2)
627 4896 737 4970 ἷξόν
783 4900 855 4953 τὰ
898 4899 1092 4953 πάντα
1122 4901 1190 4953 ἐν
1218 4901 1600 4970 ἀκαταληψίᾳ
1649 4901 1964 4969 ὐπεριδρυο-

405 4966 610 5040 μένον.
634 4965 1063 5040 νθιυῐμοιιιιίίυιιε
1099 4972 1152 5024 in
1185 4965 1834 5040 incompreb'cusibilitate
1853 4965 1964 5025 sua

405 5038 767 5111 eminentem,
789 5038 897 5096 fere
921 5039 1146 5094 Paulina
1175 5038 1492 5111 phrasi—qua
1526 5042 1726 5111 dicitur
1752 5041 1963 5096 inhabi-

406 5112 521 5157 tare
553 5106 726 5159 lucem
757 5106 1206 5174 inaccessibiletn,
1240 5109 1261 5162 ι
1291 5106 1430 5164 Tini.
1456 5127 1529 5165 vt.
1580 5110 1843 5164 Paulinus
1872 5128 1962 5164 re-

410 5174 511 5227 fert
549 5176 924 5250 ad_creaturas
979 5180 1161 5250 minus
1195 5195 1453 5250 congrue,
1499 5183 1588 5250 qui
1615 5183 1858 5235 universa
1881 5181 1965 5233 in-

406 5244 859 5315 comprehensibili
884 5249 1114 5315 quadam
1144 5244 1345 5303 ratione
1373 5244 1660 5303 constituit.
1883 5313 1886 5315 λ

479 5314 590 5385 (55)
620 5315 689 5389 ’Ὀ
719 5317 836 5389 τῷν
860 5314 1232 5389 τελουμένων
1264 5321 1594 5389 τελειωτής.
1627 5321 1704 5374 Ita
1759 5314 1961 5389 passim

412 5383 721 5460 Dionysius,
755 5383 1069 5456 Gregorius,
1114 5397 1220 5460 etc.
1276 5388 1452 5444 Minus
1511 5383 1632 5460 apte
1675 5383 1958 5454 Paulinus,

409 5453 664 5525 perfectus
700 5453 902 5519 auctor,
924 5459 1102 5525 potius
1130 5459 1392 5522 initiator,
1411 5453 1959 5525 consummator,etc.

413 5522 547 5600 Male
577 5524 740 5576 etiam
770 5526 850 5600 τδ,
881 5522 1095 5600 δζὰμτοῦ
1121 5528 1431 5600 Ιινεύματος
1484 5531 1639 5600 ἁγίου
1699 5522 1840 5600 quod
1875 5545 1964 5584 se-

411 5594 617 5670 quitur,
658 5594 840 5670 retnulit.
871 5597 935 5670 a_d
969 5597 1100 5670 illud
1127 5598 1234 5670 τῶν
1269 5594 1672 5670 πραττομένων,
1717 5594 1847 5655 cum
1890 5600 1962 5652 sit

413 5663 634 5716 otunino
667 5663 1005 5719 referendqu
1034 5667 1100 5720 ad
1129 5663 1348 5722 verbum
1393 5663 1760 5736 συνεκάλεσεν,
1812 5670 1960 5725 velut

2070 4901 2271 4956 alluzlat
2301 4900 2368 4954 ad
2392 4900 2555 4954 verba
2580 4900 2912 4970 evangelica,
2960 4883 3010 4952 et
3067 4897 3205 4950 venit
3245 4895 3302 4949 in
3328 4893 3528 4970 Δερίῄιιι
3563 4897 3651 4970 _in

2072 4975 2321 5041 templum
2346 4988 2363 5025 :
2394 4972 2540 5026 velut
2562 4964 2818 5026 nimirum
2845 4971 3106 5026 instinctu
3139 4972 3298 5022 actus
3325 4965 3380 5018 in
3415 4964 3651 5021 Domini

2068 5057 3125 5184 οθῗὲέίῗυῒᾳόίίᾳὺθέντην-διδάσκαλον.
3154 5104 3359 5160 Alludit
3379 5104 3444 5184 ad
3464 5103 3654 5159 verba

2068 5176 2379 5252 evangelica
2401 5180 2567 5252 Marci
2599 5197 2617 5252 ι
2654 5176 2832 5234 {Erat
2878 5179 3066 5252 docetis
3127 5195 3235 5252 eos,
3287 5176 3440 5245 quasi
3485 5184 3657 5239 pote.-

2068 5247 2259 5306 stateiu
2326 5251 2540 5304 habent.
2601 5251 2778 5306 Minus
2834 5258 2957 5319 apte
3015 5247 3300 5308 Pa‘utinus,
3368 5254 3659 5319 auctore!”

2068 5324 2239 5391 ipsum
2263 5333 2312 5376 et
2339 5331 2706 5391 prceceptorem
2739 5316 2886 5391 legis,
2920 5319 3064 5375 velut
3087 5329 3342 5388 suprema
3393 5316 3662 5368 auctori-

2067 5401 2178 5447 tate
2197 5395 2501 5448 docentem.

2139 5464 2250 5546 <55)
2294 5463 2426 5544 ἐξτι
2467 5462 2692 5546 θρόνου.
2721 5457 3327 5546 βασελυερῦ-ίδξιξξεεδ.
3372 5453 3658 5546 ῑῗῗξτὶῗῖῗξτέ

2067 5525 2296 5604 Βρίρείη
2329 5535 2451 5586 sinu
2486 5525 2752 5603 gestante,
2816 5537 2872 5584 ut
2924 5529 3122 5600 ubique
3149 5527 3334 5583 divina
3376 5525 3659 5580 humanis

2068 5613 2470 5676 comparentur.
