  <div class='ocr_page' id='page_1' title='image "/cluster/home/n/w/nwhite01/storage/ocr_20150623/18/nnc1.0046978550/188.png"; bbox 0 0 3864 6162; ppageno 0'>
   <div class='ocr_carea' id='block_1_1' title="bbox 268 306 370 365">
    <p class='ocr_par' dir='ltr' id='par_1_1' title="bbox 268 306 370 365">
     <span class='ocr_line' id='line_1_1' title="bbox 268 306 370 365; baseline 0.01 -1"><span class='ocrx_word' id='word_1_1' title='bbox 268 306 370 365; x_wconf 73' lang='grc'><strong>881</strong></span> 
     </span>
    </p>
   </div>
   <div class='ocr_carea' id='block_1_2' title="bbox 1354 308 2418 367">
    <p class='ocr_par' dir='ltr' id='par_1_2' title="bbox 1354 308 2418 367">
     <span class='ocr_line' id='line_1_2' title="bbox 1354 308 2418 367; baseline 0.001 -2"><span class='ocrx_word' id='word_1_2' title='bbox 1354 308 1588 367; x_wconf 84' lang='lat' dir='ltr'><strong>SERMO</strong></span> <span class='ocrx_word' id='word_1_3' title='bbox 1625 309 1714 364; x_wconf 86' lang='lat' dir='ltr'><strong>DE</strong></span> <span class='ocrx_word' id='word_1_4' title='bbox 1753 308 2050 367; x_wconf 77' lang='lat' dir='ltr'><strong>S!MEONE</strong></span> <span class='ocrx_word' id='word_1_5' title='bbox 2088 309 2176 365; x_wconf 87' lang='grc' dir='ltr'><strong>ΕΤ</strong></span> <span class='ocrx_word' id='word_1_6' title='bbox 2214 310 2418 366; x_wconf 83' lang='lat' dir='ltr'><strong>ANNA.</strong></span> 
     </span>
    </p>
   </div>
   <div class='ocr_carea' id='block_1_3' title="bbox 3408 316 3514 373">
    <p class='ocr_par' dir='ltr' id='par_1_3' title="bbox 3408 316 3514 373">
     <span class='ocr_line' id='line_1_3' title="bbox 3408 316 3514 373; baseline 0 0"><span class='ocrx_word' id='word_1_7' title='bbox 3408 316 3514 373; x_wconf 74' lang='grc'><strong>562</strong></span> 
     </span>
    </p>
   </div>
   <div class='ocr_carea' id='block_1_4' title="bbox 274 426 1823 504">
    <p class='ocr_par' dir='ltr' id='par_1_4' title="bbox 274 426 1823 502">
     <span class='ocr_line' id='line_1_4' title="bbox 274 426 1823 502; baseline 0.001 -20"><span class='ocrx_word' id='word_1_8' title='bbox 274 429 438 497; x_wconf 77' lang='grc' dir='ltr'>φέναι</span> <span class='ocrx_word' id='word_1_9' title='bbox 469 428 564 482; x_wconf 82' lang='grc' dir='ltr'>τὸν</span> <span class='ocrx_word' id='word_1_10' title='bbox 592 426 740 494; x_wconf 72' lang='grc' dir='ltr'>ναὸν,</span> <span class='ocrx_word' id='word_1_11' title='bbox 762 430 877 493; x_wconf 77' lang='grc' dir='ltr'>τοῖς</span> <span class='ocrx_word' id='word_1_12' title='bbox 900 429 998 500; x_wconf 83' lang='grc' dir='ltr'>τῆς</span> <span class='ocrx_word' id='word_1_13' title='bbox 1022 429 1260 494; x_wconf 79' lang='grc' dir='ltr'><strong>διανοίας</strong></span> <span class='ocrx_word' id='word_1_14' title='bbox 1287 430 1583 502; x_wconf 80' lang='grc' dir='ltr'><strong>ὀφθαλμοῖς</strong></span> <span class='ocrx_word' id='word_1_15' title='bbox 1612 431 1823 485; x_wconf 77' lang='grc' dir='ltr'>ὰναπτε</span> 
     </span>
    </p>
   </div>
   <div class='ocr_carea' id='block_1_5' title="bbox 1926 426 3509 504">
    <p class='ocr_par' dir='ltr' id='par_1_5' title="bbox 1951 429 3509 504">
     <span class='ocr_line' id='line_1_5' title="bbox 1951 429 3509 504; baseline 0.001 -18"><span class='ocrx_word' id='word_1_16' title='bbox 1951 439 2147 486; x_wconf 84' lang='lat' dir='ltr'><strong>natura</strong></span> <span class='ocrx_word' id='word_1_17' title='bbox 2208 431 2537 487; x_wconf 82' lang='lat' dir='ltr'><strong>exstinctum</strong></span> <span class='ocrx_word' id='word_1_18' title='bbox 2598 429 3014 504; x_wconf 84' lang='lat' dir='ltr'><strong>suscitaverat;]</strong></span> <span class='ocrx_word' id='word_1_19' title='bbox 3075 445 3138 485; x_wconf 88' lang='lat' dir='ltr'><strong>ac</strong></span> <span class='ocrx_word' id='word_1_20' title='bbox 3190 431 3509 502; x_wconf 80' lang='lat' dir='ltr'><strong>priusquam</strong></span> 
     </span>
    </p>
   </div>
   <div class='ocr_carea' id='block_1_6' title="bbox 274 519 1847 592">
    <p class='ocr_par' dir='ltr' id='par_1_6' title="bbox 274 519 1847 592">
     <span class='ocr_line' id='line_1_6' title="bbox 274 519 1847 592; baseline 0.001 -20"><span class='ocrx_word' id='word_1_21' title='bbox 274 519 557 591; x_wconf 82' lang='grc' dir='ltr'>ρούμενος,</span> <span class='ocrx_word' id='word_1_22' title='bbox 585 519 661 584; x_wconf 87' lang='grc' dir='ltr'>ὡς</span> <span class='ocrx_word' id='word_1_23' title='bbox 680 519 818 591; x_wconf 72' lang='grc' dir='ltr'>ἔχων</span> <span class='ocrx_word' id='word_1_24' title='bbox 841 520 941 591; x_wconf 74' lang='grc' dir='ltr'>ήδη</span> <span class='ocrx_word' id='word_1_25' title='bbox 970 520 1033 574; x_wconf 81' lang='grc' dir='ltr'>τὸ</span> <span class='ocrx_word' id='word_1_26' title='bbox 1059 519 1388 591; x_wconf 85' lang='grc' dir='ltr'>ποθούμενον</span> <span class='ocrx_word' id='word_1_27' title='bbox 1408 520 1676 592; x_wconf 83' lang='grc' dir='ltr'>ὲγεγήθει.</span> <span class='ocrx_word' id='word_1_28' title='bbox 1695 521 1847 590; x_wconf 81' lang='grc' dir='ltr'><strong>’Δγό-</strong></span> 
     </span>
    </p>
   </div>
   <div class='ocr_carea' id='block_1_7' title="bbox 272 611 1845 684">
    <p class='ocr_par' dir='ltr' id='par_1_7' title="bbox 272 611 1845 684">
     <span class='ocr_line' id='line_1_7' title="bbox 272 611 1845 684; baseline 0.001 -20"><span class='ocrx_word' id='word_1_29' title='bbox 272 628 434 682; x_wconf 72' lang='grc' dir='ltr'>μενος</span> <span class='ocrx_word' id='word_1_30' title='bbox 465 612 522 665; x_wconf 86' lang='grc' dir='ltr'>δὲ</span> <span class='ocrx_word' id='word_1_31' title='bbox 556 611 733 676; x_wconf 77' lang='grc' dir='ltr'>οὕτω,</span> <span class='ocrx_word' id='word_1_32' title='bbox 777 614 872 667; x_wconf 78' lang='grc' dir='ltr'><strong>καὶ</strong></span> <span class='ocrx_word' id='word_1_33' title='bbox 914 611 1340 684; x_wconf 87' lang='grc' dir='ltr'>μετεωροπορῶν</span> <span class='ocrx_word' id='word_1_34' title='bbox 1370 615 1483 676; x_wconf 85' lang='grc' dir='ltr'>τοῖς</span> <span class='ocrx_word' id='word_1_35' title='bbox 1515 612 1845 684; x_wconf 79' lang='grc' dir='ltr'><strong>διαδήμασιν</strong></span> 
     </span>
    </p>
   </div>
   <div class='ocr_carea' id='block_1_8' title="bbox 265 702 1841 775">
    <p class='ocr_par' dir='ltr' id='par_1_8' title="bbox 265 702 1841 775">
     <span class='ocr_line' id='line_1_8' title="bbox 265 702 1841 775; baseline -0.001 -17"><span class='ocrx_word' id='word_1_36' title='bbox 265 702 602 771; x_wconf 71' lang='grc' dir='ltr'>ὢκυτάτως,</span> <span class='ocrx_word' id='word_1_37' title='bbox 643 705 735 759; x_wconf 78' lang='grc' dir='ltr'>τὸν</span> <span class='ocrx_word' id='word_1_38' title='bbox 776 704 945 759; x_wconf 86' lang='grc' dir='ltr'>πάλαι</span> <span class='ocrx_word' id='word_1_39' title='bbox 994 704 1139 775; x_wconf 74' lang='grc' dir='ltr'>ἱερὸν</span> <span class='ocrx_word' id='word_1_40' title='bbox 1185 702 1591 774; x_wconf 83' lang='grc' dir='ltr'>καταλαμϐάνει</span> <span class='ocrx_word' id='word_1_41' title='bbox 1641 704 1841 775; x_wconf 79' lang='grc' dir='ltr'>σηκὸν,</span> 
     </span>
    </p>
   </div>
   <div class='ocr_carea' id='block_1_9' title="bbox 269 792 1843 867">
    <p class='ocr_par' dir='ltr' id='par_1_9' title="bbox 269 792 1843 867">
     <span class='ocr_line' id='line_1_9' title="bbox 269 792 1843 867; baseline -0.001 -18"><span class='ocrx_word' id='word_1_42' title='bbox 269 796 368 849; x_wconf 81' lang='grc' dir='ltr'>καὶ</span> <span class='ocrx_word' id='word_1_43' title='bbox 395 796 456 849; x_wconf 82' lang='grc' dir='ltr'>οὐ</span> <span class='ocrx_word' id='word_1_44' title='bbox 483 795 734 867; x_wconf 87' lang='grc' dir='ltr'>προσχὼν</span> <span class='ocrx_word' id='word_1_45' title='bbox 758 792 836 867; x_wconf 85' lang='grc' dir='ltr'><strong>τῷ</strong></span> <span class='ocrx_word' id='word_1_46' title='bbox 864 792 1022 866; x_wconf 87' lang='grc' dir='ltr'>ἱερῷ,</span> <span class='ocrx_word' id='word_1_47' title='bbox 1051 793 1129 865; x_wconf 85' lang='grc' dir='ltr'><strong>τῷ</strong></span> <span class='ocrx_word' id='word_1_48' title='bbox 1152 793 1246 847; x_wconf 84' lang='grc' dir='ltr'>τοῦ</span> <span class='ocrx_word' id='word_1_49' title='bbox 1283 793 1429 867; x_wconf 70' lang='grc' dir='ltr'>ἰεροῦ</span> <span class='ocrx_word' id='word_1_50' title='bbox 1453 794 1713 866; x_wconf 87' lang='grc' dir='ltr'>πρυτάνει</span> <span class='ocrx_word' id='word_1_51' title='bbox 1743 795 1843 858; x_wconf 82' lang='grc' dir='ltr'><strong>τὰς</strong></span> 
     </span>
    </p>
   </div>
   <div class='ocr_carea' id='block_1_10' title="bbox 268 883 1839 958">
    <p class='ocr_par' dir='ltr' id='par_1_10' title="bbox 268 883 1839 958">
     <span class='ocr_line' id='line_1_10' title="bbox 268 883 1839 958; baseline -0.003 -17"><span class='ocrx_word' id='word_1_52' title='bbox 268 887 424 958; x_wconf 82' lang='grc' dir='ltr'>ἰερὰς</span> <span class='ocrx_word' id='word_1_53' title='bbox 452 887 660 952; x_wconf 82' lang='grc' dir='ltr'>ὠλένας</span> <span class='ocrx_word' id='word_1_54' title='bbox 689 886 1001 958; x_wconf 82' lang='grc' dir='ltr'>ἐφήπλωσε,</span> <span class='ocrx_word' id='word_1_55' title='bbox 1019 884 1198 939; x_wconf 85' lang='grc' dir='ltr'>τοιάδε</span> <span class='ocrx_word' id='word_1_56' title='bbox 1224 884 1396 953; x_wconf 85' lang='grc' dir='ltr'>λέγων</span> <span class='ocrx_word' id='word_1_57' title='bbox 1426 884 1542 955; x_wconf 77' lang='grc' dir='ltr'>ἅμα</span> <span class='ocrx_word' id='word_1_58' title='bbox 1562 886 1655 937; x_wconf 71' lang='grc' dir='ltr'>καὶ</span> <span class='ocrx_word' id='word_1_59' title='bbox 1679 883 1839 956; x_wconf 78' lang='grc' dir='ltr'>ᾅδων,</span> 
     </span>
    </p>
   </div>
   <div class='ocr_carea' id='block_1_11' title="bbox 267 975 1839 1050">
    <p class='ocr_par' dir='ltr' id='par_1_11' title="bbox 267 975 1839 1050">
     <span class='ocr_line' id='line_1_11' title="bbox 267 975 1839 1050; baseline -0.003 -17"><span class='ocrx_word' id='word_1_60' title='bbox 267 977 307 1033; x_wconf 73' lang='grc' dir='ltr'>ἃ</span> <span class='ocrx_word' id='word_1_61' title='bbox 358 979 455 1033; x_wconf 79' lang='grc' dir='ltr'>καὶ</span> <span class='ocrx_word' id='word_1_62' title='bbox 496 981 564 1050; x_wconf 76' lang='grc' dir='ltr'>τῇ</span> <span class='ocrx_word' id='word_1_63' title='bbox 613 980 864 1049; x_wconf 84' lang='grc' dir='ltr'>ἀσπαστῇ</span> <span class='ocrx_word' id='word_1_64' title='bbox 903 978 1087 1048; x_wconf 85' lang='grc' dir='ltr'><strong>τελετῇ</strong></span> <span class='ocrx_word' id='word_1_65' title='bbox 1135 976 1410 1046; x_wconf 82' lang='grc' dir='ltr'>προσῆκε·</span> <span class='ocrx_word' id='word_1_66' title='bbox 1462 975 1530 1027; x_wconf 82' lang='grc' dir='ltr'><strong>Σὲ</strong></span> <span class='ocrx_word' id='word_1_67' title='bbox 1565 975 1839 1042; x_wconf 75' lang='grc' dir='ltr'>ἐπιποθῶ,</span> 
     </span>
    </p>
   </div>
   <div class='ocr_carea' id='block_1_12' title="bbox 264 1065 1841 1142">
    <p class='ocr_par' dir='ltr' id='par_1_12' title="bbox 264 1065 1841 1142">
     <span class='ocr_line' id='line_1_12' title="bbox 264 1065 1841 1142; baseline -0.002 -19"><span class='ocrx_word' id='word_1_68' title='bbox 264 1069 504 1123; x_wconf 82' lang='grc' dir='ltr'>δέσποτα</span> <span class='ocrx_word' id='word_1_69' title='bbox 537 1070 638 1124; x_wconf 80' lang='grc' dir='ltr'><strong>Θεὲ</strong></span> <span class='ocrx_word' id='word_1_70' title='bbox 672 1070 923 1142; x_wconf 81' lang='grc' dir='ltr'><strong>πατέρων</strong></span> <span class='ocrx_word' id='word_1_71' title='bbox 945 1109 960 1133; x_wconf 94' lang='grc'><strong>,</strong></span> <span class='ocrx_word' id='word_1_72' title='bbox 997 1069 1091 1122; x_wconf 72' lang='grc' dir='ltr'>καὶ</span> <span class='ocrx_word' id='word_1_73' title='bbox 1131 1067 1304 1138; x_wconf 82' lang='grc' dir='ltr'>Κύριε</span> <span class='ocrx_word' id='word_1_74' title='bbox 1355 1065 1450 1119; x_wconf 80' lang='grc' dir='ltr'>τοῦ</span> <span class='ocrx_word' id='word_1_75' title='bbox 1494 1067 1708 1133; x_wconf 78' lang='grc' dir='ltr'>ἐλέους,</span> <span class='ocrx_word' id='word_1_76' title='bbox 1750 1067 1841 1120; x_wconf 82' lang='grc' dir='ltr'>τὸν</span> 
     </span>
    </p>
   </div>
   <div class='ocr_carea' id='block_1_13' title="bbox 268 1155 1841 1228">
    <p class='ocr_par' dir='ltr' id='par_1_13' title="bbox 268 1155 1841 1228">
     <span class='ocr_line' id='line_1_13' title="bbox 268 1155 1841 1228; baseline 0.001 -19"><span class='ocrx_word' id='word_1_77' title='bbox 268 1156 682 1221; x_wconf 82' lang='grc' dir='ltr'>καταξιώσαντα</span> <span class='ocrx_word' id='word_1_78' title='bbox 727 1160 792 1228; x_wconf 82' lang='grc' dir='ltr'><strong>τῇ</strong></span> <span class='ocrx_word' id='word_1_79' title='bbox 826 1157 931 1228; x_wconf 78' lang='grc' dir='ltr'>ἰδίᾳ</span> <span class='ocrx_word' id='word_1_80' title='bbox 969 1155 1097 1228; x_wconf 80' lang='grc' dir='ltr'>δόξῃ</span> <span class='ocrx_word' id='word_1_81' title='bbox 1130 1157 1224 1209; x_wconf 76' lang='grc' dir='ltr'>καὶ</span> <span class='ocrx_word' id='word_1_82' title='bbox 1261 1156 1426 1227; x_wconf 84' lang='grc' dir='ltr'>ἀρετῇ</span> <span class='ocrx_word' id='word_1_83' title='bbox 1449 1195 1463 1219; x_wconf 89' lang='grc'><strong>,</strong></span> <span class='ocrx_word' id='word_1_84' title='bbox 1506 1155 1581 1218; x_wconf 85' lang='grc' dir='ltr'>ὡς</span> <span class='ocrx_word' id='word_1_85' title='bbox 1625 1156 1841 1211; x_wconf 86' lang='grc' dir='ltr'>πάντων</span> 
     </span>
    </p>
   </div>
   <div class='ocr_carea' id='block_1_14' title="bbox 267 1245 1838 1319">
    <p class='ocr_par' dir='ltr' id='par_1_14' title="bbox 267 1245 1838 1319">
     <span class='ocr_line' id='line_1_14' title="bbox 267 1245 1838 1319; baseline -0.001 -18"><span class='ocrx_word' id='word_1_86' title='bbox 267 1251 599 1319; x_wconf 78' lang='grc' dir='ltr'>προνοητικῇ</span> <span class='ocrx_word' id='word_1_87' title='bbox 625 1287 640 1312; x_wconf 92' lang='grc'><strong>,</strong></span> <span class='ocrx_word' id='word_1_88' title='bbox 672 1248 810 1301; x_wconf 82' lang='grc' dir='ltr'>αἰδοῖ</span> <span class='ocrx_word' id='word_1_89' title='bbox 856 1248 953 1319; x_wconf 86' lang='grc' dir='ltr'>τῆς</span> <span class='ocrx_word' id='word_1_90' title='bbox 985 1246 1119 1318; x_wconf 83' lang='grc' dir='ltr'>πρὸς</span> <span class='ocrx_word' id='word_1_91' title='bbox 1156 1246 1304 1317; x_wconf 79' lang='grc' dir='ltr'>ἡμᾶς</span> <span class='ocrx_word' id='word_1_92' title='bbox 1347 1245 1838 1314; x_wconf 78' lang='grc' dir='ltr'>συγκαταόάσεως,</span> 
     </span>
    </p>
   </div>
   <div class='ocr_carea' id='block_1_15' title="bbox 266 1335 1841 1410">
    <p class='ocr_par' dir='ltr' id='par_1_15' title="bbox 266 1335 1841 1410">
     <span class='ocr_line' id='line_1_15' title="bbox 266 1335 1841 1410; baseline -0.001 -18"><span class='ocrx_word' id='word_1_93' title='bbox 266 1339 519 1410; x_wconf 84' lang='grc' dir='ltr'>καθάπερ</span> <span class='ocrx_word' id='word_1_94' title='bbox 548 1339 901 1409; x_wconf 86' lang='grc' dir='ltr'>σπονδηφόρῳ</span> <span class='ocrx_word' id='word_1_95' title='bbox 934 1337 1179 1408; x_wconf 81' lang='grc' dir='ltr'>μεσιτείᾳ</span> <span class='ocrx_word' id='word_1_96' title='bbox 1199 1375 1213 1402; x_wconf 90' lang='grc'><strong>,</strong></span> <span class='ocrx_word' id='word_1_97' title='bbox 1242 1337 1323 1399; x_wconf 87' lang='grc' dir='ltr'><strong>εἰς</strong></span> <span class='ocrx_word' id='word_1_98' title='bbox 1348 1335 1565 1407; x_wconf 72' lang='grc' dir='ltr'>φιλικὴν</span> <span class='ocrx_word' id='word_1_99' title='bbox 1604 1337 1841 1409; x_wconf 80' lang='grc' dir='ltr'>ὁμηρεῦ-</span> 
     </span>
    </p>
   </div>
   <div class='ocr_carea' id='block_1_16' title="bbox 263 1428 1834 1502">
    <p class='ocr_par' dir='ltr' id='par_1_16' title="bbox 263 1428 1834 1502">
     <span class='ocr_line' id='line_1_16' title="bbox 263 1428 1834 1502; baseline -0.003 -17"><span class='ocrx_word' id='word_1_100' title='bbox 263 1449 357 1485; x_wconf 85' lang='grc' dir='ltr'>σαι</span> <span class='ocrx_word' id='word_1_101' title='bbox 379 1431 694 1502; x_wconf 79' lang='grc' dir='ltr'>συμφωνίαν</span> <span class='ocrx_word' id='word_1_102' title='bbox 724 1431 850 1493; x_wconf 83' lang='grc' dir='ltr'>τοὺς</span> <span class='ocrx_word' id='word_1_103' title='bbox 878 1429 1230 1498; x_wconf 80' lang='grc' dir='ltr'>ἐπουρανίους</span> <span class='ocrx_word' id='word_1_104' title='bbox 1258 1428 1393 1499; x_wconf 85' lang='grc' dir='ltr'>πρὸς</span> <span class='ocrx_word' id='word_1_105' title='bbox 1419 1429 1544 1492; x_wconf 78' lang='grc' dir='ltr'>τοὺς</span> <span class='ocrx_word' id='word_1_106' title='bbox 1566 1431 1834 1498; x_wconf 81' lang='grc' dir='ltr'>γηγενεῖς,</span> 
     </span>
    </p>
   </div>
   <div class='ocr_carea' id='block_1_17' title="bbox 264 1519 1839 1591">
    <p class='ocr_par' dir='ltr' id='par_1_17' title="bbox 264 1519 1839 1591">
     <span class='ocr_line' id='line_1_17' title="bbox 264 1519 1839 1591; baseline -0.001 -18"><span class='ocrx_word' id='word_1_107' title='bbox 264 1520 333 1572; x_wconf 86' lang='grc' dir='ltr'><strong>Σὲ</strong></span> <span class='ocrx_word' id='word_1_108' title='bbox 366 1520 610 1591; x_wconf 77' lang='grc' dir='ltr'><strong>ἐπιζητῶ</strong></span> <span class='ocrx_word' id='word_1_109' title='bbox 647 1521 739 1575; x_wconf 81' lang='grc' dir='ltr'>τὸν</span> <span class='ocrx_word' id='word_1_110' title='bbox 768 1521 1071 1591; x_wconf 80' lang='grc' dir='ltr'>αὐτουργὸν</span> <span class='ocrx_word' id='word_1_111' title='bbox 1106 1520 1213 1573; x_wconf 88' lang='grc' dir='ltr'><strong>τῶν</strong></span> <span class='ocrx_word' id='word_1_112' title='bbox 1250 1519 1530 1574; x_wconf 85' lang='grc' dir='ltr'>ἁπάντων·</span> <span class='ocrx_word' id='word_1_113' title='bbox 1568 1521 1627 1573; x_wconf 85' lang='grc' dir='ltr'>σὲ</span> <span class='ocrx_word' id='word_1_114' title='bbox 1670 1537 1839 1591; x_wconf 88' lang='grc' dir='ltr'>καρα-</span> 
     </span>
    </p>
   </div>
   <div class='ocr_carea' id='block_1_18' title="bbox 260 1611 1837 1683">
    <p class='ocr_par' dir='ltr' id='par_1_18' title="bbox 260 1611 1837 1683">
     <span class='ocr_line' id='line_1_18' title="bbox 260 1611 1837 1683; baseline 0.001 -19"><span class='ocrx_word' id='word_1_115' title='bbox 260 1611 407 1665; x_wconf 88' lang='grc' dir='ltr'>δοκῶ</span> <span class='ocrx_word' id='word_1_116' title='bbox 425 1651 440 1675; x_wconf 90' lang='grc'><strong>,</strong></span> <span class='ocrx_word' id='word_1_117' title='bbox 464 1612 558 1666; x_wconf 80' lang='grc' dir='ltr'>τὸν</span> <span class='ocrx_word' id='word_1_118' title='bbox 592 1613 917 1683; x_wconf 84' lang='grc' dir='ltr'>περιέχοντα</span> <span class='ocrx_word' id='word_1_119' title='bbox 953 1613 1096 1683; x_wconf 84' lang='grc' dir='ltr'>λόγῳ</span> <span class='ocrx_word' id='word_1_120' title='bbox 1130 1611 1197 1665; x_wconf 86' lang='grc' dir='ltr'><strong>τὰ</strong></span> <span class='ocrx_word' id='word_1_121' title='bbox 1223 1614 1428 1668; x_wconf 80' lang='grc' dir='ltr'>πάντα·</span> <span class='ocrx_word' id='word_1_122' title='bbox 1466 1614 1522 1667; x_wconf 85' lang='grc' dir='ltr'>σὲ</span> <span class='ocrx_word' id='word_1_123' title='bbox 1546 1612 1837 1682; x_wconf 83' lang='grc' dir='ltr'>ἀπεκδέχο-</span> 
     </span>
    </p>
   </div>
   <div class='ocr_carea' id='block_1_19' title="bbox 268 1704 1835 1776">
    <p class='ocr_par' dir='ltr' id='par_1_19' title="bbox 268 1704 1835 1776">
     <span class='ocr_line' id='line_1_19' title="bbox 268 1704 1835 1776; baseline 0 -18"><span class='ocrx_word' id='word_1_124' title='bbox 268 1721 391 1774; x_wconf 84' lang='grc' dir='ltr'>μαι,</span> <span class='ocrx_word' id='word_1_125' title='bbox 420 1705 512 1757; x_wconf 75' lang='grc' dir='ltr'><strong>τὸν</strong></span> <span class='ocrx_word' id='word_1_126' title='bbox 543 1705 687 1776; x_wconf 81' lang='grc' dir='ltr'>ζωῆς</span> <span class='ocrx_word' id='word_1_127' title='bbox 713 1706 805 1759; x_wconf 73' lang='grc' dir='ltr'>καὶ</span> <span class='ocrx_word' id='word_1_128' title='bbox 836 1705 1065 1759; x_wconf 88' lang='grc' dir='ltr'>θανάτου</span> <span class='ocrx_word' id='word_1_129' title='bbox 1093 1704 1420 1770; x_wconf 78' lang='grc' dir='ltr'>δεσπόζοντα</span> <span class='ocrx_word' id='word_1_130' title='bbox 1441 1724 1453 1736; x_wconf 90' lang='grc'><strong>·</strong></span> <span class='ocrx_word' id='word_1_131' title='bbox 1482 1706 1540 1758; x_wconf 83' lang='grc' dir='ltr'>σὲ</span> <span class='ocrx_word' id='word_1_132' title='bbox 1563 1704 1835 1776; x_wconf 81' lang='grc' dir='ltr'>ἀναμένω,</span> 
     </span>
    </p>
   </div>
   <div class='ocr_carea' id='block_1_20' title="bbox 261 1795 1835 1868">
    <p class='ocr_par' dir='ltr' id='par_1_20' title="bbox 261 1795 1835 1868">
     <span class='ocr_line' id='line_1_20' title="bbox 261 1795 1835 1868; baseline 0.001 -22"><span class='ocrx_word' id='word_1_133' title='bbox 261 1795 355 1847; x_wconf 78' lang='grc' dir='ltr'><strong>τὸν</strong></span> <span class='ocrx_word' id='word_1_134' title='bbox 393 1796 723 1867; x_wconf 85' lang='grc' dir='ltr'>νομοδότην,</span> <span class='ocrx_word' id='word_1_135' title='bbox 750 1797 844 1850; x_wconf 78' lang='grc' dir='ltr'>καὶ</span> <span class='ocrx_word' id='word_1_136' title='bbox 881 1797 974 1850; x_wconf 75' lang='grc' dir='ltr'>τοῦ</span> <span class='ocrx_word' id='word_1_137' title='bbox 1019 1796 1182 1867; x_wconf 89' lang='grc' dir='ltr'>νόμου</span> <span class='ocrx_word' id='word_1_138' title='bbox 1216 1796 1478 1868; x_wconf 85' lang='grc' dir='ltr'>διάδοχον·</span> <span class='ocrx_word' id='word_1_139' title='bbox 1531 1798 1589 1850; x_wconf 79' lang='grc' dir='ltr'>σὲ</span> <span class='ocrx_word' id='word_1_140' title='bbox 1634 1796 1835 1862; x_wconf 85' lang='grc' dir='ltr'>πεινῶ,</span> 
     </span>
    </p>
   </div>
   <div class='ocr_carea' id='block_1_21' title="bbox 252 1875 1903 1960">
    <p class='ocr_par' dir='ltr' id='par_1_21' title="bbox 252 1875 1903 1960">
     <span class='ocr_line' id='line_1_21' title="bbox 252 1875 1903 1960; baseline 0.001 -21"><span class='ocrx_word' id='word_1_141' title='bbox 252 1885 347 1940; x_wconf 80' lang='grc' dir='ltr'><strong>τὸν</strong></span> <span class='ocrx_word' id='word_1_142' title='bbox 370 1888 631 1954; x_wconf 84' lang='grc' dir='ltr'>ζωοποιὸν</span> <span class='ocrx_word' id='word_1_143' title='bbox 646 1888 755 1943; x_wconf 91' lang='grc' dir='ltr'><strong>τῶν</strong></span> <span class='ocrx_word' id='word_1_144' title='bbox 779 1889 1217 1960; x_wconf 83' lang='grc' dir='ltr'>νενεκρωμένων-</span> <span class='ocrx_word' id='word_1_145' title='bbox 1247 1889 1306 1942; x_wconf 81' lang='grc' dir='ltr'>σὲ</span> <span class='ocrx_word' id='word_1_146' title='bbox 1331 1887 1486 1958; x_wconf 71' lang='grc' dir='ltr'>διψῶ,</span> <span class='ocrx_word' id='word_1_147' title='bbox 1515 1886 1612 1959; x_wconf 82' lang='grc' dir='ltr'>τὴν</span> <span class='ocrx_word' id='word_1_148' title='bbox 1630 1887 1831 1957; x_wconf 64' lang='grc' dir='ltr'>άνάψυ-</span> <span class='ocrx_word' id='word_1_149' title='bbox 1860 1875 1903 1930; x_wconf 82' lang='grc' dir='ltr'><strong>Β</strong></span> 
     </span>
    </p>
   </div>
   <div class='ocr_carea' id='block_1_22' title="bbox 255 1980 1830 2056">
    <p class='ocr_par' dir='ltr' id='par_1_22' title="bbox 255 1980 1830 2056">
     <span class='ocr_line' id='line_1_22' title="bbox 255 1980 1830 2056; baseline 0.002 -22"><span class='ocrx_word' id='word_1_150' title='bbox 255 1980 338 2046; x_wconf 80' lang='grc' dir='ltr'>ξιν</span> <span class='ocrx_word' id='word_1_151' title='bbox 365 1983 475 2036; x_wconf 90' lang='grc' dir='ltr'><strong>τῶν</strong></span> <span class='ocrx_word' id='word_1_152' title='bbox 502 1986 891 2054; x_wconf 79' lang='grc' dir='ltr'>κεκμηκότων·</span> <span class='ocrx_word' id='word_1_153' title='bbox 931 1985 989 2038; x_wconf 83' lang='grc' dir='ltr'>σὲ</span> <span class='ocrx_word' id='word_1_154' title='bbox 1041 1984 1292 2056; x_wconf 77' lang='grc' dir='ltr'>ἐπιθυμῶ</span> <span class='ocrx_word' id='word_1_155' title='bbox 1336 1984 1425 2039; x_wconf 81' lang='grc' dir='ltr'>τὸν</span> <span class='ocrx_word' id='word_1_156' title='bbox 1475 1986 1697 2055; x_wconf 86' lang='grc' dir='ltr'>κτίστην</span> <span class='ocrx_word' id='word_1_157' title='bbox 1738 1985 1830 2038; x_wconf 76' lang='grc' dir='ltr'>καὶ</span> 
     </span>
    </p>
   </div>
   <div class='ocr_carea' id='block_1_23' title="bbox 250 2070 1831 2144">
    <p class='ocr_par' dir='ltr' id='par_1_23' title="bbox 250 2070 1831 2144">
     <span class='ocr_line' id='line_1_23' title="bbox 250 2070 1831 2144; baseline 0.002 -21"><span class='ocrx_word' id='word_1_158' title='bbox 250 2070 536 2143; x_wconf 80' lang='grc' dir='ltr'>λυτρωτὴν</span> <span class='ocrx_word' id='word_1_159' title='bbox 565 2071 659 2125; x_wconf 82' lang='grc' dir='ltr'>τοῦ</span> <span class='ocrx_word' id='word_1_160' title='bbox 694 2074 918 2144; x_wconf 86' lang='grc' dir='ltr'>κόσμου.</span> <span class='ocrx_word' id='word_1_161' title='bbox 962 2073 1033 2125; x_wconf 80' lang='grc' dir='ltr'><strong>Σὺ</strong></span> <span class='ocrx_word' id='word_1_162' title='bbox 1069 2072 1227 2144; x_wconf 82' lang='grc' dir='ltr'>ἡμῶν</span> <span class='ocrx_word' id='word_1_163' title='bbox 1254 2073 1384 2136; x_wconf 79' lang='grc' dir='ltr'>Θεὸς</span> <span class='ocrx_word' id='word_1_164' title='bbox 1407 2113 1422 2138; x_wconf 92' lang='grc'><strong>,</strong></span> <span class='ocrx_word' id='word_1_165' title='bbox 1451 2075 1545 2127; x_wconf 80' lang='grc' dir='ltr'>καὶ</span> <span class='ocrx_word' id='word_1_166' title='bbox 1575 2075 1633 2127; x_wconf 86' lang='grc' dir='ltr'>σὲ</span> <span class='ocrx_word' id='word_1_167' title='bbox 1665 2091 1831 2144; x_wconf 86' lang='grc' dir='ltr'>προσ-</span> 
     </span>
    </p>
   </div>
   <div class='ocr_carea' id='block_1_24' title="bbox 251 2159 1830 2236">
    <p class='ocr_par' dir='ltr' id='par_1_24' title="bbox 251 2159 1830 2236">
     <span class='ocr_line' id='line_1_24' title="bbox 251 2159 1830 2236; baseline 0.003 -22"><span class='ocrx_word' id='word_1_168' title='bbox 251 2159 545 2231; x_wconf 79' lang='grc' dir='ltr'>κυνοῦμεν.</span> <span class='ocrx_word' id='word_1_169' title='bbox 575 2163 645 2215; x_wconf 83' lang='grc' dir='ltr'><strong>Σὺ</strong></span> <span class='ocrx_word' id='word_1_170' title='bbox 666 2164 823 2234; x_wconf 87' lang='grc' dir='ltr'>ήμῶν</span> <span class='ocrx_word' id='word_1_171' title='bbox 851 2162 977 2227; x_wconf 74' lang='grc' dir='ltr'>ναὸς</span> <span class='ocrx_word' id='word_1_172' title='bbox 1001 2163 1184 2231; x_wconf 82' lang='grc' dir='ltr'>ἆγιος,</span> <span class='ocrx_word' id='word_1_173' title='bbox 1213 2165 1307 2217; x_wconf 72' lang='grc' dir='ltr'>καὶ</span> <span class='ocrx_word' id='word_1_174' title='bbox 1341 2165 1399 2216; x_wconf 84' lang='grc' dir='ltr'>ὲν</span> <span class='ocrx_word' id='word_1_175' title='bbox 1433 2165 1516 2217; x_wconf 79' lang='grc' dir='ltr'>σοὶ</span> <span class='ocrx_word' id='word_1_176' title='bbox 1541 2164 1830 2236; x_wconf 75' lang='grc' dir='ltr'>προσευξό-</span> 
     </span>
    </p>
   </div>
   <div class='ocr_carea' id='block_1_25' title="bbox 252 2251 1825 2326">
    <p class='ocr_par' dir='ltr' id='par_1_25' title="bbox 252 2251 1825 2326">
     <span class='ocr_line' id='line_1_25' title="bbox 252 2251 1825 2326; baseline 0.003 -22"><span class='ocrx_word' id='word_1_177' title='bbox 252 2251 396 2322; x_wconf 80' lang='grc' dir='ltr'>μεθα</span> <span class='ocrx_word' id='word_1_178' title='bbox 415 2270 428 2282; x_wconf 94' lang='grc'><strong>·</strong></span> <span class='ocrx_word' id='word_1_179' title='bbox 460 2252 525 2305; x_wconf 80' lang='grc' dir='ltr'>σὺ</span> <span class='ocrx_word' id='word_1_180' title='bbox 548 2253 766 2324; x_wconf 84' lang='grc' dir='ltr'>θεσμῶν</span> <span class='ocrx_word' id='word_1_181' title='bbox 795 2252 1149 2325; x_wconf 81' lang='grc' dir='ltr'>θεσμοθέτης,</span> <span class='ocrx_word' id='word_1_182' title='bbox 1173 2256 1266 2308; x_wconf 75' lang='grc' dir='ltr'>καὶ</span> <span class='ocrx_word' id='word_1_183' title='bbox 1297 2256 1379 2307; x_wconf 79' lang='grc' dir='ltr'>σοὶ</span> <span class='ocrx_word' id='word_1_184' title='bbox 1405 2254 1825 2326; x_wconf 83' lang='grc' dir='ltr'>πειθαρχοῦμεν.</span> 
     </span>
    </p>
   </div>
   <div class='ocr_carea' id='block_1_26' title="bbox 249 2345 1826 2419">
    <p class='ocr_par' dir='ltr' id='par_1_26' title="bbox 249 2345 1826 2419">
     <span class='ocr_line' id='line_1_26' title="bbox 249 2345 1826 2419; baseline 0.003 -22"><span class='ocrx_word' id='word_1_185' title='bbox 249 2345 325 2397; x_wconf 76' lang='grc' dir='ltr'><strong>Σὺ</strong></span> <span class='ocrx_word' id='word_1_186' title='bbox 359 2345 493 2408; x_wconf 80' lang='grc' dir='ltr'>Θεὸς</span> <span class='ocrx_word' id='word_1_187' title='bbox 525 2346 758 2417; x_wconf 81' lang='grc' dir='ltr'>πρῶτος·</span> <span class='ocrx_word' id='word_1_188' title='bbox 795 2346 1102 2419; x_wconf 76' lang='grc' dir='ltr'>ἔμπροσθέν</span> <span class='ocrx_word' id='word_1_189' title='bbox 1144 2364 1239 2400; x_wconf 91' lang='grc' dir='ltr'><strong>σου</strong></span> <span class='ocrx_word' id='word_1_190' title='bbox 1270 2348 1369 2401; x_wconf 77' lang='grc' dir='ltr'>οὐκ</span> <span class='ocrx_word' id='word_1_191' title='bbox 1412 2346 1670 2419; x_wconf 82' lang='grc' dir='ltr'>ἐγεννήθη</span> <span class='ocrx_word' id='word_1_192' title='bbox 1717 2347 1826 2419; x_wconf 82' lang='grc'><strong>(56)</strong></span> 
     </span>
    </p>
   </div>
   <div class='ocr_carea' id='block_1_27' title="bbox 250 2429 1826 2507">
    <p class='ocr_par' dir='ltr' id='par_1_27' title="bbox 250 2429 1826 2507">
     <span class='ocr_line' id='line_1_27' title="bbox 250 2429 1826 2507; baseline 0.004 -24"><span class='ocrx_word' id='word_1_193' title='bbox 250 2429 385 2496; x_wconf 86' lang='grc' dir='ltr'>Θεος</span> <span class='ocrx_word' id='word_1_194' title='bbox 416 2432 577 2497; x_wconf 73' lang='grc' dir='ltr'>ἄλλος</span> <span class='ocrx_word' id='word_1_195' title='bbox 608 2436 674 2486; x_wconf 85' lang='grc' dir='ltr'>ὲκ</span> <span class='ocrx_word' id='word_1_196' title='bbox 706 2434 840 2487; x_wconf 79' lang='grc' dir='ltr'>Θεοῦ</span> <span class='ocrx_word' id='word_1_197' title='bbox 876 2436 1109 2507; x_wconf 83' lang='grc' dir='ltr'>Πατρὸς,</span> <span class='ocrx_word' id='word_1_198' title='bbox 1144 2438 1235 2489; x_wconf 75' lang='grc' dir='ltr'>καὶ</span> <span class='ocrx_word' id='word_1_199' title='bbox 1272 2436 1409 2507; x_wconf 78' lang='grc' dir='ltr'>μετά</span> <span class='ocrx_word' id='word_1_200' title='bbox 1443 2437 1503 2490; x_wconf 83' lang='grc' dir='ltr'>σὲ</span> <span class='ocrx_word' id='word_1_201' title='bbox 1548 2437 1647 2491; x_wconf 84' lang='grc' dir='ltr'>οὐκ</span> <span class='ocrx_word' id='word_1_202' title='bbox 1675 2436 1826 2491; x_wconf 77' lang='grc' dir='ltr'>ἔσται</span> 
     </span>
    </p>
   </div>
   <div class='ocr_carea' id='block_1_28' title="bbox 243 2524 1827 2599">
    <p class='ocr_par' dir='ltr' id='par_1_28' title="bbox 243 2524 1827 2599">
     <span class='ocr_line' id='line_1_28' title="bbox 243 2524 1827 2599; baseline 0.001 -19"><span class='ocrx_word' id='word_1_203' title='bbox 243 2524 407 2589; x_wconf 73' lang='grc' dir='ltr'>ἄλλος</span> <span class='ocrx_word' id='word_1_204' title='bbox 443 2525 575 2589; x_wconf 78' lang='grc' dir='ltr'>Υἱὸς</span> <span class='ocrx_word' id='word_1_205' title='bbox 615 2525 695 2597; x_wconf 89' lang='grc' dir='ltr'><strong>τῷ</strong></span> <span class='ocrx_word' id='word_1_206' title='bbox 718 2526 895 2598; x_wconf 75' lang='grc' dir='ltr'>Πατρὶ</span> <span class='ocrx_word' id='word_1_207' title='bbox 934 2527 1217 2598; x_wconf 75' lang='grc' dir='ltr'>όμοούσιος</span> <span class='ocrx_word' id='word_1_208' title='bbox 1258 2529 1350 2580; x_wconf 79' lang='grc' dir='ltr'>καὶ</span> <span class='ocrx_word' id='word_1_209' title='bbox 1385 2528 1663 2599; x_wconf 84' lang='grc' dir='ltr'>ὁμότιμος.</span> <span class='ocrx_word' id='word_1_210' title='bbox 1719 2528 1827 2582; x_wconf 77' lang='grc' dir='ltr'><strong>Καὶ</strong></span> 
     </span>
    </p>
   </div>
   <div class='ocr_carea' id='block_1_29' title="bbox 244 2617 1827 2688">
    <p class='ocr_par' dir='ltr' id='par_1_29' title="bbox 244 2617 1827 2688">
     <span class='ocr_line' id='line_1_29' title="bbox 244 2617 1827 2688; baseline 0.001 -17"><span class='ocrx_word' id='word_1_211' title='bbox 244 2617 315 2671; x_wconf 82' lang='grc' dir='ltr'>τὸ</span> <span class='ocrx_word' id='word_1_212' title='bbox 339 2618 704 2672; x_wconf 79' lang='grc' dir='ltr'>ἐπίστασθαί</span> <span class='ocrx_word' id='word_1_213' title='bbox 731 2635 825 2683; x_wconf 89' lang='grc' dir='ltr'><strong>σε,</strong></span> <span class='ocrx_word' id='word_1_214' title='bbox 858 2622 1192 2688; x_wconf 76' lang='grc' dir='ltr'>ὁλόκληρος</span> <span class='ocrx_word' id='word_1_215' title='bbox 1224 2618 1597 2688; x_wconf 73' lang='grc' dir='ltr'>δικαιοσύνη·</span> <span class='ocrx_word' id='word_1_216' title='bbox 1623 2620 1720 2673; x_wconf 78' lang='grc' dir='ltr'>καὶ</span> <span class='ocrx_word' id='word_1_217' title='bbox 1749 2622 1827 2673; x_wconf 76' lang='grc' dir='ltr'>ει-</span> 
     </span>
    </p>
   </div>
   <div class='ocr_carea' id='block_1_30' title="bbox 241 2706 1826 2780">
    <p class='ocr_par' dir='ltr' id='par_1_30' title="bbox 241 2706 1826 2780">
     <span class='ocr_line' id='line_1_30' title="bbox 241 2706 1826 2780; baseline 0.001 -16"><span class='ocrx_word' id='word_1_218' title='bbox 241 2708 412 2766; x_wconf 75' lang='grc' dir='ltr'>δέναι</span> <span class='ocrx_word' id='word_1_219' title='bbox 441 2727 560 2765; x_wconf 90' lang='grc' dir='ltr'>σου</span> <span class='ocrx_word' id='word_1_220' title='bbox 582 2710 651 2764; x_wconf 83' lang='grc' dir='ltr'>τὸ</span> <span class='ocrx_word' id='word_1_221' title='bbox 681 2711 919 2779; x_wconf 76' lang='grc' dir='ltr'>κράτος,</span> <span class='ocrx_word' id='word_1_222' title='bbox 940 2710 1074 2780; x_wconf 76' lang='grc' dir='ltr'>ῥίζα</span> <span class='ocrx_word' id='word_1_223' title='bbox 1105 2714 1455 2778; x_wconf 80' lang='grc' dir='ltr'>ἀθανασίας.</span> <span class='ocrx_word' id='word_1_224' title='bbox 1490 2712 1561 2764; x_wconf 78' lang='grc' dir='ltr'><strong>Σὺ</strong></span> <span class='ocrx_word' id='word_1_225' title='bbox 1600 2706 1651 2764; x_wconf 86' lang='grc' dir='ltr'>εἷ</span> <span class='ocrx_word' id='word_1_226' title='bbox 1679 2714 1711 2765; x_wconf 85' lang='grc' dir='ltr'><strong>ό</strong></span> <span class='ocrx_word' id='word_1_227' title='bbox 1737 2711 1826 2766; x_wconf 87' lang='grc' dir='ltr'>διὰ</span> 
     </span>
    </p>
   </div>
   <div class='ocr_carea' id='block_1_31' title="bbox 242 2802 1827 2876">
    <p class='ocr_par' dir='ltr' id='par_1_31' title="bbox 242 2802 1827 2876">
     <span class='ocr_line' id='line_1_31' title="bbox 242 2802 1827 2876; baseline 0.002 -20"><span class='ocrx_word' id='word_1_228' title='bbox 242 2802 345 2874; x_wconf 72' lang='grc' dir='ltr'>τὴν</span> <span class='ocrx_word' id='word_1_229' title='bbox 373 2802 650 2874; x_wconf 77' lang='grc' dir='ltr'>ἡμετέραν</span> <span class='ocrx_word' id='word_1_230' title='bbox 682 2804 952 2876; x_wconf 85' lang='grc' dir='ltr'>σωτηρίαν</span> <span class='ocrx_word' id='word_1_231' title='bbox 975 2806 1144 2872; x_wconf 81' lang='grc' dir='ltr'>λίθος</span> <span class='ocrx_word' id='word_1_232' title='bbox 1169 2804 1618 2875; x_wconf 65' lang='grc' dir='ltr'>ἀκρογγυνιαῖος,</span> <span class='ocrx_word' id='word_1_233' title='bbox 1641 2808 1827 2859; x_wconf 79' lang='grc' dir='ltr'>πολυ-</span> 
     </span>
    </p>
   </div>
   <div class='ocr_carea' id='block_1_32' title="bbox 242 2894 1820 2967">
    <p class='ocr_par' dir='ltr' id='par_1_32' title="bbox 242 2894 1820 2967">
     <span class='ocr_line' id='line_1_32' title="bbox 242 2894 1820 2967; baseline 0 -19"><span class='ocrx_word' id='word_1_234' title='bbox 242 2895 427 2962; x_wconf 71' lang='grc' dir='ltr'>τελής</span> <span class='ocrx_word' id='word_1_235' title='bbox 468 2912 533 2949; x_wconf 85' lang='grc' dir='ltr'><strong>τε</strong></span> <span class='ocrx_word' id='word_1_236' title='bbox 578 2894 676 2949; x_wconf 74' lang='grc' dir='ltr'>καὶ</span> <span class='ocrx_word' id='word_1_237' title='bbox 726 2896 999 2965; x_wconf 75' lang='grc' dir='ltr'>ἔντιμος,</span> <span class='ocrx_word' id='word_1_238' title='bbox 1044 2899 1108 2967; x_wconf 85' lang='grc' dir='ltr'><strong>τῇ</strong></span> <span class='ocrx_word' id='word_1_239' title='bbox 1145 2895 1282 2949; x_wconf 87' lang='grc' dir='ltr'>Σιὼν</span> <span class='ocrx_word' id='word_1_240' title='bbox 1314 2895 1820 2967; x_wconf 77' lang='grc' dir='ltr'>προαναγορευθείς.</span> 
     </span>
    </p>
   </div>
   <div class='ocr_carea' id='block_1_33' title="bbox 256 2985 1825 3057">
    <p class='ocr_par' dir='ltr' id='par_1_33' title="bbox 256 2985 1825 3057">
     <span class='ocr_line' id='line_1_33' title="bbox 256 2985 1825 3057; baseline -0.001 -19"><span class='ocrx_word' id='word_1_241' title='bbox 256 2985 657 3057; x_wconf 76' lang='grc' dir='ltr'>Ὑποῦέόληται</span> <span class='ocrx_word' id='word_1_242' title='bbox 701 2986 809 3057; x_wconf 85' lang='grc' dir='ltr'>γάρ</span> <span class='ocrx_word' id='word_1_243' title='bbox 863 3003 946 3039; x_wconf 88' lang='grc' dir='ltr'><strong>σοι</strong></span> <span class='ocrx_word' id='word_1_244' title='bbox 1007 2985 1074 3039; x_wconf 77' lang='grc' dir='ltr'><strong>τὰ</strong></span> <span class='ocrx_word' id='word_1_245' title='bbox 1133 2987 1310 3040; x_wconf 87' lang='grc' dir='ltr'>πάντα</span> <span class='ocrx_word' id='word_1_246' title='bbox 1382 2985 1456 3048; x_wconf 84' lang='grc' dir='ltr'><strong>ὡς</strong></span> <span class='ocrx_word' id='word_1_247' title='bbox 1499 2986 1687 3057; x_wconf 79' lang='grc' dir='ltr'>αἰτίῳ·</span> <span class='ocrx_word' id='word_1_248' title='bbox 1748 2985 1825 3050; x_wconf 88' lang='grc' dir='ltr'>ὡς</span> 
     </span>
    </p>
   </div>
   <div class='ocr_carea' id='block_1_34' title="bbox 242 3072 1824 3148">
    <p class='ocr_par' dir='ltr' id='par_1_34' title="bbox 242 3072 1824 3148">
     <span class='ocr_line' id='line_1_34' title="bbox 242 3072 1824 3148; baseline -0.001 -18"><span class='ocrx_word' id='word_1_249' title='bbox 242 3077 624 3147; x_wconf 76' lang='grc' dir='ltr'>παραγαγόντι</span> <span class='ocrx_word' id='word_1_250' title='bbox 667 3076 735 3130; x_wconf 79' lang='grc' dir='ltr'>τὰ</span> <span class='ocrx_word' id='word_1_251' title='bbox 764 3076 861 3130; x_wconf 86' lang='grc' dir='ltr'>ὅλα</span> <span class='ocrx_word' id='word_1_252' title='bbox 897 3080 962 3130; x_wconf 77' lang='grc' dir='ltr'>ἐκ</span> <span class='ocrx_word' id='word_1_253' title='bbox 995 3075 1069 3148; x_wconf 82' lang='grc' dir='ltr'>μὴ</span> <span class='ocrx_word' id='word_1_254' title='bbox 1104 3077 1273 3131; x_wconf 78' lang='grc' dir='ltr'>ὄντων</span> <span class='ocrx_word' id='word_1_255' title='bbox 1302 3078 1381 3140; x_wconf 85' lang='grc' dir='ltr'><strong>εἰς</strong></span> <span class='ocrx_word' id='word_1_256' title='bbox 1427 3076 1489 3129; x_wconf 76' lang='grc' dir='ltr'>τὸ</span> <span class='ocrx_word' id='word_1_257' title='bbox 1520 3072 1659 3129; x_wconf 75' lang='grc' dir='ltr'>εῖναι</span> <span class='ocrx_word' id='word_1_258' title='bbox 1680 3117 1695 3141; x_wconf 92' lang='grc'><strong>,</strong></span> <span class='ocrx_word' id='word_1_259' title='bbox 1728 3076 1824 3128; x_wconf 79' lang='grc' dir='ltr'>καὶ</span> 
     </span>
    </p>
   </div>
   <div class='ocr_carea' id='block_1_35' title="bbox 243 3166 1823 3240">
    <p class='ocr_par' dir='ltr' id='par_1_35' title="bbox 243 3166 1823 3240">
     <span class='ocr_line' id='line_1_35' title="bbox 243 3166 1823 3240; baseline -0.002 -19"><span class='ocrx_word' id='word_1_260' title='bbox 243 3166 505 3221; x_wconf 85' lang='grc' dir='ltr'>σύστασιν</span> <span class='ocrx_word' id='word_1_261' title='bbox 534 3168 751 3239; x_wconf 75' lang='grc' dir='ltr'>εὐπαγῆ</span> <span class='ocrx_word' id='word_1_262' title='bbox 770 3171 882 3232; x_wconf 86' lang='grc' dir='ltr'>τοῖς</span> <span class='ocrx_word' id='word_1_263' title='bbox 904 3167 1157 3232; x_wconf 84' lang='grc' dir='ltr'>ἀστάτοις</span> <span class='ocrx_word' id='word_1_264' title='bbox 1203 3166 1570 3240; x_wconf 86' lang='grc' dir='ltr'>παρασχόντι·</span> <span class='ocrx_word' id='word_1_265' title='bbox 1596 3166 1670 3231; x_wconf 83' lang='grc' dir='ltr'>ὡς</span> <span class='ocrx_word' id='word_1_266' title='bbox 1701 3184 1823 3220; x_wconf 88' lang='grc' dir='ltr'>συν-</span> 
     </span>
    </p>
   </div>
   <div class='ocr_carea' id='block_1_36' title="bbox 238 3257 1820 3330">
    <p class='ocr_par' dir='ltr' id='par_1_36' title="bbox 238 3257 1820 3330">
     <span class='ocr_line' id='line_1_36' title="bbox 238 3257 1820 3330; baseline 0 -19"><span class='ocrx_word' id='word_1_267' title='bbox 238 3260 341 3330; x_wconf 74' lang='grc' dir='ltr'><strong>οχῇ</strong></span> <span class='ocrx_word' id='word_1_268' title='bbox 392 3260 484 3312; x_wconf 81' lang='grc' dir='ltr'>καὶ</span> <span class='ocrx_word' id='word_1_269' title='bbox 523 3260 736 3330; x_wconf 78' lang='grc' dir='ltr'>φρουρᾷ</span> <span class='ocrx_word' id='word_1_270' title='bbox 780 3258 888 3312; x_wconf 87' lang='grc' dir='ltr'><strong>τῶν</strong></span> <span class='ocrx_word' id='word_1_271' title='bbox 921 3257 1444 3330; x_wconf 85' lang='grc' dir='ltr'>παρενηνεγμένων·</span> <span class='ocrx_word' id='word_1_272' title='bbox 1485 3257 1561 3321; x_wconf 85' lang='grc' dir='ltr'>ὡς</span> <span class='ocrx_word' id='word_1_273' title='bbox 1607 3259 1820 3328; x_wconf 80' lang='grc' dir='ltr'>φύσεων</span> 
     </span>
    </p>
   </div>
   <div class='ocr_carea' id='block_1_37' title="bbox 238 3352 1821 3426">
    <p class='ocr_par' dir='ltr' id='par_1_37' title="bbox 238 3352 1821 3426">
     <span class='ocr_line' id='line_1_37' title="bbox 238 3352 1821 3426; baseline -0.003 -18"><span class='ocrx_word' id='word_1_274' title='bbox 238 3352 513 3425; x_wconf 66' lang='grc' dir='ltr'>διαφόρω</span> <span class='ocrx_word' id='word_1_275' title='bbox 540 3353 857 3426; x_wconf 82' lang='grc' dir='ltr'>δημιουργῷ</span> <span class='ocrx_word' id='word_1_276' title='bbox 876 3371 889 3384; x_wconf 79' lang='grc'><strong><em>⁸</em></strong></span> <span class='ocrx_word' id='word_1_277' title='bbox 934 3353 1009 3417; x_wconf 81' lang='grc' dir='ltr'>ὼς</span> <span class='ocrx_word' id='word_1_278' title='bbox 1036 3353 1335 3417; x_wconf 81' lang='grc' dir='ltr'>οίακίζοντι</span> <span class='ocrx_word' id='word_1_279' title='bbox 1367 3352 1592 3424; x_wconf 83' lang='grc' dir='ltr'>παλάμῃ</span> <span class='ocrx_word' id='word_1_280' title='bbox 1623 3353 1821 3405; x_wconf 85' lang='grc' dir='ltr'>παναλ-</span> 
     </span>
    </p>
   </div>
   <div class='ocr_carea' id='block_1_38' title="bbox 238 3449 1821 3524">
    <p class='ocr_par' dir='ltr' id='par_1_38' title="bbox 238 3449 1821 3524">
     <span class='ocr_line' id='line_1_38' title="bbox 238 3449 1821 3524; baseline 0 -22"><span class='ocrx_word' id='word_1_281' title='bbox 238 3449 480 3521; x_wconf 79' lang='grc' dir='ltr'>κεστάτῃ</span> <span class='ocrx_word' id='word_1_282' title='bbox 518 3451 612 3504; x_wconf 77' lang='grc' dir='ltr'>καὶ</span> <span class='ocrx_word' id='word_1_283' title='bbox 659 3449 1059 3524; x_wconf 78' lang='grc' dir='ltr'>πανσοφωτάτῃ</span> <span class='ocrx_word' id='word_1_284' title='bbox 1084 3449 1152 3504; x_wconf 76' lang='grc' dir='ltr'>τὰ</span> <span class='ocrx_word' id='word_1_285' title='bbox 1194 3450 1514 3520; x_wconf 84' lang='grc' dir='ltr'>σύμπαντα·</span> <span class='ocrx_word' id='word_1_286' title='bbox 1557 3449 1631 3512; x_wconf 87' lang='grc' dir='ltr'><strong>ὡς</strong></span> <span class='ocrx_word' id='word_1_287' title='bbox 1664 3450 1821 3502; x_wconf 75' lang='grc' dir='ltr'>εὐτα-</span> 
     </span>
    </p>
   </div>
   <div class='ocr_carea' id='block_1_39' title="bbox 237 3539 1817 3613">
    <p class='ocr_par' dir='ltr' id='par_1_39' title="bbox 237 3539 1817 3613">
     <span class='ocr_line' id='line_1_39' title="bbox 237 3539 1817 3613; baseline -0.003 -18"><span class='ocrx_word' id='word_1_288' title='bbox 237 3539 362 3607; x_wconf 79' lang='grc' dir='ltr'>ξίας</span> <span class='ocrx_word' id='word_1_289' title='bbox 391 3542 609 3612; x_wconf 83' lang='grc' dir='ltr'>ἁπάσης</span> <span class='ocrx_word' id='word_1_290' title='bbox 653 3541 873 3613; x_wconf 76' lang='grc' dir='ltr'>ῥυθμῷ·</span> <span class='ocrx_word' id='word_1_291' title='bbox 903 3541 977 3606; x_wconf 84' lang='grc' dir='ltr'>ὡς</span> <span class='ocrx_word' id='word_1_292' title='bbox 1006 3541 1324 3613; x_wconf 75' lang='grc' dir='ltr'>συμφωνίας</span> <span class='ocrx_word' id='word_1_293' title='bbox 1351 3541 1443 3594; x_wconf 77' lang='grc' dir='ltr'>καὶ</span> <span class='ocrx_word' id='word_1_294' title='bbox 1470 3541 1692 3611; x_wconf 88' lang='grc' dir='ltr'>εἰρήνης</span> <span class='ocrx_word' id='word_1_295' title='bbox 1721 3540 1817 3609; x_wconf 56' lang='lat' dir='ltr'><strong>es-</strong></span> 
     </span>
    </p>
   </div>
   <div class='ocr_carea' id='block_1_40' title="bbox 237 3632 1816 3709">
    <p class='ocr_par' dir='ltr' id='par_1_40' title="bbox 237 3632 1816 3709">
     <span class='ocr_line' id='line_1_40' title="bbox 237 3632 1816 3709; baseline -0.003 -23"><span class='ocrx_word' id='word_1_296' title='bbox 237 3634 397 3706; x_wconf 78' lang='grc' dir='ltr'>ῥαγεῖ</span> <span class='ocrx_word' id='word_1_297' title='bbox 416 3633 720 3705; x_wconf 81' lang='grc' dir='ltr'>συνδέσμῳ.</span> <span class='ocrx_word' id='word_1_298' title='bbox 752 3635 854 3687; x_wconf 81' lang='grc' dir='ltr'>Ἐν</span> <span class='ocrx_word' id='word_1_299' title='bbox 875 3635 969 3688; x_wconf 82' lang='grc' dir='ltr'>σοὶ</span> <span class='ocrx_word' id='word_1_300' title='bbox 1000 3638 1112 3703; x_wconf 80' lang='grc' dir='ltr'><strong>γὰρ</strong></span> <span class='ocrx_word' id='word_1_301' title='bbox 1129 3632 1331 3703; x_wconf 81' lang='grc' dir='ltr'>ζῶμεν,</span> <span class='ocrx_word' id='word_1_302' title='bbox 1356 3633 1455 3686; x_wconf 80' lang='grc' dir='ltr'>καὶ</span> <span class='ocrx_word' id='word_1_303' title='bbox 1476 3632 1816 3709; x_wconf 59' lang='grc' dir='ltr'>κινούμείξα,</span> 
     </span>
    </p>
   </div>
   <div class='ocr_carea' id='block_1_41' title="bbox 234 3720 1819 3795">
    <p class='ocr_par' dir='ltr' id='par_1_41' title="bbox 234 3720 1819 3795">
     <span class='ocr_line' id='line_1_41' title="bbox 234 3720 1819 3795; baseline -0.004 -17"><span class='ocrx_word' id='word_1_304' title='bbox 234 3726 335 3778; x_wconf 76' lang='grc' dir='ltr'><strong>καί</strong></span> <span class='ocrx_word' id='word_1_305' title='bbox 370 3724 578 3795; x_wconf 80' lang='grc' dir='ltr'>ἐσμέν.</span> <span class='ocrx_word' id='word_1_306' title='bbox 604 3725 922 3795; x_wconf 28' lang='grc' dir='ltr'>Διάδτοῦτο,</span> <span class='ocrx_word' id='word_1_307' title='bbox 961 3727 1139 3795; x_wconf 82' lang='grc' dir='ltr'>Κύριε</span> <span class='ocrx_word' id='word_1_308' title='bbox 1164 3729 1196 3780; x_wconf 89' lang='grc' dir='ltr'><strong>ό</strong></span> <span class='ocrx_word' id='word_1_309' title='bbox 1230 3725 1374 3790; x_wconf 83' lang='grc' dir='ltr'>Θεός</span> <span class='ocrx_word' id='word_1_310' title='bbox 1401 3741 1553 3793; x_wconf 84' lang='grc' dir='ltr'>μου,</span> <span class='ocrx_word' id='word_1_311' title='bbox 1582 3720 1819 3785; x_wconf 78' lang='grc' dir='ltr'>δοξάσω</span> 
     </span>
    </p>
   </div>
   <div class='ocr_carea' id='block_1_42' title="bbox 234 3810 1820 3884">
    <p class='ocr_par' dir='ltr' id='par_1_42' title="bbox 234 3810 1820 3884">
     <span class='ocr_line' id='line_1_42' title="bbox 234 3810 1820 3884; baseline -0.004 -15"><span class='ocrx_word' id='word_1_312' title='bbox 234 3830 334 3879; x_wconf 79' lang='grc' dir='ltr'>σε,</span> <span class='ocrx_word' id='word_1_313' title='bbox 356 3814 609 3883; x_wconf 81' lang='grc' dir='ltr'>ὑμνήσω</span> <span class='ocrx_word' id='word_1_314' title='bbox 632 3814 698 3868; x_wconf 85' lang='grc' dir='ltr'>τὸ</span> <span class='ocrx_word' id='word_1_315' title='bbox 723 3813 909 3884; x_wconf 83' lang='grc' dir='ltr'>ὄνομά</span> <span class='ocrx_word' id='word_1_316' title='bbox 929 3830 1067 3869; x_wconf 89' lang='grc' dir='ltr'>σου·</span> <span class='ocrx_word' id='word_1_317' title='bbox 1084 3815 1171 3867; x_wconf 87' lang='grc' dir='ltr'>ὅτι</span> <span class='ocrx_word' id='word_1_318' title='bbox 1196 3815 1491 3881; x_wconf 81' lang='grc' dir='ltr'>ἐποίησας</span> <span class='ocrx_word' id='word_1_319' title='bbox 1507 3810 1820 3881; x_wconf 81' lang='grc' dir='ltr'>θαυμαστὰ</span> 
     </span>
    </p>
   </div>
   <div class='ocr_carea' id='block_1_43' title="bbox 233 3902 1815 3978">
    <p class='ocr_par' dir='ltr' id='par_1_43' title="bbox 233 3902 1815 3978">
     <span class='ocr_line' id='line_1_43' title="bbox 233 3902 1815 3978; baseline -0.004 -18"><span class='ocrx_word' id='word_1_320' title='bbox 233 3907 550 3978; x_wconf 65' lang='grc' dir='ltr'>πράγματα</span> <span class='ocrx_word' id='word_1_321' title='bbox 568 3948 583 3972; x_wconf 93' lang='grc'><strong>,</strong></span> <span class='ocrx_word' id='word_1_322' title='bbox 621 3906 867 3975; x_wconf 73' lang='grc' dir='ltr'>βουλὴν</span> <span class='ocrx_word' id='word_1_323' title='bbox 891 3907 1148 3975; x_wconf 80' lang='grc' dir='ltr'>ἀρχαίαν</span> <span class='ocrx_word' id='word_1_324' title='bbox 1179 3904 1476 3973; x_wconf 76' lang='grc' dir='ltr'>ἀληθινὴν</span> <span class='ocrx_word' id='word_1_325' title='bbox 1494 3944 1508 3969; x_wconf 91' lang='grc'><strong>,</strong></span> <span class='ocrx_word' id='word_1_326' title='bbox 1531 3902 1815 3972; x_wconf 81' lang='grc' dir='ltr'>ἐξομολό-</span> 
     </span>
    </p>
   </div>
   <div class='ocr_carea' id='block_1_44' title="bbox 234 3992 1817 4067">
    <p class='ocr_par' dir='ltr' id='par_1_44' title="bbox 234 3992 1817 4067">
     <span class='ocr_line' id='line_1_44' title="bbox 234 3992 1817 4067; baseline -0.004 -15"><span class='ocrx_word' id='word_1_327' title='bbox 234 4015 419 4064; x_wconf 85' lang='grc' dir='ltr'>τησιν</span> <span class='ocrx_word' id='word_1_328' title='bbox 458 3999 556 4051; x_wconf 81' lang='grc' dir='ltr'><strong>καί</strong></span> <span class='ocrx_word' id='word_1_329' title='bbox 591 3998 1110 4067; x_wconf 71' lang='grc' dir='ltr'>μεγαλοπρέπειαν</span> <span class='ocrx_word' id='word_1_330' title='bbox 1140 3996 1569 4066; x_wconf 81' lang='grc' dir='ltr'>ἐνδυσάμενος.</span> <span class='ocrx_word' id='word_1_331' title='bbox 1607 3995 1671 4047; x_wconf 92' lang='grc' dir='ltr'>Τί</span> <span class='ocrx_word' id='word_1_332' title='bbox 1708 3992 1817 4063; x_wconf 82' lang='grc' dir='ltr'><strong>γὰρ</strong></span> 
     </span>
    </p>
   </div>
   <div class='ocr_carea' id='block_1_45' title="bbox 235 4085 1816 4160">
    <p class='ocr_par' dir='ltr' id='par_1_45' title="bbox 235 4085 1816 4160">
     <span class='ocr_line' id='line_1_45' title="bbox 235 4085 1816 4160; baseline -0.004 -18"><span class='ocrx_word' id='word_1_333' title='bbox 235 4088 696 4160; x_wconf 77' lang='grc' dir='ltr'>περιφανέστερον</span> <span class='ocrx_word' id='word_1_334' title='bbox 723 4088 933 4159; x_wconf 84' lang='grc' dir='ltr'>βασιλεῖ</span> <span class='ocrx_word' id='word_1_335' title='bbox 954 4087 1351 4160; x_wconf 80' lang='grc' dir='ltr'>περιανθούσης</span> <span class='ocrx_word' id='word_1_336' title='bbox 1371 4085 1698 4158; x_wconf 82' lang='grc' dir='ltr'>πορφυρίδος</span> <span class='ocrx_word' id='word_1_337' title='bbox 1723 4085 1816 4137; x_wconf 84' lang='grc' dir='ltr'>καὶ</span> 
     </span>
    </p>
   </div>
   <div class='ocr_carea' id='block_1_46' title="bbox 233 4177 1817 4253">
    <p class='ocr_par' dir='ltr' id='par_1_46' title="bbox 233 4177 1817 4253">
     <span class='ocr_line' id='line_1_46' title="bbox 233 4177 1817 4253; baseline -0.004 -18"><span class='ocrx_word' id='word_1_338' title='bbox 233 4182 642 4253; x_wconf 84' lang='grc' dir='ltr'>ὲπιλάμποντος</span> <span class='ocrx_word' id='word_1_339' title='bbox 664 4181 992 4252; x_wconf 86' lang='grc' dir='ltr'>διαδήματος</span> <span class='ocrx_word' id='word_1_340' title='bbox 1016 4199 1030 4247; x_wconf 90' lang='grc'>;</span> <span class='ocrx_word' id='word_1_341' title='bbox 1057 4182 1129 4234; x_wconf 81' lang='grc' dir='ltr'><strong>“Η</strong></span> <span class='ocrx_word' id='word_1_342' title='bbox 1161 4181 1212 4234; x_wconf 86' lang='grc' dir='ltr'><strong>τί</strong></span> <span class='ocrx_word' id='word_1_343' title='bbox 1243 4177 1817 4251; x_wconf 83' lang='grc' dir='ltr'>μεγαλοπρεπέστερον</span> 
     </span>
    </p>
   </div>
   <div class='ocr_carea' id='block_1_47' title="bbox 232 4268 1816 4346">
    <p class='ocr_par' dir='ltr' id='par_1_47' title="bbox 232 4268 1816 4346">
     <span class='ocr_line' id='line_1_47' title="bbox 232 4268 1816 4346; baseline -0.006 -18"><span class='ocrx_word' id='word_1_344' title='bbox 232 4275 358 4346; x_wconf 84' lang='grc' dir='ltr'>Θεῷ</span> <span class='ocrx_word' id='word_1_345' title='bbox 390 4272 755 4344; x_wconf 81' lang='grc' dir='ltr'>φιλανθρώπῳ</span> <span class='ocrx_word' id='word_1_346' title='bbox 783 4272 1160 4345; x_wconf 85' lang='grc' dir='ltr'>φιλανθρώπου</span> <span class='ocrx_word' id='word_1_347' title='bbox 1189 4270 1666 4341; x_wconf 77' lang='grc' dir='ltr'>ἐνανθρωπήσεως,</span> <span class='ocrx_word' id='word_1_348' title='bbox 1697 4268 1816 4330; x_wconf 84' lang='grc' dir='ltr'>ταῖς</span> 
     </span>
    </p>
   </div>
   <div class='ocr_carea' id='block_1_48' title="bbox 233 4357 1816 4440">
    <p class='ocr_par' dir='ltr' id='par_1_48' title="bbox 233 4357 1816 4440">
     <span class='ocr_line' id='line_1_48' title="bbox 233 4357 1816 4440; baseline -0.008 -15"><span class='ocrx_word' id='word_1_349' title='bbox 233 4370 707 4440; x_wconf 78' lang='grc' dir='ltr'>παμφανωτάταις</span> <span class='ocrx_word' id='word_1_350' title='bbox 736 4366 1044 4437; x_wconf 76' lang='grc' dir='ltr'>ὲξαυγείαις</span> <span class='ocrx_word' id='word_1_351' title='bbox 1064 4366 1206 4432; x_wconf 85' lang='grc' dir='ltr'>τοὺς</span> <span class='ocrx_word' id='word_1_352' title='bbox 1230 4365 1299 4418; x_wconf 82' lang='grc' dir='ltr'>ἐν</span> <span class='ocrx_word' id='word_1_353' title='bbox 1322 4364 1523 4417; x_wconf 81' lang='grc' dir='ltr'>σκότει</span> <span class='ocrx_word' id='word_1_354' title='bbox 1547 4361 1646 4414; x_wconf 78' lang='grc' dir='ltr'>καὶ</span> <span class='ocrx_word' id='word_1_355' title='bbox 1672 4357 1816 4428; x_wconf 84' lang='grc' dir='ltr'>σκιᾷ</span> 
     </span>
    </p>
   </div>
   <div class='ocr_carea' id='block_1_49' title="bbox 230 4451 1814 4529">
    <p class='ocr_par' dir='ltr' id='par_1_49' title="bbox 230 4451 1814 4529">
     <span class='ocr_line' id='line_1_49' title="bbox 230 4451 1814 4529; baseline -0.009 -12"><span class='ocrx_word' id='word_1_356' title='bbox 230 4460 496 4517; x_wconf 75' lang='grc' dir='ltr'>θανάτου</span> <span class='ocrx_word' id='word_1_357' title='bbox 538 4459 914 4529; x_wconf 80' lang='grc' dir='ltr'>καθημένους</span> <span class='ocrx_word' id='word_1_358' title='bbox 954 4457 1469 4527; x_wconf 79' lang='grc' dir='ltr'>καταλαμπούσης</span> <span class='ocrx_word' id='word_1_359' title='bbox 1488 4470 1506 4518; x_wconf 89' lang='grc'><strong><em>;</em></strong></span> <span class='ocrx_word' id='word_1_360' title='bbox 1554 4453 1663 4506; x_wconf 79' lang='grc' dir='ltr'>Καὶ</span> <span class='ocrx_word' id='word_1_361' title='bbox 1708 4451 1814 4523; x_wconf 78' lang='grc' dir='ltr'>μὴν</span> 
     </span>
    </p>
   </div>
   <div class='ocr_carea' id='block_1_50' title="bbox 1948 521 3509 594">
    <p class='ocr_par' dir='ltr' id='par_1_50' title="bbox 1948 521 3509 594">
     <span class='ocr_line' id='line_1_50' title="bbox 1948 521 3509 594; baseline 0.001 -17"><span class='ocrx_word' id='word_1_362' title='bbox 1948 523 2207 594; x_wconf 79' lang='lat' dir='ltr'><strong>templum</strong></span> <span class='ocrx_word' id='word_1_363' title='bbox 2248 521 2538 592; x_wconf 88' lang='lat' dir='ltr'><strong>attigisset,</strong></span> <span class='ocrx_word' id='word_1_364' title='bbox 2595 522 2889 579; x_wconf 84' lang='lat' dir='ltr'><strong>subvectus</strong></span> <span class='ocrx_word' id='word_1_365' title='bbox 2918 522 3288 594; x_wconf 69' lang='lat' dir='ltr'><strong>intelligentia:</strong></span> <span class='ocrx_word' id='word_1_366' title='bbox 3310 521 3509 591; x_wconf 87' lang='lat' dir='ltr'><strong>oculis,</strong></span> 
     </span>
    </p>
   </div>
   <div class='ocr_carea' id='block_1_51' title="bbox 1946 613 3506 686">
    <p class='ocr_par' dir='ltr' id='par_1_51' title="bbox 1946 613 3506 686">
     <span class='ocr_line' id='line_1_51' title="bbox 1946 613 3506 686; baseline 0.003 -18"><span class='ocrx_word' id='word_1_367' title='bbox 1946 616 2092 669; x_wconf 83' lang='lat' dir='ltr'><strong>velut</strong></span> <span class='ocrx_word' id='word_1_368' title='bbox 2118 615 2230 684; x_wconf 90' lang='lat' dir='ltr'><strong>jam</strong></span> <span class='ocrx_word' id='word_1_369' title='bbox 2274 613 2641 669; x_wconf 89' lang='lat' dir='ltr'><strong>desideratum</strong></span> <span class='ocrx_word' id='word_1_370' title='bbox 2696 614 2941 679; x_wconf 84' lang='lat' dir='ltr'><strong>haberet,</strong></span> <span class='ocrx_word' id='word_1_371' title='bbox 2977 615 3174 685; x_wconf 88' lang='lat' dir='ltr'><strong>gaudio</strong></span> <span class='ocrx_word' id='word_1_372' title='bbox 3219 614 3506 686; x_wconf 77' lang='lat' dir='ltr'><strong>gestiebat.</strong></span> 
     </span>
    </p>
   </div>
   <div class='ocr_carea' id='block_1_52' title="bbox 1948 703 3507 776">
    <p class='ocr_par' dir='ltr' id='par_1_52' title="bbox 1948 703 3507 776">
     <span class='ocr_line' id='line_1_52' title="bbox 1948 703 3507 776; baseline 0.003 -17"><span class='ocrx_word' id='word_1_373' title='bbox 1948 703 2039 760; x_wconf 89' lang='lat' dir='ltr'><strong>Sic</strong></span> <span class='ocrx_word' id='word_1_374' title='bbox 2062 720 2225 775; x_wconf 88' lang='lat' dir='ltr'><strong>porro</strong></span> <span class='ocrx_word' id='word_1_375' title='bbox 2248 714 2424 770; x_wconf 87' lang='lat' dir='ltr'><strong>actus,</strong></span> <span class='ocrx_word' id='word_1_376' title='bbox 2458 721 2521 760; x_wconf 91' lang='lat' dir='ltr'><strong>ac</strong></span> <span class='ocrx_word' id='word_1_377' title='bbox 2552 721 2646 776; x_wconf 88' lang='lat' dir='ltr'><strong>per</strong></span> <span class='ocrx_word' id='word_1_378' title='bbox 2688 705 2889 776; x_wconf 87' lang='lat' dir='ltr'><strong>gradus</strong></span> <span class='ocrx_word' id='word_1_379' title='bbox 2922 706 3205 761; x_wconf 84' lang='lat' dir='ltr'><strong>celerrime</strong></span> <span class='ocrx_word' id='word_1_380' title='bbox 3237 721 3507 762; x_wconf 86' lang='lat' dir='ltr'><strong>conscen-</strong></span> 
     </span>
    </p>
   </div>
   <div class='ocr_carea' id='block_1_53' title="bbox 1945 796 3507 867">
    <p class='ocr_par' dir='ltr' id='par_1_53' title="bbox 1945 796 3507 867">
     <span class='ocr_line' id='line_1_53' title="bbox 1945 796 3507 867; baseline 0 -16"><span class='ocrx_word' id='word_1_381' title='bbox 1945 796 2102 861; x_wconf 88' lang='lat' dir='ltr'><strong>dens,</strong></span> <span class='ocrx_word' id='word_1_382' title='bbox 2159 812 2378 851; x_wconf 88' lang='lat' dir='ltr'><strong>sacrum</strong></span> <span class='ocrx_word' id='word_1_383' title='bbox 2428 797 2692 851; x_wconf 84' lang='lat' dir='ltr'><strong>hactenus</strong></span> <span class='ocrx_word' id='word_1_384' title='bbox 2735 796 3010 866; x_wconf 86' lang='lat' dir='ltr'><strong>penetrale</strong></span> <span class='ocrx_word' id='word_1_385' title='bbox 3070 803 3335 867; x_wconf 85' lang='lat' dir='ltr'><strong>occupat;</strong></span> <span class='ocrx_word' id='word_1_386' title='bbox 3366 804 3507 852; x_wconf 91' lang='lat' dir='ltr'><strong>tem-</strong></span> 
     </span>
    </p>
   </div>
   <div class='ocr_carea' id='block_1_54' title="bbox 1944 886 3507 956">
    <p class='ocr_par' dir='ltr' id='par_1_54' title="bbox 1944 886 3507 956">
     <span class='ocr_line' id='line_1_54' title="bbox 1944 886 3507 956; baseline 0.003 -18"><span class='ocrx_word' id='word_1_387' title='bbox 1944 886 2142 956; x_wconf 87' lang='lat' dir='ltr'><strong>ploque</strong></span> <span class='ocrx_word' id='word_1_388' title='bbox 2171 886 2398 950; x_wconf 88' lang='lat' dir='ltr'><strong>omisso,</strong></span> <span class='ocrx_word' id='word_1_389' title='bbox 2458 886 2632 955; x_wconf 88' lang='lat' dir='ltr'><strong>ipsius</strong></span> <span class='ocrx_word' id='word_1_390' title='bbox 2666 886 2850 956; x_wconf 87' lang='lat' dir='ltr'><strong>templi</strong></span> <span class='ocrx_word' id='word_1_391' title='bbox 2881 886 3097 956; x_wconf 78' lang='lat' dir='ltr'><strong>praesidi</strong></span> <span class='ocrx_word' id='word_1_392' title='bbox 3130 901 3317 943; x_wconf 87' lang='lat' dir='ltr'><strong>sacras</strong></span> <span class='ocrx_word' id='word_1_393' title='bbox 3346 886 3507 943; x_wconf 77' lang='lat' dir='ltr'><strong>ulnas</strong></span> 
     </span>
    </p>
   </div>
   <div class='ocr_carea' id='block_1_55' title="bbox 1942 975 3505 1046">
    <p class='ocr_par' dir='ltr' id='par_1_55' title="bbox 1942 975 3505 1046">
     <span class='ocr_line' id='line_1_55' title="bbox 1942 975 3505 1046; baseline 0 -14"><span class='ocrx_word' id='word_1_394' title='bbox 1942 975 2230 1046; x_wconf 76' lang='lat' dir='ltr'><strong>expandit;</strong></span> <span class='ocrx_word' id='word_1_395' title='bbox 2283 975 2548 1043; x_wconf 85' lang='lat' dir='ltr'><strong>ejusmodi</strong></span> <span class='ocrx_word' id='word_1_396' title='bbox 2588 976 2850 1045; x_wconf 89' lang='lat' dir='ltr'><strong>quosdam</strong></span> <span class='ocrx_word' id='word_1_397' title='bbox 2899 976 3154 1044; x_wconf 72' lang='lat' dir='ltr'><strong>jucundze</strong></span> <span class='ocrx_word' id='word_1_398' title='bbox 3204 975 3505 1033; x_wconf 86' lang='lat' dir='ltr'><strong>celebritati</strong></span> 
     </span>
    </p>
   </div>
   <div class='ocr_carea' id='block_1_56' title="bbox 1942 1066 3507 1138">
    <p class='ocr_par' dir='ltr' id='par_1_56' title="bbox 1942 1066 3507 1138">
     <span class='ocr_line' id='line_1_56' title="bbox 1942 1066 3507 1138; baseline 0.001 -16"><span class='ocrx_word' id='word_1_399' title='bbox 1942 1082 2215 1138; x_wconf 83' lang='lat' dir='ltr'><strong>congruos</strong></span> <span class='ocrx_word' id='word_1_400' title='bbox 2263 1083 2543 1123; x_wconf 85' lang='lat' dir='ltr'><strong>sermones</strong></span> <span class='ocrx_word' id='word_1_401' title='bbox 2593 1068 2806 1121; x_wconf 84' lang='lat' dir='ltr'><strong>cantico</strong></span> <span class='ocrx_word' id='word_1_402' title='bbox 2847 1067 3176 1138; x_wconf 85' lang='lat' dir='ltr'><strong>depromens</strong></span> <span class='ocrx_word' id='word_1_403' title='bbox 3202 1087 3215 1122; x_wconf 92' lang='lat'><strong>:</strong></span> <span class='ocrx_word' id='word_1_404' title='bbox 3242 1066 3320 1124; x_wconf 91' lang='lat' dir='ltr'><strong>Te</strong></span> <span class='ocrx_word' id='word_1_405' title='bbox 3359 1069 3507 1125; x_wconf 86' lang='lat' dir='ltr'><strong>desi-</strong></span> 
     </span>
    </p>
   </div>
   <div class='ocr_carea' id='block_1_57' title="bbox 1939 1157 3503 1230">
    <p class='ocr_par' dir='ltr' id='par_1_57' title="bbox 1939 1157 3503 1230">
     <span class='ocr_line' id='line_1_57' title="bbox 1939 1157 3503 1230; baseline 0.001 -17"><span class='ocrx_word' id='word_1_406' title='bbox 1939 1157 2093 1225; x_wconf 88' lang='lat' dir='ltr'><strong>dero,</strong></span> <span class='ocrx_word' id='word_1_407' title='bbox 2128 1158 2355 1215; x_wconf 87' lang='lat' dir='ltr'><strong>Domine</strong></span> <span class='ocrx_word' id='word_1_408' title='bbox 2400 1160 2542 1215; x_wconf 90' lang='lat' dir='ltr'><strong>Deus</strong></span> <span class='ocrx_word' id='word_1_409' title='bbox 2573 1169 2809 1230; x_wconf 85' lang='lat' dir='ltr'><strong>patrum,</strong></span> <span class='ocrx_word' id='word_1_410' title='bbox 2840 1166 2893 1214; x_wconf 83' lang='lat' dir='ltr'><strong>et</strong></span> <span class='ocrx_word' id='word_1_411' title='bbox 2922 1160 3146 1215; x_wconf 91' lang='lat' dir='ltr'><strong>Domine</strong></span> <span class='ocrx_word' id='word_1_412' title='bbox 3188 1160 3503 1216; x_wconf 87' lang='lat' dir='ltr'><strong>misericor-</strong></span> 
     </span>
    </p>
   </div>
   <div class='ocr_carea' id='block_1_58' title="bbox 1940 1251 3502 1323">
    <p class='ocr_par' dir='ltr' id='par_1_58' title="bbox 1940 1251 3502 1323">
     <span class='ocr_line' id='line_1_58' title="bbox 1940 1251 3502 1323; baseline 0.001 -19"><span class='ocrx_word' id='word_1_413' title='bbox 1940 1251 2073 1318; x_wconf 77' lang='lat' dir='ltr'><strong>diae;</strong></span> <span class='ocrx_word' id='word_1_414' title='bbox 2110 1252 2203 1321; x_wconf 84' lang='lat' dir='ltr'><strong>qui</strong></span> <span class='ocrx_word' id='word_1_415' title='bbox 2232 1259 2324 1305; x_wconf 88' lang='lat' dir='ltr'><strong>tua</strong></span> <span class='ocrx_word' id='word_1_416' title='bbox 2358 1253 2476 1323; x_wconf 92' lang='lat' dir='ltr'><strong>ipse</strong></span> <span class='ocrx_word' id='word_1_417' title='bbox 2507 1253 2773 1308; x_wconf 87' lang='lat' dir='ltr'><strong>sententia</strong></span> <span class='ocrx_word' id='word_1_418' title='bbox 2805 1260 2859 1306; x_wconf 90' lang='lat' dir='ltr'><strong>et</strong></span> <span class='ocrx_word' id='word_1_419' title='bbox 2891 1251 3110 1317; x_wconf 83' lang='lat' dir='ltr'><strong>virtute,</strong></span> <span class='ocrx_word' id='word_1_420' title='bbox 3139 1261 3198 1306; x_wconf 92' lang='lat' dir='ltr'><strong>ut</strong></span> <span class='ocrx_word' id='word_1_421' title='bbox 3225 1266 3330 1322; x_wconf 88' lang='lat' dir='ltr'><strong>qua</strong></span> <span class='ocrx_word' id='word_1_422' title='bbox 3373 1267 3502 1322; x_wconf 80' lang='lat' dir='ltr'><strong>pro-</strong></span> 
     </span>
    </p>
   </div>
   <div class='ocr_carea' id='block_1_59' title="bbox 1938 1342 3503 1413">
    <p class='ocr_par' dir='ltr' id='par_1_59' title="bbox 1938 1342 3503 1413">
     <span class='ocr_line' id='line_1_59' title="bbox 1938 1342 3503 1413; baseline 0.002 -18"><span class='ocrx_word' id='word_1_423' title='bbox 1938 1342 2122 1398; x_wconf 78' lang='lat' dir='ltr'><strong>videas</strong></span> <span class='ocrx_word' id='word_1_424' title='bbox 2155 1344 2426 1406; x_wconf 88' lang='lat' dir='ltr'><strong>omnibus,</strong></span> <span class='ocrx_word' id='word_1_425' title='bbox 2458 1342 2771 1413; x_wconf 83' lang='lat' dir='ltr'><strong>dignatione</strong></span> <span class='ocrx_word' id='word_1_426' title='bbox 2819 1343 2909 1397; x_wconf 90' lang='lat' dir='ltr'><strong>illa</strong></span> <span class='ocrx_word' id='word_1_427' title='bbox 2938 1358 3044 1412; x_wconf 91' lang='lat' dir='ltr'><strong>qua</strong></span> <span class='ocrx_word' id='word_1_428' title='bbox 3072 1352 3124 1399; x_wconf 88' lang='lat' dir='ltr'><strong>te</strong></span> <span class='ocrx_word' id='word_1_429' title='bbox 3153 1343 3312 1399; x_wconf 91' lang='lat' dir='ltr'><strong>nobis</strong></span> <span class='ocrx_word' id='word_1_430' title='bbox 3340 1344 3503 1398; x_wconf 85' lang='lat' dir='ltr'><strong>incli-</strong></span> 
     </span>
    </p>
   </div>
   <div class='ocr_carea' id='block_1_60' title="bbox 1936 1434 3498 1505">
    <p class='ocr_par' dir='ltr' id='par_1_60' title="bbox 1936 1434 3498 1505">
     <span class='ocr_line' id='line_1_60' title="bbox 1936 1434 3498 1505; baseline 0.002 -17"><span class='ocrx_word' id='word_1_431' title='bbox 1936 1450 2057 1499; x_wconf 90' lang='lat' dir='ltr'><strong>nas,</strong></span> <span class='ocrx_word' id='word_1_432' title='bbox 2093 1450 2190 1490; x_wconf 92' lang='lat' dir='ltr'><strong>ceu</strong></span> <span class='ocrx_word' id='word_1_433' title='bbox 2228 1444 2508 1505; x_wconf 83' lang='lat' dir='ltr'><strong>sequestra</strong></span> <span class='ocrx_word' id='word_1_434' title='bbox 2557 1436 2775 1490; x_wconf 74' lang='lat' dir='ltr'><strong>frederis</strong></span> <span class='ocrx_word' id='word_1_435' title='bbox 2800 1434 3201 1501; x_wconf 81' lang='lat' dir='ltr'><strong>conciliatione,</strong></span> <span class='ocrx_word' id='word_1_436' title='bbox 3245 1436 3498 1492; x_wconf 65' lang='lat' dir='ltr'><strong>caelestes</strong></span> 
     </span>
    </p>
   </div>
   <div class='ocr_carea' id='block_1_61' title="bbox 1938 1525 3498 1596">
    <p class='ocr_par' dir='ltr' id='par_1_61' title="bbox 1938 1525 3498 1596">
     <span class='ocr_line' id='line_1_61' title="bbox 1938 1525 3498 1596; baseline 0.003 -18"><span class='ocrx_word' id='word_1_437' title='bbox 1938 1525 2081 1578; x_wconf 84' lang='lat' dir='ltr'><strong>inter</strong></span> <span class='ocrx_word' id='word_1_438' title='bbox 2112 1526 2541 1596; x_wconf 86' lang='lat' dir='ltr'><strong>terrigenasque,</strong></span> <span class='ocrx_word' id='word_1_439' title='bbox 2585 1526 2878 1579; x_wconf 83' lang='lat' dir='ltr'><strong>amicitiam</strong></span> <span class='ocrx_word' id='word_1_440' title='bbox 2918 1526 3243 1581; x_wconf 89' lang='lat' dir='ltr'><strong>concordem</strong></span> <span class='ocrx_word' id='word_1_441' title='bbox 3285 1542 3498 1583; x_wconf 72' lang='lat' dir='ltr'><strong>sancrre</strong></span> 
     </span>
    </p>
   </div>
   <div class='ocr_carea' id='block_1_62' title="bbox 1933 1615 3493 1687">
    <p class='ocr_par' dir='ltr' id='par_1_62' title="bbox 1933 1615 3493 1687">
     <span class='ocr_line' id='line_1_62' title="bbox 1933 1615 3493 1687; baseline 0.002 -19"><span class='ocrx_word' id='word_1_442' title='bbox 1933 1616 2176 1672; x_wconf 81' lang='lat' dir='ltr'><strong>voluisti.</strong></span> <span class='ocrx_word' id='word_1_443' title='bbox 2226 1615 2302 1672; x_wconf 88' lang='lat' dir='ltr'><strong>Te</strong></span> <span class='ocrx_word' id='word_1_444' title='bbox 2334 1632 2515 1687; x_wconf 69' lang='lat' dir='ltr'><strong>quaero</strong></span> <span class='ocrx_word' id='word_1_445' title='bbox 2554 1618 2729 1687; x_wconf 87' lang='lat' dir='ltr'><strong>ipsum</strong></span> <span class='ocrx_word' id='word_1_446' title='bbox 2779 1622 3055 1671; x_wconf 89' lang='lat' dir='ltr'><strong>auctorem</strong></span> <span class='ocrx_word' id='word_1_447' title='bbox 3094 1618 3493 1674; x_wconf 81' lang='lat' dir='ltr'><strong>universorum.</strong></span> 
     </span>
    </p>
   </div>
   <div class='ocr_carea' id='block_1_63' title="bbox 1936 1705 3498 1779">
    <p class='ocr_par' dir='ltr' id='par_1_63' title="bbox 1936 1705 3498 1779">
     <span class='ocr_line' id='line_1_63' title="bbox 1936 1705 3498 1779; baseline 0.003 -19"><span class='ocrx_word' id='word_1_448' title='bbox 1936 1705 2073 1761; x_wconf 89' lang='lat' dir='ltr'><strong>Tota</strong></span> <span class='ocrx_word' id='word_1_449' title='bbox 2105 1715 2159 1763; x_wconf 89' lang='lat' dir='ltr'><strong>te</strong></span> <span class='ocrx_word' id='word_1_450' title='bbox 2187 1708 2486 1779; x_wconf 86' lang='lat' dir='ltr'><strong>cupiditate</strong></span> <span class='ocrx_word' id='word_1_451' title='bbox 2522 1716 2796 1779; x_wconf 81' lang='lat' dir='ltr'><strong>exspecto,</strong></span> <span class='ocrx_word' id='word_1_452' title='bbox 2839 1710 2931 1779; x_wconf 92' lang='lat' dir='ltr'><strong>qui</strong></span> <span class='ocrx_word' id='word_1_453' title='bbox 2966 1725 3215 1765; x_wconf 90' lang='lat' dir='ltr'><strong>sermone</strong></span> <span class='ocrx_word' id='word_1_454' title='bbox 3250 1710 3498 1765; x_wconf 86' lang='lat' dir='ltr'><strong>contines</strong></span> 
     </span>
    </p>
   </div>
   <div class='ocr_carea' id='block_1_64' title="bbox 1937 1799 3499 1872">
    <p class='ocr_par' dir='ltr' id='par_1_64' title="bbox 1937 1799 3499 1872">
     <span class='ocr_line' id='line_1_64' title="bbox 1937 1799 3499 1872; baseline 0.003 -19"><span class='ocrx_word' id='word_1_455' title='bbox 1937 1800 2141 1855; x_wconf 88' lang='lat' dir='ltr'><strong>omnia.</strong></span> <span class='ocrx_word' id='word_1_456' title='bbox 2194 1799 2270 1856; x_wconf 89' lang='lat' dir='ltr'><strong>Te</strong></span> <span class='ocrx_word' id='word_1_457' title='bbox 2313 1802 2621 1871; x_wconf 84' lang='lat' dir='ltr'><strong>praestolor,</strong></span> <span class='ocrx_word' id='word_1_458' title='bbox 2672 1801 2796 1858; x_wconf 66' lang='lat' dir='ltr'><strong>vitae</strong></span> <span class='ocrx_word' id='word_1_459' title='bbox 2846 1803 3146 1872; x_wconf 90' lang='lat' dir='ltr'><strong>mortisque</strong></span> <span class='ocrx_word' id='word_1_460' title='bbox 3193 1802 3499 1857; x_wconf 89' lang='lat' dir='ltr'><strong>dominato-</strong></span> 
     </span>
    </p>
   </div>
   <div class='ocr_carea' id='block_1_65' title="bbox 1932 1892 3494 1964">
    <p class='ocr_par' dir='ltr' id='par_1_65' title="bbox 1932 1892 3494 1964">
     <span class='ocr_line' id='line_1_65' title="bbox 1932 1892 3494 1964; baseline 0.002 -18"><span class='ocrx_word' id='word_1_461' title='bbox 1932 1907 2066 1947; x_wconf 91' lang='lat' dir='ltr'><strong>rem.</strong></span> <span class='ocrx_word' id='word_1_462' title='bbox 2102 1892 2179 1947; x_wconf 88' lang='lat' dir='ltr'><strong>Te</strong></span> <span class='ocrx_word' id='word_1_463' title='bbox 2223 1895 2465 1949; x_wconf 88' lang='lat' dir='ltr'><strong>sustineo</strong></span> <span class='ocrx_word' id='word_1_464' title='bbox 2493 1892 2733 1947; x_wconf 88' lang='lat' dir='ltr'><strong>datorem</strong></span> <span class='ocrx_word' id='word_1_465' title='bbox 2783 1893 2938 1963; x_wconf 82' lang='lat' dir='ltr'><strong>legis,</strong></span> <span class='ocrx_word' id='word_1_466' title='bbox 2978 1894 3333 1964; x_wconf 85' lang='lat' dir='ltr'><strong>ejusdemque</strong></span> <span class='ocrx_word' id='word_1_467' title='bbox 3362 1908 3494 1949; x_wconf 87' lang='lat' dir='ltr'><strong>suc-</strong></span> 
     </span>
    </p>
   </div>
   <div class='ocr_carea' id='block_1_66' title="bbox 1934 1983 3486 2053">
    <p class='ocr_par' dir='ltr' id='par_1_66' title="bbox 1934 1983 3486 2053">
     <span class='ocr_line' id='line_1_66' title="bbox 1934 1983 3486 2053; baseline 0.001 -14"><span class='ocrx_word' id='word_1_468' title='bbox 1934 1999 2228 2041; x_wconf 89' lang='lat' dir='ltr'><strong>cessorem.</strong></span> <span class='ocrx_word' id='word_1_469' title='bbox 2279 1983 2354 2040; x_wconf 88' lang='lat' dir='ltr'><strong>Te</strong></span> <span class='ocrx_word' id='word_1_470' title='bbox 2394 1985 2610 2049; x_wconf 84' lang='lat' dir='ltr'><strong>esurio,</strong></span> <span class='ocrx_word' id='word_1_471' title='bbox 2662 1984 2754 2053; x_wconf 89' lang='lat' dir='ltr'><strong>qui</strong></span> <span class='ocrx_word' id='word_1_472' title='bbox 2807 1984 3048 2041; x_wconf 82' lang='lat' dir='ltr'><strong>viviﬁcas</strong></span> <span class='ocrx_word' id='word_1_473' title='bbox 3089 1992 3354 2041; x_wconf 89' lang='lat' dir='ltr'><strong>mortuos.</strong></span> <span class='ocrx_word' id='word_1_474' title='bbox 3399 1986 3486 2040; x_wconf 81' lang='lat' dir='ltr'><strong>Si-</strong></span> 
     </span>
    </p>
   </div>
   <div class='ocr_carea' id='block_1_67' title="bbox 1932 2075 3483 2148">
    <p class='ocr_par' dir='ltr' id='par_1_67' title="bbox 1932 2075 3483 2148">
     <span class='ocr_line' id='line_1_67' title="bbox 1932 2075 3483 2148; baseline 0.003 -19"><span class='ocrx_word' id='word_1_475' title='bbox 1932 2077 2009 2130; x_wconf 93' lang='lat' dir='ltr'><strong>tio</strong></span> <span class='ocrx_word' id='word_1_476' title='bbox 2042 2084 2114 2138; x_wconf 87' lang='lat' dir='ltr'><strong>te,</strong></span> <span class='ocrx_word' id='word_1_477' title='bbox 2151 2075 2567 2148; x_wconf 79' lang='lat' dir='ltr'><strong>deiatigatorum</strong></span> <span class='ocrx_word' id='word_1_478' title='bbox 2596 2075 2971 2145; x_wconf 70' lang='lat' dir='ltr'><strong>refrigerium.</strong></span> <span class='ocrx_word' id='word_1_479' title='bbox 3010 2075 3087 2132; x_wconf 88' lang='lat' dir='ltr'><strong>Te</strong></span> <span class='ocrx_word' id='word_1_480' title='bbox 3131 2079 3483 2148; x_wconf 85' lang='lat' dir='ltr'><strong>concupisco,</strong></span> 
     </span>
    </p>
   </div>
   <div class='ocr_carea' id='block_1_68' title="bbox 1933 2146 3496 2252">
    <p class='ocr_par' dir='ltr' id='par_1_68' title="bbox 1933 2146 3496 2252">
     <span class='ocr_line' id='line_1_68' title="bbox 1933 2146 3496 2252; baseline 0.001 -30"><span class='ocrx_word' id='word_1_481' title='bbox 1933 2169 2122 2224; x_wconf 91' lang='lat' dir='ltr'><strong>mundi</strong></span> <span class='ocrx_word' id='word_1_482' title='bbox 2157 2146 2459 2252; x_wconf 41' lang='lat' dir='ltr'><strong>creator&#39;eni</strong></span> <span class='ocrx_word' id='word_1_483' title='bbox 2508 2168 3031 2252; x_wconf 67' lang='lat' dir='ltr'><strong>redemptoremque.</strong></span> <span class='ocrx_word' id='word_1_484' title='bbox 3062 2166 3161 2231; x_wconf 69' lang='lat' dir='ltr'><strong>,Tu</strong></span> <span class='ocrx_word' id='word_1_485' title='bbox 3207 2146 3353 2225; x_wconf 84' lang='lat' dir='ltr'><strong>Deus</strong></span> <span class='ocrx_word' id='word_1_486' title='bbox 3396 2175 3496 2224; x_wconf 66' lang='lat' dir='ltr'><strong>nol</strong></span> 
     </span>
    </p>
   </div>
   <div class='ocr_carea' id='block_1_69' title="bbox 1931 2242 3535 2341">
    <p class='ocr_par' dir='ltr' id='par_1_69' title="bbox 1931 2242 3535 2341">
     <span class='ocr_line' id='line_1_69' title="bbox 1931 2242 3535 2341; baseline 0.001 -26"><span class='ocrx_word' id='word_1_487' title='bbox 1931 2268 2075 2329; x_wconf 89' lang='lat' dir='ltr'><strong>ster;</strong></span> <span class='ocrx_word' id='word_1_488' title='bbox 2111 2268 2273 2332; x_wconf 87' lang='lat' dir='ltr'><strong>teque</strong></span> <span class='ocrx_word' id='word_1_489' title='bbox 2305 2242 2645 2341; x_wconf 30' lang='lat' dir='ltr'><strong>adoramus...</strong></span> <span class='ocrx_word' id='word_1_490' title='bbox 2670 2256 2751 2312; x_wconf 91' lang='lat' dir='ltr'><strong>Tu</strong></span> <span class='ocrx_word' id='word_1_491' title='bbox 2802 2242 3050 2335; x_wconf 80' lang='lat' dir='ltr'><strong>sanctum</strong></span> <span class='ocrx_word' id='word_1_492' title='bbox 3094 2262 3494 2341; x_wconf 56' lang='lat' dir='ltr'><strong>tetnplumlno—</strong></span> <span class='ocrx_word' id='word_1_493' title='bbox 3518 2272 3535 2288; x_wconf 64' lang='grc' dir='ltr'><strong><em>ί</em></strong></span> 
     </span>
    </p>
   </div>
   <div class='ocr_carea' id='block_1_70' title="bbox 1930 2333 3515 2420">
    <p class='ocr_par' dir='ltr' id='par_1_70' title="bbox 1930 2333 3515 2420">
     <span class='ocr_line' id='line_1_70' title="bbox 1930 2333 3515 2420; baseline 0.004 -17"><span class='ocrx_word' id='word_1_494' title='bbox 1930 2357 2140 2416; x_wconf 91' lang='lat' dir='ltr'><strong>strum;</strong></span> <span class='ocrx_word' id='word_1_495' title='bbox 2189 2358 2421 2420; x_wconf 86' lang='lat' dir='ltr'><strong>votaque</strong></span> <span class='ocrx_word' id='word_1_496' title='bbox 2466 2351 2521 2402; x_wconf 93' lang='lat' dir='ltr'><strong>in</strong></span> <span class='ocrx_word' id='word_1_497' title='bbox 2566 2333 2949 2404; x_wconf 58' lang='lat' dir='ltr'><strong>te&#39;l&#39;aciemus.</strong></span> <span class='ocrx_word' id='word_1_498' title='bbox 2976 2333 3057 2403; x_wconf 89' lang='lat' dir='ltr'><strong>Tu</strong></span> <span class='ocrx_word' id='word_1_499' title='bbox 3102 2333 3279 2420; x_wconf 75' lang='lat' dir='ltr'><strong>legum</strong></span> <span class='ocrx_word' id='word_1_500' title='bbox 3312 2351 3515 2415; x_wconf 73' lang='lat' dir='ltr'><strong>lator;,</strong></span> 
     </span>
    </p>
   </div>
   <div class='ocr_carea' id='block_1_71' title="bbox 1928 2440 3492 2511">
    <p class='ocr_par' dir='ltr' id='par_1_71' title="bbox 1928 2440 3492 2511">
     <span class='ocr_line' id='line_1_71' title="bbox 1928 2440 3492 2511; baseline 0.001 -17"><span class='ocrx_word' id='word_1_501' title='bbox 1928 2440 2139 2510; x_wconf 85' lang='lat' dir='ltr'><strong>tibique</strong></span> <span class='ocrx_word' id='word_1_502' title='bbox 2181 2442 2702 2511; x_wconf 84' lang='lat' dir='ltr'><strong>obtemperabimus.</strong></span> <span class='ocrx_word' id='word_1_503' title='bbox 2739 2440 2818 2495; x_wconf 91' lang='lat' dir='ltr'><strong>Tu</strong></span> <span class='ocrx_word' id='word_1_504' title='bbox 2841 2440 2983 2495; x_wconf 87' lang='lat' dir='ltr'><strong>Deus</strong></span> <span class='ocrx_word' id='word_1_505' title='bbox 3009 2441 3255 2510; x_wconf 83' lang='lat' dir='ltr'><strong>primus;</strong></span> <span class='ocrx_word' id='word_1_506' title='bbox 3286 2449 3411 2496; x_wconf 86' lang='lat' dir='ltr'><strong>ante</strong></span> <span class='ocrx_word' id='word_1_507' title='bbox 3438 2451 3492 2495; x_wconf 88' lang='lat' dir='ltr'><strong>te</strong></span> 
     </span>
    </p>
   </div>
   <div class='ocr_carea' id='block_1_72' title="bbox 1927 2530 3489 2601">
    <p class='ocr_par' dir='ltr' id='par_1_72' title="bbox 1927 2530 3489 2601">
     <span class='ocr_line' id='line_1_72' title="bbox 1927 2530 3489 2601; baseline 0.001 -17"><span class='ocrx_word' id='word_1_508' title='bbox 1927 2546 2035 2584; x_wconf 92' lang='lat' dir='ltr'><strong>non</strong></span> <span class='ocrx_word' id='word_1_509' title='bbox 2066 2540 2150 2586; x_wconf 87' lang='lat' dir='ltr'><strong>est</strong></span> <span class='ocrx_word' id='word_1_510' title='bbox 2173 2543 2333 2586; x_wconf 89' lang='lat' dir='ltr'><strong>natus</strong></span> <span class='ocrx_word' id='word_1_511' title='bbox 2360 2531 2504 2586; x_wconf 86' lang='lat' dir='ltr'><strong>Deus</strong></span> <span class='ocrx_word' id='word_1_512' title='bbox 2533 2532 2673 2587; x_wconf 87' lang='lat' dir='ltr'><strong>alius</strong></span> <span class='ocrx_word' id='word_1_513' title='bbox 2698 2547 2764 2586; x_wconf 81' lang='lat' dir='ltr'><strong>ex</strong></span> <span class='ocrx_word' id='word_1_514' title='bbox 2803 2531 2914 2587; x_wconf 82' lang='lat' dir='ltr'><strong>Deo</strong></span> <span class='ocrx_word' id='word_1_515' title='bbox 2944 2530 3104 2586; x_wconf 90' lang='lat' dir='ltr'><strong>Patre</strong></span> <span class='ocrx_word' id='word_1_516' title='bbox 3127 2530 3202 2594; x_wconf 76' lang='lat' dir='ltr'><strong>“z</strong></span> <span class='ocrx_word' id='word_1_517' title='bbox 3233 2547 3334 2586; x_wconf 85' lang='lat' dir='ltr'><strong>nec</strong></span> <span class='ocrx_word' id='word_1_518' title='bbox 3366 2540 3489 2601; x_wconf 79' lang='lat' dir='ltr'><strong>post</strong></span> 
     </span>
    </p>
   </div>
   <div class='ocr_carea' id='block_1_73' title="bbox 1926 2621 3490 2687">
    <p class='ocr_par' dir='ltr' id='par_1_73' title="bbox 1926 2621 3490 2687">
     <span class='ocr_line' id='line_1_73' title="bbox 1926 2621 3490 2687; baseline -0.001 -9"><span class='ocrx_word' id='word_1_519' title='bbox 1926 2632 1981 2678; x_wconf 92' lang='lat' dir='ltr'><strong>te</strong></span> <span class='ocrx_word' id='word_1_520' title='bbox 2010 2622 2227 2678; x_wconf 84' lang='lat' dir='ltr'><strong>futurus</strong></span> <span class='ocrx_word' id='word_1_521' title='bbox 2250 2630 2334 2678; x_wconf 91' lang='lat' dir='ltr'><strong>est</strong></span> <span class='ocrx_word' id='word_1_522' title='bbox 2365 2624 2505 2677; x_wconf 90' lang='lat' dir='ltr'><strong>alius</strong></span> <span class='ocrx_word' id='word_1_523' title='bbox 2527 2621 2698 2677; x_wconf 86' lang='lat' dir='ltr'><strong>Filius</strong></span> <span class='ocrx_word' id='word_1_524' title='bbox 2722 2622 2867 2675; x_wconf 82' lang='lat' dir='ltr'><strong>Patri</strong></span> <span class='ocrx_word' id='word_1_525' title='bbox 2899 2622 3406 2687; x_wconf 87' lang='lat' dir='ltr'><strong>consubstantialis,</strong></span> <span class='ocrx_word' id='word_1_526' title='bbox 3433 2633 3490 2678; x_wconf 87' lang='lat' dir='ltr'><strong>et</strong></span> 
     </span>
    </p>
   </div>
   <div class='ocr_carea' id='block_1_74' title="bbox 1926 2712 3493 2784">
    <p class='ocr_par' dir='ltr' id='par_1_74' title="bbox 1926 2712 3493 2784">
     <span class='ocr_line' id='line_1_74' title="bbox 1926 2712 3493 2784; baseline 0 -15"><span class='ocrx_word' id='word_1_527' title='bbox 1926 2713 2171 2783; x_wconf 83' lang='lat' dir='ltr'><strong>ejusdem</strong></span> <span class='ocrx_word' id='word_1_528' title='bbox 2203 2728 2327 2767; x_wconf 91' lang='lat' dir='ltr'><strong>cum</strong></span> <span class='ocrx_word' id='word_1_529' title='bbox 2376 2714 2495 2784; x_wconf 90' lang='lat' dir='ltr'><strong>ipso</strong></span> <span class='ocrx_word' id='word_1_530' title='bbox 2548 2713 2751 2783; x_wconf 65' lang='lat' dir='ltr'><strong>gloriae.</strong></span> <span class='ocrx_word' id='word_1_531' title='bbox 2794 2712 2968 2783; x_wconf 82' lang='lat' dir='ltr'><strong>Atque</strong></span> <span class='ocrx_word' id='word_1_532' title='bbox 3018 2729 3167 2768; x_wconf 83' lang='lat' dir='ltr'><strong>nosse</strong></span> <span class='ocrx_word' id='word_1_533' title='bbox 3212 2724 3279 2781; x_wconf 87' lang='lat' dir='ltr'><strong>te,</strong></span> <span class='ocrx_word' id='word_1_534' title='bbox 3319 2715 3493 2769; x_wconf 86' lang='lat' dir='ltr'><strong>solida</strong></span> 
     </span>
    </p>
   </div>
   <div class='ocr_carea' id='block_1_75' title="bbox 1917 2804 3490 2875">
    <p class='ocr_par' dir='ltr' id='par_1_75' title="bbox 1917 2804 3490 2875">
     <span class='ocr_line' id='line_1_75' title="bbox 1917 2804 3490 2875; baseline 0.001 -16"><span class='ocrx_word' id='word_1_535' title='bbox 1917 2805 2132 2875; x_wconf 85' lang='lat' dir='ltr'><strong>justilia</strong></span> <span class='ocrx_word' id='word_1_536' title='bbox 2158 2816 2234 2860; x_wconf 89' lang='lat' dir='ltr'><strong>est</strong></span> <span class='ocrx_word' id='word_1_537' title='bbox 2263 2822 2281 2860; x_wconf 91' lang='lat'><strong><em>:</em></strong></span> <span class='ocrx_word' id='word_1_538' title='bbox 2315 2815 2555 2875; x_wconf 84' lang='lat' dir='ltr'><strong>tuamque</strong></span> <span class='ocrx_word' id='word_1_539' title='bbox 2583 2806 2716 2859; x_wconf 80' lang='lat' dir='ltr'><strong>scire</strong></span> <span class='ocrx_word' id='word_1_540' title='bbox 2752 2805 3058 2875; x_wconf 80' lang='lat' dir='ltr'><strong>potentiam,</strong></span> <span class='ocrx_word' id='word_1_541' title='bbox 3092 2804 3248 2858; x_wconf 74' lang='lat' dir='ltr'><strong>radix</strong></span> <span class='ocrx_word' id='word_1_542' title='bbox 3276 2806 3490 2862; x_wconf 82' lang='lat' dir='ltr'><strong>immor-</strong></span> 
     </span>
    </p>
   </div>
   <div class='ocr_carea' id='block_1_76' title="bbox 1927 2894 3493 2965">
    <p class='ocr_par' dir='ltr' id='par_1_76' title="bbox 1927 2894 3493 2965">
     <span class='ocr_line' id='line_1_76' title="bbox 1927 2894 3493 2965; baseline 0.002 -15"><span class='ocrx_word' id='word_1_543' title='bbox 1927 2897 2157 2951; x_wconf 80' lang='lat' dir='ltr'><strong>talitatis</strong></span> <span class='ocrx_word' id='word_1_544' title='bbox 2184 2896 2253 2952; x_wconf 67' lang='grc'><strong>⁸⁵.</strong></span> <span class='ocrx_word' id='word_1_545' title='bbox 2286 2894 2368 2952; x_wconf 83' lang='lat' dir='ltr'><strong>Tu</strong></span> <span class='ocrx_word' id='word_1_546' title='bbox 2410 2905 2613 2951; x_wconf 75' lang='lat' dir='ltr'><strong>nostra:</strong></span> <span class='ocrx_word' id='word_1_547' title='bbox 2652 2896 2845 2952; x_wconf 88' lang='lat' dir='ltr'><strong>salutis</strong></span> <span class='ocrx_word' id='word_1_548' title='bbox 2875 2911 3061 2960; x_wconf 84' lang='lat' dir='ltr'><strong>causa,</strong></span> <span class='ocrx_word' id='word_1_549' title='bbox 3101 2896 3237 2965; x_wconf 84' lang='lat' dir='ltr'><strong>lapis</strong></span> <span class='ocrx_word' id='word_1_550' title='bbox 3276 2898 3365 2952; x_wconf 86' lang='lat' dir='ltr'><strong>ille</strong></span> <span class='ocrx_word' id='word_1_551' title='bbox 3394 2914 3493 2953; x_wconf 85' lang='lat' dir='ltr'><strong>an-</strong></span> 
     </span>
    </p>
   </div>
   <div class='ocr_carea' id='block_1_77' title="bbox 1924 2986 3490 3059">
    <p class='ocr_par' dir='ltr' id='par_1_77' title="bbox 1924 2986 3490 3059">
     <span class='ocr_line' id='line_1_77' title="bbox 1924 2986 3490 3059; baseline 0.001 -17"><span class='ocrx_word' id='word_1_552' title='bbox 1924 2989 2130 3059; x_wconf 76' lang='lat' dir='ltr'><strong>gularia</strong></span> <span class='ocrx_word' id='word_1_553' title='bbox 2164 2990 2456 3059; x_wconf 72' lang='lat' dir='ltr'><strong>exquisitas</strong></span> <span class='ocrx_word' id='word_1_554' title='bbox 2490 2998 2538 3042; x_wconf 87' lang='lat' dir='ltr'><strong>et</strong></span> <span class='ocrx_word' id='word_1_555' title='bbox 2571 2991 2831 3058; x_wconf 84' lang='lat' dir='ltr'><strong>pretiosus</strong></span> <span class='ocrx_word' id='word_1_556' title='bbox 2858 2987 2923 3051; x_wconf 78' lang='grc'><strong>⁸⁵,</strong></span> <span class='ocrx_word' id='word_1_557' title='bbox 2954 2986 3105 3042; x_wconf 88' lang='lat' dir='ltr'><strong>Sioni</strong></span> <span class='ocrx_word' id='word_1_558' title='bbox 3152 2997 3312 3044; x_wconf 86' lang='lat' dir='ltr'><strong>antea</strong></span> <span class='ocrx_word' id='word_1_559' title='bbox 3350 3004 3490 3059; x_wconf 65' lang='lat' dir='ltr'><strong>pras-</strong></span> 
     </span>
    </p>
   </div>
   <div class='ocr_carea' id='block_1_78' title="bbox 1924 3077 3493 3135">
    <p class='ocr_par' dir='ltr' id='par_1_78' title="bbox 1924 3077 3493 3135">
     <span class='ocr_line' id='line_1_78' title="bbox 1924 3077 3493 3135; baseline 0.002 -3"><span class='ocrx_word' id='word_1_560' title='bbox 1924 3078 2121 3133; x_wconf 88' lang='lat' dir='ltr'><strong>dictus.</strong></span> <span class='ocrx_word' id='word_1_561' title='bbox 2158 3077 2279 3133; x_wconf 85' lang='lat' dir='ltr'><strong>Tibi</strong></span> <span class='ocrx_word' id='word_1_562' title='bbox 2311 3078 2456 3132; x_wconf 85' lang='lat' dir='ltr'><strong>enim</strong></span> <span class='ocrx_word' id='word_1_563' title='bbox 2506 3080 2784 3133; x_wconf 85' lang='lat' dir='ltr'><strong>substrata</strong></span> <span class='ocrx_word' id='word_1_564' title='bbox 2823 3085 2951 3132; x_wconf 89' lang='lat' dir='ltr'><strong>sunt</strong></span> <span class='ocrx_word' id='word_1_565' title='bbox 2989 3078 3172 3132; x_wconf 87' lang='lat' dir='ltr'><strong>omnia</strong></span> <span class='ocrx_word' id='word_1_566' title='bbox 3217 3086 3278 3133; x_wconf 90' lang='lat' dir='ltr'><strong>ut</strong></span> <span class='ocrx_word' id='word_1_567' title='bbox 3313 3094 3493 3135; x_wconf 58' lang='lat' dir='ltr'><strong>causa;</strong></span> 
     </span>
    </p>
   </div>
   <div class='ocr_carea' id='block_1_79' title="bbox 1923 3168 3493 3238">
    <p class='ocr_par' dir='ltr' id='par_1_79' title="bbox 1923 3168 3493 3238">
     <span class='ocr_line' id='line_1_79' title="bbox 1923 3168 3493 3238; baseline 0.001 -14"><span class='ocrx_word' id='word_1_568' title='bbox 1923 3175 1978 3224; x_wconf 85' lang='lat' dir='ltr'><strong>et</strong></span> <span class='ocrx_word' id='word_1_569' title='bbox 2008 3169 2242 3229; x_wconf 88' lang='lat' dir='ltr'><strong>auctori.</strong></span> <span class='ocrx_word' id='word_1_570' title='bbox 2268 3180 2328 3223; x_wconf 90' lang='lat' dir='ltr'><strong>ut</strong></span> <span class='ocrx_word' id='word_1_571' title='bbox 2356 3170 2403 3224; x_wconf 91' lang='lat' dir='ltr'><strong>ei</strong></span> <span class='ocrx_word' id='word_1_572' title='bbox 2446 3170 2539 3238; x_wconf 91' lang='lat' dir='ltr'><strong>qui</strong></span> <span class='ocrx_word' id='word_1_573' title='bbox 2568 3169 2824 3223; x_wconf 83' lang='lat' dir='ltr'><strong>universa</strong></span> <span class='ocrx_word' id='word_1_574' title='bbox 2852 3184 2919 3223; x_wconf 78' lang='lat' dir='ltr'><strong>ex</strong></span> <span class='ocrx_word' id='word_1_575' title='bbox 2949 3168 3121 3223; x_wconf 86' lang='lat' dir='ltr'><strong>nihilo</strong></span> <span class='ocrx_word' id='word_1_576' title='bbox 3147 3170 3215 3224; x_wconf 88' lang='lat' dir='ltr'><strong>ad</strong></span> <span class='ocrx_word' id='word_1_577' title='bbox 3243 3185 3370 3225; x_wconf 90' lang='lat' dir='ltr'><strong>esse</strong></span> <span class='ocrx_word' id='word_1_578' title='bbox 3396 3171 3493 3225; x_wconf 88' lang='lat' dir='ltr'><strong>de-</strong></span> 
     </span>
    </p>
   </div>
   <div class='ocr_carea' id='block_1_80' title="bbox 1923 3257 3490 3329">
    <p class='ocr_par' dir='ltr' id='par_1_80' title="bbox 1923 3257 3490 3329">
     <span class='ocr_line' id='line_1_80' title="bbox 1923 3257 3490 3329; baseline -0.001 -14"><span class='ocrx_word' id='word_1_579' title='bbox 1923 3259 2098 3323; x_wconf 81' lang='lat' dir='ltr'><strong>duxit,</strong></span> <span class='ocrx_word' id='word_1_580' title='bbox 2124 3259 2398 3329; x_wconf 81' lang='lat' dir='ltr'><strong>rebusque</strong></span> <span class='ocrx_word' id='word_1_581' title='bbox 2419 3258 2768 3313; x_wconf 84' lang='lat' dir='ltr'><strong>instabilibus</strong></span> <span class='ocrx_word' id='word_1_582' title='bbox 2803 3257 3015 3312; x_wconf 77' lang='lat' dir='ltr'><strong>firmam</strong></span> <span class='ocrx_word' id='word_1_583' title='bbox 3043 3260 3490 3316; x_wconf 87' lang='lat' dir='ltr'><strong>constitutionem</strong></span> 
     </span>
    </p>
   </div>
   <div class='ocr_carea' id='block_1_81' title="bbox 1923 3347 3489 3418">
    <p class='ocr_par' dir='ltr' id='par_1_81' title="bbox 1923 3347 3489 3418">
     <span class='ocr_line' id='line_1_81' title="bbox 1923 3347 3489 3418; baseline -0.001 -14"><span class='ocrx_word' id='word_1_584' title='bbox 1923 3350 2152 3404; x_wconf 89' lang='lat' dir='ltr'><strong>tribuit:</strong></span> <span class='ocrx_word' id='word_1_585' title='bbox 2186 3356 2443 3418; x_wconf 84' lang='lat' dir='ltr'><strong>tanquam</strong></span> <span class='ocrx_word' id='word_1_586' title='bbox 2476 3363 2657 3403; x_wconf 89' lang='lat' dir='ltr'><strong>rerum</strong></span> <span class='ocrx_word' id='word_1_587' title='bbox 2690 3347 2745 3400; x_wconf 93' lang='lat' dir='ltr'><strong>in</strong></span> <span class='ocrx_word' id='word_1_588' title='bbox 2790 3361 2915 3402; x_wconf 86' lang='lat' dir='ltr'><strong>esse</strong></span> <span class='ocrx_word' id='word_1_589' title='bbox 2940 3347 3294 3404; x_wconf 87' lang='lat' dir='ltr'><strong>deductarum</strong></span> <span class='ocrx_word' id='word_1_590' title='bbox 3326 3351 3489 3404; x_wconf 78' lang='lat' dir='ltr'><strong>nexui</strong></span> 
     </span>
    </p>
   </div>
   <div class='ocr_carea' id='block_1_82' title="bbox 1923 3437 3488 3509">
    <p class='ocr_par' dir='ltr' id='par_1_82' title="bbox 1923 3437 3488 3509">
     <span class='ocr_line' id='line_1_82' title="bbox 1923 3437 3488 3509; baseline -0.002 -14"><span class='ocrx_word' id='word_1_591' title='bbox 1923 3441 2423 3509; x_wconf 72' lang='lat' dir='ltr'><strong>commissumque,</strong></span> <span class='ocrx_word' id='word_1_592' title='bbox 2457 3447 2617 3508; x_wconf 89' lang='lat' dir='ltr'><strong>atque</strong></span> <span class='ocrx_word' id='word_1_593' title='bbox 2661 3437 2953 3508; x_wconf 61' lang='lat' dir='ltr'><strong>praesidio:</strong></span> <span class='ocrx_word' id='word_1_594' title='bbox 2991 3443 3252 3507; x_wconf 67' lang='lat' dir='ltr'><strong>tanquam</strong></span> <span class='ocrx_word' id='word_1_595' title='bbox 3292 3446 3488 3493; x_wconf 83' lang='lat' dir='ltr'><strong>natura</strong></span> 
     </span>
    </p>
   </div>
   <div class='ocr_carea' id='block_1_83' title="bbox 1920 3528 3487 3600">
    <p class='ocr_par' dir='ltr' id='par_1_83' title="bbox 1920 3528 3487 3600">
     <span class='ocr_line' id='line_1_83' title="bbox 1920 3528 3487 3600; baseline 0 -15"><span class='ocrx_word' id='word_1_596' title='bbox 1920 3532 2261 3587; x_wconf 85' lang='lat' dir='ltr'><strong>diversorum</strong></span> <span class='ocrx_word' id='word_1_597' title='bbox 2312 3529 2493 3600; x_wconf 79' lang='lat' dir='ltr'><strong>Opiﬁci</strong></span> <span class='ocrx_word' id='word_1_598' title='bbox 2527 3548 2540 3584; x_wconf 90' lang='lat'>:</span> <span class='ocrx_word' id='word_1_599' title='bbox 2573 3530 2719 3584; x_wconf 86' lang='lat' dir='ltr'><strong>velut</strong></span> <span class='ocrx_word' id='word_1_600' title='bbox 2764 3528 2836 3592; x_wconf 90' lang='lat' dir='ltr'><strong>ei,</strong></span> <span class='ocrx_word' id='word_1_601' title='bbox 2892 3528 2987 3598; x_wconf 90' lang='lat' dir='ltr'><strong>qui</strong></span> <span class='ocrx_word' id='word_1_602' title='bbox 3040 3544 3206 3583; x_wconf 89' lang='lat' dir='ltr'><strong>manu</strong></span> <span class='ocrx_word' id='word_1_603' title='bbox 3256 3544 3487 3599; x_wconf 84' lang='lat' dir='ltr'><strong>prorsus</strong></span> 
     </span>
    </p>
   </div>
   <div class='ocr_carea' id='block_1_84' title="bbox 1922 3618 3481 3691">
    <p class='ocr_par' dir='ltr' id='par_1_84' title="bbox 1922 3618 3481 3691">
     <span class='ocr_line' id='line_1_84' title="bbox 1922 3618 3481 3691; baseline -0.002 -16"><span class='ocrx_word' id='word_1_604' title='bbox 1922 3621 2224 3678; x_wconf 89' lang='lat' dir='ltr'><strong>fortissima</strong></span> <span class='ocrx_word' id='word_1_605' title='bbox 2260 3619 2775 3691; x_wconf 82' lang='lat' dir='ltr'><strong>sapientissimaque</strong></span> <span class='ocrx_word' id='word_1_606' title='bbox 2810 3618 3125 3673; x_wconf 88' lang='lat' dir='ltr'><strong>moderatur</strong></span> <span class='ocrx_word' id='word_1_607' title='bbox 3179 3618 3435 3674; x_wconf 85' lang='lat' dir='ltr'><strong>universa</strong></span> <span class='ocrx_word' id='word_1_608' title='bbox 3467 3638 3481 3672; x_wconf 87' lang='lat'>:</span> 
     </span>
    </p>
   </div>
   <div class='ocr_carea' id='block_1_85' title="bbox 1919 3711 3487 3785">
    <p class='ocr_par' dir='ltr' id='par_1_85' title="bbox 1919 3711 3487 3785">
     <span class='ocr_line' id='line_1_85' title="bbox 1919 3711 3487 3785; baseline -0.001 -17"><span class='ocrx_word' id='word_1_609' title='bbox 1919 3716 2067 3769; x_wconf 88' lang='lat' dir='ltr'><strong>velut</strong></span> <span class='ocrx_word' id='word_1_610' title='bbox 2113 3714 2401 3785; x_wconf 89' lang='lat' dir='ltr'><strong>compositi</strong></span> <span class='ocrx_word' id='word_1_611' title='bbox 2447 3715 2823 3783; x_wconf 88' lang='lat' dir='ltr'><strong>cujuscunque</strong></span> <span class='ocrx_word' id='word_1_612' title='bbox 2871 3711 3080 3766; x_wconf 88' lang='lat' dir='ltr'><strong>ordinis</strong></span> <span class='ocrx_word' id='word_1_613' title='bbox 3133 3711 3390 3782; x_wconf 83' lang='lat' dir='ltr'><strong>rhythmo</strong></span> <span class='ocrx_word' id='word_1_614' title='bbox 3430 3720 3487 3766; x_wconf 83' lang='lat' dir='ltr'><strong>et</strong></span> 
     </span>
    </p>
   </div>
   <div class='ocr_carea' id='block_1_86' title="bbox 1920 3802 3485 3874">
    <p class='ocr_par' dir='ltr' id='par_1_86' title="bbox 1920 3802 3485 3874">
     <span class='ocr_line' id='line_1_86' title="bbox 1920 3802 3485 3874; baseline -0.004 -10"><span class='ocrx_word' id='word_1_615' title='bbox 1920 3808 2280 3864; x_wconf 90' lang='lat' dir='ltr'><strong>concinnitati</strong></span> <span class='ocrx_word' id='word_1_616' title='bbox 2311 3825 2326 3864; x_wconf 86' lang='lat'><strong>:</strong></span> <span class='ocrx_word' id='word_1_617' title='bbox 2364 3816 2424 3863; x_wconf 91' lang='lat' dir='ltr'><strong>ut</strong></span> <span class='ocrx_word' id='word_1_618' title='bbox 2467 3805 2773 3860; x_wconf 68' lang='lat' dir='ltr'><strong>concordia:</strong></span> <span class='ocrx_word' id='word_1_619' title='bbox 2812 3806 3073 3874; x_wconf 87' lang='lat' dir='ltr'><strong>pacisque</strong></span> <span class='ocrx_word' id='word_1_620' title='bbox 3116 3802 3485 3859; x_wconf 89' lang='lat' dir='ltr'><strong>indissolubili</strong></span> 
     </span>
    </p>
   </div>
   <div class='ocr_carea' id='block_1_87' title="bbox 1917 3893 3485 3959">
    <p class='ocr_par' dir='ltr' id='par_1_87' title="bbox 1917 3893 3485 3959">
     <span class='ocr_line' id='line_1_87' title="bbox 1917 3893 3485 3959; baseline -0.001 -9"><span class='ocrx_word' id='word_1_621' title='bbox 1917 3897 2159 3950; x_wconf 82' lang='lat' dir='ltr'><strong>vinculo.</strong></span> <span class='ocrx_word' id='word_1_622' title='bbox 2212 3893 2281 3949; x_wconf 85' lang='lat' dir='ltr'><strong>In</strong></span> <span class='ocrx_word' id='word_1_623' title='bbox 2325 3904 2372 3949; x_wconf 89' lang='lat' dir='ltr'><strong>te</strong></span> <span class='ocrx_word' id='word_1_624' title='bbox 2412 3895 2549 3948; x_wconf 88' lang='lat' dir='ltr'><strong>enim</strong></span> <span class='ocrx_word' id='word_1_625' title='bbox 2601 3893 2840 3957; x_wconf 79' lang='lat' dir='ltr'><strong>vivimus,</strong></span> <span class='ocrx_word' id='word_1_626' title='bbox 2891 3901 2953 3946; x_wconf 79' lang='lat' dir='ltr'><strong>et&#39;</strong></span> <span class='ocrx_word' id='word_1_627' title='bbox 2980 3907 3264 3959; x_wconf 75' lang='lat' dir='ltr'><strong>movemur,</strong></span> <span class='ocrx_word' id='word_1_628' title='bbox 3310 3902 3361 3948; x_wconf 88' lang='lat' dir='ltr'><strong>et</strong></span> <span class='ocrx_word' id='word_1_629' title='bbox 3391 3910 3485 3948; x_wconf 62' lang='lat' dir='ltr'><strong>suo</strong></span> 
     </span>
    </p>
   </div>
   <div class='ocr_carea' id='block_1_88' title="bbox 1918 3984 3483 4057">
    <p class='ocr_par' dir='ltr' id='par_1_88' title="bbox 1918 3984 3483 4057">
     <span class='ocr_line' id='line_1_88' title="bbox 1918 3984 3483 4057; baseline -0.001 -16"><span class='ocrx_word' id='word_1_630' title='bbox 1918 4005 2034 4042; x_wconf 84' lang='lat' dir='ltr'><strong>mus</strong></span> <span class='ocrx_word' id='word_1_631' title='bbox 2057 3988 2122 4043; x_wconf 72' lang='lat'><strong>“.</strong></span> <span class='ocrx_word' id='word_1_632' title='bbox 2165 3985 2482 4057; x_wconf 88' lang='lat' dir='ltr'><strong>Propterea,</strong></span> <span class='ocrx_word' id='word_1_633' title='bbox 2518 3984 2738 4040; x_wconf 78' lang='lat' dir='ltr'><strong>Domine</strong></span> <span class='ocrx_word' id='word_1_634' title='bbox 2769 3984 2907 4039; x_wconf 88' lang='lat' dir='ltr'><strong>Deus</strong></span> <span class='ocrx_word' id='word_1_635' title='bbox 2953 4000 3121 4049; x_wconf 86' lang='lat' dir='ltr'><strong>meus,</strong></span> <span class='ocrx_word' id='word_1_636' title='bbox 3174 3985 3483 4054; x_wconf 77' lang='lat' dir='ltr'><strong>gloriﬁcabo</strong></span> 
     </span>
    </p>
   </div>
   <div class='ocr_carea' id='block_1_89' title="bbox 1920 4073 3483 4146">
    <p class='ocr_par' dir='ltr' id='par_1_89' title="bbox 1920 4073 3483 4146">
     <span class='ocr_line' id='line_1_89' title="bbox 1920 4073 3483 4146; baseline -0.004 -15"><span class='ocrx_word' id='word_1_637' title='bbox 1920 4086 1967 4131; x_wconf 76' lang='lat' dir='ltr'><strong>te</strong></span> <span class='ocrx_word' id='word_1_638' title='bbox 1989 4078 2064 4146; x_wconf 67' lang='lat'><strong>‘7;</strong></span> <span class='ocrx_word' id='word_1_639' title='bbox 2094 4076 2322 4131; x_wconf 80' lang='lat' dir='ltr'><strong>laudabo</strong></span> <span class='ocrx_word' id='word_1_640' title='bbox 2357 4091 2541 4129; x_wconf 82' lang='lat' dir='ltr'><strong>nomen</strong></span> <span class='ocrx_word' id='word_1_641' title='bbox 2587 4085 2755 4139; x_wconf 87' lang='lat' dir='ltr'><strong>tuum,</strong></span> <span class='ocrx_word' id='word_1_642' title='bbox 2787 4074 3036 4145; x_wconf 88' lang='lat' dir='ltr'><strong>quoniam</strong></span> <span class='ocrx_word' id='word_1_643' title='bbox 3067 4073 3241 4143; x_wconf 76' lang='lat' dir='ltr'><strong>fecisti</strong></span> <span class='ocrx_word' id='word_1_644' title='bbox 3273 4090 3354 4128; x_wconf 82' lang='lat' dir='ltr'><strong>res</strong></span> <span class='ocrx_word' id='word_1_645' title='bbox 3384 4075 3483 4128; x_wconf 90' lang='lat' dir='ltr'><strong>ad-</strong></span> 
     </span>
    </p>
   </div>
   <div class='ocr_carea' id='block_1_90' title="bbox 1919 4165 3483 4238">
    <p class='ocr_par' dir='ltr' id='par_1_90' title="bbox 1919 4165 3483 4238">
     <span class='ocr_line' id='line_1_90' title="bbox 1919 4165 3483 4238; baseline -0.003 -14"><span class='ocrx_word' id='word_1_646' title='bbox 1919 4170 2218 4234; x_wconf 86' lang='lat' dir='ltr'><strong>mirandas,</strong></span> <span class='ocrx_word' id='word_1_647' title='bbox 2262 4169 2543 4223; x_wconf 84' lang='lat' dir='ltr'><strong>consilium</strong></span> <span class='ocrx_word' id='word_1_648' title='bbox 2577 4168 2851 4238; x_wconf 85' lang='lat' dir='ltr'><strong>antiquum</strong></span> <span class='ocrx_word' id='word_1_649' title='bbox 2882 4183 3059 4220; x_wconf 88' lang='lat' dir='ltr'><strong>verum</strong></span> <span class='ocrx_word' id='word_1_650' title='bbox 3090 4165 3164 4234; x_wconf 70' lang='lat'><strong>“;</strong></span> <span class='ocrx_word' id='word_1_651' title='bbox 3195 4166 3483 4235; x_wconf 75' lang='lat' dir='ltr'><strong>confessio-</strong></span> 
     </span>
    </p>
   </div>
   <div class='ocr_carea' id='block_1_91' title="bbox 1920 4258 3487 4328">
    <p class='ocr_par' dir='ltr' id='par_1_91' title="bbox 1920 4258 3487 4328">
     <span class='ocr_line' id='line_1_91' title="bbox 1920 4258 3487 4328; baseline -0.002 -11"><span class='ocrx_word' id='word_1_652' title='bbox 1920 4280 2035 4317; x_wconf 86' lang='lat' dir='ltr'><strong>nem</strong></span> <span class='ocrx_word' id='word_1_653' title='bbox 2080 4271 2130 4317; x_wconf 88' lang='lat' dir='ltr'><strong>et</strong></span> <span class='ocrx_word' id='word_1_654' title='bbox 2164 4262 2402 4316; x_wconf 83' lang='lat' dir='ltr'><strong>decorem</strong></span> <span class='ocrx_word' id='word_1_655' title='bbox 2452 4260 2667 4314; x_wconf 82' lang='lat' dir='ltr'><strong>indutus</strong></span> <span class='ocrx_word' id='word_1_656' title='bbox 2692 4260 2757 4312; x_wconf 67' lang='grc' dir='ltr'><strong>δ’.</strong></span> <span class='ocrx_word' id='word_1_657' title='bbox 2790 4258 2930 4325; x_wconf 86' lang='lat' dir='ltr'><strong>Quid</strong></span> <span class='ocrx_word' id='word_1_658' title='bbox 2968 4260 3113 4313; x_wconf 91' lang='lat' dir='ltr'><strong>enim</strong></span> <span class='ocrx_word' id='word_1_659' title='bbox 3155 4259 3292 4328; x_wconf 89' lang='lat' dir='ltr'><strong>regi,</strong></span> <span class='ocrx_word' id='word_1_660' title='bbox 3336 4266 3487 4314; x_wconf 88' lang='lat' dir='ltr'><strong>veste</strong></span> 
     </span>
    </p>
   </div>
   <div class='ocr_carea' id='block_1_92' title="bbox 1918 4348 3487 4427">
    <p class='ocr_par' dir='ltr' id='par_1_92' title="bbox 1918 4348 3487 4427">
     <span class='ocr_line' id='line_1_92' title="bbox 1918 4348 3487 4427; baseline -0.004 -19"><span class='ocrx_word' id='word_1_661' title='bbox 1918 4368 2192 4427; x_wconf 89' lang='lat' dir='ltr'><strong>purpurea</strong></span> <span class='ocrx_word' id='word_1_662' title='bbox 2222 4352 2474 4407; x_wconf 81' lang='lat' dir='ltr'><strong>ﬂoridum</strong></span> <span class='ocrx_word' id='word_1_663' title='bbox 2497 4351 2627 4420; x_wconf 90' lang='lat' dir='ltr'><strong>quid</strong></span> <span class='ocrx_word' id='word_1_664' title='bbox 2659 4351 3126 4412; x_wconf 79' lang='lat' dir='ltr'><strong>circuimnicaute,</strong></span> <span class='ocrx_word' id='word_1_665' title='bbox 3153 4348 3487 4402; x_wconf 55' lang='lat' dir='ltr'><strong>diademate.</strong></span> 
     </span>
    </p>
   </div>
   <div class='ocr_carea' id='block_1_93' title="bbox 1916 4439 3488 4518">
    <p class='ocr_par' dir='ltr' id='par_1_93' title="bbox 1916 4439 3488 4518">
     <span class='ocr_line' id='line_1_93' title="bbox 1916 4439 3488 4518; baseline -0.005 -17"><span class='ocrx_word' id='word_1_666' title='bbox 1916 4462 2023 4516; x_wconf 88' lang='lat' dir='ltr'><strong>quc</strong></span> <span class='ocrx_word' id='word_1_667' title='bbox 2051 4445 2360 4518; x_wconf 83' lang='lat' dir='ltr'><strong>eﬂ&#39;ulgente,</strong></span> <span class='ocrx_word' id='word_1_668' title='bbox 2399 4443 2771 4516; x_wconf 87' lang='lat' dir='ltr'><strong>splendidius?</strong></span> <span class='ocrx_word' id='word_1_669' title='bbox 2799 4440 2940 4507; x_wconf 78' lang='lat' dir='ltr'><strong>Quid</strong></span> <span class='ocrx_word' id='word_1_670' title='bbox 2984 4456 3135 4503; x_wconf 84' lang='lat' dir='ltr'><strong>vero,</strong></span> <span class='ocrx_word' id='word_1_671' title='bbox 3181 4439 3488 4495; x_wconf 81' lang='lat' dir='ltr'><strong>clementis-</strong></span> 
     </span>
    </p>
   </div>
   <div class='ocr_carea' id='block_1_94' title="bbox 228 4531 1823 4622">
    <p class='ocr_par' dir='ltr' id='par_1_94' title="bbox 228 4540 1815 4622">
     <span class='ocr_line' id='line_1_94' title="bbox 228 4540 1815 4622; baseline -0.008 -15"><span class='ocrx_word' id='word_1_672' title='bbox 228 4552 459 4616; x_wconf 76' lang='grc' dir='ltr'>εἰκότως</span> <span class='ocrx_word' id='word_1_673' title='bbox 505 4552 600 4606; x_wconf 74' lang='grc' dir='ltr'>καὶ</span> <span class='ocrx_word' id='word_1_674' title='bbox 638 4549 1099 4622; x_wconf 77' lang='grc' dir='ltr'>προανευφήμησέ</span> <span class='ocrx_word' id='word_1_675' title='bbox 1154 4565 1213 4601; x_wconf 88' lang='grc' dir='ltr'><strong>σε</strong></span> <span class='ocrx_word' id='word_1_676' title='bbox 1264 4546 1372 4600; x_wconf 81' lang='grc' dir='ltr'>τὸν</span> <span class='ocrx_word' id='word_1_677' title='bbox 1400 4543 1666 4599; x_wconf 70' lang='grc' dir='ltr'>Βασιλέα</span> <span class='ocrx_word' id='word_1_678' title='bbox 1696 4540 1815 4596; x_wconf 85' lang='grc' dir='ltr'><strong>τῶν</strong></span> 
     </span>
    </p>
   </div>
   <div class='ocr_carea' id='block_1_95' title="bbox 1926 4531 3487 4622">
    <p class='ocr_par' dir='ltr' id='par_1_95' title="bbox 1926 4531 3487 4602">
     <span class='ocr_line' id='line_1_95' title="bbox 1926 4531 3487 4602; baseline -0.006 -9"><span class='ocrx_word' id='word_1_679' title='bbox 1926 4539 2059 4593; x_wconf 84' lang='lat' dir='ltr'><strong>simo</strong></span> <span class='ocrx_word' id='word_1_680' title='bbox 2086 4537 2221 4601; x_wconf 87' lang='lat' dir='ltr'><strong>Deo,</strong></span> <span class='ocrx_word' id='word_1_681' title='bbox 2255 4536 2507 4592; x_wconf 89' lang='lat' dir='ltr'><strong>clementi</strong></span> <span class='ocrx_word' id='word_1_682' title='bbox 2550 4536 2650 4589; x_wconf 87' lang='lat' dir='ltr'><strong>hac</strong></span> <span class='ocrx_word' id='word_1_683' title='bbox 2678 4535 2916 4589; x_wconf 89' lang='lat' dir='ltr'><strong>hominis</strong></span> <span class='ocrx_word' id='word_1_684' title='bbox 2940 4532 3338 4602; x_wconf 89' lang='lat' dir='ltr'><strong>assumptione,</strong></span> <span class='ocrx_word' id='word_1_685' title='bbox 3372 4531 3487 4584; x_wconf 90' lang='lat' dir='ltr'><strong>cla-</strong></span> 
     </span>
    </p>
   </div>
   <div class='ocr_carea' id='block_1_96' title="bbox 228 4634 1803 4716">
    <p class='ocr_par' dir='ltr' id='par_1_96' title="bbox 228 4634 1803 4716">
     <span class='ocr_line' id='line_1_96' title="bbox 228 4634 1803 4716; baseline -0.01 -15"><span class='ocrx_word' id='word_1_686' title='bbox 228 4644 464 4701; x_wconf 77' lang='grc' dir='ltr'>αἰώνων</span> <span class='ocrx_word' id='word_1_687' title='bbox 486 4648 515 4698; x_wconf 89' lang='grc' dir='ltr'><strong>ό</strong></span> <span class='ocrx_word' id='word_1_688' title='bbox 548 4643 880 4716; x_wconf 86' lang='grc' dir='ltr'>πρόσκαιρος</span> <span class='ocrx_word' id='word_1_689' title='bbox 915 4640 1164 4712; x_wconf 77' lang='grc' dir='ltr'>βασιλεὺς</span> <span class='ocrx_word' id='word_1_690' title='bbox 1193 4640 1286 4692; x_wconf 70' lang='grc' dir='ltr'>καὶ</span> <span class='ocrx_word' id='word_1_691' title='bbox 1305 4639 1540 4708; x_wconf 82' lang='grc' dir='ltr'>οἰκέτης,</span> <span class='ocrx_word' id='word_1_692' title='bbox 1561 4634 1803 4705; x_wconf 86' lang='grc' dir='ltr'>φάσκων·</span> 
     </span>
    </p>
   </div>
   <div class='ocr_carea' id='block_1_97' title="bbox 241 4724 1806 4805">
    <p class='ocr_par' dir='ltr' id='par_1_97' title="bbox 241 4724 1806 4805">
     <span class='ocr_line' id='line_1_97' title="bbox 241 4724 1806 4805; baseline -0.009 -15"><span class='ocrx_word' id='word_1_693' title='bbox 241 4735 471 4805; x_wconf 77' lang='grc' dir='ltr'>Ὠραῒος</span> <span class='ocrx_word' id='word_1_694' title='bbox 506 4733 716 4788; x_wconf 73' lang='grc' dir='ltr'>κάλλει</span> <span class='ocrx_word' id='word_1_695' title='bbox 748 4732 906 4800; x_wconf 82' lang='grc' dir='ltr'>παρὰ</span> <span class='ocrx_word' id='word_1_696' title='bbox 943 4732 1085 4798; x_wconf 87' lang='grc' dir='ltr'>τοὺς</span> <span class='ocrx_word' id='word_1_697' title='bbox 1112 4730 1282 4797; x_wconf 73' lang='grc' dir='ltr'>υἱοὺς</span> <span class='ocrx_word' id='word_1_698' title='bbox 1308 4728 1427 4782; x_wconf 84' lang='grc' dir='ltr'><strong>τῶν</strong></span> <span class='ocrx_word' id='word_1_699' title='bbox 1455 4724 1806 4794; x_wconf 82' lang='grc' dir='ltr'>ἀνθρώπων,</span> 
     </span>
    </p>
   </div>
   <div class='ocr_carea' id='block_1_98' title="bbox 226 4818 1807 4897">
    <p class='ocr_par' dir='ltr' id='par_1_98' title="bbox 226 4818 1807 4897">
     <span class='ocr_line' id='line_1_98' title="bbox 226 4818 1807 4897; baseline -0.009 -13"><span class='ocrx_word' id='word_1_700' title='bbox 226 4832 260 4885; x_wconf 86' lang='grc' dir='ltr'><strong>ό</strong></span> <span class='ocrx_word' id='word_1_701' title='bbox 293 4833 356 4883; x_wconf 75' lang='grc' dir='ltr'>ἐν</span> <span class='ocrx_word' id='word_1_702' title='bbox 383 4827 691 4897; x_wconf 79' lang='grc' dir='ltr'>ἀνθρώποις</span> <span class='ocrx_word' id='word_1_703' title='bbox 717 4826 849 4890; x_wconf 81' lang='grc' dir='ltr'>Θεὸς</span> <span class='ocrx_word' id='word_1_704' title='bbox 880 4827 976 4879; x_wconf 74' lang='grc' dir='ltr'>καὶ</span> <span class='ocrx_word' id='word_1_705' title='bbox 1012 4825 1319 4897; x_wconf 77' lang='grc' dir='ltr'>ἄνθρωπος.</span> <span class='ocrx_word' id='word_1_706' title='bbox 1343 4820 1669 4894; x_wconf 80' lang='grc' dir='ltr'>Περιεζώσω</span> <span class='ocrx_word' id='word_1_707' title='bbox 1699 4818 1807 4889; x_wconf 85' lang='grc' dir='ltr'><strong>γὰρ</strong></span> 
     </span>
    </p>
   </div>
   <div class='ocr_carea' id='block_1_99' title="bbox 224 4911 1808 4993">
    <p class='ocr_par' dir='ltr' id='par_1_99' title="bbox 224 4911 1808 4993">
     <span class='ocr_line' id='line_1_99' title="bbox 224 4911 1808 4993; baseline -0.009 -17"><span class='ocrx_word' id='word_1_708' title='bbox 224 4922 320 4978; x_wconf 77' lang='grc' dir='ltr'><strong>διὰ</strong></span> <span class='ocrx_word' id='word_1_709' title='bbox 371 4923 468 4993; x_wconf 83' lang='grc' dir='ltr'>τῆς</span> <span class='ocrx_word' id='word_1_710' title='bbox 508 4922 662 4983; x_wconf 82' lang='grc' dir='ltr'>θείας</span> <span class='ocrx_word' id='word_1_711' title='bbox 701 4937 798 4974; x_wconf 90' lang='grc' dir='ltr'><strong>σου</strong></span> <span class='ocrx_word' id='word_1_712' title='bbox 844 4918 1170 4991; x_wconf 85' lang='grc' dir='ltr'>σαρκώσεως</span> <span class='ocrx_word' id='word_1_713' title='bbox 1212 4914 1523 4985; x_wconf 77' lang='grc' dir='ltr'>δικαιοσύνῃ</span> <span class='ocrx_word' id='word_1_714' title='bbox 1575 4913 1671 4984; x_wconf 82' lang='grc' dir='ltr'>μὲν</span> <span class='ocrx_word' id='word_1_715' title='bbox 1709 4911 1808 4981; x_wconf 78' lang='grc' dir='ltr'>τὴν</span> 
     </span>
    </p>
   </div>
   <div class='ocr_carea' id='block_1_100' title="bbox 227 5002 1804 5083">
    <p class='ocr_par' dir='ltr' id='par_1_100' title="bbox 227 5002 1804 5083">
     <span class='ocr_line' id='line_1_100' title="bbox 227 5002 1804 5083; baseline -0.007 -16"><span class='ocrx_word' id='word_1_716' title='bbox 227 5015 464 5083; x_wconf 66' lang='grc' dir='ltr'>ὀσφύν·</span> <span class='ocrx_word' id='word_1_717' title='bbox 498 5013 801 5081; x_wconf 54' lang='lat' dir='ltr'><strong>meamea</strong></span> <span class='ocrx_word' id='word_1_718' title='bbox 841 5009 910 5063; x_wconf 82' lang='grc' dir='ltr'>δὲ</span> <span class='ocrx_word' id='word_1_719' title='bbox 937 5010 1032 5063; x_wconf 82' lang='grc' dir='ltr'><strong>καί</strong></span> <span class='ocrx_word' id='word_1_720' title='bbox 1071 5009 1320 5076; x_wconf 77' lang='grc' dir='ltr'>ἀληθείᾳ</span> <span class='ocrx_word' id='word_1_721' title='bbox 1360 5008 1466 5073; x_wconf 81' lang='grc' dir='ltr'>τὰς</span> <span class='ocrx_word' id='word_1_722' title='bbox 1512 5002 1804 5072; x_wconf 81' lang='grc' dir='ltr'>πλευρὰς,</span> 
     </span>
    </p>
   </div>
   <div class='ocr_carea' id='block_1_101' title="bbox 226 5095 1808 5183">
    <p class='ocr_par' dir='ltr' id='par_1_101' title="bbox 226 5095 1808 5183">
     <span class='ocr_line' id='line_1_101' title="bbox 226 5095 1808 5183; baseline -0.009 -21"><span class='ocrx_word' id='word_1_723' title='bbox 226 5105 555 5178; x_wconf 74' lang='grc' dir='ltr'>αὐτόχρημα</span> <span class='ocrx_word' id='word_1_724' title='bbox 600 5104 911 5174; x_wconf 83' lang='grc' dir='ltr'>δικαιοσύνη</span> <span class='ocrx_word' id='word_1_725' title='bbox 960 5102 1056 5155; x_wconf 74' lang='grc' dir='ltr'>καὶ</span> <span class='ocrx_word' id='word_1_726' title='bbox 1108 5100 1332 5173; x_wconf 73' lang='grc' dir='ltr'>ἀλήθεια</span> <span class='ocrx_word' id='word_1_727' title='bbox 1372 5099 1658 5183; x_wconf 64' lang='grc' dir='ltr'>θπάρχων,</span> <span class='ocrx_word' id='word_1_728' title='bbox 1713 5095 1808 5149; x_wconf 73' lang='grc' dir='ltr'>καὶ</span> 
     </span>
    </p>
   </div>
   <div class='ocr_carea' id='block_1_102' title="bbox 333 5247 1997 5323">
    <p class='ocr_par' dir='ltr' id='par_1_102' title="bbox 333 5247 1997 5323">
     <span class='ocr_line' id='line_1_102' title="bbox 333 5247 1997 5323; baseline -0.01 -6"><span class='ocrx_word' id='word_1_729' title='bbox 333 5263 385 5296; x_wconf 74' lang='grc'><strong><em>³³</em></strong></span> <span class='ocrx_word' id='word_1_730' title='bbox 417 5260 529 5317; x_wconf 84' lang='lat' dir='ltr'><strong>Isa.</strong></span> <span class='ocrx_word' id='word_1_731' title='bbox 571 5277 720 5322; x_wconf 73' lang='lat' dir='ltr'><strong>run,</strong></span> <span class='ocrx_word' id='word_1_732' title='bbox 753 5259 839 5314; x_wconf 80' lang='grc'>10.</span> <span class='ocrx_word' id='word_1_733' title='bbox 917 5257 963 5290; x_wconf 66' lang='grc'><strong>’⁵³</strong></span> <span class='ocrx_word' id='word_1_734' title='bbox 985 5257 1113 5323; x_wconf 87' lang='lat' dir='ltr'><strong>Sap.</strong></span> <span class='ocrx_word' id='word_1_735' title='bbox 1140 5273 1231 5318; x_wconf 79' lang='lat' dir='ltr'><strong>xv,</strong></span> <span class='ocrx_word' id='word_1_736' title='bbox 1267 5270 1351 5310; x_wconf 88' lang='grc' dir='ltr'>ιιι.</span> <span class='ocrx_word' id='word_1_737' title='bbox 1418 5253 1461 5285; x_wconf 68' lang='grc'><strong>⁸⁸</strong></span> <span class='ocrx_word' id='word_1_738' title='bbox 1495 5250 1644 5323; x_wconf 62' lang='lat' dir='ltr'><strong>Psal.</strong></span> <span class='ocrx_word' id='word_1_739' title='bbox 1686 5263 1854 5323; x_wconf 25' lang='lat' dir='ltr'><strong>c‘xvn.</strong></span> <span class='ocrx_word' id='word_1_740' title='bbox 1881 5247 1997 5323; x_wconf 63' lang='lat' dir='ltr'><strong>2t;</strong></span> 
     </span>
    </p>
   </div>
   <div class='ocr_carea' id='block_1_103' title="bbox 1915 4621 3483 4686">
    <p class='ocr_par' dir='ltr' id='par_1_103' title="bbox 1915 4621 3483 4686">
     <span class='ocr_line' id='line_1_103' title="bbox 1915 4621 3483 4686; baseline -0.005 -3"><span class='ocrx_word' id='word_1_741' title='bbox 1915 4630 2151 4686; x_wconf 89' lang='lat' dir='ltr'><strong>rissimis</strong></span> <span class='ocrx_word' id='word_1_742' title='bbox 2182 4631 2298 4684; x_wconf 91' lang='lat' dir='ltr'><strong>suis</strong></span> <span class='ocrx_word' id='word_1_743' title='bbox 2326 4629 2493 4683; x_wconf 87' lang='lat' dir='ltr'><strong>radiis</strong></span> <span class='ocrx_word' id='word_1_744' title='bbox 2519 4626 2853 4681; x_wconf 87' lang='lat' dir='ltr'><strong>illuminante</strong></span> <span class='ocrx_word' id='word_1_745' title='bbox 2895 4623 3128 4679; x_wconf 79' lang='lat' dir='ltr'><strong>sedentes</strong></span> <span class='ocrx_word' id='word_1_746' title='bbox 3164 4624 3219 4676; x_wconf 85' lang='lat' dir='ltr'><strong>in</strong></span> <span class='ocrx_word' id='word_1_747' title='bbox 3257 4621 3483 4676; x_wconf 81' lang='lat' dir='ltr'><strong>tenebris</strong></span> 
     </span>
    </p>
   </div>
   <div class='ocr_carea' id='block_1_104' title="bbox 1914 4711 3483 4787">
    <p class='ocr_par' dir='ltr' id='par_1_104' title="bbox 1914 4711 3483 4787">
     <span class='ocr_line' id='line_1_104' title="bbox 1914 4711 3483 4787; baseline -0.008 -13"><span class='ocrx_word' id='word_1_748' title='bbox 1914 4731 1964 4775; x_wconf 88' lang='lat' dir='ltr'><strong>et</strong></span> <span class='ocrx_word' id='word_1_749' title='bbox 2008 4720 2197 4774; x_wconf 88' lang='lat' dir='ltr'><strong>umbra</strong></span> <span class='ocrx_word' id='word_1_750' title='bbox 2228 4720 2413 4772; x_wconf 86' lang='lat' dir='ltr'><strong>mortis</strong></span> <span class='ocrx_word' id='word_1_751' title='bbox 2440 4718 2507 4780; x_wconf 78' lang='grc' dir='ltr'><strong>⁸ο,</strong></span> <span class='ocrx_word' id='word_1_752' title='bbox 2541 4712 3015 4787; x_wconf 84' lang='lat' dir='ltr'><strong>magniﬁcentius?</strong></span> <span class='ocrx_word' id='word_1_753' title='bbox 3045 4711 3303 4782; x_wconf 88' lang='lat' dir='ltr'><strong>Apposite</strong></span> <span class='ocrx_word' id='word_1_754' title='bbox 3350 4724 3483 4765; x_wconf 86' lang='lat' dir='ltr'><strong>sane</strong></span> 
     </span>
    </p>
   </div>
   <div class='ocr_carea' id='block_1_105' title="bbox 1916 4800 3485 4883">
    <p class='ocr_par' dir='ltr' id='par_1_105' title="bbox 1916 4800 3485 4883">
     <span class='ocr_line' id='line_1_105' title="bbox 1916 4800 3485 4883; baseline -0.009 -16"><span class='ocrx_word' id='word_1_755' title='bbox 1916 4813 2103 4883; x_wconf 85' lang='lat' dir='ltr'><strong>Regem</strong></span> <span class='ocrx_word' id='word_1_756' title='bbox 2125 4820 2179 4867; x_wconf 89' lang='lat' dir='ltr'><strong>te</strong></span> <span class='ocrx_word' id='word_1_757' title='bbox 2206 4814 2520 4865; x_wconf 68' lang='lat' dir='ltr'><strong>saeculorum</strong></span> <span class='ocrx_word' id='word_1_758' title='bbox 2540 4811 2609 4876; x_wconf 70' lang='grc'><strong>⁵³,</strong></span> <span class='ocrx_word' id='word_1_759' title='bbox 2638 4817 3026 4878; x_wconf 89' lang='lat' dir='ltr'><strong>temporaneus</strong></span> <span class='ocrx_word' id='word_1_760' title='bbox 3061 4804 3150 4858; x_wconf 90' lang='lat' dir='ltr'><strong>ille</strong></span> <span class='ocrx_word' id='word_1_761' title='bbox 3174 4817 3272 4857; x_wconf 79' lang='lat' dir='ltr'><strong>rex</strong></span> <span class='ocrx_word' id='word_1_762' title='bbox 3298 4816 3362 4856; x_wconf 92' lang='lat' dir='ltr'><strong>ac</strong></span> <span class='ocrx_word' id='word_1_763' title='bbox 3401 4800 3485 4854; x_wconf 80' lang='lat' dir='ltr'><strong>fa-</strong></span> 
     </span>
    </p>
   </div>
   <div class='ocr_carea' id='block_1_106' title="bbox 1914 4894 3483 4971">
    <p class='ocr_par' dir='ltr' id='par_1_106' title="bbox 1914 4894 3483 4971">
     <span class='ocr_line' id='line_1_106' title="bbox 1914 4894 3483 4971; baseline -0.007 -12"><span class='ocrx_word' id='word_1_764' title='bbox 1914 4908 2096 4959; x_wconf 89' lang='lat' dir='ltr'><strong>mulus</strong></span> <span class='ocrx_word' id='word_1_765' title='bbox 2129 4911 2274 4970; x_wconf 89' lang='lat' dir='ltr'><strong>tuus,</strong></span> <span class='ocrx_word' id='word_1_766' title='bbox 2299 4902 2493 4959; x_wconf 81' lang='lat' dir='ltr'><strong>faustis</strong></span> <span class='ocrx_word' id='word_1_767' title='bbox 2524 4902 2652 4956; x_wconf 88' lang='lat' dir='ltr'><strong>olim</strong></span> <span class='ocrx_word' id='word_1_768' title='bbox 2682 4895 3248 4971; x_wconf 87' lang='lat' dir='ltr'><strong>congratulationibus</strong></span> <span class='ocrx_word' id='word_1_769' title='bbox 3281 4894 3483 4950; x_wconf 89' lang='lat' dir='ltr'><strong>omini-</strong></span> 
     </span>
    </p>
   </div>
   <div class='ocr_carea' id='block_1_107' title="bbox 1915 4986 3481 5069">
    <p class='ocr_par' dir='ltr' id='par_1_107' title="bbox 1915 4986 3481 5069">
     <span class='ocr_line' id='line_1_107' title="bbox 1915 4986 3481 5069; baseline -0.011 -15"><span class='ocrx_word' id='word_1_770' title='bbox 1915 4999 2125 5069; x_wconf 91' lang='lat' dir='ltr'><strong>busque</strong></span> <span class='ocrx_word' id='word_1_771' title='bbox 2146 5006 2468 5067; x_wconf 88' lang='lat' dir='ltr'><strong>prosecutus</strong></span> <span class='ocrx_word' id='word_1_772' title='bbox 2490 5001 2592 5060; x_wconf 89' lang='lat' dir='ltr'><strong>est,</strong></span> <span class='ocrx_word' id='word_1_773' title='bbox 2617 4993 2804 5047; x_wconf 91' lang='lat' dir='ltr'><strong>dicens</strong></span> <span class='ocrx_word' id='word_1_774' title='bbox 2832 5010 2844 5046; x_wconf 91' lang='lat'><strong>:</strong></span> <span class='ocrx_word' id='word_1_775' title='bbox 2873 4989 3149 5059; x_wconf 86' lang='lat' dir='ltr'><strong>Speciosus</strong></span> <span class='ocrx_word' id='word_1_776' title='bbox 3172 4986 3347 5056; x_wconf 80' lang='lat' dir='ltr'><strong>[arma</strong></span> <span class='ocrx_word' id='word_1_777' title='bbox 3370 5000 3481 5053; x_wconf 79' lang='lat' dir='ltr'><strong>pra:</strong></span> 
     </span>
    </p>
   </div>
   <div class='ocr_carea' id='block_1_108' title="bbox 1914 5080 3478 5163">
    <p class='ocr_par' dir='ltr' id='par_1_108' title="bbox 1914 5080 3478 5163">
     <span class='ocr_line' id='line_1_108' title="bbox 1914 5080 3478 5163; baseline -0.008 -17"><span class='ocrx_word' id='word_1_778' title='bbox 1914 5093 2041 5163; x_wconf 82' lang='lat' dir='ltr'><strong>ﬁliis</strong></span> <span class='ocrx_word' id='word_1_779' title='bbox 2072 5090 2340 5144; x_wconf 85' lang='lat' dir='ltr'><strong>hominum</strong></span> <span class='ocrx_word' id='word_1_780' title='bbox 2361 5089 2441 5154; x_wconf 75' lang='lat'><strong>“;</strong></span> <span class='ocrx_word' id='word_1_781' title='bbox 2473 5086 2566 5156; x_wconf 91' lang='lat' dir='ltr'><strong>qui</strong></span> <span class='ocrx_word' id='word_1_782' title='bbox 2606 5086 2663 5139; x_wconf 92' lang='lat' dir='ltr'><strong>in</strong></span> <span class='ocrx_word' id='word_1_783' title='bbox 2692 5084 3030 5148; x_wconf 84' lang='lat' dir='ltr'><strong>hominibus,</strong></span> <span class='ocrx_word' id='word_1_784' title='bbox 3060 5080 3205 5135; x_wconf 86' lang='lat' dir='ltr'><strong>Deus</strong></span> <span class='ocrx_word' id='word_1_785' title='bbox 3237 5080 3357 5150; x_wconf 88' lang='lat' dir='ltr'><strong>ipse</strong></span> <span class='ocrx_word' id='word_1_786' title='bbox 3399 5080 3478 5134; x_wconf 89' lang='lat' dir='ltr'><strong>sis</strong></span> 
     </span>
    </p>
   </div>
   <div class='ocr_carea' id='block_1_109' title="bbox 2079 5235 3476 5302">
    <p class='ocr_par' dir='ltr' id='par_1_109' title="bbox 2079 5235 3476 5302">
     <span class='ocr_line' id='line_1_109' title="bbox 2079 5235 3476 5302; baseline -0.007 -6"><span class='ocrx_word' id='word_1_787' title='bbox 2079 5244 2192 5297; x_wconf 81' lang='lat' dir='ltr'><strong>lsa.</strong></span> <span class='ocrx_word' id='word_1_788' title='bbox 2227 5257 2422 5301; x_wconf 77' lang='lat' dir='ltr'><strong>xxvm,</strong></span> <span class='ocrx_word' id='word_1_789' title='bbox 2448 5239 2549 5302; x_wconf 70' lang='lat'><strong>16;</strong></span> <span class='ocrx_word' id='word_1_790' title='bbox 2624 5238 2643 5290; x_wconf 85' lang='grc' dir='ltr'><strong>Ι</strong></span> <span class='ocrx_word' id='word_1_791' title='bbox 2677 5238 2821 5292; x_wconf 84' lang='lat' dir='ltr'><strong>Pelr.</strong></span> <span class='ocrx_word' id='word_1_792' title='bbox 2859 5235 2996 5302; x_wconf 76' lang='lat'><strong>&quot;,6.</strong></span> <span class='ocrx_word' id='word_1_793' title='bbox 3074 5235 3121 5269; x_wconf 79' lang='lat'><strong>“</strong></span> <span class='ocrx_word' id='word_1_794' title='bbox 3158 5235 3277 5288; x_wconf 84' lang='lat' dir='ltr'><strong>Act.</strong></span> <span class='ocrx_word' id='word_1_795' title='bbox 3318 5249 3476 5298; x_wconf 79' lang='lat' dir='ltr'><strong>xvm,</strong></span> 
     </span>
    </p>
   </div>
   <div class='ocr_carea' id='block_1_110' title="bbox 223 5304 1823 5393">
    <p class='ocr_par' dir='ltr' id='par_1_110' title="bbox 223 5304 1823 5393">
     <span class='ocr_line' id='line_1_110' title="bbox 223 5304 1823 5393; baseline -0.011 -4"><span class='ocrx_word' id='word_1_796' title='bbox 223 5334 318 5389; x_wconf 74' lang='lat'><strong>28.</strong></span> <span class='ocrx_word' id='word_1_797' title='bbox 396 5304 888 5393; x_wconf 55' lang='grc' dir='ltr'><strong>ιῗὲεᾶἇῗῖίξὲ.</strong></span> <span class='ocrx_word' id='word_1_798' title='bbox 965 5304 1176 5382; x_wconf 65' lang='grc' dir='ltr'>ιῖἾᾶαἷ</span> <span class='ocrx_word' id='word_1_799' title='bbox 1208 5304 1427 5389; x_wconf 35' lang='lat' dir='ltr'><strong>iii—,1.</strong></span> <span class='ocrx_word' id='word_1_800' title='bbox 1498 5304 1548 5354; x_wconf 57' lang='grc' dir='ltr'>⁷η</span> <span class='ocrx_word' id='word_1_801' title='bbox 1592 5320 1723 5375; x_wconf 78' lang='grc' dir='ltr'>Ρεαι</span> <span class='ocrx_word' id='word_1_802' title='bbox 1784 5334 1823 5373; x_wconf 75' lang='grc' dir='ltr'><strong>ο</strong></span> 
     </span>
    </p>
   </div>
   <div class='ocr_carea' id='block_1_111' title="bbox 1926 5304 3476 5393">
    <p class='ocr_par' dir='ltr' id='par_1_111' title="bbox 1952 5304 3476 5376">
     <span class='ocr_line' id='line_1_111' title="bbox 1952 5304 3476 5376; baseline -0.009 -4"><span class='ocrx_word' id='word_1_803' title='bbox 1952 5304 2000 5372; x_wconf 65' lang='grc' dir='ltr'><strong>1ξ</strong></span> <span class='ocrx_word' id='word_1_804' title='bbox 2078 5316 2124 5346; x_wconf 78' lang='grc' dir='ltr'><strong>⁸ο</strong></span> <span class='ocrx_word' id='word_1_805' title='bbox 2174 5312 2281 5367; x_wconf 77' lang='lat' dir='ltr'><strong>lsa.</strong></span> <span class='ocrx_word' id='word_1_806' title='bbox 2324 5327 2471 5365; x_wconf 77' lang='lat' dir='ltr'><strong>xui.</strong></span> <span class='ocrx_word' id='word_1_807' title='bbox 2516 5310 2592 5376; x_wconf 90' lang='lat'><strong>7;</strong></span> <span class='ocrx_word' id='word_1_808' title='bbox 2657 5308 2783 5361; x_wconf 85' lang='lat' dir='ltr'><strong>Luc.</strong></span> <span class='ocrx_word' id='word_1_809' title='bbox 2857 5322 2905 5373; x_wconf 92' lang='grc' dir='ltr'><strong>ι,</strong></span> <span class='ocrx_word' id='word_1_810' title='bbox 2950 5306 3037 5361; x_wconf 83' lang='grc'>79.</span> <span class='ocrx_word' id='word_1_811' title='bbox 3104 5306 3150 5338; x_wconf 77' lang='grc'><strong>⁸⁸</strong></span> <span class='ocrx_word' id='word_1_812' title='bbox 3193 5305 3214 5358; x_wconf 82' lang='grc' dir='ltr'><strong>ἰ</strong></span> <span class='ocrx_word' id='word_1_813' title='bbox 3254 5304 3391 5359; x_wconf 84' lang='lat' dir='ltr'><strong>Tim.</strong></span> <span class='ocrx_word' id='word_1_814' title='bbox 3436 5320 3476 5369; x_wconf 82' lang='grc' dir='ltr'><strong>ι,</strong></span> 
     </span>
    </p>
   </div>
   <div class='ocr_carea' id='block_1_112' title="bbox 226 5400 921 5468">
    <p class='ocr_par' dir='ltr' id='par_1_112' title="bbox 226 5400 921 5468">
     <span class='ocr_line' id='line_1_112' title="bbox 226 5400 921 5468; baseline -0.006 -10"><span class='ocrx_word' id='word_1_815' title='bbox 226 5405 320 5462; x_wconf 80' lang='grc'><strong>17.</strong></span> <span class='ocrx_word' id='word_1_816' title='bbox 396 5404 445 5436; x_wconf 80' lang='grc'><strong>⁸³</strong></span> <span class='ocrx_word' id='word_1_817' title='bbox 484 5402 639 5457; x_wconf 85' lang='lat' dir='ltr'><strong>Psal.</strong></span> <span class='ocrx_word' id='word_1_818' title='bbox 681 5417 828 5468; x_wconf 74' lang='lat' dir='ltr'><strong>XLIV,</strong></span> <span class='ocrx_word' id='word_1_819' title='bbox 868 5400 921 5455; x_wconf 75' lang='grc'>5.</span> 
     </span>
    </p>
   </div>
   <div class='ocr_carea' id='block_1_113' title="bbox 299 5542 1800 5631">
    <p class='ocr_par' dir='ltr' id='par_1_113' title="bbox 299 5542 1800 5631">
     <span class='ocr_line' id='line_1_113' title="bbox 299 5542 1800 5631; baseline -0.013 -16"><span class='ocrx_word' id='word_1_820' title='bbox 299 5559 416 5631; x_wconf 80' lang='lat'><strong>(56)</strong></span> <span class='ocrx_word' id='word_1_821' title='bbox 434 5554 844 5631; x_wconf 50' lang='grc' dir='ltr'>ῘΕμπροσθέν</span> <span class='ocrx_word' id='word_1_822' title='bbox 872 5571 990 5610; x_wconf 87' lang='grc' dir='ltr'>σου</span> <span class='ocrx_word' id='word_1_823' title='bbox 1018 5556 1131 5631; x_wconf 81' lang='grc' dir='ltr'>οὐκ</span> <span class='ocrx_word' id='word_1_824' title='bbox 1150 5542 1800 5631; x_wconf 42' lang='grc' dir='ltr'>ἐγεννήθηριἰιιιιτξινοᾱ</span> 
     </span>
    </p>
   </div>
   <div class='ocr_carea' id='block_1_114' title="bbox 221 5614 1796 5696">
    <p class='ocr_par' dir='ltr' id='par_1_114' title="bbox 221 5614 1796 5696">
     <span class='ocr_line' id='line_1_114' title="bbox 221 5614 1796 5696; baseline -0.012 -9"><span class='ocrx_word' id='word_1_825' title='bbox 221 5614 559 5688; x_wconf 55' lang='grc' dir='ltr'>νθιῖἰιιιἸειιῖ.</span> <span class='ocrx_word' id='word_1_826' title='bbox 592 5614 748 5688; x_wconf 57' lang='lat' dir='ltr'><strong>ixi&quot;.</strong></span> <span class='ocrx_word' id='word_1_827' title='bbox 788 5628 987 5696; x_wconf 83' lang='lat' dir='ltr'><strong>piaquc</strong></span> <span class='ocrx_word' id='word_1_828' title='bbox 1016 5614 1332 5696; x_wconf 67' lang='lat' dir='ltr'><strong>detorsioue</strong></span> <span class='ocrx_word' id='word_1_829' title='bbox 1367 5614 1602 5696; x_wconf 68' lang='lat' dir='ltr'><strong>applicat</strong></span> <span class='ocrx_word' id='word_1_830' title='bbox 1638 5614 1796 5669; x_wconf 85' lang='lat' dir='ltr'><strong>Filio.</strong></span> 
     </span>
    </p>
   </div>
   <div class='ocr_carea' id='block_1_115' title="bbox 223 5687 1798 5766">
    <p class='ocr_par' dir='ltr' id='par_1_115' title="bbox 223 5687 1798 5766">
     <span class='ocr_line' id='line_1_115' title="bbox 223 5687 1798 5766; baseline -0.013 -8"><span class='ocrx_word' id='word_1_831' title='bbox 223 5687 321 5758; x_wconf 79' lang='lat' dir='ltr'><strong>Est</strong></span> <span class='ocrx_word' id='word_1_832' title='bbox 347 5687 427 5755; x_wconf 84' lang='lat' dir='ltr'><strong>ibi</strong></span> <span class='ocrx_word' id='word_1_833' title='bbox 452 5701 553 5753; x_wconf 74' lang='grc' dir='ltr'>οὐκ</span> <span class='ocrx_word' id='word_1_834' title='bbox 570 5687 808 5766; x_wconf 62' lang='grc' dir='ltr'>ἐγένετο,</span> <span class='ocrx_word' id='word_1_835' title='bbox 833 5687 931 5749; x_wconf 71' lang='lat' dir='ltr'><strong>non</strong></span> <span class='ocrx_word' id='word_1_836' title='bbox 958 5695 1057 5759; x_wconf 76' lang='lat' dir='ltr'><strong>fuit</strong></span> <span class='ocrx_word' id='word_1_837' title='bbox 1081 5693 1219 5766; x_wconf 78' lang='lat' dir='ltr'><strong>alius</strong></span> <span class='ocrx_word' id='word_1_838' title='bbox 1261 5687 1640 5766; x_wconf 52' lang='grc' dir='ltr'><strong>Βςιιξξνιιίιίξη</strong></span> <span class='ocrx_word' id='word_1_839' title='bbox 1696 5700 1798 5738; x_wconf 84' lang='lat' dir='ltr'><strong>non</strong></span> 
     </span>
    </p>
   </div>
   <div class='ocr_carea' id='block_1_116' title="bbox 219 5756 1799 5843">
    <p class='ocr_par' dir='ltr' id='par_1_116' title="bbox 219 5756 1799 5843">
     <span class='ocr_line' id='line_1_116' title="bbox 219 5756 1799 5843; baseline -0.013 -14"><span class='ocrx_word' id='word_1_840' title='bbox 219 5756 327 5843; x_wconf 65' lang='lat' dir='ltr'><strong>fuit</strong></span> <span class='ocrx_word' id='word_1_841' title='bbox 352 5756 803 5843; x_wconf 64' lang='grc' dir='ltr'>[ονιιιαιιιέιὶειιε.</span> <span class='ocrx_word' id='word_1_842' title='bbox 830 5756 1094 5820; x_wconf 73' lang='lat' dir='ltr'><strong>Palatinus</strong></span> <span class='ocrx_word' id='word_1_843' title='bbox 1118 5763 1256 5818; x_wconf 85' lang='lat' dir='ltr'><strong>male</strong></span> <span class='ocrx_word' id='word_1_844' title='bbox 1281 5761 1360 5826; x_wconf 73' lang='grc' dir='ltr'>τὸ,</span> <span class='ocrx_word' id='word_1_845' title='bbox 1386 5756 1666 5830; x_wconf 77' lang='grc' dir='ltr'>ἐγεννήθη,</span> <span class='ocrx_word' id='word_1_846' title='bbox 1690 5770 1799 5825; x_wconf 91' lang='lat' dir='ltr'><strong>quo</strong></span> 
     </span>
    </p>
   </div>
   <div class='ocr_carea' id='block_1_117' title="bbox 506 5855 1210 5922">
    <p class='ocr_par' dir='ltr' id='par_1_117' title="bbox 506 5855 1210 5922">
     <span class='ocr_line' id='line_1_117' title="bbox 506 5855 1210 5922; baseline -0.007 0"><span class='ocrx_word' id='word_1_847' title='bbox 506 5862 778 5922; x_wconf 74' lang='grc' dir='ltr'>ΡΑτιιοι..</span> <span class='ocrx_word' id='word_1_848' title='bbox 815 5859 932 5920; x_wconf 79' lang='lat' dir='ltr'><strong>Gn.</strong></span> <span class='ocrx_word' id='word_1_849' title='bbox 980 5855 1210 5919; x_wconf 79' lang='lat' dir='ltr'><strong>XVIII.</strong></span> 
     </span>
    </p>
   </div>
   <div class='ocr_carea' id='block_1_118' title="bbox 1912 5533 3478 5606">
    <p class='ocr_par' dir='ltr' id='par_1_118' title="bbox 1912 5533 3478 5606">
     <span class='ocr_line' id='line_1_118' title="bbox 1912 5533 3478 5606; baseline -0.005 -12"><span class='ocrx_word' id='word_1_850' title='bbox 1912 5540 2001 5594; x_wconf 91' lang='lat' dir='ltr'><strong>hic</strong></span> <span class='ocrx_word' id='word_1_851' title='bbox 2036 5545 2158 5606; x_wconf 89' lang='lat' dir='ltr'><strong>apte</strong></span> <span class='ocrx_word' id='word_1_852' title='bbox 2192 5534 2479 5606; x_wconf 84' lang='lat' dir='ltr'><strong>multitudo</strong></span> <span class='ocrx_word' id='word_1_853' title='bbox 2510 5534 2748 5606; x_wconf 79' lang='lat' dir='ltr'><strong>ﬁliorum</strong></span> <span class='ocrx_word' id='word_1_854' title='bbox 2775 5534 2830 5588; x_wconf 93' lang='lat' dir='ltr'><strong>in</strong></span> <span class='ocrx_word' id='word_1_855' title='bbox 2858 5533 2970 5588; x_wconf 88' lang='lat' dir='ltr'><strong>Deo</strong></span> <span class='ocrx_word' id='word_1_856' title='bbox 2993 5533 3325 5606; x_wconf 68' lang='lat' dir='ltr'><strong>excluditur,</strong></span> <span class='ocrx_word' id='word_1_857' title='bbox 3352 5535 3478 5590; x_wconf 64' lang='lat' dir='ltr'><strong>ref.-</strong></span> 
     </span>
    </p>
   </div>
   <div class='ocr_carea' id='block_1_119' title="bbox 1907 5602 3478 5679">
    <p class='ocr_par' dir='ltr' id='par_1_119' title="bbox 1907 5602 3478 5679">
     <span class='ocr_line' id='line_1_119' title="bbox 1907 5602 3478 5679; baseline -0.004 -14"><span class='ocrx_word' id='word_1_858' title='bbox 1907 5611 2008 5671; x_wconf 85' lang='lat' dir='ltr'><strong>dit.</strong></span> <span class='ocrx_word' id='word_1_859' title='bbox 2047 5602 2242 5679; x_wconf 74' lang='lat' dir='ltr'><strong>factus.</strong></span> <span class='ocrx_word' id='word_1_860' title='bbox 2272 5605 2530 5679; x_wconf 76' lang='lat' dir='ltr'><strong>Negando</strong></span> <span class='ocrx_word' id='word_1_861' title='bbox 2552 5605 2695 5679; x_wconf 82' lang='lat' dir='ltr'><strong>enim</strong></span> <span class='ocrx_word' id='word_1_862' title='bbox 2728 5603 2900 5679; x_wconf 78' lang='lat' dir='ltr'><strong>factos</strong></span> <span class='ocrx_word' id='word_1_863' title='bbox 2931 5620 2958 5657; x_wconf 85' lang='lat' dir='ltr'><strong>a</strong></span> <span class='ocrx_word' id='word_1_864' title='bbox 2994 5602 3105 5679; x_wconf 81' lang='lat' dir='ltr'><strong>Deo</strong></span> <span class='ocrx_word' id='word_1_865' title='bbox 3134 5602 3297 5659; x_wconf 86' lang='lat' dir='ltr'><strong>Patre</strong></span> <span class='ocrx_word' id='word_1_866' title='bbox 3340 5606 3427 5679; x_wconf 68' lang='lat' dir='ltr'><strong>alii</strong></span> <span class='ocrx_word' id='word_1_867' title='bbox 3452 5622 3478 5659; x_wconf 90' lang='lat' dir='ltr'><strong>s</strong></span> 
     </span>
    </p>
   </div>
   <div class='ocr_carea' id='block_1_120' title="bbox 1909 5675 3474 5747">
    <p class='ocr_par' dir='ltr' id='par_1_120' title="bbox 1909 5675 3474 5747">
     <span class='ocr_line' id='line_1_120' title="bbox 1909 5675 3474 5747; baseline -0.004 -12"><span class='ocrx_word' id='word_1_868' title='bbox 1909 5675 2068 5744; x_wconf 70' lang='lat' dir='ltr'><strong>ﬁlios,</strong></span> <span class='ocrx_word' id='word_1_869' title='bbox 2114 5680 2329 5730; x_wconf 74' lang='lat' dir='ltr'><strong>videtur</strong></span> <span class='ocrx_word' id='word_1_870' title='bbox 2382 5677 2470 5731; x_wconf 82' lang='lat' dir='ltr'><strong>hic</strong></span> <span class='ocrx_word' id='word_1_871' title='bbox 2526 5675 2697 5731; x_wconf 87' lang='lat' dir='ltr'><strong>asseri</strong></span> <span class='ocrx_word' id='word_1_872' title='bbox 2748 5675 2943 5746; x_wconf 83' lang='lat' dir='ltr'><strong>factus,</strong></span> <span class='ocrx_word' id='word_1_873' title='bbox 2999 5676 3095 5747; x_wconf 92' lang='lat' dir='ltr'><strong>qui</strong></span> <span class='ocrx_word' id='word_1_874' title='bbox 3150 5676 3474 5746; x_wconf 81' lang='lat' dir='ltr'><strong>supponitur</strong></span> 
     </span>
    </p>
   </div>
   <div class='ocr_carea' id='block_1_121' title="bbox 1908 5747 2318 5806">
    <p class='ocr_par' dir='ltr' id='par_1_121' title="bbox 1908 5747 2318 5806">
     <span class='ocr_line' id='line_1_121' title="bbox 1908 5747 2318 5806; baseline -0.015 0"><span class='ocrx_word' id='word_1_875' title='bbox 1908 5753 2100 5806; x_wconf 87' lang='lat' dir='ltr'><strong>unicus</strong></span> <span class='ocrx_word' id='word_1_876' title='bbox 2132 5747 2318 5802; x_wconf 79' lang='lat' dir='ltr'><strong>Filius.</strong></span> 
     </span>
    </p>
   </div>
  </div>
