3862 6158
444 275 547 330 ἷῦὄ
1390 286 1446 343 S.
1489 280 1820 339 METHODII
1859 279 2167 339 EPISCOPI
2206 279 2294 336 ET
2329 274 2690 336 MARTYRIS

3582 279 3687 339 364

433 411 488 461 et
523 402 700 463 homo.
731 407 1027 469 Accinxisti
1054 412 1221 475 enim,
1252 409 1436 466 divina
1471 416 1560 461 tua
1605 406 1985 461 lncarnatione

2111 406 2425 477 ἀγαλλίαμα
2455 404 2562 460 τῶν
2597 404 2869 459 ἁπάντων.
2912 401 3212 476 Τοιγαροῦν
3253 402 3611 475 εὐφρανθήτω
3658 403 3686 455 ὁ

438 496 644 551 lumbos
678 496 920 568 quidem,
941 498 1160 566 Justitia
1192 511 1210 548 :
1243 497 1501 550 inunxisti
1531 514 1648 551 vero
1691 508 1739 552 et
1770 499 2005 563 veritate,

435 590 610 646 latera
637 591 705 655 ⁸³,
737 591 831 662 qui
857 591 995 663 ipse,
1025 591 1144 661 ipsa
1175 604 1233 643 re
1258 602 1384 643 vera
1419 588 1635 658 justitia
1665 589 1742 645 sis
1773 596 1827 644 et
1861 589 2006 643 veri-

434 690 542 746 tas,
576 680 1074 751 universorumque
1093 678 1407 735 exsultatio.
1436 677 1673 734 Laetetur
1697 679 1865 749 igitur
1894 694 2006 734 me-

430 787 559 828 cum
609 773 769 829 hodie
805 772 1029 836 coelum,
1076 772 1336 841 quoniam
1374 772 1665 828 miseratus
1692 777 1776 826 est
1822 769 2007 824 Domi-

432 880 538 920 nus
569 867 828 936 populum
861 878 1043 920 suum.
1074 862 1284 919 Rorent
1311 878 1441 919 vero
1481 864 1656 918 nubes
1683 863 1887 916 mundo
1909 862 2001 931 ju-

431 958 638 1013 stitiam
666 958 711 991 ”
745 954 759 1013 ὲ
792 957 887 1015 sed
914 966 970 1013 et
1001 957 1355 1012 fundamenta
1395 962 1572 1022 terrae,
1610 955 1805 1027 positis
1833 956 1886 1010 in
1918 956 2004 1009 in-

428 1047 608 1115 ferno,
634 1051 781 1106 velut
807 1050 1092 1121 clangente
1121 1050 1272 1113 tuba,
1304 1064 1496 1121 pacem
1527 1049 1777 1119 ingerant
1803 1067 1817 1104 :
1844 1047 2001 1103 adest

428 1140 577 1196 enim
602 1141 935 1197 resurrectio
964 1139 1377 1195 dormientium.
1407 1139 1577 1195 Terra
1604 1142 1769 1196 etiam
1802 1140 2000 1195 incolis

427 1232 547 1291 suis
584 1231 1019 1288 misericordiam
1065 1231 1350 1302 producat.
1403 1231 1657 1301 Impietas
1700 1234 2002 1310 enim‘sum
2042 1229 2826 1302 consolatione;tttperabundo
2855 1228 3050 1301 gaudio
3072 1228 3119 1261 "
3160 1239 3181 1279 :

425 1341 559 1383 num
583 1322 917 1380 Salvatorem
953 1323 1187 1380 videam.

499 1439 608 1497 νυ.
652 1440 743 1495 Sic
783 1455 914 1496 vero
958 1439 1188 1495 saliente
1232 1454 1401 1503 sene,
1454 1440 1748 1513 divinoque
1800 1443 1998 1512 gaudio

424 1533 725 1603 impensius
755 1532 1099 1597 exsultante;
1133 1532 1277 1602 quod
1308 1541 1467 1587 antea
1496 1548 1593 1603 per
1615 1532 1841 1604 ﬁguram
1865 1549 1996 1604 pro-

422 1623 583 1693 pheta
612 1623 782 1678 lsaias
827 1622 1003 1678 fuerat
1036 1624 1363 1679 vaticinatus
1398 1624 1463 1690 ⁸⁸,
1495 1639 1653 1679 sacra
1697 1624 1791 1680 Dei
1828 1626 1997 1681 Mater

422 1715 709 1784 perspicue
742 1729 800 1769 re
847 1714 964 1784 ipsa
1007 1713 1154 1770 fecit.
1210 1717 1498 1787 Accipiens
1526 1718 1713 1782 enim,
1764 1734 1830 1773 ex
1862 1733 1998 1788 puro

2111 498 2337 571 οὐρανὸς
2377 499 2613 569 σήμερον
2639 497 2756 568 ἆμα
2783 497 2938 569 ἐμοί’
2981 498 3064 550 ὄτι
3089 496 3318 567 ἠλέησεν
3358 495 3389 547 ὁ
3437 493 3569 557 Θεὸς
3594 493 3686 547 τὸν

2111 589 2238 643 λαὸν
2268 588 2454 644 αὐτοῦ.
2500 588 2845 642 Ῥανάτωσαν
2883 587 2946 659 δὴ
3005 588 3097 641 καὶ
3134 587 3190 640 αἱ
3225 586 3445 656 νεφέλαι
3486 584 3686 639 δικαιο-

2114 682 2278 752 σύνην
2322 679 2400 751 τῷ
2447 679 2671 750 κόσμῳ⁶
2725 678 3040 732 σαλπισάτω
3085 680 3180 731 καὶ
3216 677 3285 731 τὰ
3317 675 3541 747 θεμέλια
3587 676 3687 746 τῆς

2109 772 2211 844 γῆς
2241 773 2463 843 εἰρήνην
2493 774 2605 830 τοῖς
2635 772 2692 824 ὲν
2719 770 2846 842 ᾅδου
2868 787 2881 800 ·
2918 772 3146 841 πάρεστι
3174 770 3282 841 γὰρ
3321 770 3353 839 ἡ
3393 768 3687 827 ἀνάστασις

2109 861 2219 915 τῶν
2252 860 2684 931 κεκοιμημένων.
2725 859 3084 914 Ἀνατειλὰτω
3110 859 3204 912 καὶ
3234 858 3361 929 ήγῆ
3398 856 3545 920 ἔλεος
3570 856 3689 917 τοῖς

2111 953 2456 1007 κατοικοῦσιν
2481 954 2670 1026 αὐτὴν.
2710 951 3107 1021 Πεπλήρωμαι
3133 950 3242 1022 γὰρ
3274 948 3350 1018 τῇ
3372 945 3687 1017 παρακλή-

2111 1062 2206 1099 σει
2227 1085 2241 1110 ,
2270 1044 2367 1098 καὶ
2397 1043 2987 1113 ὑπερπερισσεύομαι
3010 1039 3085 1110 τῇ
3110 1038 3296 1110 χαρᾷο
3333 1040 3417 1093 ὅτι
3451 1033 3591 1092 εἶδόν
3626 1053 3688 1091 σε

2105 1137 2197 1191 τὸν
2231 1138 2459 1211 Σωτῆρα
2490 1137 2597 1191 τῶν
2632 1135 2955 1211 ἀνθρώπων.

3237 1225 3383 1299 quod
3422 1234 3476 1281 te
3502 1224 3686 1280 homi-

2173 1441 2248 1494 Ζ¹-.
2281 1437 2612 1510 Χορεύοντος
2643 1436 2700 1490 δὲ
2727 1432 2868 1489 οὕτω
2895 1433 2990 1488 τοῦ
3030 1433 3356 1506 πρεσϐύτου,
3388 1434 3481 1489 καὶ
3517 1452 3690 1504 γανυ-

2106 1531 2268 1603 μένου
2306 1532 2372 1601 τῇ
2421 1528 2541 1600 θείᾳ
2569 1526 2858 1599 εὐφρασίᾳ,
2902 1525 2971 1580 τὰ
3004 1525 3487 1598 κεχρηματισμένα
3530 1544 3693 1581 τυπιο

2104 1623 2215 1688 κῶς
2233 1622 2310 1694 τῷ
2331 1624 2581 1695 προφήτῃ
2617 1620 2830 1691 Ἡσαΐᾳ,
2855 1620 3171 1691 περιφανῶς
3188 1621 3221 1689 ἡ
3250 1617 3370 1689 ἱερὰ
3386 1617 3694 1692 Θεομήτωρ

2104 1714 2353 1778 έξετέλει.
2388 1713 2497 1767 Καὶ
2522 1712 2585 1784 δὴ
2618 1711 2891 1782 λαϐομένη
2928 1711 3020 1765 τὸν
3067 1711 3130 1763 ἐκ
3161 1708 3255 1763 τοῦ
3296 1710 3565 1780 ἀχράντου
3592 1710 3694 1766 καὶ

421 1807 876 1877 immaculatoque
898 1808 1054 1862 altari
1082 1824 1205 1873 suo,
1229 1809 1521 1864 carbonem
1546 1809 1697 1863 illum
1726 1810 1987 1865 viviﬁcum

2100 1809 2441 1881 παναμὼμου
2485 1808 2653 1879 αὐτῆς
2701 1806 3079 1878 θυσιαστηρίου
3123 1805 3503 1878 σαρκωθέντα,
3549 1807 3688 1871 ζωο-

414 1910 474 1954 et
497 1898 840 1962 ineﬁ‘abilem,
879 1914 1043 1955 carne
1073 1900 1355 1964 indutum,
1398 1908 1713 1956 sanctarum
1765 1917 1988 1958 suarum

417 2004 677 2044 manuum
700 1990 1007 2059 complexu,
1032 1996 1288 2061 tanquam
1325 1990 1551 2061 forcipe,
1575 1990 1726 2061 justo
1760 1993 1835 2046 illi
1862 2008 1991 2063 por—

417 2081 558 2135 rexit
587 2102 598 2136 :
634 2089 691 2136 ut
729 2082 860 2136 mihi
887 2082 1104 2153 quidem
1152 2082 1387 2142 videtur.
1421 2085 1691 2155 ejusmodi
1723 2086 1989 2141 sermoni-

415 2170 520 2230 bus
553 2174 712 2229 aﬁ‘ata
753 2175 956 2245 pariter
983 2182 1037 2232 et
1066 2175 1282 2231 hortata
1309 2196 1321 2232 :
1359 2177 1524 2234 Sume
1544 2220 1559 2243 ,
1613 2196 1778 2235 senex
1812 2180 1988 2235 hono-

414 2275 554 2331 rate,
586 2268 1039 2338 sacerdotumque
1069 2268 1307 2339 optime,
1346 2285 1498 2326 sume
1523 2269 1841 2338 Dominum;
1869 2282 1990 2326 tua-

411 2374 521 2428 que
550 2361 640 2414 illa
675 2375 781 2415 non
815 2360 978 2415 vidua
1006 2376 1102 2431 spe
1131 2369 1186 2415 et
1217 2361 1483 2429 desolata,
1514 2362 1714 2418 fruere.
1760 2363 1991 2434 Suscipe

415 2451 732 2506 thesaurum
801 2452 1222 2509 indefectibilem
1254 2496 1270 2521 ,
1343 2453 1672 2524 divitiasque
1728 2453 1992 2509 inauferi-

414 2543 571 2605 biles,
605 2544 688 2597 vir
710 2544 1152 2614 generosissime.
1199 2544 1522 2613 Amplexare
1567 2545 1863 2615 potentiam
1904 2545 1991 2600 in-

411 2635 771 2691 enarrabilem
804 2635 1018 2706 vimque
1068 2635 1709 2706 incomprehensibilem,
1756 2652 1877 2707 quae
1937 2644 1989 2692 te

414 2729 623 2791 fulciat,
658 2727 742 2781 vir
768 2728 1192 2798 sapientissime.
1225 2728 1689 2798 Circumpleetere
1719 2730 1987 2785 inﬁnitam

408 2818 880 2890 magnitudinem,
938 2818 1418 2891 fortitudinemque
1466 2821 1943 2890 incomparabilem
1971 2864 1986 2889 ,

410 2925 693 2968 sacrorum
728 2912 943 2967 aeditue.
976 2911 1405 2983 Circumplicare
1425 2914 1529 2985 ipsi
1563 2930 1659 2984 per
1696 2930 1757 2970 se
1776 2914 1989 2976 vitaa,et

409 3002 552 3066 vive,
583 3003 665 3058 vir
707 3004 1192 3061 venerabilissime.
1246 3005 1464 3062 Aretius
1522 3007 1986 3077 incorruptionem

410 3095 742 3165 constringe,
776 3102 827 3149 et
856 3110 1139 3161 renovare,
1170 3096 1254 3150 vir
1284 3096 1608 3166 justissime.
1641 3096 1784 3152 Nihil
1811 3096 1989 3151 audax

2103 1900 2256 1955 ποιὸν
2283 1902 2376 1954 καὶ
2410 1900 2785 1971 ἀνέκφραστον
2808 1897 3075 1969 ἄνθρακα,
3105 1897 3180 1961 ὼς
3203 1896 3379 1950 λαὸίδι
3402 1900 3468 1969 τῇ
3498 1896 3694 1961 συζεύ-

2100 1992 2177 2058 ξει
2218 1992 2325 2046 τῶν
2369 1991 2540 2060 ἁγίων
2573 1990 2743 2061 αὐτῆς
2776 1989 2995 2061 χειρῶν,
3028 1987 3107 2058 τῷ
3145 1987 3335 2059 δικαίῳ
3379 1988 3694 2060 προέτεινε,

2096 2084 2341 2147 τοιαῦτα,
2368 2084 2492 2154 ἐμοὶ
2523 2082 2688 2147 δοκεῖ,
2723 2080 2956 2149 λέγουσά
2983 2097 3044 2133 τε
3073 2079 3191 2151 ἄμα
3225 2080 3320 2133 καὶ
3344 2079 3692 2151 παρακελεύ-

2096 2192 2263 2230 ουσα·
2308 2173 2592 2238 Ἀπόλαϐε,
2628 2173 2905 2244 πρεσϐύτα
2934 2172 3101 2243 τίμιε,
3135 2171 3228 2225 καὶ
3255 2170 3443 2244 ἱερέων
3470 2171 3687 2243 ἄριστε,

2098 2266 2339 2321 ἀπόλαϐε
2362 2266 2452 2320 τὸν
2480 2264 2703 2337 Κύριον,
2734 2263 2830 2317 καὶ
2853 2263 3092 2317 ἀπόλαυε
3121 2263 3220 2334 τῆς
3248 2263 3307 2315 ού
3339 2263 3692 2335 χηρευσάσης

2100 2377 2194 2413 σου
2244 2359 2473 2423 ἐλπίδος.
2518 2355 2804 2424 Ὑπόδεξαι
2858 2354 3127 2429 θησαυρὸν
3173 2356 3526 2421 ἀνέκλειπτον,
3593 2355 3694 2410 καὶ

2098 2451 2324 2506 πλοῦτον
2357 2448 2739 2520 ἀναφαίρετον,
2774 2444 3266 2519 μεγαλοφυέστατε.
3302 2447 3692 2517 Ἐναγκάλισαι

2100 2544 2299 2614 κράτος
2348 2543 2772 2613 ἀνεκδιήγητον,
2835 2540 2930 2594 καὶ
2988 2538 3216 2612 δύναμιν
3268 2538 3695 2613 ἀνεξερεύνητον

2098 2635 2409 2707 ἐρείδουσάν
2455 2651 2537 2699 σε,
2588 2632 2887 2703 σοφώτατε.
2924 2631 3193 2705 Περίλαϐε
3228 2631 3459 2706 μέγεθος
3495 2633 3699 2704 ἀπεμε-

2096 2727 2331 2800 όριστον,
2377 2727 2473 2783 καὶ
2505 2727 2655 2799 ἰσχὺν
2689 2727 3036 2790 ἀνείκαστον,
3081 2725 3324 2798 ίεροκόρε
3359 2723 3493 2795 (57).
3524 2725 3701 2798 [lepr-

2099 2818 2334 2891 πλάκηθι
2373 2820 2437 2891 τῇ
2482 2819 2619 2891 αὐτῇ
2656 2819 2924 2890 αὐτοζωῇ,
2954 2817 3047 2872 καὶ
3082 2817 3229 2889 ζῆθι,
3267 2815 3694 2887 αἰδέσιμώτατσ.

2097 2908 2432 2981 Περίπτυξαι
2468 2910 2566 2981 τὴν
2615 2908 2948 2983 ἀφθαρσίαν,
3004 2910 3098 2964 καὶ
3142 2908 3695 2982 ἀνακαινοποιήθητι,

2095 3000 2419 3056 δικαιότατε.
2452 3002 2526 3055 Οὐ
2572 3000 2842 3073 τολμηρὸν
2882 3000 2945 3054 τὸ
2986 3001 3319 3074 ἐγχείρημα’
3357 3001 3433 3073 μὴ
3463 3000 3702 3069 δκλαζι,

2096 3092 2375 3147 όσιώτατε.
2416 3092 2783 3165 Ἐμφορήθητι
2824 3092 2918 3146 τοῦ
2977 3092 3332 3164 ποθουμένου,
3371 3094 3467 3146 καὶ
3508 3110 3694 3148 κατα-

408 3182 653 3250 facinus;
688 3200 756 3241 ne
801 3185 1068 3243 deieceris
1115 3188 1321 3253 animo,
1353 3188 1438 3244 vir
1486 3188 1854 3244 sanctissime.
1890 3185 1987 3241 Sa-

2095 3184 2366 3256 τρύφησον
2399 3183 2491 3238 τοῦ
2530 3180 2922 3256 ὲπιδιδομένου,
2955 3185 3155 3255 μᾶλλον
3194 3184 3248 3238 δὲ
3284 3184 3475 3238 ἑαυτὸν
3502 3185 3694 3240 ἐπιδι-

405 3274 548 3331 tiare
576 3276 670 3330 illo
707 3291 870 3347 quem
911 3276 1355 3348 desideraveras,
1407 3281 1677 3352 planeque
1714 3280 1988 3335 delectare

406 3367 506 3422 tibi
530 3368 676 3432 dato,
709 3384 807 3424 seu
838 3372 1032 3442 magis,
1059 3370 1223 3427 dante
1253 3388 1312 3428 se
1344 3373 1475 3438 tibi,
1507 3373 1591 3428 vir
1622 3373 1983 3427 divinissime.

406 3457 610 3515 Laetius
658 3461 934 3517 illustrare
985 3461 1111 3518 Sole
1162 3464 1433 3532 justitiaa,
1496 3465 1564 3522 de
1626 3464 1988 3519 mundissimo

406 3549 590 3605 carnis
620 3553 843 3622 speculo
873 3551 1324 3625 circumfulgente
1344 3595 1358 3617 ,
1413 3556 1497 3611 vir
1550 3554 1986 3625 religiosissime.

394 3642 489 3700 ~Ne
519 3645 617 3700 tibi
650 3647 1030 3720 tranquillum.
1061 3646 1311 3703 timorem
1347 3647 1610 3711 incutiat,
1658 3661 1794 3701 neve
1824 3661 1982 3699 man-

407 3736 642 3792 suetudo
688 3745 1022 3807 pcrterreat,
1064 3738 1150 3793 vir
1184 3738 1517 3795 beatissime.
1568 3737 1646 3793 Ne
1699 3738 1984 3792 inhorreas

406 3828 705 3893 lenitatem,
733 3843 869 3884 neve
889 3829 1179 3885 clementia
1210 3830 1490 3893 terrearis,
1522 3830 1605 3884 vir
1637 3827 1984 3885 modestissi-

395 3932 514 3974 me.
548 3918 759 3975 Alacris
792 3919 1151 3990 adglutinare,
1176 3935 1278 3976 nec
1313 3921 1546 3976 moreris
1574 3921 1821 3991 obsequi.
1862 3919 1985 3974 Non

392 4008 569 4062 habet
600 4007 882 4063 audaciam
910 4008 1054 4079 quod
1087 4007 1288 4064 dicitur
1309 4010 1521 4080 quodve
1553 4010 1886 4081 porrigitur:
1912 4025 1982 4065 ne

404 4110 534 4166 ergo
554 4097 856 4161 reluctaris,
876 4097 960 4152 vir
983 4098 1365 4155 urbanissime.
1394 4098 1515 4154 Non
1538 4100 1812 4155 comburit
1838 4100 1980 4171 ignis

403 4189 594 4259 gratiae
622 4188 838 4245 Domini
889 4190 1036 4256 mei,
1082 4191 1179 4247 sed
1213 4191 1504 4258 illuminat,
1539 4193 1624 4248 vir
1652 4193 1978 4263 justissima.

402 4281 594 4337 Bubus
623 4283 713 4338 ille
742 4284 809 4348 ⁵⁷,
833 4282 942 4339 mei
970 4282 1305 4355 ﬁguram,ad
1330 4284 1472 4356 ignis
1492 4284 1639 4341 illius
1666 4284 1979 4355 apparentis

401 4377 685 4443 veritatem
719 4381 1143 4445 repraesentans,
1174 4374 1367 4430 doceat
1393 4382 1474 4441 te,
1513 4377 1598 4431 vir
1644 4377 1780 4448 legis
1828 4377 1978 4447 peri-

399 4470 635 4525 tissime.
668 4467 929 4523 Caminus
959 4467 1052 4523 ille
1079 4468 1127 4500 ⁸⁸
1162 4468 1309 4524 velut
1363 4476 1558 4525 ventus
1615 4446 1759 4524 roris
1788 4484 1980 4525 susur-

399 4625 522 4750 21⁸³
562 4623 675 4679 15a.
719 4640 792 4689 ιι,
833 4624 887 4679 5.
993 4582 1040 4656 ’ί
1079 4623 1193 4679 Ira.
1249 4640 1374 4688 va,
1412 4624 1468 4679 8.

1580 4625 1626 4656 ⁸⁵
1662 4622 1707 4677 ll
1745 4622 1870 4679 Cor.
1907 4641 2003 4690 vn,
2035 4626 2088 4679 4.

2093 3276 2294 3340 δόντος,
2346 3276 2823 3348 ίεροπρεπέστατε.
2864 3274 3275 3349 Ἐναγλαῒσθητι
3315 3276 3396 3348 τῷ
3449 3277 3539 3331 διὰ
3587 3279 3694 3333 τοῦ

2093 3366 2424 3440 ἀκηλιδὼτου
2489 3368 2754 3439 ἐσόπτρου
2827 3366 2925 3439 τῆς
3004 3368 3207 3439 σαρκὸς
3276 3369 3695 3439 περιστίλϐοντι

2105 3460 2269 3531 Ἡλίῳ
2293 3461 2393 3533 τῆς
2420 3460 2780 3529 δικαιοσύνης,
2827 3458 3208 3514 εὐλαϐέστατε.
3251 3461 3343 3533 Μὴ
3374 3460 3548 3515 δειλία
3581 3462 3693 3535 τὴν

2093 3552 2453 3625 γαληνότητα,
2492 3552 2625 3625 μηδὲ
2657 3552 3011 3625 καταπλαγῇς
3059 3553 3157 3624 τὴν
3210 3553 3548 3625 ἡμερότητα,
3581 3572 3693 3625 μα-

2093 3643 2418 3714 καριώτατε.
2445 3645 2537 3717 Μὴ
2568 3644 2779 3717 πτήξῃς
2807 3644 2869 3698 τὸ
2896 3645 3142 3716 εὐμενὲς,
3174 3645 3309 3718 μηδὲ
3342 3647 3590 3719 ποηθῇς
3622 3648 3694 3702 τὸ

2091 3738 2376 3809 προσηνὲς,
2434 3736 2831 3791 ὲπιεικέστατε.
2891 3734 3159 3808 Εὐθύμως
3218 3738 3689 3811 προσκολλήθητι,

2090 3830 2184 3882 καὶ
2227 3826 2301 3899 μὴ
2333 3826 2630 3883 ἁναϐάλλου
2676 3829 2812 3900 πρὸς
2837 3829 2899 3882 τὸ
2930 3829 3172 3900 εὐήκοον.
3229 3831 3303 3884 Ού
3336 3830 3687 3903 θρασύτητος

2088 3920 2150 3974 τὸ
2181 3920 2528 3993 λαλούμενον,
2559 3920 2679 3974 οὐδὲ
2699 3919 2760 3974 τὸ
2796 3921 3238 3993 προτεινόμενονθ
3277 3922 3352 3996 μὴ
3384 3925 3686 3994 ἀφηνίαζε,

2086 4010 2442 4065 ἀστικώτατε.
2479 4011 2552 4064 Οὐ
2583 4010 2915 4082 καταφλέγει
2960 4011 3021 4064 τὸ
3066 4010 3177 4084 πῦρ
3208 4012 3306 4084 τῆς
3342 4013 3438 4067 τοῦ
3465 4015 3686 4087 Κυρίου

2090 4121 2191 4175 μου
2236 4104 2475 4176 χάριτος,
2536 4103 2672 4158 ἀλλὰ
2736 4102 2978 4175 φωτίζει,
3018 4104 3345 4164 δικαιότατε,
3402 4105 3578 4171 Βάτος
3618 4125 3688 4162 σε

2086 4196 2348 4262 πεισάτω,
2383 4197 2417 4268 ἡ
2448 4196 2539 4251 τὸν
2567 4195 2736 4249 τύπον
2763 4213 2865 4268 μου
2890 4196 3333 4269 περιστησαμένη
3370 4197 3509 4268 πρὸς
3542 4199 3689 4254 ὑπό-

2088 4303 2275 4342 στασιν
2306 4286 2399 4341 τοῦ
2429 4286 2800 4341 ἀνυποστάτου
2835 4286 3005 4357 πυρὸς
3039 4286 3171 4358 (58),
3205 4288 3683 4361 νομομαθέστατε.

2081 4377 2540 4452 Δροσοσυρίζουσα
2570 4379 2798 4451 κάμινος
2824 4379 3058 4433 πειθέτω
3092 4396 3170 4445 σε,
3201 4381 3544 4455 παιδοτρίϐα,
3579 4381 3685 4438 τοῦ

2086 4472 2382 4542 μυστηρίου
2421 4471 2519 4542 τὴν
2543 4472 2877 4544 οἰκονομίαν.
2924 4472 3067 4544 Πρὸς
3102 4472 3195 4526 ἐπὶ
3225 4473 3438 4539 τούτοις
3482 4476 3519 4548 ἠ
3565 4474 3689 4550 ὲμὴ

2201 4627 2245 4659 ἐ
2277 4624 2390 4681 lsa.
2433 4642 2508 4691 v1,
2541 4627 2595 4682 6.

2704 4628 2751 4659 "
2793 4626 2966 4683 Exod.
3007 4644 3093 4694 ut,
3132 4626 3188 4682 2.
3294 4630 3343 4663 "'
3380 4628 3529 4687 Dan.
3574 4644 3677 4701 ιιι,

474 4814 585 4891 (57)
628 4816 944 4891 'Iepoxdps._
983 4814 1275 4891 Sequimur
1320 4815 1537 4891 Pantini
1582 4816 1979 4891 conjecturam,
2014 4820 2059 4875 Β
2088 4831 2198 4891 non
2233 4817 2552 4891 ὑπόστασιν,
2572 4820 2977 4891 _apparentiam,
3028 4836 3133 4875 non
3181 4820 3320 4891 ignis
3365 4821 3681 4877 veritatem.

405 4892 464 4938 ut
498 4886 794 4958 legendum
827 4887 899 4940 sit
932 4886 1224 4958 ispoxépe,
1251 4886 1481 4958 quadrat
1515 4887 1661 4958 enim
1708 4887 1980 4958 materiai;

405 4961 465 5006 ut
487 4954 590 5026 ceu
602 4956 799 5026 templi
831 4954 1179 5026 praepositum
1213 4954 1455 5026 inducat,
1485 4954 1561 5026 ad
1576 4955 1842 5010 inﬁnitam
1867 4971 1983 5010 ma-

404 5024 740 5097 gnitudinem
768 5024 919 5097 illam
936 5024 1176 5097 suscepti
1202 5025 1355 5097 Jesu,
1381 5025 1568 5097 templi
1597 5025 1865 5097 angustiis
1897 5027 1979 5080 in-

404 5093 751 5167 cludendam.
779 5094 923 5167 Quid
949 5096 999 5152 si
1021 5093 1322 5152 retineatur
1348 5093 1788 5167 lepoxope,velut
1818 5096 1982 5167 signi-

406 5162 543 5236 ﬁcet
565 5163 808 5219 futurum
853 5165 1110 5233 juvenem
1156 5162 1540 5236 puerumque,'
1569 5164 1776 5236 Christi
1823 5162 1980 5235 pueri

406 5233 680 5305 amplexu,
732 5243 982 5290 sanctum
1035 5233 1242 5299 senem,
1277 5233 1451 5305 eoque
1482 5235 1702 5290 nomine
1731 5233 1979 5290 hortetur

410 5298 697 5375 S..Maria,
730 5310 791 5357 ut
825 5305 1086 5375 suscipiat
1118 5315 1268 5360 totus
1297 5298 1489 5375 spiritu
1521 5306 1848 5360 innovatus?
1884 5306 1975 5361 Sic

410 5322 697 5369 o.,maria,
730 5322 791 5357 ut
825 5322 970 5361 suscl
1013 5322 1086 5359 lat
1118 5322 1268 5360 totus
1297 5322 1489 5375 spiritu
1521 5322 1848 5360 innovatus!
1884 5322 1975 5361 me

405 5371 747 5442 Augustinus
776 5389 943 5444 serm.
976 5322 1045 5431 £5
1070 5376 1134 5430 de
1165 5387 1348 5444 temp.,
1379 5392 1430 5430 c.
1455 5376 1489 5430 ὅ
1515 5395 1528 5430 :
1552 5377 1772 5444 Agnovit
1798 5376 1978 5444 infan-

409 5449 510 5493 tem
546 5458 722 5500 senex.
763 5443 939 5514 [actus
970 5453 1049 5499 est
1085 5447 1139 5499 in
1186 5461 1345 5514 puero
1377 5462 1540 5514 ipuer.
1588 5443 1878 5500 Innovatua
1922 5447 1977 5500 in

405 5519 580 5590 etate,
611 5515 699 5590 qui
732 5512 913 5578 plenus
954 5524 1070 5568 erat
1111 5512 1323 5583 pietate.
1373 5513 1559 5569 Fuerit
1585 5526 1731 5570 certe
1757 5524 1810 5570 et
1842 5516 1975 5571 illud

408 5593 514 5632 non
547 5584 620 5633 ita
650 5584 1028 5636 inconsonum.

480 5648 591 5722 (58)
624 5647 780 5722 Πρὸς
810 5652 1153 5722 ὑπόστασιν
1179 5652 1285 5706 τοῦ
1317 5651 1738 5707 ἀνυποστάτου
1766 5654 1974 5722 πυρός.

405 5715 560 5773 Πιῐιιε
586 5718 842 5773 nimirum
864 5720 957 5789 qui
984 5721 1040 5775 in
1063 5722 1198 5776 rubo
1227 5722 1426 5779 ardens
1449 5722 1686 5792 ἔμφασιν
1716 5715 1975 5792 habebat,

2089 4886 2180 4961 Sic
2206 4889 2350 4943 enim
2383 4904 2527 4961 saepe
2571 4886 2749 4961 Deus,
2783 4890 2950 4961 nullo
2980 4886 3290 4961 mendacio,
3341 4892 3681 4961 apparentia

2084 4958 2266 5029 aliqua
2294 4959 2551 5014 sensibus
2584 4959 2801 5029 ingerit,
2832 4963 2898 5013 ad
2926 4958 3085 5015 ﬁdem
3114 4958 3468 5016 astruendain
3492 4964 3678 5019 veris.

2084 5025 2321 5110 videtur
2343 5025 2914 5110 ergqauctordudere
2946 5031 3001 5083 in
3034 5031 3534 5110 paronomia_il_lius
3567 5048 3683 5088 vo-

2082 5098 2191 5184 cis;
2218 5098 2602 5184 _velu_t.’dieat,
2653 5098 2722 5184 ad
2764 5098 3138 5184 substantiam
3182 5101 3326 5184 ignis
3364 5101 3514 5182 illius
3553 5117 3680 5158 non

2081 5168 2468 5241 subsistentis;
2518 5170 2784 5241 acvelut
2828 5170 3044 5240 objeeto
3077 5170 3172 5224 illo
3209 5168 3355 5241 igne.
3400 5173 3496 5241 qui
3531 5188 3680 5228 vere

2080 5238 2277 5293 rubum
2319 5238 2535 5294 ﬁamma
2562 5239 2862 5295 illustraret
2888 5238 2942 5296 et
2969 5238 3322 5305 adlamberet,
3377 5238 3434 5297 et
3472 5250 3677 5299 tamen

2077 5322 2345 5378 apparens
2376 5317 2540 5365 esset.
2572 5308 2887 5365 Ol'fendebat
2934 5309 3013 5375 τὸ,
3065 5311 3460 5377 ἀνυποστάτου,
3509 5313 3678 5368 velut

2077 5380 2423 5452 referendum
2468 5388 2613 5452 esset
2658 5380 2726 5434 ad
2773 5379 3061 5449 ﬁguratum
3091 5388 3145 5435 et
3173 5383 3420 5437 divinum
3453 5385 3673 5452 ignem,

2078 5449 2441 5522 évurréa'ca-rov
2487 5450 2637 5503 illum
2671 5458 2725 5505 et
2755 5452 3211 5516 αὐτοῢπόστατον,
3253 5449 3527 5522 nusquam
3558 5449 3672 5506 ἆν-

2077 5519 2392 5591 υπόστατον·
2414 5534 2473 5574 re
2496 5522 2893 5591 tamenmelius
2911 5531 3190 5591 perspecta
3210 5519 3447 5579 solidum
3477 5522 3678 5578 visum

2078 5588 2613 5663 est,etre_ferendum
2633 5590 2700 5645 ad
2729 5588 3021 5663 ipsuminet
3037 5588 3228 5662 ignem
3262 5593 3528 5663 typicum,
3559 5608 3675 5648 cu-

2072 5657 2166 5734 jus
2206 5659 2428 5734 modum
2468 5659 2686 5734 divinus
2731 5657 2821 5716 ille
2865 5661 3007 5731 ignis
3046 5657 3348 5721 sérvaveri't
3375 5663 3437 5720 in
3462 5661 3673 5734 Maria,

2073 5726 2217 5785 idem
2250 5728 2365 5801 ipse
2394 5729 2449 5785 in
2475 5728 2725 5788 Simeone
2750 5726 3088 5789 serviturus.
