3862 6158
261 292 375 352 365

1359 290 1594 347 SERMO
1631 290 1720 345 DE
1761 289 2061 348 SIMEONE
2093 285 2183 345 ET
2219 287 2430 349 ANNA.

3421 297 3533 356 366

261 407 480 480 γαστήρ
521 423 581 461 σε
625 406 915 472 διδαξάτω,
948 408 1006 459 ἐν
1115 407 1368 480 ἐχωρήθη
1400 410 1429 461 ὁ
1460 408 1759 481 ἀχώρητος,
1790 409 1835 475 ἐξ

1948 423 2080 465 rans
2108 448 2124 471 ,
2173 405 2494 463 oeconomiae
2548 403 2645 462 tibi
2695 416 3097 463 sacramentum
3158 411 3487 479 persuadeat
3513 455 3530 481 ,

256 493 327 571 ἧς
361 500 456 554 καὶ
497 499 785 573 ἐσαρκιίὤη
822 502 851 553 ὁ
882 500 1119 571 ἄσαρκος
1170 501 1359 569 Λόγος.
1396 501 1471 552 Οὐ
1512 500 1671 554 πάλιν
1718 499 1847 554 σάλ-

255 609 456 661 πιγγες
504 592 883 663 ἐκδειματοὼι
932 594 1060 657 τοὺς
1106 595 1447 664 προσιόντας,
1479 595 1589 649 οὐδ’
1617 589 1685 648 αὖ
1725 594 1850 665 ὅρος

254 681 656 751 καπνιζόμενον
684 682 802 746 δέος
825 683 1044 753 ἐμποιεῖ
1064 685 1177 746 τοῖς
1210 683 1696 755 προσπελάζουσιν,
1724 681 1849 735 οὔτε

257 774 369 844 μὴν
414 774 573 845 νόμος
612 772 829 837 κολάζει
872 773 1106 843 ἀφειδῶς
1144 773 1235 827 τὸν
1285 773 1504 843 θίγοντα
1541 773 1845 846 τολμηρῶς.

252 863 666 935 Φιλανθρωπίας
715 863 824 935 γὰρ
869 863 937 918 τὰ
978 865 1239 936 παρόντα,
1270 865 1729 934 συγκαταϐάσεως
1779 865 1849 919 τὰ

254 955 575 1026 φαινόμενα.
612 956 962 1027 Εὐχαρίττως
990 957 1230 1011 ἀπόλαϐε
1254 956 1344 1012 τὸν
1370 958 1505 1031 πρὸς
1542 958 1600 1011 σὲ
1627 957 1849 1013 ἐλθόντα

254 1046 423 1099 Θεόν·
462 1045 623 1109 αὐτὸς
654 1047 763 1118 γὰρ
794 1048 983 1116 ἀφελεῖ
1032 1048 1130 1112 τὰς
1173 1050 1403 1120 ἀνομίας
1450 1067 1565 1112 σου,
1612 1050 1706 1102 καὶ
1747 1048 1847 1113 τὰς

254 1140 529 1211 ἁμαρτίας
562 1156 655 1192 σου
700 1140 1077 1211 περικαθαρεὶ
1118 1144 1205 1196 Ἐν
1252 1142 1334 1196 σοὶ
1372 1140 1782 1213 προτυπωθήτω
1813 1142 1845 1212 ἡ

254 1230 353 1284 τοῦ
406 1232 611 1302 κόσμου
659 1231 946 1304 κάθαρσις.
988 1235 1075 1288 Ἐν
1120 1235 1203 1288 σοὶ
1238 1234 1332 1288 κα)⁸
1365 1233 1453 1288 διὰ
1492 1231 1584 1286 σοῦ
1627 1248 1845 1304 προμη-

254 1323 471 1396 νυθήτω
493 1326 604 1387 τοῖς
630 1323 839 1377 ἔθνεσιν
862 1327 895 1396 ὴ
923 1325 1066 1379 κατὰ
1085 1327 1243 1397 χάριν
1268 1327 1565 1389 δικαίωσις.
1596 1325 1667 1379 Σὺ
1696 1324 1846 1390 ἄξιος

251 1416 357 1486 τῆς
408 1416 669 1481 ζωοποιοῦ
719 1417 991 1488 ἀπαρχῆς.
1053 1419 1397 1490 Ἀπήλαυσας
1448 1419 1648 1489 νόμου;
1711 1417 1846 1471 ἀπό-

253 1507 449 1564 λαυσαι
494 1510 591 1564 καί
632 1510 730 1581 τῆς
771 1512 1009 1583 χάριτος,
1045 1512 1349 1584 Κέκμηκας
1392 1498 1473 1584 τῷ
1520 1512 1840 1584 γράμματις

253 1598 666 1672 ἀνακαινεσθητι
698 1601 756 1653 ἐν
789 1599 864 1671 τῷ
896 1601 1189 1672 πνεύματι.
1232 1603 1556 1656 Ἀπέκδυσαι
1588 1602 1687 1675 τὴν
1734 1621 1842 1658 πα-

252 1687 512 1761 λαιότητα
548 1694 642 1746 καὶ
678 1691 891 1745 ἔνδυσαι
932 1692 1032 1764 τὴν
1085 1694 1393 1767 καινότητα.
1428 1693 1611 1750 Ταῦτα
1650 1694 1757 1769 γάρ
1782 1712 1841 1749 σε

252 1779 582 1851 ἠγνοηκέναι
612 1780 673 1833 οὐ
700 1779 861 1834 δοκῶ.

1952 500 2210 570 magister
2253 500 2476 570 optime.
2539 498 2691 554 Meus
2738 499 2972 571 denique
3004 493 3190 558 uterus
3223 502 3323 559 tibi
3354 505 3528 561 docu-

1951 599 2135 646 mento
2167 592 2261 654 sit,
2292 592 2346 646 in
2367 608 2476 663 quo
2513 591 2613 646 fuit
2636 599 2949 654 contentus.
2974 594 3068 664 qui
3092 609 3365 666 nusquam
3394 598 3530 653 alio-

1951 685 2044 754 qui
2072 691 2251 754 potest
2290 685 2557 739 contineri
2586 703 2599 738 :
2634 699 2702 739 ex
2734 699 2843 754 quo
2879 685 3041 741 etiam
3079 682 3270 741 Sermo
3293 686 3383 744 ille
3408 703 3529 743 car-

1951 775 2039 831 nis
2076 790 2291 846 expers,
2324 775 2623 845 assumpsit
2651 790 2892 831 carnem.
2948 774 3070 831 Non
3098 777 3211 846 jam
3243 778 3387 835 tuba:
3425 792 3528 835 ter-

1950 868 2118 921 ritant
2164 866 2484 922 accedentes
2516 868 2603 921 '9:
2640 881 2752 923 non
2801 868 2996 923 iterum
3049 883 3209 926 mons
3256 870 3530 943 fumigans

1951 956 2516 1028 appropinquantibus
2550 956 2725 1027 injicit
2779 967 2980 1012 metum
3011 977 3024 1012 :
3056 972 3121 1012 ac
3173 975 3352 1031 neque
3406 961 3530 1027 lex,

1950 1048 2215 1106 audacius
2244 1049 2644 1121 contingentem
2669 1048 2915 1105 severius
2947 1049 3103 1119 punit
3135 1050 3200 1106 ⁶⁰.
3232 1049 3534 1111 Praesentia

1948 1142 2094 1196 enim
2146 1143 2521 1213 propensioris
2573 1149 2702 1197 sunt
2751 1143 2807 1197 in
2867 1142 3117 1199 homines
3151 1145 3348 1214 studii;
3401 1155 3534 1203 sunt

1949 1249 2070 1304 quae
2094 1241 2380 1305 geruntur,
2410 1235 2606 1290 divinae
2633 1236 2698 1289 ad
2725 1250 2827 1291 nos
2874 1227 3276 1306 inclinationis;
3307 1239 3528 1295 bonita-

1948 1326 2040 1391 tis,
2076 1340 2197 1396 qua‘:
2229 1334 2510 1397 apparent.
2551 1326 2753 1396 Excipe
2779 1328 3014 1397 gratanti
3049 1328 3233 1384 animo
3264 1331 3331 1385 ad
3355 1338 3405 1386 te
3434 1346 3533 1387 ve-

1946 1417 2187 1473 nientem
2224 1416 2391 1473 Deum
2421 1438 2433 1473 :
2472 1419 2587 1488 ipse
2614 1419 2761 1473 enim
2803 1417 3013 1474 auferet
3039 1418 3356 1490 iniquitates
3381 1429 3530 1488 tuas,

1944 1515 1999 1563 et
2025 1509 2267 1578 expiabit
2308 1517 2532 1580 peccata
2570 1518 2682 1564 tua.
2739 1507 2798 1563 ln
2843 1517 2898 1566 te
2930 1511 3167 1580 primum
3206 1513 3532 1570 informetur

1944 1600 2139 1655 mundi
2166 1601 2407 1658 universi
2463 1602 2735 1657 lustratio.
2761 1600 2819 1655 In
2851 1609 2904 1657 te
2930 1611 2985 1657 et
3013 1619 3110 1674 per
3138 1612 3222 1670 te,
3274 1606 3533 1676 gentibus

1943 1692 2306 1763 praenuntiata
2338 1692 2666 1757 innotescat,
2688 1710 2810 1765 qua:
2840 1696 3137 1752 secundum
3162 1698 3392 1768 gratiam
3415 1706 3523 1766 est,

1940 1784 2280 1855 justiﬁcatio.
2309 1783 2518 1855 Dignus
2568 1801 2630 1841 es
2678 1786 2909 1844 viviﬁcis
2956 1788 3237 1858 primitiis.
3285 1786 3433 1846 Usus
3462 1806 3526 1846 es

251 1868 412 1941 lege?
462 1881 616 1929 utere
666 1881 721 1929 et
749 1876 941 1945 gratia.
988 1873 1271 1947 Fatigatus
1323 1895 1384 1936 es
1429 1880 1645 1936 littera?
1705 1894 1971 1936 renovare
2002 1880 2220 1953 spiritu.
2256 1878 2407 1936 Exue
2450 1887 2809 1950 vetustatem;
2845 1891 2899 1939 et
2947 1885 3244 1940 novitatem
3278 1884 3526 1942 induere.

248 1960 373 2019 Non
396 1965 543 2020 enim
566 1973 699 2037 puto
727 1976 777 2023 te
812 1968 927 2024 hare
953 1971 1188 2026 nescire.

323 2087 407 2140 H'.
446 2088 570 2142 Ἐπὶ
596 2090 806 2156 τούτοις
838 2094 974 2147 πᾶσι
1017 2095 1532 2166 παρρησιασάμενος
1560 2095 1589 2147 ό
1619 2093 1835 2160 δίκαιος,

2019 2091 2155 2149 Vill.
2196 2091 2279 2148 Ab
2322 2091 2408 2148 his
2456 2091 2748 2158 omnibus,
2808 2098 3025 2162 sumpta
3054 2092 3240 2162 justus
3288 2091 3523 2162 ﬁducia,

250 2179 345 2232 καὶ
371 2181 439 2250 τῇ
468 2185 751 2253 προτροπῇ
786 2181 935 2247 εἴξας
957 2184 1055 2256 τῆς
1076 2184 1545 2257 διακονησαμένης
1565 2184 1682 2256 θεῷ
1703 2187 1841 2258 πρὸς

249 2269 574 2340 ἀνθρώπους
613 2272 975 2345 Θεομήτορος,
1026 2274 1322 2340 ὑπεδέξατο
1374 2277 1472 2348 μὲν
1513 2279 1632 2339 ταῖς
1667 2292 1842 2347 γηρα-

247 2363 401 2427 rem;
426 2363 694 2431 ἀγκάλαις
724 2364 833 2419 τὸν
862 2367 920 2420 ἐν
950 2368 1237 2438 νηπιότητι
1266 2368 1526 2422 παλαιὸν
1555 2367 1676 2422 τῶν
1701 2369 1842 2437 ἠμε-

246 2451 392 2518 ρῶν,
417 2453 682 2526 εὐλόγησε
701 2454 758 2507 δὲ
785 2455 876 2509 τὸν
906 2455 1038 2511 Θεὸν
1072 2458 1167 2511 καὶ
1196 2453 1316 2511 εἶπε
1337 2475 1351 2488 °
1398 2458 1530 2513 Νῦν
1553 2459 1840 2525 ἀπολύεις

248 2545 361 2597 τὸν
387 2544 616 2611 δοῦλόν
642 2562 780 2610 σου,
812 2548 1104 2611 Δέσποτα,
1138 2549 1288 2604 κατὰ
1327 2549 1394 2603 τὸ
1419 2548 1586 2619 ῥῆμά
1609 2564 1746 2614 σου,
1771 2550 1843 2603 ἐν

246 2634 482 2706 εἰρήνῃ.
512 2638 633 2690 Ὀτι
664 2633 829 2693 εἶδον
861 2644 915 2694 οι
957 2641 1255 2711 ὀφθαλμοί
1292 2658 1412 2710 μου
1440 2640 1508 2693 τὸ
1545 2638 1842 2708 σωτήριόν

244 2739 388 2790 σου,
418 2726 452 2781 ὃ
487 2729 821 2799 ἡτοίμασας
867 2732 1017 2788 κατὰ
1058 2735 1385 2801 πρόσωπον
1429 2730 1674 2786 πάντων
1720 2729 1841 2785 τῶν

246 2815 448 2870 λαῶν’
501 2818 630 2889 φῶς
675 2824 762 2889 εις
811 2823 1203 2893 ἀποκάλυψιν
1252 2823 1464 2889 ἐθνῶν,
1510 2824 1610 2879 καὶ
1652 2823 1841 2888 δόξαν

244 2909 406 2963 λαοῦ
436 2925 554 2966 σου
588 2912 851 2982 Ἰσραήλ.
888 2915 1182 2970 Ἀπέλαϐον
1208 2915 1306 2986 τὴν
1328 2914 1479 2986 παρὰ
1512 2913 1606 2968 σοῦ
1636 2914 1838 2970 ἄλυπον

244 3001 459 3073 χαράνο
513 3004 757 3059 ἀπόλαϐέ
805 3023 872 3077 με
915 3007 1235 3079 χαιρόμενον
1280 3006 1415 3079 (59),
1463 3007 1559 3059 καὶ
1598 3007 1836 3077 ἀνευφη-

249 3091 458 3165 μοῦντα
486 3095 555 3149 τά
591 3095 716 3168 ἐλέη
750 3113 864 3163 σου,
893 3097 1083 3171 Κύριε.
1125 3098 1436 3162 Ἀπέδωκάς
1468 3115 1557 3169 μοι
1606 3099 1705 3169 τὴν
1751 3098 1838 3150 εύ-

245 3184 482 3256 θυμιαψ
538 3187 837 3259 ἀποδίδωμί
890 3205 972 3242 σοι
1017 3190 1269 3262 εὐθύμως
1308 3190 1375 3244 τά
1418 3191 1833 3262 εὐχαριστήρια.

247 3278 465 3345 Ἔγνων
498 3280 718 3353 ἀγάπης
750 3282 885 3336 θεοῦ
917 3281 1168 3354 δύναμιν.
1196 3285 1273 3338 Δι’
1298 3283 1398 3354 ἐμὲ
1435 3282 1545 3355 γὰρ
1585 3280 1696 3352 (60)
1721 3283 1749 3334 ό
1773 3283 1837 3333 ἐκ

245 3372 345 3426 σοῦ
389 3372 542 3438 Θεὸς,
583 3376 1001 3447 ἀνερμηνεύτως
1052 3378 1146 3432 καὶ
1191 3377 1505 3450 ἀρῤεύστως
1535 3374 1833 3446 γεννηθεὶς,

1941 2181 2293 2254 Deiparaeque
2331 2179 2443 2238 Deo
2487 2180 2802 2236 ancillantis
2830 2182 2885 2235 in
2914 2181 2982 2237 iis
3008 2196 3130 2251 quae
3161 2190 3411 2253 spectant
3458 2185 3529 2240 ad

1936 2275 2210 2339 homines,
2233 2273 2602 2330 exhortationi
2631 2289 2696 2329 ac
2726 2273 2947 2329 monitis
2973 2273 3176 2329 cedens
3199 2316 3214 2340 ,
3238 2274 3528 2348 Antiquam

1938 2359 2090 2413 illum
2122 2359 2327 2413 dierum
2360 2359 2405 2391 σι
2436 2356 2698 2414 infantem
2719 2360 2747 2422 ,“
2788 2357 3053 2413 senilibus
3083 2358 3227 2414 ulnis
3258 2360 3522 2430 suscepit,

1938 2449 2216 2521 Deumque
2236 2449 2529 2505 dilaudans
2560 2449 2637 2503 ait
2661 2468 2674 2503 :
2694 2446 2747 2501 Ν
2751 2465 2853 2503 unc
2883 2447 3112 2504 dimittis
3128 2466 3333 2505 seruum
3351 2460 3523 2514 tuum,

1938 2542 2179 2609 Domine,
2197 2541 2480 2597 secundum
2508 2540 2721 2597 verbum
2744 2550 2893 2594 tuum
2934 2542 2988 2595 in
3019 2557 3167 2611 pace.
3204 2541 3346 2610 Quia
3378 2543 3525 2599 uide-

1938 2640 2063 2688 runt
2108 2632 2249 2686 oculi
2294 2632 2397 2687 mei
2444 2630 2698 2686 Salatare
2745 2638 2935 2685 tuam:
2966 2630 3106 2701 quod
3142 2633 3352 2701 parasti
3394 2643 3527 2690 ante

1938 2725 2129 2795 faciem
2167 2726 2401 2777 omnium
2436 2722 2785 2793 populorum;
2840 2723 3015 2777 lumen
3046 2722 3115 2777 ad
3151 2724 3523 2780 reuelationem

1936 2819 2189 2890 gentium,
2212 2825 2263 2871 et
2303 2816 2530 2887 gloriam
2564 2814 2730 2884 plebis
2764 2824 2868 2869 tua:
2899 2812 3072 2869 Israel
3100 2816 3166 2871 ⁶¹.
3197 2814 3395 2887 Accepi
3423 2817 3523 2872 abs

1938 2921 1992 2968 te
2020 2909 2341 2966 inoffensam
2369 2916 2425 2965 et
2455 2922 2682 2963 vacuam
2718 2906 2925 2962 doloris
2983 2905 3225 2962 laetitiam
3259 2927 3273 2961 :
3309 2914 3373 2962 tu
3409 2922 3519 2972 me,

1937 3001 2188 3065 Domine,
2218 3001 2509 3062 laetantem,
2539 3006 2772 3068 tuasque
2818 2996 3275 3068 depraadicantem
3302 2998 3523 3054 miseri-

1937 3094 2156 3150 cordias
2188 3093 2397 3163 accipe.
2428 3090 2512 3145 Tu
2562 3089 2821 3161 gaudium
2868 3088 2973 3143 hoc
3015 3089 3198 3143 animo
3230 3088 3515 3145 indidisti:

1937 3183 2182 3254 gaudens
2208 3198 2308 3254 ego
2336 3181 2521 3236 animo
2552 3179 2852 3251 gratiarum
2895 3179 2994 3234 tibi
3031 3194 3231 3235 munus
3252 3180 3516 3251 rependo.

1937 3272 2180 3344 Cognovi
2210 3273 2321 3327 vim
2368 3272 2566 3327 divinae
2600 3269 2927 3325 dilectionis.
2958 3267 3189 3339 Propter
3244 3286 3332 3325 me
3369 3273 3519 3327 enim

1937 3363 2084 3421 Deus
2113 3365 2226 3430 ille,
2257 3361 2520 3417 ineli‘abili
2552 3364 2763 3416 ratione
2794 3374 2859 3414 ac
2888 3360 3007 3415 sine
3052 3361 3407 3428 corruptione
3446 3376 3518 3417 ex

242 3464 534 3533 ἄνθρωπος
562 3466 802 3535 γέγονεν.
833 3470 1043 3538 Ἔγνων
1078 3470 1180 3540 τῆς
1216 3470 1315 3539 σῆς
1349 3468 1477 3540 περὶ
1505 3468 1652 3538 ἡμᾶς
1685 3466 1835 3537 κηδε-

1942 3464 1994 3513 te
2025 3457 2259 3527 genitus,
2290 3455 2469 3510 lactus
2516 3461 2601 3509 est
2642 3453 2827 3507 homo.
2875 3450 3114 3521 Cognovi
3170 3458 3317 3504 tuam
3366 3451 3519 3506 illam

246 3555 443 3624 μονίας
491 3556 552 3610 τὸ
598 3557 972 3630 ἀνέκφραστον
1004 3559 1251 3630 μέγεθος,
1291 3559 1373 3612 ὅτι
1416 3557 1485 3611 τὰ
1517 3556 1586 3610 σὰ
1625 3556 1835 3623 σπλάγσ

242 3664 348 3715 χνα
374 3647 761 3714 ἐξαπέστειλας
785 3652 866 3713 εἰς
881 3651 1132 3723 βοήθειαν
1161 3650 1337 3723 ἡμῶν.
1369 3652 1581 3720 Ἔγνων
1603 3650 1632 3703 ὃ
1658 3649 1832 3704 ἐδιδάο

243 3738 385 3809 χθην
409 3740 516 3793 ὑπὸ
541 3741 914 3812 Σολομῶντος,
941 3744 1221 3812 Κραταιὰ,
1252 3743 1520 3812 λέγοντος,
1540 3743 1620 3809 ὡς
1652 3740 1833 3797 θάνα-

244 3846 349 3896 ῑος
386 3832 426 3899 ἠ
467 3831 688 3901 ἀγάπη.
734 3834 833 3888 Διά
876 3834 1077 3906 ταύτης
1124 3834 1234 3905 γάρ
1274 3834 1695 3907 συντριϐήσεται
1738 3833 1832 3887 τοῦ

241 3919 480 3975 θανάτου
505 3923 568 3976 τὸ
591 3925 830 3997 κέντρον·
854 3927 942 3981 διὰ
968 3927 1171 3999 ταύτης
1193 3926 1374 3998 νεκροὶ
1404 3924 1548 3998 ζωὴν
1576 3923 1795 3995 ἅψονται
1814 3939 1828 3953 ’

242 4012 333 4066 διὰ
369 4014 575 4086 ταύτης
608 4014 833 4081 θάνατος
874 4018 1175 4090 μαθήσεται
1203 4018 1453 4084 θάνατον,
1482 4018 1832 4088 παυσάμενος

241 4104 345 4174 τῆς
367 4105 489 4157 καθ’
518 4107 673 4177 ἡμῶν
694 4109 1041 4181 ἐπικρατείας
1062 4128 1073 4140 ι
1101 4110 1189 4164 διὰ
1207 4109 1409 4181 ταύτης
1431 4111 1522 4164 καὶ
1547 4112 1575 4163 ὁ
1597 4108 1835 4181 ἀρχέκα-

241 4208 342 4256 κος
392 4193 516 4263 ὄφις
583 4199 922 4270 αἰχμάλωτος
981 4203 1269 4272 γενήσεται
1327 4202 1422 4256 καὶ
1481 4199 1827 4271 ὑποϐρύχιος.

254 4284 621 4354 Ἐ’γνώρισας
666 4290 828 4360 ἡμῖν,
856 4293 1055 4361 Κύριε,
1089 4293 1157 4347 τὸ
1200 4292 1496 4361 σωτήριόν
1528 4307 1663 4355 σου,
1696 4293 1829 4346 ἀνα-

242 4376 451 4447 στήσας
480 4382 609 4455 ἡμῖν
634 4381 799 4447 φυτὸν
823 4383 1043 4455 εἰρήνης
1064 4402 1077 4414 ·
1107 4384 1200 4437 καὶ
1226 4384 1406 4438 οὐκέτι
1430 4382 1665 4452 ἐσόμεθα
1695 4383 1831 4435 πλα-

238 4464 498 4535 νώμενοι.
539 4469 867 4543 Ἐγνώρισας
907 4477 1060 4545 ⁴ἡμῖν,
1089 4474 1282 4546 Κύριε,
1315 4475 1397 4527 ὅτι
1440 4473 1540 4526 ούκ
1576 4474 1654 4536 εἰς
1681 4472 1830 4534 τέλος

239 4558 528 4629 ὑπερεῖδες
579 4565 705 4628 τοὺς
744 4565 962 4630 δούλους
1017 4584 1132 4631 σου,
1168 4566 1357 4634 ἀγαθὲ,
1408 4565 1528 4619 οὐδὲ
1566 4563 1828 4618 ἐπελάθου

239 4648 386 4719 ἔργα
447 4653 646 4724 χειρῶν
694 4672 810 4710 σου.
866 4658 1331 4729 Κατοικτειρήσας
1374 4657 1483 4728 γὰρ
1530 4655 1687 4728 ἡμῶν
1732 4655 1829 4726 τὴν

237 4741 606 4815 ἐλεεινότητα,
633 4747 866 4816 δαψιλῶς
898 4749 1117 4820 ἐξέχεας
1157 4749 1239 4818 ἐφ’
1261 4750 1407 4821 ἡμᾶς
1448 4748 1545 4820 τὴν
1590 4748 1827 4819 ἔμφυτον

1938 3547 2372 3618 inexplicabilem
2418 3544 2595 3601 nostri
2647 3557 2835 3598 curam
2892 3543 3264 3612 studiumque,
3297 3544 3390 3613 qui
3421 3550 3517 3599 tua

1934 3644 2053 3714 ipse
2086 3642 2297 3698 viscera
2323 3637 2576 3695 emiseris
2610 3637 2665 3691 in
2716 3643 2962 3692 nostrum
3021 3635 3303 3689 auxilium.
3357 3635 3515 3691 Nunc

1934 3733 2152 3789 demum
2185 3730 2426 3800 intelligo
2449 3727 2594 3799 quod
2616 3743 2647 3782 a
2669 3727 2961 3781 Salomone
2986 3725 3288 3782 didiceram
3321 3746 3333 3780 :
3371 3726 3515 3781 For-

1936 3826 2004 3879 tis
2033 3833 2090 3877 ut
2133 3840 2273 3877 mors
2327 3821 2538 3876 dilectio
2567 3820 2635 3876 “.
2694 3817 2798 3874 Per
2847 3832 2967 3872 eam
3014 3818 3159 3872 enim
3199 3827 3517 3876 conteretur

1933 3916 2126 3972 mortis
2163 3913 2449 3978 stimulus,
2473 3928 2571 3983 per
2600 3926 2721 3967 eam
2765 3908 2969 3964 mortui
3003 3898 3265 3964 videbunt
3300 3910 3466 3965 vitam
3493 3950 3511 3977 ,

1932 4022 2030 4077 per
2061 4021 2181 4065 eam
2209 4019 2357 4060 mors
2378 4011 2609 4058 mortem
2641 3999 2971 4071 experietur,
3000 3997 3230 4070 imperio
3265 4000 3411 4071 quod
3456 4001 3515 4057 in

1934 4114 2036 4156 nos
2062 4097 2350 4154 exercebat
2382 4093 2618 4160 abolito;
2652 4109 2749 4164 per
2769 4109 2886 4149 eam
2915 4100 2969 4148 et
2990 4106 3217 4162 serpens
3241 4092 3514 4148 malorum

1935 4198 2128 4246 auctor
2160 4189 2408 4258 capietur
2453 4194 2508 4241 et
2540 4184 2939 4255 submergetur.
2967 4181 3167 4238 Notam
3196 4181 3370 4249 nobis,
3400 4182 3515 4238 Da-

1934 4284 2088 4347 mine,
2113 4280 2285 4352 feciin
2314 4277 2562 4333 Salutare
2584 4286 2730 4330 tuum
2760 4276 2825 4342 “,
2849 4276 3008 4331 nobis
3037 4275 3384 4331 exsuscitans
3410 4289 3511 4344 pa.

1933 4378 2014 4431 cis
2038 4373 2413 4444 propaginem,
2444 4385 2545 4425 nec
2581 4370 2813 4440 amplius
2841 4368 3227 4425 erraverimus.
3278 4365 3464 4420 Palam
3490 4406 3507 4430 ,

1935 4460 2421 4527 Domine,.fecisti,
2468 4468 2529 4514 ut
2555 4474 2666 4514 non
2700 4459 2757 4513 in
2784 4457 2943 4512 linem
2975 4456 3292 4527 despexeris
3318 4470 3510 4511 servos

1931 4566 2090 4622 tuos;
2122 4571 2298 4625 neque
2323 4567 2487 4624 opera
2511 4567 2772 4606 manuum
2804 4558 3042 4614 tuarum,
3069 4562 3102 4602 ο
3124 4547 3287 4612 bone,
3304 4547 3509 4603 oblitus

1931 4650 2031 4706 sis.
2060 4647 2351 4703 Miseratus
2384 4643 2529 4699 enim
2572 4642 2936 4698 miserabilem
2991 4647 3193 4697 sortem
3240 4645 3505 4697 nostram,

1933 4748 2219 4811 cognatam
2253 4738 2350 4792 tibi
2381 4737 2865 4804 inexhaustamque
2918 4732 3067 4786 illam
3099 4729 3393 4785 bonitatem
3449 4726 3508 4782 in

242 4833 338 4886 καὶ
373 4803 766 4909 ἀνεξάντλητόν
806 4803 900 4892 σου
938 4803 1417 4911 ἀγαθότητα,“διά
1460 4803 1553 4891 τόῦ
1586 4803 1826 4904 δίονογε-

1938 4803 2036 4885 nos
2066 4825 2335 4892 effudisti;
2369 4824 2665 4895 redemptis
2713 4803 2872 4878 nobis
2901 4837 2999 4893 per
3027 4819 3396 4911 Unigenitum,
3422 4817 3507 4870 in-

240 4923 373 4989 νοῦς
413 4926 507 4979 καὶ
550 4928 967 5001 ἀπαραλλάκτου
1016 4932 1125 5003 (61)
1167 4931 1262 4985 καὶ
1305 4928 1589 5003 ὁμοουσίου
1630 4929 1826 4993 Παιδός

240 5032 340 5068 σου
368 5016 467 5088 τὴν
496 5018 761 5093 λύτρωσιν
790 5022 945 5094 ἡμῶν
979 5023 1362 5095 ποιησάμενος,
1398 5018 1610 5085 ἀνάξιον
1633 5022 1823 5093 κρίνας

1932 4916 2391 4978 commutabiliter
2412 4914 2647 4971 similem
2675 4921 2728 4969 et
2755 4911 3002 4983 ejusdem
3041 4919 3222 4966 tecum
3249 4909 3507 4964 substan-

1929 5014 2036 5078 tiae,
2072 5009 2302 5066 Filium:
2330 5014 2422 5062 tua
2453 5007 2627 5077 ipsius
2659 5005 2945 5077 majestate
2994 5011 3049 5059 et
3080 5001 3323 5058 bonitate
3356 4998 3506 5053 indi-

311 5132 363 5164 ⁸⁹
402 5132 574 5209 Εξοά.
605 5153 717 5202 nx,
761 5137 849 5194 16.
955 5140 1002 5171 ⁸ο
1041 5138 1085 5193 ll
1120 5137 1243 5209 Reg.
1285 5156 1359 5202 vt,
1403 5139 1456 5193 6.
1536 5140 1576 5170 ⁶¹
1604 5138 1741 5191 Dan.
1785 5152 1835 5190 Ill

1945 5133 1998 5185 5.
2076 5129 2119 5159 ⁶²
2153 5127 2281 5183 Luc.
2325 5141 2385 5191 ιι,
2415 5122 2610 5179 29-32.
2687 5123 2734 5154 ”
2774 5119 2931 5176 Cant.
2974 5135 3092 5185 vm,
3134 5118 3189 5175 6.
3263 5117 3310 5150 “
3346 5116 3499 5173 Psal.

236 5217 412 5266 xcvn,
448 5203 509 5259 2.

317 5321 429 5395 (59)
461 5325 841 5395 Χαιρόμενον.
862 5322 1066 5395 forte,
1101 5323 1376 5394 χαίροντα.

317 5323 409 5391 (59
461 5325 841 5395 Χαιρόμενον.
878 5323 1066 5388 Forte,
1101 5323 1376 5394 χαίροντα.

317 5323 430 5464 (6οζ
452 5396 544 5469 ρι’
565 5395 677 5469 alia
702 5391 843 5469 γάρ.
862 5392 1175 5469 Habet,_sic
1212 5392 1465 5469 proprius
1492 5390 1685 5469 lactus
1724 5387 1815 5469 le-

240 5459 365 5533 gas,
413 5459 623 5533 aliquid
670 5459 878 5520 sanctis
928 5464 1171 5519 suavius.
1214 5459 1328 5516 ’δίο
1359 5463 1564 5533 passim
1617 5459 1810 5533 David,

240 5531 470 5610 Paulus,
504 5531 622 5610 etc._
657 5533 830 5588 Deum
871 5534 1172 5610 velutsibi
1214 5535 1450 5610 rapiunt.
1494 5531 1812 5610 _Th_eolog_us

238 5603 407 5661 etiam
437 5611 578 5659 orat.
602 5604 657 5657 in
689 5611 876 5657 sancta
903 5602 1149 5663 Lumina,
1179 5603 1338 5656 πάλιν
1362 5605 1391 5656 ὁ
1420 5603 1551 5672 ἐμὸς
1585 5602 1810 5672 Ἰησοῦς,

239 5688 352 5798 Eua
399 5673 470 5729 de
517 5689 592 5757 re.
620 5673 925 5756 luculenter
959 5672 1383 5755 Chrysostonrus
1430 5664 1485 5725 in
1528 5664 1716 5752 capfn
1744 5669 1812 5722 ad
1860 5664 1863 5671 ’

291 5743 372 5798 al.
418 5743 540 5798 Non
579 5754 763 5798 itaque
805 5742 965 5798 facile
992 5742 1157 5798 fuerit
1188 5758 1242 5798 tn
1276 5741 1566 5798 eiusmodi.
1600 5748 1815 5795 mutan-

291 5743 372 5799 al.
418 5743 541 5800 Non
579 5745 763 5817 itaque
805 5742 965 5801 facile
992 5741 1157 5800 fuerit
1188 5744 1242 5798 in
1276 5741 1566 5813 ejusmodi,
1600 5748 1815 5795 mutan-

1918 5318 2046 5372 dum
2077 5316 2353 5388 singulare
2383 5314 2439 5369 in
2459 5311 2689 5384 plurale.
2718 5309 2983 5366 Pantinus
3010 5309 3124 5375 bic,
3152 5317 3338 5364 nostra
3360 5311 3500 5363 enim

1919 5404 2103 5443 causa.

1990 5454 2673 5528 (61)}Axapa11dxgov:
2702 5450 2864 5528 velut
2893 5466 2990 5528 per
3016 5449 3491 5528 omnia_similem,

1919 5537 1974 5583 et
1995 5517 2226 5596 ‘qualem
2274 5517 2508 5596 sequens
2543 5524 2708 5596 illud,
2738 5517 3045 5594 ὁμοούσίου,
3084 5520 3337 5590 explicat.
3380 5517 3492 5596 v9:

1921 5590 2544 5673 theologica‘Gregorio,
2571 5590 2947 5673 Damasceno.‘
2966 5599 3097 5673 etc”
3131 5605 3390 5673 perquam
3421 5590 3496 5673 la:

1921 5657 2172 5722 miliaris.
2219 5657 2506 5728 Pantiitus,
2533 5657 2713 5724 male,
2762 5661 3104 5721 immobilem,
3133 5657 3260 5717 'nisi
3289 5657 3491 5715 erravi‘

1921 5739 2153 5813 prelum,
2182 5743 2237 5792 et
2263 5745 2451 5791 notare
2484 5735 2655 5790 voluit
2687 5731 3179 5789 incommutabilem.
