3862 6158
413 291 521 350 567

1343 283 1401 340 S.
1444 276 1779 340 METHODII
1817 280 2129 340 EPISCOPI
2169 284 2262 340 ET
2303 283 2664 341 MARTYRIS

3570 291 3676 349 368

413 424 579 482 gnum
614 415 785 472 ratus,
820 413 879 461 ut
902 405 1050 460 illam
1083 418 1361 459 servorum
1390 410 1608 459 tuorum
1642 406 1871 461 salutem
1896 405 1985 461 be-

2091 408 2187 478 τῆς
2233 408 2331 475 σῆς
2381 406 2753 478 μεγαλοσὺνης
2790 407 2885 460 καὶ
2923 406 3308 479 χρηστότητος,
3353 409 3539 485 οἰκέτῃ
3577 412 3676 484 τὴν

412 504 808 572 nellciumque,
859 498 1047 553 eadem
1088 497 1402 553 conditione
1436 513 1594 553 servo
1621 497 1986 565 concederes;

413 606 543 652 utve
601 610 697 650 eos
738 592 833 663 qui
860 590 1235 652 offendissent,
1270 590 1521 644 ministro
1554 589 1989 644 reconciliandos

414 688 803 742 committeres.
841 682 1150 745 Enimvero,
1177 698 1272 753 per
1301 680 1505 737 Lumen
1561 681 1691 735 illud
1743 681 1989 750 ejusdem

413 786 595 834 tecum
624 778 962 841 substantia},
996 775 1178 828 lumen
1216 773 1431 828 donasti
1464 773 1528 825 iis
1557 772 1647 843 qui
1676 771 1728 824 in
1767 770 1989 825 tenebris

412 879 465 926 οι
495 871 550 924 in
590 869 775 923 umbra
828 867 1010 921 mortis
1040 863 1286 920 sedebant
1321 865 1399 931 ‘5;
1452 872 1508 917 ut
1549 865 1602 917 in
1635 864 1828 917 lumine
1871 873 1988 927 tuo,

412 961 650 1017 scientia:
679 960 850 1011 lumen
875 955 1081 1010 videant
1106 955 1189 1009 “:
1222 954 1553 1026 placuitque,
1585 960 1646 1007 ut
1692 968 1787 1023 per
1810 950 1991 1005 Domi-

412 1068 547 1109 num
580 1060 631 1107 et
675 1059 976 1105 creatorem
1008 1047 1337 1102 rel‘ormares
1371 1061 1472 1100 nos
1529 1046 1582 1099 in
1615 1043 1993 1099 immortalita-

412 1151 557 1212 tem;
608 1144 876 1213 nobisque
905 1157 1003 1212 per
1033 1142 1210 1211 ipsum
1243 1138 1336 1210 qui
1389 1138 1645 1209 paradiso
1670 1139 1989 1194 deliciarum

412 1236 888 1297 exterminaverat,
918 1233 1154 1288 reditum
1200 1229 1512 1300 elargireris
1554 1229 1608 1283 in
1652 1229 1986 1299 paradisum.

411 1328 494 1382 Ad
528 1327 664 1390 haec,
696 1342 793 1397 per
835 1340 959 1382 eum
1011 1325 1102 1394 qui
1142 1322 1296 1377 habet
1337 1331 1646 1391 potestatem
1692 1320 1991 1374 dimittendi

409 1429 625 1492 peccata
656 1420 698 1451 ⁸⁷
743 1418 882 1489 quod
930 1425 1045 1471 erat
1087 1414 1334 1469 adversus
1382 1431 1475 1468 nos
1512 1412 1695 1467 delesti
1719 1413 1992 1483 chirogra—

408 1512 571 1585 phum
600 1513 664 1566 ⁸⁸.
703 1510 947 1580 Denique
974 1525 1071 1580 per
1100 1524 1222 1564 eum
1253 1507 1344 1578 qui
1369 1506 1560 1562 eodem
1584 1514 1763 1560 tecum
1792 1504 1991 1558 throno

409 1603 663 1663 sublimis
694 1602 867 1668 sedet,
897 1602 1098 1672 quique
1128 1616 1158 1653 a
1200 1598 1384 1653 divina
1435 1604 1532 1652 tua
1586 1605 1782 1651 natura
1817 1596 1992 1651 haud-

411 1711 683 1768 quaquam
711 1694 973 1751 excedere
994 1700 1193 1765 potest,
1227 1691 1434 1746 ﬁrmam
1466 1690 1624 1746 nobis
1670 1689 1992 1744 reconcilia-

411 1789 580 1844 tionis
612 1801 975 1857 accessusque
1002 1785 1219 1841 donasti
1257 1784 1540 1850 ﬁduciam;
1597 1792 1655 1839 ut
1684 1800 1781 1854 per
1808 1783 1990 1838 Domi-
2022 1818 2062 1872 Β

411 1896 585 1944 num,
643 1880 846 1935 nullius
901 1887 1281 1950 agnoscentem
1331 1876 1659 1947 imperium,
1711 1874 1989 1945 Deumque

408 1989 598 2030 verum
632 1989 696 2029 ac
716 1981 1020 2044 potentem;
1052 1979 1131 2027 tot
1161 1978 1547 2040 tantorumque
1576 1971 1845 2025 bonorum
1876 1974 1988 2024 vel-

411 2073 468 2122 ut
517 2065 825 2135 subscripta
866 2064 1097 2127 sanctio,
1130 2071 1279 2118 certa
1300 2070 1354 2117 et
1379 2061 1680 2118 indubitata
1704 2061 1849 2132 jura,
1878 2062 1988 2115 mi-

411 2157 765 2214 sericordiam
822 2156 1136 2212 consecutis
1181 2155 1500 2210 constituat.
1538 2153 1693 2221 Quod
1726 2165 1780 2209 et
1808 2156 1986 2225 ipsum

408 2250 538 2306 olim
584 2250 1040 2320 praenuntiaverat
1081 2248 1343 2319 propheta
1385 2247 1577 2304 dicens
1621 2267 1633 2302 :
1688 2246 1810 2300 Non
1845 2247 1988 2317 lega-

411 2348 496 2393 tus
520 2379 535 2403 ,
573 2356 677 2392 non
709 2339 960 2410 angelus;
992 2337 1083 2392 sed
1140 2338 1248 2407 ipse
1279 2337 1536 2392 Dominus
1581 2338 1807 2392 salvavit
1855 2355 1943 2393 eos
1967 2355 1985 2392 :

408 2444 680 2502 propterea
714 2431 854 2503 quod
881 2441 1084 2486 amaret
1115 2447 1224 2495 eos,
1247 2440 1296 2484 et
1328 2440 1565 2499 parceret
1602 2431 1730 2499 ipsis
1756 2439 1836 2486 :et
1862 2448 1983 2485 sus-

408 2525 543 2591 cepit
591 2534 639 2577 et
669 2523 924 2578 exaltavit
955 2539 1041 2577 eos
1075 2523 1140 2576 θ’.
1182 2521 1359 2592 Atque
1400 2521 1511 2576 hazc
1534 2522 1739 2586 omnia,
1769 2538 1873 2575 non
1921 2537 1987 2576 ea:

410 2615 650 2686 operibus
686 2632 803 2685 qua:
848 2616 1123 2685 fecerimus
1183 2615 1287 2684 ipsi
1336 2615 1390 2667 in
1443 2615 1683 2677 iustitia;
1732 2620 1824 2667 aut
1857 2615 1986 2684 quia

408 2719 462 2763 te
488 2708 842 2762 dilexerimus
868 2709 913 2739 "°
943 2706 1174 2778 (primus
1211 2705 1358 2760 enim
1397 2704 1486 2759 ille
1539 2719 1740 2775 parens
1799 2710 1988 2761 noster

410 2801 681 2873 terrigena
705 2843 717 2862 .
774 2816 897 2854 cum
948 2798 1190 2870 paradisi
1218 2795 1443 2851 delicias
1497 2796 1943 2868 domiciliumque
1968 2836 1983 2861 ,

410 2893 637 2950 honoris
681 2894 1039 2963 prmrogativa
1074 2897 1427 2953 consecutus,
1456 2896 1609 2943 tuum
1669 2888 1800 2944 illud
1846 2890 1987 2944 divi-

411 3000 541 3039 num
570 2986 862 3055 sprevisset
905 3000 969 3038 ac
1016 2984 1256 3039 salutare
1309 2966 1635 3051 praeceptum
1663 3019 1678 3044 ,
1728 2979 1985 3051 indignus

409 3080 557 3135 vitali
587 3080 680 3133 illo
708 3079 829 3133 loco
851 3078 1132 3148 judicatus
1159 3084 1243 3131 est
1268 3093 1282 3142 ;
1320 3089 1586 3144 suumque
1611 3088 1775 3128 omne
1798 3089 1985 3129 semen

2090 499 2198 553 τῶν
2236 499 2343 552 σῶν
2369 499 2593 554 οἰκετῶν
2624 498 3053 553 καταπιστεῦσαι
3094 501 3366 573 σωτηρίαν
3394 503 3487 556 καὶ
3518 504 3667 577 εὐερο

2090 594 2301 663 γεσίαν,
2339 594 2371 665 ἢ
2416 590 2712 664 λειτουργῷ
2766 591 3081 662 ἐγχειρῆσαι
3123 590 3222 663 τὴν
3282 592 3393 647 τῶν
3441 611 3675 666 προσκε-

2091 686 2402 759 κρουκότων
2460 686 2823 759 καταλλαγήν.
2879 686 3039 741 Ἀλλά
3096 686 3185 741 διά
3241 686 3336 740 τοῦ
3390 688 3676 757 ὁμοουσίου

2089 779 2273 843 Φωτδς
2298 778 2412 847 φῶς
2442 779 2569 847 τοῖς
2600 779 2669 833 ἐν
2692 781 2896 835 σκότει
2923 781 3022 834 καὶ
3049 778 3192 848 σκιᾷ
3216 776 3475 835 θανάτου
3494 781 3677 847 καθη-

2086 869 2293 940 μένοις
2325 870 2607 942 ὲδωρήσω,
2651 872 2754 926 ἵνα
2800 872 2871 926 ἐν
2902 870 2983 939 τῷ
3024 871 3114 939 σῷ
3151 872 3299 942 φωτὶ
3342 870 3512 925 ἴδωσι
3549 868 3679 941 φῶς

2091 959 2398 1030 γνώσεως·
2434 963 2529 1015 καὶ
2562 961 2649 1016 διὰ
2687 961 2780 1015 τοῦ
2810 962 3067 1016 δεσπότου
3101 963 3194 1017 καὶ
3219 961 3549 1034 δημιουργοῦ
3578 963 3674 1016 εὐ-

2091 1054 2326 1126 δόκησας
2354 1054 2661 1109 ἀναπλάσαι
2688 1056 2833 1126 ἡμᾶς
2860 1056 2939 1119 εἰς
2972 1054 3298 1126 ἀφθαρσίαν,
3329 1054 3424 1109 καὶ
3454 1053 3543 1108 διὰ
3579 1053 3674 1108 τοῦ

2092 1144 2452 1216 ἀφορίσαντος
2482 1145 2547 1197 ἐκ
2571 1144 2897 1216 παραδείσου
2926 1147 3135 1216 τρυφῆς
3159 1143 3258 1215 τὴν
3300 1146 3380 1208 είς
3411 1143 3674 1215 παράδειο

2093 1253 2183 1291 σον
2209 1231 2363 1299 αὖθις
2389 1235 2742 1301 ὲπανάζευξιν
2766 1236 3004 1308 ἐχαρίσω
3024 1251 3041 1266 ⁶
3065 1237 3160 1290 καὶ
3182 1235 3270 1290 διά
3293 1234 3400 1289 τοῦ
3424 1237 3676 1306 ἔχοντος

2090 1328 2381 1393 ἐξουσίαν
2421 1328 2655 1397 ἀφιέναι
2692 1328 2979 1398 ἁμαρτίας
3017 1327 3083 1381 τὸ
3124 1329 3252 1382 καθ’
3280 1326 3448 1398 ἡμῶν
3482 1328 3675 1397 χειρό-

2091 1435 2320 1487 γραφον
2349 1417 2706 1487 ἐξήλειψας·
2743 1418 2837 1471 καλ⁵
2864 1416 2952 1471 διὰ
2977 1416 3072 1471 τοῦ
3112 1416 3399 1491 συνθρόνου
3441 1416 3538 1471 καὶ
3574 1415 3676 1471 ἀν-

2092 1511 2411 1582 εκφοιτήτου
2457 1510 2555 1581 τῆς
2591 1510 2741 1573 θείας
2786 1526 2877 1562 σου
2924 1509 3137 1579 φύσεως
3174 1508 3271 1581 τὴν
3312 1507 3447 1580 πρὸς
3480 1506 3541 1560 σὲ
3560 1528 3683 1565 κατε

2094 1602 2329 1675 αλλαγήν
2414 1601 2509 1655 καὶ
2555 1602 2920 1673 προσαγωγὴν
2968 1603 3027 1655 ὲν
3072 1600 3390 1673 πεποιθήσει
3440 1599 3676 1669 ἐφιλοτι-

2094 1695 2282 1764 μήσω·
2333 1695 2482 1757 ὅπως
2533 1694 2620 1748 διὰ
2672 1694 2929 1748 δεσπότου
2978 1693 3353 1757 ἀϐασιλεύτου,
3393 1692 3486 1747 καὶ
3535 1689 3674 1746 Θεοῦ

2090 1784 2343 1856 ἀληθινοῦ
2374 1787 2468 1840 καὶ
2496 1786 2864 1853 ὲξουσιαστοῦ,
2895 1789 2922 1840 ό
2965 1786 3072 1840 τῶν
3100 1786 3367 1840 τοσούτων
3399 1785 3495 1838 καὶ
3524 1783 3677 1855 τηλι-

2091 1876 2299 1931 κούτων
2342 1878 2559 1945 ἀγαθῶν
2605 1878 2800 1947 δεσμὸς
2845 1880 3291 1951 ὑπογραφόμενος
3332 1876 3677 1948 ἀναμφίϐολα

2089 1970 2198 2032 τοῖς
2238 1970 2573 2039 ἐλεουμένοις
2616 1972 2934 2043 καταστήσῃ
2978 1972 3077 2042 τῆς
3112 1971 3329 2042 χάριτος
3369 1969 3436 2023 τὰ
3470 1969 3672 2023 δίκαια.

2089 2063 2224 2133 Περὶ
2256 2063 2376 2116 ὅτου
2427 2062 2522 2116 καὶ
2567 2064 2595 2115 ό
2649 2064 2933 2135 προφήτης
2974 2065 3319 2135 προεμήνυσε
3360 2062 3564 2131 λέγων·
3590 2062 3677 2116 Οὐ

2089 2157 2374 2224 πρέσϐυς,
2407 2160 2517 2211 οὐκ
2542 2156 2816 2228 ἄγγελος,
2844 2158 2981 2211 ἀλλ’
3012 2157 3195 2223 αὐτὸς
3222 2159 3255 2211 ό
3289 2157 3506 2225 Κύριος
3526 2156 3679 2209 ἔσω-

2088 2267 2201 2304 σεν
2239 2250 2479 2316 αὐτοὺς,
2515 2250 2672 2317 παρὰ
2721 2248 2786 2304 τὸ
2831 2249 3070 2317 ἀγαπᾷν
3100 2248 3343 2315 αὐτοὺς,
3396 2248 3497 2303 καὶ
3547 2247 3677 2317 φεί-

2088 2342 2295 2397 δεσθαι
2332 2341 2548 2405 αὐτῶν,
2586 2341 2683 2395 καί
2711 2340 2986 2404 ἀνέλαϐε,
3019 2340 3116 2395 καί
3154 2340 3403 2411 ὕψωσεν
3427 2340 3674 2405 αὐτούς.

2088 2434 2197 2486 Καὶ
2224 2432 2399 2486 ταῦτα
2431 2431 2608 2485 πάντα
2649 2434 2761 2485 οὐκ
2789 2431 2858 2496 ἐξ
2878 2432 3089 2501 ,ἔργων
3132 2431 3299 2501 ἡμῶν
3326 2430 3443 2485 τῶν
3479 2431 3552 2485 ἐν
3588 2430 3679 2485 δι-

2087 2526 2403 2593 καιοσύνῃ,
2429 2524 2538 2578 οὐδ’
2561 2526 2643 2577 ὅτι
2668 2525 2828 2595 ἡμεῖς
2862 2540 2920 2577 σε
2956 2525 3323 2595 ἠγαπήσαμεν
3357 2523 3405 2594 (ὁ
3436 2523 3680 2595 γὰργη-

2087 2618 2249 2689 γενὴς
2282 2616 2437 2687 ἡμῶν
2472 2616 2772 2687 προπάτωρ
2814 2614 2907 2667 καὶ
2951 2614 3051 2685 τὴν
3090 2616 3150 2667 ὲν
3198 2612 3511 2685 παραδείσῳ
3543 2628 3682 2686 τρυ-

2089 2708 2194 2777 φὴν
2225 2708 2317 2761 καὶ
2350 2707 2625 2777 διαγωγὴν
2662 2703 2929 2775 τιμηθεὶς,
2953 2703 3049 2774 τὴν
3084 2703 3233 2758 θείαν
3272 2703 3365 2758 καὶ
3408 2702 3681 2773 σωτήριόν

2089 2816 2181 2853 σου
2213 2797 2549 2868 ἐκφαυλίσας
2584 2797 2824 2867 ἐντολὴν,
2871 2796 3198 2866 ἀποδόκιμος
3246 2792 3460 2865 ζωηροῦ
3494 2791 3682 2864 χώρου

2087 2890 2302 2961 ἐκρίθη,
2337 2888 2432 2943 καὶ
2473 2888 2534 2943 τὸ
2573 2889 2680 2944 πᾶν
2708 2887 2873 2943 αὐτοῦ
2909 2888 3131 2959 σπέρμα
3161 2885 3506 2940 ἀκιδνότατον
3541 2900 3684 2938 κατ-

2086 2979 2302 3053 ἐστησε,
2337 2984 2452 3045 τοῖς
2491 2981 2665 3045 νόθοις
2711 2978 3048 3053 μοσχεύμασι
3092 2979 3190 3050 τῆς
3237 2975 3508 3049 ἁμαρτίας
3534 2992 3681 3048 συμ-

2088 3075 2381 3146 φυράσας),
2423 3074 2560 3129 ἀλλά
2604 3073 2670 3127 δι’
2697 3074 2885 3128 ἑαυτὸν
2926 3074 3021 3127 καὶ
3060 3072 3158 3144 τὴν
3191 3071 3319 3141 περὶ
3356 3068 3417 3124 τὸ
3448 3067 3683 3140 πλάσμα

400 3160 615 3243 spuriis
648 3172 854 3241 peccati
883 3162 1190 3225 stolonibus
1211 3166 1593 3226 commiscens.
1627 3165 1681 3219 in
1712 3179 1978 3220 summam

2091 3189 2178 3225 σου
2205 3172 2410 3241 ἄφατον
2440 3170 2682 3243 ἀγάπην,
2715 3168 3090 3242 ὲκραταίωσας
3120 3168 3206 3238 ἐφ’
3234 3169 3382 3240 ἡμᾶς
3416 3166 3479 3220 τὸ
3525 3165 3681 3229 ἔλεός

413 3265 747 3321 debilitatem
807 3261 1029 3332 adegit),
1065 3260 1160 3316 sed
1192 3260 1307 3331 ipse
1339 3268 1558 3329 propter
1592 3258 1939 3327 temetipsum
1967 3296 1982 3320 ,

411 3356 873 3425 inenarrabilique
904 3355 995 3408 illa
1039 3361 1129 3407 tua
1164 3367 1292 3423 erga
1331 3352 1643 3422 ﬁgmentum
1673 3351 1980 3413 dilectione,

407 3448 839 3505 misericordiam
877 3448 931 3501 in
962 3461 1064 3501 nos
1110 3456 1277 3508 tuam,
1307 3442 1551 3507 Domine,
1584 3442 1984 3508 corroborasti;

410 3551 763 3610 nostramque
827 3538 924 3593 abs
974 3545 1025 3592 te
1084 3536 1480 3607 separationem
1532 3534 1761 3597 dolens,
1821 3533 1985 3587 etiam

409 3632 528 3703 ipse
555 3641 627 3691 te.
661 3645 825 3700 super
854 3639 1038 3684 nostra
1065 3627 1435 3698 corruptione,
1469 3634 1528 3679 ut
1551 3624 1706 3679 dares
1736 3625 1792 3678 in
1826 3624 1985 3677 mise-

408 3724 669 3781 ricordias
704 3724 773 3785 ",
795 3721 1022 3793 placasti
1053 3727 1108 3774 et
1135 3719 1410 3774 inﬁexisti.
1439 3716 1579 3772 Hinc
1605 3731 1707 3771 nos
1729 3716 1988 3786 deinceps

409 3819 538 3872 Adte
563 3816 778 3871 soboles
812 3813 949 3867 festa
981 3812 1178 3882 plausu
1214 3810 1449 3882 agimus,
1475 3808 1619 3880 quod
1655 3800 1868 3879 primus
1898 3807 1989 3861 ille

410 3910 539 3964 Adae
569 3908 745 3971 ﬁctor,
789 3922 887 3961 sua
942 3906 1059 3975 ipse
1094 3911 1306 3974 sponte,
1337 3918 1514 3958 novus
1564 3902 1733 3957 Adam
1764 3899 1989 3956 eﬁectus

412 4003 484 4058 sit
518 4020 530 4055 :
565 4000 929 4071 splendorque
961 3995 1172 4049 Domini
1200 3993 1295 4050 Dei
1324 3994 1500 4050 nostri
1546 3992 1834 4049 nobiscum
1863 4004 1988 4045 ver—

413 4101 565 4151 satus
596 4091 797 4156 est”;
825 4097 882 4143 ut
912 4088 1081 4143 Deum
1106 4085 1245 4142 facie
1269 4087 1335 4142 ad
1361 4087 1552 4142 faciem
1582 4085 1903 4145 viderimus,
1934 4088 1988 4137 et

411 4186 548 4242 salvi
601 4183 728 4240 lacti
790 4181 984 4237 simus.
1039 4179 1435 4246 Quamobrem,
1487 4177 1871 4243 Domine,ate
1903 4174 1987 4229 di-

411 4273 905 4347 mittiquzcro.Vidi
924 4271 1178 4327 Salutare
1206 4282 1360 4326 tuum
1392 4290 1405 4325 :
1432 4270 1686 4325 absolvar
1714 4283 1842 4338 ergo
1870 4282 1988 4321 cur-

410 4388 479 4426 vo
508 4371 703 4425 litterze
745 4368 896 4438 jugo.
931 4364 1056 4420 Vidi
1108 4364 1310 4435 Regem
1360 4364 1775 4430 sempiternum,
1811 4368 1865 4415 et
1896 4358 1987 4413 cui

411 4462 553 4515 alius
596 4474 704 4512 non
759 4457 1018 4512 succedat
1046 4476 1057 4511 :
1096 4455 1348 4510 absolvar
1370 4452 1554 4510 servili
1580 4452 1771 4507 collari
1802 4451 1905 4504 hoc
1933 4455 1986 4503 et

2092 3278 2204 3326 σου,
2236 3260 2429 3333 Κύριε,
2461 3259 2906 3332 κατῳκτείρησάς
2938 3277 2997 3313 τε
3038 3260 3138 3329 τὴν
3157 3258 3458 3328 ἀπαγωγὴν
3485 3257 3674 3328 ἡμῶν,

2088 3354 2180 3406 καὶ
2200 3351 2388 3406 ἑαυτὸν
2415 3350 2768 3422 ὲδυσώπησας
2800 3349 2894 3403 ἐπὶ
2922 3352 2988 3420 τῇ
3018 3348 3336 3420 καταφθορᾷ
3355 3347 3509 3418 ημῶν
3535 3345 3679 3418 (62),

2087 3443 2194 3497 τοῦ
2214 3442 2423 3497 δοῦναι
2441 3440 2600 3511 ἡμᾶς
2613 3444 2700 3507 εὶς
2720 3441 3109 3511 οὶκτειρμούς.
3141 3438 3301 3493 Ὅθεν
3332 3437 3516 3511 ἑορταὶ
3543 3439 3680 3509 ἡμῖν

2088 3536 2271 3590 λοιπὸν
2317 3534 2777 3607 συγκεκρότηνται
2821 3536 2933 3597 τοῖς
2977 3531 3328 3604 Ἀδαμιαίοις,
3373 3532 3457 3584 ὅτι
3479 3532 3510 3583 ό
3533 3530 3680 3584 πλα-

2090 3627 2350 3699 στουργδς
2398 3626 2492 3680 τοῦ
2525 3625 2695 3697 Ἀδὰμ
2732 3625 2911 3678 ἑκοντὶ
2950 3625 3069 3688 νέος
3105 3624 3274 3695 Ἀδὰμ
3321 3622 3541 3693 γέγονε·
3580 3621 3681 3677 καὶ

2088 3715 2122 3784 η
2148 3713 2465 3784 λαμπρότης
2491 3713 2695 3783 Κυρίου
2729 3712 2821 3766 τοῦ
2851 3712 2985 3767 Θεοῦ
3008 3712 3166 3785 ἡμῶν
3197 3711 3315 3784 μεθ’
3347 3710 3508 3783 ἡμῶν
3546 3727 3682 3765 κατ-

2087 3806 2322 3874 εγένετο,
2337 3805 2477 3859 ὥστε
2496 3806 2623 3860 ἰδεῖν
2633 3806 2765 3859 Θεὸν
2782 3805 3067 3877 πρόσωπον
3083 3804 3218 3875 πρὸς
3235 3804 3521 3876 πρόσωπον
3539 3802 3680 3875 (65),

2088 3898 2181 3949 καὶ
2229 3896 2483 3968 σωθῆναι.
2532 3896 2804 3961 Τοῦνεκα,
2843 3890 2889 3949 ὦ
2924 3894 3192 3961 Δέσποτα,
3239 3894 3338 3967 τὴν
3382 3893 3532 3967 παρά
3578 3893 3680 3951 σοῦ

2088 3989 2347 4044 ἀπόλυσιν
2377 3990 2636 4062 ἐπιζητῶ.
2668 3985 2821 4044 Εἶδον
2852 3989 2912 4043 τὸ
2943 3989 3208 4061 σωτήριόν
3252 4005 3346 4042 σου
3368 4005 3382 4020 δ
3420 3988 3681 4044 ἀπολυθῶ

2088 4081 2180 4134 τοῦ
2232 4082 2704 4153 γραμματοκύφου
2759 4080 2946 4152 ζυγοῦ.
3011 4077 3164 4136 Εἶδον
3220 4080 3442 4152 βασιλέα
3504 4081 3680 4137 ἀΐδιον

2088 4174 2183 4227 καὶ
2214 4173 2517 4244 ἀδιὰδοχον⁶
2569 4173 2824 4228 ἀπολυθῶ
2879 4174 2974 4228 τοῦ
3020 4173 3265 4228 δουλικοῦ
3305 4174 3399 4228 καὶ
3445 4173 3680 4244 ἀχθοφό-

2091 4281 2184 4336 ρου
2227 4263 2429 4318 κλοιοῦ.
2462 4260 2614 4318 Εἶδον
2645 4266 2803 4334 φύσει
2838 4264 3112 4338 Δεσπότην
3140 4266 3237 4320 καὶ
3272 4264 3675 4337 ὲλευθερωτήνο

2087 4357 2306 4429 τύχοιμι
2332 4357 2425 4411 τοῦ
2462 4357 2804 4431 ὲλευθερικοῦ
2835 4356 3001 4412 αὐτοῦ
3037 4357 3257 4430 δεσμοῦ.
3283 4356 3458 4412 Λῦσόν
3482 4374 3551 4428 με
3581 4358 3677 4411 τοῦ

2090 4446 2254 4517 ζυγοῦ
2290 4448 2388 4518 τῆς
2420 4447 2817 4519 κατακρίσεως,
2844 4450 2939 4503 καὶ
2970 4447 3264 4515 ὑπόζευξον
3295 4447 3375 4519 τῷ
3404 4447 3553 4519 ζυγῷ
3572 4448 3677 4519 τῆς

410 4554 738 4626 ponderoso.
787 4551 910 4606 Vidi
941 4557 1139 4605 natura
1165 4547 1456 4602 Dominum
1497 4555 1553 4601 et
1606 4546 1986 4609 liberatorem;

2093 4539 2445 4604 δικαιώσεως.
2480 4539 2654 4594 Λῦσόν
2673 4558 2738 4613 με
2758 4540 2851 4594 τοῦ
2874 4540 3037 4610 ζυγοῦ
3054 4542 3149 4612 τῆς
3167 4541 3307 4611 ἀρᾶς
3322 4541 3527 4594 καὶτοῦ
3548 4542 3680 4595 ἀπο-

409 4642 713 4718 δοιιεοιιιιιιι
739 4659 869 4714 ergo
893 4642 1238 4698 liberationis
1273 4655 1407 4695 mea:
1429 4639 1498 4694 ab
1532 4639 1650 4709 ipso
1687 4637 1984 4692 decretum.

412 4740 574 4796 Solve
618 4756 704 4794 me
729 4780 743 4803 ,
797 4737 1026 4792 Domine
1046 4778 1061 4802 ,
1111 4734 1244 4805 jugo
1273 4730 1780 4797 condemnationis;
1815 4739 1869 4782 et
1899 4742 1986 4782 me

411 4832 585 4888 subde
613 4833 746 4902 jugo
799 4827 1230 4900 justiﬁcationis.
1267 4824 1426 4880 Solve
1454 4838 1541 4878 me
1581 4823 1716 4893 jugo
1767 4819 1986 4873 maledi-

2097 4635 2399 4698 κτείνοντος
2423 4634 2749 4707 γράμματος
2763 4651 2777 4668 ο
2806 4634 2901 4688 καὶ
2921 4634 3122 4708 ἐνειρον
3136 4634 3215 4706 τῷ
3235 4633 3452 4706 ἀριθμῷ
3468 4634 3567 4705 τῆς
3582 4634 3676 4689 εὖ.

2091 4724 2275 4795 λογίας
2293 4724 2402 4778 τῶν
2429 4728 2508 4788 εἰς
2532 4724 2803 4778 υἱοθεσίαν
2828 4726 3248 4797 εἰσποιουμένων
3272 4729 3339 4798 τῇ
3370 4727 3553 4798 χάριτι
3581 4725 3676 4780 τοῦ

2091 4816 2344 4889 ἀληθινοῦ
2361 4817 2454 4871 καὶ
2472 4815 2724 4887 ὁμοδόξου
2742 4816 2833 4870 καὶ¹
2843 4817 3180 4887 ὁμοδυνάμου
3197 4817 3386 4871 τούτου
3407 4816 3538 4871 Υἱοῦ
3557 4835 3675 4876 σου.

410 4929 609 4985 ctionis
654 4943 718 4982 ac
766 4925 1065 4981 occidentis
1094 4924 1285 4977 litterae
1317 4922 1398 4987 7';
1439 4933 1737 4989 eorumque
1757 4913 2121 4971 benedictioni
2146 4913 2324 4967 insere
2360 4927 2717 4982 accenseque,
2744 4912 2839 4982 qui
2875 4912 2956 4966 tui
2985 4912 3150 4982 hujus
3181 4911 3295 4967 veri
3317 4912 3675 4982 ejusdemque

407 5019 588 5075 tecum
621 5021 806 5090 gloriae
833 5027 886 5074 et
912 5016 1165 5088 potentiae
1197 5013 1317 5069 Filii
1346 5013 1542 5085 gratia,
1571 5012 1623 5066 in
1645 5012 1738 5081 jus
1764 5009 1998 5064 ﬁliorum
2020 5016 2146 5062 sunt
2176 5006 2422 5076 ascripti.

485 5111 572 5166 IX.
619 5110 740 5164 Sint
772 5126 937 5181 porro
966 5111 1100 5172 lucc,
1134 5108 1348 5179 inquit,
1405 5105 1748 5161 celebrandis
1786 5103 1985 5158 divinis

412 5203 754 5263 muneribus,
789 5201 1110 5255 brevissime
1133 5200 1396 5271 hactenus
1424 5203 1867 5250 commemorata.
1904 5190 1987 5245 Ad

486 5363 531 5393 ⁸³
570 5360 681 5414 lsa.
728 5377 802 5422 Ix,
842 5361 908 5428 2;
950 5378 1083 5423 xui,
1129 5362 1198 5427 7;
1239 5360 1366 5415 Luc.
1412 5376 1451 5423 ι,
1494 5359 1581 5414 79.
1658 5362 1703 5392 ⁶⁶
1739 5359 1889 5413 Psal.
1930 5376 1987 5413 ιιι

493 5448 589 5485 ιιι.
629 5435 682 5485 9.
758 5433 805 5463 "°
849 5432 952 5485 Tit.
998 5449 1095 5485 ιιι.
1135 5433 1187 5485 5.
1304 5434 1348 5464 ⁷³
1392 5432 1411 5485 l
1448 5430 1610 5485 Joan.
1651 5447 1725 5485 Iv.
1764 5431 1848 5484 19.
1960 5432 1978 5461 ⁷

2091 5402 2095 5417 ,
2137 5359 2225 5414 10.
2335 5360 2378 5392 ⁸⁷
2422 5359 2589 5414 Marc.
2634 5374 2697 5422 ιι,
2740 5359 2827 5413 10.
2906 5359 2953 5391 ⁸⁸
2990 5359 3063 5413 Co

2091 5430 2218 5485 ’sal.
2256 5444 2344 5485 (ιν.
2375 5430 2445 5485 46
2555 5432 2600 5462 ⁷⁸
2640 5428 2684 5482 ll
2724 5428 2847 5484 Cor.
2890 5445 2986 5485 ιιι.
3028 5429 3063 5482 6

2116 5444 2218 5485 sat.
2256 5444 2344 5495 (ιν,
2375 5444 2445 5485 4ο
2558 5444 2600 5462 η
2640 5444 2684 5482 ιι
2724 5444 2847 5484 Lor.
2890 5445 2986 5494 ιιι,
3028 5444 3082 5483 υ.

758 5433 805 5463 "°
849 5432 952 5486 Tit.
998 5449 1095 5494 ιιι,
1135 5433 1187 5485 5.
1304 5434 1348 5464 ⁷³
1392 5432 1411 5485 l
1448 5430 1610 5486 Joan.
1651 5447 1725 5498 Iv,
1764 5431 1848 5484 19.

414 5447 550 5488 um
576 5474 589 5493 ,
629 5435 682 5487 9.

485 5589 599 5659 (62)
646 5591 768 5643 Ἐπὶ
800 5590 876 5657 τῇ
914 5590 1253 5660 καταφθορᾷ
1286 5590 1471 5661 ἡμῶν.
1507 5591 1787 5662 Signiﬁcat
1816 5591 1985 5649 Deum

416 5675 446 5714 ο
474 5675 534 5715 se
562 5669 790 5719 motum,
842 5662 956 5713 sola
990 5676 1054 5713 ex
1098 5664 1255 5714 nobis
1289 5663 1497 5729 objecta
1529 5665 1768 5723 miseria,
1802 5674 1861 5715 ut
1889 5681 1988 5720 nos

416 5732 563 5799 duret
601 5730 651 5781 in
697 5730 1107 5787 misericordias.
1153 5732 1534 5783 reconciliatos
1581 5734 1633 5784 in
1677 5748 1778 5786 suo
1810 5733 1987 5799 Filio;

422 5798 567 5869 quod
597 5799 989 5855 incarnationis
1021 5800 1281 5854 motivum
1312 5801 1542 5871 theologi
1574 5804 1758 5857 multis
1790 5798 1987 5872 espen-P

2163 5100 2239 5153 Θ’.
2278 5102 2559 5153 Ἔστωσαν
2588 5099 2643 5153 δέ
2679 5117 2789 5171 μοι,
2823 5099 2986 5172 φησι,
3018 5100 3086 5153 τὰ
3132 5098 3251 5152 θεῖα
3283 5098 3678 5173 εὐχαριστήρια

2097 5191 2232 5263 πρὸς
2253 5191 2312 5244 τὸ
2342 5190 2514 5263 παρὸν
2555 5191 2682 5262 ἄχρι
2719 5191 2827 5245 τῶν
2866 5189 3214 5263 βραχυτάτων
3241 5189 3466 5245 τούτων.
3512 5189 3579 5245 Τί
3615 5189 3676 5244 δὲ

2335 5360 2378 5392 ⁸⁷
2422 5358 2589 5414 Marc.
2634 5374 2697 5422 ιι,
2740 5358 2827 5413 10.
2906 5358 2953 5391 ⁸⁸
2990 5356 3196 5413 Coloss.
3234 5358 3394 5422 ",4.
3470 5356 3517 5391 “
3553 5354 3674 5414 ιω.

2093 5595 2279 5735 dﬂigi)
2312 5666 2643 5731 Πρόσωπον
2672 5661 2823 5735 πρὸς
2844 5632 3195 5735 πρόσωπον,
3230 5659 3447 5735 ΝεειηρεεΔ
3467 5660 3520 5714 in
3552 5671 3670 5735 est.

2097 5729 2186 5799 ne,
2216 5729 2309 5788 καὶ
2336 5729 2599 5801 σωθῆναι,
2623 5743 2671 5786 et
2687 5732 2823 5784 δαιτὶ
2848 5732 2978 5800 [acti
2998 5733 3188 5795 simus,
3216 5729 3557 5801 apparitione
3578 5729 3667 5782 ilia

2093 5816 2147 5861 et
2175 5803 2485 5873 ell'ulgentia
2511 5804 2812 5875 Splendoris
2835 5802 3001 5858 divini
3026 5804 3082 5858 in
3111 5801 3255 5859 nube
3287 5801 3663 5857 humanitatis.
