3862 6158
178 315 320 374 369.

1273 310 1507 367 SERMO
1552 310 1637 365 DE
1677 309 1976 366 SIMEONE
2014 311 2101 366 ET
2141 311 2351 367 ANNA.

3314 314 3418 368 570

178 432 319 506 πρὸς
352 431 411 485 σὲ
442 428 763 502 φθέγξομαι,
794 423 839 484 ὧ
867 431 1060 503 Μῆτερ
1101 429 1366 501 Παρθένε,
1398 430 1492 483 καὶ
1518 428 1760 501 Παρθένε

1872 438 1915 484 Le
1942 445 2070 483 vero
2098 430 2224 499 quid
2250 428 2446 493 dicam,
2472 443 2504 482 ο
2539 427 2707 483 Mater
2725 427 2909 499 Virgo,
2943 435 2997 483 et
3027 427 3188 501 Virgo
3220 428 3422 486 Mater?

177 513 399 593 Ili-rep;
431 516 501 593 ἦς
526 520 633 591 γὰρ
660 520 719 572 τὸ
745 519 902 591 ἔργον
927 521 1027 573 οὐκ
1058 518 1412 591 ἀνθρώπινον,
1443 519 1643 590 ταύτης
1670 522 1761 573 καὶ

176 619 206 670 6
229 616 447 676 ἔπαινος
474 612 613 684 ὑπὲρ
644 611 947 684 ἄνθρωπον.
989 610 1081 664 Διὸ
1120 611 1220 681 τῆς
1264 609 1493 682 ἀπορίας
1528 610 1589 664 τὸ
1635 626 1763 662 σκυ-

177 707 399 781 θρωπὸν
442 707 511 759 ὲκ
557 703 665 757 τῶν
702 702 795 757 τοῦ
835 704 1150 774 Πνεύματος
1193 702 1321 774 περὶ
1372 703 1431 755 σὲ
1486 704 1763 775 καταλαμ-

177 796 372 870 πρυνῶ
396 794 593 869 γερῶν,
626 796 720 847 καὶ
764 794 833 848 τὰ
870 794 938 847 σά
982 811 1064 846 σοι
1106 792 1508 865 προσκομίζων,
1554 795 1618 848 ὲκ
1658 793 1765 847 λει-

184 891 383 963 μώνων
438 888 720 944 ἀθανάτων
759 888 857 958 τὴν
902 888 1051 959 ἱεράν
1093 904 1186 940 σου
1231 885 1325 940 καὶ
1363 884 1625 957 Θεοστεφῆ
1672 888 1764 940 ἀν-

181 981 413 1051 υμνήσω
467 978 660 1048 κάραν.
718 977 1010 1048 Πατρικοῖς
1062 981 1121 1029 σε
1170 975 1358 1047 ὕμνοις
1398 975 1766 1047 προσφθέγξο-

182 1087 307 1140 μαι,
342 1069 577 1141 θύγατερ
598 1067 780 1131 Δαϐὶδ,
808 1067 903 1122 καὶ
941 1067 1114 1142 μῆτερ
1139 1066 1231 1120 τοῦ
1265 1067 1469 1141 Κυρίου
1506 1068 1599 1121 καὶ
1629 1067 1762 1122 Θεοῦ

180 1159 367 1216 Δαϐίδ.
404 1161 636 1232 Δίσχρὸν
665 1159 774 1231 γάρ
809 1160 926 1231 ἅμα
964 1159 1060 1213 καὶ
1109 1157 1420 1229 ἀνεύςρημον
1469 1159 1766 1230 ἀλλοτρίοις

181 1253 409 1325 κόσμοις
437 1252 711 1324 κοσμῆσαι
748 1250 845 1322 τὴν
888 1253 953 1323 τῇ
995 1251 1172 1323 οἰκείᾳ
1216 1249 1342 1324 δόξῃ
1385 1249 1763 1323 διαφέρουσαν.

182 1344 352 1422 Δέχου
380 1344 575 1410 τοίνυν,
604 1341 990 1414 εὐμενεστάτη,
1021 1340 1167 1415 δῶρα
1191 1341 1367 1413 τίμια,
1394 1343 1487 1395 καὶ
1522 1343 1602 1395 σοὶ
1631 1342 1765 1413 μόνῃ

181 1434 439 1508 ἁρμόδια,
466 1429 513 1489 ὦ
555 1433 745 1489 πασῶν
787 1432 989 1503 γενεῶν
1039 1432 1365 1504 ὑψηλοτέρα,
1415 1434 1509 1488 καὶ
1547 1433 1764 1487 πάντων

181 1526 396 1598 ὁρατῶν
419 1543 479 1580 τε
516 1510 895 1598 καῗίάοράτων
929 1525 1423 1597 δημιουργημάτων
1465 1526 1766 1597 τιμιωτέρα

184 1619 436 1689 φανεῖσα.
464 1616 778 1689 Μακαρίαή
802 1616 924 1689 ῥίζα
949 1615 1042 1669 τοῦ
1083 1617 1303 1681 Ἰεσσαὶ,
1341 1618 1436 1671 καὶ
1459 1616 1766 1688 τρισμακά-

185 1726 371 1782 ριστος
399 1711 429 1762 6
455 1704 602 1772 οἶκος
629 1708 813 1773 Δαϐὶδ,
841 1711 898 1762 ὲν
922 1701 966 1776 ᾧ
999 1705 1333 1782 ἐϐλάστησας
1358 1708 1490 1781 (64).
1534 1710 1595 1761 '0
1623 1710 1765 1776 Θεὸς

180 1781 256 1857 ἐν
276 1803 448 1872 μέσῳ
477 1817 612 1867 σου,
641 1802 740 1855 καὶ
774 1803 844 1855 οὐ
874 1781 1227 1871 σαλευθήσῃ
1245 1820 1259 1833 ·
1298 1803 1512 1872 ﬁrmo-.9
1552 1804 1660 1872 γὰρ
1700 1802 1763 1856 τὸ
1794 1781 1838 1835 Β

182 1894 480 1964 σκήνωμα
528 1892 713 1948 αὐτοῦ
750 1897 782 1947 ὀ
827 1894 1128 1961 Ὑψιστος.
1177 1894 1263 1947 Ἐν
1311 1896 1394 1947 σοὶ
1442 1895 1549 1966 γὰρ
1583 1894 1768 1967 διαθῆ-

182 2000 279 2037 και
306 1983 418 2052 (65)
458 1983 553 2036 καὶ
592 1982 925 2055 δρκωμοσίαι
972 1982 1106 2036 Θεοῦ
1166 1984 1302 2055 πρὸς
1350 1985 1476 2047 τοὺς
1525 1985 1766 2057 πατέρας

180 2072 364 2145 ἡμῶν,
396 2071 549 2136 τέλος
578 2071 956 2125 εὐκλεέστατον
1004 2072 1267 2136 ἐδέξαντο·
1301 2074 1383 2126 ὅτι
1424 2072 1511 2126 διὰ
1558 2073 1650 2126 σοῦ
1674 2073 1767 2142 γέ-

179 2181 311 2233 γονε
337 2164 560 2237 Κύριος,
588 2166 616 2217 6
656 2164 787 2226 Θεὸς
816 2164 923 2216 τῶν
955 2164 1234 2234 δυνάμεων
1278 2165 1396 2235 μεθ’
1435 2164 1614 2237 ἡμῶν.
1664 2163 1767 2217 Τὸν

184 2254 283 2308 σὸν
307 2253 786 2324 προδιαγράφουσα
813 2252 1082 2323 θεοπρεπῆ
1112 2254 1451 2325 χαρακτῆρα,
1487 2253 1617 2306 Θεὸν
1647 2252 1768 2321 ἔφε-

184 2361 283 2415 ρεν
313 2345 594 2413 ἀφλέκτως
635 2347 669 2415 ἠ
710 2342 981 2413 ἄψαυστος
1016 2343 1193 2414 βάτος,
1234 2345 1663 2416 ἐμφανιζόμενον
1691 2343 1768 2415 τῷ

183 2437 445 2508 προφήτῃ
501 2435 578 2498 ὡς
619 2435 878 2507 ὁραθῆναι
926 2435 1211 2506 ηὑδόκησε.
1260 2436 1585 2508 Στερέμνιος
1617 2437 1661 2489 δ’
1700 2433 1765 2490 αὖ

184 2527 288 2582 καὶ
314 2525 490 2599 πέτρα
528 2526 828 2598 ἀκρότομος
859 2527 957 2599 τὴν
990 2529 1327 2599 παγκόσμιον
1359 2529 1424 2581 ὲκ
1466 2527 1559 2581 σοῦ
1593 2528 1769 2599 πηγά-

186 2636 362 2674 σασαν
398 2620 558 2692 χάριν
598 2619 694 2674 καὶ
740 2619 996 2690 ἀνάψυξιν
1037 2619 1556 2691 προεξεικονίζουσα,
1593 2637 1770 2691 παρα-

188 2713 383 2785 μύθιον
432 2712 571 2784 ῐαμα
613 2713 912 2769 ὲκλείποντι
951 2713 1064 2785 λαῷ
1106 2715 1171 2767 ἐκ
1214 2714 1452 2782 λαγόνων
1500 2711 1676 2785 ξηρῶν
1711 2715 1768 2767 ὲν

184 2807 381 2879 ἐρήμῳ
405 2804 640 2875 δαψιλῶς
679 2809 1008 2878 προήγαγεν.
1043 2807 1118 2860 Οὐ
1156 2805 1261 2878 μὴν
1290 2806 1347 2860 δὲ
1387 2804 1521 2859 ἀλλὰ
1554 2804 1766 2859 καὶτοῦ

187 2898 384 2968 ἱερέως
420 2898 454 2968 ἡ
485 2897 704 2968 ῥάϐδος,
745 2899 842 2951 οὐκ
880 2899 1135 2968 ἀδόκιμον
1181 2897 1456 2969 σύσσημον
1487 2896 1597 2969 (66)
1630 2914 1768 2969 παρ-

182 2991 380 3060 έσχετο
404 2989 505 3060 τῆς
536 2989 844 3061 ὑπερφυοῦς
874 3006 966 3043 σου
995 2986 1228 3060 λοχείας,
1255 2988 1604 3061 ἀγεώργητον
1635 3006 1768 3061 καρ-

183 3082 293 3135 πὸν
326 3079 690 3151 ὲξανθήσασα,
725 3080 994 3152 ίερατείας
1026 3078 1330 3150 ἐνδελεχοῦς
1362 3078 1671 3150 ἀρραϐῶνα.
1702 3078 1767 3131 Τί

1864 521 2021 590 cujus
2043 521 2186 576 enim
2222 536 2358 591 opus
2388 536 2497 575 non
2525 521 2821 575 humanum
2847 528 2932 577 est
2951 561 2966 586 ,
3014 520 3132 590 ejus
3162 531 3212 577 et
3238 524 3424 578 lauda-

1863 612 2008 666 datio
2034 611 2245 667 excedit
2269 612 2561 666 hominem.
2588 610 2949 679 Quamobrem
2975 615 3312 682 paupertatis
3337 613 3424 668 hic

1863 717 1994 756 mete
2019 701 2430 767 obscuritatem,
2474 703 2581 758 tuis
2608 717 2639 756 a
2674 699 2878 771 Spiritu
2912 701 3207 758 honoribus
3235 703 3423 760 donis-

1865 812 1968 865 que
2010 796 2335 850 illustrabo:
2378 803 2578 864 tuaque
2620 793 2715 847 tibi
2768 791 2999 849 oﬁerens
3035 808 3065 848 e
3095 795 3265 860 pratis
3323 795 3427 848 im-

1865 890 2203 953 mortalibus,
2225 894 2376 941 tuum
2399 900 2612 943 sacrum
2643 892 2695 941 et
2723 900 2753 939 a
2782 884 2891 940 Deo
2914 894 3232 940 coronatum
3264 894 3427 956 caput

1864 980 2173 1035 dilaudabo.
2201 978 2400 1035 Patriis
2419 986 2471 1033 te
2489 977 2738 1043 canticis,
2757 974 2892 1030 Filia
2923 975 3114 1042 David,
3151 975 3427 1047 Materque

1865 1073 2078 1128 Domini
2114 1079 2168 1127 et
2201 1068 2295 1127 Dei
2332 1070 2520 1133 David,
2549 1071 2815 1125 salutabo.
2846 1069 3025 1140 Turpe
3066 1070 3209 1125 enim
3240 1069 3425 1135 fuerit,

1864 1165 2107 1234 adeoque
2136 1161 2557 1232 inauspicatum,
2588 1169 2647 1215 ut
2673 1161 2865 1217 alienis
2894 1161 3127 1223 orneris,
3154 1176 3276 1231 quae
3298 1177 3426 1232 pro-

1866 1255 1981 1324 pria
2002 1251 2173 1325 gloria
2198 1250 2495 1321 prtecellas.
2526 1250 2726 1319 Accipe
2773 1251 2972 1322 igitur,
3008 1248 3423 1323 benignissima,

1864 1342 2005 1396 dona
2034 1342 2292 1412 pretiosa,
2320 1340 2529 1410 tibique
2558 1341 2648 1395 uni
2683 1342 3058 1397 convenientia
3086 1384 3100 1409 ,
3152 1358 3185 1396 o
3214 1345 3428 1398 cunctis

1865 1436 2064 1490 celsior
2086 1434 2549 1505 generationibus,
2574 1449 2802 1504 quaeque
2843 1433 2983 1488 inter
3011 1442 3193 1489 creata
3221 1435 3425 1500 omnia,

1867 1533 1981 1581 tum
2011 1526 2267 1590 visibilia,
2304 1535 2415 1579 tum
2469 1525 2783 1589 invisibilia,
2819 1525 3004 1582 multis
3037 1528 3279 1583 numeris
3325 1527 3430 1581 ho-

1866 1617 2166 1673 norabilior
2189 1616 2454 1672 enituisti.
2490 1615 2639 1672 Felix
2683 1617 2838 1671 radix
2878 1615 3051 1682 Jesse,
3083 1625 3134 1671 et
3165 1626 3247 1673 ter
3275 1619 3430 1673 beata

1867 1710 2061 1765 domus
2084 1707 2253 1763 David
2297 1708 2352 1761 in
2381 1724 2486 1778 qua
2511 1709 2847 1779 germinasti.
2874 1708 3013 1763 Deus
3048 1711 3099 1763 in
3129 1711 3295 1765 medio
3324 1714 3431 1778 tui,

1865 1810 1916 1856 et
1942 1818 2045 1856 non
2066 1799 2463 1855 commoveberis
2493 1818 2511 1855 .'
2541 1802 2886 1870 sanctiﬁcavit
2915 1803 3049 1855 enim
3087 1811 3154 1867 te,
3189 1802 3432 1857 taberna-

1867 1892 2043 1944 culum
2071 1907 2244 1957 suum,
2270 1890 2571 1945 Altissimus
2598 1892 2645 1922 ⁷³
2675 1909 2688 1944 :
2723 1890 2777 1944 in
2807 1900 2859 1946 te
2881 1892 3024 1945 enim
3048 1889 3138 1946 Dei
3162 1891 3228 1945 ad
3254 1899 3436 1961 patres

1866 1991 2186 2039 testamenta
2210 1985 2627 2054 juramentaque
2665 1983 2824 2038 ﬁnem
2854 1984 3310 2054 gloriosissimum
3341 1999 3433 2037 ac-

1867 2085 2154 2145 ceperunt;
2187 2078 2309 2145 quia
2348 2092 2442 2148 per
2480 2085 2534 2131 te
2593 2077 2853 2132 Dominus
2886 2077 3061 2132 factus
3114 2084 3196 2131 est
3221 2118 3236 2143 ,
3291 2075 3435 2130 Deus

1866 2169 2130 2222 virtutum
2162 2168 2465 2223 nobiscum.
2520 2166 2709 2222 Rubus
2742 2170 2830 2222 ille
2881 2168 3117 2222 intactus
3144 2168 3212 2231 ⁷⁸,
3250 2167 3434 2222 divina

1866 2258 2097 2330 quadam
2128 2259 2412 2327 majestate
2434 2260 2645 2328 plenam
2677 2259 2789 2328 jam
2824 2265 2936 2312 tum
2962 2258 3262 2315 informans
3286 2268 3435 2312 tuam

1869 2350 2116 2419 ﬁguram,
2148 2347 2316 2403 Deum
2378 2347 2654 2418 prophetae
2709 2356 3074 2416 apparentem,
3104 2347 3258 2426 juxta
3288 2345 3435 2415 quod

1869 2442 1916 2496 ei
1963 2441 2294 2510 conspicuus
2350 2439 2465 2494 ﬁeri
2512 2439 2718 2502 voluit,
2771 2440 3146 2493 incombustus
3203 2437 3433 2497 ferebat.

1869 2533 2013 2587 Dura
2060 2541 2239 2586 autem
2267 2546 2459 2585 rursus
2485 2545 2549 2585 ac
2578 2540 2850 2600 praerupta
2879 2538 3049 2601 petra,
3081 2530 3223 2601 quod
3270 2546 3336 2585 ex
3382 2539 3434 2583 te

1870 2625 1925 2678 in
1953 2623 2265 2678 universum
2290 2622 2478 2677 orbem
2519 2622 2708 2693 gratia:
2757 2638 2956 2677 munus
2989 2621 3434 2692 refrigeratioque

1868 2715 2241 2786 promanavit,
2286 2721 2340 2769 et
2368 2714 2487 2784 ipsa
2517 2714 2789 2783 quondam
2823 2714 3131 2784 exprimens
3186 2711 3435 2783 praeﬁgu-

1870 2824 2124 2879 ransque,
2167 2806 2439 2862 deﬁcienti
2494 2807 2550 2861 in
2603 2805 2856 2872 deserto,
2910 2807 3107 2877 populo
3152 2805 3434 2874 copiosum

1869 2901 2128 2955 auxilium
2161 2916 2228 2956 ex
2258 2900 2497 2956 hiatibus
2540 2900 2701 2955 siccis
2736 2898 2990 2969 produxit
3025 2900 3090 2953 ⁷⁵.
3133 2897 3240 2953 Sed
3269 2905 3321 2952 et
3349 2913 3437 2952 sa-

1869 2990 2105 3047 cerdotis
2128 2990 2280 3062 virga
2310 2989 2377 3055 ⁷⁶,
2411 2989 2468 3043 in
2514 2988 2750 3043 fructum
2793 2987 2910 3042 sine
2949 2987 3184 3049 cultura,
3211 2992 3436 3057 sponta-

1870 3097 2142 3154 neumque
2194 3080 2484 3137 sacerdotii
2542 3079 2800 3150 perennis
2846 3077 3206 3132 arrhabonem
3235 3118 3249 3143 ,
3290 3074 3438 3130 emo-

183 3172 278 3235 6i;
308 3173 402 3227 καὶ
426 3175 455 3227 6
490 3173 665 3244 μέγας
691 3174 928 3243 Μωῦσῆς
970 3175 1030 3226 οὐ
1080 3173 1272 3245 κομιδῆ
1321 3172 1651 3243 παρέστησε,
1681 3170 1766 3224 διὰ

1872 3191 1998 3233 rens
2026 3152 2094 3239 ⁷⁷,
2122 3175 2258 3229 nihil
2313 3172 2602 3243 reprobum
2635 3171 2817 3226 eximii
2854 3170 2929 3224 tui
2985 3177 3172 3240 partus
3219 3167 3440 3238 symbo-

184 3265 316 3327 τουπ
344 3264 474 3336 περὶ
501 3264 563 3316 σὲ
583 3264 1054 3335 δυσκαταλήπτους
1077 3263 1281 3326 τύπους
1311 3263 1621 3336 ἐγχρονίσαι
1655 3262 1766 3334 (67)

184 3355 270 3427 τῷ
296 3355 413 3427 δρει
444 3355 585 3425 ἐγνω
622 3354 691 3409 τά
721 3356 850 3426 περὶ
880 3355 982 3425 τῆς
1014 3355 1183 3424 ἁγνῆς
1221 3353 1626 3407 ἐκδιδάσκεσθαι
1669 3371 1769 3424 μυ-

189 3451 423 3521 στήρια;
466 3447 638 3520 Πῆξαι
686 3447 794 3518 γὰρ
846 3446 986 3501 κατὰ
1026 3446 1287 3519 σύμϐολον
1345 3448 1437 3500 και
1487 3447 1623 3518 πρὸς
1667 3447 1770 3514 ἀφ-

188 3541 452 3612 ομοίωσιν
483 3539 713 3593 κιϐωτὸν
748 3538 844 3592 καὶ
876 3538 1076 3609 ταύτην
1127 3538 1500 3610 προσταχθεὶς,
1534 3539 1595 3591 οὐ
1628 3554 1768 3610 παρ-

190 3634 374 3703 έργως
398 3632 668 3703 ἐχρήσατο
691 3633 801 3695 τοῖς
839 3631 1343 3701 προστεταγμένοις,
1373 3631 1420 3682 εί
1468 3630 1562 3684 καὶ
1603 3647 1771 3701 τραγ-

189 3724 473 3796 ῳδούμενα
494 3740 559 3776 συ
567 3722 836 3794 μϐέϐηκεν
854 3723 944 3775 ἐπὶ
960 3725 1025 3793 τῇ
1052 3722 1366 3788 καταϐάσει,
1383 3722 1497 3777 ἀλλ’
1513 3723 1592 3785 είς
1612 3723 1771 3775 πέντε

191 3818 368 3890 ἡμίση
399 3817 596 3888 πήχεις
627 3815 829 3887 ταύτην
850 3802 1187 3880 συντελέσας,
1205 3815 1485 3887 νομοδόχον
1514 3814 1770 3879 ἀνέδειξε,

192 3912 305 3972 τοῖς
347 3906 613 3979 χερουϐὶμ
646 3906 1159 3978 συγκαλυπτομένην
1178 3924 1191 3937 ·
1235 3905 1680 3975 ὲκφαντικώτατά
1712 3922 1770 3959 σε

193 4001 294 4072 τὴν
318 4000 579 4054 Θεοτόκον
610 3999 1106 4071 προσημαίνουσαν,
1133 3999 1228 4070 τὴν
1255 3999 1503 4070 ἀφθόρως
1532 3999 1770 4069 ἐγκυμο-

192 4095 461 4163 νήσασαν,
483 4092 579 4146 καὶ
606 4091 897 4161 ἀφράστως
915 4091 1303 4162 ἀποκυήσασαν
1324 4090 1420 4162 τὴν
1442 4090 1539 4160 τῆς
1564 4090 1772 4162 ἀφθαρ-

196 4185 321 4247 σίας
354 4183 610 4238 σύστασιν
649 4184 742 4238 ἐπὶ
767 4183 908 4237 τέλει
932 4182 1038 4237 τῶν
1080 4182 1240 4237 πέντε
1271 4182 1512 4253 ἡμίσεως
1543 4182 1637 4235 τοῦ
1681 4182 1772 4236 κό-

196 4292 336 4347 σμου
380 4276 614 4329 κύκλων.
663 4274 763 4329 Διά
795 4276 874 4341 σὲ,
908 4279 1003 4329 καὶ
1029 4276 1126 4347 τὴν
1157 4276 1221 4328 ὲκ
1252 4274 1344 4328 σοῦ
1376 4275 1641 4346 ἄχραντον
1676 4274 1771 4328 τοῦ

1875 3268 1984 3322 lum
2017 3268 2265 3338 praebuit.
2300 3267 2438 3333 Quid
2468 3264 2638 3319 vero?
2670 3263 2858 3319 Nonne
2908 3277 3137 3333 magnus
3169 3261 3258 3315 ille
3287 3258 3436 3330 Moy-

1877 3376 1964 3416 ses
2021 3360 2162 3415 idem
2184 3360 2488 3414 luculenter
2509 3356 2823 3419 declaravit,
2845 3364 3062 3424 propter
3092 3354 3165 3407 tui
3192 3351 3435 3406 diﬁiciles

1878 3453 2154 3507 intellectu
2212 3451 2451 3521 ﬁguras,
2501 3448 2708 3504 diutius
2749 3448 2803 3501 in
2851 3452 3086 3500 montem
3133 3456 3438 3498 commora-

1878 3553 1964 3601 tus
1991 3545 2056 3609 ⁷⁸,
2083 3551 2142 3598 ut
2173 3543 2354 3614 ignota
2378 3550 2470 3596 tua
2494 3548 2853 3603 sacramenta,
2881 3553 2914 3593 o
2940 3544 3112 3600 casta,
3140 3533 3439 3591 edisceret?

1875 3635 1933 3690 in
1970 3635 2045 3690 rei
2068 3637 2210 3690 enim
2234 3635 2396 3704 hujus
2421 3635 2655 3704 signum,
2682 3641 2734 3688 et
2763 3631 2830 3685 ad
2855 3628 3259 3700 exprimendam
3292 3625 3439 3681 simi-

1876 3726 2180 3790 litudinem,
2207 3726 2396 3796 jussus
2440 3725 2711 3780 fabricare
2749 3735 2952 3787 arcam,
2981 3733 3091 3772 non
3131 3718 3309 3773 obiter
3340 3731 3440 3770 ne-

1876 3818 2212 3888 glectiusque
2239 3817 2507 3871 mandatis
2544 3812 2935 3884 obtemperavit
2961 3830 2972 3865 :
3006 3823 3317 3880 quanquam
3346 3823 3439 3861 ac-

1876 3906 2124 3960 ciderunt
2152 3907 2359 3977 tragica
2391 3905 2637 3977 quaedam
2666 3906 2721 3959 in
2764 3907 3032 3960 descensu
3069 3915 3098 3954 a
3140 3907 3322 3955 monte
3342 3899 3389 3930 '~"
3422 3917 3435 3952 :

1875 3999 1968 4055 sed
1996 3999 2237 4070 quinque
2262 3999 2569 4054 cubitorum
2601 4006 2654 4052 et
2682 3995 2887 4052 dimidii
2916 3986 3242 4055 confectam,
3267 3992 3436 4053 illam,

1868 4093 2006 4162 legis
2054 4092 2474 4162 susceptricem,
2512 4089 2819 4146 cherubicis
2850 4088 2951 4141 alis
3013 4084 3337 4155 cooperuit:
3389 4090 3441 4136 te

1876 4183 2155 4254 Deiparam
2182 4183 2525 4253 apertissime
2557 4182 2972 4253 prassignantem
2997 4222 3012 4245 ,
3043 4192 3163 4247 quae
3186 4176 3305 4231 sine
3324 4190 3443 4229 cor-

1872 4276 2126 4347 ruptione
2165 4289 2288 4330 eum
2345 4273 2678 4344 concepisti,
2737 4269 3197 4338 ineuarrabilique
3230 4267 3441 4321 ratione

192 4367 331 4421 Θεοῦ
348 4368 520 4437 Λόγου
552 4368 846 4439 σάρκωσιν,
876 4367 972 4440 τὴν
1018 4371 1097 4433 είς
1140 4368 1225 4421 ἀεὶ
1264 4367 1547 4439 ἀτρέπτως
1574 4383 1635 4420 τε
1680 4368 1766 4421 καὶ

1875 4367 2150 4438 peperisti,
2180 4367 2271 4436 qui
2296 4366 2412 4436 ipse
2433 4364 2864 4434 incorruptionis
2885 4362 3031 4417 velut
3056 4358 3335 4415 concretio
3357 4364 3442 4411 est

193 4459 507 4531 ἀμερίστως
534 4459 592 4512 ὲν
623 4458 773 4531 αὐτῷ
801 4459 1176 4532 διαμένουσαν,
1207 4459 1299 4513 καὶ⁸
1326 4462 1358 4530 ὴ
1399 4459 1569 4530 χρυσῆ
1604 4458 1774 4529 στάμ-

265 4613 315 4645 ⁷³
356 4611 510 4669 Psal.
550 4628 692 4681 XLV,
731 4615 795 4680 6,
839 4616 891 4671 5.

193 4682 241 4714 ⁷⁸
281 4682 457 4739 Exod.
498 4702 602 4741 xxv
627 4727 643 4752 ,
679 4688 733 4742 8.
809 4686 855 4717 7’
894 4685 1066 4741 Exod.
1103 4702 1287 4748 xxx",
1326 4686 1379 4741 ί.

268 4794 385 4866 (64)
425 4796 522 4850 Ἐν
546 4790 595 4864 ᾧ
621 4796 1020 4868 ἐϐλάστησᾳς.
1053 4796 1121 4851 1η
1141 4766 1265 4868 qui,
1296 4797 1678 4868 quodspectat
1698 4798 1762 4851 ad

192 4865 399 4936 lineam
426 4868 840 4931 sacerdotalem,
866 4865 920 4922 in
940 4865 1161 4936 Nathanf
1178 4867 1271 4936 qui
1298 4868 1397 4921 fuit
1417 4865 1560 4922 Uria:
1584 4883 1767 4924 sacer-

192 4937 346 4991 dotis
374 4934 539 5002 ﬁlius,
584 4938 767 4993 domui
801 4945 856 4992 et
890 4938 1107 5006 familia:
1146 4934 1313 4992 David
1356 4937 1643 5006 adoptione
1678 4937 1766 4991 in-

194 5014 436 5078 sertam;
467 5021 528 5078 ex
559 5022 667 5077 quo
706 5007 967 5062 Dominus
999 5004 1179 5078 Iesus.
1210 5015 1372 5078 atque
1404 5004 1539 5062 adeo
1574 5007 1763 5078 Maria,

194 5075 467 5146 legaliter,
499 5075 653 5144 juita
695 5088 1002 5132 contextam
1046 5093 1077 5132 a
1116 5076 1263 5131 Luca
1279 5075 1480 5146 i'ipsius
1518 5077 1764 5146 genealo-

192 5143 366 5215 giam.
405 5143 559 5210 Quod
593 5155 771 5202 autem
803 5147 871 5201 ad
902 5147 1104 5216 regiam
1144 5162 1239 5215 per
1270 5143 1634 5213 Salamoniam,
1663 5162 1768 5269 lpo-

194 5217 332 5269 tius.
364 5231 430 5269 ea:
449 5232 584 5269 oua:
607 5219 895 5269 carnaliter
918 5226 1208 5269 nronacata
1225 5217 1343 5269 eius
1374 5232 1538 5269 carne
1566 5232 1631 5269 ex
1707 5232 1765 5269 a-

194 5217 332 5287 lius,
364 5231 430 5287 ea:
449 5232 584 5287 qua;
607 5219 895 5287 carnaliter
918 5226 1208 5287 propagata
1225 5217 1343 5286 ejus
1374 5232 1538 5271 carne
1566 5232 1631 5271 ex
1663 5217 1765 5270 Da-

190 5285 344 5358 vide,
380 5285 536 5358 ju_i_ta
575 5286 807 5342 Matthaei
837 5285 1118 5342 historiam
1152 5305 1167 5342 :
1195 5285 1355 5358 quem
1389 5288 1608 5341 modum
1630 5300 1764 5341 con-

191 5355 418 5428 cordiae,
448 5354 831 5428 Hieronymus,
865 5354 1230 5428 Augustinus,
1261 5367 1388 5428 et_c.,
1438 5365 1765 5425 acceperunt

194 5424 270 5497 ab
298 5424 594 5497 Africano:
634 5424 740 5497 qua
772 5429 840 5481 de
878 5443 937 5483 re
954 5424 1254 5490 'Baronius,
1292 5424 1614 5485 Torniellus.
1654 5434 1762 5481 etc.

191 5493 737 5568 QuamNicephorus
766 5514 832 5552 ex
860 5497 1148 5568 Hippolyto
1168 5504 1404 5568 martyre
1426 5497 1575 5551 aﬁ'ert
1598 5497 1765 5551 Annae

193 5565 570 5686 genealogiam
602 5582 669 5621 ex
712 5577 866 5636 patre
902 5565 1203 5631 sacerdote,
1248 5565 1538 5637 et'passim
1584 5570 1764 5621 verior

233 5633 452 5686 abetur.
484 5636 647 5686 habet
666 5640 828 5686 etiam
854 5647 1198 5686 nervetuslus
1224 5637 1404 5686 regius
1429 5639 1621 5686 codex.
1652 5637 1764 5686 nlu-

233 5633 452 5707 ahetuﬁ
484 5636 647 5693 habet
666 5633 828 5692 etiam
854 5647 1198 5706 pervetustus
1224 5633 1404 5707 regius
1429 5639 1621 5699 codex,
1652 5637 1765 5705 plu-

192 5704 352 5762 rimis
378 5704 613 5765 diversis
640 5704 962 5765 tractatibus
989 5724 1086 5765 seu
1109 5709 1272 5765 etiam
1290 5704 1569 5778 'excerptis
1600 5704 1763 5762 inl'er—

966 4615 1013 4649 ⁷⁵
1055 4614 1227 4669 Exod.
1292 4622 1392 4678 ιη’,
1441 4613 1495 4668 2.
1587 4614 1632 4645 ⁷⁵
1671 4612 1846 4669 Exod.
1899 4629 2048 4680 xvu,
2090 4613 2143 4667 6.

1878 4465 1931 4514 et
1953 4457 2337 4525 consistentia;
2393 4456 2555 4527 idque
2598 4457 2655 4511 in
2699 4455 2804 4510 ﬁne
2842 4455 3082 4525 quinque
3134 4461 3186 4506 ct
3228 4448 3439 4506 dimidii

2255 4614 2301 4645 ⁷⁸
2356 4610 2523 4665 Num.
2578 4626 2724 4675 xvu,
2764 4610 2833 4679 [8.
2911 4610 2955 4640 ⁷⁷
2994 4606 3156 4661 Hebr.
3217 4623 3316 4668 1x,
3381 4606 3453 4662 4.‘

1868 4797 2030 4922 citus,
2065 4797 2251 4867 ignoto
2283 4794 2603 4863 collectore;
2643 4793 2918 4863 antiquior
2951 4790 3090 4875 forte
3130 4791 3248 4860 ipso
3279 4790 3439 4846 Nice-

1868 4884 1902 4922 n
1942 4883 2058 4922 oro.

1942 4883 2058 4922 οΓ0.

1868 4884 2058 5009 pagg).
2085 4933 2505 5009 Διαθῆκαι-δίο
2519 4934 2723 5009 passim
2747 4934 3071 5009 interpretes
3101 4928 3439 5009 sacra3§cri-

1869 4999 2061 5076 pturaé,
2114 4999 2337 5076 ipseque
2377 4999 2578 5059 Paulus
2627 5004 2694 5057 ad
2723 4999 2937 5076 __Hehr'.,
2995 5017 3101 5057 non
3148 4999 3433 5076 συν-θῇκαι,

1869 5069 2056 5145 pacta,
2098 5069 2315 5147 foedera,
2363 5076 2506 5144 quod
2542 5082 2681 5147 teste
2718 5074 3046 5147 Hieronymo
3076 5086 3177 5147 vox
3211 5069 3436 5125 Hebraea

1873 5141 2290 5216 videtur'magis
2316 5141 2514 5201 habere
2549 5161 2561 5216 ς
2598 5145 2768 5216 cujus
2786 5145 2863 5199 rei
2894 5141 3212 5214 mysterium
3244 5150 3436 5211 prose-
3469 5187 3475 5205 ,

1870 5225 2112 5289 quu_ntur
2140 5214 2382 5289 ejusdem
2410 5215 2559 5269 Pauli
2584 5214 2943 5289 expositores.

1942 5287 2054 5355 (66)
2080 5281 2199 5339 065a
2219 5285 2502 5355 ἀδόκιμον
2520 5281 2862 5352 σύσσημον.
2881 5284 3179 5355 Commune
3198 5281 3435 5355 signum,

1869 5357 2015 5425 quod
2039 5351 2314 5426 praecipue
2347 5351 2670 5426 a'_militibus
2699 5351 2972 5426 statuitur,
3001 5354 3088 5406 cui
3120 5351 3440 5426 optime_ad-

1865 5423 2066 5498 jecituni
2114 5423 2362 5498 quadrat.
2398 5424 2681 5485 Pantinus,
2725 5440 2828 5498 non
2867 5424 3145 5498 obscurum
3169 5423 3440 5498 signiﬁca-

1871 5493 2081 5559 tionem,
2111 5493 2254 5566 quod
2282 5505 2427 5549 certe
2450 5510 2667 5566 sensum
2696 5496 2860 5547 altum
2886 5493 3129 5566 auctoris
3159 5493 3434 5566 obscurat.

1943 5567 2055 5637 {67)
2097 5560 2489 5637 Ἐγχρονίσαι.
2526 5564 2567 5619 F
2570 5575 2685 5621 orte
2715 5566 3053 5637 ὲγχρονίσας.
3090 5562 3156 5616 Ει
3217 5576 3339 5616 mox
3371 5560 3435 5614 ἅ.-

1869 5636 2081 5707 γνωστα
2107 5653 2205 5709 pro
2232 5636 2388 5704 ἔγνω.
