3862 6158
429 337 525 398 571

1343 343 1401 401 S.
1442 338 1770 399 METHODII
1811 339 2123 399 EPISCOPI
2165 341 2252 398 ET
2295 339 2654 397 MARTYRIS

3545 339 3652 402 373

427 459 763 515 circulorum
801 459 1007 515 mundi.
1036 454 1263 530 Pmpter
1296 467 1370 526 te,
1401 476 1464 515 ac
1495 463 1870 516 intemeratam
1907 459 2001 514 Dei

2113 478 2214 524 νος,
2249 461 2323 524 ὼς
2350 460 2516 522 τύπος
2545 457 2956 528 ἀψευδέστατος,
2985 458 3043 511 τὸ
3076 458 3208 531 πρὸς
3241 457 3448 529 ἡμέραν
3474 461 3650 529 τρεπό-

428 551 595 609 Verbi
623 570 688 609 ex
735 561 786 608 te
818 563 1154 624 assumptam
1195 570 1437 619 carnem,
1469 553 1882 607 immutabiliter
1911 554 1998 606 in-

431 644 712 714 divisaque
741 645 794 698 in
815 646 932 715 ipso
957 647 1011 699 in
1043 653 1358 716 perpetuum
1389 653 1833 713 permanentem;
1868 660 2004 698 urna

434 736 524 790 illa
558 751 721 791 aurea
760 737 804 768 ⁸ο
827 777 840 800 ,
881 745 1134 806 tanquam
1170 737 1513 792 certissimus
1556 745 1736 807 typus,
1771 751 2002 802 manna,

434 828 580 898 quod
613 829 812 899 alioqui
861 844 956 898 per
1000 828 1141 883 diem
1193 828 1592 891 invertebatur,
1641 829 1694 882 in
1734 844 1792 882 se
1847 828 2002 898 ipsa,

433 919 657 974 minime
689 926 991 981 mutatum,
1041 918 1134 973 sed
1183 920 1311 974 totis
1364 920 1576 976 saeculis
1639 935 2002 989 permanens,

433 1011 818 1065 conservabat.
859 1009 988 1065 Tuae
1028 1012 1191 1065 etiam
1227 1014 1494 1068 castitatis
1539 1013 1800 1082 przescius
1844 1020 2007 1082 atque

435 1100 676 1156 imitator
709 1101 762 1155 in
798 1103 992 1171 spiritu
1045 1101 1190 1158 Elias
1252 1103 1512 1174 propheta
1560 1102 1640 1166 ⁸⁸,
1680 1102 1803 1157 vitm
1859 1103 2006 1158 illius

432 1193 675 1263 ignifera:
725 1193 826 1249 sibi
855 1193 1122 1248 redimivit
1151 1209 1408 1248 coronam
1433 1195 1509 1261 δ’,
1535 1194 1798 1249 hactenus
1823 1195 2008 1249 divino

435 1283 694 1356 suffragio
745 1285 1053 1340 declaratus
1098 1293 1274 1340 morte
1303 1285 1569 1356 superior.
1609 1284 1684 1341 Te
1733 1285 2009 1340 nihilomi-

432 1393 538 1431 nus
562 1376 680 1447 ejus
706 1393 993 1434 successor
1028 1375 1254 1434 Eliszeus
1284 1377 1350 1442 ³³,
1386 1378 1633 1432 initiante
1671 1377 2007 1448 docenteque

433 1471 681 1539 sapiente
703 1471 987 1540 magistro,
1014 1485 1114 1524 ceu
1148 1486 1387 1540 prasens
1415 1470 1637 1526 adesses
1661 1510 1676 1535 ,
1719 1487 1840 1540 qua:
1879 1486 2008 1526 nec-

433 1560 561 1614 dum
591 1576 737 1625 eras,
768 1560 1158 1632 Praeﬁgurans;
1185 1563 1352 1617 certis
1388 1579 1568 1618 rerum
1613 1580 1734 1634 qua:
1767 1577 1891 1617 vere
1927 1578 2008 1617 es-

433 1660 557 1707 sent
595 1652 790 1708 futura.-
821 1653 1096 1710 indicibus
1127 1655 1322 1725 signis,
1347 1656 1610 1709 auxilium
1654 1654 2008 1710 medicinam.

433 1759 540 1814 que
589 1744 992 1814 indigentibus,
1038 1746 1232 1816 majori
1273 1763 1438 1817 supra
1485 1758 1737 1802 naturam
1768 1746 2002 1807 virtute,

2111 570 2269 623 μενον
2309 553 2403 606 καὶ
2442 550 2816 622 ἀλλοιούμενον
2849 551 3041 622 μάννα,
3073 553 3339 622 ἄτρεπτον
3371 550 3459 602 καὶ
3495 551 3656 605 διαιω-

2105 642 2248 709 νίζον
2276 644 2420 697 ἔνδον
2449 643 2620 712 αὐτῆς
2645 642 2979 710 διεφύλαττε.
3011 643 3121 713 Τῆς
3151 644 3247 713 σῆς
3274 641 3490 711 ἁγνείας
3519 646 3605 697 καὶ
3631 645 3658 696 ὁ

2105 738 2388 808 προφήτης
2426 735 2610 798 Ἠλίας
2652 732 2959 806 προθεωρὺς
3005 735 3098 787 καὶ
3139 733 3381 805 ζηλωτὴς
3424 734 3660 806 ὑπάρχων

2104 831 2190 885 διὰ
2229 830 2322 883 τοῦ
2370 827 2701 898 Πνεύματος,
2748 827 3026 898 πυρφόρου
3076 825 3347 888 πολιτείας
3391 826 3664 895 ἀνεδήσατο

2109 917 2386 985 στέφανον,
2428 917 2689 987 κρείττων
2731 916 2953 970 θανάτου
2996 914 3323 984 ἀναδειχθεὶς
3361 913 3479 986 θείᾳ
3514 915 3664 987 ψήφῳ

2106 1009 2232 1081 ἄχρι
2259 1011 2354 1082 τῆς
2387 1009 2562 1082 δεῦρο.
2601 1010 2667 1062 Σὲ
2711 1009 2801 1062 καὶ
2824 1011 2852 1060 ό
2886 1008 3073 1062 τούτου
3106 1008 3342 1078 διάδοχος
3387 1007 3667 1074 Ἐλισσαῖος

2107 1099 2256 1170 παρά
2310 1098 2473 1168 σοφοῦ
2517 1099 2835 1152 διδασκάλου
2875 1096 3120 1168 μυηθεὶς,
3159 1099 3252 1149 καὶ
3293 1096 3368 1158 ὼς
3408 1096 3670 1168 παροῦσαν

2105 1192 2202 1264 τὴν
2251 1194 2416 1263 μήπω
2458 1188 2620 1244 οὖσαν
2671 1191 3068 1263 προδιατυπῶν,
3109 1188 3398 1260 ὑπερφυῶς
3442 1191 3544 1252 τοῖς
3591 1207 3669 1240 τε-

2107 1283 2362 1356 κμηρίοις
2391 1282 2499 1336 τῶν
2537 1283 2805 1354 ἀληθινῶν
2831 1281 2928 1346 τὰς
2962 1280 3282 1351 ἐπικουρίας
3318 1277 3544 1333 ἐποιεῖτο
3574 1279 3671 1332 τῶν

2106 1375 2401 1445 δεομένων·
2441 1375 2516 1446 πῆ
2549 1377 2647 1446 μὲν
2676 1375 2741 1428 δι’
2772 1375 2958 1447 ὑδρίας
2987 1375 3198 1444 καινῆς,
3232 1376 3325 1428 καὶ
3353 1373 3476 1437 τοὺς
3505 1375 3670 1426 νοστί-

2111 1484 2241 1538 μους
2273 1466 2501 1539 ἐχούσης
2534 1467 2687 1532 ἃλας,
2717 1467 2785 1521 τά
2811 1467 3109 1538 φθοροποιά
3135 1467 3302 1520 ὕδατα
3335 1466 3572 1537 ἰώμενος,
3599 1468 3673 1530 είς

2108 1560 2329 1628 ἔνδειξιν
2373 1561 2464 1614 τοῦ
2501 1560 2896 1631 ἀνασφήλοντος
2933 1558 3043 1631 (68)
3085 1558 3289 1630 κόσμου
3325 1557 3412 1611 διὰ
3453 1558 3543 1611 τοῦ
3587 1557 3672 1610 ἐπὶ

2110 1654 2191 1706 σοὶ
2227 1653 2552 1722 μυστηρίου·
2591 1653 2665 1723 πῆ
2695 1652 2752 1705 δὲ
2784 1649 2999 1722 ἀλεύρῳ
3028 1649 3239 1721 ἀζύμῳ,
3271 1649 3484 1720 λοχείας
3516 1648 3672 1701 ἀσπόσ

2111 1760 2204 1814 ρου
2242 1743 2535 1814 ἀντιτύπῳ,
2570 1742 2798 1796 Θανάτου
2832 1743 3055 1814 πικρίαν
3087 1741 3424 1794 ἀναστέλλων
3452 1738 3554 1793 ἀπὸ
3574 1736 3675 1790 τῶν

434 1836 768 1891 adhibebat:
806 1854 952 1892 nunc
998 1839 1215 1907 quidem
1263 1856 1359 1910 per
1405 1855 1598 1894 novam
1651 1838 1897 1910 hydriam
1931 1835 2005 1901 “",

2113 1833 2381 1904 ἐδωδίμων
2403 1850 2417 1867 ·
2447 1835 2633 1890 ἄλλοτε
2672 1835 2729 1888 δὲ
2761 1837 2873 1898 τοῖς
2918 1833 3216 1905 ὑπερφυὲσι
3250 1832 3316 1886 τά
3354 1830 3495 1885 κατά
3527 1830 3677 1898 φύσιν

435 1927 623 1997 salque
651 1929 888 1984 salutare
930 1931 982 1982 in
1020 1945 1079 1984 se
1128 1931 1525 1996 continentem,
1560 1946 1728 2001 aquas
1759 1929 2007 1986 exitiales

435 2036 638 2075 sanans
671 2039 684 2075 :
723 2020 790 2074 ad
828 2022 1244 2088 ostendendum,
1274 2039 1396 2078 esse
1435 2025 1789 2078 recreandum
1842 2037 2004 2075 mun-

434 2112 586 2174 dum,
612 2126 711 2180 per
741 2120 1141 2165 sacramentum
1164 2112 1216 2165 in
1245 2120 1300 2167 te
1326 2111 1631 2167 exhibitum
1661 2132 1674 2166 :
1711 2111 1874 2166 modo
1909 2126 2007 2164 au-

434 2217 575 2266 tem,
622 2201 799 2257 farina
846 2218 1030 2274 azyma
1069 2204 1151 2268 ⁸⁸,
1199 2212 1389 2273 partus
1439 2204 1517 2257 tui
1577 2211 1697 2258 satu
1749 2202 2008 2256 immunis

435 2300 564 2364 typo
587 2284 964 2365 respondente
985 2335 1000 2359 ,
1038 2298 1230 2350 mortis
1262 2295 1615 2350 acerbitatem
1647 2310 1678 2348 a
1710 2295 1847 2349 cibis
1879 2309 2008 2364 pro—

433 2384 630 2457 ﬂigans
689 2408 700 2442 :

2113 1926 2420 1998 ὐπερνικῶν
2451 1929 2509 1981 ἐν
2532 1927 2609 1998 τῷ
2648 1927 2906 2001 Ἰορδάνῃ,
2935 1927 3026 1980 καὶ
3049 1925 3135 1978 διὰ
3162 1925 3363 1979 τούτων
3397 1926 3492 1995 τὴν
3519 1923 3677 1976 κατά-

2111 2022 2259 2074 δυσιν
2309 2021 2400 2074 τοῦ
2457 2023 2658 2094 Κυρίου
2709 2022 2864 2094 ἡμῶν
2917 2025 2994 2085 είς
3037 2022 3204 2094 ᾇδην,
3247 2021 3339 2075 καὶ
3389 2019 3680 2091 παράδοξον

2113 2114 2407 2186 ἀνάρρυσιν
2441 2113 2549 2168 τῶν
2579 2116 2636 2168 ἐν
2669 2114 2843 2187 φθορᾷ
2892 2114 3267 2184 κατεχομένων
3327 2109 3676 2184 προῖστορῶν.

2112 2202 2296 2257 Πάντα
2333 2202 2441 2274 γάρ
2468 2198 2614 2255 εἴκόν
2653 2219 2710 2256 τε
2758 2205 2851 2258 καὶ
2891 2204 3198 2258 ὐπέκυπτον
3242 2206 3308 2275 τῇ
3462 2201 3580 2272 θείᾳ
3611 2202 3681 2253 εἰ·

2114 2292 2228 2345 κόνι
2254 2292 2607 2364 ὲκνικώμενα.

758 2403 1151 2459 nonnunquam
1194 2389 1429 2460 denique
1473 2390 1638 2444 rebus
1695 2405 1862 2459 supra
1910 2397 2198 2452 naturam,
2252 2404 2373 2458 qua
2418 2396 2631 2443 naturae
2694 2396 3060 2444 consentanea
3103 2397 3286 2445 essent
3336 2389 3393 2444 in
3447 2386 3680 2444 Iordane

434 2478 634 2533 eximie
666 2495 931 2548 superans
977 2481 1056 2547 ⁸⁶;
1105 2495 1279 2550 eoque
1312 2480 1527 2534 Domini
1588 2481 1643 2533 in
1703 2479 1972 2533 internum
2006 2477 2352 2544 descensum,
2396 2477 2809 2546 mirabilemque
2850 2486 2904 2531 et
2943 2478 3277 2548 inepinatam
3369 2492 3560 2532 eorum
3594 2476 3680 2544 qui

435 2571 492 2624 in
548 2574 897 2642 corruptione
951 2573 1323 2628 detinerentur
1392 2573 1767 2628 liberationem
1822 2572 2184 2642 praesignans.
2243 2570 2377 2625 Nam
2441 2578 2724 2628 cesserunt
2795 2571 3011 2637 omnia,
3067 2581 3282 2642 tuasque
3333 2572 3414 2626 illi

434 2667 657 2738 imagini
688 2669 1054 2740 exprimenda:
1088 2669 1312 2738 imparia
1345 2669 1773 2723 succubuerunt.

510 2761 576 2816 Χ.
609 2762 752 2828 Quid
783 2779 909 2818 vero
932 2763 1111 2819 adhuc
1141 2765 1412 2820 sermonis
1431 2763 1672 2818 habenas
1703 2763 1870 2818 variis
1901 2763 2008 2819 illis

436 2852 918 2909 inlormationibus
961 2855 1150 2909 laxans
1181 2855 1572 2922 involvensque
1602 2859 1655 2908 et
1686 2851 1972 2922 implicans
1991 2890 2006 2916 ,

435 2945 742 3001 orationem
791 2947 845 3000 in
896 2947 1116 3016 longum
1163 2947 1454 3024 protraho;
1504 2963 1568 3001 ac
1603 2949 1689 3000 vel
1737 2944 2007 3010 maxime,

437 3053 565 3092 cum
601 3037 776 3094 instar
819 3039 1086 3092 columnae
1129 3040 1308 3109 palam
1351 3038 1526 3094 oculis
1567 3037 1820 3108 objecta,
1863 3037 1918 3091 in
1959 3043 2013 3090 te

3493 2570 3684 2626 divinae

2189 2763 2242 2814 I’.
2280 2762 2389 2815 Καὶ
2417 2761 2468 2814 τί
2496 2761 2574 2815 ἔτι
2607 2760 2953 2834 περιπλέκων
2990 2760 3214 2832 μηκύνω
3246 2760 3338 2813 τὸν
3369 2761 3553 2828 λόγον,
3579 2759 3686 2820 τοῖς

2118 2853 2378 2918 ποικίλοις
2441 2855 2821 2926 προγράμμοις
2873 2855 3160 2923 ἐπαφήσας
3230 2850 3322 2905 τοῦ
3375 2850 3538 2919 λόγου
3593 2849 3688 2910 τάς

2118 2947 2294 3014 ήνίας,
2320 2946 2412 2999 καὶ
2445 2946 2678 3016 μάλιστα
2709 2946 2817 3018 πρὸ
2845 2944 3137 3015 ὀφθαλμῶν
3165 2943 3552 3014 ἐστηλωμένης
3581 2939 3688 3012 (69)

2117 3040 2214 3111 τῆς
2254 3038 2345 3090 ἐπὶ
2380 3037 2460 3091 σοὶ
2488 3037 2796 3107 ἀτρεκείας,
2904 3037 2995 3090 καὶ
3022 3035 3440 3108 κατατρυφῆσαι
3471 3035 3688 3106 ἄμεινον

438 3126 642 3182 veritas
673 3133 880 3196 pateat,
913 3128 969 3180 in
1003 3141 1108 3196 qua
1140 3128 1286 3182 velut
1315 3127 1611 3181 eluxuriari
1645 3125 2006 3195 delectarique

2116 3131 2208 3184 καὶ
2236 3127 2715 3199 ὲπικερδέστερον;
2743 3127 3062 3200 Τοιγαροῦν,
3085 3128 3295 3198 χαίρειν
3327 3126 3550 3199 φράσας
3583 3127 3692 3188 τοῖς

437 3219 754 3290 praestiterit
786 3233 850 3272 ac
886 3219 1227 3275 commodius
1257 3219 1460 3274 fuerit?
1486 3218 1665 3284 Quare
1693 3227 2008 3273 sanctorum

438 3310 684 3364 omnium
718 3325 813 3380 per
836 3325 1027 3366 omnes
1057 3312 1438 3380 generationes
1462 3351 1476 3374 ,
1514 3310 1857 3380 spiritalibus
1885 3324 2012 3362 nar—

437 3403 745 3458 rationibus
779 3402 1046 3473 factisque
1075 3402 1404 3472 prodigiosis
1435 3403 1614 3457 valere
1640 3395 1834 3471 jussis,
1869 3401 1936 3455 ad
1961 3414 2012 3455 te

439 3493 566 3549 festi
599 3495 762 3564 hujus
792 3495 1028 3548 convivii
1059 3496 1206 3549 velut
1240 3495 1453 3548 clavum
1477 3534 1492 3558 ,
1536 3509 1570 3547 o
1615 3493 1828 3548 ﬂorenti
1867 3509 2011 3548 sem-

437 3598 535 3653 per
574 3584 820 3640 habenda
845 3586 1143 3648 memoria,
1181 3586 1379 3655 dirigo.
1410 3585 1700 3642 Benedicta
1739 3593 1826 3651 tu,
1855 3601 2011 3654 pror-

437 3688 536 3728 sus
576 3674 860 3729 beuedicta
900 3675 1266 3743 omnibusque
1301 3674 1698 3730 desiderabilis.
1739 3675 1798 3727 ln
1841 3674 2007 3728 bene-

438 3763 775 3818 dictionibus
834 3763 1050 3818 Domini
1109 3780 1308 3820 nomen
1365 3775 1552 3830 tuum,
1610 3766 1791 3820 divina
1835 3765 2010 3834 gratia

438 3855 817 3924 plenissimum
845 3871 908 3910 ac
937 3873 1151 3912 summe
1189 3857 1299 3914 Deo
1324 3860 1622 3928 gratiosum
1645 3901 1661 3926 ,
1685 3857 1780 3913 Dei
1812 3857 2008 3921 Mater,

438 3962 669 4016 qumque
694 3955 789 4003 tuo
831 3949 950 4018 ipsa
990 3949 1280 4018 splendore
1314 3950 1568 4006 ﬁdelibus
1599 3951 1782 4005 lumen
1821 3949 2012 4019 praafe-

438 4055 550 4094 ras.
581 4039 664 4094 Tu
704 4041 1138 4110 circumscriptio
1160 4081 1175 4104 ,
1218 4049 1278 4096 ut
1308 4043 1384 4095 ita
1413 4043 1590 4098 dicam
1615 4083 1628 4105 ,
1661 4042 1780 4112 ejus
1804 4043 1896 4112 qui
1927 4050 2012 4096 est

441 4124 1076 4195 incircmnseriptibilis:
1112 4129 1271 4184 radix
1295 4128 1444 4185 ﬂoris
1483 4131 1874 4200 speciosissimi
1911 4131 1956 4163 ⁸⁷
1994 4151 2006 4185 :

440 4211 612 4267 Mater
644 4213 1023 4282 plasmatoris:
1061 4217 1253 4273 altoris
1277 4220 1464 4274 nutrix
1492 4239 1506 4276 :
1537 4220 1656 4288 ejus
1683 4223 2006 4292 complexio,

438 4305 532 4372 qui
589 4305 773 4360 omnia
813 4308 1102 4376 complecti
1150 4309 1316 4365 habet
1359 4331 1370 4366 :
1431 4320 1656 4381 portans
1697 4329 1819 4368 eum
1847 4353 1862 4377 ,
1919 4316 2012 4382 qui

438 4393 600 4448 verbo
628 4404 806 4465 portat
847 4400 1026 4452 omnia
1056 4399 1140 4455 οδε
1171 4410 1362 4471 porta,
1403 4419 1500 4473 per
1540 4420 1702 4473 quam
1751 4405 1895 4460 Deus
1951 4406 2005 4458 in

2112 3222 2219 3276 τῶν
2255 3221 2424 3288 ἁγίων
2451 3219 2592 3273 κατά
2630 3221 2807 3274 πᾶσαν
2847 3219 3039 3288 γενεὰν
3072 3222 3463 3290 πνευματικοῖς
3501 3217 3689 3286 διηγή-

2115 3331 2244 3384 μασι
2269 3313 2361 3366 καὶ
2389 3313 2924 3383 τερατουργήμασιν,
2960 3311 3050 3363 ἐπὶ
3075 3311 3134 3363 σὲ
3169 3311 3392 3382 μετάγω
3425 3311 3556 3375 τοὺς
3595 3307 3692 3377 τῆς

2111 3407 2342 3475 εὐωχίας
2375 3405 2565 3466 οἴακας
2586 3445 2601 3468 ,
2638 3403 3164 3474 παντομνημόνευτε.
3207 3403 3571 3473 Εὐλογημένη
3606 3400 3689 3462 σὺ,

2112 3495 2508 3567 παντευλόγητε
2551 3497 2644 3550 καὶ
2681 3499 2814 3549 πᾶσι
2847 3496 3068 3566 ποθητέ.
3115 3497 3232 3548 Ἐπ’
3259 3495 3542 3564 εὐλογίαις
3579 3494 3692 3546 Κυ-

2115 3590 2227 3661 ρίου
2256 3589 2315 3642 τὺ
2349 3587 2802 3659 θεοχαριτῶτατόν
2833 3605 2924 3641 σου
2955 3588 3147 3658 όνομα,
3172 3587 3568 3658 Θεογεννήτωρ
3603 3583 3694 3637 καὶ

2110 3681 2332 3751 δᾳδοῦχε
2359 3680 2468 3734 τῶν
2499 3681 2724 3734 πιστῶν.
2757 3681 2821 3733 Ἠ
2863 3679 3200 3751 περιγραφὴ,
3235 3680 3302 3732 ἵν’
3325 3678 3509 3742 οὕτως
3535 3675 3696 3737 εἴπω,

2108 3774 2203 3826 τοῦ
2243 3773 2682 3843 ἀπεριγράπτου·
2715 3773 2748 3842 ἡ
2797 3770 2920 3842 ῥίζα
2953 3769 3046 3824 τοῦ
3082 3771 3421 3841 ὼραιοτάτου
3465 3768 3694 3828 ἄνθους·

2109 3867 2142 3934 ἡ
2176 3865 2372 3936 Μήτηρ
2416 3862 2508 3915 τοῦ
2548 3861 2847 3926 πλάσαντος
2868 3880 2880 3892 ·
2911 3865 2945 3934 ή
2980 3861 3133 3932 τιτθὴ
3159 3860 3249 3914 τοῦ
3274 3862 3578 3932 τρέφοντος
3603 3874 3617 3889 ⁶
3663 3858 3697 3927 ἡ

2111 3955 2340 4025 περιοχὴ
2387 3952 2482 4007 τοῦ
2518 3953 2892 4026 περιέχοντος·
2940 3957 2972 4024 ὴ
3013 3954 3250 4023 φέρουσα
3293 3953 3388 4005 τὸν
3435 3951 3702 4022 φέροντα

2113 4046 2318 4116 ῥήματι
2347 4045 2418 4100 τὰ
2466 4043 2748 4114 πάντα·ἡ
2793 4044 2933 4115 πύλη
2977 4045 3073 4116 τῆς
3104 4046 3160 4098 ὲν
3206 4045 3372 4114 σαρκὶ
3423 4037 3699 4108 ἀνατολῆς

2111 4137 2204 4190 τοῦ
2254 4135 2420 4190 Θεοῦ·
2473 4137 2506 4207 ἡ
2551 4136 2709 4200 λαὸὶς
2756 4136 2849 4189 τοῦ
2904 4132 3234 4206 καθαρτικοῦ
3292 4135 3614 4205 ἄνθρακος·
3671 4129 3701 4180 ό

2114 4225 2315 4298 βραχὺς
2368 4227 2564 4290 κόλπος
2613 4225 2706 4279 τοῦ
2754 4227 2970 4279 πάντων
3027 4225 3258 4278 κόλπου·
3295 4223 3325 4276 ὁ
3370 4222 3551 4285 πόκος
3600 4218 3700 4288 τῆς

2110 4318 2494 4390 ἀκαταλήπτου
2549 4317 2738 4388 δρόσου
2781 4316 2924 4386 (70)·
2974 4317 3002 4368 ὁ
3047 4315 3146 4384 τῆς
3192 4312 3501 4382 ἐπιθυμίας
3537 4309 3703 4364 Δαόὶδ

2112 4406 2372 4479 ζωοδόχος
2427 4408 2536 4480 (71)
2572 4408 2771 4470 λάκκος
2829 4408 2925 4478 τῆς
2958 4407 3235 4478 Βηθλεὲμ,
3291 4405 3386 4472 ἀφ’
3428 4397 3494 4457 οὗ
3548 4402 3700 4470 πόμα

433 4501 598 4558 carne
630 4487 806 4541 oritur
833 4489 901 4552 ⁸⁸⁵,
935 4489 1150 4560 forceps
1184 4493 1442 4550 carbonis
1482 4495 1630 4550 illius
1668 4496 1909 4566 purgarii
1935 4497 2002 4561 9°,

2113 4497 2406 4560 ἀθανασίας
2439 4496 2690 4560 ὲξέϐλυσε
2711 4513 2722 4525 ·
2754 4496 2813 4548 τὸ
2847 4496 3156 4566 ἱλαστήριον
3185 4491 3244 4558 ἐξ
3270 4489 3330 4547 οὗ
3355 4493 3501 4557 Θεὸς
3531 4487 3704 4558 ἐγνώ-

434 4577 592 4632 sinus
623 4579 853 4648 exiguus
875 4579 1127 4638 immensi
1159 4585 1404 4638 omnium
1441 4586 1595 4641 sinus
1617 4628 1630 4652 ,
1663 4588 1836 4642 vellus
1862 4589 2005 4641 roris

433 4669 582 4725 illius
623 4669 1194 4742 incomprehensibilis
1226 4676 1303 4743 υ,
1355 4677 1509 4734 lacus
1550 4679 1640 4734 ille
1687 4677 1998 4734 Bethlehem

504 4825 550 4857 ⁸⁸
591 4826 821 4881 Ηεὸμιῐ
847 4868 862 4887 ,
903 4828 957 4881 4.

433 4913 507 4960 Iv,
548 4896 638 4950 41.

431 4982 486 5022 γι
507 5005 522 5032 ,
563 4967 654 5021 57.

1055 4830 1096 4861 ⁸¹
1140 4829 1380 4902 lV_Reg.
1422 4847 1485 4897 ιι,
1527 4832 1614 4886 Η.

715 4899 763 4929 ⁸⁸
802 4898 870 4952 IV
905 4898 1028 4970 Reg.
1084 4917 1137 4956 ν.
1214 4900 1257 4932 ⁸⁷
1297 4898 1409 4958 Ιὲα.
1450 4919 1527 4964 ιι,
1571 4903 1622 4956 1.

657 5124 1157 5198 Ἄνασφήλονζος.
1189 5124 1349 5183 Forte
1378 5129 1802 5198 ἀνασφήλαντος.

527 5192 616 5266 69)
647 5197 765 5262 Πρό
800 5192 1120 5266 ὀφθαλμῶν
1149 5192 1590 5266 ἐστηλωμένάςξ
1632 5197 1791 5252 Velut
1821 5204 2000 5251 erecta

434 5265 709 5337 propalam
741 5267 796 5319 in
827 5265 1044 5337 modum
1080 5269 1363 5328 columnae.
1386 5265 1458 5322 ne
1486 5284 1644 5337 quem
1677 5269 1843 5321 latere
1876 5283 2002 5335 pos-

431 5335 520 5387 sit.
551 5333 734 5409 Altera
750 5335 1092 5409 signiﬁcatio,
1112 5346 1172 5391 ut
1201 5338 1281 5401 τὸ,
1301 5333 1690 5409 νὲστηλώμένης
1710 5339 1785 5392 sit
1809 5333 2005 5406 conﬁr-

434 5415 600 5460 mata.
625 5403 840 5457 videtur
860 5407 1040 5459 minus
1068 5408 1372 5462 commoda.

503 5472 625 5544 (70).
651 5472 760 5540 Τῆς
779 5474 1204 5548 ἀκαταλήπτου
1215 5476 1467 5548 δρόσου.
1495 5477 1667 5545 Cujus
1690 5477 2005 5548 mysterium

435 5551 676 5616 nequeat
719 5545 852 5598 satis
903 5546 1157 5616 perspici.
1215 5545 1499 5607 Pantinus.
1560 5545 2003 5616 imperéeptibilis,

434 5613 788 5687 quodniinus
821 5614 1072 5687 quadrat.
1105 5613 1453 5687 Plane_enim
1498 5617 1598 5670 fuit
1635 5613 1725 5672 ros
1760 5613 1847 5671 ille
1882 5633 2005 5687 per-

433 5681 727 5758 ceptibilis2
757 5685 851 5749 qui
877 5696 1172 5758 expressus
1201 5685 1418 5752 vellere,
1463 5687 1706 5758 lagenam
1744 5681 2009 5758 aqua'im-

433 5751 616 5821 plevit,
651 5752 837 5821 utique
867 5751 1130 5807 sensibili.

1692 4833 1738 4863 ⁸²
1782 4831 1947 4884 Ecrli.
1999 4847 2184 4895 nvm,
2231 4831 2279 4884 1.

1698 4901 1742 4934 ⁸⁸
1786 4903 1946 4956 llebr.
1991 4918 2029 4966 1,
2071 4903 2124 4957 5.

2115 4587 2212 4658 σθη
2245 4586 2548 4657 ἀνθρώποις
2594 4584 3102 4658 ἀνθρωπομόρφως·
3139 4584 3198 4638 τὸ
3227 4583 3465 4638 ἄσπιλον
3496 4581 3701 4648 ἔνδυμα

2110 4679 2215 4733 τοῦ
2242 4678 2729 4750 ἀναϐαλλομένου
2765 4677 2888 4747 φῶς
2911 4679 2990 4742 ὼς
3015 4676 3260 4746 ἱμάτιον.
3299 4676 3362 4729 'H
3399 4674 3703 4730 δανείσασα

3347 4829 3397 4861 ⁸⁸
3445 4828 3528 4883 IV
3569 4825 3700 4897 Reg.

2383 4831 2429 4864 ⁸³
2462 4829 2530 4885 IV
2568 4829 2690 4900 Reg.
2762 4846 2819 4886 η.
2899 4831 2944 4863 ⁸⁸
2983 4829 3111 4884 ibid.
3170 4830 3260 4885 20.
3347 4829 3397 4861 ⁸⁸
3445 4829 3528 4883 ιγ
3569 4829 3679 4897 Reg

2383 4901 2482 4950 ach-
2523 4917 2690 4950 xuii.
2731 4901 2822 4950 41.
2897 4902 2944 4933 ⁸ο
3012 4899 3128 4950 Isa.
3168 4916 3258 4950 v1.
3299 4897 3352 4950 6.
3475 4902 3521 4933 ⁹²
3565 4896 3680 4950 Iud

2207 4903 2251 4934 ⁸⁸
2290 4900 2482 4956 Ezech.
2523 4897 2690 4965 xuii,
2731 4901 2822 4955 41.
2897 4902 2944 4933 ⁸ο
3012 4899 3128 4955 Isa.
3168 4916 3258 4966 γι,
3299 4897 3352 4953 6.

2179 5128 2288 5198 (71)
2321 5127 2646 5196 Ζωοδόχος.
2693 5123 2797 5179 Seu
2843 5126 2967 5198 vitae
3007 5125 3505 5198 conceptaculum;
3547 5125 3604 5177 iu
3636 5137 3705 5198 eo

2109 5192 2290 5251 Mariae
2312 5192 2639 5266 symbolum,
2676 5211 2796 5265 qua
2825 5197 2990 5251 vitam
3026 5192 3192 5255 illam‘
3209 5197 3272 5253 ad
3298 5211 3404 5250 nos
3446 5192 3705 5264 peregri-

2109 5277 2346 5330 nantem,
2387 5281 2486 5323 ceu
2517 5267 2736 5335 hOSpitii
2768 5266 2912 5336 jure,
2965 5267 3127 5336 etiam
3175 5276 3333 5321 utero
3391 5266 3699 5333 suscepit:

2109 5353 2271 5408 quam
2303 5338 2422 5406 ejus
2455 5339 2885 5408 praerogativam,
2919 5335 3202 5408 iniMartlia
3238 5336 3543 5408 Dominum
3569 5348 3703 5408 s_us_-

2111 5405 2344 5477 cipiente
2381 5409 2434 5462 in
2458 5405 2924 5477 'suam'domum,
2965 5407 3054 5461 die
3094 5406 3448 5476 migrationis
3495 5405 3702 5477 ipsius,

2109 5473 2352 5532 Ecclesia
2399 5488 2585 5533 sancte
2636 5478 2844 5532 recolit.
2895 5473 3195 5539 PantinusI
3224 5473 3703 5544 viviﬁcas,’quod

2109 5549 2292 5618 potius
2322 5558 2464 5602 esset
2489 5547 2770 5618 ζωοδότης.
2797 5546 2968 5601 Simili
2989 5547 3230 5618 epitheto
3258 5546 3427 5614 paulo
3460 5544 3704 5618 interius

2113 5615 2418 5672 Simeonem
2473 5626 2661 5682 ornat,
2709 5615 2987 5687 appellans
3027 5615 3286 5687 ίθεοδόχον
3335 5615 3702 5688 πρεσϐύτην,

2109 5705 2279 5744 senem
2313 5687 2410 5745 Dei
2437 5698 2804 5756 susceptorem.
3392 5687 3399 5688 ⁷
3669 5715 3674 5719 Α
