3862 6158
234 312 348 368 375
381 303 393 316 ’

1295 291 1530 350 SERMO
1565 290 1655 346 DE
1689 284 1989 346 SIMEONE
2026 284 2112 339 ET
2150 280 2356 338 ANNA.

3373 273 3477 328 33o

234 425 360 499 Θεῷ
405 422 486 495 τῷ
514 420 752 478 άνενδεεϊ
797 417 975 490 σάρκα
1019 415 1199 486 ἥνπερ
1235 413 1336 467 οὐκ
1386 406 1560 482 εἶχεν,
1606 408 1693 461 ἵνα
1719 401 1815 499 ﬁo

1925 398 2175 455 desiderii
2204 395 2372 450 David
2394 394 2439 427 ⁹²
2460 432 2476 461 ,
2521 394 2645 449 vitae
2667 396 2952 461 susceptor
2968 431 2983 456 ,
3009 404 3074 445 ex
3093 403 3201 459 quo
3223 389 3478 458 poculum

241 496 650 584 παντοδύναμος
682 513 818 582 ὅπερ
855 509 1145 581 ηύδόκησε.
1181 504 1247 559 Τί
1285 502 1474 556 τούτου
1516 496 1813 572 περιφανὲ-

243 622 475 680 στερον;
508 605 574 658 Τί
604 601 795 656 τούτου
823 600 1186 670 ὑψηλότερον;
1228 598 1286 651 'O
1323 595 1414 649 τὸν
1452 592 1679 664 οὐρανὸν
1722 589 1817 644 καὶ

240 701 343 771 τὴν
378 696 485 768 γῆν
538 695 783 767 πληρῶν,
814 686 875 747 οὗ
923 692 994 746 τά
1041 691 1333 761 σύμπαντα
1381 688 1634 757 κτήματα
1654 723 1669 748 ,
1721 682 1815 736 σοῦ

239 792 534 863 γεγένηται
592 789 837 859 ὲπιδεής·
891 788 956 841 σὺ
1006 785 1116 858 γὰρ
1171 784 1447 847 ἐδάνεισάς
1495 781 1615 852 Θεῷ
1667 780 1816 834 Θείαν

242 888 542 956 σάρκωσιν,
567 884 633 956 ἣν
661 882 762 936 οὐκ
794 876 927 951 εἶχε.
970 880 1042 933 Σὺ
1089 877 1428 948 ὲθωράκισας
1457 875 1549 928 τὸν
1594 873 1817 929 δυνατὸν

237 978 343 1049 τὴν
373 975 624 1047 εὐπρεπῆ
661 973 753 1026 τοῦ
791 970 1042 1041 σώματος
1069 967 1416 1038 παντευχίαν,
1454 966 1520 1020 δι’
1556 961 1626 1040 ἦς
1657 965 1817 1029 αὐτὸς

246 1068 347 1141 μὲν
379 1067 608 1137 ὀφθῆναι
629 1064 874 1137 χωρητὸς
895 1064 1017 1135 ἐμοὶ
1038 1061 1319 1132 δεδύνηται
1334 1099 1348 1123 ,
1381 1057 1492 1127 ἐγὼ
1518 1057 1819 1129 δὲεὺπροσ-

246 1161 376 1224 ίτως
408 1158 729 1227 ὰντωπῆσαι
777 1154 924 1226 αύτῷ
966 1155 1244 1224 ὲνίσχυσα,
1289 1152 1356 1205 δι’
1388 1144 1457 1222 ἧς
1493 1150 1588 1203 xa‘t
1622 1146 1819 1201 πάντα

242 1249 351 1303 τοῦ
386 1247 653 1317 πονηροῦ
679 1246 753 1301 τὰ
793 1245 1184 1315 πεπυρωμένα
1204 1244 1362 1311 ,βέλη
1395 1239 1814 1307 σϐεσθήσεται.

243 1335 421 1409 Εὖγε,
454 1335 579 1410 εὖγε
600 1378 615 1404 ,
643 1341 826 1411 μήτηρ
865 1335 999 1391 Θεοῦ
1042 1336 1137 1390 καὶ
1165 1334 1347 1406 δούλη.
1383 1329 1552 1402 Εὖγε,
1595 1327 1754 1401 εὖγε,
1783 1332 1817 1403 ὴ

244 1432 529 1503 ὑπόχρεων
565 1430 763 1501 ἔχουσα
785 1429 877 1483 τὸν
906 1428 1123 1482 πάντων
1150 1426 1452 1496 δανειστήν.
1485 1423 1693 1487 Πάντες
1721 1423 1818 1493 μὲν

244 1522 366 1594 Θεῷ
392 1523 772 1593 ὲποφείλομεν,
802 1521 885 1575 σοὶ
912 1521 972 1574 δὲ
1003 1520 1364 1590 ὲποφείλεται.
1407 1519 1464 1572 Ὀ
1495 1517 1606 1589 γὰρ
1627 1515 1819 1579 εἰπὼν,

252 1617 397 1684 Τίμα
444 1613 553 1668 τὸν
597 1612 824 1681 πατέρα
868 1627 982 1665 σου
1040 1610 1139 1664 καί
1187 1609 1303 1679 τὴν
1344 1607 1595 1679 μητέρα,
1641 1605 1820 1677 πολλῷ

251 1707 454 1779 μᾶλλον
486 1706 647 1770 αὐτὸς
686 1707 745 1760 ὲν
776 1704 984 1767 τούτοις
1025 1700 1373 1768 ἐξετάζεσθαι
1412 1701 1684 1773 ἐλόμενος,
1719 1718 1820 1769 φυ-

244 1798 428 1865 λάξειε
470 1798 568 1870 τὴν
600 1796 762 1869 χάριν
794 1796 887 1848 κού⁵
923 1795 986 1849 τὸ
1029 1794 1158 1848 ἴδιον
1191 1792 1366 1863 δόγμα
1402 1795 1467 1863 τῇ
1498 1792 1820 1864 διακονησα-

249 1889 388 1962 μένῃ
414 1888 514 1960 τὴν
546 1886 870 1959 αὐθαίρετον
905 1884 1179 1955 γέννησιν,
1203 1884 1297 1937 καὶ
1328 1882 1568 1947 δοξάσειε
1597 1882 1824 1954 θεοπρε-

246 1979 387 2044 πῶς,
419 1981 486 2051 ἦν
526 1977 873 2051 ἐπεγράψατο
909 1977 1136 2047 ἀπάτωρ
1160 1975 1235 2038 ὡς
1281 1973 1539 2044 ἄνανδρον
1571 1972 1822 2045 Μητέρα.

250 2073 445 2125 Ἔσται
494 2071 669 2124 τοίνυν
706 2069 880 2123 ταῦτα
924 2068 1117 2131 οὕτως,
1153 2066 1322 2120 ἔσται.
1356 2067 1430 2119 Οὐ
1468 2066 1579 2137 γάρ
1619 2065 1827 2136 κομψο-

247 2163 437 2226 επείας
454 2162 703 2233 ἀκάρπου
721 2162 769 2214 ol
789 2158 1186 2232 προσαχθέντες
1208 2175 1291 2211 σοι
1313 2159 1442 2230 παρ’
1465 2159 1498 2228 ἡ
1506 2156 1619 2228 μῶν
1642 2156 1823 2227 ῦμνοι,

247 2253 658 2323 παναγιώτατον
689 2254 783 2306 καὶ
813 2253 1140 2321 ἀξιάγαστον
1177 2251 1271 2305 τοῦ
1305 2251 1441 2305 Θεοῦ
1472 2250 1823 2321 ὲνδιαίτημα’

245 2346 357 2398 οὐδ’
383 2340 451 2398 αὖ
481 2344 754 2415 κοσμικῆς
778 2343 1126 2414 λογολεσχίας
1159 2342 1255 2396 καὶ
1276 2340 1697 2411 ψευδαρεσκείας
1726 2341 1824 2394 λα-

250 2437 601 2509 ρυγγίσματα
637 2437 666 2489 ὁ
697 2436 1063 2507 πνευματικός
1093 2453 1187 2490 σου
1217 2433 1406 2505 ὕμνος,
1443 2433 1822 2499 Θεούπαίνετε,

247 2528 344 2580 καὶ
375 2526 507 2580 Θεὸν
539 2525 736 2597 ἔχουσα
765 2525 1087 2596 ὑπομάζιον,
1117 2525 1207 2579 τὸν
1253 2526 1369 2588 τοῖς
1411 2523 1619 2594 βροτοῖς
1652 2523 1824 2594 ἀρχὴν

246 2617 342 2673 τοῦ
374 2614 514 2672 εἶναι
556 2618 645 2671 διὰ
685 2618 991 2688 γεννήσεως
1024 2617 1361 2689 παρέχοντα,
1412 2616 1526 2669 ἀλλ’
1562 2615 1826 2687 ἐναργοῦς

247 2710 529 2783 ἀληθείας.
573 2709 870 2779 Ἐπιλείψει
919 2708 1028 2780 γὰρ
1069 2710 1198 2789 ἡμῖν
1242 2708 1271 2760 ὁ
1327 2709 1516 2780 χρόνος
1570 2708 1663 2761 καὶ
1706 2711 1825 2772 ταῖς

252 2801 547 2873 μετέπειτα
578 2803 807 2871 γενεαῖς,
837 2800 929 2855 τὸν
960 2801 1078 2854 κατ’
1101 2799 1257 2866 ἀξίαν
1288 2817 1370 2853 σοι
1397 2798 1686 2853 ἀποδοῦναι
1723 2816 1826 2869 μα-

249 2893 520 2965 καρισμὸν
551 2895 618 2963 τῇ
652 2892 836 2963 Μητρὶ
860 2889 966 2944 τοῦ
996 2890 1302 2956 Βασιλέως
1330 2887 1448 2943 τῶν
1473 2888 1718 2952 αἰώνων,
1751 2888 1825 2953 ὣς

249 3000 355 3038 που
379 2985 544 3055 φησὶν
580 2985 609 3036 ὁ
638 2983 878 3054 ἀοίδιμος
907 2984 1207 3054 προφήτης,
1242 2982 1313 3036 τὰ
1343 2983 1443 3053 τῆς
1481 2983 1579 3054 σῆς
1619 2983 1828 3035 ἀκατα-

248 3075 451 3147 ληψίας
493 3076 641 3145 ἡμᾶς
685 3073 1019 3127 ἑκπαιδεύων
1041 3089 1053 3102 ’
1097 3075 1189 3140 Ὠς
1235 3074 1426 3145 μέγας
1459 3077 1492 3128 ὀ
1525 3070 1690 3141 οἶκος
1717 3073 1822 3128 τοῦ

1918 489 2341 568 immortalitatis
2363 485 2647 542 scaturivit
2671 503 2684 539 :
2718 481 3154 554 propitiatorium
3184 480 3253 547 ”,
3282 496 3347 535 ex
3371 495 3479 550 quo

1918 583 2092 651 Deus,
2147 582 2319 636 forma
2370 581 2643 644 humana,
2684 578 2869 650 generi
2906 578 3144 632 humano
3198 574 3479 629 innotuit:

1916 676 2083 733 Vestis
2110 675 2228 730 sine
2258 672 2630 742 macula,ejus
2651 672 2739 743 qui
2768 668 2938 725 induit
2963 668 3138 723 tamen
3166 667 3299 721 sicut
3328 664 3481 720 resti-

1918 778 2147 823 mentum
2180 768 2248 822 ⁸⁵.
2272 765 2352 820 Tu
2372 766 2577 821 nullius
2611 762 2873 835 indigenti
2910 760 3041 824 Deo,
3072 773 3293 814 carnem
3318 770 3482 827 quam

1918 874 2027 914 non
2059 857 2326 922 habebat,
2359 855 2602 911 fenerata
2629 870 2705 921 es,
2734 868 2842 925 qua
2873 852 3089 907 tandem
3137 850 3483 919 omnipotens

1916 950 2044 1023 ille,
2078 948 2221 1019 quod
2246 947 2557 1002 decreverat
2581 945 2735 1011 ﬁeri,
2769 945 2930 1000 homo
2971 952 3138 1000 esset.
3193 940 3336 1008 Quid
3380 940 3484 994 hoc

1917 1036 2293 1111 splendidius?
2340 1034 2481 1102 Quid
2528 1035 2632 1090 hoc
2682 1032 3010 1090 sublimius?
3050 1030 3154 1097 Qui
3200 1029 3400 1084 caelum
3429 1033 3487 1084 et

1917 1142 2119 1187 terram
2152 1128 2339 1199 implet
2365 1127 2440 1190 ’⁸,
2486 1126 2646 1196 cujus
2687 1124 2911 1181 ditionis
2951 1130 3081 1181 sunt
3126 1137 3214 1177 res
3252 1136 3480 1184 omnes,

1920 1222 1996 1276 tui
2038 1219 2257 1290 indigus
2294 1216 2521 1273 etilcitur
2554 1235 2567 1271 :
2597 1215 2797 1287 quippe
2840 1214 2952 1272 Deo
2989 1214 3230 1271 fenerata
3258 1227 3317 1268 es
3359 1226 3487 1267 car-

1919 1328 2067 1377 nem,
2095 1325 2257 1381 quam
2282 1325 2392 1364 non
2417 1307 2671 1364 habebat.
2702 1306 2783 1361 Tu
2809 1313 3083 1377 potentem
3115 1304 3264 1359 illum
3287 1304 3485 1359 decora

1919 1408 2170 1476 corporis
2195 1412 2474 1458 armatura
2501 1401 2761 1464 induisti,
2786 1415 2893 1472 qua
2922 1407 2977 1455 et
2998 1400 3044 1457 is
3068 1398 3201 1453 mihi
3239 1396 3484 1453 redditus

1920 1504 2005 1551 est
2043 1494 2219 1550 oculis
2261 1491 2643 1563 aspectabilis;
2690 1490 2912 1560 ipseque
2968 1495 3028 1543 ut
3061 1488 3229 1563 libere
3257 1486 3487 1541 intuitu-

1922 1602 2018 1642 rus
2039 1585 2247 1657 possim
2279 1583 2558 1647 accedere,
2584 1580 2789 1651 accepi,
2808 1595 2916 1651 qua
2938 1579 3101 1635 etiam
3156 1580 3333 1634 omnia
3355 1578 3487 1632 mali

1922 1681 2069 1735 illius
2098 1679 2265 1750 ignita
2298 1676 2401 1731 tela
2419 1675 2683 1745 exstingui
2711 1672 2898 1728 habent
2923 1673 2988 1728 ".
3017 1671 3183 1743 Euge,
3215 1686 3371 1742 euge,
3391 1670 3486 1726 Dei

1849 1784 1893 1840 Β
1922 1770 2092 1825 Mater
2125 1768 2450 1837 ancillaque.
2482 1764 2650 1836 Euge,
2676 1779 2835 1835 euge,
2868 1763 2956 1819 eui
2982 1764 3073 1818 ille
3103 1762 3344 1818 omnium
3375 1776 3489 1816 cre-

1921 1862 2086 1927 ditor,
2123 1860 2337 1916 debitor
2366 1858 2459 1915 sit.
2509 1856 2619 1913 Deo
2659 1856 2919 1912 debemus
2954 1870 3142 1909 omnes
3175 1874 3188 1909 :
3229 1853 3328 1908 tibi
3370 1853 3489 1926 ipse

1921 1951 2219 2008 obstrictus
2248 1956 2354 2005 est.
2382 1947 2514 2021 Nam
2548 1947 2639 2019 qui
2670 1946 2807 2003 dixit
2837 1965 2849 2001 :
2885 1945 3102 2001 Honora
3122 1953 3323 2015 patrem
3341 1954 3488 1997 tuum

1920 2054 1969 2101 et
2000 2055 2222 2098 matrem
2245 2042 2324 2107 ’7,
2358 2041 2517 2111 longe
2549 2038 2730 2109 potius
2754 2078 2769 2104 ,
2814 2037 3015 2093 talibus
3053 2038 3171 2108 ipse
3211 2036 3489 2092 accenseri

1922 2138 2143 2204 volens,
2179 2134 2410 2206 gratiam
2446 2134 2832 2204 propriamque
2865 2131 2981 2203 ipse
3008 2131 3178 2202 legem
3200 2170 3219 2195 ,
3267 2130 3323 2187 in
3367 2143 3490 2185 eam

1922 2236 2251 2300 servaverit,
2304 2248 2424 2304 quae
2461 2232 2608 2288 ultro
2653 2234 2989 2296 assumptam
3016 2224 3123 2294 ipsi
3150 2221 3489 2277 nativitatem

1921 2329 2283 2397 ministravit;
2307 2340 2610 2399 quamque,
2644 2322 2761 2379 sine
2793 2325 2978 2390 patre,
3012 2316 3159 2371 velut
3185 2314 3304 2369 sine
3346 2314 3486 2377 viro,

1922 2421 2148 2477 Matrem
2197 2418 2480 2488 inscripsit
2520 2412 2996 2481 conﬁrmavitque;
3031 2409 3218 2464 divino
3252 2406 3488 2476 quodam

1922 2515 2154 2577 decore,
2188 2520 2242 2567 et
2282 2526 2449 2581 supra
2486 2508 2759 2563 hominem
2788 2503 3191 2576 glorificaverit.
3227 2499 3305 2553 lla
3360 2515 3489 2554 vero

1922 2604 2039 2658 haec
2069 2602 2367 2665 habebunt,
2402 2598 2679 2654 habebunt
2704 2598 2798 2650 ita.
2826 2594 3008 2663 Neque
3039 2593 3184 2648 enim
3209 2606 3327 2661 qua:
3358 2589 3491 2645 oﬁ‘e-

1922 2695 2096 2749 rimus
2127 2693 2360 2760 cantica,
2389 2690 2636 2745 inutilem
2663 2697 2870 2743 tantum
2902 2686 3189 2742 verborum
3214 2687 3487 2745 ornatum,

1923 2803 1958 2843 o
1991 2786 2421 2843 sacratissimum
2461 2779 3111 2848 admirabilissimumque
3154 2775 3250 2830 Dei
3277 2774 3493 2829 habita-

1925 2881 2129 2943 culum,
2149 2879 2387 2934 habent:
2418 2890 2594 2946 neque
2617 2888 2832 2938 rursus,
2857 2870 3172 2928 saecularem
3201 2866 3492 2939 quamdam

1923 2972 2293 3044 nugacitatem
2315 3010 2330 3036 ,
2362 2969 2610 3040 falsaque
2651 2964 3039 3023 assentationis
3067 2962 3214 3018 velut
3258 2959 3496 3015 crocita-

1926 3072 2131 3131 menta,
2166 3063 2431 3135 spiritalis
2454 3068 2549 3116 tua
2577 3059 2742 3114 habet
2767 3056 3031 3122 laudatio,
3064 3069 3097 3109 ο
3119 3050 3492 3115 Deo-laudata,

251 3144 421 3229 Θεοῦ,
455 3144 555 3218 καί
588 3162 854 3233 εὐμήκης
876 3165 910 3216 ό
941 3162 1124 3229 τόπος
1155 3162 1266 3231 τῆς
1308 3144 1578 3230 κτήσεως
1612 3162 1819 3217 αὐτοῦ.

1925 3171 2155 3229 quaeque
2177 3156 2345 3212 Deum
2370 3154 2490 3224 ipsa
2510 3153 2802 3207 lactentem
2827 3148 3062 3212 habeas;
3080 3160 3225 3209 eum,
3248 3144 3493 3213 inquam,

246 3257 469 3328 Μέγας,
499 3256 598 3310 καί
623 3258 733 3310 οὐκ
756 3256 880 3325 ἔχει
908 3252 1197 3321 τελευτήν
1219 3271 1231 3285 ·
1260 3255 1504 3324 ὑψηλὸς
1545 3254 1644 3309 καὶ
1683 3253 1824 3324 ἀμέ-

249 3364 485 3416 τρητος.
507 3348 713 3410 Ὄντως
738 3345 865 3417 γὰρ,
897 3345 1063 3410 ὅντως
1094 3347 1429 3417 προφητικὸς
1458 3346 1704 3418 χρησμὸς
1728 3346 1824 3400 καὶ

252 3438 490 3510 ἀψευδὴς
540 3438 695 3507 λόγος
744 3433 897 3502 οὗτος
943 3438 1041 3508 τῆς
1086 3441 1217 3509 περὶ
1260 3438 1319 3490 σὲ
1371 3437 1819 3509 μεγαλειότητοςο

250 3533 383 3587 διότι
408 3533 505 3585 καὶ
534 3531 668 3603 μόνη
702 3530 1140 3603 συμμερίσασθαι
1170 3529 1289 3601 Θεῷ
1306 3530 1373 3584 τὰ
1392 3528 1486 3583 τοῦ
1520 3529 1653 3583 Θεοῦ
1694 3546 1826 3583 κατ-

251 3623 506 3693 ηξίωσαι,
537 3622 668 3675 Θεὸν
716 3623 1025 3693 γεννήσασα
1058 3622 1221 3693 σαρκὶ
1259 3622 1395 3693 μόνη
1415 3660 1429 3686 ,
1463 3620 1565 3683 τὸν,
1589 3623 1654 3675 ὲκ
1687 3619 1823 3675 Θεοῦ

252 3715 468 3786 Πατρὸς
518 3713 820 3785 μονογενῶς
868 3715 962 3767 xa‘.
999 3713 1278 3778 συναῖδίως
1323 3711 1666 3785 γεννηθέντα.
1699 3713 1825 3766 Φιλ-

254 3804 468 3877 αλήθως
501 3805 613 3877 (72)
655 3805 761 3859 οἶδε
801 3804 946 3875 λόγοι
984 3805 1219 3869 πίστεως
1248 3805 1581 3878 ἀκραιφνοῦς
1609 3805 1828 3874 ἀντεχο-

256 3895 454 3967 μένων.

1929 3252 2022 3323 qui
2059 3251 2295 3322 primum
2326 3262 2450 3304 esse
2474 3243 2807 3301 mortalibus
2825 3240 3109 3297 nativitate
3142 3236 3361 3303 tribuit;
3398 3232 3494 3290 sed

1926 3322 2213 3397 veritatem
2266 3336 2559 3408 quamdam
2604 3347 2831 3405 prorsus
2870 3329 3232 3401 perspicuam.
3271 3322 3496 3380 Deﬁciet

1929 3435 2074 3491 enim
2105 3448 2208 3490 nos
2249 3440 2462 3501 tempus
2506 3429 2827 3497 futuraeque
2871 3420 3215 3495 postmodum
3269 3430 3497 3489 genera-

1929 3528 2128 3591 tiones,
2157 3525 2203 3580 si
2234 3531 2288 3579 te
2320 3522 2547 3577 Matrem
2577 3518 2730 3589 Regis
2759 3515 3074 3572 stet-uiarum
3107 3512 3152 3544 ’⁸
3182 3509 3360 3582 dignis
3389 3509 3499 3565 elo-

1928 3621 2032 3690 giis
2054 3617 2384 3672 voluerimus
2412 3615 2625 3671 beatam
2650 3610 2979 3682 praedicare;
3008 3615 3068 3661 ut
3086 3603 3319 3676 quodam
3351 3603 3494 3667 loco,

1929 3707 2186 3764 erudiens
2248 3718 2432 3775 quam.
2465 3702 2544 3758 sis
2603 3696 3207 3770 incomprehensibilis,
3261 3693 3502 3763 inclytus

1930 3798 2191 3870 propheta
2233 3797 2348 3851 ait:
2384 3794 2558 3861 Quam
2598 3808 2792 3863 magna
2835 3789 3025 3845 domus
3058 3787 3185 3852 Dei,
3224 3795 3272 3840 et
3320 3785 3501 3854 ingens

1933 3892 2076 3950 locus
2099 3887 2444 3961 possessionis
2465 3886 2617 3956 ejus!
2649 3884 2897 3955 Magnus,
2930 3892 2980 3938 et
3004 3898 3106 3936 non
3132 3878 3286 3935 habet
3306 3879 3501 3951 ﬁnem;

254 3990 501 4045 sublimis
557 3999 712 4062 atque
757 3991 1041 4045 immensus
1099 3989 1167 4045 ”.
1221 3987 1391 4055 Plane
1452 3988 1596 4044 enim
1623 4025 1641 4049 ,
1694 3986 1852 4058 plane
1897 3983 2277 4056 propheticum
2329 3978 2650 4043 oraculum,
2696 3976 3128 4045 verissimusque
3190 3972 3281 4027 hic
3321 3983 3506 4027 sermo

254 4086 324 4141 de
355 4086 762 4157 magniﬁcentia
810 4086 903 4141 illa
944 4094 1037 4140 tua
1078 4093 1134 4140 et
1188 4084 1476 4155 majestate
1527 4082 1823 4153 procedit:
1879 4095 2006 4134 nam
2061 4086 2117 4133 et
2162 4077 2312 4141 sola,
2356 4088 2549 4131 eorum
2585 4086 2709 4143 qua:
2755 4076 2886 4127 sunt
2932 4067 3061 4134 Dei,
3114 4072 3327 4138 partem
3377 4077 3507 4120 cum

259 4184 372 4239 Deo
429 4184 628 4239 habere
690 4182 976 4250 meruisti;
1026 4197 1147 4254 quae
1206 4181 1320 4237 sola
1370 4179 1540 4235 Deum
1597 4194 1666 4235 ex
1717 4176 1827 4233 Deo
1897 4175 2060 4230 Patre
2101 4175 2334 4244 unigene
2376 4184 2441 4224 ac
2483 4168 2812 4238 sempiterne
2856 4166 3132 4237 genitum,
3184 4175 3351 4217 carne
3410 4173 3510 4231 ge.

254 4278 470 4334 nueris.
512 4277 590 4334 Ita
612 4280 883 4334 veraciter
917 4278 1198 4343 sentiunt,
1228 4277 1322 4347 qui
1354 4275 1625 4331 sinceram
1660 4272 1822 4330 ﬁdem
1853 4273 2274 4343 amplectuntur.

326 4373 432 4427 Μ’.
486 4365 868 4442 Ἀπολάῦωμεν
898 4369 956 4423 δὲ
1000 4370 1204 4434 λοιπὸν,
1250 4362 1298 4423 ὦ
1344 4367 1824 4439 φιλομαθέστατοι,

2003 4363 2094 4420 XI.
2117 4361 2408 4425 Craterum,
2441 4357 2588 4430 quod
2616 4354 2885 4426 reliquum
2906 4359 3009 4415 est,
3049 4349 3352 4413 sciendum,
3386 4352 3508 4401 ειη-ι

253 4464 347 4518 τὸν
370 4462 613 4532 θεώόχον
649 4461 981 4534 πρεσϐύτην,
1014 4461 1109 4515 καὶ
1139 4460 1335 4531 εὐσεϐῆ
1364 4459 1700 4523 διδάσκαλον,
1731 4452 1834 4513 ὧδέ

256 4572 362 4608 που
388 4553 716 4625 διανηξαντα
743 4555 1024 4626 σωτηρίως
1047 4554 1111 4606 ὲκ
1154 4550 1249 4605 τοῦ
1299 4550 1628 4624 παρθενικοῦ
1663 4549 1831 4603 πελά-

266 4662 419 4714 γουςο
458 4646 554 4699 καὶ
595 4646 1047 4717 διαναπαύσωμεν
1092 4644 1547 4717 ὲμπεφορημένον
1580 4644 1696 4713 ἅμα
1734 4642 1834 4713 τῆς

255 4737 411 4801 θείας
452 4737 713 4806 ἐφέσεως,
740 4738 833 4791 καὶ
874 4738 1363 4810 ὲμπορευσάμενονν
1385 4738 1520 4808 ἡμῖν
1556 4734 1654 4806 τὴν
1693 4752 1831 4788 παν-

256 4828 437 4883 όλϐιον
458 4828 733 4900 θεολογίαν
751 4846 767 4862 ο
790 4830 882 4885 καὶ
918 4830 1086 4902 ἴωμεν
1115 4831 1280 4901 ἡμεῖς
1305 4830 1442 4903 πρὸς
1479 4827 1538 4883 τδ
1583 4827 1710 4898 ἑξῆς
1738 4826 1832 4883 τοῦ

255 4921 441 4990 λόγου,
463 4922 719 4987 ἀπλανῶς
756 4923 894 4993 πρὸς
921 4923 1012 4976 τὸν
1045 4923 1409 4995 προκείμενον.
1437 4921 1636 4978 σκοπὸν
1667 4922 1835 4974 ἀπευ-

256 5011 511 5076 θύνοντες
543 5013 640 5066 σὺν
669 5013 861 5084 ὁδηγίᾳ
891 5011 984 5066 τοῦ
1010 5012 1314 5085 κρείττονος
1329 5011 1428 5083 τὴν
1456 5010 1661 5083 τρίϐον,
1687 5010 1835 5072 ὅπως

259 5104 338 5176 μὴ
395 5104 573 5176 πάντη
624 5098 774 5175 ὦμεν
816 5105 1056 5177 ἄκαρποι
1094 5105 1189 5158 καὶ⁵
1240 5104 1549 5167 άσυντελεῖς
1598 5102 1735 5175 πρὸς
1766 5100 1835 5155 τὰ

255 5194 467 5247 δέοντα.
514 5192 669 5246 Ἐπεὶ
704 5188 795 5248 οῦν
830 5193 1234 5265 συνεκλήθησαν
1267 5193 1403 5266 πρὸς
1443 5192 1514 5246 τά
1554 5192 1713 5265 ίερῶς
1743 5209 1834 5245 τε-

255 5283 501 5354 λούμενα
533 5282 801 5355 ἱερωσύνη
825 5300 886 5337 τε
913 5284 1006 5338 καὶ
1030 5284 1366 5356 προφητεία,
1400 5284 1495 5345 καὶ
1529 5285 1834 5356 παρειστή-

326 5484 375 5515 “
417 5479 553 5536 IIR

552 5492 631 5551 eg.
685 5497 857 5549 nm,
900 5481 988 5536 i7.
1062 5482 1109 5516 ”
1140 5480 1313 5539 Exod.
1356 5499 1530 5547 xxxv,
1572 5481 1661 5536 l7.
1736 5481 1785 5513 ”
1825 5478 1979 5537 Psal.
2017 5496 2136 5550 cm,
2178 5480 2241 5541 2.

1932 4458 2248 4514 diosissima
2280 4453 2497 4520 concio,
2527 4465 2714 4508 senem
2741 4459 2992 4503 nostrum
3009 4442 3105 4499 Dei
3128 4445 3506 4510 suseeptorem

1934 4552 2196 4621 piumque
2223 4546 2524 4608 doctorem,
2563 4542 2670 4596 huc
2694 4539 2989 4596 salubriter
3016 4549 3047 4588 a
3075 4529 3328 4603 virginali
3353 4528 3507 4599 pela-

1933 4657 2003 4713 go
2032 4640 2472 4710 adnavigantem,
2505 4633 2873 4703 suscipiamus
2897 4669 2913 4695 ,
2937 4629 3160 4699 jamque
3189 4623 3375 4680 divino
3403 4635 3508 4678 suo

1933 4712 2028 4787 illo
2049 4729 2326 4787 desiderio
2347 4732 2722 4784 exsaturatum
2747 4722 2953 4793 pariter
2970 4758 2986 4784 ,
3041 4731 3105 4771 ac
3134 4712 3504 4773 beatissimam

1934 4825 2081 4879 illam
2119 4821 2445 4892 theologiam
2492 4817 2652 4873 nobis
2694 4815 3107 4874 advectantem,
3160 4818 3505 4870 recreemus;

1935 4918 2150 4989 ipsique
2184 4928 2493 4972 sermonem
2520 4912 2795 4982 reliquum
2830 4906 3228 4980 prosequamur
3259 4899 3327 4955 ad
3366 4913 3507 4971 pra:-

1937 5010 2186 5066 stitutum
2220 5008 2381 5063 nobis
2426 5019 2687 5075 scopum,
2737 5001 2832 5057 Dei
2884 4998 3075 5070 optimi
3118 4996 3321 5058 ductu,
3357 4997 3509 5046 certa

1936 5101 2149 5156 ratione
2182 5112 2403 5154 cursum
2430 5095 2759 5171 dirigentes;
2794 5098 2855 5146 ut
2896 5104 2965 5145 ne
3010 5089 3293 5158 prorsus,‘
3323 5080 3391 5137 ad
3441 5095 3508 5134 ea

1936 5207 2055 5263 qua:
2085 5191 2427 5253 incumbunt,
2460 5194 2517 5242 et
2543 5192 2856 5241 nostrarum
2880 5187 3009 5238 sunt
3037 5179 3306 5251 partium,
3331 5172 3510 5229 infru-

1936 5284 2093 5357 giferi
2140 5282 2470 5351 inutilesque
2523 5276 2889 5332 inveniamur.
2939 5271 3078 5328 Cum
3113 5271 3297 5341 itaque
3331 5266 3399 5321 ad
3441 5278 3513 5325 ea

2338 5480 2385 5517 θ’
2421 5478 2536 5537 let.
2578 5494 2755 5548 mu,
2792 5475 2887 5534 24.
2962 5475 3009 5510 "
3049 5472 3242 5545 EpIm.
3283 5486 3337 5530 v1
3362 5508 3380 5540 ,
3418 5467 3513 5537 ιθ,

252 5554 298 5587 ﬂ
351 5550 523 5606 Exod.
561 5550 668 5617 ix,
713 5552 803 5607 i2.
876 5552 924 5586 ”
962 5554 984 5606 ι
1024 5552 1161 5608 Tim.
1204 5571 1245 5620 ι,
1282 5554 1369 5612 17.
1442 5554 1487 5588 ⁹⁹
1516 5552 1726 5613 Baruch
1745 5568 1824 5619 ιιι,

1931 5592 1945 5620 ,
1962 5552 2051 5609 25.

333 5732 448 5805 (7‘2)
478 5731 848 5802 Φιλαλήθως.
879 5732 1211 5806 Φιλαλήθεις.
