3862 6158
380 307 486 364 575

1338 304 1395 358 s.
1439 301 1765 360 memon"
1802 303 2110 359 EPISCOPI
2153 304 2240 358 ET
2281 282 2635 359 mannis

3501 310 3602 367 376

380 440 539 487 sacra
562 467 576 492 ,
603 425 964 481 sacerdotium
982 464 997 485 ,
1056 424 1450 496 prophetiaque
1473 467 1487 487 .
1521 427 1723 495 pariter
1758 435 1945 481 vocata

2059 445 2135 480 κει
2163 425 2240 498 τῷ
2288 426 2483 497 ἐνδόξῳ
2511 428 2604 480 καὶ
2646 424 2953 498 παρθενικῷ
3003 425 3178 498 θρόνῳ
3219 425 3445 496 ξυνωρὶς
3485 428 3602 484 θεοε

383 525 568 574 essent
594 517 941 588 gloriosoque
974 514 1214 586 Virginis
1236 516 1455 580 throno,
1483 518 1604 585 biga
1637 520 1747 571 hinc
1774 533 1803 571 a
1839 517 1947 571 Deo

383 611 679 666 electorum
715 608 1020 677 iustorum;
1058 606 1350 674 Simeonis,
1386 608 1630 678 inquam,
1668 617 1722 664 et
1747 609 1943 676 Annae;

386 701 761 774 apertissimas
787 701 1070 771 utriusque
1102 701 1286 771 populi
1330 702 1595 772 imagines
1637 702 1690 756 in
1727 717 1785 757 se
1809 718 1947 773 prte-

385 793 675 851 ferentium
697 834 711 855 ,
748 794 1014 848 astitisset
1039 790 1183 863 (nam
1214 808 1379 848 senex
1402 793 1619 864 quidem
1690 792 1948 849 Israeliti-

383 902 509 944 cum
544 888 836 958 populum,
867 885 1087 955 jamque
1135 895 1505 940 senescentem
1538 894 1592 941 et
1614 885 1824 941 eﬂ‘etam
1866 887 1945 940 le-

385 992 505 1049 gem
550 976 868 1041 exhibebat;
918 976 1079 1030 vidua
1122 983 1299 1030 autem
1357 974 1654 1029 Ecclesiam
1706 978 1946 1047 gentium

384 1073 612 1122 eatenus
638 1066 929 1134 viduam),
965 1080 1130 1120 senex
1156 1064 1405 1135 quidem,
1437 1080 1536 1120 ceu
1573 1067 1625 1119 in
1665 1066 1802 1135 legis
1827 1082 1948 1136 per-

388 1172 557 1219 sona,
611 1156 985 1212 dimissionem
1028 1156 1340 1226 quaerebat;
1376 1156 1536 1209 vidua
1572 1164 1752 1211 autem
1782 1196 1795 1219 ,
1846 1172 1944 1211 ceu

386 1248 640 1305 Ecclesia:
667 1263 956 1318 personam
981 1262 1195 1318 gerens,
1218 1246 1617 1302 confessionem
1645 1253 1836 1301 contra
1866 1247 1947 1301 af-

387 1338 595 1394 ferebat
627 1341 669 1407 ¹,
692 1338 1248 1410 exspectantibusque
1296 1337 1723 1407 redemptionem
1769 1338 1825 1392 in
1859 1336 1949 1393 Je-

385 1431 655 1496 rusalem,
707 1445 828 1501 quae
867 1430 935 1484 de
969 1430 1087 1499 ipso
1125 1437 1281 1484 erant
1307 1429 1554 1483 edicebat
1584 1451 1595 1484 :
1629 1428 1770 1483 sicut
1810 1430 1950 1484 bene

388 1531 552 1593 atque
580 1522 829 1593 apposite
855 1536 919 1575 ac
945 1519 1101 1576 valde
1122 1519 1338 1589 egregie
1359 1561 1373 1587 ,
1400 1528 1455 1574 et
1486 1519 1626 1575 festo
1651 1521 1780 1575 huic
1821 1537 1946 1576 cum

386 1615 579 1685 primis
604 1629 863 1685 congrua,
890 1614 960 1668 ab
996 1624 1225 1682 utroque
1252 1610 1423 1679 dicta,
1449 1612 1757 1683 conscripta
1798 1621 1945 1669 sunt.

385 1704 680 1778 Oportebat
710 1706 854 1761 enim
902 1719 965 1759 ac
1000 1705 1159 1773 plane
1186 1718 1473 1760 necessum
1501 1712 1620 1759 erat
1639 1745 1654 1770 ,
1686 1712 1747 1759 ut
1779 1720 1947 1759 senex

2047 520 2260 590 κλήτων
2285 519 2531 586 δικαίων,
2590 518 2871 589 Συμεῶνός
2904 536 3043 590 φημι
3067 519 3159 573 καὶ¹
3182 520 3400 591 Ἀννης,
3427 521 3579 575 ὲκατέ

2049 628 2157 682 ρων
2185 610 2292 664 τῶν
2319 610 2462 663 λαῶν
2504 608 2900 681 ἐναργεστάτας
2942 610 3215 682 φερόντων
3257 610 3358 674 τὰς
3400 612 3602 676 εἰκόνας

2049 703 2108 774 (ὁ
2142 704 2240 773 μὲν
2271 702 2599 774 πρεσϐύτης,
2634 701 2726 754 τοῦ
2768 701 2981 772 Ἰσραὴλ
3016 702 3110 754 καὶ
3147 701 3239 755 τοῦ
3268 703 3602 774 γηράσαντος

2046 795 2208 865 νόμου
2229 811 2242 823 ’
2276 796 2308 864 ἡ
2342 793 2397 847 δὲ
2430 795 2593 864 χήρα,
2622 794 2719 863 τῆς
2754 792 2813 856 ἐξ
2838 791 3003 845 ἐθνῶν
3031 794 3205 864 χήρας
3236 793 3297 845 τὸ
3318 793 3603 865 τηνικαῦτα

2059 885 2418 955 Ἐκκλησίας)
2444 901 2457 915 ⁸
2487 888 2516 938 ὁ
2550 885 2647 955 μὲν
2688 881 2782 938 οὖν
2822 884 3130 957 πρεσϐύτης
3172 886 3605 956 προσωποποιού-

2051 995 2209 1048 μενος
2239 978 2329 1031 τὸν
2383 977 2563 1047 νόμον,
2604 977 2701 1048 τὴν
2749 977 3013 1031 ἀπόλυσιν
3054 978 3331 1049 ὲξεζήτει·
3364 979 3396 1049 ἡ
3428 978 3483 1031 δὲ
3511 980 3603 1050 τῆς

2063 1069 2385 1139 Ἐκκλησίας
2416 1070 2828 1141 προσωποποιὸς
2858 1069 2952 1140 τὴν
2989 1068 3414 1140 άνθομολόγησιν
3443 1086 3605 1140 προσ-

2046 1159 2266 1231 εκόμιξε
2303 1158 2436 1231 (75),
2479 1160 2569 1214 καὶ
2600 1162 2711 1223 τοῖς
2747 1159 3198 1230 ἀπεκδεχομένοις
3243 1159 3506 1231 λύτρωσιν
3551 1160 3604 1210 ἐν

2059 1250 2411 1323 Ἰερουσαλὴμ
2456 1250 2524 1303 τά
2571 1252 2697 1322 περὶ
2739 1249 2903 1304 αὐτοῦ
2941 1251 3151 1304 ἐλάλει’
3192 1250 3372 1313 καθὼς
3409 1250 3610 1320 γέγρα-

2048 1362 2177 1397 πται
2211 1341 2270 1398 εὖ
2317 1343 2461 1415 μάλα
2499 1343 2769 1415 ἁρμοδίως
2797 1343 2890 1396 καὶ
2919 1340 3208 1413 ὑπερφυῶς
3240 1341 3309 1394 τὰ
3331 1342 3458 1411 παρ’
3494 1341 3611 1393 ἐκαρ

2046 1436 2228 1507 τέροις
2247 1435 2569 1506 λαλούμενα,
2588 1434 2682 1487 καὶ
2707 1438 2772 1505 τῇ
2802 1436 2922 1504 ἱερᾷ
2943 1433 3129 1504 τελετῇ
3160 1434 3448 1503 σύμφημα.
3470 1429 3611 1483 Ἔδει

2048 1527 2175 1599 γάρ,
2212 1527 2317 1580 ἔδει
2353 1527 2538 1595 σαφῶς
2566 1526 2656 1579 τὸν
2698 1526 2794 1596 μὲν
2828 1525 3135 1597 πρεσϐύτην
3167 1525 3524 1594 ἐπιστάμενον
3552 1522 3611 1574 τὸ

2049 1620 2254 1688 φάσκον
2278 1618 2370 1671 τοῦ
2403 1619 2565 1689 νόμου
2606 1618 2905 1687 διάταγμα,
2942 1616 3137 1672 Αὑτοῦ
3180 1616 3458 1669 ἀκούετε·
3487 1611 3607 1667 καί·

2048 1708 2224 1763 Πᾶσα
2256 1710 2425 1779 ψυχὴ
2471 1710 2602 1777 ἣτις
2628 1708 2705 1763 ἂν
2739 1709 2826 1778 μὴ
2865 1708 3101 1776 ἀκούσῃ
3149 1706 3355 1771 αὑτοῦ,
3405 1705 3614 1769 ἐξολο-

387 1797 645 1868 quidem,
677 1798 770 1869 qui
812 1797 945 1867 legis
983 1796 1112 1851 illud
1148 1796 1345 1853 scitum
1384 1798 1673 1868 perspicue
1722 1805 1944 1861 nosset,

2059 1803 2357 1869 9ρεύσεται
2398 1802 2466 1854 ἐκ
2507 1800 2613 1853 τοῦ
2662 1799 2814 1869 λαοῦ
2859 1796 3079 1865 αὐτῆς,
3131 1796 3388 1849 ἀπόλυσιν
3431 1794 3617 1863 ἐπιζη-

387 1904 498 1961 quo
534 1889 737 1945 dicitur
767 1908 781 1945 :
813 1888 993 1958 Ipsum
1016 1891 1224 1953 audite;
1255 1895 1312 1943 et
1354 1907 1367 1942 :
1405 1888 1588 1944 Omnis
1616 1890 1795 1944 anima
1835 1905 1952 1961 qua:

389 1984 561 2051 ipsum
586 1999 688 2037 non
711 1982 958 2044 audierit,
988 1982 1426 2036 exterminabitur
1457 1980 1521 2036 de
1547 1981 1735 2051 populo
1757 1997 1852 2034 suo
1883 1981 1903 2011 ³
1933 1998 1946 2035 :

390 2073 671 2144 paciﬁcam
702 2089 734 2128 a
780 2073 936 2144 legali
983 2071 1327 2143 postmodum
1370 2072 1710 2127 institutione
1760 2072 1953 2128 dimis-

390 2166 601 2222 sionem
631 2172 914 2236 qutereret.
947 2164 1155 2220 Revera
1187 2165 1333 2220 enim
1363 2164 1562 2234 injuria
1588 2172 1673 2218 est
1698 2172 1752 2219 et
1782 2172 1952 2219 teme-

388 2257 526 2313 ritas
546 2297 561 2320 ,
585 2265 677 2322 ut,
707 2271 832 2327 rege
872 2263 1140 2326 praesente
1166 2270 1229 2310 ac
1255 2257 1416 2310 verba
1445 2255 1659 2325 publice
1686 2254 1947 2319 faciente,

391 2348 683 2405 satellitum
714 2347 911 2418 aliquis
943 2364 1009 2404 ex
1048 2349 1282 2404 adverso
1312 2348 1585 2418 loquatur,
1613 2355 1779 2418 utque
1816 2345 1951 2400 sub-

393 2437 492 2494 diti
525 2438 577 2494 ei
604 2439 821 2494 interim
858 2452 1020 2495 aures
1062 2438 1495 2493 accommodent.
1527 2437 1632 2492 Sed
1655 2446 1709 2491 et
1732 2437 1950 2491 viduam

388 2545 513 2600 que
568 2529 727 2585 donis
781 2530 1168 2599 superantibus
1227 2530 1492 2584 rationem
1553 2536 1711 2583 aucta
1763 2534 1947 2591 esset,

391 2618 549 2674 testis
574 2618 808 2673 canticis
840 2617 951 2673 Deo
972 2619 1177 2689 gratias
1203 2634 1361 2689 agere
1388 2635 1486 2689 par
1521 2627 1638 2673 erat
1667 2637 1679 2670 :
1713 2618 1954 2686 adeoque

388 2709 500 2763 illic
540 2716 728 2778 gesta,
773 2709 879 2779 legi
929 2724 1171 2764 consona
1219 2721 1392 2765 erant.
1454 2709 1719 2763 Caeterum
1776 2723 1954 2779 operte

390 2802 625 2873 pretium
676 2801 881 2864 fuerit,
924 2802 1303 2871 inquiramus;
1340 2817 1462 2855 cum
1515 2801 1843 2871 prophetica:
1876 2801 1954 2854 in-

392 2890 749 2946 formationcs
774 2897 829 2946 et
849 2890 1036 2961 ﬁgurae
1071 2892 1138 2946 ad
1167 2892 1395 2947 eximias
1437 2893 1600 2947 hasce
1626 2892 1951 2947 festivitates

391 2999 689 3057 congruam
718 2984 1009 3055 quamdam
1031 2985 1345 3040 relationem
1383 2985 1661 3048 haberent,
1696 2986 1955 3053 quemad-

391 3077 611 3132 modum
644 3076 849 3132 dictum
881 3085 965 3131 est
994 3117 1008 3141 ,
1036 3077 1310 3147 quomodo
1339 3076 1534 3131 domus
1570 3075 1719 3131 fumo
1750 3076 1951 3146 repleta

2051 1891 2215 1961 τῆσαι
2255 1893 2535 1964 εἰρηνικὴν
2575 1891 2672 1962 τῆς
2714 1889 2943 1960 νομικῆς
2996 1886 3384 1955 παιδαγωγίας.
3422 1886 3614 1957 ’Υὸρις

2053 1984 2160 2056 γὰρ
2210 1984 2326 2054 ἅμα
2383 1984 2477 2036 καὶ
2522 1982 2850 2053 προπέτεια,
2911 1978 3170 2050 βασιλέως
3213 1978 3479 2049 παρόντος
3525 1976 3617 2029 καὶ

2050 2075 2521 2147 δημηγοροῦντος,
2558 2073 2903 2143 ὑπασπιστὴν
2946 2072 3307 2143 κατάντικρυς
3335 2069 3620 2138 ἀντιφθέγ-

2052 2169 2264 2237 γεσθαι,
2306 2167 2399 2221 καὶ
2425 2167 2599 2237 τούτῳ
2631 2164 2902 2217 ἐπικλῖναι
2932 2165 3058 2227 τοὺς
3081 2164 3355 2234 ὑπηκόους
3387 2162 3457 2215 τὰ
3487 2157 3616 2215 ὦτα.

2056 2260 2205 2313 Ἔδει
2233 2259 2288 2311 δὲ
2321 2258 2416 2311 καὶ
2444 2256 2540 2328 τὴν
2583 2257 2778 2327 χήραν,
2812 2254 3076 2325 τυχοῦσαν
3114 2254 3221 2307 τῶν
3254 2253 3392 2325 ὑπὲρ
3444 2252 3617 2321 λόγον,

2052 2350 2122 2405 τά
2152 2352 2546 2422 εὐχαριστήρια
2572 2348 2826 2420 ἑορτάσαι
2849 2345 2926 2416 τῷ
2951 2345 3095 2416 Θεᾷν
3124 2344 3263 2399 ὥστε
3304 2344 3518 2415 συνῳδά
3544 2342 3621 2415 τῷ

2053 2441 2200 2511 νόμῳ
2233 2440 2298 2493 τά
2328 2433 2430 2495 ὧδε
2455 2439 2771 2510 τελούμενα.
2822 2436 3179 2508 Ἐπιζητῆσαι
3209 2436 3267 2489 δὲ
3296 2434 3481 2488 λοιπὸν
3520 2432 3622 2488 τῶν

2053 2532 2365 2600 ἀναγκαίων
2392 2529 2716 2602 καθέστηκε,
2751 2529 2868 2592 πῶς
2901 2529 3008 2581 τῶν
3042 2525 3391 2599 προφητικῶν
3429 2542 3623 2597 προτιμ-

2055 2624 2304 2688 πὼσεων,
2361 2623 2543 2686 καθὼς
2610 2622 3004 2685 ἀποδέδεικται,
3048 2623 3140 2674 ἐπί¹
3187 2621 3296 2675 τῶν
3332 2618 3623 2690 ἐξαιρέτων

2054 2716 2256 2770 τούτων
2285 2714 2672 2787 ἐορτασμάτων
2711 2712 2993 2785 ἀραρότως
3032 2713 3261 2782 ἐχόντων
3294 2712 3390 2781 τὴν
3429 2712 3626 2777 ἀναφο-

2057 2810 2178 2881 ρὰν,
2214 2807 2418 2863 καπνοῦ
2463 2807 2549 2860 τὸν
2595 2803 2741 2859 οἷκον
2791 2804 3172 2877 ἐμπεπλῆσθαι
3205 2802 3455 2855 λέλεκται
3474 2818 3487 2832 ·
3536 2799 3626 2854 καὶ

2055 2900 2211 2955 τοῦτο
2244 2900 2304 2952 οὐ
2349 2897 2695 2970 παρενθέτως
2719 2897 2851 2966 (74),
2892 2895 3004 2950 ἀλλ’
3050 2894 3473 2965 ἐνσημάντρως,
3509 2890 3624 2945 ἀπὸ

2055 2991 2163 3060 τῆς
2188 2990 2474 3064 τρισαγίας
2501 2988 2705 3058 φωνῆς
2729 2989 2952 3058 φάσκων
2988 2989 3017 3040 ό
3048 2984 3362 3057 εἰσηγητὴς,
3390 2980 3472 3053 ἧς
3500 2980 3626 3035 sud-

2059 3098 2283 3151 κράγον
2327 3082 2376 3133 oi
2455 3079 2561 3132 τῶν
2621 3078 2956 3149 ἐπουρανίων
3025 3076 3241 3147 μύσται.
3320 3069 3631 3127 Ἀναλαὸὼν

394 3168 567 3225 fuisse
592 3168 863 3225 referatur
903 3189 917 3225 :
954 3185 1055 3225 nec
1087 3171 1139 3225 id
1170 3170 1317 3224 velut
1364 3170 1686 3230 incidenter,
1739 3168 1831 3223 sed
1881 3168 1955 3222 si-

2059 3174 2100 3226 δ’
2143 3170 2263 3236 οὖν,
2294 3167 2339 3225 ὧ
2387 3171 2650 3242 φιλήκοε,
2709 3170 2808 3240 τῆς
2858 3168 3094 3240 ἱστορίας
3138 3166 3200 3220 τὸ
3252 3164 3627 3234 ἐπαγόμενον,

394 3269 646 3333 gnanter,
671 3262 847 3333 inquit
868 3263 1059 3319 doctor
1090 3262 1482 3333 pr0pbctaquc,
1514 3278 1546 3315 a
1567 3277 1684 3315 voce
1715 3269 1797 3314 ter
1819 3257 1957 3314 San—

393 3359 517 3407 ctus
573 3369 676 3423 qua
722 3355 1024 3419 caelestium
1058 3354 1134 3408 illi
1183 3362 1370 3423 mysta:
1410 3352 1714 3406 clamabant
1738 3352 1781 3407 ³.
1814 3350 1959 3406 Sane

392 3444 621 3513 hujusce
644 3445 722 3499 rei
772 3460 1024 3510 causam,
1074 3445 1319 3500 studiose
1372 3443 1606 3507 auditor,
1644 3443 1954 3505 inveneris,

397 3534 557 3589 modo
582 3551 646 3590 ea
685 3551 805 3605 qua:
840 3544 1239 3607 consequenter
1273 3536 1436 3590 habet
1477 3537 1720 3591 narratio
1768 3551 1957 3605 perce--

394 3625 559 3695 peris.
579 3626 782 3680 Auditu
807 3627 974 3692 enim,
1006 3629 1200 3695 innuit,
1225 3627 1473 3692 audietis,
1504 3638 1554 3682 et
1584 3645 1686 3682 non
1710 3628 1960 3697 intellige-

398 3717 501 3781 tis;
532 3726 583 3772 et
613 3719 840 3774 videntes
865 3719 1126 3787 videbitis,
1151 3729 1200 3774 et
1222 3737 1325 3775 non
1353 3721 1679 3791 perspicietis
1720 3721 1761 3775 ⁸.
1801 3719 1957 3776 Post-

395 3821 559 3877 quam
586 3808 729 3863 enim
757 3810 943 3864 vesani
972 3809 1165 3876 Judaai,
1196 3810 1435 3881 prodigia
1458 3812 1693 3882 gloriosa
1720 3828 1836 3881 qua:
1856 3810 1963 3865 Do-

396 3899 570 3954 minus
597 3902 819 3969 ponebat
848 3919 1002 3972 super
1030 3912 1223 3958 terram
1242 3904 1283 3969 ⁸,
1306 3904 1449 3958 sicut
1470 3905 1747 3959 cecinerat
1771 3903 1958 3970 David,

398 3988 849 4058 conspexissent;
875 3991 1247 4061 vidissentque
1278 3991 1491 4062 signum
1522 4007 1586 4046 ex
1612 3991 1882 4061 profundo
1908 3999 1963 4047 et

396 4077 465 4131 de
490 4078 707 4134 excelso
727 4079 768 4144 ⁸,
803 4080 1149 4137 inconfusum
1176 4096 1512 4137 concurrens
1536 4082 1957 4152 indivisumque,

396 4171 852 4241 quemadmodum
917 4176 1079 4229 etiam
1110 4172 1278 4232 Isaias
1332 4176 1654 4246 praedixerat
1705 4194 1717 4229 :
1770 4191 1964 4245 nempe

397 4263 621 4320 Matrem
645 4280 809 4336 supra
833 4274 1083 4321 naturam
1107 4285 1123 4335 ;
1155 4267 1431 4339 fetumque
1453 4283 1616 4338 supra
1649 4268 1913 4322 rationem
1944 4286 1958 4320 :

399 4363 628 4411 matrem
669 4364 1013 4425 terrestrem;
1063 4368 1118 4414 et
1168 4359 1337 4415 tilium
1382 4360 1655 4415 cmlcstem
1685 4379 1697 4414 :
1731 4373 1957 4424 novam,

399 4450 652 4520 inquam,
690 4447 785 4504 Dei
819 4451 919 4505 viri
953 4458 1224 4517 naturam,
1257 4451 1713 4522 puerperiumque
1744 4450 1959 4521 nuptia-

2059 3266 2309 3336 εὑρήσεις
2355 3263 2452 3334 τὴν
2496 3262 2693 3316 αἰτίαν.
2735 3259 2903 3327 Ἄκοῇ
2930 3258 3058 3329 γάρ,
3090 3257 3273 3327 φησιν,
3303 3254 3627 3318 ἀκούσητε,

2057 3357 2154 3409 καὶ
2179 3358 2249 3408 οὺ
2282 3353 2366 3422 μὴ
2403 3353 2630 3420 συνῆτε
2650 3367 2664 3377 ·
2712 3352 2811 3404 καὶ
2836 3348 3175 3415 ,βλέποντες
3204 3343 3507 3412 βλέψητε,
3536 3337 3634 3394 καὶ

2059 3450 2129 3502 οὐ
2149 3447 2234 3516 μὴ
2267 3446 2451 3514 ἴδητε.
2483 3444 2635 3498 Ἐπεὶ
2655 3444 2833 3496 τοίνυν
2856 3437 2993 3493 εἶδον
3025 3437 3336 3507 ἀγνώμονες
3363 3430 3632 3487 Ἰουδαίων

2062 3540 2249 3602 παῖδες
2272 3537 2483 3606 τέρατα
2510 3535 2715 3601 ἔνδοξα,
2740 3532 2777 3587 ἁ
2808 3534 2973 3587 ἔθετο
3002 3534 3035 3586 ό
3060 3530 3203 3595 Θεὸς
3236 3527 3333 3581 ἐπὶ
3374 3524 3492 3593 τῆς
3523 3520 3633 3593 τῆς

2061 3630 2202 3684 κατὰ
2228 3630 2318 3682 τὸν
2357 3628 2589 3699 μελῳδὸν
2629 3625 2822 3679 Δαϐίδο
2856 3624 3148 3677 ἐθεάσαντο
3173 3620 3231 3674 δὲ
3274 3617 3368 3672 καὶ
3410 3617 3633 3686 σημεῖον

2062 3725 2125 3775 ἐκ
2160 3721 2355 3791 βάθους
2387 3720 2479 3773 καὶ
2514 3718 2573 3782 ἐξ
2607 3716 2771 3786 ὕψους
2801 3715 2941 3770 κατά
2963 3713 3176 3768 σύνοδον
3208 3712 3518 3781 άσύγχυτον
3542 3708 3635 3762 καὶ

2062 3813 2361 3884 ἀδιαίρετον
2386 3851 2399 3876 ,
2433 3810 2491 3863 ὃν
2544 3808 2745 3879 τρόπον
2786 3804 3238 3877 προανεφώνησεν
3281 3801 3512 3861 Ἡσαΐας
3554 3796 3634 3868 (τί

2061 3903 2252 3968 τοῦτο;
2291 3904 2503 3974 μητέρα
2527 3902 2669 3973 ὑπὲρ
2704 3901 2886 3969 φύσιν,
2927 3899 3019 3951 καὶ
3048 3896 3204 3949 τόκον
3261 3893 3404 3964 ὑπὲρ
3440 3892 3630 3959 λόγον’

2067 3997 2277 4068 μητέρα
2323 3997 2589 4063 ἐπίγειον,
2643 3994 2735 4048 καὶ
2784 3993 2896 4046 υἱὸν
2946 3990 3214 4061 οὐράνιον,
3244 3987 3440 4056 καινήν
3491 3998 3631 4053 φημι

2064 4088 2504 4161 οεανδρίαν(75),
2540 4089 2633 4141 καὶ
2673 4087 2829 4157 λόχον
2876 4083 3249 4153 ἀπειρόγαμον
3281 4099 3297 4115 ο
3323 4075 3403 4135 ὦν
3443 4077 3498 4130 τί
3540 4075 3633 4129 καὶ

2063 4180 2255 4248 γένοιτ’
2279 4179 2343 4233 ἂν
2375 4179 2708 4250 ἐνδοξότερον
2746 4178 2839 4231 καὶ
2875 4172 3320 4247 περιϐοητότερον
3356 4168 3504 4240 ἀμφὶ
3538 4165 3636 4235 τὴν

2064 4271 2329 4342 κτίσιν;)ο
2364 4272 2458 4325 καὶ
2491 4271 2662 4324 ταῦτα
2696 4268 3036 4339 θεασάμενοι,
3068 4262 3382 4333 διετέθησαν
3433 4261 3512 4324 ὼς
3562 4256 3635 4328 μὴ

2066 4361 2427 4434 θεασάμενοι,
2490 4362 2785 4433 μύσσοντες
2823 4360 2917 4414 καὶ
2967 4355 3317 4426 ὑπτιούμενοι
3367 4350 3508 4423 πρὸς
3542 4346 3635 4421 τὴν

2065 4453 2296 4507 αἵνεσιν·
2335 4452 2424 4506 διὰ
2468 4453 2624 4507 τοῦτο
2657 4450 2899 4523 ἐπλήσθη
2927 4451 2956 4503 ὁ
2995 4446 3141 4510 οἶκος
3175 4446 3274 4516 τῆς
3316 4443 3636 4513 καυχήσεως

395 4559 518 4599 rum
540 4560 736 4615 expers
767 4563 780 4599 :
824 4544 1040 4617 quibus,
1071 4544 1199 4615 quid
1229 4559 1469 4614 unquam
1491 4542 1784 4614 gloriosius
1813 4543 1955 4597 circa

2065 4545 2244 4600 αὐτῶν
2269 4545 2495 4599 καπνοῦ.

399 4645 742 4703 creaturam,
775 4636 904 4707 quid
939 4653 1068 4691 vero
1095 4637 1359 4692 celebrius
1394 4636 1566 4705 possit
1605 4634 1760 4689 ﬁeri?
1806 4635 1952 4699 haec,
1984 4636 2202 4707 inquam
2224 4678 2243 4703 ,
2270 4639 2347 4692 illi
2386 4653 2511 4693 cum
2561 4637 2858 4698 vidissent,
2915 4632 3142 4705 perinde
3172 4628 3349 4685 affecti
3389 4631 3522 4683 sunt
3572 4636 3638 4679 ac

401 4732 448 4788 si
478 4749 587 4788 non
616 4732 914 4800 vidissent,
954 4735 1270 4790 claudentes
1310 4734 1529 4800 oculos,
1583 4737 1638 4787 et
1692 4731 1757 4786 ad
1800 4730 2013 4787 laudem
2067 4736 2267 4805 supini.
2312 4735 2603 4806 PrOpterea
2645 4733 2849 4804 repleta
2913 4738 2999 4788 est
3046 4729 3243 4784 domus
3294 4718 3636 4797 gloriationis

399 4843 587 4883 eorum
656 4827 824 4884 fumo.

508 4926 523 4955 ¹
570 4922 694 4979 Luc.
731 4941 792 4991 ll,
823 4925 911 4981 58.
990 4926 1011 4957 ⁸
1041 4925 1193 4982 Deut.
1226 4927 1487 4989 xvm,l'5,
1520 4924 1605 4979 19.
1681 4926 1702 4955 ³
1734 4923 1939 4989 Isa.vl,

2095 4922 2118 4953 δ
2151 4920 2277 4976 ibid.
2302 4921 2368 4987 9;
2399 4922 2514 4975 Act.
2557 4935 2747 4984 xxvnt,
2772 4918 2864 4973 26.
2937 4916 2959 4948 '
2982 4914 3135 4970 Psal.
3167 4929 3293 4978 χιον,
3333 4912 3388 4967 9.
3467 4912 3489 4943 ⁶
3514 4908 3628 4965 lca.

399 5008 500 5056 vn,
526 4994 614 5048 Η.

468 5083 585 5157 (75),
616 5085 734 5157 Τὴν
752 5088 1240 5155 ἀνθομολότησιν
1263 5086 1664 5155 προσεκόμιζε.
1701 5087 1795 5139 Est
1824 5086 1965 5157 apud

399 5149 1014 5224 Luc._&v0topokoyéiro,
1046 5149 1191 5224 quod
1239 5149 1430 5211 auctor
1467 5149 1537 5210 ιη’
1568 5149 1964 5211 atIV'ersativutn

402 5222 675 5277 subtiliter
702 5222 944 5295 exponit.
977 5222 1134 5295 Vulg.
1158 5235 1389 5291 tantum,
1434 5228 1801 5293 confitebatur.
1838 5226 1968 5278 Era-

383 5304 577 5367 ,smus,
627 5294 805 5367 palam
843 5294 1196 5367 ronﬁtebatur
1229 5312 1247 5349 :
1281 5297 1425 5367 quod
1472 5298 1763 5367 adjectum,
1813 5310 1968 5352 sacer

370 5363 390 5401 ί
403 5368 607 5424 textus,
641 5363 819 5418 minus
843 5364 1043 5419 habere
1069 5366 1297 5419 videtur.

474 5428 586 5499 (74)
619 5433 1010 5499 Παρενθέτως.
1055 5432 1216 5489 Velut
1257 5437 1712 5499 concomitanler;
1745 5435 1859 5489 ἀλλ’
1888 5439 1975 5488 ὲν-

404 5498 752 5573 σημάντρως,
782 5517 879 5570 per
907 5498 1043 5555 seet
1064 5502 1382 5573 formaliter,
1413 5522 1528 5569 seu,
1562 5515 1619 5557 ut
1649 5498 1716 5557 ab
1745 5507 1862 5573 ipsa
1883 5521 1976 5559 ea-

404 5568 529 5644 dem
559 5583 744 5644 causa,
784 5568 813 5622 ξι
855 5585 963 5639 qua
988 5586 1098 5644 non
1131 5570 1330 5635 lumus,
1366 5568 1457 5628 Sed
1490 5576 1747 5644 splendor
1768 5568 1831 5628 ἐι
1861 5576 1973 5627 cla—

407 5638 567 5710 ritas,
604 5637 929 5710 videbantur
969 5639 1186 5693 domum
1226 5644 1494 5710 repletura
1523 5637 1536 5697 Ξ
1571 5660 1730 5698 verso
1761 5646 1971 5698 srilicet

412 5708 466 5761 in
509 5721 796 5773 venenum,
844 5707 1080 5760 humana
1120 5707 1343 5777 malitia,
1388 5714 1729 5768 divinissimo
1764 5715 1854 5769 illo
1886 5729 1971 5767 re-

2073 5087 2272 5141 medio.
2312 5084 2597 5144 Pantinus,
2644 5099 2744 5137 non
2775 5082 2969 5145 leviter,
3001 5097 3063 5134 ac
3090 5078 3226 5134 velut
3262 5076 3636 5148 perfunctorie,

2073 5157 2245 5211 levius
2285 5171 2415 5209 sane
2453 5153 2795 5225 defungentis
2829 5152 3079 5225 partibus
3107 5145 3635 5225 probi'_interpre‘t.is.

2144 5228 2255 5292 (73)
2290 5223 2521 5291 Καινὴν
2546 5213 2878 5292 θεᾶνδρίατὶἠ.
2910 5220 3080 5292 §imili
3109 5213 3298 5292 phrasj
3328 5213 3641 5292 atqueDio-

2072 5284 2264 5368 nysius
2292 5284 2492 5368 Areop.
2527 5294 2686 5368 epist.
2717 5284 3459 5368 1,-ad_Caium.._'0savdptxi)_v
3490 5284 3640 5355 ἐνέρ-

2075 5357 2228 5436 γειαν
2257 5357 2467 5425 statuit,
2493 5357 3002 5436 quadamnimirum
3025 5357 3314 5413 reﬂexione
3341 5358 3638 5415 unitorum,

2075 5430 2139 5491 ex
2165 5436 2474 5490 arctissimo
2507 5430 2601 5505 illo
2624 5431 2785 5485 modo
2816 5430 3036 5505 unionis
3068 5440 3501 5505 veresupremo;
3525 5436 3640 5476 ma-

2074 5508 2330 5561 nentibus
2359 5503 2714 5575 nihilominus
2742 5499 3078 5575 extremisin
3101 5497 3202 5552 sibi
3222 5496 3510 5575 propriis:
3537 5507 3640 5575 qua

2075 5576 2142 5631 de
2167 5593 2223 5631 re
2248 5575 2563 5629 doctissime
2599 5572 2978 5635 fusissimeque
3005 5569 3057 5621 in
3082 5562 3642 5635 eamd‘ein'epistolam

2074 5647 2385 5716 propediem
2415 5642 2657 5700 edcndus
2684 5648 2870 5697 noster
2894 5638 3187 5697 Maximus.
