3862 6158
248 306 362 368 ’ΞἹῚ

1331 306 1568 365 5ΕῆΜο
1606 305 1696 361 DE
1735 304 2034 365 SIMEONE
2069 305 2159 363 ET
2194 307 2403 365 ΔΝΝΑ.

3394 312 3503 369 378

324 429 423 484 IB'.
452 428 565 484 Καὶ
596 429 828 503 ἐπείπερ
860 430 1102 502 ἥκουσαν
1127 431 1220 486 καὶ
1255 426 1411 498 αὖθις
1451 434 1590 508 πρὸς
1629 436 1695 506 τῇ
1726 433 1825 507 θέᾳ

1999 432 2116 489 ΧΠ.
2147 432 2231 487 Ad
2260 432 2376 488 haec
2390 445 2545 499 vero,
2566 445 2691 486 cum
2714 437 2911 502 praeter
2929 430 3323 502 spectaculum,
3347 434 3513 489 etiam

248 519 348 575 τοῦ
388 521 530 594 ὑπὲρ
554 521 683 576 θέαν
712 522 1017 594 πρεσϐύτου
1046 512 1406 590 δικαῖοσάτου,
1448 526 1641 598 ἀνδρὸς
1681 525 1830 590 ἀξιοο

249 611 466 677 πίστου,
502 614 695 686 ἀνδρὸς
720 613 1106 688 ἀξιοζηλώτου,
1127 617 1320 689 ἀνδρὸς
1358 619 1831 691 πνευματοφόρου,

250 705 451 776 ἀνδρὸς
482 706 959 778 νομοδιδασκάλου,
992 709 1256 782 ἱερωσύνῃ
1286 711 1669 782 τετιμημένου,
1696 728 1833 784 προ-

252 798 456 870 φητείᾳ
501 797 1011 872 λελαμπρυσμένου,
1061 804 1126 873 τῇ
1161 801 1254 855 τοῦ
1284 803 1524 873 Χριστοῦ
1565 803 1740 857 ἐλπίδι
1772 804 1836 856 τὸ

250 887 356 960 ζῇν
382 892 861 963 παρεκτείναντος,
893 895 987 947 καὶ
1028 893 1262 947 Θανάτου
1283 894 1502 966 ὀφειλὴν
1547 895 1835 966 ὑπερτιθε-

255 983 443 1052 μένου,
478 982 813 1054 χορεύοντος,
855 985 1318 1056 ἀνευφημοῦντος,
1355 1004 1838 1060 συμμεταμορφω·

253 1072 422 1143 μένου
454 1077 520 1146 τῇ
547 1074 784 1147 θυμηδίᾳ
803 1116 817 1140 ,
848 1075 967 1129 ὅλου
997 1076 1346 1149 ἐξεστηκότος
1371 1079 1491 1149 Θεῷ
1522 1079 1620 1151 τὴν
1666 1080 1836 1150 καλὴν

252 1161 537 1227 ἔκστασιν,
565 1165 949 1236 ἀλλοιουμένου
985 1169 1064 1231 είς
1114 1169 1343 1236 ἄγγελον
1387 1168 1485 1241 τὴν
1529 1168 1700 1241 καλὴν
1741 1169 1838 1222 ἀλ-

248 1253 493 1319 λοίωσιν,
515 1259 580 1327 τῇ
611 1258 848 1328 ἀμετρίᾳ
880 1258 978 1329 τῆς
1007 1262 1179 1331 χαρᾶς
1198 1259 1265 1312 τὰ
1287 1262 1580 1332 εύχαριστή
1591 1279 1679 1333 ρια
1699 1263 1835 1315 ἀνα-

254 1347 554 1418 μέλποντος
572 1367 585 1378 ·
614 1349 741 1417 Φῶς
764 1355 851 1417 είς
874 1352 1264 1422 ἀποκάλυψιν
1289 1353 1498 1421 ἐθνῶν,
1527 1356 1623 1407 καὶ
1649 1355 1839 1419 δόξαν

246 1436 407 1491 λαοῦ
440 1453 557 1493 σου
592 1440 831 1509 Ἰσραὴλ
861 1443 1323 1515 ἀνακηρύττοντος
1346 1462 1358 1474 ·
1396 1445 1489 1499 καὶ
1517 1447 1614 1516 οὐχ
1635 1445 1838 1500 εἵλοντο

250 1529 486 1584 ἀκοῦσαι
517 1530 589 1585 τά
636 1533 918 1600 ἀκουστά,
973 1537 1069 1590 καὶ¹
1122 1540 1236 1601 τοῖς
1280 1540 1623 1610 ἐπουρανίοις
1669 1556 1838 1612 προσ-

251 1621 466 1693 κυνητά
485 1638 500 1653 ο
540 1622 631 1676 διά
672 1623 832 1678 τοῦτο
857 1626 1101 1698 ἐπλήσθη
1134 1631 1162 1682 6
1212 1624 1358 1694 οἶκος
1388 1630 1489 1702 τῆς
1516 1632 1839 1703 καυχήσεως

251 1713 436 1767 αὐτῶν
461 1716 694 1770 καπνοῦ.
720 1718 941 1782 Καπνὸς
967 1719 1045 1786 δὲ,
1070 1720 1238 1793 ὀργῆς
1256 1723 1481 1791 σημεῖον
1512 1722 1607 1777 καὶ
1630 1723 1840 1793 τεκμή-

253 1822 391 1878 Ριονι
424 1807 501 1871 ὡς
530 1809 878 1881 γέγραπται·
920 1812 1117 1882 Ἀνέϐη
1157 1815 1388 1881 καπνὸς
1429 1815 1499 1869 ἐν
1541 1815 1689 1885 ὀργῇ
1731 1818 1840 1871 αὐ·
1868 1799 1912 1854 Β

250 1899 381 1965 τοῦ,
421 1900 520 1953 καί
550 1900 670 1969 πῦρ
699 1902 821 1957 ἀπὸ
859 1904 1186 1974 προσώπου
1235 1905 1423 1960 αὐτοῦ
1467 1907 1841 1979 καταφλεγῆ-

249 2006 455 2046 (retur
496 1995 593 2047 καὶ
642 1996 700 2047 ἐν
743 1995 916 2069 ἑτέρῳ
939 2014 953 2028 ο
998 1998 1101 2052 Ἐν
1137 1998 1297 2053 ἔθνει
1350 2000 1580 2054 ἀπειθεῖ
1626 2000 1841 2056 ἐκκαυ-

253 2081 504 2148 θήσεται
528 2084 668 2152 πῦρ.
694 2085 874 2158 Ὅπερ
900 2086 964 2159 δὴ
1007 2090 1286 2160 σημαίνων
1315 2091 1344 2142 6
1380 2090 1586 2163 Κύριος
1622 2094 1680 2147 ἐν
1727 2095 1842 2157 τοῖς

255 2174 578 2247 σεδασμίοις
612 2178 974 2248 Εὐαγγελίοις
1004 2180 1159 2250 ἔλεγε
1192 2185 1305 2246 τοῖς
1343 2183 1618 2247 Ἰουδαίοις
1639 2201 1653 2214 ο
1694 2183 1840 2238 Ἰδοὺ

248 2270 491 2338 ἀφίεται
526 2275 559 2326 ό
584 2268 750 2339 οἶκος
772 2271 941 2342 ὑμῶν
970 2273 1210 2343 ἕρημος.
1249 2276 1331 2346 Πῆ
1376 2275 1452 2328 δέ’
1477 2274 1728 2345 Πέμψας
1767 2278 1843 2331 τὰ

248 2364 670 2432 στρατεύματα
713 2364 901 2419 αὐτοῦ
930 2367 963 2419 ό
999 2366 1333 2432 βασιλεὺς,
1375 2366 1654 2422 ἀπώλεσε
1696 2368 1841 2434 τοὺς

249 2453 459 2522 φονεῖς
483 2455 777 2523 ἐκείνους,
812 2457 910 2511 καί
943 2457 1058 2526 τὴν
1080 2460 1263 2513 πόλιν
1288 2458 1486 2513 αὐτῶν
1505 2459 1843 2529 ἐνέπρησεν

250 2543 324 2595 ἐν
344 2545 514 2613 πυρί.
553 2545 738 2599 Ταῦτα
780 2547 880 2618 τῆς
924 2548 1223 2620 Ἰουδαϊκῆς
1252 2548 1538 2612 ἀπειθείας
1579 2550 1716 2621 πρὸς
1742 2549 1842 2620 τὴν

251 2642 542 2715 τριαδικὴν
585 2642 893 2713 δοξολογίαν
937 2644 1303 2700 ἐναντιώτατα
1324 2647 1391 2701 τά
1420 2645 1647 2702 ἔπαθλα.
1690 2644 1843 2698 Ἐπεὶ

254 2734 365 2806 γὰρ
389 2735 624 2808 ἡγιάσθη
651 2736 721 2790 τὰ
771 2738 985 2811 πέρατα
1012 2740 1112 2810 τῆς
1149 2740 1240 2792 ὑπ’
1286 2739 1514 2812 οὐρανὸν
1536 2779 1551 2804 ,
1606 2738 1701 2793 καὶ
1746 2738 1844 2809 τῆς

251 2825 416 2898 δόξης
451 2829 658 2900 Κυρίου
690 2829 905 2902 πλήρης
943 2832 1169 2900 γέγονεν
1196 2833 1226 2883 6
1271 2832 1527 2903 μέγιστος
1564 2827 1714 2896 οἶκος
1741 2833 1845 2903 τῆς

271 2918 601 2991 Ἐκκλησίας
626 2922 715 2976 διὰ
744 2923 834 2977 τοῦ
869 2925 1152 2996 τρισαγίου
1191 2926 1569 2997 κηρύγματος,
1599 2926 1674 2990 ὡς
1701 2927 1844 2999 ὕδωρ

254 3012 393 3067 πολὺ
426 3015 843 3070 κατακαλύπτον
873 3017 1178 3082 θαλάσσας·
1213 3019 1391 3091 ἀπέϐη
1429 3022 1528 3090 μὲν
1562 3020 1744 3083 αὐτοῖς
1774 3019 1843 3072 τά

1936 528 2250 598 spectaculo
2280 526 2576 595 majorem,
2621 540 2806 581 senem
2854 525 3225 595 justissimum
3273 526 3516 582 audivis-

1937 627 2090 688 sent;
2124 620 2300 674 virum
2333 618 2437 673 ﬁde
2465 617 2885 687 dignissimum,
2917 616 3097 671 virum
3146 618 3309 688 plane
3346 633 3518 674 temu-

1935 713 2139 766 latione
2160 710 2407 780 dignum,
2446 709 2621 763 virum
2646 707 2885 762 alllatum
2915 707 3141 779 Spiritu,
3175 710 3354 764 virum
3381 711 3518 781 legis

1936 804 2247 866 doctorem.
2291 802 2600 858 sacerdotio
2647 800 3012 863 honoratum,
3066 801 3351 871 prephetia
3392 803 3520 856 illu-

1937 902 2127 957 strem,
2172 909 2268 964 spe
2289 895 2357 949 de
2388 893 2610 948 Christo
2634 901 2900 962 concepta
2962 892 3087 948 vita:
3110 892 3309 947 limites
3329 903 3519 947 exten-

1937 986 2190 1050 dentem,
2233 986 2535 1054 mortisque
2585 984 2825 1039 debitum
2858 982 3199 1039 dill‘erentem
3254 1000 3269 1038 :
3317 983 3514 1046 talem,

1938 1079 2191 1147 inquam,
2223 1090 2347 1130 eum
2370 1075 2672 1139 vidissent,
2705 1074 3068 1137 exsilientem,
3102 1074 3243 1129 bene
3263 1072 3517 1126 ominan-

1936 1179 2048 1227 tem
2069 1211 2085 1235 ,
2116 1185 2228 1241 prae
2263 1169 2449 1223 laetitia
2475 1167 2641 1221 animi
2673 1167 2727 1221 in
2755 1165 2985 1220 formam
3011 1167 3170 1219 aliam
3203 1172 3472 1219 mutatum
3496 1203 3513 1229 ,

1938 1264 2030 1335 qui
2056 1270 2206 1318 totus
2252 1261 2364 1317 Deo
2407 1260 2737 1316 excessisset
2782 1275 3012 1315 excessu
3061 1261 3205 1315 bono
3231 1261 3286 1328 1’;
3316 1259 3408 1329 qui
3458 1260 3516 1314 in

1939 1358 2231 1427 angelum,
2278 1356 2419 1409 bona
2454 1355 2686 1424 quadam
2740 1354 3100 1417 alteratione,
3149 1355 3287 1408 alter
3337 1352 3520 1409 factus

1937 1450 2260 1515 transisset;
2292 1448 2495 1517 quique
2520 1462 2633 1516 pra:
2663 1445 2845 1516 gaudii
2883 1445 3282 1509 immensitate,
3314 1444 3519 1500 eucha-

1938 1543 2159 1598 risticos
2191 1540 2385 1594 modos
2412 1540 2773 1600 decantaret;
2810 1550 2874 1590 ac
2909 1534 3110 1591 Lumen
3135 1535 3204 1589 ad
3239 1536 3519 1591 revelatio-

1940 1653 2057 1691 nem
2087 1636 2337 1701 gentiam,
2374 1640 2422 1686 et
2453 1631 2680 1702 gloriam
2719 1627 2885 1699 plebis
2924 1637 3029 1683 tum
3068 1626 3306 1693 Israel’,
3339 1628 3522 1700 palam

1941 1730 2284 1784 renuntiaret
2315 1745 2329 1781 :
2365 1741 2465 1781 nec
2512 1725 2593 1780 sic
2640 1731 2826 1778 tamen
2871 1723 2975 1777 sub
3013 1722 3258 1777 auditum
3298 1722 3478 1792 posita
3501 1759 3519 1786 ,

1942 1830 2105 1894 atque
2128 1820 2344 1891 superis
2369 1819 2502 1888 ipsis
2523 1814 2861 1872 venerationi
2897 1814 3172 1877 habenda,
3204 1814 3393 1869 audire
3420 1828 3521 1867 vo-

1940 1917 2189 1970 luerunt:
2214 1915 2567 1982 quamobrem
2584 1909 2780 1963 domus
2800 1907 3141 1979 gloriationis
3163 1921 3353 1961 eorum
3372 1904 3524 1960 fumo

1940 2006 2148 2076 repleta
2171 2009 2273 2057 est.
2301 1999 2397 2055 Est
2430 2012 2561 2053 vero
2597 1997 2780 2051 fumus
2812 1996 3028 2065 signum
3064 1994 3179 2057 irae,
3202 2000 3527 2062 certumque

1942 2101 2347 2166 argumentum,
2381 2090 2523 2145 sicut
2546 2088 2807 2156 scriptum
2838 2093 2962 2141 est:
2999 2083 3249 2139 Ascendit
3269 2084 3447 2154 fumus
3469 2083 3524 2137 in

1941 2193 2024 2242 ira
2062 2186 2197 2256 ejus,
2225 2193 2275 2239 et
2300 2184 2438 2253 ignis
2472 2198 2505 2235 a
2541 2179 2678 2248 [acie
2700 2177 2816 2249 ejus
2836 2177 3039 2231 exarsit
3070 2178 3112 2231 ’.
3147 2175 3213 2231 Et
3244 2176 3374 2230 alibi
3405 2194 3419 2229 :
3455 2172 3524 2228 In

1941 2287 2090 2351 gente
2123 2276 2418 2331 incredibili
2457 2271 2763 2328 exardescet
2809 2270 2945 2340 ignis
2978 2270 3043 2322 ".
3085 2266 3243 2335 Quod
3275 2267 3437 2337 plane
3465 2266 3523 2320 in

1941 2367 2347 2423 venerabilibus
2372 2363 2683 2434 Evangeliis
2714 2360 3032 2431 signiﬁcans
3060 2358 3346 2423 Dominus,
3380 2358 3528 2414 dice-

1943 2462 2037 2516 bat
2060 2458 2264 2515 Iudaeis
2282 2478 2294 2514 :
2311 2457 2447 2512 Ecce
2472 2458 2795 2527 relinquetur
2823 2453 3010 2507 domus
3034 2461 3205 2507 vestra
3229 2450 3439 2505 deserta
3456 2449 3524 2505 ³9.

1942 2551 2066 2606 Alio
2100 2552 2229 2607 item
2256 2553 2382 2605 loco
2413 2567 2428 2603 :
2467 2550 2684 2605 Mittens
2708 2563 2803 2603 rex
2829 2546 3089 2600 exercitus
3113 2560 3256 2603 suos.
3294 2540 3525 2613 perdidit

1945 2644 2240 2699 homicidas
2266 2644 2408 2706 illos,
2440 2653 2491 2697 et
2523 2642 2786 2696 civitatem
2812 2653 2993 2693 eorum
3021 2636 3292 2691 succendit
3317 2635 3429 2706 igni
3456 2635 3526 2690 ".

1944 2737 2123 2808 Atque
2144 2735 2414 2806 ejusmodi
2446 2735 2662 2802 quidem
2702 2741 2824 2791 sunt
2871 2731 3114 2787 Iudaica:
3145 2727 3523 2795 inﬁdelitatis,

1947 2843 2054 2899 qua
2088 2828 2316 2897 gloriam
2374 2825 2628 2880 Trinitati
2690 2825 2930 2880 debitam
2982 2823 3188 2878 referre
3234 2826 3522 2884 recusant,

1948 2919 2333 2975 adversissima
2366 2917 2609 2988 praemia.
2661 2916 2956 2987 Postquam
3005 2916 3150 2970 enim
3204 2912 3527 2969 sanctiﬁcati

1947 3019 2074 3068 sunt
2104 3010 2321 3066 termini
2368 3018 2563 3073 terrae,
2624 3010 2938 3081 repletaque
2992 3016 3074 3063 est
3107 3006 3279 3077 gloria
3312 3003 3528 3059 Domini

254 3105 527 3177 ᾀδόμενα,
560 3108 960 3179 συνεϐεϐαιώθη
999 3110 1056 3163 δὲ
1099 3110 1178 3182 τῷ
1204 3111 1348 3165 τέλει
1376 3112 1524 3182 καὶὴ
1566 3112 1667 3183 τῆς
1707 3129 1842 3184 προ-

1948 3104 2184 3158 maxima
2213 3103 2410 3160 domus
2436 3102 2682 3157 Ecclesia
2726 3102 2770 3134 ¹³
2796 3143 2811 3167 ,
2868 3102 2937 3157 ah
2991 3100 3174 3169 hymni
3222 3105 3308 3152 ter
3348 3095 3527 3153 sancti

254 3200 491 3270 φητείας
516 3202 657 3273 ἀρχὴ
684 3201 816 3273 (76),
848 3205 1355 3277 ἐπισημηναμένου,
1406 3205 1660 3282 καθάπερ
1691 3204 1842 3258 λέλε-

255 3308 410 3357 κται,
454 3291 540 3346 διὰ
576 3294 670 3346 τοῦ
704 3294 1017 3366 Πνεύματος
1048 3295 1141 3349 τοῦ
1172 3298 1411 3369 κήρυκος
1447 3298 1546 3368 τῆς
1587 3297 1844 3370 ἀληθείας

254 3385 316 3436 ἐν
349 3383 710 3455 ὑποδείγματι
737 3385 834 3457 τὴν
877 3387 1177 3458 μέλλουσαν
1205 3388 1473 3459 κακίστην
1502 3389 1705 3443 τούτων
1746 3409 1844 3446 κα-

251 3475 591 3545 ταστροφὴν,
620 3478 678 3529 ἐν
712 3472 794 3541 οἷς
822 3495 974 3550 φησι·
1009 3478 1119 3533 Τοῦ
1143 3480 1421 3534 ἐνιαυτοῦ
1445 3476 1515 3535 οὗ
1546 3481 1845 3537 ἀπέθανεν

266 3564 453 3633 ὈζῚας
476 3569 509 3620 ό
530 3567 852 3635 βασιλεὺς,
877 3566 1040 3623 εἶδον
1070 3569 1179 3623 τὸν
1206 3572 1453 3639 Κύριον·
1486 3571 1562 3634 ὡς
1590 3570 1684 3625 τοῦ
1708 3572 1844 3626 ἀποο

257 3653 459 3709 στάτου
496 3656 674 3719 Ὀζίου
704 3659 785 3720 είς
833 3657 1182 3729 παράδειγμα
1229 3657 1426 3721 παντὸς
1467 3658 1558 3711 τοῦ
1604 3660 1845 3714 ἀποστα-

252 3746 414 3801 τικοῦ
447 3746 718 3819 σώματος,
749 3744 836 3803 οἷά
864 3765 924 3803 τε
972 3750 1180 3820 κεφαλὴ
1223 3749 1411 3803 τούτου
1445 3751 1807 3822 τυγχάνοντος
1826 3792 1843 3817 ,

252 3838 773 3912 ἐπιλαμϐανομένου·
822 3840 881 3906 ὃς
919 3841 1013 3896 καὶ
1058 3843 1216 3914 δίκην
1248 3842 1405 3907 τίσας
1442 3843 1545 3913 τῆς
1587 3844 1845 3910 αὐθαδίας

258 3931 573 4003 ἰσόρροπον,
604 3934 939 4002 ἐγκόλαπτον
968 3935 1044 3998 ὡς
1088 3935 1273 4008 χαλκῷ
1299 3935 1580 4007 ἀνδριάντι
1618 3936 1695 4008 τῷ
1722 3954 1843 4009 μετ-

259 4022 399 4093 ώπῳ
473 4025 822 4096 ἀπηνέγκατο
875 4025 974 4097 τὴν
1020 4024 1169 4078 θείαν
1216 4027 1526 4095 ἀπόφασιν,
1594 4025 1845 4099 βδελυρίᾳ.

255 4114 491 4188 λέπρας,
545 4116 644 4187 τῆς
693 4116 1102 4189 βδελυρωτάτης
1150 4118 1406 4183 ἀσεϐείας
1452 4117 1553 4183 τὰς
1612 4118 1846 4191 ἀμοιϐὰς

258 4210 427 4261 πᾶσιν
445 4208 905 4280 ἐπιδεικνύμενος.
939 4210 1225 4281 Θεοσόφως
1251 4212 1539 4286 τοιγαροῦν
1558 4253 1573 4279 ,
1607 4215 1673 4285 τῇ
1703 4228 1848 4284 παρ-

258 4298 514 4372 εξαγωγῇ
582 4302 682 4374 τῆς
736 4302 1030 4374 ἀχαρίστου
1087 4306 1444 4377 συναγωγῆς,
1488 4307 1587 4379 τὴν
1631 4307 1848 4360 ἀντεισ-

255 4393 488 4465 ιγωγὴν
538 4395 831 4468 ἐποιήσατο
882 4397 982 4469 τῆς
1033 4397 1357 4471 εὐχαρίστου
1405 4400 1605 4472 Ἀννης
1658 4402 1687 4453 ὁ
1738 4399 1845 4453 τῶν

1947 3196 2333 3268 praedicatione
2357 3237 2372 3261 ,
2420 3209 2518 3248 ceu
2557 3209 2699 3263 aqua
2750 3194 2918 3248 multa
2948 3192 3270 3262 cooperiens
3301 3189 3473 3243 maria
3509 3205 3526 3243 :

1945 3293 2247 3343 evenerunt
2278 3285 2499 3355 quidem
2531 3285 2666 3355 ipsis
2689 3300 2810 3354 qua:
2841 3291 3002 3338 antea
3027 3282 3244 3337 fuerant
3275 3294 3531 3350 prasnun-

1946 3383 2114 3449 tiata;
2162 3379 2458 3451 prophetia:
2501 3385 2684 3431 autem
2730 3376 2945 3430 initium
2988 3375 3152 3430 etiam
3186 3373 3292 3428 line
3330 3371 3532 3427 conﬁr-

1945 3482 2145 3527 matum
2163 3480 2277 3527 est:
2318 3469 2657 3541 signiﬁcante
2682 3509 2697 3534 ,
2730 3474 2789 3521 ut
2811 3467 3017 3521 dictum
3062 3473 3184 3529 est,
3228 3479 3325 3535 per
3356 3461 3530 3533 Spirio

1946 3575 2096 3631 tum,
2128 3565 2277 3619 velut
2308 3564 2362 3617 in
2395 3561 2643 3630 exemplo
2668 3600 2683 3625 ,
2714 3573 2965 3630 praecone
2990 3544 3238 3613 veritatis
3262 3597 3277 3621 ,
3312 3554 3534 3609 teterri«

1946 3674 2091 3713 mam
2132 3672 2319 3713 eorum
2356 3654 2770 3710 subversionem
2821 3651 3095 3713 futuram,
3126 3647 3361 3704 dicendo
3403 3667 3417 3703 :
3462 3645 3530 3702 In

1948 3768 2086 3804 anno
2116 3767 2217 3821 quo
2249 3757 2488 3802 mortuus
2517 3754 2596 3799 est
2640 3743 2803 3799 Ozias
2833 3758 2926 3797 rex
2947 3783 2963 3807 ,
2994 3742 3103 3797 vidi
3145 3740 3430 3795 Dominum
3462 3738 3529 3805 “,

1946 3839 2207 3892 nimirum
2235 3841 2518 3904 assumpto
2535 3832 2670 3888 Ozia
2703 3839 2974 3902 apostata,
2998 3832 3145 3886 velut
3169 3831 3223 3885 in
3247 3831 3532 3902 exemplar

1946 3930 2113 3985 totius
2143 3927 2431 3998 apostatici
2465 3925 2714 3996 corporis
2740 3965 2754 3988 ,
2802 3931 2862 3979 ut
2898 3924 3058 3994 cujus
3096 3932 3260 3994 caput
3287 3930 3474 3993 ageret
3508 3940 3524 3979 :

1947 4024 2039 4095 qni
2082 4024 2281 4087 etiam,
2328 4037 2544 4092 poenam
2583 4021 2821 4076 debitam
2867 4018 3196 4075 temeritatis
3241 4018 3432 4083 luens,
3468 4018 3528 4075 in

1946 4114 2127 4171 fronte
2166 4122 2426 4183 tanquam
2473 4128 2622 4167 amca
2651 4110 2886 4183 quadam
2936 4117 3152 4175 statua,
3198 4110 3532 4180 insculptam

1947 4206 2250 4277 reportavit
2276 4204 2475 4260 divinae
2526 4204 2753 4259 ultionis
2780 4202 3111 4274 potentiam,
3158 4201 3324 4272 lepra;
3370 4200 3537 4256 Redi-

1947 4306 2059 4354 tate
2093 4297 2410 4353 faedissimte
2467 4297 2766 4367 impietatis
2811 4294 3228 4350 retributionem
3277 4294 3537 4351 omnibus

1949 4391 2234 4448 exhibens.
2284 4389 2629 4461 Quapropter
2662 4388 2846 4443 divine
2876 4389 3108 4458 sapienti
3139 4386 3384 4457 judicio,
3439 4387 3535 4457 qui

256 4486 621 4541 τελεσθέντων
658 4488 1050 4562 προγνώστης,
1093 4487 1162 4564 ἦς
1188 4492 1285 4545 καὶ
1328 4490 1389 4544 τὸ
1430 4491 1601 4562 ὄνομα
1645 4493 1842 4565 προδη-

1951 4500 2135 4541 rerum
2173 4485 2437 4556 przescius
2461 4490 2601 4547 erat,
2635 4481 2919 4552 ejiciendae
2945 4481 3174 4551 ingrata:
3209 4478 3532 4551 Synagogte,

258 4577 491 4634 λωτικὺν
532 4580 633 4651 τῆς
677 4581 821 4635 κατά
876 4583 1037 4654 χάριν
1080 4581 1321 4656 Χριστοῦ
1376 4583 1468 4636 τοῦ
1519 4582 1655 4637 Θεοῦ
1708 4584 1845 4639 δεδι-

258 4672 580 4745 καιωμένης
645 4674 970 4746 Ἐκκλησίας
1020 4675 1079 4729 ἐν
1124 4673 1206 4746 τῷ
1251 4675 1609 4749 βαπτίσματι.
1676 4679 1846 4732 Ἀννα

258 4768 374 4837 γὰρ
404 4765 580 4836 χάρις
604 4767 991 4840 ἑρμηνεύεται.

334 4946 433 5000 ll".
481 4946 622 5000 Ἀλλ’
647 4947 812 5002 αὑτοῦ
838 4965 940 5003 που
963 4951 1078 5013 τοῖς
1103 4950 1437 5023 προσόρμοις
1480 4949 1845 5004 καταπαύσω-

260 5054 365 5111 μεν
393 5037 494 5110 τὴν
532 5039 902 5111 σταυροφόρον
930 5038 1133 5094 ὁλκάδα
1160 5041 1395 5112 (77),τοῦ
1434 5040 1616 5109 λόγου,
1657 5040 1746 5094 διὰ
1783 5041 1845 5095 τὸ

1949 4586 2119 4650 gratae
2177 4578 2324 4633 illius
2374 4576 2551 4631 viduae
2596 4576 2767 4629 Anna:
2822 4573 3196 4629 inductionem
3243 4572 3537 4642 opposuit;

1950 4669 2111 4742 cujus
2145 4670 2227 4725 vel
2264 4684 2463 4723 nomen
2546 4666 2875 4729 Ecclesiam,
2908 4665 3112 4720 Christi
3147 4662 3239 4719 Dei
3272 4664 3448 4733 gratia
3479 4664 3535 4719 in

1951 4764 2224 4834 baptismo
2255 4761 2609 4831 justiﬁcatam
2637 4798 2654 4824 ,
2692 4757 3007 4829 praesignat.
3035 4755 3172 4812 Nam
3209 4756 3367 4810 Anna
3408 4772 3538 4826 gra-

1951 4856 2085 4910 tiam
2120 4862 2300 4910 sonat.

2021 4946 2162 5001 Xlll.
2197 4946 2467 5001 Caeterum
2503 4944 2632 5008 hic,
2678 4951 2940 5014 tanquam
2990 4941 3047 4996 in
3094 4947 3254 5011 portu
3282 4979 3298 5005 ,
3354 4940 3539 4997 crucis

1953 5039 2240 5110 signaculo
2270 5038 2586 5109 insignitam
2619 5051 2815 5091 navem
2846 5034 3181 5105 appellentes
3203 5073 3217 5097 ,
3268 5033 3541 5087 orationis

330 5189 422 5265 ιιι
449 5189 580 5265 _Cor.
617 5194 787 5258 v.16.
876 5196 899 5228 ⁸
923 5195 1054 5250 Luc.
1081 5211 1145 5259 ιι,
1167 5196 1257 5251 52.
1333 5199 1354 5230 ⁸
1393 5195 1546 5253 Psal.
1580 5212 1712 5265 xvn,
1744 5196 1800 5254 9.

1946 5194 2111 5251 Eccli.
2147 5211 2286 5262 xxu,
2313 5194 2364 5250 7.
2444 5194 2485 5225 “
2521 5190 2716 5248 Matth.
2743 5206 2908 5258 χχιιι,
2937 5188 3028 5246 58.
3111 5188 3155 5221 "
3181 5186 3378 5244 Matth.
3400 5204 3538 5256 xvn,

262 5261 316 5317 7.
360 5262 407 5294 ’⁸
438 5262 556 5319 Isa.
586 5281 664 5331 v1,
699 5266 754 5332 3,
785 5265 841 5322 4.
921 5267 966 5299 ¹¹⁵
992 5265 1125 5322 ibid.
1163 5270 1213 5322 l.

334 5402 452 5487 (7Q)
598 5408 709 5477 τῆς
756 5411 1129 5489 προφητείας.
1167 5411 1346 5481 ἀρχή.
1401 5410 1684 5489 Signiﬁcat
1736 5413 1853 5489 ipsa

261 5483 686 5552 consignatione
717 5484 1011 5550 temporis.
1047 5483 1151 5552 sub
1181 5498 1383 5536 annum
1424 5484 1609 5537 obitus
1645 5484 1788 5552 regis
1821 5497 1853 5536 a

264 5542 381 5631 [leo
412 5542 685 5631 percussi,
724 5542 1081 5631 prophetasse
1110 5549 1347 5631 lsaiami
1375 5553 1560 5631 idque
1606 5542 1852 5631 postmo-

265 5614 641 5695 dum'clarius
668 5614 852 5695 verbis
880 5624 1171 5694 expressit,
1203 5614 1350 5694 quod
1373 5614 1644 5695 interpres
1675 5625 1856 5680 minus

267 5685 485 5742 videtur
514 5691 836 5747 advenisse.

341 5753 460 5831 (77)
498 5761 620 5830 Τὴν
663 5765 1081 5835 σταυροφόρον
1110 5761 1358 5821 ὁλκάδα.
1396 5763 1759 5823 Distinximus
1801 5766 1855 5821 in

1954 5408 2405 5481 interpretatione
2442 5414 2503 5463 ut
2531 5408 2735 5481 habent
2764 5405 3119 5481 Gmcahnon
3154 5400 3538 5481 utAPautinus,

1954 5466 2335 5551 componendo
2363 5479 2443 5543 τὸ,
2471 5478 2565 5531 τοῦ
2582 5476 2781 5551 λόγου,
2809 5492 2931 5551 cum
2956 5466 3173 5530 ὁλκάδα.
3193 5472 3350 5551 Quid
3376 5489 3542 5544 porro

1956 5553 2045 5607 hic
2085 5548 2287 5630 Qualia
2323 5548 2689 5630 σταυροφὸρον
2737 5548 3041 5630 intelligat,
3062 5548 3206 5630 haud
3234 5549 3301 5630 ita
3325 5564 3541 5620 perspe-

1956 5632 2105 5677 ctum
2139 5622 2426 5676 habuerim
2460 5618 2477 5675 :'
2506 5618 2611 5676 nisi
2647 5621 2784 5674 forte
2811 5622 2883 5672 ita
2916 5618 3069 5682 dicit,
3104 5620 3231 5687 quia
3264 5628 3374 5671 tota
3401 5618 3540 5687 πρα-

1957 5633 2105 5677 ctum
2140 5633 2426 5676 Ilabuel'ltll
2460 5641 2471 5675 :
2506 5637 2610 5676 ms:
2647 5633 2784 5674 I0llc
2811 5633 2883 5672 ita
2916 5633 3069 5682 «neu,
3104 5633 3231 5687 qum
3264 5633 3374 5671 una
3401 5633 3442 5669 π
3478 5633 3540 5669 α-

1957 5692 2339 5765 γματεία-Ιιιιξο
2382 5701 2645 5761 gestaque
2690 5689 3016 5765 hie_o_mnia,
3047 5697 3102 5744 et
3132 5687 3283 5765 olim
3309 5633 3540 5765 propﬁe-

1959 5753 2071 5819 tata
2105 5764 2172 5820 ab
2203 5761 2363 5833 lSaia,
2383 5753 2626 5821 "crucem
2661 5753 3008 5831 respiciunt,’
3039 5774 3159 5834 qua:
3207 5753 3539 5812 fuit'Judauis
