3862 6158
415 286 527 347 579

1324 288 1381 344 S.
1426 285 1759 344 METHODII
1797 285 2105 343 EPISCOPI
2146 284 2235 339 ΕΤ
2266 281 2623 339 MARTYRIS

3541 277 3638 335 380

412 413 534 468 vela
563 426 673 482 qua
703 425 839 466 suus
876 409 953 464 illi
985 408 1184 465 modus
1210 394 1510 472 consistat,
1561 409 1975 472 contrahamus;

2088 404 2401 476 σύμμετρον
2424 403 2493 457 τά
2531 402 2674 456 ἱστία
2703 398 3050 472 χαλάσαντες,
3106 396 3198 452 καὶ
3230 394 3403 468 μικρά
3434 412 3546 448 τινα
3567 396 3634 460 ὡς

411 501 462 558 si
497 501 659 556 modo
692 501 866 571 prius,
899 499 1099 569 quibus
1128 500 1343 554 licuerit
1373 499 1553 555 verbis
1580 499 1825 568 pauculis
1848 540 1864 565 ,
1908 499 1987 553 ci-

413 593 633 648 uitatem
667 592 843 662 magni
870 592 1013 646 illius
1044 589 1196 659 Regis
1216 590 1281 653 η,
1313 605 1421 643 una
1449 604 1575 644 cum
1607 590 1985 645 ecclesiastico

414 682 638 753 pepulo,
668 690 921 749 tanquam
958 680 1151 750 spiritu
1178 687 1471 748 praesentes
1505 695 1570 734 ac
1595 695 1701 733 una
1730 695 1854 734 cum
1885 695 1985 750 po-

291 824 299 833 .
413 773 537 828 sitis
560 773 672 827 illic
706 770 1116 826 honorabilibus
1148 769 1398 825 Patribus
1419 785 1481 824 ac
1505 769 1764 825 fratribus
1784 770 1981 826 festum

415 860 559 917 diem
594 871 649 915 et
673 868 998 916 conventum
1034 867 1291 929 agentes,
1328 859 1466 914 lanis
1508 859 1735 915 vocibus
1777 860 1983 915 saluta-

412 955 677 1009 verimus.
713 951 981 1015 Salvesis,
1012 951 1198 1005 civitas
1227 948 1379 1020 Regis
1411 952 1625 1021 magni,
1668 952 1721 1005 in
1762 967 1869 1022 qua
1902 967 1986 1007 sa-

413 1048 544 1102 lutis
583 1054 787 1101 nostra:
821 1053 1162 1101 sacramenta
1209 1056 1586 1100 consummata
1616 1055 1766 1101 sunt.
1800 1046 1980 1112 Salve,

410 1147 673 1194 terrestre
699 1136 897 1192 cmlum
922 1176 938 1201 ,
973 1135 1105 1190 Sion
1143 1136 1268 1190 urbs
1310 1136 1569 1207 deinceps
1595 1136 1824 1194 Domino
1853 1139 1985 1209 ﬁde-

410 1231 478 1285 lis
517 1229 583 1285 ¹⁸.
619 1227 808 1294 Salve,
843 1236 899 1284 et
946 1228 1270 1293 illuminare,
1298 1227 1635 1295 Jerusalem,
1679 1248 1800 1286 nam
1846 1232 1983 1286 venit

406 1320 608 1377 Lumen
635 1329 784 1375 tuum
808 1322 889 1375 l7:
921 1321 1130 1376 Lumen
1162 1323 1576 1393 sempiternum,
1602 1324 1807 1380 Lumen
1841 1343 1983 1381 nuu-

407 1428 571 1485 quam
604 1428 714 1469 non
747 1412 1069 1467 duraturum
1091 1455 1107 1477 ,
1142 1412 1350 1469 Lumen
1394 1432 1741 1487 supremum,
1774 1417 1982 1475 Lumen

408 1505 653 1560 materia:
672 1520 868 1574 expers
893 1544 909 1569 ,
939 1504 1147 1561 Lumen
1175 1506 1421 1577 ejusdem
1454 1524 1580 1563 cum
1608 1508 1720 1565 Deo
1741 1518 1796 1566 et
1820 1510 1982 1568 Patre

405 1597 682 1660 essentia,
711 1596 919 1652 Lumen
951 1598 1096 1668 quod
1120 1606 1204 1654 est
1230 1601 1286 1653 in
1312 1598 1523 1669 Spiritu
1569 1608 1624 1657 et
1660 1604 1717 1658 in
1756 1620 1866 1674 quo
1897 1612 1982 1660 est

406 1688 600 1754 Pater,
632 1688 843 1745 Lumen
872 1690 1187 1747 illuminans
1219 1693 1415 1747 secula
1436 1732 1452 1756 ,
1500 1691 1705 1749 Lumen
1734 1702 1848 1750 tum
1885 1713 1981 1751 su-

2084 493 2194 549 οἷόν
2221 514 2281 549 τε
2305 495 2711 567 χαιρετίσαντες
2740 491 2854 560 τὴν
2877 491 3059 544 πόλιν
3077 489 3184 544 τοῦ
3212 485 3511 552 Βασιλέως
3536 486 3633 542 τοῦ

2077 585 2367 654 μεγάλου,
2398 586 2513 655 ἅμα
2539 582 2617 653 τῷ
2646 578 3079 652 ἑκκλησιαστικῷ
3110 578 3245 649 λαῷ,
3268 576 3344 641 ὡς
3381 576 3454 647 τῷ
3487 573 3634 629 πνεύ-

2087 696 2215 750 ματι
2259 676 2673 749 συμπαρόντες,
2705 674 2799 729 καὶ
2843 670 3286 744 συνεορτάζοντες
3326 670 3433 732 τοῖς
3472 668 3631 721 ἐκεῖσε

2082 771 2433 843 τιμιωτάτοις
2464 769 2704 841 πατράσι
2729 766 2822 820 καὶ
2848 764 3115 833 ἀδελφοῖς.
3146 760 3440 833 Χαίροις,ή
3471 758 3630 825 πόλις

2081 862 2188 916 τοῦ
2220 860 2488 932 μεγάλου
2542 855 2866 922 Βασιλέως,
2897 856 2954 908 ὲν
3048 853 3148 923 τῆς
3192 850 3459 921 σωτηρίας
3490 847 3631 919 ἡμῶν

2080 951 2529 1025 ἐτελεσιουργήθη
2568 950 2858 1021 μυστήρια.
2905 944 3193 1016 Χαίροις,ό
3227 941 3460 1009 ἐπίγειος
3484 939 3630 1010 ούραε

2081 1045 2193 1109 νὸς,
2218 1043 2355 1096 Σιὼν
2384 1044 2561 1109 πόλις
2598 1038 2783 1107 πιστὴ
2816 1036 2909 1091 τοῦ
2938 1032 3124 1088 λοιποῦ
3163 1031 3239 1103 τῷ
3274 1031 3478 1103 Κυρίῳ.
3506 1029 3630 1085 Χαί-

2083 1152 2217 1206 ροις,
2253 1134 2346 1189 καὶ
2379 1131 2646 1204 φωτίζου,
2682 1126 3096 1198 Ἰερουσαλήμ·
3129 1124 3262 1193 ἥκει
3288 1121 3399 1193 γάρ
3432 1136 3541 1177 σου
3570 1120 3632 1176 τὸ

2082 1229 2211 1294 Φῶς
2235 1266 2248 1281 .
2278 1225 2397 1290 Φῶς
2420 1224 2482 1278 τὸ
2510 1223 2696 1287 ἀΐδιον,
2727 1220 2845 1284 Φῶς
2868 1219 2928 1272 τὸ
2956 1217 3198 1282 άένναον,
3231 1213 3350 1279 Φῶς
3385 1215 3445 1267 τὸ
3473 1213 3634 1286 ὑπέρ-

2080 1335 2262 1381 τατον,
2291 1316 2410 1380 Φῶς
2435 1316 2495 1369 τὸ
2522 1313 2703 1378 ἀῦλον,
2732 1311 2851 1375 Φῶς
2875 1311 2936 1363 τὸ
2963 1308 3244 1382 όμοούσιον
3267 1305 3362 1361 τοῦ
3387 1305 3515 1360 Θεοῦ
3546 1307 3634 1361 καὶ

2080 1409 2330 1482 Πατρὸς,
2376 1407 2495 1471 Φῶς
2523 1406 2586 1459 τὸ
2628 1407 2684 1459 ὲν
2712 1404 2791 1474 τῷ
2837 1401 3115 1472 Πνεύματι
3150 1399 3292 1471 (78),
3328 1399 3423 1452 καὶ
3469 1399 3525 1451 ὲν
3547 1390 3634 1466 ᾧδ

2081 1499 2272 1570 Πατήρ
2296 1513 2308 1527 ·
2336 1495 2455 1559 Φῶς
2488 1494 2548 1548 τὸ
2596 1494 2838 1563 φωτίσᾳν
2866 1491 2993 1555 τοὺς
3020 1490 3241 1554 αἰῶνας,
3282 1487 3400 1552 Φῶς
3436 1488 3495 1541 τὸ
3532 1504 3635 1558 φω-

2080 1592 2235 1645 τίσαν
2281 1588 2350 1643 τὰ
2401 1586 2747 1660 ὑπερκόσμια
2796 1586 2892 1642 xal.
2947 1583 3016 1638 τά
3060 1583 3360 1654 ὲγκόσμια,
3415 1580 3633 1653 Χριστὸς

2080 1680 2331 1752 ἀληθινὸς
2367 1677 2526 1751 ἡμῶν
2554 1677 2707 1741 Θεός.
2738 1677 2982 1749 Χαίροις,
3008 1674 3158 1739 πόλις
3191 1674 3339 1743 ἁγία,
3371 1673 3461 1726 καὶ
3489 1672 3632 1726 ἐκλε-

406 1780 786 1852 permundana
840 1788 954 1835 tum
995 1782 1270 1836 mundana
1321 1783 1680 1848 illuminans,
1728 1784 1975 1843 Christus

2080 1773 2316 1844 λεγμένη
2338 1770 2415 1842 τῷ
2436 1769 2651 1843 Κυρίῳο
2673 1766 2897 1842 ἑόρταζε
2921 1770 2979 1822 ἐν
3004 1766 3309 1840 εὐφροσύνῃ
3330 1765 3428 1829 τάς
3455 1765 3634 1835 ἑορτάς

405 1888 572 1928 verus
619 1873 710 1927 ille
755 1871 899 1927 Deus
941 1880 1149 1928 noster.
1218 1872 1477 1936 Salvesis,
1534 1875 1730 1931 civitas
1790 1885 1979 1932 sancta

406 1972 571 2032 atque
592 1962 763 2018 electa
800 1961 1169 2034 Domino.Age
1186 1963 1240 2018 in
1267 1965 1449 2019 laetitia
1473 1965 1592 2020 dies
1623 1964 1791 2021 festus
1814 1975 1937 2022 tuos
1961 1984 1977 2022 :

405 2068 508 2108 nec
534 2055 678 2108 enim
712 2054 973 2125 adjicient
1016 2064 1078 2110 ut
1115 2064 1477 2113 virterascant.
1541 2057 1700 2114 Salve
1719 2092 1747 2123 ,-
1787 2061 1979 2115 civitas

415 2144 764 2211 felicissima;
807 2145 1040 2214 gloriosa
1076 2147 1221 2202 enim
1254 2148 1398 2202 dicta
1419 2148 1621 2204 suntde
1644 2158 1692 2204 te
1722 2152 1795 2214 ¹⁸;
1850 2166 1977 2205 nam

402 2233 703 2288 sacerdotes
743 2235 821 2287 tui
848 2233 1133 2290 induantur
1158 2236 1453 2305 justitiam,
1491 2247 1542 2292 et
1574 2240 1747 2293 sancti
1774 2240 1854 2293 tui
1886 2254 1978 2293 ea:-

402 2323 692 2379 sultatiane
729 2324 1074 2380 exsultabunt
1117 2327 1195 2393 ¹⁹;
1239 2327 1585 2397 mendicique
1632 2328 1710 2383 tui
1762 2337 1979 2385 satura-

403 2414 610 2469 buntur
637 2416 889 2485 panibus.
923 2416 1083 2473 Salve
1124 2425 1180 2473 et
1218 2418 1401 2474 laetare
1421 2459 1436 2481 ,
1467 2417 1807 2487 Jerusalem;
1839 2435 1978 2491 quo-

402 2504 551 2559 niam
584 2506 817 2574 regnavit
849 2505 1109 2561 Dominus
1134 2508 1188 2561 in
1219 2508 1390 2563 medio
1437 2511 1515 2563 tui
1544 2510 1590 2542 "
1617 2530 1630 2565 :
1668 2499 1934 2566 Dominus
1957 2551 1973 2575 ,

401 2598 626 2666 inquam
648 2635 666 2661 ,
696 2598 820 2663 ille,
855 2599 950 2669 qui
987 2599 1135 2654 nuda
1166 2607 1329 2671 atque
1378 2600 1729 2655 immateriali
1765 2600 1977 2657 Deitate

402 2693 650 2741 nostram
681 2694 935 2742 naturam
992 2690 1274 2758 ingressus
1328 2698 1441 2755 est,
1492 2690 1669 2761 deque
1720 2689 1975 2762 virginali

402 2786 559 2832 utero
588 2777 847 2832 ineﬂabili
889 2780 1102 2835 ratione
1147 2796 1365 2836 carnem
1415 2781 1591 2835 induit
1643 2801 1656 2838 :
1713 2782 1975 2841 Dominus

401 2868 494 2924 ille
514 2870 608 2939 qui
641 2871 846 2926 nullius
870 2881 1151 2941 praeterea,
1191 2888 1353 2943 quam
1382 2872 1512 2929 Adae
1537 2875 1684 2931 illius
1714 2877 1976 2947 supplan—

399 2959 501 3014 tati
548 2976 580 3014 a
631 2970 914 3031 serpente,
969 2964 1378 3032 conspersionis
1424 2966 1773 3034 participium
1827 2965 1973 3020 iniit.

402 3047 529 3104 Non
554 3051 885 3124 apprehensis
915 3053 1061 3107 enim
1094 3052 1293 3123 angelis
1322 3055 1364 3085 ²¹
1387 3097 1402 3121 ,
1445 3056 1513 3109 iis
1534 3094 1550 3117 ,
1582 3055 1805 3125 inquam
1827 3096 1842 3121 ,
1878 3056 1971 3126 qui

400 3142 726 3212 praeclarum
776 3141 929 3195 illum
982 3143 1228 3198 ordinem
1278 3151 1331 3197 et
1380 3152 1578 3215 statum
1615 3160 1644 3198 a
1702 3147 1973 3216 principio

400 3234 740 3306 assignatum
771 3249 878 3289 non
914 3234 1286 3290 deseruissent
1309 3274 1326 3297 ,
1358 3236 1426 3290 ad
1457 3252 1558 3291 nos
1587 3252 1760 3307 usque
1787 3236 1968 3293 Domi-

399 3343 505 3382 nus
530 3343 589 3383 se
619 3328 934 3395 inclinavit;
989 3329 1078 3383 ille
1112 3344 1328 3398 semper
1371 3329 1426 3383 in
1470 3328 1577 3385 Deo
1621 3329 1782 3385 Patre
1828 3331 1975 3388 exsi-

400 3427 553 3473 stens
577 3416 720 3473 Deus
744 3417 1001 3474 Verbum.
1039 3418 1110 3472 At
1136 3434 1311 3489 neque
1343 3435 1536 3476 rursus
1564 3435 1659 3475 eos
1692 3422 1787 3492 qui
1825 3420 1976 3478 deci-

398 3510 611 3566 dissent
663 3526 693 3564 a
738 3511 862 3566 luce
897 3511 1195 3568 sceleratos
1224 3513 1499 3569 daemones
1542 3522 1885 3580 restaurare,
1917 3516 1974 3569 in

398 3603 662 3656 mundum
690 3604 870 3670 venit;
904 3613 998 3656 aut
1028 3605 1190 3658 etiam
1223 3604 1517 3674 aliquando
1540 3615 1970 3673 restauraturus,

399 3699 459 3744 ut
508 3693 849 3762 impiissiniis
907 3695 1171 3749 teterrimi
1226 3695 1429 3750 diaboli
1490 3699 1737 3766 patronis
1792 3698 1970 3753 visum

400 3785 536 3852 fuit;
560 3787 653 3840 sed
685 3802 810 3841 cum
844 3804 1019 3841 semen
1043 3788 1271 3842 Abralue
1295 3829 1309 3853 ,
1337 3790 1495 3859 juxta
1519 3792 1661 3860 quod
1689 3791 1971 3846 divinissi-

399 3890 524 3930 inus
556 3875 759 3932 Paulus
791 3880 887 3944 ait,
904 3895 1078 3949 eoque
1108 3882 1424 3936 universum
1455 3897 1627 3952 genus
1651 3884 1970 3951 humanum,

401 3967 785 4021 universorum
825 3968 916 4024 ille
937 3982 1151 4025 creator
1179 3979 1233 4025 et
1264 3953 1487 4041 plastes,
1511 3973 1970 4043 apprehendisset,

394 4061 537 4114 citra
598 4062 954 4117 mutationem
1000 4062 1179 4117 factus
1224 4072 1311 4118 est
1355 4065 1561 4120 homo:
1594 4074 1652 4121 ut
1685 4082 1753 4121 ex
1800 4067 1972 4137 ipsius

396 4148 680 4204 nobiscum
711 4152 1125 4216 communione,
1137 4162 1432 4223 nostraque
1450 4155 1690 4210 vicissim
1709 4156 1775 4210 ad
1794 4156 1970 4226 ipsum

395 4241 714 4295 accessione
739 4244 949 4310 peccati
983 4244 1037 4296 in
1070 4260 1172 4298 nos
1204 4246 1472 4315 ingressio
1510 4250 1817 4313 sisteretur,
1848 4249 1971 4317 ejus

2083 1882 2198 1931 σου,
2231 1865 2286 1919 αἶ
2314 1864 2375 1919 ού
2407 1864 2482 1936 μὴ
2514 1861 2792 1936 προσθῶσι
2828 1859 3051 1915 διελθεῖν
3073 1863 3151 1924 είς
3190 1858 3484 1912 παλαίωσιν
3509 1854 3632 1927 (79).

2079 1959 2334 2029 Χαίροις,
2386 1955 2537 2019 πόλις
2585 1957 2618 2026 ή
2664 1950 3075 2022 πανευδαίμων’
3107 1950 3188 2003 ὅτι
3239 1946 3635 2017 δεδοξασμένα

2076 2049 2346 2117 ἐλαλήθη
2378 2045 2512 2114 περὶ
2550 2044 2683 2099 σοῦ.
2718 2046 2782 2097 Ol
2812 2041 2920 2114 γάρ
2955 2041 3121 2111 ἱερεῖς
3151 2057 3267 2095 σου
3291 2039 3635 2093 ἐνδύσονται

2077 2136 2491 2204 δικαιοσύνην,
2521 2134 2617 2188 καὶ
2651 2137 2705 2188 οἱ
2741 2132 2899 2186 ὅσιοί
2925 2146 3040 2186 σου
3073 2129 3428 2200 ἀγαλλιάσει
3458 2129 3632 2196 ἀγαλ-

2076 2229 2411 2293 λιάσονται,
2430 2229 2524 2281 καὶ
2545 2230 2593 2281 oi
2623 2226 2826 2297 πτωχοί
2850 2242 2942 2279 σου
2970 2224 3425 2298 χορτασθήσονται
3445 2223 3633 2294 ἀρτων.

2077 2324 2324 2393 Χαίροις,
2351 2323 2444 2375 καὶ
2469 2319 2781 2393 εὐφραίνου,
2798 2318 3165 2390 Ἰερουσαλήμο
3188 2318 3269 2370 ὅτι
3290 2316 3638 2371 ἐϐασίλευσε

2075 2412 2385 2481 Κύριοςέγ
2426 2411 2593 2480 μέσῳ
2642 2424 2779 2465 σου.
2821 2404 2988 2473 Οὗτος
3020 2409 3223 2481 Κύριος
3261 2410 3289 2461 6
3331 2409 3509 2479 γυμνῇ
3553 2406 3639 2460 καὶ

2076 2504 2225 2576 ἀΰλῳ
2254 2508 2322 2576 τῇ
2359 2504 2571 2574 θεότητι
2613 2501 2810 2566 ἐπιϐάς
2849 2503 2916 2572 τῇ
2948 2501 3193 2573 ἡμετέρᾳ
3229 2498 3422 2569 φύσει,
3452 2500 3542 2552 καὶ
3579 2498 3640 2551 ἐκ

2073 2599 2172 2670 τῆς
2203 2598 2535 2670 παρθενικῆς
2563 2597 2754 2670 νηδύος
2793 2598 3087 2668 ἀφράστως
3130 2595 3462 2669 σαρκωθείς·
3495 2587 3638 2657 οὗτος

2074 2690 2326 2763 Κύριοςὸ
2363 2689 2586 2761 μηδενὸς
2619 2690 2807 2763 ἐτέρου
2840 2693 2898 2745 ὲν
2933 2688 3147 2761 μεθέξει
3190 2689 3481 2759 γενόμενος
3510 2685 3640 2758 πλὴν

2072 2780 2167 2835 τοῦ
2194 2781 2511 2853 φυράματος
2550 2780 2739 2852 Ἀδὰμ,
2765 2780 2859 2834 τοῦ
2883 2780 2989 2834 ὑπὸ
3019 2779 3112 2833 τοῦ
3142 2779 3317 2848 ὄφεως
3347 2776 3642 2831 σκελισθὲν-

2073 2891 2184 2939 τος.
2210 2876 2292 2928 Οὐ
2321 2873 2430 2946 γάρ
2462 2872 2733 2944 ἀγγέλων
2770 2874 3321 2943 ἐπιλαμϐανόμενος
3350 2873 3380 2925 6
3426 2871 3637 2944 Κύριος,

2073 2964 2181 3017 τῶν
2209 2964 2283 3036 μὴ
2325 2964 2798 3019 ἀποπεπτωκότων
2827 2964 2925 3034 τῆς
2964 2964 3024 3029 ἐξ
3055 2963 3290 3036 ἀρχῆθεν
3325 2963 3640 3033 ἀποκληρω-

2076 3055 2261 3126 θείσης
2318 3047 2501 3121 αὐτοῖς
2549 3056 2792 3127 ἀοιδίμου
2844 3056 3048 3122 τάξεως
3090 3056 3183 3110 καὶ⁹
3220 3056 3640 3117 καταστάσεως,

2078 3148 2484 3217 συγκατάϐασιν
2538 3147 2840 3213 ἐνεδείξατο
2898 3150 2926 3201 ὁ
2981 3150 3069 3202 ἀεὶ
3111 3150 3169 3202 ὲν
3222 3148 3300 3220 τῷ
3352 3148 3525 3217 Πατρὶ
3573 3144 3632 3200 ὣς

2074 3239 2204 3303 Θεὸς
2238 3241 2426 3309 Λόγος.
2461 3240 2595 3293 Οὐδὲ
2639 3241 2765 3304 τοὺς
2809 3238 3274 3302 ἀποπεπτωκότας
3325 3237 3422 3291 τοῦ
3476 3232 3641 3305 φωτὸς

2074 3328 2379 3400 ἀλάστορας
2428 3329 2688 3400 δαίμονας
2722 3328 3191 3400 ἀνακαλούμενος,
3223 3329 3256 3398 ἢ
3307 3329 3405 3382 καὶ
3445 3328 3642 3381 ἀνακα-

2073 3419 2359 3489 λεσόμενος
2389 3418 2565 3491 (80),
2602 3418 2744 3472 κατά
2786 3420 2911 3482 τοὺς
2959 3417 3356 3482 ἀσεϐεστάτους
3413 3410 3641 3486 πονηροῦ

2076 3511 2430 3583 συνηγόρους.
2457 3511 2535 3583 τῷ
2569 3512 2758 3583 κόσμῳ
2792 3511 3177 3584 ἐπεφοίτησεν·
3209 3510 3346 3564 ἀλλά
3386 3509 3642 3578 σπέρμα-

2072 3618 2174 3669 τος
2209 3603 2459 3674 Ἀϐραὰμ
2486 3603 2876 3675 ἐπιλαϐόμενος
2905 3603 3046 3657 κατὰ
3073 3604 3163 3657 τὸν
3191 3602 3467 3656 θειότατον
3499 3597 3640 3654 Παῦ-

2072 3698 2184 3764 λον,
2211 3700 2306 3753 καὶ⁵
2341 3699 2408 3753 δι’
2448 3700 2612 3775 αὐτοῦ
2668 3701 2867 3763 παντὸς
2918 3697 3010 3753 τοῦ
3068 3696 3406 3770 ἀνθρωπείου
3460 3693 3639 3765 φύλου,

2073 3789 2360 3860 ἄνθρωπος
2410 3791 2797 3863 άμεταόλήτως
2835 3791 3053 3859 γέγονεν
3105 3791 3134 3842 6
3179 3786 3510 3859 δημιουργὸς
3554 3783 3643 3838 καὶ

2074 3885 2446 3957 πλαστουργδς
2472 3884 2582 3937 τῶν
2602 3884 2856 3937 ἁπάντων
2876 3899 2889 3912 ⁸
2915 3883 3062 3945 ὅπως
3084 3879 3170 3933 διά
3197 3880 3293 3950 τῆς
3319 3876 3484 3932 αὐτοῦ
3516 3875 3640 3945 πρὸς

2074 3980 2220 4048 ἡμᾶς
2248 3976 2565 4040 κοινωνίας,
2601 3974 2695 4028 καὶ
2745 3973 2901 4046 ἡμῶν
2954 3973 3091 4044 πρὸς
3147 3970 3310 4024 αὐτὸν
3354 3966 3641 4036 συναφείας

2075 4065 2407 4139 ύπολωφήσῃ
2434 4066 2531 4136 τῆς
2563 4066 2622 4118 ὲν
2654 4065 2784 4135 ἡμῖν
2826 4060 3094 4133 ἁμαρτίας
3135 4061 3168 4129 ἡ
3209 4058 3449 4120 εἴσδυσις
3471 4096 3486 4120 ,
3526 4053 3638 4120 ἐξαο

2071 4159 2347 4227 τονήσασα
2377 4156 2517 4210 κατά
2548 4156 2743 4227 βραχὺ,
2774 4154 2869 4207 καὶ
2906 4150 3343 4222 ὲκδαπανηθεῖσα
3376 4149 3452 4212 ὼς
3485 4145 3641 4216 κηρὸς

2070 4255 2148 4325 τῷ
2184 4252 2312 4323 θείῳ
2342 4252 2503 4322 πυρὶ,
2534 4249 2563 4302 ὂ
2586 4248 2780 4303 ἐλθὼν
2809 4249 2841 4301 ό
2883 4244 3088 4313 Σωτὴρ
3124 4244 3342 4297 ἔϐαλεν
3382 4239 3483 4295 ἐπὶ
3534 4235 3642 4305 τὴν

396 4332 657 4404 paulatim
686 4332 869 4388 fractis
903 4336 1151 4403 viribus;
1204 4336 1434 4407 ipsoque
1472 4354 1612 4394 certe
1656 4341 1832 4393 instar
1866 4341 1967 4395 ab-

2076 4343 2185 4415 γῆν
2212 4343 2386 4415 ἡμῶν.
2418 4341 2639 4411 Χαίροις
2661 4340 2839 4392 τοίνυν
2864 4339 2954 4391 καὶ
2979 4337 3065 4399 σὺ,
3108 4333 3402 4403 Ἐκκλησία
3433 4328 3640 4385 καθολι-

394 4433 613 4497 sumpto
647 4426 740 4482 illo
771 4427 1079 4499 igni,quem
1103 4430 1306 4483 veniens
1330 4429 1588 4485 Dominus
1613 4434 1753 4486 misit
1781 4435 1834 4487 in
1863 4443 1968 4488 ter--

2076 4436 2162 4507 κὴ,
2201 4436 2233 4505 ἡ
2266 4435 2324 4488 ὲν
2347 4434 2495 4506 πάσῃ
2526 4435 2592 4503 τῇ
2625 4430 2714 4485 ὑπ’
2741 4427 2991 4502 οὐρανόν·
3029 4427 3322 4499 σκίρτησον
3357 4424 3456 4478 σὺν
3492 4420 3638 4496 ἡμῖν.

462 4608 508 4681 ‘_'
533 4607 682 4663 Psal.
716 4624 882 4681 stvu,
912 4607 1203 4681 5;7_Matth.
1235 4626 1288 4670 ν.
1329 4610 1419 4667 55.
1496 4610 1541 4643 ³⁸
1570 4610 1684 4669 Isa.
1721 4630 1762 4680 ι,
1788 4614 1878 4670 26.
1957 4615 1973 4647 ‘

2076 4633 2141 4670 :a.
2170 4631 2258 4681 ωε,
2292 4615 2344 4670 1.
2422 4614 2466 4646 ’⁸
2502 4612 2651 4669 Psal.
2684 4628 2904 4677 Lxxm,
2939 4611 2992 4665 3.
3071 4610 3115 4643 ι’
3145 4608 3300 4665 Psal.
3328 4620 3516 4670 cxxxr,
3553 4599 3638 4657 16.

388 4679 439 4715 ³ο
460 4677 573 4734 lsa.
602 4695 702 4746 xu,
732 4679 786 4733 6.
862 4681 907 4711 ιι
957 4678 1119 4736 Hebr.
1163 4696 1227 4749 ιι,
1254 4680 1339 4736 16.

387 4861 670 4937 seandalo,
715 4869 789 4937 ut
815 4861 998 4937 minus
1043 4862 1351 4937 reciperent
1386 4861 1765 4937 Evangelium;
1797 4878 1963 4937 quam
2063 4877 2373 4937 quanquam
2399 4859 2566 4937 fuerit
2588 4858 2910 4937 nonnullum
2939 4855 3234 4937 discrimen
3265 4853 3322 4937 in
3353 4852 3554 4937 verbis.

384 4932 549 4987 etiam
578 4921 990 5001 Amphilochius
1017 4921 1225 4998 noster,
1258 4936 1472 5003 signum
1520 4921 1651 4986 illud
1687 4921 1963 4988 Siinéonis

387 5002 474 5055 cui
502 5001 574 5055 sit
604 5002 1109 5056 contradicendum.
1134 5011 1282 5056 recte
1304 5003 1527 5056 exnonit
1553 5010 1693 5056 orat.
1720 5005 1824 5056 Εἰς
1850 5001 1965 5056 τὴν

2079 4921 2098 4935 ⁸
2133 4921 2248 4997 (⁵79⁵
2275 4931 2348 4986 At
2385 4933 2457 4984 οὐ
2496 4928 2582 4999 μὴ
2621 4926 2927 4997 προσθῶσι
2965 4924 3223 4980 διελθεῖν
3258 4927 3346 4990 εἰς
3380 4921 3638 5000 παλαίω-

2076 5016 2184 5056 γιν.
2216 4953 2372 5056 ίιθιυι
2400 5001 2656 5055 nimirum
2682 4999 2771 5052 alii
2797 5013 2827 5050 a
2853 4996 3115 5056 legalibus
3141 4995 3315 5055 festis,
3343 4994 3638 5056 antiquatis

387 5002 474 5076 cui
502 5001 574 5055 sit
604 4995 1109 5076 contradicendum,
1134 4995 1282 5058 recte
1304 4995 1527 5074 Exponit
1553 5010 1693 5059 orat.
1720 5005 1824 5069 Εις
1850 5001 1965 5071 τὴν
2060 4995 2187 5076 ριν,
2216 4995 2372 5076 V_elu_t
2400 4995 2771 5076 niniirum'alii
2797 5013 2827 5050 a
2853 4996 3115 5076 legalibus
3137 4995 3315 5076 festis,
3343 4995 3638 5076 antiquatis

397 5070 840 5145 Ὑῖειξφταινῖήνς,
1529 5057 1573 5145 ζ
1724 5057 1816 5145 θ’
1907 5057 1921 5071 “

2076 5070 2558 5145 Christi_adventu,
2583 5057 3111 5145 justa_pr_op'l'ietia-nl
3137 5064 3241 5145 l_s\a.
3272 5079 3428 5145 stin,
3459 5057 3554 5145 1⁷9Α
3572 5057 3635 5145 ad

449 5139 560 5211 (78)
591 5128 798 5214 Φῶςτὸ
816 5142 886 5196 ἐν
904 5141 985 5209 τῷ
1002 5143 1317 5214 Πνεύματιτ
1330 5140 1411 5214 Ut
1431 5142 1503 5198 sit
1524 5141 1767 5214 formalis
1784 5150 1967 5214 aucto:

2076 5159 2226 5212 quam
2260 5142 2463 5195 Paulus
2490 5128 2712 5209 respicit
2740 5128 2785 5191 li
2808 5128 2936 5191 (ἰόν.
2962 5151 3017 5202 v,
3039 5135 3129 5214 Π.
3160 5132 3426 5214 Pantinus
3455 5151 3476 5214 I:
3512 5128 3638 5214 qua:

383 5201 794 5281 risqsénten'tia,
843 5226 910 5266 eo
952 5201 1121 5265 'modo
1156 5201 1520 5281 intelligendo
1568 5211 1778 5268 Lumen
1830 5212 1968 5267 illud
2062 5201 2167 5267 non
2201 5214 2380 5266 sinunt
2430 5220 2477 5263 te
2522 5201 2834 5281 veierascere
2865 5222 2882 5259 :
2911 5201 3056 5276 quOd
3096 5219 3197 5259 nec
3236 5204 3416 5257 littera
3454 5201 3636 5263 habet,

380 5279 625 5354 divinum
666 5289 721 5334 et
748 5278 988 5354 verbum
1021 5281 1075 5334 in
1112 5278 1480 5351 Spiritufquo
1516 5283 1570 5336 in
1599 5297 1664 5337 eo
1692 5282 1964 5354 Pater‘as-
2064 5297 2181 5354 nec“
2198 5297 2361 5354 sensu
2387 5280 2658 5354 congruit.
2756 5350 2771 5354 Α
2875 5345 2885 5354 _
3134 5341 3168 5354 Λ
3275 5343 3308 5354 ,Δ
3361 5339 3401 5354 Α
3439 5340 3450 5351 ,

382 5350 604 5425 seritur,
648 5357 710 5404 ut
743 5350 1002 5425 nimirum
1036 5353 1107 5405 sit
1142 5339 1294 5425 i'n-eo
1330 5339 1594 5425 tanquam
1630 5352 1962 5425 principium

2138 5351 2249 5425 (80)
2283 5354 2352 5405 Ἢ
2395 5339 2522 5425 καῖ
2539 5345 3085 5425 ἀνακαλεσόμετος.
3114 5341 3316 5425 ‘Carpit
3358 5339 3638 5425 Orig-enia-

381 5427 434 5473 et
453 5418 633 5492 αἰτία,
663 5426 725 5472 ιιι
757 5418 940 5492 Graeci
962 5430 1179 5492 vocant,
1214 5421 1268 5475 in
1298 5436 1365 5475 eo
1396 5415 1488 5491 qui
1517 5429 1602 5477 est
1632 5415 1661 5492 a
1694 5415 1963 5492 principio

2076 5415 2191 5474 nam
2225 5415 2685 5492 ἀποκατάστασιν,
2711 5424 2764 5471 et
2793 5417 2939 5492 illam
2966 5415 3021 5468 in
3052 5415 3320 5492 integrum
3347 5415 3639 5492 restitutis;

380 5489 495 5570 uel.“
509 5479 708 5570 ἀρτίαςς
743 5490 984 5570 alioquin
1015 5491 1151 5570 nihil
1170 5479 1457 5570 singulare
1489 5501 1582 5545 aut
1610 5479 1831 5570 dig-num
1860 5479 1963 5570 ’ἑῇς

2076 5505 2189 5570 ne!"
2212 5491 2375 5570 υιίθηι
2408 5479 2735 5570 dementia.
2751 5487 3038 5570 advers”.
3060 5479 3422 5570 vicisti“:
3435 5479 3635 5570 591‘.“

2018 5570 2021 5573 ‘
2065 5557 2278 5633 Patres,
2322 5560 2491 5615 nimia
2538 5560 2628 5616 illa
2659 5550 2857 5633 pietate
2890 5564 2943 5616 et
2969 5550 3339 5612 misericordia
3360 5550 3633 5612 damnata,

382 5556 647 5631 Μεθοδίου
677 5556 984 5629 ἀκριϐείας,
1021 5569 1080 5614 ιιι
1107 5556 1472 5631 facile'quivis
1496 5556 1853 5631 perspexerit,
1878 5556 1965 5631 di-

2066 5628 2397 5701 depugnant.

381 5629 546 5696 citur,
596 5625 876 5696 Nusquam
922 5644 1054 5683 sane
1100 5630 1266 5684 veteri
1299 5625 1375 5683 illi
1422 5625 1678 5685 Ecclesiae
1723 5625 1963 5685 Orientis

386 5697 491 5752 alia
525 5695 635 5753 fuit
665 5695 856 5752 revera
888 5697 1022 5753 tich
1052 5699 1106 5753 in
1132 5697 1237 5755 hoc
1266 5699 1515 5767 articulo,
1549 5714 1710 5770 quam
1735 5699 1958 5767 Latinae,
