3862 6158
288 329 390 387 381

1374 325 1612 383 SERMO
1649 324 1739 381 DE
1777 324 2079 382 SIMEONE
2115 325 2204 382 ET
2241 324 2453 383 ANNA.

3425 316 3532 377 382

287 444 386 512 Μὴ
400 442 591 514 φοϐοῦ
613 442 721 515 (81)
732 442 1036 515 ,τόμικρὸν
1055 443 1450 512 adamanta;
1463 445 1759 517 τρικυμίας
1773 446 1849 499 τοῐ

1970 460 2086 498 ram
2112 445 2178 498 ".
2209 443 2371 500 Salve
2404 443 2571 514 igitur
2587 447 2641 497 et
2670 448 2750 510 tu,
2783 448 2898 497 toto
2915 441 3047 497 orbe
3076 440 3253 512 posita
3286 438 3529 495 Ecclesia

283 533 503 607 ἐχθροῦ·
525 535 614 588 ὅτι
627 534 959 603 εὐδόκησεν
984 538 1018 589 ό
1047 534 1250 604 Πατὴρ
1268 534 1479 590 δοῦναί
1498 552 1597 591 σοι
1617 536 1731 605 τὴν
1750 538 1864 602 βα-

282 628 547 691 σιλείαν,
575 628 671 682 καὶ
697 628 791 680 ἐπὶ
810 627 1080 700 τραχήλου
1107 626 1214 680 τῶν
1231 628 1442 699 ἐχθρῶν
1471 645 1561 682 σου
1584 627 1859 700 ἐπιϐῆναι.

278 719 456 791 Χαῖρε
482 720 577 773 καὶ
605 719 954 791 εὐφραίνου,ὴ
980 719 1148 773 πάλαι
1169 720 1356 790 στείρα
1382 721 1476 773 καὶ¹
1506 721 1698 789 ἄγονος
1725 720 1861 792 πρὸς

245 811 604 876 εὐσέϐειαν,
656 812 774 864 νυνὶ
803 811 858 864 δὲ
904 809 1073 864 πολλά
1119 810 1188 865 τά
1235 812 1335 882 τῆς
1384 812 1621 876 πίστεως
1664 812 1858 883 ἔχουσα

280 901 472 954 τέκνα.
508 901 733 972 Χαίροις
762 902 858 955 καὶ
887 903 972 966 σὺ,
1003 900 1129 965 λαὸς
1155 900 1250 954 τοῦ
1270 901 1427 967 Θεοῦ,
1455 902 1604 968 λαὸς
1628 904 1861 971 περιού-

283 1008 444 1058 σιος,
467 992 793 1058 ,ϐασίλειον
819 991 1151 1062 ἱεράτευμα,
1181 993 1358 1059 ἔθνος
1387 993 1575 1065 ἅγιον,
1600 994 1748 1060 λαός
1772 996 1859 1060 εὶς

281 1084 701 1152 περιποίησιν·
750 1082 1035 1154 ἐξάγαγε-λε
1081 1083 1188 1150 τὰς
1222 1084 1435 1153 ἀρετὰς
1473 1084 1578 1138 τοῦ
1605 1085 1674 1139 ἐκ
1709 1088 1856 1140 σκό-

283 1189 428 1238 τους
477 1188 554 1227 σε
606 1172 973 1241 καλέσαντος
1021 1177 1109 1241 εὶς
1156 1173 1223 1227 τὸ
1277 1176 1621 1245 θαυμαστὸν
1671 1177 1857 1232 αὑτοῦ

282 1262 411 1335 φῶς
428 1282 442 1296 ·
474 1266 615 1338 ὑπὲρ
644 1266 825 1331 ἐλέους
853 1266 910 1320 δὲ
930 1266 1123 1333 δόξαζε
1154 1267 1335 1323 αὐτόν.

352 1534 448 1589 1Δ’.
482 1533 706 1605 Χαίρσις
736 1535 816 1597 εἰς
837 1534 982 1604 eam
1013 1532 1245 1604 ἀληκτος
1281 1532 1435 1604 ἡμῶν
1465 1535 1636 1605 χαρά·
1673 1535 1766 1588 ἐπὶ
1793 1533 1853 1587 σὲ

278 1624 389 1695 γὰρ
424 1625 584 1677 πάλιν
615 1624 1006 1696 ἀνατρέχομαι.
1036 1624 1107 1677 Σὺ
1140 1624 1239 1693 τῆς
1272 1625 1463 1696 ἑορτῆς
1490 1629 1522 1696 ἡ
1533 1626 1649 1696 μῶν
1676 1628 1847 1700 ἀρχή·

280 1718 348 1770 σὺ
380 1717 643 1787 μεσότης·
680 1718 744 1770 σὺ
771 1715 973 1779 τέλειος
1004 1714 1150 1786 (82)·
1188 1719 1217 1770 ὁ
1257 1716 1549 1788 πολύτιμος
1586 1720 1853 1791 μαργαρί-

1964 536 2267 600 catholica,
2303 549 2523 606 unaque
2558 534 2847 588 nobiscum
2876 531 3108 586 exsulta.
3165 528 3247 584 Ne
3301 531 3530 598 pusillus

1958 642 2126 697 grex,
2182 641 2409 697 magnas
2461 624 2671 680 inimici
2730 631 3085 693 tempestates
3146 623 3370 683 timeas;
3404 625 3529 691 quia

1961 719 2277 787 complacuit
2306 718 2462 773 Patri
2489 717 2618 771 dare
2644 715 2736 770 tibi
2758 731 2975 786 regnum
2998 715 3081 780 ⁸³;
3116 723 3170 769 et
3203 720 3261 768 ut
3293 714 3530 767 hostium

1958 818 2179 864 tuorum
2230 810 2410 865 calces
2466 809 2626 863 colla.
2695 807 2857 861 Salve
2909 815 2964 861 et
3014 807 3216 869 laetare,
3249 802 3527 874 quondam

1959 901 2160 957 sterilis
2197 900 2263 965 “,
2294 909 2348 955 et
2376 901 2495 956 sine
2527 899 2712 954 liberis
2743 897 2811 951 ad
2852 897 3134 966 pietatem;
3166 908 3314 949 nunc
3346 901 3530 947 autem

1957 992 2161 1048 multos
2190 992 2402 1046 habens
2436 991 2560 1046 ﬁdei
2592 990 2814 1045 liberos.
2848 986 3007 1041 Salve
3038 995 3094 1041 tu
3127 1001 3379 1055 quoque,
3432 981 3529 1038 Dei

1957 1084 2157 1155 popule
2186 1103 2201 1138 :
2232 1084 2422 1155 popule
2470 1092 2705 1151 accepta,
2757 1079 2932 1151 regale
2958 1078 3313 1133 sacerdotium
3339 1116 3356 1142 ,
3404 1091 3529 1146 gem

1956 1185 2162 1240 sancta,
2184 1174 2370 1244 popula
2394 1176 2449 1229 in
2472 1173 2868 1243 acquisitionem
2890 1170 3141 1227 :enuntia
3159 1176 3376 1223 virtutes
3389 1167 3526 1236 ejus,

1955 1266 2047 1336 qui
2098 1275 2148 1320 te
2211 1266 2413 1320 vocavit
2481 1265 2545 1318 de
2602 1261 2825 1317 tenebris
2884 1263 2942 1315 in
2996 1259 3312 1314 admirabile
3355 1257 3528 1311 lumen

1956 1369 2111 1406 suum
2151 1355 2198 1387 "
2242 1372 2258 1409 :
2297 1368 2464 1424 super
2493 1350 2874 1408 misericordia
2917 1356 3098 1406 autem
3143 1364 3244 1405 sua
3285 1345 3531 1419 gloriﬁca

1952 1459 2101 1499 eum.
2920 1514 2924 1519 ί

2024 1534 2162 1588 ΙΝ.
2200 1532 2357 1591 Salve
2392 1535 2448 1589 in
2477 1533 3082 1597 aaternum,indesinens
3126 1537 3313 1585 nostra
3343 1529 3529 1584 laetitia

1955 1626 2071 1697 [Dei
2097 1626 2342 1682 Genitrix
2390 1626 2578 1699 Virgo]
2618 1644 2633 1683 :
2671 1626 2739 1681 ad
2773 1635 2826 1681 te
2864 1627 3008 1681 enim
3042 1638 3236 1678 rursus
3273 1636 3523 1676 accurro.

1953 1718 2033 1772 Tu
2065 1719 2225 1774 nobis
2256 1718 2404 1773 festae
2426 1719 2564 1773 lucis
2596 1718 2843 1785 initium;
2881 1728 2935 1771 tu
2979 1714 3235 1777 medium,
3263 1720 3320 1766 tu
3355 1712 3480 1767 ﬁnis
3510 1730 3525 1766 :
3623 1700 3631 1715 ⁸

276 1786 391 1878 της
404 1807 507 1877 τῆς
537 1786 838 1877 βασιλείας·
866 1808 929 1861 τὸ
952 1807 1120 1871 ὅντως
1139 1804 1307 1879 οὖθαρ
1335 1786 1514 1880 πάσης
1540 1786 1846 1877 ἁγιστείας·

1955 1811 2348 1880 pretiosissima
2382 1810 2533 1881 regni
2567 1811 2856 1879 margarita
2885 1826 2900 1875 ;
2929 1822 3059 1862 vere
3094 1806 3263 1861 totius
3295 1804 3532 1858 victima:

274 1897 339 1951 τὸ
376 1896 617 1968 ἔμψυχον
652 1897 1036 1970 θυσιαστήριον
1079 1897 1173 1951 τοῦ
1199 1898 1364 1970 ἄρτου
1395 1900 1493 1970 τῆς
1522 1899 1685 1971 ζωῆς.
1716 1902 1853 1955 Χαί-

278 2007 416 2061 ροις,
451 1990 674 2062 ἀγάπης
704 1990 839 2043 Θεοῦ
869 1989 1110 2062 θησαυρέ
1129 2007 1143 2023 ο
1178 1992 1410 2062 χαίροις,
1445 1992 1864 2064 φιλανθρωπίας

277 2080 408 2134 Υἱοῦ
455 2082 644 2152 πηγή·
696 2083 924 2153 χαίροις,
955 2082 1270 2153 Πνεύματος
1314 2082 1470 2151 ἁγίου
1522 2084 1852 2139 κατάσκιον

276 2168 433 2237 ὅρος.
475 2169 815 2243 Ἤστραψας,
848 2170 1163 2242 γλυκύδωρε
1195 2172 1455 2243 γεννῆτορ
1494 2172 1671 2241 φωτὸς
1700 2172 1851 2242 ἡλια-

274 2257 632 2329 κοῦ,πυρσοῖς
664 2259 1059 2331 ἀκαρτερήτοις
1099 2259 1319 2330 ἀγάπης
1358 2258 1755 2332 ὑπερζεούσης,
1786 2262 1849 2315 τὸ

271 2349 381 2421 πρὸ
410 2349 587 2421 ἀρχῆς
617 2339 919 2422 συλληφθὲν
945 2352 1004 2404 ὲν
1027 2350 1104 2422 τῷ
1132 2352 1275 2404 τέλει
1311 2351 1563 2415 τεκοῦσα,
1601 2353 1847 2425 φανερώ-

274 2458 419 2495 σασα
441 2440 504 2494 τὸ
535 2442 776 2512 κρυπτὸν
812 2443 1107 2514 μυστήριον
1134 2443 1227 2496 καὶ
1255 2443 1539 2513 ἀλάλητον,
1565 2444 1655 2498 τὸν
1679 2447 1847 2514 ἀορά-

269 2548 366 2585 του
394 2531 610 2604 Πατρὸς
639 2532 788 2598 Υἱὸν,
813 2533 1035 2604 εἰρήνης
1064 2533 1385 2605 βραϐευτὴν,
1414 2535 1592 2606 πάσης
1622 2537 1849 2607 γενόμε-

269 2640 360 2675 νον
390 2623 592 2694 ἥττονα
635 2622 970 2696 βραχύτητος
1011 2624 1347 2695 παραδόξως.
1380 2625 1480 2678 Διά
1508 2626 1665 2680 τοῦτο
1698 2627 1848 2681 ἐκλι-

271 2712 556 2785 παροῦμέν
601 2730 662 2766 σε
709 2713 812 2785 τὴν
860 2713 1068 2785 ἀμείνω
1112 2716 1364 2781 πάντων,
1419 2718 1514 2770 καὶ
1569 2716 1848 2790 μητρῴαις

271 2804 617 2873 ἑπαυχοῦσαν
654 2808 839 2877 τιμαῖς
888 2805 982 2859 καὶ
1035 2809 1386 2880 παρρησίαις,
1435 2810 1653 2881 μνήμην
1699 2810 1849 2864 ἀδιά-

268 2893 489 2949 λειπτον
535 2893 693 2965 ἡμῶν
737 2894 915 2959 ποιοῦ,
956 2899 1198 2966 παναγία
1225 2898 1476 2962 Θεοτόκε,
1524 2900 1619 2954 καὶ
1665 2903 1746 2964 είς
1790 2901 1850 2955 σὲ

270 2987 846 3059 κατακαλλυνομένων,
873 2990 967 3042 καὶ
997 2989 1185 3060 ὕμνοις
1214 2989 1542 3062 θεοπρεπέσι
1573 2994 1850 3066 γεραιρόν-

266 3093 379 3131 των
408 3095 501 3132 σου
526 3078 627 3151 τὴν
659 3079 885 3144 ἀείζωον
916 3078 1012 3133 καὶ
1055 3079 1437 3145 ἀνεξάλειπτον
1463 3084 1703 3155 μνήμην.
1737 3086 1848 3138 Καὶ

272 3171 339 3223 σὺ
362 3170 420 3223 δὲ
441 3171 624 3235 αὐτὸς,
650 3165 695 3225 ὦ
718 3170 994 3245 πρεσϐύτα
1018 3171 1168 3243 τίμιε
1193 3172 1438 3244 Συμεὼν,
1464 3175 1563 3247 τῆς
1589 3175 1845 3238 εὐσεϐοῦς

269 3260 430 3331 ἡμῶν
462 3260 757 3333 θρησκείας
786 3261 1069 3335 προδοχεῦ,
1099 3264 1194 3317 καὶ
1223 3265 1321 3335 τῆς
1345 3264 1454 3318 τῶν
1483 3265 1688 3320 πιστῶν
1717 3269 1846 3319 ἀνα-

274 3351 516 3415 στάσεως
547 3351 805 3424 ὲξηγητά,
842 3354 1288 3426 συμπρεσϐευτὴς
1321 3355 1477 3427 ἡμῶν
1510 3357 1668 3425 γενοῦ
1709 3358 1846 3429 πρὸς

270 3443 366 3497 τὸν
406 3444 634 3515 Σωτῆρα
673 3443 828 3511 Θεὸν,
869 3445 927 3499 ὃν
970 3446 1232 3515 ἀγκάλαις
1279 3448 1632 3516 ὑποδέξασθαι
1702 3464 1845 3503 κατ-

262 3532 833 3607 τ,ξιώθης.Συνᾲδομεν
873 3537 982 3609 γάρ
1027 3556 1107 3593 σοι
1153 3539 1246 3593 καὶ
1277 3542 1440 3611 ἡμεῖς
1503 3540 1725 3613 Χριστῷ
1766 3539 1846 3613 τῷ

268 3623 373 3695 τῆς
401 3625 543 3696 ζωῆς
571 3628 665 3679 καὶ
691 3627 921 3681 θανάτου
946 3629 1262 3700 ὲξουσιαστῇ
1282 3647 1297 3661 ο
1328 3630 1399 3683 Σὺ
1425 3626 1479 3684 εἷ
1503 3631 1638 3701 φῶς,
1662 3631 1846 3702 λέγον-

270 3729 384 3777 τες,
415 3714 683 3786 ἀληθινὸν,
714 3716 780 3769 ἐκ
812 3719 987 3785 φωτὸς
1019 3718 1296 3789 ἀληθινοῦ,
1337 3720 1470 3784 Θεὸς
1498 3721 1748 3792 ἀληθινὸς
1780 3725 1845 3776 ὲκ

378 3804 409 3856 ῦ
450 3805 701 3877 ἀληθινοῦ
722 3824 737 3838 ο
770 3802 851 3871 εἷς
880 3808 1084 3881 Κύριος
1117 3811 1222 3882 πρὸ
1257 3812 1355 3883 τῆς
1386 3812 1845 3884 ὲνανθρωπήσεως

270 3897 370 3949 καὶ
404 3896 545 3966 μετά
588 3898 686 3969 τὴν
718 3899 1065 3970 πανύμνητον
1096 3901 1523 3974 ὲνανθρώπησιν,
1560 3904 1618 3970 ἐξ
1655 3905 1843 3958 ἑαυτοῦ

276 3988 376 4058 μὲν
400 3988 495 4041 καὶ
519 3989 580 4043 ού
610 3989 749 4043 κατά
779 3991 935 4062 χάριν
968 3992 1119 4057 Θεὸς,
1153 3993 1218 4047 δι’
1258 3994 1404 4065 ἡμᾶς
1430 3995 1488 4047 δὲ
1520 3996 1614 4049 καὶ
1644 3996 1845 4061 τέλειος

272 4076 590 4150 ἄνθρωπος·
617 4082 675 4148 ἐξ
702 4083 894 4137 ἑαυτοῦ
918 4083 973 4137 δὲ
1008 4084 1117 4155 (8'5)
1144 4086 1303 4155 φύσει
1330 4086 1678 4152 ἀϐασίλευτος
1706 4106 1848 4159 παμ-

272 4169 550 4236 ϐασιλεὺς,
585 4173 653 4225 δι’
679 4175 827 4245 ἡμᾶς
866 4176 959 4229 καὶ
998 4175 1096 4248 τὴν
1133 4178 1405 4249 ἡμετέραν
1453 4181 1724 4253 σωτηρίαν
1752 4184 1846 4236 καὶ

272 4270 336 4315 εν
364 4262 551 4316 δούλου
585 4269 762 4338 μορφῇ
796 4266 1079 4337 ἀχράντως
1121 4270 1213 4322 καὶ
1259 4270 1561 4339 ἀμιάντως.
1608 4272 1844 4345 Ἀφθαρ-

275 4370 370 4407 σια
408 4354 517 4427 γὰρ
557 4354 653 4422 ὣν,
686 4356 844 4411 λῦσαι
891 4359 1095 4432 φθορὰν
1139 4362 1429 4432 προῆλθες,
1471 4364 1557 4417 ἵνα
1598 4365 1847 4438 ἄφθαρτα

1953 1902 2152 1971 adeps;
2181 1903 2478 1955 animatum
2502 1901 2658 1971 panis
2692 1901 2838 1955 illius
2855 1900 2977 1953 vitae
3003 1899 3191 1952 altare.
3214 1894 3534 1958 Salve,dile-

1951 1993 2150 2048 ctionis
2182 1991 2277 2048 Dei
2301 1993 2587 2049 thesaure:
2609 1987 2892 2057 salve,Filii
2916 1991 2970 2043 in
2999 2003 3169 2060 genus
3204 1988 3527 2049 humanum,

1952 2084 2339 2154 propensionis
2366 2084 2512 2139 illius
2540 2099 2605 2138 ac
2635 2083 2754 2149 ejus
2788 2080 3141 2136 humanitatis
3177 2078 3302 2134 fons
3337 2073 3534 2142 :salve,

1953 2172 2189 2245 Spiritus
2220 2175 2397 2231 sancti
2436 2190 2585 2228 mons
2615 2172 2909 2227 inumbrate
2939 2171 3006 2226 “.
3045 2169 3378 2240 Fulgurasti,
3412 2167 3533 2221 dul-

1949 2266 2143 2321 cidona
2179 2266 2350 2321 Mater
2375 2265 2571 2320 solaris
2600 2263 2846 2328 luminis,
2878 2261 3319 2331 importahilibus
3353 2259 3533 2312 chari-

1951 2355 2079 2408 tatis
2095 2354 2467 2425 praeferventis
2488 2352 2723 2421 ignibus,
2742 2366 2808 2405 eo
2831 2353 2883 2405 in
2909 2351 3012 2404 line
3033 2357 3193 2421 partu
3214 2349 3361 2404 edito
3380 2347 3528 2419 quod

1948 2454 2076 2500 ante
2123 2444 2452 2515 principium
2494 2451 2816 2513 conceptum
2849 2450 2965 2497 erat
2996 2461 3011 2496 :
3050 2442 3226 2511 palam
3262 2439 3529 2503 exhibito,

1947 2536 2094 2607 quod
2127 2546 2245 2591 erat
2274 2536 2653 2591 absconditum
2713 2543 2768 2590 et
2809 2533 3177 2588 inenarrabile
3214 2546 3529 2587 sacramen-

1947 2633 2099 2694 tum;
2155 2626 2415 2682 invisibili
2450 2627 2543 2681 illo
2582 2625 2760 2680 Patris
2809 2623 2981 2687 Filio,
3016 2629 3302 2693 sequestro
3349 2622 3523 2692 pacis,

1947 2705 2151 2788 quippe
2171 2717 2476 2771 admirabili
2500 2716 2733 2787 quadam
2755 2716 2986 2780 ratione,
3006 2715 3153 2769 omni
3183 2729 3241 2769 se
3263 2713 3529 2784 parvitate

1947 2811 2213 2866 minorem
2236 2809 2504 2864 exhibuit.
2524 2807 2813 2877 Propterea
2837 2817 2888 2862 te
2907 2808 3261 2876 deprecamur
3282 2805 3529 2859 omnium

1948 2900 2492 2971 praestantissimam,
2551 2898 2921 2969 maternisque
2973 2897 3277 2953 honoribus
3330 2895 3528 2951 ﬁducia

1948 2993 2290 3062 gloriantem,
2327 3000 2385 3045 ut
2429 2990 2823 3046 indesinentem
2858 2989 3031 3044 nostri
3059 2988 3394 3054 memoriam,
3431 2985 3530 3042 Dei

1949 3082 2119 3139 Mater
2151 3083 2518 3145 sanctissima,
2549 3083 2751 3136 habeas
2778 3101 2791 3136 :
2824 3083 3021 3146 nostri,
3069 3081 3313 3151 inquam,
3343 3081 3437 3151 qui
3470 3081 3530 3137 in

1951 3181 2005 3227 te
2053 3174 2371 3243 gloriamur,
2431 3173 2950 3243 augustioribusqne
2991 3173 3222 3227 canticis
3268 3178 3530 3242 perpetuo

1951 3267 2215 3321 victuram
2247 3272 2301 3320 et
2326 3266 2490 3318 nullis
2517 3264 2814 3319 desituram
2850 3263 3186 3333 temporibus
3217 3263 3295 3316 tui
3328 3276 3530 3318 memo-

1951 3356 2089 3409 riam
2126 3355 2486 3410 celebramus.
2535 3355 2655 3424 lpse
2699 3355 2883 3418 etiam,
2933 3352 3198 3407 honorate
3228 3368 3393 3407 senex
3435 3351 3525 3405 Si-

1949 3461 2131 3510 meon,
2151 3446 2252 3517 pia:
2264 3446 2542 3515 religionis
2567 3452 2767 3500 nostrae
2783 3445 2955 3515 prime
2977 3452 3282 3513 susceptor,
3307 3443 3528 3498 doctor-

1950 3554 2056 3608 qua
2091 3538 2506 3594 resurrectionis
2532 3536 2789 3600 ﬁdelium,
2818 3551 2922 3590 una
2951 3550 3050 3605 pro
3073 3536 3230 3589 nobis
3261 3536 3326 3589 ad
3354 3533 3525 3589 Deum

1954 3628 2289 3684 Salvatorem
2328 3643 2487 3698 quem
2525 3629 2769 3681 meruisti
2811 3628 2867 3681 in
2902 3628 3060 3681 ulnas
3092 3626 3392 3695 suscipere,
3427 3640 3525 3695 pa-

1922 3730 2143 3797 _tronus
2172 3719 2387 3775 accede.
2419 3717 2553 3771 Nam
2581 3726 2633 3773 et
2670 3718 2776 3789 ipsi
2827 3731 2934 3772 una
2959 3724 3138 3771 tecum
3169 3715 3413 3780 Christo,
3443 3716 3527 3770 vi-

1950 3819 2019 3868 ta:
2047 3826 2110 3866 ac
2140 3811 2330 3865 mortis
2364 3816 2681 3880 potestatem
2707 3809 2948 3873 habenti,
2978 3808 3228 3862 canimus
3263 3827 3276 3862 :
3308 3806 3390 3862 Tu
3413 3807 3527 3862 Lu-

1949 3918 2073 3958 men
2103 3917 2163 3958 es
2188 3916 2376 3957 verum
2407 3916 2472 3955 ex
2508 3916 2635 3956 vero
2666 3899 2918 3963 Lumine,
2957 3898 3102 3954 Deus
3128 3914 3291 3954 verus
3315 3915 3384 3955 ex
3413 3898 3525 3954 Deo

1950 4010 2101 4061 vero,
2127 4010 2270 4049 unus
2295 3992 2558 4048 Dominus
2588 4000 2714 4048 ante
2740 4003 3073 4062 assumptam
3106 3991 3398 4047 humanam
3426 4005 3527 4045 na-

1950 4096 2150 4151 turam,
2187 4101 2329 4139 unus
2358 4084 2716 4137 nihilominus
2746 4090 2870 4152 post
2903 4084 3172 4152 ejusmodi
3203 4083 3527 4153 assumptio-

1951 4193 2099 4242 nem,
2146 4175 2295 4231 omni
2341 4176 2499 4246 plane
2543 4174 2927 4245 praedicatione
2972 4174 3408 4244 prosequendam
3443 4191 3458 4228 :
3491 4188 3524 4228 a

1949 4277 2024 4334 te,
2055 4271 2192 4340 ipse,
2222 4284 2332 4323 non
2353 4284 2448 4339 per
2467 4268 2725 4339 gratiam,
2756 4266 2900 4322 Deus
2937 4287 2950 4321 :
2977 4267 3149 4322 nostri
3178 4283 3308 4322 vero
3335 4279 3521 4332 causa,

1951 4363 2115 4417 etiam
2146 4361 2310 4415 homo
2344 4359 2621 4431 perfectus
2648 4378 2660 4414 :
2686 4374 2751 4414 ex
2775 4367 2849 4423 te,
2886 4359 3020 4429 ipse,
3049 4366 3244 4414 natura
3276 4360 3525 4414 omnium

273 4445 456 4499 πάντα
486 4445 715 4517 τεύχοις.
748 4449 872 4503 Ὅτι
896 4448 989 4503 σοῦ
1018 4451 1165 4505 ἐστιν
1199 4453 1231 4522 ἡ
1269 4451 1397 4518 δόξα
1456 4455 1548 4507 καὶ
1591 4454 1655 4507 τὸ
1704 4456 1843 4528 κρά-

1953 4450 2098 4517 Rex,
2133 4451 2341 4507 nullius
2375 4450 2656 4520 subjectus
2695 4450 2959 4520 imperio:
3005 4456 3230 4519 propter
3257 4463 3358 4504 nos
3393 4463 3523 4503 vero

271 4551 386 4602 τος,
425 4535 761 4608 μεγαλοσύνη
800 4555 861 4591 τε
906 4539 998 4592 καὶ
1041 4539 1486 4611 μεγαλοπρέπεια
1528 4544 1625 4597 σὺν
1674 4544 1847 4616 Πατρὶ

1953 4551 2007 4598 et
2030 4549 2275 4597 nostram
2307 4543 2560 4606 salutem,
2590 4541 2754 4596 etiam
2780 4541 2835 4595 in
2869 4540 3040 4594 forma
3075 4539 3239 4604 servi,
3266 4539 3524 4593 immacu-

270 4628 371 4769 δεῖ).
410 4628 552 4700 ἀγίῳ
608 4629 885 4702 Πνεύματι
933 4633 1014 4697 εἰς
1070 4633 1196 4696 τοὺς
1233 4632 1434 4697 αἰῶνας
1458 4633 1566 4688 τῶν
1608 4632 1839 4691 αἰώνων.

286 4716 302 4737 ’
353 4718 481 4769 μήν.

286 4716 481 4788 ’Δμήν.

1948 4633 2057 4689 late
2080 4645 2258 4689 tamen
2283 4642 2445 4704 atque
2472 4633 2770 4703 impollute,
2788 4632 3077 4688 exsislens.
3098 4631 3200 4697 Qui
3224 4632 3369 4686 enim
3395 4630 3516 4701 ipsa

1944 4727 2022 4782 sis
2060 4726 2418 4797 incorruptio,
2470 4725 2667 4780 venisti
2715 4725 2927 4781 solvere
2976 4723 3414 4793 corruptionem,
3457 4730 3521 4776 ut

272 4811 594 4883 incorrupta
621 4814 803 4871 omnia
829 4816 1108 4876 redderes.
1137 4817 1404 4885 Quoniam
1438 4826 1531 4875 tua
1557 4829 1641 4875 est
1665 4822 1836 4893 gloria
1863 4830 1918 4877 et
1947 4829 2210 4893 potestas,
2241 4828 2296 4877 et
2337 4818 2762 4892 magniﬁcentia,
2797 4825 2853 4874 et
2901 4817 3181 4890 nlajestas,
3227 4830 3352 4871 cum
3414 4813 3520 4870 Pa-

272 4914 360 4962 tre
389 4913 447 4961 et
474 4905 680 4977 Spiritu
713 4918 924 4978 sancto,
953 4912 1009 4965 in
1042 4912 1238 4968 saecula
1279 4914 1624 4969 saeculorum.
1655 4915 1852 4970 Amen.

345 5081 675 5146 "Lucan.
716 5084 807 5140 49.
880 5085 928 5117 ’³
944 5083 1071 5141 ibid.
1116 5084 1209 5141 '52.
1282 5084 1331 5117 ’δ
1384 5084 1499 5145 Ira.
1536 5089 1711 5150 uv,l.
1775 5087 1849 5143 ³³η

1953 5095 2052 5142 etr.
2084 5103 2145 5155 ιι,
2172 5086 2226 5143 9.
2300 5090 2347 5121 ⁸⁸
2375 5087 2514 5143 Ilab.
2537 5104 2620 5153 ιιι,
2650 5088 2705 5143 5.

346 5261 459 5332 (81)
487 5264 586 5333 Μὴ
616 5265 822 5333 φοϐοῦ.
862 5264 1026 5323 Forte
1059 5268 1318 5323 subnotat
1350 5266 1666 5323 Diocletiani
1699 5277 1841 5325 temo

270 5346 430 5457 Bora.
464 5342 522 5415 et
555 5335 887 5416 decumanos
931 5338 1055 5418 illos
1095 5335 1293 5419 ﬂuctus
1326 5338 1393 5391 ab
1419 5353 1486 5393 eo
1526 5339 1593 5419 'in
1636 5337 1841 5396 Christi

323 5400 578 5457 cclesmm
606 5412 901 5457 excrtatos.
930 5408 1128 5457 ambus
1163 5423 1277 5457 lose
1308 5407 1628 5457 Methodms-
1663 5418 1723 5457 nl.
1752 5425 1841 5457 ve-

315 5400 585 5483 lcclesialn
606 5406 1128 5483 excitatos,_guibus
1163 5409 1277 5477 ipse
1307 5407 1629 5483 Methodius,
1658 5418 1723 5483 ut
1752 5425 1846 5483 ve-

276 5471 395 5532 rior
425 5471 592 5531 habet
619 5474 825 5549 opinio,
853 5471 1083 5535 feliciter
1111 5471 1317 5549 tamen,
1343 5485 1399 5537 et
1425 5471 1708 5551 naufragio
1736 5480 1846 5537 sal-

1944 5286 2047 5327 vus
2068 5278 2390 5340 portumque
2412 5277 2624 5333 tenens,
2646 5268 2851 5324 Christi
2874 5275 3080 5339 martyr
3099 5266 3389 5337 absorptus
3407 5271 3517 5323 est.

2022 5341 2136 5407 (82)
2186 5340 2435 5407 Τέλειος.
2472 5340 2633 5394 Forte
2664 5340 2834 5403 τέλος.

2019 5399 2131 5482 (85)
2173 5399 2424 5466 Ἑαυτοῦ
2479 5410 2564 5465 δέ.
2602 5409 2762 5467 Forte
2794 5399 2996 5467 ἰαντοῦ
3037 5410 3150 5466 καί.
3188 5408 3253 5464 Et
3276 5421 3427 5478 mox,
3445 5399 3515 5462 δι’

1952 5481 2098 5552 ἡμᾶς
2122 5480 2182 5534 δὲ
2216 5480 2329 5536 καί.

1651 5682 2141 5713 ----ο.---
