3862 6158
228 277 338 356 ass

1299 289 1557 350 ORATIO
1594 290 1663 346 IN
1702 287 1939 346 ΒΑΜοὸ
1976 287 2379 347 PALMARUM.

3382 290 3490 348 336

229 431 322 481 νος
357 413 741 487 ἀποκλεισθῇ]
772 413 978 485 Μηδεὶς
1021 411 1343 486 σκυθρωπὸς
1376 413 1511 485 πρὸς
1542 411 1641 483 τὴν
1671 412 1806 465 ὐπο-

1922 425 2032 465 mus
2066 429 2079 464 :
2113 408 2134 482 ]
2182 409 2550 480 suscipiamus
2592 422 2783 467 omnes
2835 407 3004 465 alacri
3039 406 3224 463 animo
3264 414 3490 481 totaque

229 505 392 578 δοχὴν
420 505 618 577 εὑρεθῇ
646 508 706 558 ὲν
736 506 886 576 ἡμῖν,
916 505 1005 557 ἵνα
1040 504 1114 575 μὴ
1140 504 1254 568 τοῖς
1284 505 1540 574 πονηροῖς
1568 501 1812 565 πολίταις

234 596 927 678 συγκατακριθῇ..Πολίτας
956 595 1015 648 δέ
1049 613 1192 666 φημι
1217 595 1342 658 τοὺς
1374 593 1448 665 μὴ
1478 593 1810 665 θελήσαντας

228 690 487 757 δέξασθαι
527 689 620 744 τὸν
664 688 866 760 Κύριον
916 686 1124 740 ἑαυτῶν
1171 686 1395 757 βασιλέα
1437 688 1523 757 ἐφ’
1563 685 1805 749 ἑαυτούς.

231 782 466 858 ίΠάντες
498 781 736 854 φαιδρῶς
770 780 1158 852 συνδράμωμεν
1268 780 1469 843 πάντες
1515 777 1811 850 προθύμως

228 875 641 946 ὕποδεξὼμεθα,
686 872 782 927 καὶ
819 872 1203 944 ὐπερκοσμίως
1243 871 1610 944 ἑορτάσωμεν.
1665 870 1810 923 Ἀντὶ

228 968 487 1038 ἱματίων,
532 967 641 1034 τὰς
683 966 931 1036 καρδίας
974 965 1146 1035 ἡμῶν
1207 963 1505 1033 ἐκχέωμεν
1554 961 1811 1016 ἐνώπιον

225 1061 418 1116 αὐτοῦ
440 1078 455 1091 ο
490 1063 547 1116 ὲν
571 1060 806 1132 ψαλμοῖς
837 1059 931 1113 καὶ
957 1057 1147 1129 ’ύμνοις
1173 1058 1272 1121 τὰς
1295 1056 1642 1127 εὐχαριστίας
1680 1058 1811 1109 ἀνα-

227 1151 495 1223 τείνωμεν
527 1150 709 1222 αὐτῷ·
741 1150 933 1215 καὶτὸ,
968 1148 1389 1219 Εὐλογημένος
1424 1151 1456 1202 ό
1486 1148 1809 1217 ἐρχόμενος

226 1243 301 1297 ἐν
343 1244 587 1313 ὀνόματι
623 1243 869 1311 Κυρίου,
912 1239 1346 1303 άκαταπαύστως
1397 1238 1699 1310 βοήσωμεν.
1746 1241 1811 1292 Οἱ

229 1335 343 1404 γὰρ
374 1335 773 1406 εὐλογοῦντες
796 1333 1003 1399 αὑτὸν,
1044 1335 1433 1402 εὐλόγηνται·
1479 1332 1578 1387 καὶ
1619 1335 1673 1385 οἱ
1687 1346 1817 1384 κατ-

229 1430 519 1502 αρώμενοι
584 1425 791 1489 αὑτὸν,
838 1425 1292 1494 κεκατήρανται.
1343 1423 1513 1477 Πάλιν
1553 1424 1683 1495 ὲρῶ,
1715 1423 1810 1477 καὶ

232 1518 678 1590 προτρεπόμενος
716 1518 809 1571 ἐπὶ
853 1517 914 1571 τὸ
942 1517 1144 1586 ἀγαθὸν
1186 1517 1247 1570 οὐ
1292 1515 1591 1587 παύσομαι.
1623 1515 1807 1579 Δεῦτε,

233 1611 528 1680 ἀγαπητοὶ,
559 1609 944 1680 εὐλογήσωμεν
971 1609 1062 1662 τὸν
1109 1607 1491 1679 εὐλογημένον,
1530 1608 1618 1660 ἵνα
1656 1606 1807 1659 εὐλο-

231 1701 491 1772 ῃθῶμεν
518 1702 609 1755 ὐπ’
635 1702 818 1757 αὐτοῦ.
851 1704 1037 1756 Πᾶσαν
1069 1702 1282 1773 ἡλικίαν
1313 1701 1407 1754 καὶ
1436 1699 1591 1765 ἀξίαν
1631 1699 1722 1753 ἐπὶ
1747 1699 1809 1753 τὸ

1914 501 2197 555 honestate
2239 500 2599 557 celebremus.
2649 500 3112 557 Vestimentorum
3149 500 3272 555 loco
3321 506 3488 558 corda

1912 600 2097 645 nostra
2126 591 2459 660 eﬂ'undamus
2495 608 2674 646 coram
2709 592 2805 647 illo
2837 592 2884 625 ³⁸
2921 612 2934 649 :
2976 592 3141 664 inque
3180 593 3407 664 psalmis
3434 602 3489 649 et

1912 684 2143 737 canticis
2169 683 2467 752 gratiarum
2496 684 2545 739 ei
2582 685 2825 741 actiones
2857 684 3295 756 praetendamus;
3323 699 3387 739 ac
3421 685 3490 738 il-

1912 775 2026 838 lud,
2063 770 2376 829 Benedictus
2405 777 2496 845 qui
2525 778 2658 831 venit
2687 777 2740 830 in
2762 777 2968 831 nomine
3005 776 3216 831 Domini
3244 776 3312 842 ",
3336 778 3488 831 nulla

1911 866 2100 937 requie
2119 868 2437 925 clamemus.
2463 869 2568 935 Qui
2589 871 2725 923 enim
2752 873 2852 940 ipsi
2874 869 3204 935 benedicunt,
3231 869 3489 926 benedicti

1910 970 2068 1025 sunt;
2095 971 2144 1015 et
2173 962 2263 1031 qui
2287 962 2626 1027 maledicunt,
2660 964 2926 1019 maledicti
2949 965 3014 1020 ³⁵.
3048 964 3233 1020 Dicam
3266 966 3487 1031 iterum,

1910 1068 2012 1107 nec
2037 1052 2103 1106 ad
2136 1053 2337 1107 bonum
2364 1054 2569 1108 hortari
2599 1055 2841 1110 desinam
2880 1074 2893 1109 :
2930 1054 3356 1120 Venite,dilecti,
3378 1057 3487 1111 'be-

1910 1144 2229 1201 nedicamus
2248 1160 2371 1200 eum
2402 1146 2495 1216 qui
2524 1153 2607 1200 est
2635 1146 2973 1212 benedictus,
3009 1157 3069 1201 ut
3099 1148 3490 1203 benedicuntur

1911 1237 1980 1292 ab
2012 1237 2149 1307 ipso.
2187 1236 2423 1292 Etatem
2454 1254 2670 1294 omnem
2704 1247 2759 1294 et
2791 1240 3159 1294 conditionem
3227 1240 3285 1294 in
3313 1254 3486 1295 unum

1909 1329 2117 1398 pariter
2159 1343 2340 1384 sermo
2398 1330 2592 1384 ascivit
2637 1329 2704 1384 ad
2750 1329 2962 1385 Domini
3022 1331 3237 1387 laudem
3282 1352 3296 1387 :
3341 1349 3485 1403 reges

1912 1428 2064 1474 terra:
2092 1431 2141 1474 et
2180 1436 2355 1475 omnes
2397 1422 2615 1491 populos
2645 1439 2663 1476 :
2691 1423 2949 1491 principes
2984 1433 3035 1478 et
3063 1440 3240 1478 omnes
3273 1425 3485 1494 judices

1912 1522 2066 1567 terre
2118 1528 2137 1565 :
2175 1513 2390 1582 juvenes
2438 1522 2486 1567 et
2531 1515 2753 1584 virgines
2804 1514 2851 1546 ³⁸
2895 1533 2908 1569 :
2970 1514 3225 1586 quodque
3273 1516 3329 1570 in
3381 1517 3484 1570 mi-

1911 1606 2099 1660 raculo
2155 1605 2411 1660 decenter
2446 1620 2647 1660 novum
2690 1605 2957 1672 videatur,
3014 1607 3220 1678 primas
3260 1608 3487 1678 juvenis

1911 1704 2073 1767 atque
2120 1696 2384 1751 innocens
2414 1695 2703 1751 infantium
2737 1704 2792 1753 et
2823 1699 3137 1755 lactentium
3172 1709 3305 1758 aetas
3338 1702 3486 1758 obti-

232 1792 366 1847 αὐτὸ
388 1793 744 1848 συνεκάλεσεν
772 1796 801 1847 ό
831 1793 987 1861 λόγος
1017 1793 1153 1865 πρὸς
1177 1793 1275 1865 τὴν
1300 1791 1395 1845 τοῦ
1431 1793 1636 1863 Κυρίου
1663 1792 1809 1846 αἴνε-

1922 1789 2039 1844 nuit
2071 1799 2276 1858 partes,
2309 1788 2626 1857 auspicandi
2666 1788 2895 1845 Domino
2923 1790 2980 1845 in
3024 1791 3370 1849 confessione
3399 1794 3488 1849 di-

235 1899 346 1936 σιν’
380 1882 665 1949 Βασιλεῖς
686 1882 798 1952 τῆς
818 1882 931 1954 τῆς
960 1882 1060 1936 καὶ
1090 1881 1321 1949 πάντας
1348 1883 1557 1948 λαοὺς,
1594 1882 1813 1952 ἄρχον-

233 1992 343 2042 τας
368 1976 468 2030 καί
499 1975 730 2042 πάντας
758 1976 960 2044 κριτὰς
990 1974 1102 2046 γῆς
1119 1992 1132 2005 ·
1158 1976 1519 2042 νεανίσκους
1546 1975 1644 2030 καὶ
1667 1989 1812 2044 παρ-

235 2068 484 2136 θένουςο
514 2069 609 2122 καὶ¹
641 2068 703 2121 τὸ
738 2068 1100 2141 καινοπρεπὲς
1143 2067 1235 2123 τοῦ
1280 2066 1576 2138 θαύματος,
1617 2068 1699 2121 ὅτι
1740 2070 1808 2138 τῇ

233 2158 333 2231 νέᾳ
361 2160 457 2214 καὶ
477 2160 829 2231 άπειροκάκῳ
850 2159 958 2213 τῶν
984 2160 1190 2231 νηπίων
1216 2161 1308 2214 καὶ
1336 2159 1673 2231 θηλαζόντων
1697 2159 1812 2230 ήλι-

1915 1883 2119 1936 vinitus
2167 1882 2492 1951 inspiratum
2546 1882 2821 1936 canticum
2867 1903 2880 1938 :
2933 1899 3040 1954 qua
3097 1886 3225 1940 olim
3277 1887 3492 1945 ratione

1916 1973 2130 2047 Moyses
2156 1975 2442 2045 pmcinuit
2470 1973 2768 2044 egredienti
2797 1977 2997 2046 popqu
3030 1978 3097 2033 de
3118 1976 3356 2050 Egypto
3387 1979 3490 2034 :il—

1916 2067 2009 2123 iud
2038 2069 2295 2123 nimirum
2324 2087 2337 2122 :
2371 2066 2682 2122 Benedictus
2698 2070 2790 2139 qui
2823 2070 2956 2123 venit
2985 2071 3041 2123 in
3063 2072 3273 2124 nomine
3300 2069 3492 2124 Domi-

1915 2161 1973 2215 ni
1997 2160 2061 2214 ³⁷.

233 2255 330 2328 adq.
369 2256 441 2309 τὰ
481 2255 744 2328 πρεσϐεῖα
792 2255 1136 2329 συνεχώρησε
1188 2256 1282 2310 τοῦ
1324 2256 1545 2328 ἐξάρξαι
1594 2256 1672 2328 τῷ
1719 2257 1908 2328 Κυρίῳ
1952 2258 2010 2310 ὲν
2057 2256 2440 2329 ἐξομολογήσει
2481 2257 2542 2311 τὸ
2586 2257 2917 2312 θεοδίδακτον
2966 2254 3145 2330 ᾆσμα,
3190 2258 3334 2314 καθά
3379 2260 3491 2316 πά·

232 2350 325 2406 λαι
358 2351 471 2423 (88)
504 2353 744 2424 Μωῦσῆς
772 2351 849 2423 τῷ
878 2353 938 2417 ἐξ
967 2355 1243 2421 Αἰγύπτου
1274 2352 1407 2423 λαῷ,
1439 2353 1521 2420 τὸ,
1548 2353 1967 2423 Εὐλογημένος
1995 2356 2027 2407 ό
2056 2354 2378 2422 ἐρχόμενος
2404 2354 2473 2406 ἐν
2501 2355 2743 2422 ὀνόματι
2788 2353 3028 2420 Κυρίου.

306 2447 386 2503 Β¹.
419 2448 666 2520 Σήμερον
698 2449 840 2519 χαρᾷ
878 2447 1057 2520 χαίρει
1089 2451 1118 2502 ὁ
1151 2448 1420 2521 μακάριος
1442 2448 1623 2513 Δαὸὶδ,
1651 2466 1811 2501 σεσυ-

233 2537 470 2609 λημένος
510 2539 609 2610 τὴν
658 2538 889 2610 κιθάραν
933 2538 1037 2592 ὑπὸ
1083 2540 1293 2611 νηπίων
1318 2557 1331 2570 ·
1360 2535 1441 2603 οἷς
1484 2539 1576 2593 καὶ
1623 2556 1816 2611 συγχο-

234 2630 414 2700 ρεύων
462 2631 539 2701 τῷ
576 2631 844 2702 πνεύματι
887 2632 981 2686 καὶ
1031 2631 1519 2704 συνευωχούμενος,
1564 2632 1812 2704 καθάπερ

244 2722 297 2776 (δ
329 2723 459 2795 πρὶν
494 2723 600 2795 πρὸ
630 2723 923 2795 προσώπου
949 2724 1051 2794 τῆς
1095 2723 1323 2778 κιϐωτοῦ
1357 2723 1449 2776 τοῦ
1487 2723 1642 2789 Θεοῦ,
1681 2741 1817 2795 συμ-

239 2818 572 2887 μουσουργεῖ
616 2816 711 2869 καὶ
757 2815 1106 2887 συμψελλίζει
1154 2816 1358 2886 ἡδέως·
1392 2815 1815 2885 Εὐλογημένος

236 2909 271 2960 ὁ
299 2907 625 2976 ἐρχόμενος
652 2908 721 2960 ὲν
748 2908 990 2976 ὀνόματι
1012 2908 1253 2973 Κυρίου.
1288 2907 1431 2977 Πρὸς
1463 2906 1520 2959 ὃν
1544 2905 1775 2979 ἐροῦμεν
1795 2923 1809 2936 ·

237 2996 380 3065 Λέγε
410 2998 562 3067 ἡμῖν,
593 2992 638 3051 ὦ
660 2997 936 3070 προφῆτα,
963 2998 1044 3060 τίς
1072 2991 1227 3061 οὗτος
1258 3000 1285 3051 ὁ
1311 2998 1604 3069 ἐρχόμενος
1628 2999 1684 3049 ἐν
1710 2997 1816 3049 ὀνό-

241 3108 374 3160 ματι
402 3091 644 3161 Κυρίου;
679 3090 793 3143 Οὐκ
819 3090 972 3160 ἐμὸν,
1005 3092 1158 3162 φησὶ,
1180 3090 1241 3142 τὸ
1271 3089 1632 3144 διδασκαλεῖον
1655 3090 1818 3159 σήμε-

1985 2446 2052 2504 ll.
2085 2446 2256 2503 Hodie
2282 2448 2479 2518 gaudet
2504 2447 2703 2518 gaudio
2732 2448 2924 2503 beatus
2964 2445 3156 2511 David,
3187 2445 3493 2502 infantibus

1915 2540 2279 2611 spoliantibus
2307 2539 2538 2602 cithara,
2567 2540 2895 2608 quibuscum
2932 2540 3095 2595 etiam
3126 2540 3322 2609 spiritu
3354 2539 3495 2593 cho-

1912 2644 2037 2684 reas
2065 2629 2271 2683 ducens
2288 2642 2501 2697 unaque
2519 2629 2838 2690 delectatus,
2874 2629 3015 2683 sicut
3035 2628 3163 2681 olim
3188 2642 3373 2682 coram
3394 2627 3493 2683 Dei

1916 2736 2043 2775 arca
2069 2721 2137 2785 ³⁸,
2171 2722 2413 2775 musicos
2441 2726 2743 2773 concentus
2776 2721 2971 2775 miscet
3014 2735 3077 2774 ac
3111 2720 3350 2775 suaviter
3394 2721 3492 2773 ad-

1919 2812 2151 2867 balbutit
2187 2832 2199 2866 :
2238 2810 2547 2865 Benedictus
2581 2813 2670 2881 qui
2697 2812 2832 2865 venit
2856 2813 2910 2865 in
2941 2812 3148 2866 nomine
3176 2809 3388 2865 Domini
3420 2811 3489 2864 ”.

1918 2902 2088 2970 Quem
2114 2904 2629 2973 percunctabitnur?
2652 2905 2787 2959 cedo
2807 2904 2987 2971 nobis,
3027 2902 3295 2975 Pr0pheta
3320 2924 3333 2960 :
3364 2905 3494 2975 quis

1919 2999 2023 3053 iste
2051 3007 2133 3054 est
2178 3000 2268 3068 qui
2316 3001 2464 3054 venit
2497 3000 2551 3053 in
2586 2999 2805 3053 nomine
2854 2990 3103 3052 Domini?
3128 2998 3195 3052 At
3222 2999 3340 3053 ille:
3373 2997 3495 3053 Non

1922 3105 2077 3155 meae,
2116 3091 2314 3161 inquit,
2345 3090 2505 3146 hodie
2536 3098 2664 3145 sunt
2694 3089 2924 3145 docendi
2950 3100 3161 3159 partes;
3192 3089 3497 3145 infantibus

241 3198 334 3253 ρον
354 3199 367 3211 ·
395 3182 611 3254 νηπίοις
644 3180 752 3252 γὰρ
782 3180 1082 3252 ἀφιέρωται
1117 3181 1265 3254 παρὰ
1296 3181 1388 3234 τοῦ
1417 3179 1813 3249 καταρτήσαν-

1922 3182 2062 3236 enim
2092 3183 2434 3238 consecravit
2478 3183 2720 3238 scholam
2741 3224 2756 3246 ,
2798 3185 2889 3254 qui
2938 3184 3154 3252 perfecit
3188 3182 3397 3236 laudem
3426 3196 3497 3236 ea:

239 3288 344 3339 τος
378 3273 448 3326 ὲκ
491 3274 792 3342 στόματος
827 3272 1062 3339 νηπίων
1091 3272 1187 3326 καὶ
1218 3271 1592 3341 θηλαζόντων
1619 3267 1811 3336 αἶνον,

238 3363 350 3419 τοῦ
378 3364 712 3419 καταλῦσαι
756 3364 971 3433 ἐχθρὸν
1003 3363 1101 3417 καὶ
1143 3361 1501 3433 ἐκδικητήν’
1533 3365 1681 3427 ὅπως
1721 3362 1814 3416 καὶ

236 3458 329 3514 διὰ
367 3459 463 3513 τοῦ
508 3457 783 3529 θαύματος
827 3456 1030 3511 τούτων
1083 3455 1493 3526 ἐπιστραφῶσι
1544 3454 1815 3524 πατέρων

239 3550 477 3621 καρδίαι
506 3549 602 3603 ἐπὶ
643 3548 840 3614 τέκνα,
877 3549 976 3602 καὶ
1007 3548 1268 3616 ἀπειθεῖς
1297 3549 1369 3602 ἐν
1403 3548 1692 3617 φρονήσει
1731 3546 1816 3599 διμ-

239 3647 449 3702 καίων.
481 3642 680 3713 Λέγετε
724 3646 875 3715 ἡμῖν,
905 3638 950 3697 ὦ
992 3644 1196 3709 παῖδες,
1237 3644 1399 3697 πόθεν
1441 3644 1568 3713 ὑμῖν
1610 3645 1644 3715 ή
1674 3641 1815 3714 καλὴ

240 3735 381 3808 αῦτη
410 3735 505 3788 καὶ
530 3736 782 3806 ἐπίχαρις
811 3734 923 3805 (89)
955 3735 1156 3806 ἅμιλλα
1184 3736 1277 3788 καὶ
1302 3734 1445 3806 didi};
1482 3734 1575 3798 Τίς
1609 3736 1637 3787 ὁ
1666 3734 1814 3788 διδά-

242 3828 377 3893 Eua;
415 3827 509 3890 Τίς
553 3830 581 3881 ὁ
616 3828 869 3896 σοφίσας;
903 3827 998 3892 Τίς
1026 3829 1055 3880 ό
1089 3826 1485 3900 συναθροίσας;
1516 3828 1672 3881 Ποίαι
1696 3827 1813 3880 δέλ-

238 3935 359 3983 τοις
408 3917 564 3980 Τίνες
619 3918 670 3969 oi
722 3916 1094 3986 παιδαγωγοί;
1141 3917 1613 3988 Συγκοινωνήσατε
1662 3918 1811 3988 ήμῖν,

242 4010 401 4079 φασὶ,
436 4010 537 4079 τῆς
568 3999 798 4080 εὐωχίας
822 4009 915 4062 καὶ
961 4009 1246 4080 μελῳδίας,
1283 4010 1379 4063 καὶ
1414 4009 1719 4080 μαθήσεσθε
1746 4009 1816 4063 τὰ

241 4104 452 4173 unum
486 4102 581 4155 καὶ
628 4105 740 4165 τοῖς
780 4101 986 4165 λοιποῖς
1030 4102 1335 4173 προφήταις
1367 4103 1425 4155 ἐν
1476 4102 1811 4173 ἐπιθυμίαις.

256 4196 412 4248 Ἐπεὶ
456 4190 549 4248 οὖν
590 4194 1039 4266 προετράπημεν,
1071 4194 1167 4249 καὶ
1198 4192 1401 4260 δεξιὰς
1432 4196 1561 4265 ἡμῖν
1587 4194 1819 4248 ἔδωκαν

241 4286 295 4340 οἱ
340 4285 529 4349 παῖδες
574 4285 908 4352 κοινωνίας,
956 4282 1138 4355 δεῦρο,
1187 4285 1480 4357 ἀγαπητοὶ,
1519 4285 1613 4338 καὶ
1656 4287 1816 4357 ἡμεῖς

244 4376 579 4450 ζηλώσωμεν
617 4376 718 4448 τὴν
768 4376 1045 4448 θεοπρεπῆ
1093 4377 1329 4449 χορείαν,
1382 4378 1475 4431 καὶ
1526 4379 1661 4448 μετὰ
1709 4377 1817 4430 τῶν

243 4471 560 4529 ἀποστόλων
589 4469 1039 4541 όδοποιήσωμεν
1071 4468 1153 4537 τῷ
1178 4471 1551 4539 ἐπιϐεϐηκότι
1581 4471 1679 4524 ἐπὶ
1713 4469 1819 4523 τὸν

1922 3290 2011 3328 ore
2045 3273 2328 3341 infantium
2375 3282 2426 3327 et
2473 3275 2801 3337 lactentium,
2850 3284 2905 3326 ut
2954 3275 3190 3327 destruat
3220 3268 3495 3326 inimicum

1920 3374 1971 3420 et
1999 3366 2220 3419 ultorem
2242 3366 2287 3398 ‘°
2320 3386 2331 3420 :
2366 3383 2475 3437 quo
2509 3367 2696 3430 etiam,
2734 3366 2964 3422 istorum
2996 3365 3295 3427 miraculo,
3327 3365 3495 3420 corda

1920 3465 2131 3527 patrum
2164 3466 2529 3511 convertantur
2574 3462 2641 3510 ad
2669 3458 2830 3527 ﬁlios,
2869 3466 2918 3510 et
2955 3454 3213 3508 increduli
3257 3455 3326 3507 ad
3359 3471 3491 3524 pru-

1922 3548 2154 3603 dentiam
2160 3549 2428 3619 justorum
2443 3550 2508 3603 δι.
2528 3547 2718 3609 Nobis,
2736 3547 2912 3618 pueri,
2935 3547 3149 3609 edicite,
3175 3546 3317 3600 unde
3337 3546 3498 3609 vobis

1921 3641 2208 3711 pulchrum
2251 3641 2354 3694 hoc
2395 3640 2805 3711 gratiosumque
2839 3644 3111 3692 certamen
3144 3644 3196 3690 et
3237 3634 3496 3689 carmen?

1922 3730 2056 3798 Quis
2082 3731 2302 3786 docuit?
2344 3732 2469 3801 quis
2506 3728 2774 3784 erudivit?
2801 3727 2925 3798 quis
2954 3726 3334 3796 congregavit?
3371 3738 3499 3798 quae

1923 3823 2154 3878 tabulae?
2181 3823 2271 3893 qui
2309 3822 2710 3891 luditnagistri?
2737 3818 2869 3880 Vos,
2915 3819 3188 3889 inquiunt,
3230 3817 3493 3887 voluptati

1923 3921 2126 3969 nostrae
2153 3912 2499 3981 canticoque,
2528 3925 2637 3964 una
2665 3909 2909 3963 accedite
2944 3909 3100 3973 socii,
3119 3923 3290 3977 caque
3316 3908 3496 3962 disce-

1923 4005 2015 4070 tis,
2050 4020 2171 4076 quaa
2206 4003 2375 4075 Moysi
2405 4019 2469 4057 ac
2504 4002 2789 4074 prophetis
2823 4001 3047 4071 reliquis
3083 4001 3300 4055 fuerunt
3322 3998 3376 4053 in
3400 3999 3495 4052 de-

1923 4096 2124 4153 siderio
2152 4095 2218 4150 ί’.
2251 4094 2386 4161 Quia
2416 4110 2517 4148 nos
2546 4110 2676 4164 ergo
2728 4094 2880 4164 pueri
2913 4093 3233 4155 invitarunt,
3270 4105 3333 4143 ac
3366 4089 3497 4144 dea:-

1902 4199 2065 4255 _teras
2119 4186 2371 4242 dederunt
2405 4187 2668 4240 societatis
2697 4185 2767 4250 ⁸³,
2799 4185 3006 4250 adeste,
3043 4182 3247 4244 dilecti,
3275 4181 3470 4236 mmule

1924 4299 2048 4337 mur
2074 4290 2127 4337 et
2156 4280 2260 4351 ipsi
2286 4287 2574 4349 augustum
2607 4279 2741 4333 illud
2765 4277 3083 4347 tripudium,
3117 4292 3181 4330 ac
3210 4290 3333 4330 cum
3362 4289 3469 4343 apo

1926 4375 2103 4440 stolis,
2139 4374 2239 4428 iter
2279 4374 2327 4426 ei
2360 4373 2654 4441 faciamus,
2690 4372 2778 4442 qui
2821 4368 3055 4424 ascendit
3109 4383 3265 4436 super
3310 4369 3496 4422 caelum

1926 4466 2060 4530 cadi,
2093 4464 2162 4518 ad
2195 4464 2460 4519 Orientem
2504 4463 2571 4528 ⁸⁵,
2615 4467 2817 4534 quique
2857 4478 2956 4533 pro
2987 4461 3127 4515 bona
3162 4475 3260 4514 sua
3297 4460 3493 4513 volun-

245 4561 510 4633 οὐρανὸν
532 4561 639 4616 τοῦ
667 4562 925 4629 οὐρανοῦ
948 4562 1076 4616 κατ’
1104 4560 1422 4629 ἀνατολὰς,
1455 4562 1548 4616 καὶ⁴
1573 4562 1665 4614 ἐπὶ
1699 4562 1813 4613 ὑπο

1929 4565 2059 4623 tate,
2095 4557 2366 4626 subjugali
2394 4558 2446 4610 in
2479 4564 2623 4611 terra
2661 4555 2879 4610 vehitur
2905 4552 2972 4607 “.
3007 4552 3285 4607 Tollantus
3313 4565 3494 4606 ramos

246 4656 457 4724 ζύγιον,
502 4655 578 4719 ὡς
631 4653 948 4725 ηὐδόκησεν,
1004 4654 1353 4725 ὲποχουμένῳ
1401 4654 1496 4707 ἐπὶ
1543 4652 1644 4723 τῆς
1693 4653 1814 4722 γῆς.

245 4749 403 4805 Μετὰ
443 4747 550 4801 τῶν
597 4747 806 4819 νηπίων
847 4745 1014 4818 κλάδη
1054 4746 1296 4817 ἄρωμεν,
1341 4744 1578 4807 καὶτοῖς
1611 4742 1820 4805 θαλλοῖς

245 4842 626 4913 κρατήσωμεν,
650 4841 795 4903 ὅπως
826 4837 1127 4909 ἐπιπνεύσῃ
1161 4839 1256 4892 καὶ
1280 4839 1409 4908 ἡμῖν
1431 4838 1489 4890 τὸ
1513 4835 1735 4906 Πνεῦμα
1758 4835 1820 4887 τὸ

248 4934 424 5001 ἅγιον,
465 4934 562 4986 καὶ
598 4931 696 5002 τὴν
726 4930 1059 4984 θεοδίδακτον
1102 4929 1499 5000 ἀναμέλψωμεν
1542 4929 1820 4990 εὐτάκτως

245 5020 393 5095 ᾠδήν
414 5039 428 5053 ·
459 5021 882 5091 Εὐλογημένος
913 5023 947 5074 ό
974 5020 1298 5089 ἐρχόμενος
1330 5020 1400 5073 ἐν
1431 5021 1674 5088 ὀνόματι
1706 5022 1821 5072 Κυ-

238 5115 401 5184 ρίου,
430 5113 673 5168 ὠσαννὰ
696 5113 766 5166 ἐν
794 5111 916 5177 τοῖς
944 5111 1244 5178 ὑψίστοις.
1274 5111 1519 5182 Σήμερον
1549 5110 1643 5163 καὶ
1665 5111 1692 5163 ὁ
1718 5126 1822 5161 πα-

242 5205 514 5279 τριάρχης
559 5203 749 5258 Ἰακὼό
791 5205 848 5256 ὲν
906 5201 1172 5271 πνεύματι
1218 5202 1485 5272 ἑορτάζει,
1537 5200 1677 5272 ὁρῶν
1721 5199 1820 5271 τὴν

246 5298 585 5370 προφητείαν
622 5294 787 5349 αὐτοῦ
826 5297 906 5358 είς
943 5294 1101 5367 ἔργον
1136 5293 1391 5364 ἀχθεῖσαν
1411 5298 1429 5322 ·’
1470 5292 1565 5345 καὶ
1610 5292 1700 5344 τὸν
1729 5291 1817 5343 δε-

1926 4663 2050 4702 cum
2091 4649 2296 4717 pueris,
2337 4647 2765 4717 plaudamusque
2813 4644 2979 4698 ramis
3014 4643 3310 4705 olivarum,
3348 4649 3406 4696 ut
3437 4648 3498 4695 ct

1925 4756 2026 4796 nos
2064 4738 2302 4810 Spiritus
2333 4749 2558 4795 sanctus
2594 4737 2879 4801 amaverit,
2917 4734 3289 4804 divinitusque
3322 4734 3501 4803 inspi—

1925 4842 2103 4886 ratum
2137 4834 2410 4887 canticum
2446 4831 2746 4901 composite
2770 4828 3150 4883 modulemur:
3183 4826 3503 4883 Benedictus

1923 4925 2013 4994 qui
2044 4927 2177 4978 venit
2200 4927 2253 4978 in
2277 4925 2484 4978 nomine
2509 4922 2739 4984 Domini,
2767 4920 3024 4975 Hosanna
3046 4921 3102 4973 in
3130 4918 3404 4973 altissimis
3424 4919 3494 4974 “.

1927 5015 2031 5071 Sed
2056 5025 2109 5070 ct
2137 5016 2444 5086 patriarcha
2469 5013 2638 5069 Jacob
2664 5012 2823 5067 hodie
2851 5013 2905 5066 in
2925 5013 3115 5082 spiritu
3142 5010 3339 5064 festum
3361 5011 3493 5079 agit,

1918 5110 2008 5177 qui
2066 5109 2401 5178 prophetiam
2455 5122 2609 5161 suam
2663 5106 2718 5159 in
2768 5120 2904 5174 opus
2936 5104 3223 5158 deductam
3278 5102 3491 5168 videat,

1917 5214 2169 5267 eumque,
2195 5198 2288 5267 qui
2320 5197 2524 5265 pullum
2556 5210 2717 5250 suum
2751 5195 2940 5264 alligat
2976 5192 3043 5247 ad
3078 5194 3240 5247 vilem
3261 5192 3328 5257 ⁸⁷,
3353 5205 3497 5245 novo

1917 5289 2231 5360 impositum
2276 5288 2455 5358 pullo,
2507 5301 2572 5340 ac
2613 5285 2851 5341 ﬁdelium
2883 5286 3069 5339 socius
3137 5283 3353 5338 Patrem
3397 5279 3498 5337 ad-

319 5452 367 5486 ⁸³
397 5450 551 5505 Psal.
588 5467 699 5513 LXI,
739 5451 793 5506 9.
867 5450 915 5483 ⁸⁸
943 5449 1094 5504 Psal.
1123 5464 1289 5509 cxvii,
1322 5448 1424 5515 26;
1462 5446 1655 5502 Matth.
1685 5463 1798 5510 XXI,

1922 5443 2196 5515 uanum,
2233 5442 2300 5510 9;
2332 5441 2469 5515 Luc.
2492 5422 2747 5515 vitae;
2783 5438 2947 5515 Joan.
2976 5454 3078 5499 xu.
3098 5438 3190 5515 is.
3261 5438 3310 5515 ff
3341 5435 3474 5515 (ξονι.

242 5539 424 5581 xxv",
457 5521 551 5576 29.
625 5522 670 5553 ³⁸
700 5520 850 5576 Psal.
896 5536 1121 5579 CXLVIII,
1174 5521 1262 5578 ll.
1297 5519 1383 5573 1‘2.
1459 5519 1503 5549 ⁸⁷
1537 5517 1710 5572 Exod.
1763 5531 1852 5575 xv,
1887 5519 1936 5569 i.

532 5592 577 5623 “
615 5589 850 5646 Malach.
886 5608 961 5656 tv,
988 5591 1054 5655 6;
1080 5589 1207 5643 Luc.
1237 5605 1275 5652 ι,
1312 5590 1399 5644 l7.
1474 5589 1520 5621 "
1553 5589 1681 5644 Luc.
1713 5586 1813 5656 ιβ

1959 5586 2003 5618 ⁸³
2029 5583 2208 5639 Galat.
2236 5579 2303 5647 ιι,
2341 5584 2393 5638 9.
2482 5581 2529 5613 “
2563 5580 2713 5638 Psal.
2735 5595 2904 5644 vazt,
2936 5581 2991 5647 5,
3022 5579 3112 5634 54.

246 5609 371 5658 vm,
401 5594 454 5647 3.
532 5594 577 5623 “
615 5594 850 5646 Malaclt.
886 5608 961 5656 tv,
988 5594 1054 5655 6;
1080 5594 1207 5643 Luc.
1237 5605 1275 5652 ι,
1312 5594 1391 5644 17.

247 5674 367 5727 ιιι,
397 5664 449 5717 5.
526 5661 572 5694 ⁸⁸
595 5661 727 5717 ibid.
758 5663 811 5717 9.
886 5660 932 5693 ⁸⁷
962 5660 1090 5715 Gen.
1130 5676 1277 5725 ηις,
1304 5661 1391 5714 ll).

321 5780 433 5852 (88)
459 5779 627 5837 Καθὰ
653 5778 839 5836 πάλαι
870 5778 945 5835 Μ.
980 5778 1082 5847 ΑΙ..
1112 5778 1361 5849 καθάπερ
1388 5778 1465 5833 Μ.

2014 5516 2059 5546 ³⁸
2090 5514 2127 5566 ll
2161 5505 2298 5581 Reg.
2338 5529 2414 5575 vr,
2453 5512 2539 5566 14.
2595 5505 2660 5542 ⁷³³
2692 5509 2841 5564 Psal.
2877 5524 3047 5568 cxvu.
3092 5508 3183 5563 26.
3258 5508 3306 5540 ⁸⁸
3342 5505 3499 5567 Psal.

2029 5583 2208 5632 Calai.
2244 5600 2303 5632 ιι.
2341 5584 2393 5632 9.
2482 5581 2529 5613 ⁸⁸
2563 5580 2713 5632 Psal.
2736 5595 2904 5632 vazt.
2936 5581 2991 5632 5.
3022 5579 3112 5632 54.
3214 5579 3260 5611 ⁵⁸
3292 5576 3491 5632 Matth.

1995 5775 2110 5847 (89)
2142 5773 2395 5844 Καλὴ...
2423 5771 2715 5843 ἐπίχαρις.
2754 5768 2863 5837 ΑΙ.,
2893 5767 3140 5841 καινή...
3169 5761 3493 5838 περιχαρής.
