3862 6158
396 224 507 285 337

1400 216 1459 273 S.
1501 214 1833 272 ΜΕΤΗοοη
1874 212 2184 272 EPISCOPI
2218 212 2308 269 ΕΤ
2345 211 2711 271 MARTYRIS

3546 226 3643 286 588

391 347 535 397 orat.
572 338 745 395 Hodie
774 344 994 409 aptatur
1020 335 1226 407 pullus,
1262 333 1505 404 gentium
1537 333 1815 403 quondam
1841 333 1976 387 irra-

2085 330 2355 403 σμεύοντα
2388 330 2525 403 πρὸς
2551 330 2797 402 ἄμπελον
2825 330 2915 385 τὸν
2961 331 3138 385 πῶλον
3172 331 3337 386 αὑτοῦ
3377 334 3502 410 (90),
3540 342 3641 396 ὲπι-

393 433 706 495 tionalium,
733 430 1049 485 irrationale
1077 426 1375 496 exemplar,
1421 425 1487 479 ad
1520 426 1702 496 p0puli
1748 441 1815 480 ex
1853 440 1976 493 gen-

2088 423 2361 494 6ε6ηκότα
2417 421 2512 476 ἐπὶ
2560 423 2738 477 πῶλον
2787 421 2929 486 νέον,
2971 423 3064 475 καὶ
3114 423 3250 492 μετὰ
3300 424 3410 479 τῶν
3457 431 3642 487 πιστῶν

391 527 541 582 tibus
615 523 1029 595 signiﬁcandam
1078 519 1470 587 subiectionem
1521 536 1538 570 :
1590 517 1983 587 declarantque

391 618 545 688 pueri
583 618 816 686 primam
851 616 1109 674 illorum,
1145 611 1290 681 quod
1325 610 1393 663 ad
1438 608 1533 664 Dei
1572 609 1824 663 notitiam
1856 624 1980 678 spe-

391 717 535 771 ctat,
568 707 895 779 pueritiam;
951 712 1303 772 secutamque
1348 700 1697 771 postmodum
1791 700 1847 755 in
1884 698 1982 755 Dei

393 802 546 855 cultu
593 815 659 855 ac
686 814 814 854 vera
866 797 1125 866 religione
1154 795 1576 851 absolutionem.
1612 792 1788 849 Hodie
1817 793 1979 862 juxta

391 888 724 962 Prophetam
757 890 825 953 ⁸³,
859 888 1046 959 gloria:
1084 884 1197 941 Rex
1228 885 1485 939 laudatur
1517 885 1575 939 in
1614 893 1781 950 terra,
1812 885 1981 940 cmle-

390 984 603 1052 stisque
631 982 777 1051 epuli
824 992 879 1036 et
906 979 1102 1034 laetitia:
1132 993 1236 1032 una
1276 977 1457 1032 socios
1485 977 1788 1049 terrigenas
1819 977 1974 1043 facit,

389 1089 502 1145 quo
543 1089 603 1129 se
649 1079 1007 1140 utrorumque
1057 1069 1348 1123 Dominum
1409 1068 1621 1137 probet,
1686 1069 1832 1123 velut
1879 1070 1975 1139 qui

391 1164 781 1220 communibus
816 1163 1077 1232 utrinque
1120 1163 1346 1218 vocibus
1391 1160 1733 1217 decantctur.
1771 1161 1980 1217 idcirco

386 1256 615 1327 superni
648 1256 726 1310 illi
747 1257 1097 1311 terrestrium
1130 1255 1368 1311 salutem
1393 1254 1804 1315 annuntiantes.
1833 1254 1981 1325 psal-

388 1347 576 1404 labant
597 1348 642 1380 δ’
676 1366 688 1401 :
720 1346 986 1409 Sanctus,
1024 1355 1263 1408 sanctus,
1300 1354 1547 1411 sanctus,
1589 1343 1845 1398 Dominus
1878 1343 1981 1398 Sa-

388 1431 567 1487 baoth.
595 1433 760 1487 Plena
792 1434 964 1487 omnis
991 1442 1131 1487 terra
1162 1433 1333 1503 gloria
1364 1434 1477 1501 ejus
1502 1449 1519 1486 :
1553 1432 1767 1487 inferno
1796 1438 1979 1486 autem

386 1525 577 1597 positi,
613 1527 889 1580 communi
936 1533 993 1581 et
1029 1527 1131 1595 ipsi
1185 1534 1457 1581 conventu
1491 1525 1796 1580 cmlcstium
1844 1523 1980 1577 laeti-

386 1616 521 1671 tiam
554 1616 921 1680 celebrantes,
969 1618 1280 1671 clamabant
1310 1632 1324 1668 ε
1376 1616 1632 1671 "osanna
1672 1615 1750 1687 [in
1778 1615 1981 1669 altissi-

2085 518 2383 586 προσκυνεῖ
2413 514 2490 586 τῷ
2533 514 2728 585 Πατρί.
2782 516 3030 587 Σήμερον
3082 514 3258 579 πῶλος
3302 517 3640 588 έτοιμάζεται,

2083 604 2145 658 τὸ
2177 604 2282 657 τῶν
2315 605 2614 673 ἀλογίστων
2648 604 2817 658 ἐθνῶν
2847 604 2907 657 τὸ
2935 605 3063 676 πρὶν
3094 605 3375 673 ἀλόγιστον
3400 606 3640 678 ὲξεμϐλά-

2086 713 2200 767 ριον
2234 696 2366 768 (91),
2400 699 2479 760 εἰς
2510 694 2771 762 ἐπίδειξιν
2804 695 3083 765 ὑποταγῆς
3109 695 3203 748 τοῦ
3229 694 3288 760 ὲξ
3312 696 3473 750 έθνῶν
3493 698 3641 751 λαοῦ⁹

2084 790 2177 842 καὶ
2203 791 2373 860 νήπια
2395 788 2803 861 καταμηνύουσι
2826 789 2924 860 τὴν
2949 789 3153 842 τούτων
3176 789 3310 860 πρὸς
3340 789 3642 859 θεογνωσίαν

2083 883 2405 954 νηπιότητα,
2433 883 2528 937 καὶ
2558 882 2657 953 τὴν
2687 881 2828 951 μετὰ
2857 881 3031 936 ταῦτα
3072 883 3208 955 πρὸς
3239 883 3536 937 θεοσέϐειαν
3572 901 3648 938 τε-

2084 975 2353 1045 λειότητα.
2386 977 2631 1047 Σήμερον
2656 978 2685 1029 ό
2717 974 2970 1046 βασιλεὺς
2994 976 3093 1046 τῆς
3121 975 3277 1047 δόξης
3303 976 3395 1029 ἐπὶ
3415 976 3512 1046 γῆς
3533 993 3647 1050 προ-

2085 1066 2331 1138 φητικῶς
2364 1065 2668 1132 δοξάζεται,
2715 1068 2811 1121 καὶ
2854 1067 3252 1136 συγκοινωνοὺς
3295 1067 3392 1139 τῆς
3435 1069 3649 1140 ἐπουρα-

2082 1159 2197 1212 νίου
2230 1159 2493 1230 εὐωχείας
2524 1161 2649 1223 τοὺς
2675 1160 2927 1229 γηγενεῖς
2960 1156 3353 1223 ἀναδείκνυσιν,
3382 1158 3464 1233 ἵνα
3490 1158 3643 1233 δείξῃ,

2081 1252 2165 1305 ὅτι
2217 1252 2379 1316 αὐτός
2415 1254 2532 1305 ἐστι
2574 1251 2781 1322 Κύριος
2815 1250 3159 1321 ἀμφοτέρων,
3212 1250 3288 1314 ὡς
3329 1250 3650 1324 ἑκατέρωθεν

2086 1342 2394 1414 συμφώνως
2422 1341 2851 1414 ἁνυμνοὸμενος.
2886 1339 3169 1419 Διὰθτοῦτο
3197 1342 3246 1393 οἱ
3270 1340 3366 1412 μὲν
3396 1341 3502 1395 ἄνω
3549 1338 3654 1411 (92)

2084 1434 2182 1506 τὴν
2237 1434 2331 1489 ἐπὶ
2384 1436 2486 1507 γῆς
2551 1435 2826 1506 σωτηρίαν
2887 1432 3332 1505 καταμηνύοντες
3390 1432 3606 1503 ἔψαλλον
3635 1450 3650 1465 ο

2085 1526 2311 1595 Ἄγιος,
2373 1526 2572 1595 ἅγιος,
2616 1524 2784 1594 ἅγιος
2833 1525 3046 1592 Κύριος
3103 1523 3365 1578 Σαϐαὼθ.
3422 1521 3654 1592 Πλήρης

2084 1618 2255 1674 πᾶσα
2280 1621 2318 1688 ή
2349 1618 2427 1688 γῆ
2457 1618 2568 1687 τῆς
2596 1618 2782 1685 δόξης
2810 1614 2999 1670 αὑτοῦ
3019 1633 3031 1645 ·
3065 1616 3114 1668 οἱ
3149 1615 3204 1669 δὲ
3232 1614 3385 1669 κάτω
3415 1619 3478 1687 τῇ
3506 1617 3658 1669 ἐπου-

389 1708 490 1761 mis
520 1723 538 1761 :
572 1705 853 1777 Hosanna]
885 1706 1030 1762 Filio
1061 1707 1254 1762 Dauid.
1297 1707 1473 1778 Atque
1503 1707 1712 1776 priores
1760 1705 1976 1776 quidem

2089 1710 2260 1782 ρανίῳ
2341 1710 2647 1782 εὐφροσύνῃ
2730 1705 3306 1779 συμπανηγυρῑζοντες
3378 1704 3600 1778 ἔκραζον
3634 1722 3651 1738 ο

388 1799 448 1854 in
477 1798 595 1853 haec
630 1799 796 1854 verba
830 1800 1130 1853 laudabant
1168 1819 1181 1853 :
1224 1798 1509 1852 Benedicta
1553 1796 1727 1867 gloria
1769 1794 1979 1849 Domini

387 1889 455 1946 de
492 1891 606 1945 Loco
638 1907 734 1945 suo
766 1891 834 1945 ⁸⁰.
864 1892 959 1947 Isti
991 1897 1173 1946 autem
1209 1889 1421 1963 [Deum
1454 1890 1818 1948 celebrantes.
1843 1886 1862 1959 J
1890 1886 1979 1940 di-

388 1982 589 2037 cebant
619 2000 634 2036 :
665 1980 982 2038 Benedictus
1026 1983 1118 2053 qui
1148 1983 1287 2036 venit
1332 1983 1389 2036 in
1419 1984 1629 2036 nomine
1661 1980 1875 2034 Domini
1908 1980 1979 2034 “.

462 2255 550 2312 Ill.
591 2256 727 2312 Cum
759 2266 939 2311 autem
1003 2256 1121 2312 haec
1156 2263 1548 2328 peragerentur
1572 2296 1586 2321 ,
1630 2253 1980 2327 discipulique

388 2348 676 2419 gaudentes
700 2346 981 2401 laudarent
1004 2362 1157 2416 super
1182 2348 1423 2402 omnibus
1447 2363 1578 2418 quas
1611 2345 1849 2399 viderant
1875 2348 1980 2400 uir-

390 2440 626 2506 tutibus,
683 2457 746 2494 ac
791 2439 1023 2494 dicerent
1060 2453 1077 2490 :
1128 2422 1441 2493 Benedictus
1490 2438 1580 2507 qui
1618 2437 1752 2491 venit
1782 2452 1874 2491 rea:
1922 2437 1979 2491 in

387 2534 598 2587 nomine
623 2531 835 2585 Domini
864 2547 883 2584 ι
902 2546 1015 2600 pax
1052 2532 1105 2584 in
1141 2533 1291 2594 cwlo,
1318 2543 1360 2585 et
1390 2530 1560 2601 gloria
1588 2530 1642 2583 in
1663 2530 1883 2584 excelsis
1905 2531 1979 2593 δ’,

387 2622 557 2692 coepit
605 2621 799 2676 civitas
846 2622 1204 2690 interrogare,
1257 2620 1482 2675 dicens:
1516 2618 1644 2684 Quis
1677 2629 1754 2673 est
1785 2620 1866 2672 hic
1888 2620 1980 2675 "‘i

390 2712 706 2768 induratum
742 2718 1090 2781 veteremque
1140 2710 1431 2765 adversum
1483 2708 1698 2763 Domini
1744 2710 1976 2779 gloriam

387 2801 623 2856 livorem
667 2800 933 2855 excitans.
981 2799 1064 2852 'l‘u
1109 2810 1290 2854 autem
1323 2814 1447 2852 cum
1489 2798 1649 2853 audis
1674 2799 1974 2864 civitatem,

386 2900 627 2949 veterem
701 2890 1003 2963 Synagoga:
1070 2890 1491 2960 incompositam
1566 2890 1974 2945 multitudinem

390 2997 648 3053 agnosce.
682 2979 1024 3052 lnterrogant
1056 2980 1257 3051 ingrati
1305 2981 1669 3050 malignique,
1725 2980 1858 3046 Quis
1896 2988 1975 3035 est

389 3080 513 3137 hic?
561 3079 721 3149 quasi
766 3077 1004 3133 necdum
1049 3075 1375 3130 beneﬁcium
1426 3075 1710 3137 vidissent,
1747 3054 2048 3146 eumquec

387 3185 552 3243 quem
581 3170 804 3225 homine
831 3170 1040 3239 majora
1060 3208 1075 3233 ,
1115 3166 1299 3221 divina
1343 3165 1630 3231 miracula,
1663 3166 1980 3222 celebratis-

389 3263 589 3318 simum
645 3260 927 3315 fecissent.
984 3256 1108 3311 Non
1177 3258 1317 3311 enim
1381 3261 1605 3312 tenebra’
1643 3257 1980 3327 comprehen-

389 3350 579 3407 derunt
625 3350 761 3419 quod
809 3349 946 3404 luxit
990 3349 1044 3402 in
1090 3349 1218 3418 ipsis
1260 3348 1434 3401 lumen
1480 3348 1559 3412 “,
1596 3363 1829 3403 occasus
1879 3365 1979 3404 ne-

390 3444 590 3499 scium.
626 3442 994 3508 Quamobrem
1022 3440 1268 3510 apposite
1291 3440 1355 3493 ad
1390 3440 1513 3494 illos
1540 3440 1791 3494 clamavit
1810 3437 1979 3497 Isaias

388 3534 653 3606 prdpheta
701 3530 893 3587 dicens
937 3550 950 3585 :
987 3530 1176 3591 Surdi.
1211 3528 1409 3593 audite,
1460 3541 1508 3582 et
1535 3537 1690 3591 ca’ci,
1734 3530 1980 3598 suspicite

388 3635 447 3676 ut
475 3621 717 3677 videatis.
752 3618 821 3673 Et
872 3620 989 3689 quis
1029 3628 1107 3673 est
1160 3635 1328 3671 circus
1365 3616 1508 3690 [nisi
1563 3619 1712 3687 pueri
1745 3619 1846 3671 mei
1877 3635 1895 3673 :
1928 3627 1980 3672 et

388 3713 586 3785 surdi],
621 3713 724 3765 nisi
751 3712 841 3783 qui
869 3710 1214 3764 dominantur
1239 3711 1457 3765 eorum?
1489 3708 1557 3762 Et
1591 3709 1726 3763 servi
1760 3708 1854 3763 Dei
1884 3708 1979 3762 ob-

389 3804 575 3857 caecati
606 3810 750 3856 sunt.
792 3801 1012 3855 Vidistis
1045 3816 1201 3869 stupe,
1234 3810 1284 3852 et
1309 3816 1414 3853 non
1445 3798 1753 3853 custodistis
1781 3813 1800 3851 :
1826 3815 1981 3867 aper-

390 3904 460 3951 ιω
498 3902 622 3948 sunt
661 3908 843 3956 aures,
901 3900 951 3946 et
980 3908 1098 3959 ,non
1132 3891 1360 3945 audistis
1389 3891 1457 3943 ⁸⁵.
1493 3889 1724 3955 Videtis,
1770 3888 1976 3955 dilecti,

389 4001 555 4057 quam
580 3985 652 4040 sit
677 3992 973 4039 accuratus
1001 4000 1217 4054 sermo;
1245 3993 1304 4040 ut
1325 3986 1542 4041 divinus
1569 3985 1826 4057 Spiritus,
1855 3999 1978 4055 quae

391 4078 919 4136 suaestl‘uturorum
947 4078 1238 4148 inspectio,
1273 4095 1371 4150 per
1402 4089 1622 4135 sanctos
1652 4093 1803 4143 suos,
1830 4078 1979 4132 velut

390 4169 684 4241 praesentia
709 4176 918 4232 essent,
959 4168 1144 4224 futura
1172 4169 1569 4241 praedicaverit.
1601 4168 1872 4224 Viderunt
1900 4168 1981 4225 si-

387 4260 611 4331 quidem
654 4260 878 4331 ingrati,
923 4260 1323 4331 palparuntque
1363 4276 1428 4315 ex
1466 4260 1771 4326 miraculis,
1808 4260 1976 4314 mira-

387 4353 640 4410 culorum
670 4359 1007 4424 patratorem
1051 4351 1253 4418 Deum,
1288 4368 1352 4407 ac
1396 4353 1753 4409 nihilominus
1799 4352 1854 4406 in
1890 4353 1974 4407 in-

2094 1802 2352 1856 Ὡσαννὰ
2376 1800 2468 1873 [ἐν
2506 1802 2630 1868 τοῖς
2657 1802 2973 1871 ὑψίστοις·
3008 1798 3278 1871 ὠσαννὰ]
3308 1797 3388 1864 τῷ
3416 1799 3521 1865 υίῷ
3557 1801 3659 1853 Δα-

2082 1895 2198 1948 δίδ.
2240 1894 2353 1948 Καὶ
2394 1895 2446 1947 οἱ
2483 1894 2581 1966 μὲν
2629 1893 2741 1948 ἄνω
2774 1891 3143 1961 ὲδοξολόγουν·
3186 1888 3572 1961 Εὐλογημένη
3617 1889 3654 1957 ἠ

2080 1986 2234 2052 δόξα
2279 1987 2505 2056 Κυρίου
2551 1987 2620 2040 ἐκ
2665 1986 2771 2040 τοῦ
2818 1987 3007 2039 τόπου
3055 1982 3274 2038 αὐτοῦ’
3324 1983 3375 2036 οἱ
3418 1983 3476 2037 δὲ
3514 1982 3658 2036 natm

2083 2075 2436 2149 [ἐθεολόγουν
2458 2076 2476 2149 ]
2497 2092 2514 2107 ⁸
2557 2076 2985 2148 Εὐλογημένος
3016 2080 3048 2131 ὁ
3076 2077 3400 2146 ἐρχόμενος
3431 2074 3499 2127 ἐν
3527 2073 3659 2127 ὀνό-

2077 2188 2223 2242 ματι
2252 2171 2498 2239 Κυρίου.

2150 2262 2225 2314 Γ’.
2259 2260 2475 2315 Τούτων
2504 2260 2561 2314 δὲ
2598 2260 2770 2325 οὕτως
2798 2258 3155 2329 τελουμένων,
3191 2256 3300 2311 Καὶ
3335 2254 3456 2308 τῶν
3482 2254 3659 2323 μαθη-

2079 2352 2198 2404 τῶν
2244 2344 2618 2421 χορευόντων
2657 2350 2791 2419 περὶ
2843 2349 3086 2404 πάντων
3130 2342 3219 2401 ὧν
3259 2343 3426 2401 εἶδον
3483 2340 3661 2396 δον-ἀι·

2076 2460 2256 2514 μεων,
2299 2442 2399 2496 καὶ
2440 2445 2762 2511 λεγόντων,
2808 2439 3232 2512 Εὐλογημένος
3277 2441 3309 2492 ό
3346 2437 3664 2506 ἐρχόμενος

2082 2531 2423 2606 [βασιλεὺς]
2450 2532 2520 2585 ἐν
2544 2533 2785 2601 ὀνόματι
2807 2531 3027 2600 Κυρίου
3047 2547 3062 2561 ⁸
3090 2530 3159 2583 ἐν
3181 2527 3417 2597 οὐρανῷ
3439 2524 3661 2595 ειρήνη.

2079 2624 2177 2678 καὶ
2222 2622 2373 2687 δόξα
2405 2623 2476 2676 ἐν
2518 2622 2839 2690 ὑψίστοιςο
2886 2622 2920 2692 ή
2967 2620 3121 2683 πόλις
3162 2617 3395 2672 ἐπύθετο
3432 2615 3544 2688 (95)
3582 2612 3666 2666 λέ-

2079 2731 2278 2786 γουσαο
2311 2715 2408 2781 Τίς
2432 2715 2603 2767 ἐστιν·
2623 2710 2802 2780 οὗτος
2823 2730 2842 2778 ;
2873 2712 3281 2785 πεπωρωμένον
3308 2710 3507 2781 φθόνον
3528 2704 3665 2761 κατὰ

2078 2806 2177 2877 τῆς
2210 2804 2305 2858 τοῦ
2340 2806 2614 2858 Δεσπότου
2657 2804 2814 2875 δόξης
2842 2805 3088 2859 κινοῦσα.
3130 2803 3294 2857 Πόλιν
3327 2802 3387 2857 δὲ
3432 2799 3665 2866 ἀκούων,

2076 2894 2175 2966 τὴν
2202 2894 2435 2948 παλαιὰν
2471 2895 2572 2965 τῆς
2607 2890 2934 2963 Συναγωγῆς
2973 2894 3205 2948 ἄτακτον
3246 2890 3461 2964 πληθὺν
3489 2887 3665 2958 ἐπιγί-

2078 3004 2275 3041 νωσκε.
2321 2986 2661 3060 Διερωτῶσιν
2688 2988 2738 3041 οἱ
2766 2985 3100 3059 ἀγνώμονες,
3131 2987 3227 3053 Τίς
3249 2986 3429 3040 ἐστιν
3457 2979 3665 3049 οὗτοςῖ

2081 3079 2157 3143 ὡς
2204 3080 2371 3150 μήπω
2401 3078 2710 3151 ἑωρακότες
2747 3078 2838 3132 τὸν
2881 3079 3173 3150 εὐεργέτην
3217 3078 3314 3132 καὶ¹
3347 3075 3667 3149 περιϐόητον

2079 3174 2192 3235 τοῖς
2239 3171 2566 3244 θεοπρεπέσι
2618 3170 2912 3242 θαύμασιν.
2956 3173 3038 3226 Οὐ
3084 3170 3196 3241 γὰρ
3246 3169 3582 3223 κατέλαϐεν
3626 3165 3667 3233 ἠ

2081 3265 2296 3317 σκοτία
2319 3265 2385 3317 τὸ
2411 3263 2481 3317 ἐν
2511 3261 2667 3332 αὐτῇ
2689 3261 3041 3333 ἐπιλάμψαν
3071 3262 3294 3316 ἄδυτον
3320 3260 3470 3330 φῶς.
3508 3255 3667 3310 Ὅθεν

2080 3355 2384 3421 εὐθυὸόλως
2418 3356 2554 3429 πρὸς
2582 3357 2778 3420 αὐτοὺς
2818 3355 3198 3428 ἀνακέκραγεν
3225 3354 3339 3426 (94)
3377 3351 3612 3413 Ἡσαΐας
3641 3346 3670 3401 ὁ

2081 3449 2366 3520 προφήτης
2404 3448 2578 3517 λέγων
2600 3465 2616 3478 ο
2656 3451 2719 3502 Οἱ
2766 3446 2950 3517 κωφοὶ
2983 3448 3305 3508 ἀκούσατε,
3353 3444 3457 3501 καὶ
3491 3445 3544 3497 οἱ
3574 3456 3671 3493 τυ-

2078 3539 2221 3609 φλοὶ
2250 3539 2632 3608 ἁναϐλέψατε
2654 3539 2822 3593 ἰδεῖν.
2855 3539 2962 3593 Kal
3006 3539 3099 3604 τίς
3128 3535 3380 3606 τυφλῦς,
3424 3534 3588 3607 [ἀλλ’
3619 3532 3672 3585 οἱ

2078 3626 2290 3694 παῖδές
2328 3646 2449 3697 μου
2473 3646 2486 3659 ⁸
2523 3628 2623 3682 καὶ
2656 3628 2866 3701 κωφοὶ]
2912 3630 3051 3684 ἀλλ’
3079 3629 3118 3697 ἢ
3151 3629 3540 3696 κυριεύοντες
3563 3624 3670 3677 αὑ-

2078 3719 2235 3783 τῶν;
2262 3721 2371 3774 Καὶ
2399 3719 2837 3791 ἑτυφλώθησαν
2862 3724 2916 3775 oi
2939 3720 3145 3774 δοῦλοι
3163 3718 3272 3773 τοῦ
3302 3718 3476 3773 Θεοῦ.
3508 3713 3673 3771 Εἶδε-

2078 3828 2144 3865 τε
2179 3811 2498 3879 πολλάκις,
2548 3813 2648 3867 καὶ
2687 3815 2796 3868 οὐκ
2843 3811 3231 3882 ἐφυῖλάξασθε
3253 3828 3266 3841 ·
3317 3806 3669 3880 ἠνεῳῃιένα

2075 3903 2151 3958 τὰ
2173 3899 2313 3972 ὦτα,
2332 3904 2430 3959 καὶ
2456 3907 2569 3959 οὐκ
2595 3905 2916 3974 ἠκούσατε.
2946 3904 3159 3976 Ὁρᾶτε,
3186 3900 3495 3975 ἀγαπητοὶ,
3520 3898 3675 3970 ἀκρε-

2077 3996 2230 4051 ϐειαν
2258 3997 2440 4067 λόγου,
2484 3998 2632 4062 ὅπως
2672 3997 2736 4051 τὸ
2773 3996 3210 4069 προθεωρητικδν
3248 3995 3394 4049 θεῖον
3441 3992 3669 4061 Πνεῦμα

2076 4089 2168 4144 διὰ
2215 4090 2324 4142 τῶν
2356 4090 2527 4159 ἁγίων
2566 4088 2635 4142 τὰ
2666 4089 2927 4161 μέλλοντα
2951 4090 3026 4153 ὡς
3059 4088 3303 4160 παρόντα
3339 4088 3666 4159 ἐκήρυττεν.

2076 4173 2228 4233 Εἶδον
2270 4178 2381 4251 γὰρ
2430 4179 2480 4232 οἱ
2522 4178 2829 4251 ἀχάριστοι,
2875 4179 2970 4232 καὶ
3016 4177 3372 4248 ἐψηλάφησαν
3421 4176 3512 4230 διὰ
3560 4173 3668 4227 τῶν

2075 4267 2392 4340 θαυμάτων,
2432 4268 2523 4322 τὸν
2558 4268 2974 4342 θαυματουργὺν
3010 4269 3163 4333 Θεὸν,
3190 4269 3285 4323 καὶ
3327 4272 3396 4341 τῇ
3440 4264 3670 4337 ἀπιστίᾳ

2077 4358 2380 4430 ἐνέμειναν.
2421 4355 2575 4413 Εἶδον
2608 4361 2807 4430 τυφλὸν
2842 4364 2905 4414 ὲκ
2931 4361 3173 4431 γενετῆς,
3201 4361 3292 4414 τὸν
3320 4358 3668 4432 φωταγωγήο

387 4443 649 4503 ﬁdelitate
675 4452 994 4501 manserunt
1008 4445 1073 4499 “.
1099 4443 1366 4500 Viderunt
1388 4461 1589 4499 caecum
1610 4460 1639 4499 a
1670 4446 1970 4510 nativitate,

2082 4428 2250 4503 σαντα
2280 4449 2413 4504 Θεὸν
2448 4428 2804 4523 κηρύττοντα.
2841 4447 2994 4506 Εἶδον
3030 4428 3343 4524 σύγχρονον-
3369 4452 3472 4506 καὶ
3509 4428 3671 4514 σύζυ-

497 4625 543 4657 ¹⁵³
580 4624 733 4680 Psal.
776 4638 1003 4689 cxnvm,
1042 4624 1096 4678 9.
1204 4622 1249 4653 "
1282 4621 1398 4677 lsa.
1449 4638 1528 4685 γε,
1561 4624 1612 4677 3.

1722 4623 1768 4655 ⁸ο
1803 4621 1990 4675 Ezech.
2036 4638 2120 4682 ιιι,
2171 4622 2261 4677 2‘2.

2367 4623 2411 4654 ἰ
2443 4621 2636 4677 Matth.
2673 4639 2786 4688 χχι,
2816 4630 2923 4679 etc.
3026 4625 3073 4658 "
3110 4623 3240 4679 Luc.
3275 4641 3395 4690 nx,
3446 4625 3543 4689 37,
3577 4622 3666 4680 58.

389 4697 437 4729 ³⁸
480 4695 676 4751 Matth.
732 4711 846 4761 3m,
888 4695 975 4750 10.
1049 4695 1097 4727 ⁸⁸
1144 4693 1307 4750 Joan.
1342 4708 1381 4757 ι,
1421 4693 1477 4748 5.
1550 4695 1596 4725 ⁸⁸
1630 4693 1743 4748 lsa.
1778 4709 1911 4757 xui,
1949 4693 1971 4745 1

2082 4696 2140 4747 ὶυ.
2220 4693 2265 4724 ⁸⁶
2292 4691 2454 4746 Joan.
2488 4710 2562 4747 ix.

466 4877 576 4950 (90)
612 4877 722 4932 Tor
756 4878 963 4933 πῶλον
977 4878 1197 4950 αὑτοῦ.
1234 4879 1437 4934 Gentes
1474 4893 1686 4950 omnes,
1714 4877 1778 4950 ad
1806 4879 1967 4935 vitem

389 4948 565 5002 illam
589 4951 909 5020 translatam
959 4949 1026 5002 de
1060 4949 1318 5020 Egypto,
1371 4964 1494 5017 qua:
1525 4949 1771 5020 implevit
1798 4957 1970 5020 totam

389 5027 614 5089 terram,
639 5018 962 5089 docentibus
991 5017 1268 5089 prophetis
1303 5021 1475 5089 ipsius
1500 5025 1553 5072 et
1574 5017 1760 5085 justis.
1798 5017 1873 5072 Ita
1903 5020 1973 5074 ad

389 5088 616 5143 verbum
660 5088 816 5143 Titus
859 5088 1169 5145 BostrenSis
1202 5091 1361 5144 docta
1397 5094 1538 5144 orat.
1568 5090 1674 5158 Είς
1699 5088 1773 5143 τὰ
1800 5089 1966 5154 Βάϊα,

389 5173 552 5227 quam
581 5173 646 5211 ex
684 5159 846 5227 regiis
876 5160 1159 5214 habemus.
1623 5225 1630 5227 _
1774 5210 1779 5213 _

461 5227 574 5302 (9|)
620 5225 960 5302 Ἁλότιστογ·
989 5228 1398 5302 ἐξεμᾷλάριον.
1424 5227 1542 5302 ᾼΙ..
1573 5225 1778 5302 -ἄλογον
1808 5229 1972 5302 ἐξεμ-

390 5296 609 5368 βλάριον
645 5298 679 5368 ἢ
710 5296 1099 5368 ὲξεμπλάριονξ
1131 5297 1379 5355 Gaudent
1413 5298 1586 5353 Grmci
1634 5298 1881 5355 barbaris
1903 5296 1962 5355 et

390 5365 598 5420 Latinis
622 5365 881 5438 vocibus.
917 5365 977 5421 ut
1010 5384 1116 5422 non
1156 5384 1341 5438 paucae
1368 5370 1480 5436 jam
1516 5368 1645 5422 olim
1693 5384 1817 5424 cum
1858 5372 1961 5424 im-

390 5439 542 5506 perio
568 5437 634 5509 ad
669 5452 764 5492 eos
803 5440 1138 5499 transierint,
1160 5437 1570 5508 nonnunquam
1603 5440 1964 5509 scriptoribus

390 5507 688 5574 praesertim
719 5509 892 5562 sacris
919 5521 1208 5576 usurpatae,
1275 5507 1441 5563 velut
1466 5509 1606 5562 forte
1646 5507 1817 5578 magis
1858 5526 1963 5564 usu

390 5588 621 5649 receptae
648 5579 926 5649 etgnotiori
952 5579 1382 5649 signiﬁcatione;
1412 5594 1519 5648 qua
1544 5578 1611 5634 de
1637 5593 1697 5634 re
1724 5581 1965 5636 etiamin

396 5643 724 5700 Vita'Basilii
758 5661 855 5714 pro
886 5643 1280 5717 Amphilochio.

2144 4881 2257 4952 (92)
2286 4882 2391 4937 Διὰ
2434 4881 2618 4952 τοῦτο,
2657 4886 2712 4937 οἱ
2747 4882 2865 4951 μὲν
2892 4883 3034 4940 ἄνω.
3064 4880 3322 4939 Pluribus
3352 4881 3669 4950 eodemque

2074 4951 2261 5014 sensu,
2295 4959 2434 5007 orat.
2472 4954 2564 5006 illa
2598 4951 2671 5007 De
2706 4970 2949 5016 occursu,
2974 4955 3196 5022 exponit
3229 4953 3371 5007 idem
3413 4953 3668 5019 seraphi-

2074 5037 2199 5094 _cum
2233 5022 2508 5094 canticum
2533 5039 2548 5094 ;
2588 5031 2649 5076 ut
2678 5031 2948 5092 postrema
2978 5024 3125 5077 illius
3151 5032 3324 5094 parte,
3352 5022 3542 5091 palam
3574 5037 3666 5076 ce-

2072 5091 2315 5164 lebretnr
2334 5090 2651 5147 Dominicus
2680 5090 2944 5164 adventus
2971 5104 3025 5148 et
3051 5090 3365 5164 οῑκόνομίαξ
3397 5106 3512 5164 qua
3541 5104 3668 5164 vere

2075 5161 2178 5214 fuit
2209 5164 2366 5231 plena
2398 5168 2562 5223 terra,
2597 5164 2768 5231 gloria
2796 5162 3007 5217 Domini
3035 5180 3049 5228 ;
3093 5160 3388 5218 obcaicatis
3438 5160 3665 5231 interim

2074 5231 2327 5302 Iudicis:
2376 5247 2538 5301 quam
2573 5230 2760 5286 eOrum
2803 5234 3101 5287 carcitatem
3144 5234 3269 5302 olim
3304 5230 3664 5302 pratdictam,

2070 5309 2218 5355 recte
2248 5300 2557 5357 Mrtlmdius
2581 5312 2767 5357 noster
2798 5311 3032 5371 utroque
3061 5302 3201 5364 loco,
3227 5300 3467 5356 Domino
3498 5313 3668 5371 appa-

2068 5380 2243 5433 rente,
2279 5371 2505 5426 offendit
2532 5381 2729 5426 eventu
2757 5381 3020 5432 secutam.
3055 5381 3114 5426 ut
3143 5373 3391 5426 videatur
3426 5373 3540 5426 ista
3567 5384 3667 5423 πε·

2072 5441 2230 5514 ριοχή
2282 5442 2536 5514 praecipui
2569 5443 2903 5514 characteris
2933 5443 3052 5497 loco
3075 5443 3265 5497 huicce
3292 5441 3563 5498 orationi.

2142 5510 2254 5577 (9'5)
2304 5513 2595 5565 'Enweto.
2620 5511 2728 5576 AL,
2763 5512 2985 5565 ἐσείετο.

2146 5581 2257 5654 (94)
2300 5582 2733 5655 Ἁνακέκραγεν.
2767 5583 2876 5651 AL,
2902 5580 3329 5654 προανέκραγεν.
