3862 6158
254 233 365 290 389

1323 236 1585 295 ORATIO
1626 238 1693 293 IN
1733 237 1972 296 ΒΑΜοὸ
2002 237 2409 297 PALMARUM.

3416 253 3529 310 390

249 367 346 421 γον
398 351 465 422 τῇ
517 349 771 425 ἀσθενείᾳ
821 354 1157 426 παράλυτον,
1203 357 1584 429 προστάγματι
1624 357 1818 423 διαζευ

1940 357 2108 414 Deum
2136 359 2543 429 praedicantem,
2568 359 2660 431 qui
2684 360 2865 418 visum
2885 364 3240 424 restituisset.
3260 365 3527 428 Viderunt

248 441 446 511 χθέντα
480 442 580 513 τῆς
622 445 939 515 κακουχίας.
979 445 1302 502 Ἐθεάσαντο
1343 449 1594 522 Λάζαρον
1630 450 1841 521 φυγάδα

245 534 479 588 θανάτου
504 536 785 604 γεγονότα.
827 539 1105 592 Ἤκουσαν
1129 540 1222 592 τὸν
1248 541 1306 595 ὲν
1337 541 1575 617 θαλάττῃ
1602 544 1840 616 περίπα-

242 639 334 676 τον
354 640 370 654 ο
406 623 505 696 τὴν
545 625 898 698 ἀγεώργητον
925 630 1219 685 οἰνοδοσίαν
1239 648 1252 661 ·
1277 631 1375 703 τὴν
1400 632 1637 705 ἀμοχθον
1673 637 1839 707 ἀρτο-

244 720 453 787 φαγίαν
472 737 489 752 ο
520 720 619 793 τὴν
654 721 764 776 τῶν
801 723 1069 795 δαιμόνων
1107 726 1408 782 ἀπελασίαν
1432 746 1446 759 ο
1480 731 1577 802 τὴν
1601 731 1712 785 τῶν
1741 749 1839 786 κα-

235 815 493 883 μνόντων
513 815 835 886 εὐρωστίαν.
870 819 935 872 Αἱ
964 819 1211 873 πλατεῖαι
1239 821 1416 876 αὐτῶν
1448 822 1547 887 τὰς
1578 825 1838 895 δυνάμεις

239 904 543 974 ἐκήρυττον
565 921 578 934 ·
608 906 665 957 αἱ
692 905 801 959 ὁδοὶ
828 907 1006 961 αὐτῶν
1034 909 1134 973 τάς
1169 911 1339 976 ἰάσεις
1361 915 1474 977 τοῖς
1495 915 1834 988 ὁδοιποροῦσι

242 997 635 1067 κατήγγελλον.
681 999 839 1052 Πᾶσα
879 1000 1104 1055 Ἰουδαία
1142 1004 1438 1077 ἐπληρώθη
1471 1007 1579 1060 τῶν
1609 1010 1834 1081 εὐεργε-

242 1089 413 1142 σιῶν’
462 1091 559 1145 καὶ
598 1090 695 1144 νῦν
732 1092 1019 1157 ἀκούοντες
1058 1095 1194 1149 Θεοῦ
1236 1092 1402 1163 αἶνον,
1440 1100 1792 1155 πυνθάνονται
1814 1120 1828 1133 ο

243 1181 342 1247 Τίς
381 1182 555 1237 ἐστιν
590 1180 811 1252 οὗτος;
842 1185 905 1238 Ὦ
940 1186 1126 1251 ἀνοίας
1163 1188 1272 1242 τῶν
1296 1189 1659 1263 ψευδωνύμων
1686 1194 1832 1247 διδα-

235 1276 486 1330 σκάλωνί
518 1276 563 1329 ὣ
601 1278 711 1331 τῶν
752 1278 994 1333 ἀπειθῶν
1034 1281 1319 1353 πατέρωνί
1359 1282 1404 1336 ὣ
1429 1284 1537 1336 τῶν
1581 1285 1830 1357 ἀφρόνων

233 1366 653 1442 πρεσϐυτέρωνί
683 1369 728 1423 ὣ
749 1370 990 1442 σπέρμα
1027 1374 1271 1428 Χαναὰν
1296 1375 1391 1428 τοῦ
1435 1375 1705 1441 ἀναιδοῦς,
1736 1378 1829 1431 καὶ

234 1459 374 1528 οὐχὶ
412 1460 600 1515 Ἰούδα
624 1460 719 1515 τοῦ
753 1462 1034 1528 εὐλαϐοῦς.
1072 1466 1155 1518 Τά
1181 1465 1347 1519 τέκνα
1388 1467 1707 1536 ἐπέγνωσαν
1736 1469 1828 1523 τὸν

234 1550 486 1623 κτίστην,
521 1553 616 1606 καὶ
647 1553 697 1606 οἱ
735 1554 980 1620 ἀπειθεῖς
1018 1556 1252 1628 πατέρες
1282 1555 1466 1625 ἔλεγον
1485 1574 1499 1587 ο
1536 1557 1632 1624 Τίς
1656 1557 1829 1613 ἐστιν

237 1637 455 1709 οὗτος;
489 1643 554 1696 Ἠ
578 1643 672 1697 νέα
695 1646 789 1699 καὶ
811 1646 983 1719 ἀδαὴς
1018 1647 1205 1719 ἡλικία
1244 1648 1335 1702 τὸν
1358 1648 1489 1703 Θεὸν
1516 1651 1791 1723 ἀνύμνησε
1806 1694 1822 1719 ,

1942 449 2303 521 paralyticum
2335 465 2516 506 comva
2537 450 2874 519 inﬁrmitate,
2906 459 3223 529 arctiusque
3249 460 3528 531 implicata

1940 543 2084 596 mala
2124 543 2458 608 valetudine,
2485 543 2714 613 jubente
2740 545 2881 616 ipso,
2908 548 3220 605 absolutum
3247 552 3315 606 ⁸⁷.
3349 551 3525 609 Laza-

1938 649 2061 688 rum
2091 643 2519 706 conspexerunt,
2546 637 2739 692 mortis
2766 637 2969 694 factum
3002 641 3287 713 profugam
3313 644 3380 696 ⁸⁸.
3408 644 3525 699 Au-

1938 726 2157 782 dierunt
2186 743 2309 782 eum
2342 729 2655 784 ambulasse
2682 730 2738 784 in
2768 730 2907 785 mari
2937 732 3005 796 ⁸³,
3033 732 3222 788 vinum
3252 735 3372 790 sine
3407 738 3523 790 cul-

1937 826 2060 873 tura
2104 819 2581 876 subministratum
2617 822 2684 889 “,
2732 831 3011 880 comestos
3060 841 3231 896 panes
3270 828 3525 884 convivio

1936 909 2083 964 ultro
2102 910 2391 975 instructo,
2410 912 2451 942 ⁶¹
2484 911 2700 983 fugatos
2715 913 3015 980 daemones,
3034 916 3282 972 inﬁrmos
3300 917 3522 973 sanitati

1934 1002 2222 1056 restitutos
2250 1003 2313 1055 “.
2342 1000 2542 1058 Platea:
2578 1004 2820 1074 ipsorum
2862 1004 3235 1075 praedicabant
3264 1009 3521 1075 virtutes,

1881 1115 1885 1119 ~
1934 1092 2037 1147 viae
2070 1093 2357 1162 agentibus
2410 1096 2511 1149 iter
2542 1095 2857 1152 sanationes
2886 1099 3304 1154 annuntiabant.
3333 1099 3521 1157 Iudaea

1936 1189 2047 1237 tota
2091 1184 2371 1238 beneﬁciis
2414 1187 2693 1241 cumulata
2738 1196 2885 1255 erat;
2934 1190 3327 1260 audientesque
3358 1194 3522 1249 modo

1934 1274 2148 1330 divinas
2179 1276 2389 1339 laudes,
2415 1277 2791 1346 interrogant:
2819 1280 2951 1345 Quis
2979 1290 3056 1334 est
3082 1282 3201 1338 hic?
3229 1283 3273 1338 Ο
3296 1282 3520 1340 demen-

1931 1367 2059 1420 tiam
2091 1366 2214 1423 falsi
2257 1367 2498 1424 nominis
2540 1369 2959 1435 magistrorum!
3007 1387 3040 1426 ο
3076 1373 3386 1431 incredulos
3419 1392 3519 1446 pa-

1929 1462 2069 1517 tres!
2107 1476 2140 1516 o
2171 1462 2496 1531 insipientes
2537 1464 2814 1518 seniores!
2854 1476 2887 1513 ο
2923 1462 3181 1519 Chanaan
3221 1468 3517 1538 impuden-

1928 1552 2001 1607 tis
2031 1570 2225 1615 semen,
2263 1570 2368 1607 non
2405 1556 2715 1611 reverentis
2736 1564 2792 1610 et
2817 1555 3055 1610 timorati
3078 1555 3115 1609 J
3121 1557 3223 1611 uda
3248 1560 3311 1615 °’.
3335 1560 3519 1629 Agno-

1925 1652 2123 1698 verunt
2164 1646 2320 1715 pueri
2366 1646 2683 1701 Creatorem
2709 1689 2724 1712 ,
2780 1655 3036 1717 parentes
3077 1663 3204 1703 vero
3248 1649 3516 1706 increduli

233 1734 336 1788 καὶ
361 1738 417 1789 οἱ
442 1737 920 1807 πεπαλαιωμένοι
956 1739 1192 1808 ἡμερῶν
1220 1739 1419 1794 κακῶν
1444 1720 1818 1797 ἐπυνθάνοντο·

1928 1735 2185 1791 dicebant
2219 1756 2231 1791 :
2276 1737 2406 1804 Quis
2433 1748 2512 1792 est
2535 1738 2657 1795 hic?
2686 1738 2835 1792 Nova
2862 1747 2916 1793 et
2945 1739 3094 1795 rudis
3123 1749 3255 1796 aitas
3288 1740 3396 1797 Deo
3425 1758 3518 1800 ce-

237 1824 337 1891 Τίς
371 1825 548 1880 ἐστιν
578 1824 790 1895 οὗτος;
819 1828 1152 1900 Θηλάζοντες
1191 1831 1516 1901 θεολογοῦσι,
1564 1835 1657 1888 καὶ
1693 1853 1827 1908 πρε-

234 1915 491 1989 σϐὑτεροι
526 1917 938 1990 βλασφημοῦσν
978 1921 1166 1985 παῖδες
1210 1922 1452 1988 εὐσεϐῶς
1485 1926 1822 1998 ίερουργοῦσι

228 2005 403 2078 αἶνον,
437 2010 533 2065 καὶ
582 2011 785 2085 ἀνίεροι
833 2013 998 2084 ἱερεῖς
1032 2012 1310 2079 δυσσεϐῶς
1353 2017 1818 2087 ἀγανακτοῦσιν.

303 2283 378 2337 Δν.
409 2285 477 2337 οι
497 2283 841 2350 ἀπειθεῗςέν
863 2283 1154 2353 φρονήσει
1170 2284 1438 2351 δικαίων,
1461 2287 1820 2358 ἐπιστρέψατε

224 2374 329 2440 Ιτὰς
366 2375 592 2447 καρδίας
621 2376 779 2447 ὑμῶν
819 2376 913 2430 ἐπὶ
957 2378 1029 2430 τὰ
1055 2377 1222 2432 τέκνα
1254 2377 1428 2450 ὑμῶν.
1460 2379 1675 2433 Μάθετε
1719 2398 1819 2450 μυ-

227 2469 430 2540 στήρια
460 2467 595 2521 Θεοῦ
614 2486 627 2499 ·
666 2469 798 2522 αὐτὸ
822 2469 885 2521 τὺ
912 2467 1237 2541 τελούμενον
1266 2472 1551 2543 μαρτυρεῖ,
1580 2471 1661 2524 ὅτι
1688 2470 1821 2536 Θεός

224 2561 380 2614 εστιν
399 2560 431 2620 ὁ
455 2559 629 2625 οὕτως
653 2558 890 2628 ἀνυμνού
899 2576 1057 2631 μενος
1084 2558 1188 2614 ὑπὸ
1214 2560 1511 2614 ἀδιδάκτων
1536 2560 1817 2629 γλωσσῶν.

241 2649 552 2719 Ἑρευνᾶτε
579 2652 686 2718 τὰς
718 2652 984 2722 Γραφὰς,
1025 2650 1209 2715 καθὼς
1238 2651 1508 2723 ¹Ιριούσατε
1535 2651 1685 2724 παρὰ
1722 2651 1818 2705 τοῦ

224 2742 503 2796 Δεσπότου
526 2760 540 2773 ·
578 2743 667 2797 ὅτι
708 2743 886 2798 αὗταί
925 2745 1087 2798 εἰσιν
1130 2746 1190 2797 αὶ
1227 2743 1641 2813 μαρτυροῦσαι
1684 2743 1817 2811 περὶ

222 2834 436 2900 αὐτοῦ,
478 2836 573 2889 καὶ
610 2836 711 2890 οὐκ
756 2838 1001 2906 ἀγνοεῖτε
1048 2835 1110 2890 τὺ
1154 2835 1358 2907 θαῦμα.
1412 2835 1724 2900 Ἀκούσατε,
1769 2837 1819 2890 οἱ

224 2925 628 2999 ὰχαριτώτατοι
663 2928 774 2996 (95)
832 2929 927 2982 καὶ¹
975 2928 1281 3000 ἀχάριστοι,
1324 2926 1375 2980 τί
1411 2925 1819 2997 εὐαγγελίζεται

220 3018 399 3089 ὁμῖνὸ
414 3020 698 3091 προφήτης
723 3020 1021 3093 Ζαχαρίας.
1041 3022 1178 3093 Φησὶ
1204 3021 1331 3093 γάρ·
1358 3020 1535 3089 Χαῖρε
1558 3020 1814 3090 σφόδρα,

1928 1828 2063 1883 cinit
2092 1827 2331 1893 laudem,
2364 1830 2740 1900 inveteratique
2768 1831 3029 1884 malorum
3066 1831 3272 1886 dierum
3306 1834 3352 1866 “
3384 1850 3514 1904 per-

1925 1920 2326 1975 conlabantur:
2371 1919 2504 1987 Quis
2528 1930 2618 1975 .est
2664 1921 2789 1977 hic?
2837 1920 3124 1977 Lactentes
3169 1924 3512 1981 divinitatem

1924 2011 2169 2075 laudant,
2207 2011 2574 2082 senioresque
2619 2014 2974 2084 blasphemiis
2999 2023 3283 2084 appetunt.
3347 2015 3511 2073 Pueri

1923 2103 2011 2173 pie
2053 2103 2368 2159 sacrificant
2400 2105 2644 2173 laudem,
2690 2106 3019 2179 profanique
3056 2110 3371 2165 sacerdotes
3404 2111 3511 2165 im-

1921 2194 2012 2266 pie
2041 2194 2387 2264 indignantur
2412 2196 2478 2252 “.

1988 2283 2078 2339 1V.
2121 2283 2394 2340 Increduli
2444 2285 2514 2339 ad
2560 2286 2898 2356 prudentiam
2927 2289 3201 2358 justarum
3222 2290 3289 2354 ⁸⁸,
3338 2289 3506 2346 corda

1920 2384 2103 2430 vestra
2149 2377 2452 2432 convertite
2501 2377 2569 2431 ad
2605 2378 2747 2435 ﬁlios
2788 2389 3023 2435 vestros.
3059 2379 3266 2436 Discite
3315 2398 3508 2438 sacra-

1920 2473 2104 2522 menta
2135 2466 2233 2523 Dei
2281 2488 2295 2522 :
2345 2468 2505 2524 testis
2544 2477 2629 2525 est
2660 2486 2750 2526 res
2780 2471 2898 2541 ipsa
2939 2487 3062 2542 quae
3094 2473 3296 2542 agitur,
3329 2471 3504 2529 Deum

1920 2574 2045 2615 esse
2087 2560 2178 2630 qui
2230 2560 2310 2616 sic
2344 2561 2413 2616 ab
2448 2560 2686 2617 indoctis
2734 2563 2934 2633 linguis
2963 2563 3304 2618 decantctur.
3341 2562 3508 2620 Scru-

1921 2652 2112 2704 tamini
2146 2649 2474 2722 Scripturas,
2504 2652 2963 2723 quemadmodum
2995 2653 3226 2708 audistis
3267 2668 3295 2707 a
3322 2652 3508 2708 Domi-

1921 2756 2012 2803 no,
2044 2744 2294 2811 quoniam
2326 2743 2435 2796 illa:
2463 2752 2586 2796 sunt
2615 2758 2734 2813 qua:
2760 2744 3115 2798 testimonium
3140 2744 3409 2814 perhibent
3439 2744 3508 2800 de

1934 2834 2050 2901 ipso
2081 2835 2147 2899 ",
2185 2850 2286 2889 nec
2312 2835 2639 2890 miraculum
2676 2835 2945 2906 ignorate.
2973 2836 3192 2901 Audite,
3232 2837 3351 2892 sine
3381 2851 3509 2907 gra-

1919 2926 1995 2980 tia
2023 2926 2273 2984 homines
2299 2928 2630 2999 ingratique,
2653 2928 2784 2999 quid
2809 2928 2967 2984 vobis
2995 2927 3160 2985 fausti
3192 2930 3368 2983 nuntii
3393 2929 3502 2984 Za-

1920 3016 2139 3072 charias
2172 3018 2383 3072 aﬁerat.
2419 3018 2515 3072 Ait
2557 3020 2701 3073 enim
2741 3037 2754 3072 :
2795 3016 2976 3075 Gaude
3012 3020 3348 3084 vehementer,
3385 3022 3505 3090 [ilic

221 3110 482 3179 θύτατερ
518 3109 690 3164 Σιώνο
738 3110 865 3164 ἰδοὺ
900 3114 933 3165 ό
965 3112 1266 3177 Βασιλεύς
1306 3127 1422 3166 σου
1451 3113 1688 3182 ἔρχεταί
1715 3128 1814 3167 σοι

1923 3105 2048 3162 Sion
2080 3124 2098 3162 :
2125 3125 2238 3163 ecce
2266 3109 2378 3163 Rea:
2406 3119 2526 3164 tuus
2556 3111 2692 3164 venit
2716 3109 2809 3163 tibi
2823 3111 3007 3180 justus
3040 3121 3090 3168 et
3120 3112 3334 3168 saivans
3356 3113 3503 3182 :ipse

220 3195 458 3265 δίκαιος
478 3199 578 3253 καὶ
594 3198 830 3261 σώζων·
860 3201 1043 3267 αὐτὸς
1072 3201 1285 3271 πραῢς,
1330 3202 1429 3255 καὶ
1456 3202 1816 3270 ἐπιϐεϐηκὼς

222 3289 327 3343 ἐπὶ
353 3290 563 3345 πῶλον
594 3292 740 3347 ὄνου
772 3292 905 3364 (96).
942 3294 1093 3347 Διατί
1123 3294 1222 3366 τὴν
1252 3293 1428 3366 χαρὰν
1459 3296 1813 3360 ἀποσείεσθε;

223 3380 380 3433 Διατί
404 3398 464 3434 τε
496 3381 675 3435 Ἠλίου
699 3384 1027 3453 λάμποντος,
1050 3385 1110 3438 τὸ
1133 3386 1321 3449 σκότος
1349 3388 1597 3455 ἀγαπᾶτε
1619 3403 1633 3451 ;
1665 3388 1814 3441 Διατί

223 3472 366 3544 πρὸς
390 3472 489 3543 τὴν
522 3474 864 3546 ἀπολέμητον
893 3477 1115 3548 εἰρήνην
1149 3477 1408 3546 μελετᾶτε
1442 3478 1715 3550 πόλεμον;
1750 3478 1813 3533 Ei

220 3565 406 3621 τοίνυν
449 3567 554 3620 υἱοὶ
609 3567 747 3622 Σιών
804 3570 950 3634 ἐστε,
1000 3570 1400 3641 συγχορεύσατε
1446 3574 1554 3636 τοῖς
1604 3572 1813 3636 τέκνοις

223 3657 401 3728 ὑμῶν.
425 3658 616 3730 Χαρᾱς
644 3660 865 3731 ἀφορμὴ
888 3659 1026 3713 ἔστω
1049 3660 1178 3730 ὑμῖν
1206 3662 1237 3732 ἡ
1266 3661 1375 3714 τῶν
1403 3661 1609 3715 τέκνων
1635 3662 1815 3716 θεοσέ-

220 3750 368 3804 ϐεια.
393 3751 610 3806 Μάθετε
657 3755 786 3827 παρ’
820 3754 998 3809 αὐτῶν
1028 3755 1113 3819 τίς
1145 3757 1173 3810 ό
1207 3754 1460 3821 διδάξας;
1501 3756 1585 3819 τίς
1623 3758 1650 3810 ὁ
1696 3773 1814 3809 συν-

221 3841 520 3913 αθροίσας;
550 3842 711 3898 πόθεν
739 3844 806 3899 τὰ
828 3845 1166 3916 διδάγματα;
1189 3845 1272 3909 τίς
1298 3846 1332 3916 ἡ
1355 3843 1514 3916 καινὴ
1543 3844 1808 3914 θεολογία,

221 3935 321 3987 καὶ
349 3934 556 3989 παλαιά
596 3936 939 4009 προφητεία;
974 3938 1038 3993 Εἰ
1078 3936 1135 3990 δὲ
1168 3936 1470 4008 ἀνθρώπων
1505 3936 1601 4008 μὲν
1638 3937 1812 4002 οὐδεὶς

219 4024 379 4078 οὐδὲν
408 4026 614 4080 τούτων
656 4027 914 4095 ἐδίδαξεν,
940 4029 1248 4100 αὐτόματον
1287 4028 1343 4081 δὲ
1386 4028 1477 4084 τὸν
1502 4025 1650 4082 αἶνον
1687 4030 1812 4083 ἀνα-

223 4117 515 4188 μέλπουσι,
538 4118 711 4188 γνῶτε
733 4118 869 4173 Θεοῦ
891 4116 1029 4195 εἶναι
1049 4121 1109 4174 τὸ
1134 4120 1294 4193 ἔργον
1312 4137 1326 4150 ο
1355 4119 1430 4184 ὡς
1452 4121 1509 4173 ὲν
1536 4119 1614 4190 τῷ
1641 4120 1811 4191 Νόμῳ

222 4208 568 4279 γέγραπται·
604 4209 700 4262 Ἐκ
728 4210 1024 4280 στόματος
1049 4209 1283 4278 νηπίων
1309 4209 1408 4263 καὶ
1433 4207 1811 4277 θηλαζόντων

221 4299 580 4369 κατηρτήσω
606 4296 799 4356 αἶνον.
830 4300 1229 4356 Διπλασιάσατε
1259 4296 1352 4354 οὖν
1378 4300 1479 4373 τὴν
1500 4299 1696 4374 χαράν,
1726 4302 1808 4354 ὅτι

1918 3208 2224 3252 mansuetus
2264 3208 2315 3252 et
2348 3199 2529 3254 sedens
2578 3215 2734 3269 super
2763 3201 2969 3268 pullum
3016 3202 3185 3255 asinae
3201 3203 3269 3256 “.
3299 3200 3501 3272 thuid

1914 3287 2171 3357 gaudium
2220 3288 2518 3359 repellitis?
2563 3289 2754 3358 utquid
2800 3290 3015 3345 lucente
3078 3291 3212 3357 sole,
3247 3293 3504 3348 tenebras

1915 3379 2176 3450 diligitis?
2227 3382 2417 3451 utquid
2478 3380 2744 3437 adversus
2782 3382 3260 3452 inexpugnabilem
3305 3398 3497 3453 pacem

1915 3473 2253 3527 meditamini
2296 3473 2533 3528 bellum?
2561 3471 2622 3526 Si
2658 3473 2825 3543 igitur
2877 3476 3012 3528 estis
3058 3473 3147 3526 ﬁlii
3184 3470 3342 3539 Sion,
3388 3488 3498 3530 una

1915 3579 2039 3619 cum
2082 3565 2207 3620 filiis
2256 3565 2456 3621 vestris
2498 3565 2728 3620 choreas
2758 3564 2961 3619 ducite.
2999 3564 3083 3618 Sit
3130 3565 3284 3620 vobis
3307 3562 3498 3636 gaudii

1914 3655 2080 3720 ratio,
2130 3659 2360 3713 ﬁliorum
2401 3657 2614 3728 religio.
2661 3657 2743 3711 Ab
2774 3657 2909 3728 ipsis
2935 3657 3130 3713 discite
3159 3658 3283 3727 quis
3328 3657 3499 3713 fuerit

1913 3748 2145 3804 doctor?
2199 3750 2324 3820 quis
2376 3749 2797 3805 convocaverit?
2843 3748 2987 3804 unde
3037 3750 3323 3804 doctrina?
3375 3765 3499 3820 qua:

1911 3855 2052 3894 nova
2085 3841 2359 3913 theologia
2382 3853 2651 3913 vetusque
2673 3840 2992 3911 prophetia?
3018 3840 3173 3908 Quod
3195 3840 3241 3897 si
3268 3856 3337 3896 ne
3368 3842 3498 3911 quis

1911 3932 2194 3986 hominum
2223 3934 2525 4004 quidquam
2565 3933 2689 3989 illos
2719 3932 2931 3996 docuit,
2960 3932 3109 3985 ultro
3154 3938 3338 3984 autem
3369 3944 3495 3985 mo-

1910 4025 2171 4080 dulantur
2201 4026 2436 4092 laudem,
2485 4026 2583 4080 Dei
2629 4041 2770 4097 opus
2807 4025 3147 4095 cognoScite;
3181 4022 3325 4078 sicut
3352 4023 3497 4080 scri-

1910 4125 2062 4187 ptum
2091 4126 2176 4173 est
2206 4119 2261 4173 in
2291 4119 2410 4189 lege
2455 4138 2468 4174 :
2506 4118 2591 4172 Ea:
2636 4136 2725 4173 ore
2765 4119 3056 4189 infantium
3093 4125 3144 4172 et
3183 4116 3494 4172 faetentium

1907 4209 2171 4278 perfecisti
2217 4210 2424 4266 laudent
2459 4211 2524 4266 θ’).
2573 4211 2730 4284 Agite
2787 4225 2919 4279 ergo
2963 4209 3162 4279 duplex
3194 4208 3491 4280 gaudium,

1909 4298 2055 4368 quod
2090 4298 2279 4353 talium
2316 4314 2609 4368 puerorum
2644 4299 2773 4355 facti
2794 4299 2932 4355 estis
2961 4305 3167 4368 patres,
3202 4298 3296 4367 qui
3327 4297 3491 4352 etiam

219 4393 482 4448 τοιούτων
521 4393 727 4448 παίδων
769 4395 1030 4463 γεγόνατε
1062 4393 1323 4465 πατέρες,
1364 4392 1563 4457 οἵτινες
1605 4392 1701 4446 καὶ
1739 4392 1808 4447 τά

1923 4390 2218 4446 senioribus
2249 4391 2521 4462 ignorata,
2553 4391 2666 4448 Deo
2691 4393 2944 4457 docente,
2966 4390 3223 4446 laudibus
3244 4390 3493 4445 celebra-

218 4491 337 4551 τοῖς
380 4487 771 4560 πρεσϐυτέροις
811 4486 1150 4557 ἀγνοηθέντα
1184 4484 1538 4550 θεοδιδάκτως
1570 4485 1806 4557 ἀνευφή-

1923 4492 2055 4538 runt.
2089 4484 2382 4540 Convertite
2408 4484 2571 4539 corda
2594 4494 2765 4539 vestra
2787 4483 2856 4537 ad
2884 4485 3026 4555 ﬁlias
3061 4491 3257 4538 vestros
3284 4482 3357 4547 ⁷⁸,
3387 4495 3492 4536 nec

221 4594 425 4650 μησαν.
474 4578 901 4646 Έπιστρέψατε
942 4575 1049 4642 τὰς
1086 4574 1335 4644 καρδίας
1378 4572 1547 4644 ὑμῶν
1590 4574 1689 4627 ἐπὶ
1734 4575 1810 4629 τὰ

1923 4577 2224 4633 clauseritis
2272 4578 2462 4632 oculos
2502 4577 2569 4631 ad
2598 4576 2903 4631 veritatem.
2935 4574 3089 4641 Quod
3120 4574 3166 4629 si
3190 4572 3352 4627 iidem
3374 4586 3493 4643 per-

215 4669 407 4725 τέκνα
431 4668 619 4738 ὑμῶν,
651 4668 748 4723 καὶ
780 4667 856 4741 μὴ
892 4667 1102 4740 μύσατε
1146 4666 1272 4731 τοὺς
1306 4664 1617 4736 ὀφθαλμοὺς
1655 4665 1810 4736 ὑμῶν

1923 4669 2198 4732 severatis,
2236 4678 2288 4724 et
2328 4669 2600 4723 audientes
2640 4683 2744 4722 non
2774 4665 2994 4731 auditis,
3025 4664 3356 4734 uidentesque
3384 4680 3488 4718 non

218 4761 360 4834 πρδς
386 4763 487 4833 τὴν
515 4762 793 4835 ἀλήθειαν.
828 4762 895 4816 Ei.
920 4762 978 4817 δὲ
1005 4762 1056 4815 οἱ
1078 4759 1232 4815 αὐτοί
1260 4760 1405 4824 ἐστε,
1429 4758 1528 4811 καὶ
1554 4758 1810 4812 ἀκοῦον--

1923 4759 2100 4815 videtis
2129 4762 2197 4826 τι,
2234 4768 2398 4830 atque
2429 4760 2707 4814 incassum
2743 4757 2813 4812 ab
2841 4755 3145 4811 infantibus
3182 4752 3482 4819 dissidetis,

214 4872 318 4921 τες
348 4856 461 4909 οὐκ
485 4855 754 4921 ἀκούετε,
784 4853 885 4910 καὶ
909 4853 1254 4921 ,βλέποντες
1278 4852 1351 4906 οὐ
1378 4849 1643 4916 ,βλέπετε
1663 4890 1679 4917 ,
1715 4849 1810 4904 καὶ

1923 4864 2072 4907 erunt
2101 4853 2203 4924 ipsi
2233 4853 2390 4906 vestri
2406 4852 2609 4923 judices
2634 4852 2704 4916 ⁷³,
2729 4851 2885 4921 juxta
2916 4846 3216 4904 Salvatoris
3234 4845 3488 4903 verbum.

292 5001 339 5033 ³⁷
367 4999 532 5054 Joan.
558 5017 611 5068 v,
640 5001 695 5057 5.
770 5000 817 5035 ⁸⁸
843 4997 1009 5054 Joan.
1033 4996 1238 5068 ut“.
1333 4994 1384 5028 ³⁹
1418 4992 1617 5068 Matth.
1649 5010 1785 5068 δεῖ.
1806 4995 1818 5048 ε

2005 4997 2051 5027 ⁶⁰
2079 4994 2245 5051 Joan.
2279 4994 2434 5068 ll,_7.
2547 4993 2779 5068 'fﬁJoani.
2810 5010 2888 5068 vi,
2920 4992 3010 5047 ll.
3076 4990 3167 5068 __°_'
3199 4986 3461 5068 Luckvi‘ll

213 5069 309 5135 29,
341 5079 450 5126 etc.
527 5072 573 5104 “
599 5056 748 5126 'Dan.
767 5087 850 5135 ιιι,
877 5070 967 5125 56.
1045 5056 1257 5123 1""Dan.
1286 5081 1414 5130 xm,
1455 5065 1545 5120 52.
1588 5133 1609 5135 _
1645 5065 1691 5096 ⁸⁸
1726 5063 1818 5118 Ha

1958 5081 2072 5121 ut.
2105 5068 2188 5121 15.
2270 5056 2470 5120 “Luc.
2509 5067 2650 5130 I,l7.
2729 5066 2772 5097 ⁸⁷
2800 5056 2964 5120 Joan.
2993 5077 3049 5128 v,
3076 5058 3168 5117 39.
3241 5059 3289 5091 ⁸⁸
3315 5056 3459 5111 Zach

216 5133 301 5208 ιι.
334 5140 389 5197 9.
470 5140 517 5177 "
552 5140 704 5196 Psal.
737 5133 858 5207 vtu,
894 5141 950 5195 ὅ.
1027 5139 1075 5180 ⁷ο
1099 5136 1228 5193 Luc.
1254 5152 1295 5201 ι,
1333 5137 1423 5192 17.
1500 5136 1544 5167 τι
1577 5133 1693 5189 Isa.
1724 5150 1800 5201 vn,

1984 5139 2031 5166 '-"
2077 5135 2272 5191 Matth.
2308 5153 2408 5203 xu,
2434 5135 2521 5190 27.

1899 5271 2157 5316 sermone,
2202 5255 2303 5309 hoc
2326 5262 2411 5309 est
2440 5255 2646 5323 lepore,
2675 5260 2728 5308 et
2751 5253 3026 5324 gratioso;
3054 5246 3328 5322 quomodo
3358 5246 3486 5306 red-

1899 5324 2271 5401 ditbl‘lrasrnus
2291 5325 2379 5401 eo,
2405 5322 2842 5401 κεχαριτωμένηὶ
2872 5322 3076 5401 Luc._l.
3196 5389 3248 5401 Μ
3354 5390 3387 5401 __

1972 5394 2083 5463 (96)
2113 5397 2220 5450 Kal
2244 5389 2603 5463 ἐπιϐεϐηκὼς
2628 5389 2727 5447 ἐπὶ
2757 5389 2964 5447 πῶλον
2995 5394 3159 5447 ὄνου.
3195 5389 3286 5444 Sic
3317 5390 3480 5463 etiam

1898 5460 2099 5519 citatur
2131 5482 2195 5519 ex
2228 5460 2702 5521 Justino.'Habent
2725 5464 2888 5519 modo
2912 5462 3074 5526 LXX,
3098 5477 3254 5530 super
3276 5460 3483 5531 pullum

1898 5552 2108 5592 novum.
2154 5535 2414 5591 Nostrum
2467 5545 2521 5589 et
2567 5534 2765 5590 Justini
2797 5539 3194 5589 consonantius
3227 5531 3478 5593 Hebraeo,

1898 5607 1992 5660 ubi
2054 5615 2138 5663 est
2197 5613 2500 5693 mauis-In
2562 5606 2733 5674 ﬁlium
2789 5608 3086 5660 asinarum.
3148 5600 3240 5659 Sic
3311 5600 3479 5661 etiam

1906 5695 2088 5768 Vulg,
2116 5713 2271 5767 super
2293 5697 2497 5767 pullum
2524 5695 2697 5766 ﬁlium
2721 5696 2910 5753 asinaz.

292 5253 407 5325 (95)
450 5254 909 5327 Ἀχαριτώτατοι.
941 5254 1116 5327 Quasi
1133 5268 1243 5327 non
1265 5252 1557 5327 gratiﬁcati
1588 5261 1803 5327 :_vestra

217 5323 414 5393 utique
464 5323 645 5396 culpa,
701 5329 793 5396 qui
836 5326 931 5380 Dei
980 5323 1343 5397 gratificantis
1389 5323 1719 5397 beneficium
1751 5333 1805 5397 e_t

284 5398 451 5450 atiam
495 5393 773 5467 repellitis.
826 5397 947 5463 Quo
986 5393 1163 5450 sensu
1220 5403 1404 5464 posset
1437 5394 1633 5467 exponi
1667 5393 1799 5467 illud

264 5480 434 5538 uc._l,
484 5464 922 5538 κεῇίαριτωμένη,
967 5467 1356 5538 ubiinterpr.,
1404 5465 1581 5538 gratia
1623 5464 1799 5533 plena,

214 5536 376 5605 quasi
412 5535 721 5605 gratilic‘ala
755 5535 809 5592 et
830 5535 1186 5605 singulariter
1212 5545 1370 5589 aucta
1401 5535 1597 5605 gratia,
1631 5549 1806 5605 eoque

214 5554 376 5605 quasi
412 5554 721 5605 grauucata
755 5554 809 5592 et
830 5554 915 5593 sm
956 5554 1186 5591 uiarner
1212 5554 1370 5589 auem
1401 5554 1597 5604 gratia,
1631 5554 1695 5589 eo
1740 5554 1801 5589 ue

214 5606 371 5672 plena
397 5608 606 5676 gratia,
633 5608 741 5662 alio
768 5554 1100 5676 signiﬁcatu,
1132 5615 1186 5661 et
1222 5606 1380 5676 plane
1406 5603 1673 5676 gratiosa,
1699 5554 1801 5676 (Dei

214 5677 271 5729 in
312 5672 709 5748 ipsamreﬂ'usa
744 5672 1052 5748 largissima
1082 5672 1278 5748 gratia.
1325 5672 1425 5727 Sic
1447 5674 1609 5748 paulo
1659 5672 1802 5748 infe-

213 5743 353 5803 ιιυέ
367 5747 651 5806 reddimus
678 5748 740 5803 τὸ
762 5743 905 5822 λόγῳ
936 5743 1379 5820 κεχαριτωμένφ,
1423 5744 1578 5815 pleno
1620 5743 1801 5816 gratia
