3890 6166
401 258 500 315 591

1399 258 1456 312 S.
1502 255 1838 313 METHODII
1865 255 2182 314 EPISCOPI
2218 255 2308 311 ET
2345 255 2712 313 MARTYRIS

3567 258 3675 316 593

403 376 548 432 Bene
572 374 742 446 igitur
759 376 923 433 etiam
951 375 1098 432 istud
1125 390 1250 432 cum
1275 376 1397 432 aliis
1450 377 1781 455 praelocutus
1808 385 1893 432 est
1919 377 1975 432 de

2093 377 2270 448 μάτην
2296 376 2618 448 διαφέρεσθε
2648 375 2786 447 πρὸς
2811 375 2881 430 τὰ
2913 377 3083 448 νήπια
3107 416 3124 444 ,
3155 375 3327 431 αὐτοὶ
3353 373 3524 445 ὑμῶν
3546 392 3674 444 κρι-

399 471 561 527 vobis
581 468 751 528 Isaias
780 470 1043 543 prOpheta
1056 471 1243 527 dicens
1270 489 1285 525 :
1323 469 1444 524 Non
1457 470 1808 539 confundetur
1832 470 1986 525 modo

400 560 591 626 Jacob,
628 578 789 632 neque
829 579 964 616 nunc
993 562 1179 630 faciem
1221 559 1591 616 mutabit:sed
1610 577 1728 615 cum
1765 562 1985 617 viderint

402 653 544 722 ﬁlios
585 671 708 709 suos
746 654 996 725 facientes
1026 670 1182 721 opera
1212 670 1326 708 mea
1349 694 1364 717 ,
1394 663 1606 723 propter
1640 671 1720 708 me
1744 656 1986 724 sanctiﬁ-

402 744 597 799 cabunt
635 762 824 800 nomen
856 762 1049 810 meum,
1082 753 1131 799 et
1163 744 1574 814 sanctiﬁcabunt
1619 754 1860 798 sanctum
1885 743 1986 799 Ja-

402 837 517 901 cob,
546 850 592 892 et
631 838 795 892 Deum
838 836 1012 892 Israel
1054 836 1306 891 timebunt
1341 853 1359 891 :
1390 847 1440 891 et
1473 838 1656 901 scient,
1688 839 1778 907 qui
1805 849 1984 892 errant

401 931 614 999 spiritu,
646 930 1048 1002 intelligentiam
1084 946 1103 984 :
1128 939 1177 984 et
1208 932 1595 994 mussitatores,
1627 930 1828 984 discent
1858 929 1983 985 obe-

401 1021 544 1086 dire;
595 1031 645 1075 et
689 1021 881 1092 lingua:
927 1020 1294 1087 balbutientes,
1325 1021 1524 1074 discent
1554 1021 1696 1091 loqui
1715 1021 1981 1089 pacem".

402 1113 589 1178 Vides,
620 1113 808 1169 Iudaee
846 1114 1132 1185 insipiens,
1158 1122 1218 1168 ut
1244 1129 1274 1168 a
1307 1114 1576 1169 sermonis
1605 1114 1828 1169 exordio
1853 1130 1986 1169 con-

399 1208 671 1264 fusionem
722 1208 878 1263 vobis
928 1206 1369 1261 incredulitatem
1419 1213 1657 1261 vestram
1720 1207 1984 1277 propheta

400 1303 766 1374 prtenuntiet?
796 1302 888 1359 Vel
927 1303 997 1358 ab
1026 1302 1147 1372 ipso
1170 1301 1454 1364 noveritis,
1492 1311 1551 1355 ut
1580 1308 1887 1357 vestrorum
1921 1301 1984 1356 fi-

399 1398 596 1452 liorum
622 1396 994 1451 laudationem
1022 1396 1286 1449 divinitus
1318 1394 1639 1465 inspiratam
1679 1396 1934 1464 praedicet
1965 1415 1978 1452 :

397 1487 857 1560 quemadmodum
881 1487 1043 1540 etiam
1069 1485 1397 1554 praelocutus
1430 1493 1548 1539 erat
1572 1484 1761 1539 beatus
1790 1484 1978 1550 David,

395 1581 587 1637 dicens
635 1579 767 1635 :Ex
802 1596 891 1634 ore
926 1577 1215 1644 infantium
1262 1587 1312 1631 et
1361 1574 1666 1631 faetentium
1717 1578 1983 1648 perfecisti

398 1672 610 1728 laudem
638 1671 705 1726 ".
742 1670 838 1726 Vel
868 1671 1036 1742 igitur
1062 1670 1299 1724 filiorum
1327 1670 1484 1725 vobis
1513 1669 1859 1725 sanctitatem
1890 1667 1981 1741 [ut

2087 468 2184 522 ταὶ
2212 467 2480 529 ἔσονται,
2508 466 2652 522 κατά
2695 465 2788 519 τὸν
2822 465 2916 519 τοῦ
2968 466 3223 538 Σωτῆρος
3259 464 3436 534 λόγον.
3475 465 3676 531 Καλῶς

2085 553 2180 612 οὖν
2222 558 2318 611 καὶ
2360 556 2521 610 τοῦτο
2554 562 2692 627 μετά
2733 555 2842 610 τῶν
2871 556 3046 610 ἄλλων
3083 554 3507 629 πῳανεφὼνησε
3543 556 3674 629 περὶ

2086 649 2240 721 ὑμῶν
2273 650 2303 702 6
2347 650 2631 720 προφήτης
2672 648 2898 711 Ἡσαΐας
2929 648 3103 717 λέγων
3128 666 3141 679 ·
3172 651 3257 703 Οὐ
3282 650 3401 703 νῦν
3423 653 3676 720 αἰσχυν-

2085 741 2331 809 θήσεται
2366 740 2585 803 Ἰακὼϐ,
2620 739 2763 794 οὐδὲ
2805 741 2919 794 νῦν
2963 740 3029 794 τὸ
3063 740 3387 808 πρόσωπον
3420 743 3675 811 μεταϐα-

2083 831 2211 887 λεῖ·
2253 831 2389 885 ἀλλ’
2424 830 2570 884 ὅταν
2609 829 2779 882 ἴδωσι
2822 829 2896 884 τὰ
2937 828 3120 884 τέκνα
3165 828 3363 884 αὐτῶν
3413 831 3486 884 τὰ
3526 829 3673 901 ἔργα

2080 942 2199 996 μου
2245 924 2532 978 ποιοῦντα
2571 922 2704 994 (97),
2746 921 2819 975 δι’
2856 921 2962 991 ἐμὲ
3001 922 3325 992 ἀγιὰσουσι
3366 921 3436 978 τὸ
3485 921 3673 992 ὄνομά

2079 1036 2220 1089 μου,
2248 1018 2347 1072 καὶ
2372 1016 2693 1087 ἁτιάσουσι
2711 1015 2820 1069 τὸν
2851 1014 3020 1084 ἅγιον
3045 1015 3152 1069 τοῦ
3194 1016 3410 1080 Ἰακὼϐ,
3440 1016 3538 1070 καὶ
3562 1015 3675 1069 τὸν

2086 1111 2235 1167 Θεὸν
2278 1110 2385 1165 τοῦ
2423 1110 2664 1179 Ἰσραὴλ
2701 1106 3164 1176 φοϐηθήσονται.
3203 1106 3310 1161 Καὶ
3341 1105 3673 1177 γνώσονται

2084 1210 2139 1261 ol
2191 1205 2272 1272 τῷ
2347 1206 2638 1275 πνεύματι
2694 1201 3068 1273 πλανώμενοι
3119 1205 3378 1259 σύνεσιν
3398 1220 3410 1232 ·
3481 1205 3537 1258 οι
3600 1202 3673 1257 δὲ

2084 1300 2467 1373 γογγύζοντες
2487 1298 2861 1370 μαθήσονται
2882 1299 3211 1352 ὑπακούειν
3232 1314 3247 1328 ο
3275 1297 3373 1351 καὶ
3395 1301 3455 1353 al
3480 1296 3671 1367 γλῶσ-

2083 1410 2187 1449 σαι
2217 1396 2276 1448 αὶ
2316 1390 2709 1461 ψελλίζουσαι
2734 1389 3110 1460 μαθήσονται
3150 1391 3362 1444 ,λαλεῖν
3396 1388 3668 1459 εἰρήνην.

2094 1487 2278 1558 Ὁρᾷς,
2310 1479 2355 1537 ὦ
2382 1483 2576 1553 ἀνόητε
2610 1482 2850 1545 ’ἰουδαῖε,
2877 1480 2993 1545 πῶς
3031 1484 3096 1534 ὲκ
3125 1482 3424 1552 προοιμίων
3450 1480 3544 1533 τοῦ
3581 1479 3676 1533 λό-

2082 1595 2180 1647 γου
2207 1576 2468 1648 αἰσχύνην
2517 1577 2645 1645 ὑμῖν
2691 1572 3154 1647 προκαταγγέλλει
3195 1575 3224 1626 6
3264 1574 3548 1645 προφήτης
3578 1572 3673 1627 διὰ

2082 1670 2180 1740 τὴν
2224 1668 2507 1723 ἀπείθειαν
2553 1667 2740 1738 ὐμῶν;
2789 1667 3009 1721 Μάθετε
3050 1666 3155 1719 κᾶν
3188 1666 3317 1736 παρ’
3343 1664 3507 1717 αὐτοῦ
3549 1664 3674 1730 πῶς

398 1780 500 1836 par
545 1764 684 1838 est,]
724 1764 1034 1832 vindicate;
1072 1764 1159 1819 vel
1201 1763 1360 1818 nobis
1390 1762 1531 1819 filios
1560 1778 1684 1817 cum
1716 1762 1975 1833 religione

2083 1762 2420 1817 θεοδίδακτον
2454 1761 2716 1830 κηρύσσει
2759 1760 2858 1831 τὴν
2904 1760 3012 1812 τῶν
3056 1759 3261 1812 τέκνων
3296 1756 3449 1828 ὑμῶν
3482 1758 3673 1829 ὑμνῳ-

395 1860 704 1915 concedite.
754 1857 867 1914 Nos
923 1874 1047 1913 cum
1093 1857 1201 1912 illis
1244 1857 1508 1913 ducemus
1556 1856 1822 1919 choreas,
1880 1871 1981 1910 no-

396 1967 587 2022 vaaque
639 1952 827 2020 gloria;
875 1950 1140 2005 divinitus
1186 1948 1513 2018 inspiratum
1558 1949 1835 2003 canticum
1884 1962 1983 2017 pa-

396 2044 530 2100 riter
555 2046 871 2114 psallemus.

2083 1853 2232 1909 δίαν·
2278 1856 2355 1919 ὡς
2402 1855 2493 1908 καὶ
2533 1857 2562 1905 6
2605 1853 2873 1925 μακάριος
2919 1850 3086 1904 Δαὸὶδ
3118 1847 3541 1922 προανεφώνησε
3579 1848 3676 1904 λέ-

2085 1966 2198 2019 γων
2222 1965 2237 1979 ⁸
2284 1949 2379 2001 Ἐκ
2420 1948 2718 2016 στόματος
2750 1945 2983 2014 νηπίων
3016 1942 3117 1997 καί
3146 1940 3519 2011 θηλαζόντων
3538 1959 3682 1996 κατ.

2098 2039 2343 2108 ηρτήσω
2383 2033 2575 2091 αἶνον.
2615 2037 2685 2089 Ἢ
2709 2036 2890 2090 τοίνυν
2917 2036 3015 2107 τὴν
3041 2034 3297 2104 ὁσιότητα
3323 2034 3431 2087 τῶν
3460 2032 3676 2088 παίδων

391 2139 771 2201 οἰκειώσασθε,
824 2136 941 2210 [ὡς
989 2135 1289 2210 χρεὼν,]ἥ
1326 2135 1464 2207 μετὰ
1511 2136 1612 2207 τῆς
1662 2133 1943 2198 εὐσεϐείας
1995 2133 2120 2196 τοὺς
2151 2133 2344 2197 παῖδας
2376 2179 2388 2192 ,
2418 2135 2548 2205 ἡμῖν
2600 2130 2917 2203 χαρίσασθε.
2963 2132 3154 2202 Ἡμεῖς
3207 2129 3420 2193 τούτοις
3471 2143 3673 2198 συγχου

395 2229 682 2304 ρεύσομεν,
709 2229 804 2284 καὶ
830 2232 896 2301 τῇ
925 2231 1088 2301 καινῇ
1112 2229 1237 2300 δόξῃ
1263 2229 1324 2282 τὸ
1351 2228 1686 2283 θεοδίδακτον
1710 2223 1858 2299 ᾆσμα
1886 2225 2290 2298 συμψαλοῦμεν.

466 2345 531 2401 ν.
565 2345 710 2402 Sane
736 2346 979 2418 quidem,
1012 2364 1137 2403 cum
1161 2349 1291 2406 olim
1329 2347 1552 2403 Simeon
1591 2363 1757 2404 senex
1782 2364 1977 2404 occur-

395 2432 470 2487 rit
528 2431 798 2488 Salvatori
842 2435 912 2499 ⁷⁸,
968 2437 1225 2508 ulnisque
1256 2438 1404 2493 velut
1444 2437 1711 2492 infantem
1739 2440 1980 2509 suscepit

394 2528 723 2581 saeculorum
778 2536 1082 2597 auctorem,
1112 2538 1168 2585 et
1201 2530 1490 2585 Dominum
1531 2538 1586 2586 et
1641 2530 1809 2586 Deum
1841 2547 1979 2601 prm-

393 2618 623 2673 dicavit.
650 2618 807 2673 Nunc
830 2629 1015 2675 autem
1043 2622 1323 2677 seniorum
1352 2622 1725 2691 improborum
1744 2624 1887 2686 loco,
1920 2632 1980 2677 ut

390 2708 527 2762 olim
576 2709 819 2774 Simeon,
872 2713 1027 2781 pueri
1086 2720 1385 2767 occurrunt
1414 2711 1713 2778 Salvatori,
1767 2730 1979 2771 ramos-

390 2816 501 2871 que
532 2802 790 2857 arborum
823 2820 922 2873 pro
947 2805 1091 2861 ulnis
1124 2805 1559 2871 substernentes,
1588 2822 1750 2876 super
1770 2808 1978 2877 pullum

391 2900 655 2964 tanquam
726 2911 891 2965 super
951 2898 1235 2952 cherubim
1310 2898 1629 2963 sedentem,
1684 2899 1974 2957 Dominum

390 2985 565 3043 Deum
615 2988 947 3044 benedicunt
977 3007 991 3044 :
1026 2989 1286 3044 Hosanna
1337 2991 1449 3059 [ilio
1487 2991 1659 3046 David
1698 3008 1716 3046 :
1765 2994 1972 3047 benedi-

2154 2348 2230 2400 E'.
2264 2348 2401 2401 Ποτὲ
2439 2347 2536 2419 μὲν
2578 2345 2687 2416 γὰρ
2720 2344 2948 2416 Συμεὼν
2976 2343 3005 2397 6
3037 2341 3350 2417 πρεσϐύτης
3381 2343 3667 2413 ὑπήντησε

2083 2440 2161 2512 τῷ
2206 2441 2439 2513 Σωτῆρι,
2481 2442 2575 2494 καὶ
2626 2443 2746 2504 ταῖς
2795 2438 3064 2508 ἀγκάλαις
3105 2434 3400 2500 ὑπεδέξατο
3428 2434 3522 2488 τὸν
3550 2432 3671 2486 τῶν

2084 2533 2293 2587 αἰώνων
2336 2532 2565 2605 ποιητὴν
2605 2532 2681 2597 ὼς
2733 2531 2951 2603 βρέφος,
2995 2531 3091 2584 καὶ
3132 2529 3338 2602 Κύριον
3385 2529 3480 2583 καὶ
3527 2527 3671 2582 Θεὸν

2083 2625 2350 2696 ἐκήρυττε
2372 2641 2386 2653 ο
2423 2624 2519 2677 νῦν
2553 2623 2610 2677 δὲ
2653 2622 2773 2677 ἀντὶ
2816 2621 3203 2693 πρεσϐυτέρων
3240 2619 3570 2691 ἀγνωμόνων
3613 2619 3672 2672 οἱ

2085 2717 2276 2781 παῖδες
2319 2715 2398 2787 τῷ
2445 2716 2657 2788 Σωτῆρι
2699 2716 3037 2787 ὑπήντησαν,
3075 2714 3151 2779 ὡς
3192 2711 3439 2784 Συμεὼν,
3470 2712 3565 2765 καὶ
3593 2710 3672 2765 τὰ

2086 2809 2254 2881 κλάδη
2301 2810 2423 2863 ἀντὶ
2464 2808 2719 2879 ἀγκαλῶν
2762 2808 3143 2878 ὐπέστρωσαν,
3184 2806 3282 2860 καὶ
3320 2804 3523 2876 Κύριον
3569 2803 3672 2859 τὸν

2081 2902 2213 2956 Θεὸν
2244 2903 2564 2974 εὐλόγησαν,
2596 2903 2684 2956 τὸν
2709 2901 2803 2954 ἐπὶ
2829 2899 3009 2953 πώλου
3037 2899 3114 2963 ὠς
3141 2898 3234 2953 ἐπὶ
3259 2897 3368 2952 τῶν
3392 2894 3673 2968 χερου6ὶμ

2081 2995 2480 3067 καθεζόμενον·
2522 2994 2785 3049 Ὡσαννὰ
2817 2992 2900 3060 τῷ
2940 2991 3049 3058 υἱῷ
3096 2989 3293 3045 Δαδίδ’
3329 2987 3671 3060 εὐλογημέ-

397 3088 511 3134 :tus
534 3081 625 3151 qui
662 3081 801 3134 venit
829 3082 885 3134 in
910 3083 1119 3136 nomine
1154 3081 1390 3137 Domini.
1446 3082 1584 3138 Cum
1636 3084 1837 3156 quibus
1865 3086 1975 3139 cla-

2082 3105 2185 3154 νος
2215 3091 2247 3142 ό
2276 3088 2597 3157 ἐρχόμενος
2617 3087 2687 3141 ἐν
2714 3086 2960 3156 ὀνόματι
2986 3084 3229 3154 Κυρίου.
3261 3082 3396 3138 Μεθ’
3427 3076 3503 3137 ὧν
3530 3082 3669 3154 βοή-

388 3185 608 3224 memus
671 3178 727 3225 et
757 3185 907 3227 nos:
941 3170 1278 3229 Benedictus
1337 3174 1432 3243 qui
1488 3175 1639 3229 venit
1686 3174 1826 3229 Deus
1858 3172 1975 3230 Rex

385 3262 582 3331 gloria:
612 3281 625 3316 :
661 3264 758 3333 qui
818 3274 1045 3336 propter
1072 3281 1175 3321 nos
1240 3266 1420 3323 factus
1452 3275 1537 3323 est
1598 3283 1826 3340 pauper,
1860 3269 1977 3340 ipse

391 3350 449 3404 in
486 3354 725 3422 propriis
746 3355 864 3409 suis
896 3364 1274 3427 paupertatem
1310 3358 1590 3421 nesciens,
1634 3367 1694 3413 ut
1740 3373 1840 3414 sua
1873 3374 1975 3415 nos

387 3443 637 3500 bonitate
665 3446 864 3501 ditaret
905 3447 973 3502 ⁷⁸.
1002 3447 1335 3505 Benedictus
1366 3450 1461 3520 qui
1490 3449 1640 3506 venit
1671 3450 1724 3503 in
1764 3450 1977 3505 humili-

389 3544 522 3601 tate,
572 3538 770 3592 iterum
834 3547 1099 3596 venturus
1150 3542 1205 3595 in
1247 3543 1468 3611 gloria:
1538 3543 1772 3614 primum
1809 3559 1977 3614 super

391 3629 601 3697 pullum
636 3640 979 3696 mansuetus,
1009 3631 1316 3704 faustisque
1337 3636 1614 3691 ominibus
1642 3651 1976 3708 prosequen-

387 3721 542 3775 tibus
607 3721 948 3791 infantibus,
1004 3736 1064 3780 ut
1122 3726 1441 3799 impleretur
1504 3727 1651 3799 quod
1698 3738 1784 3784 est
1838 3731 1976 3797 scri-

389 3818 543 3881 ptum
564 3814 609 3844 ""
637 3833 650 3868 :
681 3814 793 3869 Visi
821 3827 944 3871 sunt
966 3817 1233 3888 ingressus
1263 3821 1362 3885 tui,
1393 3819 1556 3883 Deus,
1587 3821 1853 3892 ingressus
1884 3821 1977 3876 Dei

390 3903 512 3965 mei,
552 3905 687 3972 regis
712 3907 813 3959 mei
839 3908 929 3977 qui
962 3917 1040 3962 est
1072 3910 1124 3964 in
1151 3921 1365 3975 sancto;
1402 3913 1770 3981 postmodum,
1807 3914 1974 3968 terri-

392 3992 517 4050 bilis
549 4011 715 4064 super
753 3998 946 4063 nubes,
991 4002 1201 4071 angelis
1234 4005 1567 4073 stipantibus
1598 4012 1764 4076 atque
1795 4007 1970 4061 virtu-

390 4085 561 4142 tibus.
587 4085 632 4142 Ο
660 4104 956 4159 puerorum
982 4092 1566 4164 melliiluamlinguam
1594 4098 1607 4152 l
1640 4112 1674 4153 ο
1700 4097 1972 4153 sinceram

391 4176 503 4235 Deo
536 4180 861 4250 placitorum
901 4184 1243 4241 doctrinam!
1281 4187 1572 4261 Prophetia
1602 4190 1774 4246 David
1828 4189 1967 4245 edita

389 4286 614 4328 sensum
639 4275 744 4329 sub
774 4276 956 4333 littera
1002 4281 1334 4350 occultavit;
1397 4285 1574 4354 pueri,
1625 4295 1817 4355 aperto
1853 4287 1973 4341 the-

389 4378 580 4427 sauro,
629 4365 852 4423 divitias
906 4372 1253 4438 protulerunt
1318 4374 1376 4428 in
1429 4375 1647 4457 lingua;
1703 4379 1971 4448 plenoque

2080 3196 2260 3250 σωμεν
2293 3180 2387 3232 καὶ
2428 3180 2614 3251 ἡμεῖς·
2648 3175 3025 3251 Εὐλογημένος
3056 3179 3085 3231 6
3116 3175 3284 3229 ἐλθὼν
3326 3174 3459 3239 Θεὸς
3501 3173 3671 3244 βασι-

2076 3269 2201 3334 λεὺς
2242 3270 2350 3341 (98)
2395 3270 2497 3340 τῆς
2537 3269 2731 3342 δόξης·
2770 3273 2798 3325 6
2845 3267 3201 3340 πτωχεύσας,
3249 3269 3308 3321 ὲν
3342 3268 3458 3330 τοῖς
3506 3266 3668 3331 ἰδίοις

2075 3361 2243 3416 αὐτοῦ
2271 3360 2639 3432 ἀπτιὶηίευτος,
2674 3362 2740 3416 δι’
2784 3363 2950 3433 ἡμᾶς,
2981 3362 3064 3415 ἵνα
3101 3360 3250 3431 ἡμᾶς
3283 3357 3545 3430 πλουτίαῃ
3591 3359 3665 3430 τῇ

2076 3453 2246 3508 αὐτοῦ
2274 3453 2591 3526 ἀγαθότητι.
2624 3453 3000 3525 Εὐλογημένος
3026 3456 3055 3507 6
3094 3451 3263 3506 ἐλθὼν
3294 3452 3354 3506 ὲν
3385 3448 3666 3504 ταπεινώ-

2078 3566 2181 3615 σει,
2216 3550 2311 3603 καὶ
2334 3549 2495 3604 πάλιν
2517 3548 2811 3621 ἐρχόμενος
2837 3549 2895 3600 ὲν
2922 3546 3046 3618 δόξῃ
3070 3563 3085 3577 ·
3110 3545 3324 3618 πρῶτον
3354 3543 3447 3598 ἐπὶ
3472 3542 3665 3597 πώλου

2075 3642 2275 3716 πραῢς,
2319 3643 2415 3696 καὶ
2459 3642 2565 3695 ὐπὸ
2615 3641 2825 3713 νηπίων
2873 3639 3306 3712 εὐφημούμενος,
3339 3639 3488 3701 ὅπως
3516 3636 3665 3707 πλη-

2076 3734 2225 3808 ρωθῇ
2270 3735 2330 3787 τὸ
2377 3733 2762 3807 γεγραμμένον
2783 3750 2798 3764 ο
2846 3732 3297 3800 Ἐθεωρήθησαν
3336 3733 3396 3784 αἱ
3423 3728 3668 3798 πορεῖαι

2075 3827 2252 3890 σου,ό
2283 3824 2447 3890 Θεὸς,
2482 3827 2541 3877 αὶ
2568 3822 2797 3892 πορεῖαι
2834 3822 2941 3876 τοῦ
2981 3819 3130 3876 Θεοῦ
3165 3838 3286 3891 μου
3322 3820 3428 3874 τοῦ
3475 3822 3669 3874 Βασι-

2073 3915 2227 3980 λέως
2256 3915 2362 3969 τοῦ
2389 3914 2459 3967 ἐν
2491 3913 2669 3984 ἀγίῳο
2702 3913 2970 3986 δεύτερον,
3007 3911 3237 3983 φοϐερὸς
3281 3912 3373 3965 ἐπὶ
3415 3910 3525 3963 τῶν
3568 3927 3633 3965 νε
3657 3944 3669 3954 ο

2075 4006 2252 4076 φελῶν
2302 4007 2408 4061 ὑπὸ
2443 4007 2688 4075 ἀγγέλων
2720 4008 2815 4061 καὶ
2854 4005 3137 4077 δυνάμεων
3165 4003 3660 4076 δορυφορούμενος.

2079 4102 2144 4153 Ὢ
2192 4101 2289 4172 τῆς
2351 4099 2674 4171 μελιρρύτου
2720 4099 2828 4153 τῶν
2877 4098 3083 4151 παίδων
3133 4094 3413 4166 γλώττης,
3456 4095 3503 4147 ὣ
3554 4094 3667 4166 τῆς

2074 4192 2456 4264 ἀκαπηλεύτου
2479 4191 2823 4255 διδασκαλίας
2848 4190 2955 4244 τῶν
2980 4188 3318 4261 θεαρέοτωνί
3343 4186 3509 4242 Δαϐὶδ
3529 4204 3666 4259 προ-

2076 4282 2347 4356 φητεύσας
2372 4284 2477 4337 ὑπὸ
2503 4283 2563 4337 τὸ
2588 4283 2820 4356 γράμμα
2850 4282 3083 4352 ἐκάλυψε
3124 4282 3185 4335 τὸ
3207 4282 3415 4352 νόημα·
3443 4280 3658 4345 παῖδες,

2074 4376 2164 4429 τὸν
2209 4375 2482 4447 θησαυρὸν
2527 4376 2858 4442 ἀνοίξαντες,
2894 4376 2986 4427 ἐπὶ
3018 4373 3265 4446 γλώττης
3291 4374 3381 4427 τὸν
3424 4371 3661 4425 πλοῦτον

389 4456 567 4526 gratia
599 4473 872 4525 sermone,
902 4461 1051 4517 clare
1079 4479 1272 4520 omnes
1305 4467 1371 4521 ad
1399 4455 1502 4522 eas
1526 4468 1786 4525 fruendas
1807 4487 1973 4527 vocam

2082 4470 2477 4540 προσήνεγκαν,
2531 4468 2624 4522 καὶ
2664 4467 2806 4538 λόγῳ
2855 4466 3279 4537 κεχαριτωμένῳ
3317 4464 3665 4538 διαπρυσίοις

388 4555 540 4602 runt.
574 4548 910 4607 Hauriamus
968 4553 1153 4624 itaque
1182 4565 1238 4611 et
1273 4573 1374 4612 nos
1423 4574 1547 4614 cum
1589 4561 1724 4630 ipsis
1752 4563 1971 4619 divitias

390 4654 500 4694 non
531 4638 866 4699 auferibiles.
899 4642 1324 4717 lnexplcbilibus
1353 4651 1565 4707 sinibus
1609 4653 1972 4725 penubusque

390 4745 721 4801 reponamus
758 4736 944 4793 divina
968 4739 1325 4796 charismata.
1360 4741 1672 4800 Clamemus
1701 4746 1820 4801 sine
1860 4756 1974 4803 ler-

388 4824 540 4878 tnino
572 4844 584 4880 :
622 4825 936 4883 Benedictus
964 4831 1056 4901 qui
1083 4834 1217 4886 venit
1249 4833 1303 4886 in
1325 4836 1533 4889 nomine
1551 4835 1767 4891 Domini
1788 4856 1805 4892 :
1828 4837 1970 4895 Deus

388 4929 576 4979 verus,
608 4918 663 4972 in
695 4921 917 4975 nomine
944 4919 1037 4975 Dei
1061 4923 1197 4985 veri,
1248 4925 1596 4994 omnipotens
1625 4943 1689 4981 ex
1717 4929 1968 4998 omnipo-

389 5015 557 5073 tente,
587 5009 759 5067 Filius
786 5013 843 5067 in
872 5015 1090 5070 nomine
1116 5014 1316 5080 Patris,
1352 5015 1462 5071 Rex
1482 5033 1646 5074 verus
1668 5028 1722 5075 et
1746 5036 1812 5075 ex
1838 5035 1969 5076 vero

392 5098 572 5169 Rege;
608 5103 789 5172 cujus,
825 5113 884 5158 ut
904 5109 1025 5175 ejus
1053 5107 1144 5177 qui
1172 5109 1378 5177 genuit,
1409 5117 1739 5165 coaeternum
1771 5120 1855 5167 est
1887 5128 1970 5167 re-

393 5207 561 5261 gnum
617 5201 672 5248 et
707 5206 1101 5266 prwieternum.
1145 5199 1241 5255 Est
1288 5201 1432 5256 enim
1483 5201 1615 5255 illud
1653 5217 1965 5269 commune,

2075 4559 2283 4622 πάντας
2320 4560 2413 4612 ἐπὶ
2460 4558 2559 4629 τὴν
2601 4558 2900 4612 ἀπόλαυσιν
2944 4557 3227 4611 ἐκάλεσαν.
3275 4556 3668 4627 Ἀντλήσωμεν

2071 4650 2361 4723 τοιγαροῦν
2395 4652 2488 4704 καὶ
2528 4653 2690 4722 ἡμεῖς
2725 4648 2860 4721 [σὺν
2893 4647 3115 4722 αὐτοῖς]
3150 4649 3241 4702 τὸν
3293 4649 3669 4720 ἀναφαίρετον

2074 4741 2321 4795 πλοῦτον.
2371 4741 2693 4814 ’Λπλήστοις
2722 4739 2940 4803 κόλποις
2966 4740 3062 4793 καὶ
3086 4740 3356 4811 ταμιείοις
3389 4738 3672 4792 ὲναποθώ-

2077 4835 2214 4907 μεθα
2244 4834 2313 4888 τὰ
2345 4834 2462 4888 θεῖα
2496 4834 2829 4908 χαρίσματα.
2867 4834 3164 4905 Βοήσωμεν
3195 4833 3509 4904 ἀπέραντα·
3538 4837 3664 4887 Εὑ-

2073 4926 2405 4996 λογημένος
2444 4930 2478 4981 ὁ
2504 4928 2826 4996 ἐρχόμενος
2853 4927 2923 4980 ἐν
2951 4928 3194 4995 ὀνόματι
3234 4926 3488 4993 Κυρίουο
3522 4924 3666 4991 Θεὸς

2074 5021 2329 5092 ἀληθινὸς
2351 5022 2408 5074 ὲν
2431 5021 2654 5091 ὀνόματι
2682 5020 2816 5073 Θεοῦ
2849 5019 3103 5092 ἀληθινοῦ
3120 5038 3133 5051 °
3168 5019 3568 5092 παντοκράτωρ
3597 5021 3667 5073 ὲκ

2072 5112 2167 5165 τοῦ
2198 5112 2637 5184 παντοκράτορος
2659 5129 2673 5142 ·
2713 5112 2841 5175 Υἱὸς
2870 5115 2928 5166 ὲν
2965 5113 3190 5183 ὀνόματι
3217 5112 3430 5182 Πατρός
3448 5128 3462 5141 ·
3494 5111 3667 5165 Βασι-

2074 5203 2199 5269 λεὺς
2226 5206 2497 5270 ἀληθινὸς,
2531 5205 2590 5274 ἐξ
2623 5206 2878 5277 ἀληθινοῦ
2912 5206 3185 5271 Βασιλέως
3207 5222 3222 5236 ·
3256 5205 3527 5260 ωναῖδιον
3561 5202 3667 5259 καὶ

458 5345 506 5378 ⁷³
526 5344 641 5402 Ιεα.
669 5362 821 5416 xxxx,
852 5349 1036 5408 22-24.
1112 5352 1159 5386 ⁷⁸
1187 5352 1341 5411 Psal.
1371 5369 1490 5422 vm,
1522 5354 1577 5409 5.
1654 5356 1699 5388 ⁷⁸
1728 5354 1856 5410 Luc.
1901 5372 1962 5425 ιι,

2158 5360 2207 5393 ⁷⁸
2234 5359 2273 5414 ll
2296 5360 2422 5420 Cor.
2455 5378 2572 5430 vm,
2595 5362 2649 5419 9.
2680 5392 2691 5400 -
2727 5364 2771 5395 "
2802 5362 2960 5420 Psal.
2986 5382 3158 5435 vau,
3182 5367 3275 5423 ‘25.

462 5496 573 5581 (97)
604 5502 780 5581 Ὅταν
813 5503 983 5561 ἴδωσι
1003 5506 1545 5581 *τὰ-τέκνααὺτῶν
1572 5509 1645 5564 τὰ
1679 5512 1823 5581 ἔργα
1842 5530 1961 5581 μου

388 5572 691 5651 ποιοῦντα.
736 5572 885 5630 Unus
917 5578 1083 5632 codex
1111 5579 1370 5651 habetat),
1390 5581 1662 5643 ποιοῦντα,
1686 5572 1961 5651 adjectum

2071 5512 2344 5569 Methodio
2375 5521 2658 5575 sententia.

2142 5586 2272 5662 ς98)⁸
2296 5588 2358 5640 '0
2379 5590 2569 5646 é.t.,dw
2604 5591 2748 5659 Θεὸς
2768 5593 2985 5658 βασιλ.
3019 5595 3128 5662 ΑΙ.,
3165 5598 3196 5651 6
3247 5598 3311 5650 ὲκ
3343 5593 3483 5649 Θεοῦ
3516 5593 3669 5662 Θεὸς

390 5641 932 5729 fot'sanglossemate
975 5667 987 5701 :
1040 5666 1249 5729 aclnec
1296 5641 1657 5729 Hieronymus
1702 5641 1829 5729 legit
1862 5662 1957 5706 aut
2064 5655 2095 5709 6
2132 5641 2310 5729 βασιλ.

390 5709 647 5779 Cyrinus,
693 5724 1017 5787 constatque
1055 5721 1190 5775 satis
1226 5709 1528 5791 appositive
1568 5709 1816 5793 legendo,
1856 5738 1957 5778 sua
