3890 6166
297 281 402 337 595

1395 279 1627 339 SERMO
1664 282 1731 338 IN
1763 283 2003 341 RAMOS
2041 284 2446 344 PALMARUM.

3441 307 3548 362 594

295 394 623 467 προαιώνιον
641 394 740 468 τὴν
767 393 1042 466 βασιλείαν
1067 393 1228 466 ἔχων,
1257 395 1334 460 ὡς
1357 397 1386 449 6
1405 398 1670 468 γεννήσας
1687 398 1857 452 αὐτόν.

1975 413 2078 454 nec
2110 400 2230 470 ejus
2259 401 2542 467 honorem,
2567 403 2715 460 velut
2731 405 2951 465 aliunde
2973 411 3245 482 adveniat,
3263 415 3544 492 Scriptura

294 490 465 563 Κοινὴ
504 489 615 562 γὰρ
655 490 691 560 ὴ
732 487 997 559 βασιλεία,
1033 488 1128 542 καὶ
1169 487 1269 540 οὐκ
1306 484 1506 553 ἔξωθεν
1545 488 1644 560 τὴν
1671 488 1873 560 ταύτης

292 584 459 654 τιμήν
486 580 564 653 τῷ
593 579 708 652 Υἱῷ
733 583 763 634 6
787 579 944 648 λόγος
983 578 1343 651 προσκληροῦ
1378 579 1498 633 οὐδὲ
1537 579 1872 653 ἀρξαμένην,

289 675 412 731 οὐδὲ
435 673 872 748 προσγινομένην
899 690 913 704 °
947 672 1160 742 ἄπαγει
1196 672 1331 727 ἀλλὰ
1359 673 1592 746 φυσικὴν
1623 675 1718 729 καὶ
1749 675 1873 729 ἰδιό-

291 784 491 839 κτητον
539 765 777 838 ἀληθῶς.
830 765 948 819 Μία
990 764 1101 836 γὰρ
1149 765 1182 836 ή
1236 763 1482 835 βασιλεία
1532 766 1746 838 Πατρὸς
1776 766 1873 820 καὶ

289 859 426 914 Υίοῦ
465 859 559 912 καὶ
596 857 754 928 ἁγίου
800 856 1144 928 Πνεῦματος⁸
1187 856 1376 930 ὥσπερ
1423 859 1518 912 καὶ
1566 858 1663 930 μία
1695 858 1868 925 οὐσία,

287 953 388 1006 καὶ
425 951 522 1023 μία
563 949 842 1022 κυριότης.
878 948 1041 1003 Ὅθεν
1092 949 1186 1002 καὶ
1231 950 1329 1022 μίᾳ
1376 952 1745 1024 προσκυνήσει
1777 951 1872 1006 λα-

283 1046 553 1120 τρεύομεν
608 1045 735 1116 μίαν
785 1043 1213 1117 τρισυπόστατον
1269 1044 1507 1117 Θεότητα
1534 1083 1548 1108 ,
1601 1044 1866 1117 ἄναρχον,

285 1141 563 1203 ἄκτιστον,
596 1137 899 1210 ἀπέραντον
926 1136 1020 1191 ita).
1052 1135 1348 1206 ἀδιάδοχον.
1390 1136 1529 1190 Οὔτε
1569 1135 1678 1209 γὰρ
1702 1139 1730 1189 6
1755 1138 1870 1190 Πα-

283 1232 393 1304 τήρ
437 1229 719 1301 παύσηταί
763 1246 892 1282 ποτε
937 1227 1032 1281 τοῦ
1075 1223 1214 1282 εἶναι
1256 1229 1478 1302 Πατήρ·
1514 1229 1639 1284 οὔτε
1674 1232 1703 1282 6
1742 1230 1870 1295 Υἱὸς

284 1323 381 1378 τοῦ
412 1318 549 1376 εἶναι
591 1322 724 1384 Υίὸς
762 1321 857 1374 καὶ
891 1318 1143 1390 βασιλεὺς
1163 1337 1175 1348 ·
1207 1317 1331 1373 οὔτε
1363 1321 1420 1374 δὲ
1450 1323 1511 1374 τὸ
1554 1321 1778 1393 Πνεῦμα
1808 1322 1868 1376 τὸ

283 1415 442 1484 ἆγιον
471 1410 566 1466 τοῦ
592 1407 732 1464 εἶναι
756 1409 914 1464 τοῦτο
937 1410 1075 1481 ὅπερ
1108 1409 1226 1462 ἐστὶ
1254 1414 1319 1483 τῇ
1353 1411 1670 1467 ὑποστάσει.
1699 1412 1866 1466 Οὐδὲν

281 1506 396 1579 γὰρ
433 1507 530 1579 τῆς
576 1504 804 1578 Τριάδος
853 1502 1310 1575 ἐλαττωθήσεται,
1344 1506 1377 1576 ἦ
1412 1507 1512 1578 τῆς
1544 1498 1863 1577 άῖδιότητος,

281 1599 318 1670 ἢ
353 1598 452 1668 τῆς
487 1597 798 1667 κοινότητος
837 1595 932 1650 καὶ
963 1594 1256 1666 βασιλείας.
1288 1597 1363 1651 Οὐ
1397 1597 1506 1670 γάρ
1542 1599 1624 1652 ὅτι
1656 1598 1867 1672 άνθρω-

283 1709 387 1756 πος
430 1691 621 1760 γέγονε
651 1691 720 1745 δι’
752 1692 902 1763 ἡμᾶς
929 1693 958 1745 6
988 1691 1117 1756 Υίὸς
1157 1690 1251 1745 τοῦ
1287 1691 1445 1755 Θεοῦ,
1479 1693 1572 1747 καὶ
1609 1694 1701 1749 τὸν
1741 1695 1863 1750 καθ’

1976 490 2118 546 Filio
2149 492 2379 548 tribuit:
2434 494 2521 549 vel
2572 497 2731 566 quasi
2813 497 3098 572 inceperit,
3140 490 3432 566 accedatve
3452 519 3550 566 aut

1974 583 2256 639 minuatur
2288 605 2300 638 :
2337 585 2482 642 absit
2509 586 2613 642 hoc
2645 607 2658 643 :
2687 587 2782 645 sed
2804 591 2952 648 velut
2981 596 3124 666 quod
3155 612 3186 652 a
3223 606 3422 656 natura
3455 619 3550 659 vc-

1974 689 2144 746 reque
2170 676 2392 747 propria
2441 680 2816 752 possessione,
2851 685 2995 754 juris
3033 687 3209 758 ipsius
3240 691 3332 747 sit.
3361 690 3544 747 Unum

1973 767 2176 839 quippe
2205 785 2434 842 regnum
2465 780 2549 828 est
2578 771 2779 840 Patris,
2819 786 2874 832 et
2895 777 3041 847 Filii,
3067 790 3121 837 et
3150 781 3388 854 Spiritus
3418 801 3548 842 san-

1972 859 2069 924 cti,
2123 862 2583 932 quemadmodum
2623 865 2786 921 etiam
2820 879 2904 923 est
2928 886 3037 926 una
3078 873 3387 931 substantia
3407 891 3546 931 una-

1971 968 2081 1023 que
2099 954 2420 1012 dominatio.
2445 955 2601 1015 Unde
2631 967 2686 1015 et
2714 975 2822 1015 una
2845 963 3164 1023 adoratione
3207 983 3372 1024 unam
3402 970 3547 1026 trina
3581 954 3589 964 ’

1971 1045 2358 1104 subsistentem
2389 1047 2653 1107 Deitatem
2673 1052 2924 1121 colimus,
2958 1057 3216 1131 principii
3243 1069 3542 1132 expertem,

1970 1137 2290 1205 increatam,
2316 1140 2772 1202 interminabilem
2797 1155 2852 1203 et
2878 1148 2965 1203 cui
2999 1165 3292 1210 successor
3320 1155 3546 1214 minime

1970 1229 2061 1284 sit.
2089 1227 2224 1283 Nam
2251 1245 2427 1302 neque
2468 1230 2631 1289 Pater
2675 1250 2915 1306 unquam
2959 1238 3185 1298 desierit
3210 1258 3333 1300 esse
3357 1243 3541 1312 Pater,

1970 1340 2148 1396 neque
2168 1323 2340 1382 Filius
2362 1341 2486 1382 esse
2511 1324 2684 1384 Filius
2709 1335 2764 1384 et
2808 1343 2928 1396 rex,
2952 1347 3130 1404 neque
3153 1332 3393 1406 Spiritus
3416 1354 3545 1395 san-

1969 1421 2092 1470 ctus
2123 1428 2247 1470 esse
2274 1414 2420 1485 quod
2447 1415 2802 1472 subsistentia
2827 1424 2881 1474 et
2911 1435 3010 1475 sua
3030 1422 3148 1492 ipse
3176 1439 3409 1494 persona
3434 1435 3536 1484 est.

1966 1506 2115 1562 Nihil
2161 1507 2305 1563 enim
2341 1507 2630 1565 Trinitatis
2670 1520 2764 1566 aut
2794 1503 3117 1583 mte'rnitate,
3175 1524 3268 1573 aut
3294 1535 3545 1577 commu-

1966 1599 2132 1655 nione
2161 1605 2214 1654 et
2243 1613 2412 1669 regno
2443 1598 2798 1657 minuendum
2825 1609 2927 1660 est.
2966 1602 3087 1661 Non
3119 1607 3264 1663 enim
3289 1608 3412 1666 ideo
3445 1608 3544 1666 Dei

1966 1685 2139 1744 Filius
2167 1688 2348 1744 dictus
2402 1686 2507 1744 fuit
2563 1689 2716 1758 Rex,
2773 1693 2902 1763 quia
2941 1701 3164 1766 propter
3192 1689 3308 1755 nos
3364 1699 3546 1760 factus

281 1784 441 1856 ήμῶν
476 1783 736 1856 τύραννον
768 1781 1116 1855 [κατέϐαλεν]
1142 1783 1200 1836 ὲν
1223 1786 1289 1855 τῇ
1321 1784 1506 1857 σαρκὶ,
1530 1785 1704 1860 ταύτῃ
1725 1804 1857 1860 πρα-

1970 1779 2155 1847 homo,
2179 1780 2561 1837 adversantem
2586 1770 2746 1839 nobis
2773 1790 3095 1856 tyrannum,
3127 1788 3184 1844 in
3213 1805 3380 1848 carne
3412 1807 3541 1864 pro-

280 1878 688 1949 γματευόμενος
712 1878 811 1950 τὴν
841 1876 984 1932 κατὰ
1014 1877 1106 1932 τοῦ
1137 1876 1438 1948 δυσμενοῦς
1473 1879 1642 1952 αὐτῆς
1662 1880 1859 1954 ἐχθροῦ

280 1970 462 2040 νίκην,
511 1969 599 2024 διὰ
636 1969 798 2023 τοῦτο
856 1968 1108 2040 βασιλεὺς
1150 1970 1550 2041 ἐχρημάτισενο
1605 1971 1720 2026 ἀλλ’
1779 1974 1861 2028 ὅτι

280 2064 489 2135 Κύριος
538 2064 632 2118 καὶ
673 2063 804 2127 Θεὸς
852 2063 960 2127 ἀεὶ,
1001 2061 1090 2116 διὰ
1119 2061 1277 2116 τοῦτο
1313 2063 1408 2116 καὶ
1448 2063 1700 2135 βασιλεὺς
1727 2065 1804 2130 ὡς
1833 2068 1863 2120 6

276 2159 550 2230 γεννήσας
581 2157 742 2211 αὐτόν
763 2175 778 2188 ·
808 2157 924 2210 νυνὶ
956 2156 1034 2221 δὲ,
1067 2157 1161 2211 καὶ
1197 2154 1332 2226 μετὰ
1355 2156 1454 2227 τῆς
1484 2155 1860 2229 προσλήψεως,

277 2251 378 2306 καὶ
407 2253 490 2314 είς
516 2251 575 2304 τὸ
601 2249 865 2319 διηνεκές.
898 2248 990 2320 Μὴ
1028 2247 1338 2321 βλασφήμει
1368 2249 1467 2320 τὴν
1496 2247 1591 2302 τοῦ
1623 2248 1862 2321 Χριστοῦ

281 2341 582 2412 βασιλείαν,
623 2340 888 2412 αἱρετικὲ,
922 2340 1012 2394 ἵνα
1045 2339 1120 2410 μὴ
1158 2339 1249 2394 τὸν
1286 2341 1622 2411 γεννήσαντα
1659 2339 1862 2412 ἀτιμά-

280 2452 401 2506 σης.
433 2435 498 2488 Ei
532 2433 721 2497 πιστὸς
749 2427 820 2496 εἷ,
854 2431 1062 2495 πιστῶς
1087 2430 1353 2502 πρόσελθε
1382 2429 1605 2503 Χριστῷ
1632 2431 1711 2503 τῷ
1736 2431 1864 2503 άλη-

277 2527 414 2600 θινῷ
455 2526 574 2598 Θεῷ
610 2525 788 2598 ήμῶν,
829 2525 926 2579 καὶ
967 2522 1054 2594 μὴ
1076 2522 1557 2594 ὼςέπικάλυμμα
1572 2522 1732 2593 ἔχων
1751 2523 1862 2591 τῆς

277 2621 494 2686 κακίας
512 2618 627 2687 τὴν
646 2617 1015 2686 ἐλευθερίαν.
1059 2617 1122 2670 Ei
1162 2615 1342 2681 δοῦλος
1382 2612 1451 2680 εἶ,
1482 2616 1759 2688 ὲντρόμως
1782 2615 1862 2688 τῷ

279 2713 529 2786 Δεσπότῃ
555 2710 878 2782 ὑποτάγηθι.
897 2710 954 2764 '0
995 2708 1104 2779 γὰρ
1149 2708 1468 2780 Λογομάχος
1493 2708 1623 2780 (99),
1655 2709 1756 2762 οὐκ
1769 2708 1861 2763 εὐ-

275 2804 512 2876 γνώμων
559 2803 766 2868 δοῦλος,
812 2801 948 2857 ἀλλὰ
989 2799 1268 2872 προδήλως
1315 2800 1606 2872 δυσμενής.
1653 2800 1864 2874 Γέγρα-

274 2916 414 2954 πται
437 2896 546 2968 γάρ
570 2913 583 2924 ο
621 2896 676 2949 Ὀ
699 2895 786 2965 μὴ
818 2893 1002 2964 τιμῶν
1029 2894 1136 2948 τὸν
1166 2896 1302 2949 Υίὸν
1341 2895 1413 2949 οὺ
1454 2892 1592 2964 τιμᾷ
1612 2893 1720 2948 τὸν
1741 2897 1862 2949 Πα-

273 2986 422 3056 τέρα
444 2987 550 3040 τὸν
573 2985 895 3055 πέμψαντα
919 2986 1128 3039 αὐτόν.

348 3083 441 3148 ς’.
486 3080 680 3149 Ἡμεῖς
707 3078 786 3142 δὲ,
821 3078 1118 3149 ἀγαπητοὶ,
1147 3077 1273 3131 ὅθεν
1310 3077 1597 3149 ἐξέϐημεν,
1630 3077 1860 3132 ἐπανέλ-

1961 1871 2238 1937 straverit,
2256 1881 2408 1943 parta
2441 1889 2538 1944 per
2558 1890 2700 1940 eam,
2720 1883 2911 1931 contra
2932 1878 3104 1949 ipsius
3133 1883 3407 1940 crudelem
3438 1887 3544 1944 ho-

1964 1972 2124 2032 stem,
2159 1966 2388 2022 victoria
2419 1967 2551 2024 :sed
2569 1970 2697 2039 quia
2727 1977 2811 2025 est
2833 1986 3052 2043 semper
3071 1973 3335 2034 Dominus
3367 1977 3541 2037 Deus-

1961 2073 2090 2129 que,
2133 2059 2255 2116 ideo
2309 2067 2366 2115 et
2418 2061 2604 2125 modo,
2635 2067 2690 2117 et
2750 2073 2876 2133 post
2906 2077 3130 2122 carnem
3174 2079 3538 2144 assumptam,

1968 2159 2133 2223 atque
2158 2152 2216 2207 in
2246 2163 2590 2223 perpetuum,
2621 2153 2734 2210 Rex
2758 2165 2964 2228 manet,
3002 2162 3462 2232 quemadmodum
3493 2167 3540 2222 is

1964 2246 2062 2315 qui
2109 2245 2318 2316 genuit.
2383 2245 2528 2310 Noli,
2569 2247 2842 2314 haeretice,
2883 2266 3113 2322 regnum
3151 2254 3356 2312 Christi
3392 2257 3541 2316 ωδε.

1969 2335 2250 2405 phemare,
2283 2345 2342 2390 ut
2370 2353 2441 2392 ne
2470 2353 2597 2393 eum
2642 2340 2736 2410 qui
2766 2342 2952 2412 genuit
2982 2343 3282 2416 ignominia
3311 2347 3536 2408 afﬁcias.

1965 2425 2023 2482 Si
2051 2444 2111 2485 es
2143 2428 2338 2494 fidelis,
2388 2429 2493 2486 ﬁde
2549 2429 2617 2485 ad
2655 2431 2936 2490 Christum
2995 2453 3184 2494 verum
3237 2438 3408 2496 Deum
3436 2457 3540 2498 no-

1964 2530 2140 2576 strum
2187 2523 2410 2589 accede,
2445 2533 2499 2579 et
2521 2542 2624 2580 non
2653 2536 2908 2598 tanquam
2933 2529 3169 2586 velamen
3198 2533 3421 2589 malitia:
3447 2534 3541 2590 Iza-

1925 2653 1928 2656 .
1962 2611 2084 2670 bens
2112 2613 2409 2671 libertatem
2426 2617 2493 2673 ⁷⁸.
2525 2617 2584 2672 Si
2614 2635 2675 2676 es
2726 2635 2941 2690 servus,
2982 2639 3108 2680 cum
3138 2636 3378 2684 tremore
3408 2628 3542 2684 sub-

1955 2705 2127 2776 jicere
2154 2707 2406 2765 Domino.
2436 2708 2543 2792 Qui
2563 2712 2711 2767 enim
2753 2711 2993 2771 Verbum
3025 2715 3169 2774 bello
3216 2719 3449 2790 impetit,
3489 2722 3540 2778 is

1959 2816 2073 2856 non
2121 2817 2315 2859 servus
2354 2803 2674 2870 benevolus,
2709 2806 2805 2862 sed
2858 2808 3184 2868 manifestus
3231 2820 3316 2870 est
3337 2813 3534 2870 hostis.

1958 2891 2096 2946 Nam
2129 2893 2395 2962 scriptum
2423 2902 2508 2950 est
2542 2913 2556 2948 :
2585 2895 2690 2962 Qui
2729 2912 2835 2950 non
2884 2895 3111 2953 honorat
3153 2897 3384 2967 Filium,
3427 2917 3536 2957 non

1960 2986 2184 3037 honorat
2222 2983 2439 3040 Patrem
2460 2986 2551 3056 qui
2574 2987 2718 3041 misit
2743 2986 2897 3041 illum
2935 2989 3001 3042 "’.

2031 3072 2121 3128 Vl.
2155 3073 2268 3131 Nos
2291 3082 2498 3141 autem,
2525 3075 2736 3142 dilecti,
2781 3093 2847 3133 eo
2879 3086 3220 3135 revertamur
3261 3095 3537 3143 sermone,

273 3172 461 3245 θωμεν
492 3172 570 3244 τῷ
602 3170 767 3242 λόγῳ,
803 3168 1063 3240 βοῶντες·
1088 3169 1514 3240 Εὐλογημένος
1546 3171 1580 3222 ό
1609 3169 1854 3239 ἐρχόμε-

1961 3162 2107 3219 unde
2127 3164 2506 3231 discessimus,
2555 3167 2895 3224 clamantes:
2931 3167 3245 3225 Benedictus
3277 3171 3369 3242 qui
3397 3172 3536 3227 venit

273 3283 385 3332 νος
419 3264 491 3318 ἐν
512 3265 754 3334 ὀνόματι
775 3262 999 3331 Κυρίου
1024 3277 1039 3290 ·
1069 3261 1099 3314 6
1124 3261 1329 3333 ποιμὴν
1348 3263 1378 3315 6
1404 3260 1569 3324 καλὸς
1599 3262 1694 3314 καὶ
1718 3263 1859 3332 ἀγα-

274 3358 390 3424 θος,
428 3356 598 3410 θεῖναι
625 3354 722 3426 τὴν
753 3353 1111 3426 ψυχὴνάὑτοῦ
1141 3352 1403 3416 ἑκουσίως
1431 3353 1570 3425 ὑπὲρ
1602 3352 1711 3406 τῶν
1732 3371 1862 3425 προ-

272 3446 456 3503 ϐάτων
482 3445 647 3502 αὐτοῦ
667 3463 682 3477 ο
711 3445 778 3500 ἵν’
804 3446 994 3518 ὥσπερ
1027 3444 1105 3517 (1)
1137 3445 1265 3508 τοὺς
1308 3443 1559 3516 πρόϐατα
1603 3445 1857 3516 σιτουμέ-

269 3560 400 3606 νους
427 3541 624 3605 λύκους
655 3541 912 3613 προϐάτῳ
948 3538 1262 3594 άλίσκουσιν
1293 3540 1342 3592 οί
1370 3537 1688 3610 λυκόθηρες,
1713 3538 1856 3594 οὕτω

268 3637 386 3698 τοῖς
414 3636 622 3707 νοητοῖς
651 3633 747 3687 καὶ
775 3631 1136 3704 ψυχοφθόροις
1160 3630 1366 3695 λύκοις,
1417 3630 1609 3684 ἑαυτὸν
1647 3630 1722 3696 ὡς
1758 3630 1856 3686 άν-

270 3728 490 3799 θρωπον
513 3725 769 3799 προσθεὶς
793 3727 826 3779 ὀ
849 3722 1236 3794 ἀρχιποιμὴν,
1259 3722 1482 3794 θήραμα
1504 3723 1705 3797 ποιήσῃ
1729 3725 1856 3789 τοὺς

271 3819 670 3893 θηρεύσαντας,
690 3817 769 3889 τῷ
784 3818 949 3873 πάλαι
974 3817 1039 3889 θη
1049 3816 1326 3888 ρευσθέντι
1353 3816 1445 3869 ὑπ’
1467 3815 1646 3868 αὐτῶν
1661 3813 1852 3886 Ἀδάμ.

268 3910 698 3983 Εὐλογημένος
741 3913 775 3965 ὀ
817 3909 1143 3979 ἐρχόμενος
1189 3908 1260 3961 ἐν
1304 3907 1550 3976 ὀνόματι
1592 3905 1850 3974 Κυρίου·

269 4006 406 4070 θεδς
438 4005 581 4060 κατὰ
611 4004 705 4058 τοῦ
731 4003 976 4058 διαϐόλου
997 4018 1010 4032 ·
1036 4000 1096 4054 οὐ
1124 3997 1374 4072 φανερῶς
1399 3997 1488 4050 διὰ
1516 3995 1616 4067 τῆς
1648 3997 1855 4069 ἀπροσ-

269 4100 506 4154 οιλέπτου
534 4098 834 4168 δυνάμεως,
861 4093 998 4149 ἀλλὰ
1025 4091 1112 4147 διὰ
1144 4092 1246 4163 τῆς
1281 4091 1564 4154 ἀσθενείας
1587 4089 1689 4159 τῆς
1724 4106 1855 4158 σαρ-

267 4194 388 4258 κὸς,
420 4193 582 4262 δῆσαι
622 4190 714 4243 τὸν
753 4189 874 4244 καθ’
907 4185 1063 4260 ήμῶν
1099 4185 1338 4257 ἰσχυρόν.
1364 4181 1787 4253 Εὐλογημένος
1819 4185 1853 4236 ό

266 4285 592 4354 ἐρχόμενος
617 4281 690 4336 ἐν
715 4282 960 4350 ὀνόματι
1005 4277 1262 4346 Κυρίου⁸
1297 4273 1549 4347 βασιλεὺς
1581 4273 1723 4328 κατὰ
1756 4269 1851 4325 τοῦ

265 4376 536 4450 τυράννου
559 4390 574 4404 ο
625 4372 688 4426 οὐ
735 4371 824 4426 διὰ
867 4371 970 4442 τῆς
1021 4367 1526 4440 παντοκρατορικῆς
1571 4364 1851 4435 δυνάμεως

264 4472 366 4526 καὶ
398 4469 610 4538 σοφίας,
641 4466 778 4521 ἀλλὰ
813 4465 905 4520 διὰ
952 4464 1052 4534 τῆς
1078 4462 1427 4534 νομισθείσης
1471 4458 1564 4514 τοῦ
1615 4455 1850 4528 σταυροῦ

269 4563 507 4637 μωρίας,
545 4560 638 4614 τοῦ
673 4562 730 4613 ὲν
778 4557 946 4629 κακίᾳ
988 4552 1302 4628 [φρονίμου]
1343 4552 1522 4621 ὄφεως
1564 4550 1634 4604 τὰ
1674 4547 1848 4603 σκῦλα

264 4648 684 4721 διαρπάσαντος.
726 4641 1149 4714 Εὐλογημένος
1189 4645 1222 4696 ό
1267 4640 1589 4710 ἐρχόμενος
1615 4639 1685 4692 ἐν
1712 4637 1846 4690 ὀνό-

259 4758 406 4811 ματι
449 4739 668 4808 Κυρίου
686 4755 703 4770 θ
731 4739 760 4791 6
785 4737 1035 4808 ἀληθινὸς
1074 4732 1218 4789 κατὰ
1243 4731 1338 4786 τοῦ
1368 4729 1604 4800 ψεύστου
1623 4746 1637 4759 ο
1663 4730 1692 4782 6
1735 4744 1843 4782 σω-

265 4834 375 4905 τήρ
399 4831 542 4885 κατὰ
567 4829 663 4884 τοῦ
690 4829 965 4901 λυμεῶνος
981 4845 996 4860 ο
1019 4827 1417 4898 όεὶρηνὰρχης
1437 4819 1580 4876 κατὰ
1614 4819 1709 4874 τοῦ
1743 4837 1843 4874 πο-

265 4926 590 4996 λεμήτορος·
629 4923 658 4975 ό
690 4917 1066 4991 φιλάνθρωπος
1110 4915 1250 4973 κατά
1291 4912 1386 4969 τοῦ
1433 4910 1840 4984 μισανθρὼπου.

267 5014 695 5086 Εὐλογημένος
740 5017 773 5068 ό
820 5011 1142 5082 ἐρχόμενος
1185 5007 1256 5061 ἐν
1297 5005 1538 5074 ὀνόματι
1585 5002 1805 5071 Κυρίου
1825 5018 1838 5031 ·

265 5108 475 5180 Κύριος
501 5107 722 5178 ἐλεῆσαι
748 5105 810 5159 τὸ
838 5103 1062 5173 πλάσμα
1089 5101 1151 5154 τὸ
1181 5099 1329 5153 ίδιον.
1363 5093 1782 5166 Εὐλογημένος
1809 5093 1844 5145 ὁ

263 5209 592 5277 ἐρχόμενος
619 5204 692 5258 ἐν
736 5203 980 5271 ὀνόματι
1011 5198 1232 5267 Κυρίου
1254 5213 1268 5226 ’
1304 5194 1509 5266 Κύριος
1544 5191 1714 5245 σῶσαι
1753 5189 1844 5243 τὸν
1881 5252 1884 5256 ί

337 5390 383 5421 ⁷⁸
405 5387 436 5446 1
465 5385 612 5444 Petr.
654 5399 718 5455 ll,
751 5355 837 5439 I6.
911 5381 956 5412 "
983 5379 1144 5434 Joan.
1168 5393 1224 5440 v,
1253 5375 1342 5430 25.
1419 5375 1462 5407 ⁸⁸
1497 5369 1525 5426 1
1550 5371 1695 5426 Petr.
1719 5385 1774 5433 v,
1805 5369 1860 5422 ὁ.

336 5552 449 5623 (99)
497 5548 862 5623 Λογομᾴχος.
918 5545 1074 5600 Sicut
1124 5543 1326 5623 dicitur
1349 5535 1830 5623 [linguparrqpxitxoc;2

264 5608 570 5695 probatque
591 5608 603 5623 ’
631 5608 922 5695 subiuncta
955 5615 1255 5695 auctoritas
1287 5635 1298 5667 :
1345 5611 1450 5678 Qui
1478 5608 1835 5695 ξιωιήοιιοςοι

263 5678 498 5761 Ῡὶίὶαηιξ
524 5700 631 5748 etc.
662 5678 881 5761 Alioqui
936 5696 1020 5743 est
1044 5683 1369 5761 λογομάχος,
1412 5681 1503 5750 qui
1523 5678 1706 5761 verbis
1739 5692 1833 5748 pu-

261 5773 416 5837 gnat,
447 5748 669 5834 argutor
698 5780 712 5816 :
741 5748 1202 5826 ἀνέιλογικπάαὶ
1218 5748 1690 5823 ὲῩχειρηήματικός.

421 5862 697 5924 Panos.
743 5858 859 5920 Gn.
893 5853 1119 5916 XVIII.

1962 3257 2016 3311 in
2049 3258 2258 3312 nomine
2287 3257 2500 3314 Domini
2523 3275 2542 3314 :
2567 3267 2756 3332 pastor
2778 3260 2867 3314 ille
2884 3260 3150 3317 honestus
3177 3272 3231 3317 et
3251 3263 3449 3328 bonus,
3468 3263 3539 3319 ad

1959 3349 2268 3419 ponendam
2325 3359 2522 3422 sponte
2569 3351 2806 3406 animam
2845 3366 2945 3422 pro
2990 3353 3107 3408 suis
3171 3355 3366 3410 ovibus
3423 3365 3537 3412 :ut

1959 3440 2418 3511 quemadmodum
2441 3451 2750 3507 venatores,
2781 3442 2965 3497 ovium
2996 3459 3223 3502 voraces
3240 3445 3537 3517 lupos,ove

1959 3531 2202 3602 capiunt,
2235 3533 2310 3588 ita
2329 3544 2604 3603 pastorum
2625 3533 2880 3605 Princeps
2906 3535 2953 3568 ⁸ο
2981 3551 3041 3592 se
3073 3535 3252 3607 ipsum
3275 3545 3335 3593 ut
3366 3538 3539 3595 homi-

1957 3641 2106 3690 nem,
2139 3625 2518 3697 spiritualibus
2573 3641 2638 3682 ac
2693 3627 2998 3684 animorum
3045 3628 3345 3699 perniciem
3398 3630 3538 3689 infe-

1957 3718 2203 3774 rentibus
2258 3719 2404 3789 lupis
2462 3717 2750 3789 objiciens,
2782 3733 2878 3776 eos
2935 3719 3101 3775 faciat
3157 3722 3529 3789 venationem,

1959 3816 2122 3878 capto
2159 3809 2367 3880 pridem
2405 3816 2604 3865 venatu
2633 3809 2863 3874 Adamo,
2921 3809 3018 3881 qui
3065 3808 3333 3866 Adamum
3363 3827 3534 3868 vena-

1956 3901 2161 3956 tionem
2197 3899 2459 3956 fecerant.
2488 3901 2802 3956 Benedictus
2829 3902 2919 3973 qui
2947 3903 3083 3957 venit
3108 3903 3163 3958 in
3185 3904 3393 3959 nomine
3422 3903 3538 3961 Do~

1956 3995 2088 4048 mini
2119 4011 2137 4050 :
2177 3994 2323 4051 Deus
2355 3995 2619 4051 adversus
2641 3995 2955 4062 diabolum;
2977 4012 3088 4053 non
3128 3997 3416 4054 manifeste
3436 4013 3535 4070 per

1954 4088 2213 4142 virtutem
2265 4088 2735 4158 inaspectabilem,
2768 4087 2865 4145 sed
2905 4103 3004 4160 per
3031 4089 3217 4148 carnis
3244 4089 3534 4146 inﬁrmita-

1955 4187 2065 4234 tem
2125 4178 2444 4250 alligaturus
2500 4179 2875 4234 adversarium
2908 4179 3091 4246 nobis,
3115 4180 3310 4238 fortem
3337 4181 3406 4237 ⁸⁸.
3437 4181 3534 4236 Be-

1956 4269 2197 4325 nedictus
2221 4269 2314 4340 qui
2348 4270 2486 4324 venit
2509 4271 2564 4324 in
2590 4271 2800 4325 nomine
2832 4269 3090 4326 Domini:
3124 4270 3241 4328 Rex
3267 4272 3532 4329 adversus

1953 4370 2283 4434 tyrannum;
2314 4377 2424 4417 non
2450 4377 2548 4433 per
2593 4362 3021 4432 omnipotentem
3056 4364 3310 4420 virtutem
3355 4372 3410 4420 et
3436 4378 3530 4419 sa-

1953 4456 2236 4526 pientiam,
2271 4454 2368 4511 sed
2393 4470 2491 4526 per
2512 4455 2696 4511 crucis
2723 4456 3090 4510 existimatam
3137 4457 3425 4511 stultitiam
3458 4457 3528 4529 ⁸³,

1881 4517 1926 4572 D
1956 4517 2077 4618 quae
2109 4517 2480 4616 prudentisin
2534 4545 2743 4601 malitia
2773 4545 3048 4615 serpentis
3076 4545 3305 4618 diripuit
3327 4517 3529 4618 spolia:

1953 4639 2265 4694 Benedictus
2292 4639 2381 4709 qui
2409 4639 2548 4693 venit
2603 4642 2659 4694 in
2686 4640 2895 4692 nomine
2930 4638 3172 4694 Domini:
3218 4655 3384 4696 verus
3413 4641 3525 4708 ille,

1952 4731 2214 4787 adversus
2236 4731 2551 4787 mendacem
2587 4750 2601 4786 :
2674 4731 2937 4794 salvator,
2975 4733 3238 4786 adversus
3263 4731 3412 4786 illam
3437 4748 3528 4805 pe-

1952 4827 2089 4875 stem
2121 4837 2132 4873 :
2179 4817 2430 4889 Princeps
2488 4819 2634 4889 pacis
2659 4818 2727 4884 ⁸⁸,
2763 4818 3024 4876 adversus
3043 4819 3310 4876 bellorum
3340 4822 3528 4878 incen-

1950 4920 2123 4969 torem
2158 4931 2171 4968 :
2208 4911 2319 4978 ille,
2347 4912 2610 4983 singulari
2639 4926 2770 4984 erga
2796 4911 3080 4966 hominum
3112 4928 3286 4984 genus
3317 4914 3522 4980 studio,

1951 5003 2214 5061 adversus
2251 5019 2464 5059 osorem
2488 5003 2793 5057 hominum.
2820 5002 3134 5057 Benedictus
3165 5004 3256 5074 qui
3294 5004 3432 5058 venit
3470 5009 3526 5058 in

1951 5094 2160 5148 nomine
2186 5092 2398 5148 Domini
2423 5109 2441 5146 :
2464 5090 2748 5156 Dominus,
2781 5092 3038 5164 figmento
3080 5093 3305 5164 propr-io
3337 5093 3526 5150 miser-

1955 5196 2134 5241 turus.
2164 5183 2475 5239 Benedictus
2498 5185 2588 5255 qui
2609 5184 2744 5238 venit
2798 5183 2855 5236 in
2887 5183 3097 5238 nomine
3131 5183 3342 5238 Domini
3373 5200 3392 5239 :
3417 5183 3525 5238 Do-

1932 5367 1976 5399 ⁸¹
2005 5365 2196 5422 Matth.
2223 5381 2322 5430 xu,
2344 5364 2435 5420 29.
2511 5365 2556 5396 ⁸¹
2590 5363 2618 5418 I
2651 5365 2775 5420 Cor.
2811 5380 2851 5429 l,
2878 5364 2969 5422 21.
3046 5366 3093 5398 ³³
3123 5364 3236 5420 Isa.
3257 5381 3334 5432 Ix,
3354 5364 3408 5420 6.

1966 5597 1968 5600 ν
2023 5531 2224 5602 (1)7"Ir’
2251 5527 2472 5602 ᾢσπερ,
2512 5542 2566 5579 κ.
2598 5543 2647 5602 τζ
2683 5525 2732 5582 λ.
2767 5524 2950 5602 Utitur
2982 5525 3392 5602 Amphilochius
3423 5537 3520 5579 eo-

1945 5595 2208 5658 dem'fere
2239 5595 2576 5654 simili'hom.
2615 5597 2688 5652 De
2704 5598 3008 5665 peccatrice.
3040 5595 3102 5650 in
3140 5595 3422 5652 Christum
3449 5607 3523 5652 eo

1944 5689 2002 5729 se
2021 5673 2126 5728 ﬁne
2157 5679 2211 5728 et
2234 5669 2511 5726 lucrandis
2541 5668 2829 5726 animabus
2852 5668 2909 5722 in
2937 5668 3186 5724 convivia
3205 5667 3446 5722 dantem.

3159 5833 3233 5895 13
