3890 6166
322 248 426 307 395
1287 238 1345 295 s.
1384 202 1713 295 uernonu
1752 236 2058 295 EPlSCOPl
2095 238 2183 293 ET
2221 236 2581 294 ΗΑΒ-[γωδ
3451 237 3559 294 596

322 363 528 428 minus,
575 356 781 416 homini
835 358 929 429 qui
977 361 1272 423 erraverat,
1319 356 1550 411 salutem
1592 356 1858 409 allaturus

2019 353 2322 424 ςλανηθέντα
2356 352 2668 425 ἄνθρωπον·
2704 350 2998 408 καταλῦσαι
3024 352 3125 427 τὴν
3160 352 3369 426 πλάνην
3389 369 3403 384 ·
3441 371 3555 422 φω-

320 468 565 511 errorem
608 454 993 513 convulsurus,
1035 447 1408 517 impcrtiturus
1456 446 1638 500 lumen
1676 444 1854 515 agenti

2024 447 2307 520 αγωγῆσαι
2366 448 2491 510 τοὺς
2542 448 2601 502 ἐν
2657 449 2836 502 σκότει
2858 467 2874 482 ο
2929 446 3269 519 καταργῆσαι
3324 445 3560 500 εἰδώλων

320 544 426 601 bus
451 544 507 599 in
540 542 802 603 tenebris,
850 539 1119 596 idolorum
1150 537 1451 593 aboliturus
1502 535 1856 604 imposturam

2027 538 2231 609 πάτην’
2282 537 2592 602 ἁντεισάξαι
2634 538 2957 605 θεογνωσίαν
3000 538 3295 609 σωτήριον·
3333 535 3559 606 ἁγιάσαι

319 634 441 703 ejus
472 633 592 689 loco
612 630 937 685 inducturus
960 628 1250 684 salutarem
1282 623 1376 679 Dei
1408 623 1680 687 notitiam,
1724 638 1855 675 mun

2021 630 2223 700 ιόσμον’
2264 630 2532 684 ἀπελάσαι
2567 631 2628 684 τὸ
2678 631 2844 699 μύσος
2886 631 2980 684 καὶ
3015 630 3178 699 ἄλγος
3205 630 3280 703 (2)
3314 629 3414 699 τῆς
3447 630 3557 682 τῶν

320 728 452 783 dum
510 722 985 784 sanctiﬁcaturus,
1041 718 1218 774 scelus
1261 714 1645 785 miseriamque
1703 714 1850 768 cultu

2021 726 2235 779 ιαταίων
2264 724 2401 777 Θεῶν
2421 724 2730 796 θεραπείας.
2750 723 3169 793 Εὐλογημένος
3187 726 3220 776 ό
3237 723 3557 791 ἐρχόμενος

319 817 564 874 inanium
594 815 819 871 deorum
853 811 1227 868 submoturus.
1286 806 1596 862 Benedictus
1629 806 1720 875 qui
1748 806 1855 860 veni

2023 834 2060 870 ν
2101 816 2343 885 ὀνόματι
2383 815 2634 882 Κυρίου”
2686 809 2765 877 εἷς
2793 815 2933 885 ὑπὲρ
2978 812 3207 878 πολλῶν,
3252 814 3559 881 ῥύσασθαι

319 910 376 964 in
401 908 609 963 nomine
629 904 880 959 Domini:
914 918 1057 958 unus
1078 916 1176 971 pro
1219 900 1424 964 multis,
1449 907 1510 954 ut
1532 899 1691 968 inops
1721 897 1855 951 hami

2022 905 2227 976 πτωχὸν
2252 908 2424 976 γένος
2453 906 2793 974 ἀνθρώπων,
2836 904 2905 957 ἐκ
2935 904 3131 974 χειρὸς
3157 901 3558 971 στερεωτέρων

319 1018 444 1058 num
466 1016 625 1072 genus
665 998 855 1067 eripiat
881 994 943 1050 de
975 1010 1133 1049 manu
1165 993 1445 1063 fortiorum
1484 991 1636 1062 ejus;
1689 998 1739 1045 et
1769 1006 1855 1060 ege

2021 996 2194 1060 ιύτοῦ,
2226 995 2322 1049 καὶ
2354 995 2592 1065 πτωχὸν
2617 996 2715 1048 καὶ
2748 993 2974 1061 πένητα
3015 992 3134 1047 ἀπὸ
3175 992 3293 1045 τῶν
3315 991 3557 1060 διαρπα-

319 1112 466 1158 num,
496 1103 546 1148 et
597 1105 875 1160 pauperem
900 1105 934 1142 a
974 1085 1341 1156 diripientibus
1383 1100 1498 1137 eum
1533 1082 1596 1138 ⁸⁵⁵.
1632 1080 1854 1153 [Benedi

2018 1089 2206 1142 ὄντων
2229 1091 2434 1142 αὐτόν.
2454 1085 2897 1159 [Εὐλογημένος
2919 1088 2951 1138 ό
2977 1085 3297 1153 ἐρχόμενος
3320 1084 3390 1137 ἐν
3421 1086 3554 1138 ὀνό-

325 1199 439 1241 ctus
462 1185 552 1256 qui
580 1182 715 1237 venit
738 1181 791 1235 in
814 1180 1018 1234 nomine
1051 1177 1300 1230 Domini:
1322 1176 1504 1230 vinum
1534 1181 1588 1229 et
1617 1173 1797 1229 oleum
1832 1188 1861 1226 e

2021 1195 2124 1233 ιατι
2161 1180 2379 1246 Κυρίου
2398 1195 2410 1206 ·
2440 1177 2653 1247 ἐπιχὲαι
2683 1173 2821 1229 οἶνον
2850 1175 2943 1229 καὶ
2975 1174 3120 1227 ἔλεον
3140 1174 3229 1226 ἐπὶ
3253 1173 3345 1227 τὸν
3381 1174 3557 1244 ἐμπε-

324 1280 607 1334 inlusurus
636 1275 729 1346 qui
760 1272 1025 1328 inciderat
1054 1272 1109 1323 in
1144 1270 1381 1324 latrones
1406 1267 1474 1331 ⁸⁸,
1505 1274 1559 1321 et
1589 1265 1763 1320 fuerat
1797 1263 1860 1318 de

2022 1268 2150 1322 όντα
2183 1270 2262 1330 εἰς
2288 1266 2411 1330 τοὺς
2436 1266 2638 1337 λῃστὰς
2666 1265 2758 1319 καὶ
2788 1260 3259 1336 παρεωραμένον.]
3290 1264 3558 1332 Εὐλογη-

320 1368 587 1442 spectus.]
616 1366 927 1423 Benedictus
949 1366 1039 1434 qui
1064 1363 1197 1418 venit
1230 1363 1283 1416 in
1306 1361 1513 1415 nomine
1542 1358 1795 1412 Domini:
1824 1373 1856 1410 u

2023 1359 2166 1425 ἐνος
2215 1363 2247 1413 ό
2294 1359 2615 1427 ἐρχόμενος
2656 1356 2727 1410 ἐν
2775 1357 3019 1425 ὀνόματι
3069 1356 3330 1423 Κυρίουο
3386 1352 3559 1407 σῶσαι

319 1478 420 1517 nos
450 1461 565 1531 ipse
603 1475 698 1530 per
730 1474 789 1513 se
842 1457 1020 1524 ipsum
1066 1455 1257 1518 saltet,
1325 1449 1778 1523 quemadmodum
1810 1448 1855 1501 ai

2018 1474 2022 1521 ι
2030 1451 2134 1520 μᾶς
2158 1450 2224 1503 δι’
2253 1449 2465 1515 ἑαυτοῦ,
2485 1448 2559 1526 ὣς
2582 1464 2744 1519 φησιν
2766 1449 2795 1502 ὁ
2819 1448 3098 1519 προφήτης
3119 1462 3132 1474 ⁸
3161 1448 3242 1499 Οὐ
3268 1444 3554 1513 πρέσϐυς,

318 1523 622 1626 propheta;
657 1548 781 1604 Non
814 1547 1040 1619 legatus,
1064 1562 1223 1616 neque
1242 1545 1489 1614 angelus;
1510 1541 1600 1597 sed
1630 1541 1853 1595 Dominu

2017 1538 2130 1594 ιύδὲ
2161 1538 2413 1610 ἄγγελος
2429 1557 2441 1569 ·
2469 1523 2607 1595 ἀλλ’
2632 1539 2813 1604 αὐτὸς
2836 1542 2869 1593 ό
2889 1540 3102 1606 Κύριος
3122 1537 3356 1591 ἔσωσεν
3378 1535 3553 1606 ἡμᾶς.

321 1623 543 1699 salvat-it
576 1656 671 1696 nos
715 1640 784 1694 ⁸⁸.
813 1639 1107 1707 Propterea
1139 1646 1194 1691 et
1240 1636 1344 1706 ipsi
1365 1633 1735 1690 benedicimus
1761 1631 1857 1686 tibi

2021 1632 2085 1685 ,ιὰ
2116 1630 2271 1684 τοῦτο
2310 1631 2402 1684 καὶ
2431 1632 2593 1703 ἡμεῖς
2633 1623 2958 1701 εὐλογοῦμεν
2992 1647 3072 1694 σε,
3108 1629 3278 1702 Κύριε
3300 1647 3312 1659 ·
3344 1629 3432 1682 τὸν
3460 1630 3557 1682 σὺν

316 1734 564 1797 Domine,
589 1732 683 1803 qui
715 1746 839 1785 cum
887 1729 1046 1784 Patre
1069 1736 1124 1783 et
1180 1728 1385 1797 Spiritu
1419 1733 1608 1783 sancto
1661 1723 1852 1780 benedi

2021 1723 2158 1794 [ατρὶ
2180 1723 2274 1776 καὶ
2301 1723 2439 1794 ἁγίῳ
2461 1722 2598 1776 Πνεύ
2608 1740 2736 1793 ματι
2763 1722 2867 1793 πρὸ
2901 1721 3110 1775 αἰώνων
3135 1722 3229 1773 καὶ
3253 1722 3333 1783 εἰς
3357 1720 3557 1782 αἰῶνας

318 1833 439 1881 ctus
468 1838 527 1879 es
549 1831 674 1878 ante
706 1821 904 1878 simula
933 1827 989 1876 et
1032 1820 1086 1875 in
1121 1819 1319 1874 saecula
1363 1817 1682 1874 saeculorum
1718 1834 1736 1869 :
1757 1821 1854 1868 anti

2025 1815 2193 1869 ἰώνων
2228 1814 2615 1887 εὐλογημένον·
2650 1814 2754 1886 πρὸ
2785 1815 2882 1886 μὲν
2914 1813 3022 1868 τῶν
3048 1812 3255 1867 αἰώνων
3278 1814 3370 1866 καὶ
3394 1813 3554 1884 μέχρι

315 1915 514 1973 macula
545 1915 785 1985 quidem,
844 1918 897 1968 et
927 1927 1099 1982 usque
1139 1911 1301 1966 modo
1353 1923 1581 1982 corpore
1630 1921 1831 1961 vacans

2020 1909 2081 1980 ἧς
2094 1908 2253 1981 δεῦρο
2274 1908 2559 1978 ἀσώματον
2577 1926 2589 1937 ·
2615 1908 2682 1963 τὰ
2696 1906 2789 1961 νῦν
2811 1907 2868 1962 δὲ
2890 1907 2981 1962 καὶ⁴
2997 1908 3075 1970 είς
3089 1905 3289 1971 αἰῶνας
3298 1907 3443 1977 μετὰ
3457 1908 3556 1977 τῆς

316 2023 463 2062 nunc
492 2014 671 2061 autem
696 2013 750 2060 et
779 2005 833 2059 in
868 2004 1086 2069 saecula,
1117 2016 1241 2057 cum
1279 2001 1462 2055 divina
1489 2008 1581 2054 tua
1598 2006 1653 2054 et
1682 1999 1851 2053 immu

2016 2001 2131 2064 είας
2153 2001 2246 2055 καὶ¹
2275 2000 2605 2072 ἁμεταὸόλου
2634 2001 2727 2055 καὶ
2758 1999 3049 2072 ἀμερίστου
3093 2014 3184 2051 σου
3209 1995 3550 2069 σαρκώσεως.

314 2099 553 2154 tabiliter
584 2096 923 2166 indiviseque
944 2100 1223 2165 assumpta
1248 2092 1606 2147 humanitate.

382 2188 497 2251 NII.
538 2186 831 2243 Videamus
858 2185 1020 2241 etiam
1056 2184 1355 2255 sequentia.
1395 2182 1537 2250 Quid
1565 2183 1639 2237 ait
1666 2181 1882 2237 divinus

2048 2183 2120 2236 Z'.
2148 2180 2388 2252 Ἴδωμεν
2405 2179 2498 2233 καὶ
2524 2176 2592 2231 τὰ
2607 2176 2758 2247 ἑξῆς.
2778 2174 2851 2227 Ti
2875 2174 3023 2243 λέγει
3046 2172 3077 2224 ό
3106 2171 3379 2233 θειότατος
3400 2171 3551 2236 εὐαγ-

316 2279 674 2351 evangelista?
696 2273 827 2330 Cum
874 2277 1018 2331 enim
1063 2275 1314 2331 Dominus
1373 2277 1621 2331 intrasset
1662 2277 1719 2329 in
1753 2284 1852 2328 tem

2014 2272 2269 2343 ‘skta‘tﬁc;
2322 2269 2722 2334 Εἰσελθόντος
2767 2266 2875 2337 γὰρ
2924 2264 3030 2320 τοῦ
3074 2264 3293 2331 Κυρίου
3348 2263 3435 2326 είς
3484 2259 3550 2313 td

318 2374 486 2443 ptum,
511 2376 839 2425 accesserunt
873 2365 941 2421 ad
995 2384 1111 2422 eum
1142 2367 1321 2422 claudi
1349 2377 1399 2422 et
1429 2368 1575 2431 ca'ci,
1598 2378 1649 2422 et
1677 2367 1854 2422 sanavi

2016 2362 2162 2430 ερον,
2198 2359 2548 2431 προσῆλθον
2592 2357 2752 2424 αὐτῷ
2803 2357 2984 2427 χωλοὶ
3036 2355 3135 2410 καὶ
3180 2350 3417 2421 τυφλοί,
3452 2349 3552 2404 καί

314 2442 424 2518 eos.
468 2460 707 2515 Videntes
730 2466 906 2513 autem
931 2459 1186 2527 principes
1200 2459 1526 2514 sacerdotum
1544 2468 1593 2513 et
1618 2458 1850 2513 Phariste

2019 2450 2384 2519 θεράπευσεν
2418 2451 2657 2515 αὐτούς.
2700 2448 2946 2513 Ἰδόντες
2970 2444 3037 2498 δὲ
3056 2442 3346 2514 ἀρχιερεῖς
3370 2442 3465 2495 καί
3500 2444 3555 2495 oi

320 2553 590 2607 mirabilia
610 2567 726 2622 qua:
758 2550 899 2621 fecit,
929 2559 979 2605 et
1004 2565 1190 2620 pueros
1217 2548 1526 2610 clamantes,
1551 2556 1597 2602 et
1615 2547 1840 2602 dicentes

2020 2543 2388 2612 ναρισαῒοιτὰ
2414 2542 2713 2612 θαυμάσια
2736 2540 2774 2595 ἃ
2805 2540 3074 2609 ἐποίησε,
3112 2535 3211 2590 καὶ
3242 2536 3383 2601 τοὺς
3421 2532 3556 2588 παῖ-

319 2643 579 2699 Hosanna
627 2643 741 2713 ﬁlio
773 2640 943 2696 David
985 2658 1002 2695 :
1061 2639 1374 2695 Benedictus
1411 2641 1500 2708 qui
1531 2640 1666 2693 venit
1701 2640 1756 2693 in
1797 2656 1855 2693 no

2022 2650 2095 2700 ας
2127 2632 2444 2702 κράζοντας
2489 2632 2585 2686 καί
2634 2630 2954 2701 lepor-mc"
3012 2625 3275 2683 Ὡσαννὰ
3324 2624 3405 2690 τῷ
3446 2622 3558 2688 υἱῷ

318 2737 458 2791 mine
486 2734 697 2791 Domini
725 2735 793 2800 ⁸⁷,
821 2750 931 2788 non
961 2734 1203 2788 tulerunt
1248 2732 1549 2787 exhibitura
1604 2731 1854 2786 honorem

2022 2724 2166 2780 avid
2186 2745 2198 2757 ·
2226 2725 2644 2796 Εὐλογημένος
2669 2726 2701 2776 ό
2727 2723 3046 2791 ἐρχόμενος
3074 2720 3142 2774 ἐν
3173 2719 3413 2788 ὀνόματι
3436 2719 3558 2771 Κυ-

316 2843 491 2898 eoque
519 2827 858 2889 accedentes,
914 2824 989 2878 ita
1017 2824 1271 2878 dixerunt
1312 2842 1325 2877 :
1378 2820 1503 2875 Non
1549 2820 1702 2875 audis
1765 2823 1852 2891 qui

2027 2820 2139 2885 ίου,
2184 2817 2283 2871 οὐκ
2312 2818 2548 2887 ἤνεγκαν
2587 2814 2683 2885 τὴν
2710 2814 2901 2867 τούτου
2929 2814 3111 2884 τιμήν.
3148 2810 3307 2865 Ὅθεν
3329 2808 3560 2881 προσελ-

317 2922 407 2976 isti
443 2919 664 2974 dicunt?
692 2918 857 2985 Quasi
915 2916 1157 2971 dicerent
1189 2934 1201 2969 :
1240 2913 1361 2968 Non
1417 2913 1732 2980 oli‘enderis,
1793 2930 1853 2985 qi

2024 2911 2173 2974 όντες
2213 2908 2386 2972 οὕτως
2414 2905 2592 2961 εἷπον·
2637 2908 2758 2961 Οὐκ
2793 2905 3031 2971 ἀκούεις
3055 2904 3114 2957 τί
3145 2898 3307 2959 οὗτοι
3344 2900 3560 2970 λέγου-

316 3016 465 3069 velut
494 3011 636 3067 Deus
658 3010 933 3065 lauderis?
985 3007 1104 3063 Non
1135 3006 1245 3064 fers
1291 3008 1537 3072 moleste,
1574 3008 1665 3078 qui
1697 3007 1852 3062 audis

2024 3016 2127 3068 'tr;
2194 3001 2403 3054 Ὠσανεὶ
2444 2998 2659 3066 ἔλεγον·
2711 2998 2785 3050 Οὐ
2837 2996 3042 3067 βαρῠνῃ
3086 2991 3436 3063 δοξαζόμενος
3482 2991 3560 3054 ὼς

318 3106 680 3175 abinnoceuti
706 3109 864 3158 aetate
890 3115 1010 3170 qua
1037 3099 1145 3155 Deo
1176 3106 1231 3155 et
1265 3099 1366 3154 soli
1392 3099 1493 3170 ipsi
1515 3098 1844 3154 conveniunt

2025 3093 2151 3157 ladg;
2186 3093 2299 3144 Οὐκ
2343 3090 2484 3163 ἄχθῃ
2526 3088 2738 3141 ἀκούων
2782 3086 2931 3158 παρὰ
2968 3085 3078 3137 τῶν
3113 3082 3335 3137 ἀκάκων
3363 3081 3432 3134 τὰ
3479 3079 3561 3151 τῷ

318 3197 510 3253 Nonne
540 3197 670 3253 olim
699 3194 938 3267 prodidit
971 3194 1113 3249 Deus
1138 3208 1235 3264 per
1274 3191 1613 3263 prophetam,
1649 3188 1854 3246 Gloriam

2027 3185 2103 3256 lsifi
2125 3226 2139 3250 ,
2187 3184 2281 3238 καὶ
2329 3184 2493 3254 μόνῳ,
2522 3182 2841 3255 πρέποντα;η
2876 3179 2949 3232 Οὐ
2996 3177 3160 3231 πάλαι
3198 3175 3494 3247 δεδήλωκεν
3531 3177 3563 3228 ὁ

319 3308 487 3347 meum
513 3290 666 3345 alteri
695 3263 796 3342 non
824 3285 960 3340 dabo
986 3285 1070 3339 '8?
1189 3283 1282 3355 qui
1314 3294 1392 3349 tu,
1455 3284 1605 3338 homo
1638 3300 1755 3336 cum
1786 3283 1855 3337 si:

2028 3275 2120 3339 νεὸς
2151 3273 2237 3328 διὰ
2276 3272 2367 3327 τοῦ
2411 3273 2685 3343 προφήτου
2707 3285 2720 3298 ’
2761 3267 2876 3337 Τὴν
2920 3266 3108 3331 δόξαν
3130 3283 3250 3335 μου
3281 3263 3456 3332 ἑτέρῳ
3488 3264 3564 3316 οὐ

324 3382 458 3452 facis
491 3390 538 3433 te
567 3381 735 3448 ipsum
760 3378 925 3430 Deum
947 3376 992 3408 ⁸⁸
1018 3376 1041 3429 ?
1068 3352 1222 3440 Quid
1242 3390 1370 3430 vero
1411 3374 1478 3429 ad
1508 3375 1619 3429 hanc
1650 3374 1739 3430 ille
1765 3374 1859 3428 lon

2027 3368 2161 3421 ώσω
2184 3382 2202 3431 ;
2229 3365 2322 3418 καὶ
2350 3364 2465 3427 πῶς
2494 3362 2596 3424 σὺ,
2639 3359 2946 3427 ἅνθρωπος
2984 3356 3088 3423 ὢν,
3116 3353 3302 3420 ποιεῖς
3344 3352 3563 3406 ἑαυτὸν

319 3466 549 3545 ganimis
568 3512 582 3536 ,
612 3473 702 3527 ille
733 3470 929 3524 multus
952 3471 1005 3524 in
1035 3468 1397 3525 misericordia
1423 3469 1493 3536 ’9,
1527 3476 1580 3524 et
1608 3467 1791 3521 tardus
1818 3484 1855 3521 ai

2030 3463 2179 3522 ledr;
2220 3457 2379 3511 Ἀλλὰ
2401 3455 2453 3507 τί
2483 3453 2618 3526 πρὸς
2642 3450 2820 3506 ’ταῦτα
2842 3452 2870 3502 ό
2903 3446 3270 3520 μακρόουμος,
3315 3448 3347 3498 ό
3368 3442 3566 3509 πολὺς

319 3567 459 3619 iram
484 3564 566 3617 "?
608 3562 841 3618 sustinet
870 3561 1133 3626 furentes,
1184 3559 1501 3615 defensione
1542 3559 1654 3614 iras
1693 3574 1855 3614 accen

2030 3567 2063 3605 ν
2087 3549 2244 3603 ἐλέει
2278 3548 2372 3602 καὶ
2394 3546 2626 3615 ,βραδὺς
2665 3546 2752 3609 είς
2795 3540 3019 3610 όργήν;
3047 3539 3293 3608 ἀνέχεται
3325 3534 3432 3588 τῶν
3468 3549 3566 3604 με·

321 3672 411 3712 sas
444 3657 681 3718 cohibet,
736 3653 1048 3724 Scripturas
1098 3667 1163 3708 ex
1198 3650 1425 3708 adverso
1473 3652 1530 3707 in
1569 3654 1857 3709 memoriam

2026 3642 2268 3712 ιηνότων·
2310 3636 2619 3694 ἀναστέλλει
2672 3638 2737 3706 τῇ
2774 3631 3036 3702 ἀπολογίᾳ
3070 3630 3170 3701 τὴν
3222 3629 3562 3698 φλεγμονήνο

320 3757 562 3813 revocat,
597 3747 752 3802 aliert
788 3746 1097 3802 testimonia
1136 3759 1326 3800 eorum
1377 3759 1498 3814 qua:
1529 3754 1763 3816 aguntur
1786 3761 1855 3801 ne

2032 3732 2434 3805 νθυπομνήσκει
2481 3727 2731 3800 Γραφάςο
2771 3725 3068 3797 προσφέρει
3114 3720 3419 3792 μαρτυρίας
3454 3717 3566 3782 τῶν

320 3840 504 3895 renuit
553 3841 889 3910 interrogare
922 3856 935 3892 :
965 3836 1327 3907 Nunquamne
1370 3844 1424 3892 et
1478 3853 1577 3893 vos
1616 3839 1856 3895 dicentem

2029 3827 2352 3899 ελουμένων,
2387 3821 2479 3875 καὶ
2523 3821 2624 3874 οὐκ
2655 3817 3007 3875 ἀπαναίνεται
3048 3813 3184 3885 πρὸς
3210 3810 3308 3883 τὴν
3350 3808 3562 3863 πεῦσιν.

323 3948 409 3986 me
438 3946 531 4002 per
591 3931 907 4001 prophetam
954 3929 1183 3984 audistis
1215 3948 1228 3982 :
1255 3927 1408 3984 Tunc
1433 3929 1617 3995 scietis
1638 3930 1765 4000 quia
1798 3946 1859 4001 qu

2030 3920 2086 3973 .t6
2118 3933 2313 3990 φησιν’
2358 3913 2623 3968 Οὐδέποτε
2667 3911 2762 3964 καὶ
2807 3911 2965 3978 ὑμεῖς
3007 3903 3278 3977 ἠκούσατέ
3330 3918 3433 3973 μου
3477 3901 3566 3955 διὰ

322 3992 726 4093 laqueum-ipse
756 4020 944 4087 adsum
998 4019 1081 4074 "‘t
1106 4018 1217 4075 Nec
1248 4030 1377 4075 Vero
1402 3992 1776 4076 iteruniz-Ex
1801 3992 1858 4074 or

2025 4011 2088 4065 οὗ
2118 4008 2395 4082 προφήτου
2417 4005 2687 4074 λέγοντοςο
2710 4001 2843 4054 Τότε
2868 3995 3161 4068 γνώσεσθε,
3184 3996 3264 4049 ὅτι
3283 3997 3317 4048 ό
3335 3992 3561 4058 λαλῶν,

320 4087 604 4183 infantium
638 4087 702 4168 et
734 4112 1041 4166 lactentium
1087 4111 1350 4181 perfeciin
1396 4111 1627 4175 laudem,
1679 4120 1856 4180 propte

2028 4100 2175 4165 εὺτός
2210 4096 2476 4167 cuipam;
2512 4094 2618 4147 οὐδ’
2648 4087 2715 4146 αὖ
2757 4092 2944 4145 πάλιν·
2988 4090 3084 4142 Ἐκ
3120 4088 3419 4156 στόματος
3456 4102 3564 4152 νη-

322 4206 561 4260 inimicos
609 4214 747 4269 tuos,
778 4213 835 4257 ut
881 4203 1127 4258 destruas
1173 4203 1446 4257 inimicum
1469 4212 1517 4258 et
1563 4203 1785 4258 ultorem
1805 4204 1850 4237 ”

2034 4195 2148 4247 ῖίων
2175 4189 2274 4245 καὶ
2299 4186 2667 4257 θηλαζόντων
2686 4182 3036 4251 κατηρτήσω
3057 4176 3231 4235 αἶνον
3250 4179 3433 4269 ἕνεκα
3448 4174 3570 4229 τῶν

324 4296 436 4353 Vos
465 4262 856 4368 nimirum-qui
885 4297 1164 4352 attenditis
1191 4296 1293 4367 legi
1341 4304 1395 4352 et
1442 4295 1735 4367 prophetas
1765 4296 1860 4367 legi

2033 4281 2224 4353 χθρῶν
2254 4294 2390 4342 σου,
2425 4277 2532 4330 τοῦ
2569 4273 2902 4328 καταλῦσαι
2940 4268 3157 4338 ἐχθρὸν
3187 4266 3283 4320 καί
3333 4262 3569 4330 ἐκδικη-

323 4392 416 4455 tis,
449 4405 642 4460 meque
671 4356 848 4460 qui-in
870 4389 986 4460 lege
1011 4396 1065 4445 et
1103 4356 1381 4459 prophetis
1413 4356 1676 4459 praedicor
1712 4356 1859 4451 ’κίε

2036 4375 2145 4442 ήνς
2198 4372 2403 4434 Οἵτινὲς
2451 4371 2574 4422 ἐστε
2617 4367 2794 4435 ὑμεῖς,
2847 4364 2897 4417 οἱ
2941 4361 3089 4432 νόμῳ
3138 4356 3569 4431 προσανέχοντες

326 4481 651 4551 pernamini.
717 4446 993 4536 Videmiyni
1051 4446 1270 4552 qdidem
1318 4446 1535 4552 pieiatis
1583 4481 1764 4551 specie
1793 4479 1862 4536 De

2034 4471 2095 4523 ai.
2137 4467 2420 4537 προφήτας
2466 4458 2945 4529 ἀναγινώσκοντες,
2987 4452 3133 4524 κάμὲ
3183 4450 3274 4504 τὸν
3322 4449 3380 4502 ὲν
3417 4446 3570 4516 νόμῳ

327 4576 554 4641 gloriam
577 4575 791 4640 ulcisci,
822 4590 935 4630 non
966 4541 1337 4645 intelligentes
1358 4575 1483 4643 quia
1511 4541 1707 4645 qni.me
1741 4589 1863 4641 sper

2034 4562 2090 4617 αἱ
2145 4560 2450 4631 προφήταις
2504 4550 2904 4624 κηρυττόμενον
2953 4542 3294 4604 ἀθετοῦντες.
3348 4541 3568 4592 Δοκεῖτε

326 4665 427 4728 nit,
456 4674 505 4719 et
536 4661 751 4718 Patrem
782 4680 952 4717 meum
977 4665 1174 4733 spernit
1204 4663 1249 4696 ⁸⁵
1284 4682 1298 4718 :
1333 4662 1443 4735 Ego
1483 4628 1617 4718 etiivi
1645 4680 1679 4716 a
1711 4661 1813 4717 Deo
1842 4679 1862 4718 ε

2032 4654 2095 4707 ,ὲν
2115 4628 2224 4723 γὰρ
2244 4650 2302 4701 ὲν
2325 4648 2563 4718 σχήματι
2585 4640 2867 4703 εὐλαϐείας
2886 4636 3171 4691 διεκδικεῖν
3194 4634 3294 4704 τὴν
3313 4628 3568 4735 705‘85‘05

328 4757 442 4812 veni
464 4757 519 4810 in
550 4756 798 4810 mundum
823 4755 903 4823 ⁹⁶;
943 4770 1169 4824 meaque
1196 4754 1367 4823 gloria
1384 4755 1547 4811 etiam
1575 4755 1756 4810 Patris
1784 4769 1864 4808 me

2035 4719 2170 4809 ςξαὲ),
2195 4719 2280 4811 γμὴ
2303 4736 2590 4798 συνιέντες,
2625 4734 2813 4802 ὅτιπερ
2846 4732 2879 4783 ό
2902 4725 3007 4797 ἐμὲ
3028 4723 3271 4788 ἀθετῶν,
3328 4720 3427 4823 καί
3459 4719 3571 4774 τὸν

327 4857 415 4904 est
465 4848 655 4917 gloria.
699 4844 789 4901 Sic
822 4852 1002 4901 autem
1057 4811 1293 4901 clonvi'cti
1354 4847 1505 4903 stulti
1548 4862 1578 4899 a
1610 4846 1863 4902 Salvator

2032 4832 2225 4902 ῐατέρα
2241 4849 2359 4902 μου
2380 4826 2597 4884 ἀθετεῖ·
2637 4822 2778 4895 Ἐγὼ
2797 4821 2955 4890 παρὰ
2978 4818 3086 4872 τοῦ
3108 4815 3254 4871 Θεοῦ
3281 4811 3568 4917 έςξὶλθογτ

329 4946 519 4995 nostro
549 4937 657 4993 Deo
684 4937 961 4993 desierunt
988 4935 1207 5006 quidem
1230 4937 1626 5005 contradicere,
1663 4936 1865 4992 veritati

2036 4926 2094 4981 αὶ
2125 4924 2395 4991 ἐλήλυθα
2427 4923 2514 4986 είς
2535 4918 2643 4972 τὸν
2666 4917 2897 4985 κόσμον
2916 4929 2931 4943 ο
2964 4911 3060 4966 καὶ
3091 4911 3125 4980 ἡ
3153 4907 3258 4978 ὲμὴ
3289 4905 3449 5006 δόξα,-
3472 4904 3572 4958 καὶ

330 5041 425 5081 ora
491 5030 808 5084 obstruente
857 5043 874 5083 :
929 5025 1035 5079 alia
1069 5042 1226 5096 ,vero
1274 5026 1508 5082 dementi
1565 5027 1866 5098 cogitationi

2034 5017 2092 5073 οὗ
2122 5015 2334 5088 Πατρός
2380 5029 2484 5087 μου
2522 5011 2669 5066 ἐστὶν
2693 5010 2837 5077 δόξα.
2889 5004 3261 5074 Ἐλεγχθέντες
3292 5001 3348 5054 δὲ
3393 4996 3570 5059 οὕτως

330 5120 522 5185 ascita,
554 5120 839 5176 consilium
870 5118 1109 5174 inierunt
1139 5127 1328 5174 contra
1361 5119 1558 5188 ipsum.
1593 5118 1701 5174 Nos
1728 5133 1866 5189 porri

2037 5115 2049 5166 l
2082 5112 2299 5182 ἀνόητοι
2344 5112 2451 5164 ὑπὸ
2488 5109 2581 5163 τοῦ
2608 5108 2858 5178 Σωτῆρος
2884 5101 3041 5175 ἡμῶν
3070 5096 3226 5161 Θεοῦ,
3261 5092 3573 5189 ὲπαιξσαντο

319 5217 622 5290 psallamus
651 5232 665 5268 :
697 5213 923 5285 Magnus
948 5213 1205 5268 Dominus
1235 5224 1282 5269 et
1311 5185 1505 5285 magna
1544 5216 1709 5271 virtus
1729 5185 1852 5287 ejus

2035 5206 2107 5260 ιὲν
2152 5205 2250 5276 τῆς
2277 5203 2600 5273 ἀντιλογίας,
2639 5197 2973 5270 φιμωθέντες
2998 5196 3065 5265 τῇ
3096 5188 3348 5261 ἀληθείᾳ·
3380 5185 3571 5254 ἓτερον

399 5331 447 5364 ⁸⁸
480 5329 628 5385 Psal.
662 5345 849 5394 xxxiv,
878 5329 967 5384 10.
1041 5327 1089 5361 ⁸³
1116 5326 1242 5383 Luc.
1267 5345 1321 5389 ι,
1353 5326 1440 5381 34.
1515 5325 1561 5358 ⁸⁸
1584 5323 1698 5379 Isa.
1723 5340 1880 5388 um,
1914 5324 1935 5380 ε

2044 5326 2090 5358 ⁸⁷
2125 5322 2329 5394 Matth.
2357 5336 2472 5388 am,
2497 5320 2685 5394 [1-16.
2728 5390 2747 5394 _
2787 5321 2834 5353 ⁸⁸
2863 5319 2975 5375 Isa.
2998 5335 3142 5394 rw,
3174 5317 3233 5394 8,
3277 5316 3351 5394 _”
3399 5312 3567 5369 Joan.

333 5403 510 5463 1.35.
588 5400 635 5433 ‘°
690 5399 804 5454 Joel
837 5387 902 5463 ἰι,
946 5399 1032 5454 i5.
1128 5398 1171 5430 "
1238 5387 1360 5457 Jac.
1414 5396 1568 5464 1,19.
1642 5395 1688 5427 "
1721 5394 1869 5451 lsa.l

2033 5438 2045 5451 .
2120 5396 2166 5428 ”
2195 5392 2347 5449 Psal.
2375 5387 2494 5459 vni,
2522 5392 2577 5447 5.
2650 5392 2696 5425 ’⁸
2712 5390 2875 5447 Joan.
2917 5407 2970 5455 γ,
2996 5392 3083 5446 59.
3186 5390 3234 5423 ³⁸
3262 5387 3424 5443 Joan.
3457 5400 3565 5447 xv,

334 5472 424 5527 ‘25.
524 5471 574 5503 ”
629 5468 789 5525 Joan.
823 5485 935 5531 xw,
970 5468 1060 5523 28.

410 5583 713 5668 (ᾖΜύσος
729 5580 1052 5668 κρὲβῆτρς-
1080 5581 1364 5668 ,ςξοηενυθι
1391 5583 1447 5636 in
1476 5578 2011 5668 ouIAturtIhidolorum;
2034 5599 2161 5641 vere
2179 5587 2325 5640 enlm
2346 5590 2637 5653 utrumque
2662 5578 2828 5637 habet
2858 5599 2872 5635 :
2905 5593 3078 5651 eoque
3103 5578 3429 5635 immensum
3466 5570 3568 5630 he-

262 5736 269 5745 .
338 5650 613 5725 nelicium,
634 5650 779 5729 quod
799 5650 1051 5712 Curiatus
1080 5652 1170 5709 illo
1200 5650 1461 5707 mundum
1482 5650 1735 5707 absolvit.
