3890 6166
270 316 374 373 397

1392 312 1674 368 HOMILIA
1709 310 1798 369 DE
1834 314 2065 371 CBUCE
2102 314 2356 372 DOMINI.

3386 322 3490 377 598

264 430 322 485 δὲ
361 414 811 503 ἐπισπασάμενοι
832 430 1017 494 ἀνοίας
1053 430 1330 501 λογισμὸν,
1362 431 1683 502 συμϐούλιον
1715 436 1830 486 κατ’

1938 450 1983 495 et
2013 443 2282 510 sapientiw
2303 442 2415 513 ejus
2444 459 2545 497 non
2570 451 2645 498 est
2671 459 2915 497 numerus
2944 446 3011 497 ".
3052 442 3174 500 Haec
3197 446 3343 500 enim
3377 461 3493 500 om-

266 526 431 583 αύτοῦ
457 526 756 580 ἐποιοῦντο.
793 526 985 591 Ἥμεῖς
1004 523 1062 577 δὲ
1086 523 1376 594 ψάλλωμεν
1400 539 1413 554 ⁸
1443 523 1639 595 Μέγας
1663 527 1694 578 ό
1718 526 1846 578 Κύ-.

256 636 392 690 pro;-
435 617 622 689 ἡμῶν,
655 617 754 672 καὶ
775 616 1008 687 μεγάλη
1046 618 1083 685 ἡ
1117 615 1297 686 ἰσχὺς
1336 616 1542 680 αὐτοῦ,
1584 616 1684 670 καὶ
1724 615 1834 683 τῆς

262 710 573 777 συνέσεως
619 707 805 765 αὐτοῦ
849 711 960 762 οὐκ
1009 706 1180 761 ἐστιν
1221 707 1483 776 ἀριθμός.
1517 706 1699 762 Ταῦτα
1727 706 1834 780 γὰρ

264 802 483 858 ἅπαντα
524 801 775 869 γέγονεν,
819 799 907 854 ἵνα
952 801 984 852 d
1019 799 1200 867 αἴρων
1244 798 1358 866 τὴν
1391 789 1681 868 ἁμαρτίαν
1726 801 1832 854 τοῦ

260 893 494 961 κόσμου
548 890 751 960 Ἀμνὸς
785 890 879 944 καὶ
918 890 1043 954 Υίὸς
1089 889 1183 943 τοῦ
1212 888 1347 943 Θεοῦ
1391 890 1653 954 ἑκουσίως
1691 890 1830 964 ὑπὲρ

262 982 422 1054 ἡμῶν
449 982 541 1036 ἐπὶ
564 982 625 1035 τὸ
660 982 921 1054 σωτήριον
947 980 1116 1045 πάθος
1141 979 1268 1055 ἔλθῃ
1290 982 1384 1035 καὶ
1417 982 1509 1034 ἐπὶ
1538 981 1599 1034 τὸ
1625 984 1832 1055 πρατή-

263 1090 383 1147 ριον
427 1073 503 1143 (3)
547 1073 844 1145 γνωρισθῇ,
878 1074 972 1127 καὶ
999 1073 1049 1126 oi
1090 1072 1447 1144 ἐξωνούμενοι
1485 1074 1578 1127 τὸν
1606 1074 1833 1140 ἐξωνού-

267 1179 429 1234 μενον
453 1163 531 1233 τῷ
576 1162 820 1234 ζωοποιῷ
845 1162 1009 1218 αὑτοῦ
1040 1164 1228 1235 αἵματι
1260 1164 1351 1217 τὸν
1375 1164 1578 1236 κόσμον
1607 1183 1832 1237 συμφω-

260 1256 470 1327 νήσωσι
514 1255 806 1325 τριάκοντα
836 1255 1135 1327 ἀργυρίοις,
1167 1256 1261 1309 καὶ
1301 1255 1363 1308 τὸ
1403 1255 1621 1326 Πάσχα
1669 1258 1837 1327 ’ἡμῶν

260 1345 399 1417 τυθῇ
429 1346 568 1418 ὑπὲρ
606 1346 762 1418 ἡμῶν
807 1346 1068 1418 Χριστόςο
1105 1348 1253 1411 ὅπως
1280 1349 1329 1401 οἱ
1362 1347 1457 1419 τῷ·
1482 1349 1649 1420 τιμίῳ
1672 1350 1832 1403 αὐτοῦ

260 1436 455 1507 αἵματι
481 1435 872 1506 ῥαντιζόμενοι,
905 1436 1001 1490 καὶ
1028 1435 1096 1488 τά
1120 1435 1272 1506 χείλη
1300 1436 1376 1499 ὠς
1407 1435 1565 1506 φλιὰς
1600 1454 1833 1510 σφραγι-

261 1526 499 1598 ζόμενοι,
552 1527 831 1596 ἐκφύγωσι
867 1527 961 1581 τοῦ
1009 1526 1385 1599 ὀλοθρεύοντος
1419 1527 1491 1580 τά
1535 1528 1694 1601 βέληο
1738 1530 1833 1583 καὶ

258 1615 435 1682 οὕτως
480 1619 510 1671 6
554 1617 743 1671 παθὼν
784 1617 948 1691 σαρκὶ
992 1620 1247 1691 Χριστὸς,
1277 1619 1371 1673 καὶ
1416 1618 1652 1682 ἀναστὰς
1689 1620 1836 1691 τριή-

1932 528 2022 583 nia
2056 529 2199 585 facta
2220 538 2367 597 sunt,
2398 540 2456 585 ut
2476 518 2654 602 Agnus
2683 533 2772 587 ille
2802 540 2857 587 et
2892 532 3059 589 Filius
3090 533 3185 588 Dei
3233 536 3323 605 qui
3352 535 3490 587 ιυιιίι

1930 634 2197 689 peccatum
2219 625 2400 679 mundi
2430 625 2497 691 ’⁸,
2550 633 2743 695 sponte
2768 641 2867 695 pro
2888 626 3045 682 nobis
3081 626 3145 681 ad
3195 625 3490 682 salutarem

1932 716 2237 784 passionem
2289 717 2571 788 accederet
2603 735 2616 771 :
2649 728 2812 788 utque
2840 718 2986 773 velut
3013 717 3069 772 in
3124 717 3245 772 foro
3268 727 3322 774 et
3360 733 3491 772 ven-

1931 809 2154 868 ditionis
2186 812 2365 882 lapide
2420 821 2875 884 cognosceretur;
2910 815 3056 884 iique
3085 815 3177 885 qui
3227 822 3489 878 emerent,

1931 902 2153 973 triginta
2176 906 2448 975 argenteis
2468 921 2591 961 eum
2623 906 3032 976 paciscerentur
3059 908 3126 972 ’9,
3157 906 3251 977 qui
3279 907 3492 961 vivitico

1933 998 2197 1074 sanguine
2223 1014 2322 1055 suo
2372 998 2635 1054 mundum
2680 999 3057 1069 redempturus
3084 1008 3262 1065 esset;
3296 1013 3360 1053 ac
3386 996 3493 1051 Pa-

1933 1092 2060 1149 scha
2090 1100 2330 1146 nostrum
2354 1091 2395 1154 ί,
2427 1106 2526 1160 pro
2550 1090 2710 1146 nobis
2755 1090 3029 1156 Christus,
3088 1090 3267 1145 hostia
3295 1089 3445 1144 ﬁeret
3477 1106 3490 1142 :

1932 1193 1993 1240 ut
2015 1183 2109 1254 qui
2130 1181 2509 1252 ejuspretioso
2540 1181 2804 1251 sanguine
2830 1188 3017 1237 essent
3063 1180 3294 1250 aspersi,
3330 1194 3394 1233 ac
3424 1180 3493 1232 la.

1930 1276 2040 1345 hia,
2074 1285 2331 1346 tanquam
2364 1283 2546 1345 postes
2608 1274 2805 1343 signati
2834 1274 2877 1338 ',
2918 1272 3360 1327 exterminatoris
3386 1271 3493 1325 tela

1933 1370 2232 1439 effugerent
2257 1388 2270 1423 :
2296 1365 2485 1437 sicque
2513 1381 2706 1436 passus
2730 1381 2892 1422 carne
2913 1364 3188 1427 Christus,
3211 1371 3266 1420 et
3286 1362 3494 1417 tridua-

1933 1476 2039 1515 nus
2089 1458 2406 1522 suscitatus,
2444 1457 2560 1528 pari
2610 1471 2734 1511 cum
2772 1456 2932 1512 Patre
2966 1464 3019 1512 et
3071 1454 3281 1526 Spiritu
3306 1467 3495 1510 sancto

1933 1551 2139 1605 honore
2159 1556 2212 1601 et
2242 1548 2436 1619 gloria,
2463 1563 2493 1601 a
2520 1547 2720 1602 creatis
2740 1546 2991 1603 omnibus
3017 1547 3218 1617 pariter
3241 1545 3493 1599 adorare-

1932 1648 2043 1702 tur,
2074 1639 2199 1710 quia
2232 1639 2332 1707 ipsi
2355 1639 2593 1708 ﬂectetur
2628 1654 2777 1692 omne
2809 1653 2940 1709 genu
2993 1635 3301 1697 ccelestium,
3335 1645 3494 1687 terre-

264 1724 451 1780 μερος,
491 1708 569 1779 τῷ
616 1710 788 1781 Πατρὶ
836 1711 928 1763 καὶ
962 1709 1038 1782 τῷ
1067 1710 1204 1782 ἁγίῳ
1240 1710 1518 1782 Πνεύματι
1559 1711 1830 1782 ὁμοτίμως

1938 1708 2114 1781 ttrium
2141 1734 2190 1780 et
2225 1725 2548 1794 infernarum
2580 1724 2623 1789 ³,
2649 1725 2752 1795 ipsi
2780 1725 3156 1781 submittentes
3179 1722 3405 1797 gloriam
3433 1721 3495 1779 in

262 1799 358 1852 καὶ
395 1799 662 1870 ὁμοδόξως
692 1800 840 1872 παρὰ
869 1801 1048 1873 πάσης
1078 1803 1305 1867 κτίσεως
1334 1803 1790 1875 συμπροσκυνηθῇ
1808 1819 1821 1834 ⁶

1938 1817 2135 1901 saecula
2168 1818 2513 1874 saeculorum.
2538 1816 2730 1873 Amen.

260 1893 346 1948 ὅτι
370 1893 531 1958 αὐτῷ
554 1893 777 1964 κάμψει
806 1894 929 1950 πᾶν
967 1897 1114 1967 γόνυ
1142 1897 1531 1965 ἐπουρανίων,
1558 1898 1657 1951 καὶ
1700 1898 1828 1951 ἐπι-

256 1983 457 2055 γείων,
493 1984 592 2039 καὶ
634 1986 1059 2054 καταχθονίων,
1100 1984 1257 2052 δόξαν
1294 1984 1442 2056 αύτῷ
1477 1986 1909 2058 ἀναπέμποντες,
1944 1987 2023 2049 είς
2054 1984 2179 2049 τοὺς
2209 1984 2411 2049 αἰῶνας
2436 1985 2545 2040 τῶν
2571 1984 2802 2040 αἰώνων.
2852 1985 3041 2058 Ἀμήν.

1376 2341 2006 2431 EXCEBPTA

2100 2341 2411 2428 TBIA’

831 2528 925 2585 EX
962 2530 1244 2586 HOMlLiA
1285 2530 1343 2587 S.
1380 2530 1707 2589 METHODll
1750 2532 1839 2587 DE
1870 2529 2105 2587 CRUCE
2140 2529 2228 2584 ET
2267 2528 2603 2585 PASSIONE
2640 2528 2916 2586 CHRISTI

700 2760 873 2835 (Apud
906 2759 1224 2827 Gretserum,
1255 2770 1380 2817 tom.
1409 2759 1483 2825 ll,
1504 2760 1579 2817 De
1611 2768 1800 2815 sancta

1938 2773 2015 2823 ce,
2044 2774 2167 2830 pag.
2200 2758 2299 2814 401
2335 2775 2453 2813 που.
2487 2758 2613 2813 edit.
2648 2758 2854 2813 Ratisb.
2882 2757 3069 2831 17⁸54.)

255 2872 552 2945 Πεθοδίου
600 2872 932 2945 ἐπισκόπου
980 2871 1309 2945 πρὸς-τοὺς
1323 2868 1668 2945 ῌλὲγονταςς
1711 2890 1751 2945 «μ
1774 2870 1830 2945 Tt

1938 2865 2563 2945 Methodiifpiscogi,_ad
2585 2869 2789 2945 eos_qui
2818 2869 2999 2945 dicunt
3021 2885 3040 2922 :
3073 2886 3092 2920 ‹
3129 2868 3271 2945 Quid
3296 2874 3498 2945 profui!

329 2943 647 3011 ὠφέλησεν
671 2942 828 3012 ἡμᾶς
853 2946 886 2996 ὁ
915 2939 1045 3012 ridi;
1067 2942 1173 2994 τοῦ
1206 2939 1352 2994 Θεοῦ
1379 2939 1702 3012 σᾳρκωθεὶᾼς
1728 2940 1827 3012 ἐπί

329 3010 444 3081 τῆς
473 3013 579 3084 καί
600 3010 916 3084 γενόμενος
941 3011 1280 3084 ἅνθρωπος
1298 3010 1396 3065 καὶ
1414 3010 1513 3084 διὰ
1537 3013 1592 3064 τι
1614 3010 1692 3084 τῷ
1723 3010 1827 3064 τοῦ

566 3082 593 3094 ευ

328 3080 618 3152 σταυροῦ
640 3080 901 3152 σχήματι
946 3080 1239 3151 ἠνέσχετο
1294 3081 1521 3146 παθεῖν,
1572 3080 1669 3135 καὶ
1719 3084 1830 3152 οὐκ

330 3150 493 3220 ἄλλῄ
538 3152 656 3232 τινὶ
684 3150 985 3222 statim;
1029 3150 1129 3206 καὶ
1176 3153 1231 3207 τί
1272 3152 1338 3206 τὸ
1378 3152 1679 3221 χρήσιμον
1721 3150 1829 3205 τοῦ

329 3238 598 3291 σταιιοου
616 3238 635 3286 ;
681 3242 700 3274 ›

343 3313 718 3385 Ἑπεδὴμησεν
758 3315 787 3367 6
818 3313 945 3378 Υἱὸς
973 3312 1065 3367 τοῦ
1099 3312 1233 3367 Θεοῦ
1267 3313 1498 3384 Χριστὸς
1545 3314 1829 3380 ἐπιταγαῖς

250 3407 354 3463 τοῦ
393 3407 604 3479 Πατρὸς
639 3409 707 3478 τῇ
738 3407 906 3479 όρατῇ
940 3407 1132 3470 κτίσει,
1165 3406 1252 3459 ἵνα
1287 3404 1372 3476 δὴ,
1399 3404 1467 3459 τὰ
1504 3404 1679 3476 κράτη
1720 3401 1828 3457 τῶν

249 3498 661 3570 τυραννούντων
685 3498 988 3569 ἀνατρέψας
1020 3498 1305 3568 δαιμόνων,
1336 3498 1582 3569 ἐξέληται
1611 3499 1707 3570 τῆς
1740 3515 1829 3551 πι-

252 3592 401 3662 κρᾶς
438 3589 534 3652 τὰς
566 3589 742 3659 ψυχὰς
770 3588 1029 3653 δουλείας,
1060 3589 1174 3643 ἀνθ’
1219 3583 1294 3644 ὧν
1326 3590 1487 3659 φύσις
1513 3589 1684 3652 πᾶσα,
1708 3592 1829 3652 ταῖς

254 3681 583 3752 προποσίαις
603 3680 702 3749 τῆς
727 3678 939 3743 ἀδικίας
962 3680 1384 3751 γεγοητευμένη,
1404 3679 1633 3752 θορύϐου
1658 3696 1715 3733 τε
1737 3681 1829 3733 καὶ

252 3772 486 3838 ἀταξίας
529 3772 901 3843 ἐπεπλήρωτο,
945 3773 1046 3826 οὐκ
1079 3771 1158 3826 ἔτι
1197 3772 1303 3826 τῶν
1339 3773 1721 3844 συμφερόντων
1749 3775 1829 3836 είς

251 3864 560 3934 ἀνάμνησιν
612 3863 939 3935 ἀναδραμεῖν
992 3863 1243 3935 οὐδαμῶς
1285 3863 1576 3937 δυναμένη.
1628 3863 1827 3936 Διόπερ

258 3955 355 4007 καὶ
389 3954 524 4024 πρὸς
554 3953 622 4007 τά
654 3953 843 4007 εἴδωλα
884 3953 1080 4025 ῥᾳδίως
1116 3954 1342 4020 εἵλκετο,
1376 3956 1469 4010 at:
1499 3955 1825 4011 ὲπικλύσαν-

252 4061 351 4108 τος
383 4044 556 4098 πάντα
582 4044 677 4099 τοῦ
704 4045 896 4110 κακοῦ,
925 4046 1018 4099 καὶ
1046 4047 1223 4110 πάσας
1251 4047 1459 4102 ὲπινενε
1468 4065 1538 4120 μη
1547 4046 1707 4119 μένου
1730 4046 1826 4111 τὰς

254 4135 452 4205 γενεὰς
490 4135 631 4191 κατά
671 4137 770 4209 τὴν
809 4135 1110 4202 ἀλλοίωσιν,
1156 4138 1256 4210 τὴν
1301 4140 1365 4192 ὲκ
1394 4139 1491 4211 τῆς
1542 4139 1826 4212 παρακοῆς

2005 2939 2153 3014 nobis
2187 2938 2364 2993 Filius
2396 2938 2489 2991 Dei
2520 2938 2805 3014 cruciﬁxus
2843 2940 2898 2992 in
2928 2950 3100 3014 terra,
3128 2949 3177 3014 et
3221 2938 3373 3014 hoino
3393 2938 3499 3014 ’[α-

1999 3012 2155 3064 ctus?
2184 3019 2232 3080 et
2263 3024 2425 3080 quare
2453 3011 2623 3062 erucis
2653 3011 2823 3080 ﬁgura
2861 3010 2976 3075 pati
3011 3009 3283 3078 sustinuit,
3312 3025 3362 3068 et
3394 3009 3499 3072 rion

2000 3078 2213 3203 aliquod
2247 3078 2394 3132 aliud
2443 3078 2806 3150 supplicium?
2850 3088 2901 3134 et
2952 3083 3324 3149 quw‘utilitas
3377 3103 3500 3140 rru-

1998 3165 2073 3202 ets
2155 3168 2174 3200 ›

2009 3306 2265 3365 Versatus
2302 3317 2387 3364 est
2440 3307 2696 3367 Christus
2728 3309 2823 3366 Dei
2867 3309 3060 3378 Filius,
3094 3329 3174 3369 ex
3230 3326 3499 3389 praecepto

1928 3400 2130 3465 Patris,
2166 3416 2289 3455 cum
2329 3401 2534 3456 visibili
2566 3410 2837 3466 creatura,
2871 3409 2932 3456 ut
2967 3403 3209 3474 imperiis
3238 3415 3498 3479 tyranno-

1931 3509 2077 3558 rum,
2107 3493 2415 3549 dmmonum
2449 3493 2722 3559 videlicet,
2757 3495 2983 3560 eversis,
3020 3496 3255 3567 eriperet
3287 3499 3499 3557 animas

1930 3600 1996 3641 ex
2022 3586 2141 3640 dira
2177 3586 2460 3651 servitute,
2507 3600 2572 3641 eo
2620 3585 2765 3655 quod
2803 3593 2912 3641 tota
2965 3597 3160 3643 natura
3214 3591 3499 3662 propinata

1915 3680 2076 3737 .velut
2110 3679 2397 3750 iniquitate
2450 3677 2736 3743 fascinata,
2790 3680 3058 3735 tumultus
3106 3682 3500 3755 turbarumque

1929 3771 2088 3841 plena
2122 3770 2320 3835 fuerat,
2344 3786 2447 3827 nec
2491 3771 2686 3841 jam.in
2720 3786 2903 3826 rerum
2935 3773 3149 3827 utilium
3185 3777 3501 3831 memoriam

1929 3861 2110 3916 redire
2148 3861 2261 3916 ullo
2308 3861 2472 3916 modo
2526 3868 2759 3931 poterat.
2816 3859 3160 3933 Quapropter
3215 3866 3381 3919 etiam
3428 3865 3500 3923 ai

1930 3952 2071 4007 idola
2105 3950 2264 4009 facile
2293 3951 2633 4016 trahebatur,
2669 3951 2869 4023 quippe
2911 3968 3038 4008 cum
3076 3954 3275 4009 malum
3320 3958 3501 4012 omnia

1928 4042 2223 4107 obruisset,
2257 4056 2557 4112 omnesque
2601 4040 2886 4113 depastum
2928 4057 3050 4098 esse
3093 4045 3499 4114 generationes.

1930 4143 2153 4205 prapter
2195 4138 2552 4191 mutationem
2585 4149 2706 4205 qua:
2736 4136 2947 4191 carneis
2992 4135 3361 4194 tabernaculis
3403 4154 3497 4193 no-

254 4226 737 4298 προγεγενημένην
758 4230 877 4291 ταῖς
903 4228 1186 4300 ὲνσάρκοις
1209 4229 1368 4299 ἡμῶν
1395 4234 1620 4301 σκηναῖς
1635 4248 1647 4262 ·
1675 4232 1779 4295 ἕως
1801 4233 1828 4285 6

1938 4227 2065 4281 stris
2092 4243 2160 4283 ex
2203 4226 2569 4283 inobedientia
2608 4227 2950 4297 promanavit
2984 4227 3199 4283 :donec
3250 4230 3503 4289 Christus

255 4316 462 4389 Κύριος
482 4315 717 4389 Χριστὸς
746 4317 812 4371 δι’
836 4313 904 4389 ἦς
934 4320 1178 4390 ἐπεφάνη
1206 4320 1406 4392 σαρκὸς
1435 4320 1512 4392 τῷ
1540 4321 1659 4394 βίῳ,
1693 4324 1831 4394 ἀμυ-

252 4408 471 4480 δρώσας
500 4409 609 4461 τῶν
639 4409 840 4481 ἡδονῶν
871 4411 973 4475 τὰς
1003 4411 1279 4477 ἐπιϐολὰς,
1315 4407 1402 4476 αἷς
1442 4414 1499 4467 αἱ
1545 4414 1693 4469 κάτω
1737 4415 1827 4468 δυ-

252 4498 452 4569 νάμεις
484 4498 604 4554 καθ’
637 4499 794 4572 ἡμῶν
821 4500 1118 4567 ὡπλίζοντο
1155 4503 1555 4559 καταδουλῶσαι
1601 4506 1664 4558 τὸ
1710 4505 1826 4561 δια-

190 4623 202 4632 ο
253 4591 528 4661 νοητικὸν,
562 4589 840 4663 ἐλεύθερον
883 4594 1100 4648 πάντων
1142 4593 1236 4648 τὸν
1277 4595 1560 4666 ἄνθρωπον
1606 4596 1829 4662 διέδειξε

254 4680 464 4735 κακῶν.
496 4681 697 4736 Τούτου
731 4683 839 4755 γὰρ
866 4684 1027 4738 ἕνεκα
1048 4686 1141 4739 καὶ
1172 4685 1347 4758 σάρκα
1379 4687 1635 4759 ὲφόρεσεν
1661 4691 1690 4742 6
1716 4688 1829 4741 Κύ-

258 4791 378 4845 ριος
410 4775 643 4844 Ἰησοῦς,
671 4777 763 4830 καὶ
791 4776 1074 4849 ἄνθρωπος
1101 4777 1338 4847 ἐγένετο,
1371 4780 1464 4832 καὶ
1502 4779 1826 4852 προσηλώοη

254 4866 338 4936 τῷ
382 4867 599 4939 σταυρῷ
636 4866 1086 4939 οίκονομούμενος
1108 4884 1121 4898 ⁸
1162 4869 1310 4932 ὅπως
1339 4869 1405 4923 δι’
1436 4865 1505 4942 ἧς
1547 4872 1748 4943 σαρκὸς
1778 4872 1827 4924 οἱ

254 4958 510 5029 δαίμονες
546 4957 817 5022 ἀναδεῖξαι
848 4956 1004 5023 θεοὺς
1031 4958 1478 5030 ἠλαζονιύσαντο,
1506 4962 1643 5033 πρὸς
1665 4961 1831 5016 θάνα-

251 5066 350 5104 τον
389 5049 490 5113 τὰς
528 5048 704 5120 ψυχὰς
748 5048 987 5120 μεθόδοις
1030 5049 1246 5121 ἀπάτης
1286 5050 1830 5122 ἀγκιστρευσάμενοι,

253 5139 346 5193 διὰ
373 5138 575 5210 ταύτης
601 5138 1003 5210 ἀνατραπέντες
1053 5139 1491 5193 κατοπτευθῶσιν
1535 5141 1633 5193 οὐκ
1682 5141 1833 5204 ὄντες

256 5230 396 5284 θεοί.
428 5229 668 5283 Κωλύων
698 5230 809 5302 γὰρ
836 5230 930 5283 ἐπὶ
962 5230 1123 5285 πλέον
1165 5230 1399 5303 ἀρθῆναι
1434 5232 1533 5303 τὴν
1561 5232 1833 5302 μεγαλαύ-

255 5335 422 5391 χησιν
443 5317 643 5382 αὐτῶν,
676 5318 956 5390 ἅνθρωπος
986 5319 1202 5388 ἐγένετο
1220 5336 1233 5349 ·
1265 5319 1351 5373 ἵνα
1371 5320 1436 5390 δὴ
1464 5319 1531 5374 δι’
1556 5313 1619 5374 οὗ
1650 5320 1836 5392 σώμα-

1934 4315 2198 4374 Dominus
2228 4333 2326 4388 per
2346 4332 2567 4374 carnem
2604 4317 2660 4373 in
2698 4334 2804 4389 qua
2848 4319 2983 4373 vixit
3029 4329 3083 4375 et
3108 4323 3384 4391 apparuit,
3414 4340 3505 4379 re-

1932 4408 2138 4479 pressis
2159 4410 2497 4480 voluptatum
2533 4409 2845 4475 insultibus,
2885 4411 3083 4480 quibus
3128 4411 3355 4468 infernae
3402 4430 3502 4484 po-

1930 4508 2157 4556 testates
2192 4501 2481 4557 adversum
2521 4517 2621 4557 nos
2652 4510 2876 4556 armata:
2904 4510 3140 4556 mentem
3195 4503 3250 4557 in
3276 4504 3504 4558 servitu-

1930 4599 2039 4649 tem
2075 4592 2415 4663 redigebant,
2442 4592 2717 4648 hominem
2748 4592 3002 4647 omnibus
3033 4593 3196 4650 malis
3229 4594 3500 4652 liberavit.

1931 4683 2107 4754 Hujus
2136 4684 2278 4739 enim
2315 4685 2393 4740 rei
2438 4684 2614 4755 gratia
2661 4692 2714 4739 et
2753 4698 2974 4738 carnem
3024 4685 3192 4754 gessit
3236 4684 3502 4741 Dominus

1928 4776 2109 4841 Jesus,
2138 4782 2192 4831 et
2227 4775 2391 4831 homo
2424 4776 2602 4831 factus
2634 4783 2737 4839 est,
2765 4783 2818 4830 et
2842 4776 2991 4829 cruci
3022 4791 3119 4845 per
3147 4775 3385 4832 divinam
3417 4777 3502 4832 di-

1931 4868 2334 4938 spensationem
2367 4866 2592 4923 aiiixus:
2620 4874 2681 4922 ut
2710 4880 2809 4938 per
2838 4881 3001 4937 quam
3039 4882 3261 4923 carnem
3299 4869 3504 4925 daemo-

1929 4974 2030 5014 nes
2058 4960 2293 5029 superbe
2321 4957 2451 5013 deos
2479 4958 2724 5015 ementiti
2766 4957 3002 5020 fuerant,
3043 4959 3328 5014 animabus
3350 4974 3499 5014 com-

1930 5049 2193 5119 pendiosa
2231 5047 2423 5104 fraude
2455 5048 2650 5119 captis,
2686 5063 2783 5117 per
2806 5062 2928 5102 eam
2980 5047 3176 5116 dejecti
3232 5049 3503 5120 despecti-

1931 5158 2039 5212 que
2065 5149 2270 5206 essent,
2308 5147 2369 5194 nt
2399 5155 2513 5195 non
2542 5140 2642 5196 dii.
2683 5138 2974 5195 Prohibuit
3015 5141 3162 5197 enim
3208 5142 3369 5197 altius
3406 5157 3493 5197 ex-

1932 5233 2050 5287 tolli
2075 5233 2386 5303 superbiam
2418 5233 2684 5303 ipsorum,
2717 5230 2896 5287 factus
2913 5230 3106 5300 homo;
3142 5241 3200 5287 ut
3231 5247 3325 5301 per
3355 5232 3503 5302 quod

1935 5340 2159 5396 corpus,
2184 5325 2417 5380 rationis
2447 5324 2717 5395 particeps
2760 5341 2935 5397 genus
2977 5340 3010 5380 a
3057 5327 3170 5380 veri
3225 5324 3319 5380 Dei
3351 5327 3502 5380 cultu

327 5437 375 5515 ’ἶ
395 5433 565 5515 ΑΡδαι.
620 5452 776 5501 cxrv,
829 5439 882 5494 5.
958 5439 1185 5497 "Joan.
1232 5457 1269 5507 ι,
1328 5440 1417 5499 ‘29.
1495 5443 1541 5476 ”
1588 5441 1781 5499 Matth.
1841 5461 1990 5511 nrt,
2037 5446 2123 5501 15.
2201 5447 2217 5477 ¹
2253 5444 2283 5500 1
2315 5444 2518 5513 Conv,
2551 5446 2605 5501 7.
2682 5447 2703 5477 ’
2743 5445 2912 5500 Exod.
2956 5460 3035 5512 xl,
3088 5445 3140 5501 7.
3215 5445 3238 5479 ³
3272 5444 3503 5515 Philipp.

259 5521 323 5569 ll,
354 5506 443 5560 l0.

332 5661 414 5729 (3)
444 5662 586 5734 3:52
616 5664 681 5718 τὸ
725 5663 957 5734 πρατήρ

261 5731 406 5797 ρίου.
444 5730 676 5792 Budaeus
708 5730 813 5791 col.
845 5730 976 5792 mihi
1005 5736 1129 5793 272.

961 5683 1107 5745 5032‘
1133 5666 1291 5725 Velut.
1335 5667 1595 5725 nimirum
1636 5684 1830 5725 venum

1938 5670 2196 5740 rpositus,
2254 5671 2367 5741 ipse
2411 5669 2593 5726 mundi
2641 5672 2901 5742 pretium,
2965 5671 3093 5745 περὶ
3144 5671 3237 5726 τοῦ
3294 5686 3512 5742 πρατῆ-
