3876 6168
348 286 453 344 399

1333 280 1392 336 S.
1436 277 1768 333 METllODll
1807 275 2114 332 EPISCOPI
2153 276 2240 330 ET
2281 275 2640 331 MARTYRIS

3481 270 3592 324 ιω

352 404 640 455 alienatum
671 400 923 471 perdidit,
955 416 1050 471 per
1079 399 1221 455 idem
1257 397 1512 452 ineffabili
1551 404 1669 453 arte
1705 396 1918 465 sapien—

2028 413 2107 460 τος
2137 397 2196 448 τὸ
2220 395 2431 464 λογικὸν
2465 396 2615 463 γένος
2644 394 2740 464 τῆς
2762 391 2853 446 τοῦ
2885 391 3032 454 ὄντος
3056 387 3592 460 ἀπαλλοτριῶσανττς

349 492 436 545 liae
461 489 641 545 Verbo
665 500 944 562 suscepto,
981 491 1228 546 exitiales
1252 491 1436 544 hostes
1471 503 1591 543 esse
1624 503 1910 559 argueren-

350 588 458 645 tur,
493 597 602 636 non
638 583 1016 638 benefactores
1047 581 1372 635 animarum.

419 766 539 822 Non
571 767 716 821 enim
749 765 948 819 mirum
983 763 1198 824 fuisset,
1235 761 1516 816 Christum
1551 760 1770 816 deitatis
1802 765 1917 813 ter-

349 874 494 922 rore,
519 866 572 914 et
609 857 824 912 invicta:
854 855 1109 926 potentia:
1159 852 1534 924 magnitudine
1577 851 1919 906 adversarias

349 951 636 1006 debilitare
673 958 898 1004 naturas
933 948 1262 1002 daemonum.
1295 945 1563 1012 Quoniam
1587 957 1714 1014 ergo
1739 957 1802 997 ea
1830 956 1919 995 res

354 1043 618 1112 majorem
663 1041 904 1096 dolorem
951 1048 1005 1095 et
1052 1040 1353 1094 cruciatum
1414 1037 1494 1090 eis
1548 1035 1778 1089 allatura
1804 1041 1922 1088 erat

352 1135 517 1204 (vinci
545 1136 687 1190 enim
724 1150 754 1187 a
786 1133 1169 1204 praestantiore
1204 1128 1571 1200 maluissent),
1602 1127 1808 1182 idcirco
1826 1140 1922 1196 per

350 1227 624 1282 hominem
663 1226 890 1282 salutem
925 1225 1305 1279 universorum
1337 1221 1650 1292 procuravit
1681 1239 1694 1274 :
1731 1225 1790 1272 ut
1820 1217 1918 1270 ho-

349 1319 523 1372 mines
553 1316 794 1386 quidem,
827 1315 917 1369 ubi
946 1313 1070 1368 Vita
1107 1314 1221 1384 ipsa
1245 1320 1296 1368 et
1317 1311 1531 1367 Veritas
1565 1308 1922 1380 corporaliter

349 1409 405 1462 in
448 1423 543 1464 eos
581 1408 970 1478 immigrasset,
1026 1405 1093 1460 ad
1152 1404 1381 1458 formam
1434 1404 1723 1471 lumenque
1756 1398 1918 1454 Verbi

2022 489 2156 541 Θεοῦ
2209 488 2503 559 θρησκείας
2550 487 2905 557 ἐλυμήναντο,
2955 484 3044 538 διὰ
3091 483 3276 536 τούτου
3332 482 3591 554 ἀρρήτοις

2019 581 2233 651 τέχναις
2288 580 2476 648 σοφίας
2533 578 2626 631 τὸν
2684 577 2840 645 λόγον
2897 577 3243 648 χωρήσαντος
3269 615 3284 638 ,
3335 573 3592 644 ὀλετῆρες

2020 672 2367 744 ἐλεγχθῶσιν,
2396 671 2510 725 ἀλλ’
2542 671 2642 724 οὐκ
2675 671 2958 742 εὐεργέται
2993 668 3102 722 τῶν
3133 667 3340 737 ψυχῶν.

2091 768 2206 819 Οὐκ
2232 761 2298 836 ἦν
2345 765 2442 835 μὲν
2484 760 2577 816 οῦν
2609 762 2759 815 οὐδὲν
2791 761 3100 832 θαυμαστὸν
3132 758 3209 830 τῷ
3236 755 3474 830 Χριστῷ,
3495 739 3591 810 τοῦ

2020 858 2155 912 Θεοῦ
2179 855 2513 928 καταπλήξει
2535 855 2626 908 καὶ
2649 854 2930 924 δυνάμεως
2951 851 3218 923 ἀτρέπτου
3253 849 3470 921 μεγέθει
3493 847 3590 910 τὰς

2021 953 2398 1016 ἀντιστατικάς
2435 950 2752 1022 ἀμυδρῶσαι
2772 949 2958 1017 φύσεις
2983 946 3091 1000 τῶν
3116 945 3403 1015 δαιμόνων.
3447 939 3589 994 Ἀλλ’

2021 1047 2208 1118 ἐπειδὴ
2257 1043 2420 1117 αῦχος
2473 1045 2648 1098 αὐτῶν
2698 1043 2761 1114 δὴ
2808 1042 2903 1095 καὶ
2957 1038 3294 1110 σφαδαῖσμὸν
3323 1037 3397 1109 (4)
3431 1034 3592 1088 τοῦτο

2022 1142 2358 1211 προσέφερεν
2401 1137 2706 1208 (νικηθῆναι
2737 1134 2845 1206 γὰρ
2877 1134 2982 1187 ὑπὸ
3004 1132 3097 1186 τοῦ
3126 1134 3427 1204 κρείττονος
3455 1129 3586 1201 μᾶλ-

2021 1236 2112 1288 λον
2141 1234 2205 1288 ἂν
2231 1231 2491 1295 saevae)“
2527 1229 2614 1285 διὰ
2637 1227 2793 1282 τοῦτο
2823 1228 2888 1280 δι’
2918 1225 3202 1298 ἀνθρώπου
3229 1225 3325 1296 τὴν
3359 1224 3451 1276 ἐπὶ
3484 1241 3586 1275 σω-

2021 1322 2214 1393 τηρίαν
2245 1321 2460 1374 πάντων
2492 1318 2876 1390 ᾠκονομήσατο
2913 1315 3134 1369 ἔκϐασιν
3157 1331 3171 1346 ο
3198 1316 3346 1377 ὅπως
3384 1314 3434 1366 oi.
3465 1312 3588 1384 μὲν,

2021 1415 2120 1484 τῆς
2137 1414 2290 1484 Ζωῆς
2315 1413 2497 1475 αὐτοῖς
2521 1411 2690 1480 αὐτῆς
2719 1403 3173 1481 σωματικῶς,τῆς
3185 1403 3279 1456 καὶ
3305 1403 3588 1475 Ἀληθείας

350 1515 632 1555 recurrere
683 1499 959 1561 valerent,
1014 1495 1285 1566 superatis
1335 1493 1544 1564 peccati
1601 1489 1916 1546 illecebris:

351 1594 625 1647 daemones
673 1605 801 1645 vero
850 1591 918 1645 ab
967 1589 1266 1643 infirmiore
1304 1593 1723 1655 contemptoque
1765 1581 1917 1644 victi,

2028 1599 2116 1652 καὶ
2145 1598 2236 1650 τὸν
2262 1595 2540 1666 φωτισμὸν
2557 1594 2848 1664 έπίσχωσιν
2871 1592 2964 1645 τοῦ
2989 1592 3184 1659 Λόγου,
3207 1589 3276 1642 τά
3298 1589 3396 1659 τῆς
3418 1590 3589 1658 ἀμαρ-

348 1687 673 1742 desisterent
719 1684 786 1737 ab
835 1681 1064 1737 audacia
1116 1688 1170 1736 et
1216 1673 1921 1748 confidentia,'Typhonica

2028 1689 2142 1752 τίας
2176 1686 2509 1757 ὑπερϐάντες
2555 1683 2856 1754 θέλγητρα·
2889 1683 2956 1734 οἱ·
2981 1681 3038 1734 δὲ
3067 1681 3204 1752 πρὸς
3241 1678 3332 1733 τοῦ
3370 1678 3590 1731 ἀσθενε-

351 1779 590 1847 ipsorum
617 1777 831 1830 ﬂamma
855 1788 1123 1845 repressa.
1157 1770 1282 1826 Ideo
1313 1785 1549 1840 namque
1579 1767 1814 1822 maxime
1835 1765 1918 1819 iu-

2028 1779 2212 1850 στέρου
2239 1775 2552 1846 νικηθέντες
2577 1771 3234 1843 καΐκαταπεφρονημένοι
3257 1771 3304 1822 οἱ
3333 1769 3588 1838 δαίμονες

350 1869 605 1923 troducta
648 1875 731 1921 est
765 1882 924 1932 crux,
959 1875 1218 1934 tanquam
1263 1872 1525 1932 tropaeum
1574 1868 1765 1915 contra
1817 1855 1920 1910 ini-

2028 1872 2220 1942 λήξωσι
2249 1865 2344 1922 τοῦ
2377 1868 2632 1940 θράσους,
2661 1866 2762 1936 τῆς
2798 1865 2938 1919 κατὰ
2967 1864 3058 1917 τὸν
3087 1862 3318 1932 Τυφῶνα
3345 1861 3590 1922 δεθέντες

349 1965 614 2035 quitatem
648 1971 910 2026 erectum,
957 1969 1010 2014 et
1043 1956 1572 2017 terriculamentum,
1615 1957 1677 2004 ut
1721 1948 1921 2003 abhinc

2028 1963 2346 2033 φλεγμονῆς.
2393 1961 2492 2014 Διά
2535 1957 2693 2012 τοῦτο
2741 1958 2848 2029 γὰρ
2886 1956 3118 2028 μάλιστα
3163 1953 3390 2026 εἰσήχθη
3421 1951 3514 2006 καὶ
3557 1953 3589 2006 ὁ

347 2059 443 2111 ira:
471 2054 740 2110 obnoxius
769 2069 837 2107 ne
876 2058 1024 2106 esset
1066 2049 1250 2112 homo,
1285 2052 1573 2116 postquam
1615 2040 1824 2096 cladem
1853 2053 1918 2093 ex

2028 2054 2273 2125 σταυρὸς,
2317 2053 2573 2124 τρόπαιον
2617 2051 2757 2105 κατὰ
2785 2051 2883 2120 τῆς
2925 2049 3136 2111 ἀδικίας
3164 2047 3258 2100 καλ⁸
3294 2045 3591 2116 ἓκπληγμα

2023 1506 2388 1576 ὲνσκηψάσης,
2414 1505 2464 1556 οἱ
2487 1503 2760 1574 ἄνθρωποι
2788 1501 2924 1574 πρὸς
2953 1499 3228 1572 μόρφωσιν
3257 1497 3590 1568 ἀναδραμεῖν
3665 1536 3679 1547 ,

352 2147 715 2203 inobedientia
762 2151 1041 2213 acceptam
1093 2142 1522 2210 compensasset,
1571 2131 1921 2200 infernasque

349 2246 648 2312 potestates
695 2237 935 2306 legitime
993 2233 1256 2298 vicisset,
1319 2245 1383 2285 ac
1430 2227 1525 2283 Dei
1574 2241 1800 2282 munere
1851 2223 1921 2278 ab

350 2333 500 2386 omni
539 2331 723 2386 debito
755 2328 951 2384 fuisset
986 2327 1272 2381 liberatus.
1310 2322 1388 2377 Ita
1411 2321 1680 2392 siquidem
1711 2319 1919 2389 primo-

351 2426 590 2496 genitum
623 2421 718 2477 Dei
754 2419 993 2475 Verbum
1025 2417 1222 2471 muniit
1253 2415 1420 2470 armis
1472 2413 1700 2483 justitiaz
1745 2409 1922 2463 homi-

352 2529 496 2580 nem,
532 2513 589 2567 in
639 2526 750 2582 quo
806 2509 1112 2573 habitavit;
1148 2505 1510 2578 potestatibus
1557 2518 1678 2574 quae
1731 2517 1832 2556 nos
1863 2502 1920 2554 in

351 2607 667 2661 servitutem
699 2603 1044 2672 redegerant,
1086 2614 1184 2669 per
1216 2598 1400 2653 crucis
1441 2597 1692 2667 tiguram,
1733 2593 1812 2646 uti
1837 2592 1922 2646 di-

351 2704 498 2750 ctum
525 2702 629 2757 est,
659 2691 935 2762 superatis
961 2707 975 2756 ;
1013 2688 1400 2756 hominemque
1427 2685 1802 2755 corruptione,
1821 2697 1920 2736 ceu

351 2785 637 2859 tyrannide
657 2785 888 2856 quadam
920 2794 1264 2852 oppressum,
1283 2778 1477 2834 solutis
1506 2777 1758 2833 manibus
1787 2775 1923 2830 libe-

351 2876 512 2932 ravit.

423 3063 517 3118 Est
558 3059 705 3116 enim
759 3072 916 3122 crux,
957 3056 1002 3110 si
1046 3068 1166 3110 eam
1213 3051 1439 3108 definire
1480 3049 1637 3112 velis,
1681 3047 1924 3103 victoriae

2017 2143 2213 2206 τεθεὶς,
2253 2141 2394 2204 ὥστε
2440 2142 2633 2213 μηκέτι
2661 2143 2726 2212 τῇ
2758 2141 2895 2210 ὀργῇ
2923 2137 3221 2191 ὑπεύθυνον
3259 2131 3396 2188 εἶναι
3422 2136 3590 2188 ἀπεν-

2019 2236 2206 2293 τεῦθεν
2250 2235 2342 2289 τὸν
2386 2235 2689 2305 ἄνθρωπον,
2735 2232 3174 2287 ἀναπαλαίσαντα
3225 2229 3323 2300 μὲν
3348 2229 3408 2282 τὸ
3447 2227 3588 2282 κατά

2019 2332 2118 2402 τὴν
2152 2328 2432 2400 παρακοήν
2455 2329 2695 2398 ἥττημα,
2721 2327 3023 2406 νικήσαντα.
3043 2325 3099 2377 δὲ
3126 2325 3225 2388 τὰς
3252 2325 3401 2378 κάτω
3432 2322 3590 2386 δυνά-

2025 2440 2144 2492 μεις
2173 2422 2431 2492 ἐννόμως,
2465 2422 2558 2475 καὶ
2585 2419 2867 2490 ἐλεύθερον
2911 2418 3222 2489 ὀφλήματος
3253 2416 3452 2480 παντὸς
3482 2414 3588 2467 δω-

2025 2517 2175 2584 ρεαῖς
2203 2513 2581 2584 ἀναδειχθέντα
2614 2513 2768 2568 Θεοῦ.
2809 2511 3024 2582 Ἐπειδὴ
3059 2509 3201 2564 οὕτω
3230 2527 3293 2578 γε
3322 2511 3352 2562 ό
3379 2506 3590 2579 πρωτό-

2023 2622 2176 2674 γονος
2197 2605 2366 2674 Λόγος
2397 2606 2491 2659 τοῦ
2520 2606 2653 2659 Θεοῦ
2679 2606 3019 2676 δικαιοσύνης
3045 2603 3254 2676 φράξας
3273 2601 3364 2655 τὸν
3387 2599 3594 2673 ἀνθρω·

2022 2715 2124 2750 πον
2154 2697 2358 2760 ὅπλοις,
2391 2699 2446 2750 ὲν
2479 2691 2523 2766 ᾧ
2547 2699 2842 2769 ἐσκήνωσε,
2873 2697 2974 2759 τάς
3003 2694 3413 2765 δουλωσαμένας
3441 2693 3591 2762 ἡμᾶς

2021 2789 2276 2862 δυνάμεις
2307 2789 2715 2860 κατηγωνίσατο
2747 2789 2834 2842 διὰ
2856 2788 2949 2841 τοῦ
2981 2785 3370 2858 σταυροειδοῦς,
3398 2784 3472 2846 ὼς
3506 2782 3592 2835 εἴ·

2025 2900 2206 2953 ρηται,
2256 2883 2562 2952 σχήματος,
2613 2863 2720 2935 τὸν·
2757 2884 2822 2953 τῇ
2877 2879 3051 2951 φθορᾷ
3080 2874 3590 2947 οδεδυναστευμέναν

2024 2974 2306 3046 ἄνθρωπον
2338 2974 2513 3039 δείξας
2550 2973 2828 3045 ἐλεύθερον
2860 2973 3046 3044 χερσὶν
3076 2971 3443 3042 ήπλωμέναις.

2099 3067 2254 3120 Ἐστι
2279 3065 2385 3138 γάρ
2408 3066 2586 3131 τοῦτο,
2619 3069 2667 3119 εί
2695 3064 2802 3137 χρὴ
2829 3063 3116 3136 ὁριστικῶς
3141 3065 3334 3125 εἰπεῖν,
3365 3061 3426 3113 τὸ
3454 3060 3588 3130 σχῆ-

353 3157 776 3216 firmamentum,
802 3150 891 3204 via
919 3162 1025 3218 qua
1051 3145 1192 3201 Deus
1213 3146 1281 3198 ad
1313 3143 1588 3197 hominem
1619 3139 1920 3208 descendit,

2028 3175 2104 3229 μα
2145 3131 2302 3229 νίκης
2333 3131 2656 3230 κραταίωμα
2674 3131 2872 3221 ,Θεοῦ-
2891 3155 3114 3218 κάθοδος
3150 3154 3236 3207 ἐπ’
3272 3152 3583 3224 ἄνθρωπον,

353 3257 618 3317 trepteum
649 3241 915 3297 adversus
946 3239 1192 3308 impuros
1215 3233 1463 3306 spiritus,
1495 3231 1748 3301 depulsio
1775 3246 1922 3284 mor-

353 3339 446 3402 tis,
509 3335 922 3390 fundamentum
981 3342 1243 3385 ascensus
1301 3323 1370 3379 ad
1416 3339 1605 3378 verum
1651 3322 1816 3388 diem,
1871 3331 1925 3376 et

355 3427 503 3483 scala
541 3423 919 3480 festinantium
957 3419 1061 3474 frui
1099 3419 1220 3473 luce
1253 3417 1345 3472 illa
1395 3430 1517 3486 quae
1566 3414 1729 3471 isthic
1770 3421 1854 3468 est
1907 3432 1918 3466 :

355 3519 610 3575 machina
644 3532 740 3588 per
767 3530 929 3586 quam
979 3514 1016 3566 ii
1069 3511 1162 3581 qui
1211 3510 1278 3564 ad
1331 3507 1588 3564 Ecclesiae
1633 3505 1922 3561 aedificium

355 3611 593 3684 adaptati
625 3607 1008 3679 sunthinferne
1035 3604 1231 3676 lapidis
1259 3603 1509 3674 quadrati
1533 3602 1726 3664 instar,
1755 3607 1924 3653 attra-

359 3709 558 3762 huntur
585 3716 824 3766 sursum,
878 3698 1173 3768 adaptandi
1215 3695 1398 3750 divino
1431 3693 1631 3749 Verbo.
1671 3690 1810 3745 l-linc
1839 3705 1925 3745 re-

354 3813 449 3870 ges
491 3795 667 3850 nostri
702 3793 769 3848 ad
801 3789 1178 3862 dissipandum
1228 3801 1389 3842 omne
1440 3785 1642 3839 malum
1694 3783 1924 3853 figuram

356 3891 539 3946 crucis
579 3887 963 3943 assumendam
1001 3889 1354 3947 censuerunt,
1405 3889 1458 3934 et
1484 3874 1694 3940 vexilla,
1733 3886 1790 3929 ut
1817 3873 1922 3928 La-

356 3986 474 4040 tino
505 3995 756 4039 sermone
785 3979 1149 4047 appellantur,
1184 3973 1559 4028 confecerunt.
1597 3966 1752 4024 Unde
1775 3981 1924 4022 mare

357 4076 487 4131 huic
515 4073 702 4142 figurae
729 4071 950 4132 cedens,
987 4067 1295 4137 navigabile
1339 4081 1397 4122 se
1431 4062 1745 4118 hominibus
1778 4075 1916 4130 prze‘

356 4170 467 4223 bet.
503 4165 769 4222 Universa
803 4162 969 4225 enim,
1006 4169 1066 4214 ut
1117 4159 1194 4212 ita
1233 4158 1434 4221 dicam,
1475 4162 1724 4210 creatura
1760 4153 1923 4206 liber-

356 4262 486 4316 tatis
514 4275 682 4315 causa
709 4259 814 4312 hoc
846 4257 1002 4326 signo
1039 4251 1297 4322 insignita
1345 4259 1449 4304 est.
1483 4247 1616 4300 Nam
1644 4252 1698 4301 et
1727 4243 1925 4297 volati-

358 4354 431 4406 lia
457 4353 515 4407 in
537 4352 705 4406 altum
737 4347 1084 4405 subvolantia
1108 4343 1290 4399 crucis
1329 4343 1555 4411 figuram
1589 4338 1925 4409 expansione

358 4443 566 4495 alarum
596 4438 956 4502 adumbrant;
995 4437 1236 4504 itemque
1277 4432 1440 4486 homo
1464 4429 1720 4500 expansis
1748 4428 1924 4481 mani-

358 4534 461 4587 bus
493 4531 736 4586 eamdem
780 4533 1155 4598 repraesentat.
1205 4523 1359 4579 Unde
1387 4538 1450 4578 ea
1481 4522 1597 4591 ipsa
1628 4520 1794 4591 ﬁgura
1819 4535 1925 4589 qua

361 4624 429 4676 ab
459 4621 669 4691 origine
703 4634 827 4674 eum
859 4615 1180 4672 condiderat
1235 4619 1652 4681 ornaveratque,
1705 4609 1926 4664 confor-

362 4720 568 4768 matum
625 4710 892 4765 Dominus
950 4708 1142 4764 deitati
1187 4705 1482 4776 copulavit,
1541 4711 1600 4758 ut
1660 4718 1925 4773 organum

360 4809 616 4876 deinceps
646 4813 790 4860 esset
824 4803 934 4858 Deo
981 4816 1221 4865 sacrum,
1269 4798 1446 4852 omnis
1495 4795 1850 4852 dissonantia:
1875 4801 1930 4848 et

361 4897 808 4954 inconcinnitatis
823 4911 1036 4965 expers.
1062 4893 1245 4964 Neque
1265 4891 1409 4947 enim
1431 4890 1614 4952 homo,
1639 4897 1927 4958 postquam

362 4991 430 5046 ad
479 4989 576 5045 Dei
607 4991 812 5044 cultum
842 4986 1168 5042 informatus
1195 4991 1300 5046 est,
1340 4990 1394 5037 et
1445 4980 1690 5036 veritatis
1742 4980 1925 5032 incor-

364 5093 583 5155 ruptum
633 5082 802 5138 veluti
855 5087 1077 5136 cantum
1113 5077 1481 5139 concinnavit,
1530 5091 1593 5130 ac
1644 5090 1740 5145 per
1773 5075 1924 5127 illum

365 5175 587 5230 deitatis
619 5173 798 5228 factus
827 5178 913 5228 est
942 5185 1134 5241 capax,
1169 5170 1313 5240 ligno
1345 5169 1470 5222 vitae
1505 5166 1690 5220 fidium
1723 5176 1775 5220 et
1805 5181 1929 5219 ner-

364 5289 555 5327 vorum
584 5272 760 5327 instar
791 5269 1104 5340 applicitus,
1141 5267 1206 5320 ad
1238 5265 1640 5321 dissonantiam
1691 5270 1746 5318 et
1803 5276 1928 5316 cor—

365 5365 668 5433 ruptionem
700 5371 879 5434 potest
912 5361 1110 5416 redire.

439 5615 512 5680 (τί)
565 5615 849 5680 Αὗχος....
878 5613 1278 5683 σφαδαῗσμόν.
1307 5609 1484 5675 Forte,
1523 5609 1740 5680 ἀχος,...
1779 5625 1910 5678 σιρα-

361 5686 582 5749 εασμόν.
613 5686 814 5740 Gttms.

2023 3249 2279 3318 τρόπαιον
2324 3247 2464 3301 κατὰ
2504 3248 2611 3300 τῶν
2643 3246 2843 3300 ὑλικῶν
2885 3245 3209 3316 πνευμάτων
3229 3283 3244 3308 ,
3297 3242 3586 3313 ἀπαλλαγῆ

2025 3339 2274 3405 θανάτου,
2303 3339 2556 3403 ὑπόθεσις
2581 3339 2766 3392 ἀνόδου
2789 3338 2924 3409 πρὸς
2954 3335 3212 3408 ἀληθινὴν
3236 3335 3467 3407 ἡμέραν,
3493 3331 3593 3387 καὶ

2022 3430 2284 3501 διαϐάθρα
2314 3430 2422 3484 τῶν
2454 3430 2820 3501 ἐπειγομένων
2861 3428 3166 3483 ἀπολαῦσαι
3197 3427 3290 3480 τοῦ
3329 3429 3444 3478 ἐκεῖ
3474 3443 3590 3494 φω-

2022 3522 2112 3587 τός
2131 3542 2143 3554 ·
2185 3521 2398 3594 μηχανὴ
2427 3521 2493 3574 δι’
2520 3517 2588 3593 ἧς
2614 3523 2662 3574 οἱ
2691 3523 2769 3586 εἰς
2801 3521 2898 3592 τὴν
2931 3517 3214 3590 οἰκοδομὴν
3248 3516 3594 3578 εῦθετοῦντες

2023 3617 2121 3686 τῆς
2181 3612 2503 3684 Ἑκκλησίας
2552 3611 2792 3665 κάτωθεν
2845 3610 2991 3664 λίθου
3043 3608 3384 3680 τετραγώνου
3433 3606 3590 3677 δίκην

2024 3704 2334 3757 ἀνέλκονται
2380 3699 2904 3772 ὲναρμοσθησόμενοι
2944 3698 3022 3768 τῷ
3071 3697 3198 3769 θείῳ
3237 3697 3414 3767 Λόγῳ.
3469 3695 3592 3748 Ἐνο

2023 3795 2212 3848 τεῦθεν
2253 3796 2302 3848 οἱ
2333 3795 2458 3866 τῇδε
2499 3794 2756 3864 βασιλεῖς,
2802 3795 2983 3865 πάσης
3017 3792 3260 3863 πονηρᾶς
3294 3789 3459 3854 ἕξεως
3495 3786 3592 3842 ἐπὶ

2028 3885 2334 3957 σκεδασμῷ,
2369 3886 2430 3940 τὸ
2467 3885 2809 3956 σταυροειδὲς
2841 3883 3361 3958 παραλαμϐάνεσθαι
3403 3879 3592 3934 αίσθό-

2029 3996 2176 4050 μενοι
2217 3980 2423 4051 σχῆμα,
2461 3979 2527 4034 τὰ
2561 3979 2869 4052 καλούμενα
2903 3981 2970 4051 τῇ
3013 3979 3289 4050 Ῥωμαϊκῇ
3328 3976 3592 4044 διαλέκτῳ

2022 4069 2294 4142 ,ϐήξιλλα
2317 4070 2746 4144 ἐμηχανήσαντο.
2766 4070 3193 4126 Ἐνθενεῖκπυσα
3220 4067 3393 4139 τούτῳ
3422 4069 3454 4139 ἡ
3491 4066 3592 4120 θά-

2024 4164 2196 4218 λασσα
2225 4163 2302 4235 τῷ
2338 4166 2593 4235 σχήματι,
2629 4162 2846 4234 πλωτὴν
2873 4149 3066 4232 ἑαυτήν
3091 4160 3395 4234 ἀνθρώποις
3421 4160 3594 4230 παρέ-

2025 4275 2129 4327 χει.
2168 4257 2302 4327 Ὂλη
2329 4257 2455 4327 γὰρ,
2486 4257 2561 4320 ὡς
2591 4259 2782 4319 εἰπεῖν,
2804 4255 2977 4326 τούτῳ
3004 4257 3037 4326 ἡ
3071 4255 3244 4318 κτίσις
3272 4254 3408 4326 πρὸς
3438 4253 3595 4306 ἐλευ-

2027 4348 2212 4418 θερίαν
2237 4348 2506 4402 ένδέδυται
2537 4347 2615 4418 τῷ
2643 4348 2880 4419 σημείῳ·
2915 4346 3063 4400 τάοτε
3088 4346 3195 4416 γὰρ
3217 4345 3375 4415 δρνεα
3401 4342 3597 4412 ὑψιπε-

2028 4439 2222 4493 τοῦντα
2254 4438 2314 4490 τὸ
2343 4437 2676 4508 σταυροειδὲς
2702 4439 2840 4491 κατὰ
2876 4437 2975 4506 τὴν
3002 4435 3221 4490 ἔκτασιν
3252 4435 3359 4488 τῶν
3389 4433 3594 4509 πτερύο

2029 4548 2139 4599 γων
2180 4531 2360 4601 σχῆμα
2401 4530 2754 4582 αίνίσσονται·
2789 4528 2948 4591 αὐτός
2992 4543 3053 4581 τε
3091 4529 3120 4580 ὁ
3165 4525 3466 4598 ἄνθρωπος,
3495 4526 3594 4590 τὰς

2029 4627 2212 4696 χεῖρας
2265 4624 2522 4686 πετάσας,
2579 4622 2731 4676 οὐδὲν
2779 4621 2904 4675 ἄλλο
2949 4608 3208 4690 ὑπάρχων
3259 4617 3507 4688 φαίνεται
3557 4619 3594 4690 ἦ

2029 4716 2202 4769 τοῦτο.
2242 4715 2402 4770 Ὅθεν
2440 4715 2588 4785 αὐτῷ
2627 4714 2690 4786 δὴ
2721 4713 2912 4784 τούτῳ,
2947 4706 3101 4784 ᾧπερ
3145 4713 3210 4764 ὲκ
3251 4711 3596 4782 κατασκευῆς

2031 4809 2356 4880 κεκόσμητο,
2387 4808 2857 4879 σχηματισάμενος
2881 4807 3040 4860 αὐτὸν
3066 4807 3095 4859 ὁ
3127 4806 3349 4878 Κύριος,
3381 4805 3595 4876 θεότητι

2031 4905 2310 4977 ἐκέρασεν,
2356 4904 2440 4958 ἵνα
2472 4904 2697 4975 ὄργανον
2786 4903 2969 4956 λοιπὸν
2992 4901 3086 4955 τοῦ
3116 4899 3250 4954 Θεοῦ
3283 4899 3447 4973 ἱερὴν,
3491 4897 3596 4951 πά-

2032 5013 2130 5067 σης
2171 4995 2526 5068 ἀσυμφωνίας
2568 5011 2628 5047 τε
2673 4994 2764 5046 καὶ
2803 4993 3111 5065 ἀρρυθμίας
3154 4989 3594 5062 ἀπηλλαγμένον.

2033 5091 2166 5144 Οὐδὲ
2219 5088 2325 5160 γάρ
2373 5087 2452 5139 ἔτι
2495 5086 2630 5158 μετά
2673 5085 2734 5138 τὸ
2780 5083 3115 5156 ἁρμοσθῆναι
3163 5083 3253 5136 τὸν
3312 5081 3599 5152 ἄνθρωπον

2030 5183 2165 5252 πρὸς
2198 5181 2521 5242 θεοσέϐειαν,
2547 5181 2640 5232 καὶ
2659 5179 2720 5232 τὸ
2743 5180 2840 5248 τῆς
2863 5177 3116 5248 ἀληθείας
3141 5177 3412 5246 ἀκήρατον
3439 5173 3600 5243 μέλος

2032 5277 2122 5344 ὲνη
2133 5273 2409 5344 ρμοκέναι,
2425 5271 2490 5324 δι’
2506 5265 2565 5324 οῦ
2581 5271 2676 5341 τὴν
2695 5269 2920 5340 θεότητα
2936 5268 3148 5340 κεχώρη
3157 5285 3216 5320 κε
3225 5267 3328 5338 ,τῷ
3347 5264 3486 5336 ξύλῳ
3500 5265 3599 5332 τῆς

2037 5366 2181 5436 ζωῆς
2212 5365 2460 5435 καθάπερ
2479 5364 2667 5436 χορδαί
2703 5380 2760 5415 τε
2787 5363 2880 5416 καὶ
2919 5362 3060 5414 τόνοι
3087 5358 3598 5430 προσηρμοσμένος,

2034 5460 2112 5522 εἰς
2134 5457 2512 5529 ἀσυμμετρίαν
2543 5457 2634 5509 καὶ
2657 5455 2858 5526 φθορὰν
2881 5454 3125 5524 χωρῆσαι
3146 5451 3405 5504 ἀδύνατον
3441 5447 3541 5520 (5).

2091 5615 2167 5686 (5)
2186 5615 2528 5670 Ἀδύνατον.
2561 5613 2745 5679 Forte,
2786 5612 2849 5666 ἂν
2877 5612 3118 5667 δυνατόν.
3145 5610 3349 5666 Gens.
