3862 6158
280 256 384 318 ιιι

1402 263 1688 321 HOMILIA
1720 263 1813 319 DE
1843 263 2074 322 CRUCE
2111 263 2371 321 DOMINI.

3383 265 3489 325 402

1424 512 1580 583 Apud
1615 511 2224 583 Gretserum,ibid.,pag.
2254 512 2379 569 405.

274 623 390 683 Τοῦ
407 622 928 709 αὐτοῦρζεθορίου,
952 625 1101 705 πρρς
1120 625 1839 709 τορςρπαισχυνομένους
1866 652 1914 709 Α

587 695 685 749 ἐπὶ
716 693 798 760 τῷ
828 693 1068 764 σταυρῷ
1096 695 1204 751 τοῦ
1238 693 1516 766 Χριστοῦ.

344 808 558 864 Οῐονταί
593 827 739 874 τινες
779 810 874 865 καὶ
904 810 998 866 τὸν
1028 810 1182 875 Θεὸν,
1215 812 1354 885 πρὸς
1396 812 1459 867 τὸ
1497 813 1597 885 τῆς
1632 813 1837 877 οἰκείας

196 939 205 945 ε
265 900 562 965 διαθέσεως
591 901 787 974 μέτρον
816 900 1089 968 ίσάζοντες
1114 902 1295 970 αὐτὸν,
1322 903 1392 958 τὰ
1408 904 1547 958 αὐτὰ
1563 908 1676 968 τοῖς
1702 903 1837 974 φαύ-

263 992 382 1056 λοις
412 992 447 1064 ἢ
484 994 771 1048 ὲπαινετέα
805 994 837 1066 ἢ
874 994 1084 1065 ψεκτέα
1117 995 1398 1066 ἡγεῖσθαι,
1442 994 1629 1069 ὥσπερ
1652 996 1836 1050 κανόνι

266 1085 365 1139 καὶ
400 1084 584 1156 μέτρῳ
617 1086 898 1157 χρώμενον
920 1090 1042 1151 ταῖς
1073 1087 1253 1155 δόξαις
1274 1087 1381 1143 τῶν
1411 1087 1709 1161 ἀνθρώπων
1728 1105 1741 1119 ·
1776 1089 1835 1142 οὐ

266 1175 660 1247 συννοήσαντες
681 1214 696 1241 ,
730 1176 821 1230 διὰ
850 1176 950 1248 τὴν
988 1173 1150 1232 οὖσαν
1184 1181 1245 1233 ὲν
1272 1180 1453 1243 αὐτοῖς
1482 1181 1720 1249 ἄγνοιαν,
1756 1180 1839 1235 ὅτι

264 1268 417 1321 πᾶσα
442 1268 707 1339 δήπουθεν
742 1271 776 1340 ἡ
816 1269 994 1334 κτίσις
1021 1271 1208 1343 ἐνδεής
1233 1273 1350 1326 ἐστι
1373 1272 1468 1326 τοῦ
1493 1272 1719 1338 κάλλους
1742 1274 1837 1328 τοῦ

263 1356 427 1411 Θεοῦ.
470 1358 642 1422 Αὐτὸς
670 1357 779 1431 7&9
824 1358 884 1426 ἐξ
908 1360 1036 1431 ὅλης
1065 1362 1166 1433 τῆς
1198 1361 1378 1433 πάσης
1419 1363 1605 1427 οὐσίας
1638 1381 1698 1417 τε
1744 1364 1839 1418 καὶ

261 1449 482 1518 φύσεως
510 1451 589 1523 τῷ
622 1451 815 1506 ἑαυτοῦ
861 1453 930 1508 τὰ
979 1455 1157 1508 πάντα
1197 1458 1277 1521 εἰς
1316 1456 1376 1510 τὸ
1420 1453 1520 1529 ζῇν
1552 1457 1838 1527 ἐφέλκεται

257 1542 440 1613 Λόγῳ.
465 1544 590 1598 Εῖτε
608 1544 717 1617 γὰρ
739 1546 801 1600 τὸ
828 1545 1029 1617 ἀγαθὸν
1056 1546 1217 1610 θέλει,
1246 1548 1406 1614 αὐτὸς
1433 1548 1508 1603 ὢν
1530 1549 1591 1602 τὸ
1616 1550 1836 1619 ἀγαθὸν,

260 1634 322 1687 ὲν
340 1632 520 1706 ἑαυτῷ
543 1635 723 1707 μένει·
749 1637 861 1691 εἴτε
888 1638 950 1692 τὸ
974 1638 1138 1693 καλὸν
1161 1638 1395 1712 ὑπάρχει
1415 1642 1639 1711 ὲραστὸν
1668 1643 1835 1714 αὐτῷ,

261 1726 428 1791 αὐτὸς
458 1726 535 1782 ὢν
568 1727 629 1782 τὸ
663 1731 825 1800 μόνον
863 1731 1048 1796 καλὸν,
1085 1734 1164 1796 είς
1197 1733 1385 1787 ἑαυτὸν
1429 1733 1637 1805 βλέπει,
1667 1737 1725 1789 ὲν
1755 1736 1841 1790 οὐ·

260 1818 374 1873 δενὶ
392 1819 462 1874 τὰ
490 1821 629 1893 πρὸς
658 1823 767 1877 τῶν
794 1823 1094 1896 ἀνθρώπων
1121 1824 1510 1896 θαυμαζόμενα
1536 1827 1832 1899 τιθέμενος.

260 1910 564 1968 Κάλλιστον
603 1915 711 1987 7&9
758 1918 879 1980 ταῖς
914 1916 1195 1989 ἀληθείαις
1242 1918 1337 1971 καὶ
1378 1919 1661 1975 ἐπαινετὸν
1705 1923 1837 1994 κλη-

2057 624 2310 695 Ejusdem
2328 623 2711 696 Methodiihad
2751 641 2836 680 eos
2867 641 2993 696 quos
3015 622 3172 695 pudet
3197 624 3368 680 crucis

2596 694 2818 752 Christi.

2008 807 2335 864 Existimant
2371 809 2618 865 nonnulli
2662 810 2825 865 etiam
2869 807 3057 877 Deum,
3093 825 3253 880 quem
3282 825 3348 865 ex
3396 824 3497 866 suo

1939 916 2105 959 sensu
2138 903 2455 968 metiuntur,
2490 901 2679 957 eadem
2722 902 2808 957 vel
2842 902 3113 958 laudanda
3153 903 3236 957 vel
3286 903 3496 973 vitupe-

1938 992 2109 1047 randa
2137 992 2334 1048 ducere
2359 1008 2479 1063 qua:
2502 992 2629 1047 mali
2660 992 2945 1063 ignavique
2977 992 3245 1057 homines,
3277 1008 3388 1048 non
3409 1009 3499 1048 se-

1938 1101 2037 1141 cus
2071 1101 2136 1143 ac
2185 1087 2233 1143 si
2279 1085 2627 1157 opinionibus
2683 1085 2980 1151 hominum,
3037 1099 3138 1139 ceu
3201 1086 3388 1155 regula
3441 1092 3496 1137 et

1939 1196 2193 1239 mensura
2223 1179 2479 1250 quadam,
2528 1183 2793 1232 uteretur.
2827 1175 3011 1247 Neque
3057 1176 3199 1247 apud
3242 1192 3302 1232 se
3331 1193 3494 1247 repu-

1938 1278 2058 1326 tant
2085 1286 2196 1342 prae
2216 1267 2547 1341 ignorantia,
2580 1282 2795 1322 omnem
2828 1266 3037 1322 scilicet
3065 1276 3372 1322 creaturam
3396 1256 3496 1325 Dei

1936 1380 2096 1435 egere
2127 1359 2555 1434 pulchritudine.
2585 1358 2707 1430 lpse
2747 1359 2889 1413 enim
2919 1359 3102 1413 omnia
3143 1374 3208 1414 ex
3239 1360 3496 1415 universa

1938 1453 2247 1514 substantia
2277 1462 2604 1524 naturaque,
2639 1467 2742 1507 suo
2780 1450 2847 1504 ad
2874 1451 3041 1505 vitam
3074 1451 3242 1506 trahit
3293 1451 3491 1509 Verbo.

1941 1549 2066 1606 Sive
2091 1549 2234 1605 enim
2261 1549 2464 1603 bonum
2494 1546 2643 1614 velit,
2672 1545 2846 1616 ipsum
2876 1545 3080 1601 bonum
3114 1544 3230 1615 ipse
3257 1553 3341 1601 est
3369 1555 3422 1601 et
3441 1547 3496 1601 in

1939 1658 1999 1699 se
2030 1648 2245 1710 manet;
2305 1642 2419 1697 sive
2460 1640 2748 1711 pulchrum
2795 1653 2919 1694 esse
2946 1639 2994 1694 ei
3031 1638 3213 1704 libeat,
3269 1639 3490 1694 unicum

1939 1734 2224 1806 pulchrum
2257 1733 2374 1804 ipse
2423 1747 2548 1787 cum
2595 1732 2685 1799 sit,
2716 1745 2776 1786 se
2807 1731 2985 1802 ipsum
3020 1731 3286 1795 intuetur,
3338 1732 3496 1786 nihili

1938 1825 2146 1881 faciens
2169 1841 2288 1896 quae
2312 1823 2627 1879 hominibus
2657 1822 3071 1877 admirationem
3107 1829 3344 1878 movent.
3363 1821 3494 1877 Pul-

1938 1917 2268 1972 cherrimum
2297 1929 2535 1985 namque
2563 1929 2623 1969 re
2650 1926 2777 1968 vera
2804 1921 2858 1967 et
2908 1912 3177 1969 laudabile
3206 1913 3494 1970 dicendum

254 2000 380 2056 τέον
404 2003 584 2072 τοῦτο,
606 2006 742 2080 ὅπερ
776 2007 842 2062 ἂν
868 2008 1028 2073 αὐτὸς
1058 2011 1328 2082 ἡγήσηται
1355 2010 1487 2075 Θεὸς
1512 2012 1695 2075 καλὸν,
1729 1991 1827 2068 κᾶν

1935 2009 2091 2066 estid
2119 2010 2263 2080 quod
2306 2011 2419 2080 ipse
2439 2007 2583 2064 Deus
2610 2006 2895 2079 pulchrum
2920 2005 3157 2072 duxerit,
3191 2007 3404 2062 etiamsi
3427 2007 3497 2062 ab

262 2093 374 2149 ὐπδ
414 2097 633 2154 πάντων
671 2097 1017 2172 ἑξουθενῆταί
1054 2118 1116 2155 τε
1167 2102 1262 2158 καὶ
1312 2103 1637 2176 χλευάζηται
1655 2148 1670 2173 ,
1717 2105 1830 2160 ἀλλ’

258 2187 361 2257 οὐχ
389 2188 529 2260 ὅπερ
565 2191 616 2245 οἱ
657 2190 929 2263 ἄνθρωποι
957 2194 1287 2267 νομίζουσιν.
1332 2198 1515 2264 Ὅθεν,
1546 2199 1594 2252 εἰ
1624 2199 1717 2252 καὶ
1743 2197 1831 2252 διὰ

255 2278 451 2333 τούτου
490 2280 585 2335 τοῦ
627 2284 902 2354 σχήματος
936 2285 1043 2341 τῶν
1075 2286 1432 2361 θυμοφθόρων
1471 2289 1829 2363 ἐλευθερῶσαι

258 2370 362 2433 τὰς
387 2370 565 2443 ψυχὰς
604 2373 793 2428 παθῶν
823 2376 1113 2451 ἐϐουλήθη,
1146 2382 1521 2452 καταισχύνων
1554 2381 1624 2435 τὰ
1650 2380 1829 2452 πλήθη

256 2459 371 2514 τῶν
401 2461 693 2535 δαιμόνων,
730 2468 1086 2541 ἀποδέχεσθαι
1123 2473 1312 2545 ἐχρῆν,
1345 2473 1478 2528 ἀλλὰ
1513 2473 1587 2546 μὴ
1624 2474 1830 2545 δυσφη-

262 2554 408 2622 μεῖν,
454 2550 856 2629 ὲλευθεροποιὸν
899 2562 1033 2615 αὐτὸ
1068 2565 1162 2618 καὶ
1204 2565 1457 2637 λυτήριον
1492 2565 1600 2621 τῶν
1638 2567 1702 2619 ὲκ
1729 2566 1829 2637 τῆς

260 2643 550 2714 παρακοῆς
606 2649 1151 2707 κατασκευασθέντων
1210 2654 1343 2725 ἡμῖν
1396 2655 1610 2728 δεσμῶν
1655 2656 1824 2711 δοθέν.

263 2731 476 2786 Ἔπαθε
505 2734 615 2807 γὰρ
648 2738 813 2808 σαρκὶ
836 2738 913 2810 τῷ
946 2741 1161 2813 σταυρῷ
1198 2745 1537 2815 προσπαγεὶς
1565 2747 1594 2799 ὁ
1634 2745 1824 2815 Λόγος,

262 2821 355 2875 ἵνα
379 2823 604 2900 ἀπλὼσῃ
645 2827 983 2903 άπονεναρκη
993 2833 1150 2902 μένον
1186 2834 1359 2907 πλάνῃ
1405 2836 1496 2891 τὸν
1546 2838 1828 2911 ἄνθρωπον

260 2912 399 2984 πρὸς
422 2914 484 2968 τὸ
508 2916 622 2971 ἅνω
643 2934 703 2971 τε
729 2920 822 2973 καὶ
850 2918 990 2974 θεῖον
1023 2922 1268 2993 μέγεθος,
1297 2924 1375 2995 τῷ
1402 2925 1530 2996 θείῳ
1566 2927 1827 2993 ἐξισώσας

255 3004 364 3075 τῆς
387 3005 531 3079 ζωῆς
556 3009 716 3064 αὐτὸν
737 3007 796 3066 οὗ
823 3013 1056 3085 πρόσθεν
1084 3014 1385 3087 ἀπήλαστο.
1413 3017 1533 3069 Ὀτι
1560 3017 1733 3089 τούτῳ
1759 3019 1828 3073 τὰ

259 3094 410 3170 πάθη
446 3098 527 3170 τῷ
558 3102 796 3173 σχήματι
825 3104 1151 3177 ῆμὸλυνται·
1194 3107 1365 3171 πάθος
1392 3107 1579 3162 παθῶν
1615 3108 1703 3163 διὰ
1732 3109 1826 3163 τοῦ

256 3189 453 3243 παθεῖν
476 3193 782 3264 γενόμενος,
814 3197 907 3250 καὶ
938 3196 1166 3263 θάνατος
1204 3198 1291 3253 διὰ
1314 3200 1408 3254 τοῦ
1441 3200 1619 3257 θανεῖν
1660 3202 1824 3258 θανά-

1932 2101 2187 2158 omnibus
2235 2108 2617 2156 contemnatur
2670 2112 2734 2154 ac
2785 2096 3119 2168 despiciatur
3169 2117 3180 2151 :
3229 2113 3338 2153 non
3365 2113 3497 2153 vero

1931 2195 2077 2267 quod
2103 2193 2354 2250 homines
2393 2193 2682 2264 pulchrum
2710 2199 2919 2262 putant.
2956 2190 3110 2248 Unde
3151 2192 3369 2250 tametsi
3397 2207 3496 2263 per

1928 2285 2138 2341 hancce
2171 2282 2397 2355 ﬁguram
2420 2282 2694 2353 corruptis
2720 2281 3101 2338 aﬂ‘ectionibus
3120 2282 3355 2338 liberare
3376 2282 3495 2336 ani-

1930 2391 2048 2431 mas
2091 2375 2280 2437 voluit,
2326 2373 2526 2445 insigni
2555 2388 2678 2429 cum
2707 2372 2973 2430 dedecore
3005 2374 3312 2430 daemonum
3351 2396 3365 2431 :
3398 2390 3494 2446 ap—

1929 2467 2164 2539 probare
2210 2464 2525 2535 oportebat,
2579 2477 2690 2518 non
2736 2464 3080 2529 obtrectare,
3132 2465 3332 2536 quippe
3372 2483 3493 2537 qua:

1929 2557 2177 2613 liberavit
2201 2572 2264 2611 ac
2294 2555 2516 2612 solverit
2544 2555 2797 2621 vinculis,
2830 2570 2951 2626 quae
2972 2555 3044 2610 ob
3071 2555 3492 2612 inobedientiam

1928 2648 2281 2703 incurrimus.
2313 2645 2545 2702 Passum
2595 2654 2680 2702 est
2709 2645 2854 2702 enim
2890 2643 3151 2711 Verbum,
3209 2658 3374 2699 carne
3405 2644 3492 2697 af-

1930 2738 2095 2794 ﬁxum
2121 2739 2292 2804 cruci,
2332 2747 2392 2793 ut
2418 2738 2691 2794 hominem
2736 2752 2921 2793 errore
2961 2736 3246 2808 deceptum
3279 2735 3347 2790 ad
3380 2750 3494 2791 cos-

1928 2830 2086 2886 lestis
2110 2830 2352 2885 numinis
2379 2829 2687 2900 divinaeque
2716 2829 3133 2901 magnitudinis,
3156 2844 3257 2885 nec
3290 2845 3397 2885 non
3424 2818 3506 2885 ad.

1927 2920 2171 2976 divinam
2221 2918 2512 2992 quamdam
2566 2919 2887 2991 perduceret
2920 2921 3128 2984 invitam,
3180 2935 3289 2991 qua
3340 2921 3494 2991 prius

1929 3012 2186 3084 depulsus
2221 3012 2416 3068 fuerat.
2460 3011 2594 3067 Nam
2634 3013 2737 3068 hac
2782 3012 2954 3085 ﬁgura
2980 3013 3265 3084 passiones
3297 3020 3496 3068 retusa:

1929 3117 2090 3176 sunt;
2138 3107 2324 3179 passio
2355 3107 2674 3178 passionum
2708 3121 2803 3176 per
2832 3106 3159 3177 passionem
3188 3106 3367 3162 factus
3407 3116 3494 3161 est

1930 3202 2225 3275 (Christus)
2274 3210 2328 3257 et
2377 3215 2525 3256 mors
2560 3200 2753 3256 mortis
2805 3216 2903 3271 per
2937 3208 3186 3267 mortem,
3218 3215 3329 3254 non
3364 3199 3495 3255 sub~

251 3297 384 3385 Tox"
411 3283 473 3335 οὐ
513 3286 798 3385 χειρωθεὶς
841 3289 946 3342 ὑπὸ
973 3290 1224 3355 θανάτου,
1255 3294 1376 3347 οὐδὲ
1411 3295 1693 3363 ἀλγυνθεὶς
1721 3298 1827 3351 ὑπὸ

1935 3303 2084 3353 actus
2116 3312 2148 3364 ᾳ
2182 3306 2376 3360 morte,
2413 3310 2516 3350 nec
2569 3295 2750 3350 victus
2798 3294 2989 3350 dolore
3045 3295 3338 3365 passionis.
3387 3294 3493 3349 Ne-

252 3371 485 3436 πάθους.
528 3374 665 3430 οὔτε
689 3376 797 3450 7&9
821 3380 991 3446 πάθος
1013 3382 1147 3448 ὅλως
1170 3384 1332 3438 αὐτὸν
1360 3385 1667 3456 ἐξέστησεν,
1697 3387 1820 3442 οὔτε

1935 3402 2037 3456 que
2063 3387 2209 3443 enim
2231 3389 2415 3457 passio
2444 3387 2619 3457 ipsum
2642 3386 2865 3441 omnino
2898 3386 2966 3441 de
3002 3393 3147 3441 statu
3179 3387 3377 3441 mentis
3399 3385 3492 3441 de-

252 3462 486 3530 θάνατος
524 3467 855 3541 ἐλυμήνατο·
891 3472 1006 3525 ἀλλ’
1049 3469 1118 3544 ἦν
1151 3476 1209 3528 ὲν
1252 3474 1330 3546 τῷ
1372 3476 1598 3548 παθητῷ
1646 3479 1820 3549 μένων

1935 3479 2077 3549 iecit,
2114 3495 2214 3534 nec
2238 3494 2388 3534 mors
2422 3480 2578 3543 laesit,
2615 3477 2708 3533 sed
2746 3478 2999 3533 manebat
3044 3479 3098 3533 in
3147 3478 3356 3549 patibili
3390 3478 3494 3531 im-

250 3558 495 3631 ἀπαθής,
529 3563 622 3616 καὶ
661 3564 719 3615 ὲν
750 3563 828 3635 τῷ
858 3563 1038 3637 θνητῷ
1082 3567 1344 3633 ἀθάνατος
1364 3587 1376 3598 ·
1412 3571 1521 3624 πᾶν
1550 3571 1674 3624 ὅσον
1715 3572 1822 3644 ἀὴρ

253 3652 353 3704 καὶ
384 3652 548 3723 μέσον
575 3656 671 3708 καὶ
705 3656 816 3710 ἄνω
857 3656 1216 3730 κατειληφὼς,
1251 3662 1342 3714 καὶ
1372 3662 1432 3714 τὸ
1463 3662 1654 3735 θνητὸν
1700 3662 1820 3718 θεό-

250 3760 379 3814 τητι
410 3745 652 3817 κεράσας
683 3748 954 3820 ἀθανάτῳ.
1009 3751 1242 3825 Ἦττήθη
1279 3769 1337 3806 τε
1369 3754 1568 3818 τελέως
1597 3756 1627 3808 ὁ
1655 3755 1818 3810 θάνα-

248 3848 345 3895 τος
373 3836 454 3898 είς
486 3835 791 3909 ἀφθαρσίας
831 3840 1131 3912 ὲκτύπωμα
1170 3843 1679 3916 ἀνασταυρωθείσης
1718 3846 1820 3918 τῆς

253 3925 478 3996 σαρκός.

1826 4044 1916 4101 lli.

1930 3569 2194 3640 patibilis,
2218 3576 2273 3625 et
2304 3571 2359 3624 in
2383 3569 2596 3624 mortali
2628 3570 2953 3625 immortalis
2983 3589 2997 3625 :
3028 3582 3082 3625 et
3113 3568 3376 3639 quidquid
3402 3583 3493 3622 aer

1929 3668 1984 3716 et
2034 3650 2293 3725 medium,
2344 3668 2397 3716 et
2451 3676 2707 3730 superum
2760 3671 2900 3729 erat,
2945 3660 3387 3731 comprehendit;
3439 3669 3494 3715 et

1928 3755 2159 3811 mortale
2185 3754 2372 3810 deitati
2426 3757 2852 3826 contemperavit
2896 3755 3212 3810 immortali.
3247 3752 3495 3809 Perfecto

1930 3846 2073 3901 victa
2105 3855 2190 3901 est
2221 3861 2390 3913 mors,
2420 3862 2587 3902 carne
2620 3848 2687 3903 ad
2731 3847 3156 3903 immortalitatis
3183 3844 3495 3916 expressio-

1933 3954 2056 3995 nem
2075 3939 2356 3995 cruciﬁxa.

991 4165 1145 4235 Apud
1168 4165 1429 4222 Allatium
1462 4167 1638 4224 Diatr.
1664 4167 1732 4225 de
1759 4168 2156 4225 Methodiorum
2187 4170 2429 4241 scriptis,
2471 4185 2591 4241 pag.
2629 4170 2755 4225 ⁸549.

254 4278 378 4361 Τοξ
394 4281 583 4361 αὐτοῦ
609 4283 920 4361 Μεροδίσυέ
968 4284 1102 4354 Πῶς
1120 4289 1162 4361 ’ό
1202 4287 1309 4343 τοῦ
1335 4288 1485 4343 Θεοῦ
1506 4288 1589 4361 ⁸(6)
1629 4288 1761 4355 Υἱὸς
1792 4294 1825 4344 ό

322 4352 580 4428 ξίριστὸς
607 4353 678 4428 ἐν
696 4355 919 4428 ,Βραχεῖ
938 4372 1004 4428 σε
1038 4352 1137 4428 καὶ
1165 4352 1603 4428 περιωρισμέᾶςῴ
1629 4352 1826 4428 χρόνῳ

320 4424 673 4497 ριαᾳετολαῖς
686 4424 1263 4497 σώμᾱτιέκεχώρητο
1279 4444 1298 4492 ;
1326 4424 1425 4483 καὶ
1442 4424 1827 4497 πῶς’ἀξιθὶἀθὴς

319 4494 410 4549 ὢν
435 4494 672 4566 ἐγένετο
696 4497 817 4552 ὑπὸ
846 4494 1112 4563 πάθους

333 4605 558 4678 Ἐπειδὴ
593 4605 702 4679 7&9
743 4605 972 4678 δύναμις
1018 4607 1168 4679 αὐτῷ
1198 4608 1354 4663 τοῦτο
1394 4605 1496 4681 ἦν’
1547 4609 1825 4683 δυνάμεως

246 4697 366 4770 7&9
388 4699 453 4751 τὸ
483 4698 866 4753 συστέλλεσθαι
899 4699 999 4771 μὲν
1033 4702 1092 4754 ὲν
1130 4703 1243 4764 τοῖς
1272 4701 1472 4770 ὀλίγοις
1498 4704 1593 4756 καὶ
1621 4703 1824 4775 βραχύ-

248 4788 462 4851 νεσθαι,
488 4786 698 4859 χεῖσθαι
720 4788 778 4841 δὲ
803 4790 861 4842 ὲν
878 4791 991 4854 τοῖς
1014 4790 1269 4862 μεγάλοις
1298 4792 1392 4845 καὶ
1412 4793 1818 4862 μεγεθύνεσθαι.

246 4880 314 4934 Εἰ
339 4880 398 4933 δὲ
425 4879 489 4933 τὸ
520 4880 951 4936 συνεκτείνεσθαι
988 4882 1085 4952 μὲν
1112 4884 1224 4946 τοῖς
1253 4882 1507 4954 μεγάλοις
1529 4886 1623 4939 καὶ
1643 4886 1827 4952 συνεξ-

252 4972 538 5037 ισὰζεσθαι
571 4974 795 5029 δυνατὸν
841 4974 1009 5046 αὐτῷ,
1040 4975 1101 5029 τὸ
1130 4976 1188 5028 δὲ
1223 4974 1582 5048 βραχύνεσθαι
1613 4980 1670 5033 ὲν
1713 4980 1825 5044 τοῖς

249 5071 473 5140 μικροῖς
499 5068 594 5123 καὶ
623 5067 1003 5122 συστέλλεσθαι
1030 5067 1319 5124 ἀδύνατον
1350 5070 1450 5125 οὐκ
1477 5065 1546 5141 ἦν
1576 5070 1820 5141 δύναμις.

249 5162 493 5233 Δυνάμει
534 5161 644 5234 7&9
677 5161 773 5216 ἐὰν
804 5163 922 5217 τόδε
955 5164 1055 5235 μὲν
1084 5163 1304 5227 δυνατὸν
1334 5157 1472 5218 εἶναι
1499 5166 1625 5235 φῂς,
1664 5165 1726 5218 τὸ
1768 5164 1826 5218 δὲ

247 5252 513 5307 ἀδύνατον
530 5270 546 5285 ·
577 5253 673 5306 τοῦ
699 5249 840 5308 εἶναι
860 5255 1029 5327 αὐτὴν
1047 5255 1275 5327 δύναμιν
1300 5256 1634 5329 παραγράφῃ
1660 5255 1824 5311 ἀσθε-

247 5345 453 5400 νοῦσαν
500 5346 629 5418 περὶ
673 5346 711 5401 ἃ
755 5347 829 5418 μὴ
874 5348 1115 5403 δύναται.
1155 5349 1229 5403 Οὐ
1284 5349 1389 5421 μὴν
1435 5349 1511 5413 δὲ,
1550 5348 1663 5403 ἁλλ’
1703 5350 1824 5403 οὐδὲ

248 5435 532 5506 ὑπεροχήν
555 5452 676 5490 τινα
700 5435 782 5490 ἔτι
812 5435 1064 5508 θεότητος
1094 5437 1211 5504 ἕξει
1236 5437 1371 5510 πρὸς
1396 5438 1466 5492 τὰ
1499 5440 1824 5511 μεταϐαλλό-

324 5607 406 5679 (6)
433 5607 568 5675 Πῶς
594 5612 627 5663 ό
658 5610 765 5664 τοῦ
793 5613 858 5664 Θ.
889 5610 1077 5666 Errata
1104 5612 1159 5665 in
1189 5611 1377 5668 Graeco
1426 5612 1613 5667 relicta
1670 5620 1818 5671 sunt.

253 5680 335 5735 uti
385 5687 547 5735 erant
591 5679 649 5734 in
685 5679 878 5737 codice
922 5698 1026 5739 ms.
1083 5682 1422 5740 bibliothch
1473 5683 1817 5753 Augustanzc,

1932 4290 2186 4361 Ejusdem
2241 4290 2517 4346 Methodii.
2559 4291 2832 4357 Quomodo
2873 4291 3116 4347 Christus
3154 4289 3324 4361 Filius
3376 4288 3492 4353 Dei,

2004 4361 2141 4442 oravi
2175 4362 2491 4442 definitaque
2537 4370 2786 4430 tempore,
2820 4378 3041 4442 corpore
3071 4361 3492 4442 .riroumctusss,

2003 4432 2345 4501 impassibilis
2376 4432 2653 4496 exsistens,
2688 4431 2923 4501 passioni
2947 4433 3107 4502 fuerit
3140 4431 3417 4485 obnoxius.

2001 4613 2137 4669 Cum
2161 4628 2289 4668 vero
2320 4614 2493 4668 virtus
2522 4614 2625 4683 ipsi
2659 4615 2764 4670 hoc
2792 4614 2992 4669 inesset
3024 4633 3037 4668 :
3068 4612 3322 4684 potentiae
3346 4613 3493 4667 enim

1927 4706 2320 4788 est,.contrahi
2357 4706 2575 4777 quidem
2606 4707 2660 4761 in
2690 4706 2880 4776 paucis
2929 4710 2999 4761 et”
3032 4705 3302 4769 imminui,
3356 4704 3496 4759 dila-

1927 4799 2031 4851 tari
2060 4812 2192 4853 vero
2224 4798 2280 4852 in
2305 4799 2517 4868 magnis
2549 4805 2602 4852 et
2640 4798 2850 4867 augeri.
2898 4795 3053 4863 Quod
3097 4812 3220 4851 cum
3279 4799 3496 4868 magnis

1931 4905 2040 4945 una
2073 4891 2288 4946 extendi
2320 4891 2701 4961 exmquarique
2742 4890 2845 4959 ipsi
2878 4889 3138 4961 possibile
3185 4884 3291 4954 est,
3322 4889 3499 4942 immi-

1931 4983 2028 5037 nui
2061 4998 2192 5039 vero
2242 4984 2297 5037 in
2343 4984 2527 5052 parvis
2560 4991 2613 5038 et
2643 4982 2893 5036 contrahi
2926 4980 3284 5051 impossibile,
3319 4980 3498 5034 virtus

1931 5076 2181 5147 equidem
2212 5076 2436 5131 minime
2474 5075 2671 5131 inerat.
2700 5073 2903 5127 Virtuti
2934 5075 3077 5128 enim
3108 5074 3157 5129 si
3192 5073 3295 5127 hoc
3317 5074 3497 5144 possi~

1929 5166 2038 5221 bile
2067 5181 2189 5222 esse
2216 5164 2448 5231 dixeris,
2477 5165 2609 5218 illud
2638 5171 2817 5218 autem
2856 5162 3224 5234 impossibile;
3248 5162 3494 5219 eamdem

1930 5258 2187 5312 virtutem
2218 5271 2341 5312 esse
2371 5255 2629 5325 abnegas,
2668 5263 2924 5324 tanquam
2942 5270 3064 5324 quae
3094 5252 3307 5308 inﬁrma
3333 5264 3497 5324 atque

1930 5346 2219 5402 imbecillis
2247 5353 2332 5401 est
2363 5347 2509 5401 circa
2544 5360 2664 5416 quae
2696 5359 2807 5399 non
2841 5352 3040 5414 potest.
3094 5344 3207 5399 lmo
3248 5360 3347 5399 nec
3394 5344 3496 5398 ali-

1932 5455 2096 5510 quam
2128 5438 2430 5494 divinitatis
2456 5438 2838 5493 excellentiam
2886 5437 3185 5493 continebit
3230 5438 3378 5491 circa
3429 5448 3496 5493 ea

1929 5621 2073 5677 unde
2093 5619 2405 5692 huiusmodi
2432 5617 2798 5690 fragmentum
2824 5617 3187 5689 desumptum.
3218 5619 3421 5674 ΑιιΔτ.
