3862 6158
416 331 523 389 ωε

1392 330 1451 385 S.
1492 325 1822 386 METHODII
1860 324 2168 385 EPISCOPI
2208 322 2296 384 ET
2336 324 2697 384 MARTYRIS

3485 332 3631 392 ἰοὶ

410 469 534 527 quae
562 453 939 510 immutantur.
969 452 1212 524 Namque
1258 460 1313 509 et
1356 451 1607 508 homines
1653 460 1707 508 et
1756 453 1966 524 reliqua

2072 467 2208 522 μενα
2234 451 2329 504 καὶ
2358 449 2429 504 τὰ
2458 449 2726 521 ἐρχόμενα
2755 446 2864 501 τῶν
2886 446 3039 513 ζώων
3056 451 3240 523 χαριαὶ
3262 450 3294 488 ⁸
3312 451 3398 522 ἐφ’
3427 445 3503 507 ὧν
3532 455 3636 525 μὴν

411 545 689 610 animalia,
738 547 884 601 circa
913 559 977 600 ea
1009 546 1065 600 in
1106 545 1305 614 quibus
1334 544 1538 615 aliquid
1586 551 1814 612 possunt
1844 559 1973 613 ope-

410 645 625 701 rantur,
677 637 823 692 circa
872 652 936 692 ea
979 638 1035 691 in
1064 637 1263 706 quibus
1292 651 1402 690 non
1433 644 1684 705 possunt,
1733 637 1972 690 resoluta

410 729 619 785 viribus
645 730 782 784 nihil
821 736 1007 799 agunt.
1040 727 1329 798 Propterea
1360 728 1502 782 hanc
1531 728 1600 782 ob
1627 743 1849 782 causam
1883 726 1972 780 Fid

413 817 522 873 lius
554 818 645 873 Dei
670 820 725 873 in
755 820 971 873 homine
996 819 1395 873 circumclusus
1424 826 1528 883 est,
1564 816 1707 887 quod
1747 818 1850 873 hoc
1894 816 1972 871 illi

369 928 377 937 ·
412 908 750 978 impossibile
781 924 888 963 non
917 917 1052 963 erat.
1088 906 1299 964 Virtute
1343 908 1486 963 enim
1519 923 1717 978 passus
1747 916 1851 970 est,
1878 908 1976 963 im-

411 1003 686 1070 passibilis
711 1017 957 1063 manens.
989 1014 1040 1057 et
1073 1012 1323 1060 mortuus
1350 1011 1456 1069 est,
1487 1002 1970 1072 incorruptibilita-

408 1100 516 1148 tem
540 1094 864 1151 mortalibus
892 1096 1124 1152 donans.
1153 1095 1366 1166 Corpus
1392 1095 1660 1166 siquidem
1690 1110 1720 1149 a
1743 1110 1971 1164 corpore

406 1187 752 1242 verberatum
774 1198 870 1243 aut
904 1198 1137 1252 sectum,
1167 1188 1506 1244 tantumdem
1536 1189 1854 1244 verberatur
1877 1196 1971 1241 aut

406 1288 648 1346 secatur,
701 1292 967 1352 quantum
1032 1282 1327 1338 verberans
1378 1283 1627 1338 verberat
1664 1290 1721 1336 ct
1774 1294 1968 1336 secans

404 1379 574 1426 secat.
613 1372 926 1428 Secundum
958 1376 1101 1429 enim
1149 1375 1228 1430 rei
1277 1374 1539 1445 subjectae
1584 1391 1969 1446 repercussum

402 1463 711 1521 verberanti
749 1465 892 1521 ictus
916 1468 1006 1533 lit,
1039 1482 1163 1521 cum
1191 1468 1419 1538 aequalia
1468 1468 1577 1537 pati
1619 1481 1846 1522 necesse
1874 1467 1966 1528 sit,

400 1563 457 1611 et
487 1570 675 1625 agens,
712 1566 767 1613 et
804 1558 859 1613 id
887 1559 1035 1628 quod
1067 1559 1263 1629 agitur.
1298 1558 1578 1629 Siquidem
1625 1558 1671 1613 si
1706 1558 1850 1628 quod
1882 1573 1971 1613 se-

400 1652 561 1700 catur
592 1662 716 1700 cum
751 1663 916 1718 parva
936 1649 1254 1704 habitudine
1277 1650 1482 1705 secanti
1510 1664 1619 1703 non
1648 1663 1971 1719 correspon-

401 1735 565 1798 derit,
596 1737 739 1807 quod
769 1746 920 1793 secat
947 1754 1133 1794 secare
1157 1755 1267 1793 non
1302 1740 1520 1810 poterit.
1573 1737 1789 1792 Lationi
1819 1739 1966 1795 enim

2074 543 2140 596 ἀν
2171 541 2433 595 δύνωνται
2466 558 2519 594 τι
2546 540 2741 613 δρᾶσαι
2771 539 3099 611 ἐνεργοῦσιν,
3133 545 3217 612 ἐφ’
3240 535 3316 597 ὧν
3346 544 3412 599 ἂν
3440 545 3516 618 μὴ
3542 547 3635 601 δύ-

2072 648 2268 687 νωνται
2297 631 2543 701 φθίνωσι.
2575 631 2773 702 Διόπερ
2799 631 2972 705 ταύτῃ
3004 633 3198 704 μᾶλλον
3231 635 3540 707 κεχώρηται
3577 639 3637 691 εν

2071 722 2339 795 ἀνθρώπῳ
2380 725 2409 777 ὁ
2441 723 2566 787 Υἱὸς
2605 722 2700 775 τοῦ
2734 722 2889 788 Θεοῦ,
2932 724 3013 777 ὅτι
3063 725 3137 797 μὴ
3181 721 3251 797 ἦν
3294 726 3442 798 αὐτῷ
3478 727 3637 782 τοῦτο

2072 814 2359 871 ἀδύνατον·
2409 816 2491 869 ὅτι
2536 816 2759 886 δυνάμει
2809 817 2902 869 καὶ
2943 815 3137 870 ιἐπαθεν
3183 817 3398 889 ἀπαθὴς
3438 817 3632 889 μένων,

2070 909 2164 961 καὶ
2234 906 2453 973 ἔθανεν,
2518 906 2814 960 ἀθανασίαν
2872 903 2954 975 τῷ
3027 906 3202 980 θνητῷ
3259 908 3632 981 χαριζόμενος.

2072 998 2237 1070 Σῶμα
2288 997 2383 1070 μὲν
2428 997 2535 1070 γὰρ
2568 998 2671 1051 ὑπὸ
2725 997 2972 1069 σώματος
3001 1001 3331 1072 τυπτόμενον
3370 1001 3402 1071 ἦ
3440 999 3636 1071 τεμνό-

2074 1111 2232 1164 μενον
2283 1092 2533 1147 τοσοῦτον
2576 1093 2837 1146 τύπτεται
2886 1094 2918 1165 ἢ
2961 1095 3238 1165 τέμνεται,
3284 1094 3407 1147 ὅσον
3452 1093 3519 1147 ἂν
3575 1091 3639 1146 τὸ

2070 1189 2269 1242 τύπτον
2318 1185 2526 1251 τύπτει,
2592 1186 2688 1241 καὶ
2732 1186 2793 1239 τὸ
2841 1186 3168 1257 τεμνόμενον
3221 1186 3426 1258 τέμνει.
3479 1187 3639 1242 Κατά

2072 1281 2421 1351 ἀντιτύπησιν
2467 1280 2574 1352 γὰρ
2631 1277 2723 1333 τοῦ
2782 1278 3139 1350 ὑποκειμένου
3180 1278 3258 1351 τῷ
3305 1278 3559 1334 τύπτοντι
3601 1282 3637 1351 ἡ

2070 1371 2250 1443 πληγὴ
2279 1372 2509 1440 γίνεται,
2546 1373 2606 1426 ὲν
2650 1371 2749 1442 ῐσῳ
2792 1370 2950 1425 πάθει
2991 1371 3099 1424 τῶν
3142 1372 3417 1443 ἑκατέρων
3468 1372 3639 1426 ὅντων

2070 1465 2164 1517 καὶ
2210 1464 2301 1517 τοῦ
2348 1463 2583 1535 δρῶντος
2628 1460 2729 1516 καὶ
2779 1462 2871 1516 τοῦ
2918 1462 3217 1535 δρωμένου.
3284 1463 3497 1534 ’Δμέλει
3542 1462 3639 1517 ὲάν

2072 1556 2146 1626 μὴ
2198 1550 2260 1608 τὸ
2304 1556 2633 1628 τεμνόμενον
2690 1553 2828 1625 μετὰ
2870 1553 3056 1626 ὀλίγης
3102 1553 3266 1619 ἕξεως
3313 1555 3641 1628 ἀντιτορήσῃ

2040 1646 2145 1717 ιτῷ
2199 1647 2470 1717 τέμνοντι,
2532 1640 2593 1699 τὸ
2644 1646 2971 1718 τεμνόμενον
3024 1644 3241 1715 τέμνειν
3300 1645 3358 1698 οὐ
3415 1645 3640 1716 δυνήσε-

2067 1755 2177 1792 ται.
2213 1738 2291 1810 Τῇ
2324 1738 2431 1810 γὰρ
2458 1740 2596 1809 φορᾷ
2629 1737 2934 1808 ξίφουςούκ
2960 1735 3519 1808 ἀντιπαραμείναντος
3543 1732 3639 1788 τοῦ

399 1827 551 1882 ensis
581 1830 627 1883 si
661 1845 770 1884 non
795 1830 1067 1885 obstiterit
1085 1832 1388 1902 subjectum
1412 1847 1635 1903 corpus,
1661 1832 1756 1887 sed
1782 1830 1963 1902 potius

2067 1828 2426 1899 ὑποκειμένου
2491 1828 2759 1899 σώματος,
2819 1826 2957 1881 ἀλλά
3011 1826 3348 1891 ουνείξαντος
3413 1825 3638 1897 μᾶλλον,

399 1920 652 1983 cesserit,
678 1921 825 1974 omni
858 1921 1055 1976 aﬂ'cctu
1080 1924 1327 1992 operatio
1360 1921 1736 1987 frustrabitur,
1790 1931 1850 1977 ut
1893 1912 1968 1977 vi-

400 2009 530 2067 dere
553 2018 638 2066 est
676 2014 729 2066 in
766 2014 1088 2085 corporibus
1137 2015 1520 2072 subtilioribus
1551 2017 1693 2087 ignis
1721 2025 1775 2072 et
1800 2018 1964 2074 aeris.

401 2099 731 2157 Dissolvitur
761 2120 995 2175 namque
1035 2106 1089 2160 in
1119 2106 1389 2162 similibus
1433 2115 1727 2176 manetque
1761 2107 1969 2177 absque

399 2192 597 2249 effectu
626 2195 946 2251 solidiorum
972 2212 1266 2267 corporum
1288 2199 1541 2269 impetus.
1571 2196 1727 2265 Quod
1755 2199 1800 2254 si
1824 2198 1967 2270 ignis

401 2293 496 2338 aut
526 2300 641 2349 aer,
677 2287 814 2357 lapis
844 2296 937 2341 aut
967 2288 1194 2353 ferrum,
1247 2298 1341 2343 aut
1400 2290 1628 2360 lignum,
1670 2296 1763 2343 aut
1796 2288 1964 2358 aliud,

398 2374 543 2442 quod
577 2376 827 2431 homines
858 2384 1047 2432 contra
1080 2393 1204 2434 sese
1248 2389 1573 2450 usurpantes
1603 2380 1706 2435 sibi
1736 2379 1965 2435 invicem

397 2467 602 2523 caedem
634 2468 899 2535 inferunt,
924 2471 1217 2527 vulnerare
1242 2479 1296 2527 et
1330 2471 1577 2528 dividere
1625 2488 1735 2527 non
1788 2480 1967 2543 potest

396 2560 544 2629 quod
576 2560 878 2619 subtilioris
908 2571 1117 2619 natura:
1164 2564 1259 2629 sit,
1308 2580 1545 2635 quanam
1599 2564 1811 2619 ratione
1855 2577 1966 2616 non

395 2650 580 2719 potius
614 2650 1026 2709 invulnerabilis
1068 2656 1269 2710 mansit
1305 2652 1578 2724 Sapientia
1633 2661 1687 2709 et
1719 2652 1967 2723 impassi-

396 2739 715 2802 bilis,nulla
751 2742 807 2797 in
835 2758 895 2798 re
916 2743 986 2798 ab
1013 2743 1195 2814 aliquo
1247 2744 1394 2810 laesa,
1451 2744 1577 2798 licet
1628 2743 1791 2797 simul
1833 2757 1966 2797 con-

390 2831 585 2902 juncta
610 2843 757 2889 esset
787 2837 1027 2907 corpori,
1064 2836 1208 2907 quod
1257 2836 1545 2893 secabatur
1588 2842 1642 2890 et
1691 2835 1865 2891 clavis
1901 2836 1964 2888 li-

392 2923 644 2993 gebatur,
678 2940 802 2979 cum
849 2928 1195 2996 praestantior
1224 2935 1278 2982 et
1311 2927 1499 2998 purior
1544 2927 1692 2981 omni
1741 2935 1961 2994 natura,

393 3030 565 3068 unum
604 3014 653 3071 si
686 3016 925 3089 excipias
963 3018 1111 3075 illius
1142 3020 1444 3093 genitorem
1501 3017 1693 3087 Deum,
1725 3019 1962 3077 exsiste-

388 3105 518 3161 ret?

2068 1919 2348 1992 ἄπρακτος
2376 1920 2583 1990 γίνεται
2615 1923 2648 1991 ἡ
2692 1920 2970 1989 ὲνέργεια-
3006 1913 3116 1973 οἷον
3142 1917 3392 1988 καθάπερ
3421 1917 3514 1971 καὶ
3546 1917 3641 1969 ὲπὶ

2068 2012 2175 2066 τῶν
2248 2013 2757 2086 λεπτομερεστέρων
2834 2012 3101 2083 σωμάτων
3179 2010 3371 2079 πυρὸς,
3451 2008 3635 2080 ἀέρος.

2080 2105 2357 2159 Ἐκλύεται
2380 2101 2488 2175 γὰρ
2517 2107 2573 2158 ἐν
2591 2107 2705 2169 τοῖς
2726 2104 2983 2168 τοιούτοις
3008 2103 3362 2176 ἁνενέργητος
3382 2101 3490 2155 τῶν
3515 2119 3637 2155 στε-

2070 2196 2351 2269 ρεωτέρων
2380 2197 2559 2270 ὁρμῆς
2590 2197 2875 2268 σωμάτων.
2911 2196 2973 2249 Et
3002 2196 3056 2249 δὲ
3090 2194 3220 2266 πῦρ,
3252 2193 3286 2265 ἢ
3317 2193 3444 2265 ἀὴρ,
3468 2192 3637 2257 λίθος,

2066 2289 2098 2361 ἢ
2126 2288 2361 2361 σίδηρος,
2388 2288 2420 2361 ἢ
2454 2284 2627 2354 ξύλον,
2653 2289 2684 2361 ἢ
2717 2286 2863 2355 ἄλλο,
2891 2286 2971 2352 οἷς
2996 2290 3044 2341 οἱ
3067 2287 3341 2358 ἄνθρωποι
3364 2286 3640 2358 χρώμενοι

2066 2376 2184 2431 καθ’
2220 2376 2426 2431 ἑαυτῶν
2454 2376 2894 2451 ἀλληλοςρονοῦσι,
2916 2375 3120 2450 τρῶσαι
3141 2376 3197 2430 δὲ
3230 2376 3324 2430 καί
3354 2374 3545 2429 διελεῖν
3572 2376 3635 2429 οὐ

2065 2467 2282 2522 δύναται
2313 2468 2463 2541 παρά
2493 2470 2553 2523 τὸ
2583 2471 2681 2542 τῆς
2711 2469 2957 2541 θικτικῆς
2982 2486 3041 2521 τε
3080 2468 3209 2521 αὐτὸ
3241 2468 3336 2521 καὶ
3373 2466 3641 2537 λεπτομε-

2070 2562 2329 2633 ρεστέρας
2356 2564 2567 2633 φύσεως
2590 2563 2899 2633 τυγχάνειν·
2929 2562 3046 2625 πῶς
3072 2561 3131 2615 οὐ
3171 2559 3367 2632 μᾶλλον
3395 2558 3641 2631 ἄτρωτός

2064 2671 2128 2724 γε
2159 2655 2369 2727 ἔμεινεν
2416 2651 2449 2728 ή
2485 2656 2656 2727 Σοφία
2682 2657 2777 2711 καὶ
2815 2655 3064 2728 ἀπαθὴς,
3092 2655 3241 2708 οὐδὲν
3265 2653 3401 2725 πρὸς
3425 2648 3639 2717 οὐδενὸς

2066 2748 2427 2818 κακυνομένη,
2475 2748 2577 2802 κᾶν
2603 2748 2930 2820 τεμνόμενον
2965 2747 3128 2819 συνῆν
3154 2747 3248 2802 καὶ
3280 2744 3641 2818 προσηλωμὲ-

2063 2851 2154 2891 νον
2203 2837 2282 2908 τῷ
2332 2837 2564 2909 σώματι,
2601 2837 2824 2906 βελτίων
2868 2838 2963 2891 καὶ
3015 2835 3369 2907 καθαρωτέρα
3424 2833 3640 2904 φύσεως

2064 2927 2248 3000 πάσης
2293 2929 2431 3001 μετά
2475 2929 2565 2983 τὸν
2616 2929 3015 3002 γεννησαμενον
3073 2928 3242 3000 αὐτὴν
3279 2926 3413 2982 Θεδν
3464 2925 3644 2998 ὑπάρ-

2063 3037 2231 3090 χουσα
2255 3036 2270 3087 ;

405 3285 3605 3314 -ι--σ--ἡ-Ι-ψ--ᾠ--ἠ-ῌ--ᾑ-ῃ-

1505 3464 1784 3555 ALlA
1859 3466 2545 3560 NONNULLA'

1375 3650 1681 3710 EIUSDEM
1721 3653 1780 3713 S.
1822 3654 2158 3714 METHODII
2195 3655 2641 3715 FRAGMENTA.

976 3958 1085 4033 (Ea;
1124 3950 1329 4018 Nicetc
1361 3957 1563 4020 Catena
1591 3967 1644 4021 in
1679 3966 1803 4033 Job,
1840 3983 1960 4039 cap.
1993 3984 2104 4035 xxx,
2127 3983 2249 4039 pag.
2294 3966 2399 4023 429
2436 3966 2563 4023 edit.
2596 3966 2823 4028 Londin.
2856 3967 3037 4040 1657.)

1033 4159 1307 4217 Methodii.

459 4264 716 4326 Fortasse
743 4276 944 4332 autem,
989 4274 1248 4341 quoniam
1303 4276 1465 4331 amici
1508 4267 1612 4332 Job
1643 4293 1702 4334 se
1724 4293 1957 4335 causam
1983 4283 2027 4341 α

391 4361 695 4433 intelligere
721 4370 944 4434 pr0pter
969 4379 1133 4435 quam
1176 4366 1305 4420 talia
1348 4374 1648 4438 pateretur,
1705 4372 1960 4427 arbitrati

390 4463 599 4520 essent,
629 4454 872 4526 longiore
897 4457 1144 4513 oratione
1188 4459 1256 4514 ad
1304 4474 1400 4515 eos
1450 4476 1583 4518 usus
1630 4462 1715 4518 vir
1753 4462 1960 4533 justus,

390 4545 701 4601 divinorum
726 4546 1062 4615 iudiciorum
1089 4549 1431 4620 sapientiam,
1457 4568 1567 4608 non
1591 4554 1695 4609 sibi
1726 4562 1959 4622 tantum,

394 4638 491 4693 sed
520 4646 576 4693 et
601 4640 752 4694 omni
782 4640 990 4696 homini
1022 4641 1630 4715 incomprehensibilem
1664 4662 1788 4702 esse
1816 4645 1957 4703 fate-

393 4736 535 4796 tur;.
558 4728 612 4785 et
658 4732 725 4787 ad
762 4720 1167 4803 suscipiendam
1202 4736 1418 4791 consilii
1442 4737 1613 4792 divini
1649 4738 1958 4806 scientiam,

394 4820 574 4875 locum
604 4828 923 4880 terrestrem
955 4825 1103 4881 haud
1135 4827 1390 4882 idoneum
1416 4844 1540 4885 esse
1580 4828 1831 4884 alIirmat.
1868 4830 1963 4883 Di-

394 4912 535 4967 xerit
564 4918 745 4970 autem
779 4915 997 4986 aliquis,
1030 4917 1329 4987 perfectam
1387 4926 1441 4974 et
1500 4921 1807 4976 absolutam
1848 4921 1964 4990 pie-

394 5010 585 5067 tatem,
606 5019 721 5059 rem
745 5007 906 5076 plane
939 5008 1181 5067 divinam
1213 5022 1267 5068 et
1291 5027 1323 5066 a
1350 5001 1464 5070 Deo
1500 5016 1617 5071 solo
1646 5016 1962 5073 hominibus

393 5094 677 5161 tributam,
713 5097 817 5153 hoc
847 5100 967 5154 loco
995 5105 1319 5172 sapientiam
1372 5107 1578 5161 vocari.
1629 5106 1837 5164 Sensus
1864 5123 1965 5162 au-

394 5191 503 5237 tem
535 5187 826 5242 verborum
852 5186 942 5245 hic
965 5201 1050 5248 est
1080 5213 1091 5247 :
1127 5193 1290 5257 Deus,
1321 5197 1518 5267 inquit,
1553 5197 1837 5253 hominum
1864 5214 1963 5252 na-

395 5279 535 5328 tura:
569 5277 675 5329 vim
707 5293 771 5333 ac
790 5279 1100 5340 facultatem
1130 5287 1465 5355 inveniendi,
1507 5306 1616 5344 una
1663 5306 1786 5346 cum
1837 5306 1965 5361 pru-

396 5366 580 5420 dentia
607 5378 661 5423 et
683 5373 916 5428 artiﬁcio
937 5377 1206 5446 inserens,
1255 5397 1451 5452 magna
1490 5384 1558 5439 iis
1587 5385 1812 5455 largitus
1839 5393 1959 5451 est;

395 5473 506 5527 qua
538 5471 761 5533 accepta
794 5472 992 5522 terram
1043 5473 1108 5525 ad
1150 5468 1390 5528 eruenda
1425 5477 1642 5531 metalla
1674 5476 1957 5542 effodiunt,

394 5549 691 5637 etcolunt;
717 5556 1036 5623 sapientiam
1069 5571 1247 5617 autem
1273 5582 1395 5634 quas
1428 5582 1551 5621 cum
1594 5569 1794 5637 pietate
1826 5572 1965 5623 con-’

394 5636 433 5702 ji
458 5646 583 5691 ncta
622 5648 726 5706 est,
765 5643 821 5697 in
848 5648 999 5703 nullo
1031 5651 1152 5706 loco
1188 5654 1431 5710 invenire
1481 5636 1625 5713 licet.
1659 5658 1770 5714 Nec
1797 5660 1958 5714 homo

397 5741 521 5785 eam
550 5742 617 5785 ex
644 5744 706 5788 se
732 5738 788 5788 et
818 5739 1054 5808 propriis
1086 5747 1325 5815 assequi,
1381 5756 1559 5820 usque
1606 5750 1727 5807 aliis
1758 5750 1959 5820 imper-

2694 4164 3029 4222 Μεθοδίου.⁸

2132 4274 2292 4345 ’Ῐσως
2321 4270 2397 4345 δὲ,
2432 4281 2553 4335 ἐπεὶ
2585 4280 2633 4333 οἱ
2660 4280 2801 4349 φίλοι
2827 4278 2921 4333 τοῦ
2965 4279 3084 4333 Ἰὼϐ
3115 4279 3283 4350 ᾤοντο
3315 4282 3418 4352 τὴν
3456 4280 3639 4335 αἰτίαν

2063 4368 2446 4442 κατειληφέναι
2487 4371 2552 4425 δι’
2601 4374 2665 4442 ἣν
2707 4370 2879 4425 ταῦτα
2921 4372 3160 4443 ἔπασχε,
3204 4372 3341 4444 πρὸς
3396 4373 3642 4439 ἐκείνους

2062 4464 2478 4534 ἀποτεινόμενος
2498 4466 2527 4517 ὁ
2550 4463 2775 4527 δίκαιος,
2807 4464 2907 4536 τὴν
2939 4463 3068 4534 περὶ
3097 4461 3204 4516 τῶν
3229 4465 3512 4535 χριμάτων
3538 4465 3638 4519 τοῦ

2063 4555 2194 4609 Θεοῦ
2227 4558 2417 4624 σοφίαν
2444 4556 2679 4625 ἄληπτον
2707 4552 2845 4607 εἶναι
2874 4554 3144 4626 ὁμολογεῖ,
3181 4557 3241 4608 ού
3274 4557 3434 4626 μόνον
3461 4556 3636 4628 αὐτῷ,

2012 4632 2024 4644 ’
2063 4648 2199 4703 ἀλλά
2248 4650 2342 4702 καὶ
2387 4651 2548 4703 παντὶ
2590 4648 2878 4720 ἀνθρώπῳ,
2919 4651 3014 4704 καὶ
3056 4649 3153 4720 τὴν
3186 4650 3496 4720 ἐπιστήμην
3537 4649 3640 4720 τῆς

2065 4741 2258 4812 βουλῆς
2290 4740 2382 4794 τοῦ
2414 4739 2548 4794 Θεοῦ
2585 4742 2658 4812 μὴ
2704 4741 2884 4794 ἱκανὸν
2923 4736 3061 4795 εἶναι
3092 4738 3498 4811 παραδέξασθαι
3543 4740 3639 4792 τὸν

2063 4834 2340 4905 περίγειον
2366 4832 2551 4896 τόπον,
2582 4832 2955 4901 ἀποφαίνεται.
2989 4831 3122 4902 Φαίη
3155 4831 3199 4885 δ’
3230 4831 3295 4885 ἄν
3330 4848 3415 4895 τις
3444 4830 3637 4900 σοφίαν

2063 4925 2294 4980 ἐνταῦθα
2337 4926 2433 4997 τὴν
2477 4925 2687 4979 τελείαν
2744 4926 3022 4980 εὐσέϐειαν
3075 4924 3344 4997 εἰρῆσθαι,
3403 4926 3637 4994 πρᾶγμα

2064 5018 2224 5083 θεῖον,
2261 5018 2364 5071 ὑπὸ
2391 5018 2551 5089 μόνου
2585 5016 2681 5071 τοῦ
2716 5017 2849 5070 Θεοῦ
2882 5021 2992 5082 τοῖς
3019 5016 3325 5089 ἀνθρώποις
3355 5015 3636 5089 δωρούμε-

2062 5127 2173 5163 νον.
2213 5113 2273 5163 '0
2301 5109 2355 5161 δὲ
2386 5106 2509 5172 νοῦς
2537 5107 2644 5161 τῶν
2678 5110 2854 5179 ῥητῶν
2888 5104 3071 5172 οὗτος·
3103 5108 3349 5176 Μεγάλα,
3386 5109 3573 5179 φησὶν,
3606 5109 3637 5162 ὁ

2062 5198 2193 5261 Θεὸς
2236 5203 2348 5261 τοῖς
2370 5196 2677 5270 ἀνθρώποις
2709 5199 3035 5269 ἐδωρήσατο,
3075 5200 3134 5251 ἐν
3179 5200 3244 5267 τῇ
3275 5198 3437 5265 φύσει
3465 5213 3637 5252 κατα·-

2065 5290 2290 5362 σπείρας
2313 5288 2489 5343 αὐτῶν
2512 5288 2574 5341 τὸ
2613 5288 2976 5359 ὲρευνητικὸν,
3006 5291 3101 5341 καὶ
3128 5289 3311 5356 σοφὸν,
3337 5289 3433 5341 καὶ
3461 5305 3638 5358 τεχνι-

2062 5382 2189 5435 κόν·
2225 5382 2360 5452 ὅπερ
2393 5380 2644 5444 λαϐόντες
2683 5381 2733 5432 οί
2771 5379 3065 5444 ἄνθρωποι,
3102 5379 3206 5448 γῆν
3244 5391 3304 5430 τε
3341 5376 3640 5448 μεταλλεύ-

2062 5489 2180 5527 ουσι
2226 5473 2319 5527 καὶ
2365 5472 2699 5545 γεωργοῦσν
2744 5470 2844 5541 τὴν
2889 5470 2947 5524 δὲ
2996 5469 3137 5524 κατὰ
3184 5469 3497 5522 θεοσέϐειαν
3549 5484 3638 5521 σο-

2064 5566 2191 5636 φίαν
2237 5567 2336 5619 ούκ
2386 5568 2443 5619 ἐν
2486 5567 2636 5637 τόπῳ
2664 5566 2789 5635 ιτινὶ
2840 5564 2984 5618 ἔστιν
3031 5564 3241 5633 εὑρεῖν
3287 5562 3389 5615 ούκ
3424 5560 3637 5615 οἴκοθεν

2062 5656 2264 5727 ταύτην
2292 5656 2574 5728 ἄνθρωπος
2607 5655 2892 5710 ἀναλαϐεῖν
2915 5653 3157 5708 δύναταιο
3185 5654 3287 5707 οὐκ
3311 5652 3497 5717 ἄλλοις
3532 5669 3639 5707 πα-

2064 5749 2528 5827 ραδοῦναι.τ”υθεν
2569 5750 2661 5804 καὶ
2686 5745 3039 5823 οίἘλλήνων
3071 5746 3241 5819 σοφοὶ,
3279 5745 3383 5820 ἰδίᾳ
3407 5745 3638 5817 δυνάμει
