3862 6158
322 328 453 389 405.

1703 334 2144 393 FRAGMENTA.

3446 346 3553 408 403

318 447 422 519 τὴν
482 447 789 503 θεοσέϐειαν
840 450 1190 524 ζητήσαντες,
1252 452 1577 525 ἠστόχησαν.
1647 455 1721 508 Τὸ
1781 457 1853 526 γά

1963 513 1964 518 η
2006 456 2095 510 tiri
2124 463 2322 527 potest.
2348 454 2502 511 Unde
2518 460 2575 510 et
2598 452 2912 511 Graecorum
2957 456 3248 527 sapientes,
3300 461 3393 531 qui
3437 462 3554 517 suis

319 541 586 611 πρᾶγμα,
614 541 688 605 ὡς
731 541 960 614 ἔφημεν,
989 545 1092 598 οὐκ
1130 543 1435 617 ἀνθρώποις
1463 546 1609 600 ἐστὶν
1647 547 1886 618 ἐφικτὸν,

317 630 458 684 ἀλλὰ
492 631 595 701 τῆς
647 632 796 698 θείας
837 634 1046 705 δωρεᾶς
1082 652 1143 689 τε
1184 638 1287 691 καὶ
1318 638 1572 707 χάριτοςο
1605 637 1693 692 διὰ
1733 638 1888 692 τοῦτο

316 722 414 775 καὶ
443 723 503 788 ἐξ
531 724 701 795 ἀρχῆς
729 727 758 778 6
792 725 922 790 Θεὸς
960 726 1030 781 τά
1064 728 1261 797 μὲνδϋ
1300 729 1593 794 ὀπασιῶν,
1623 729 1693 783 τά
1733 730 1790 784 δὲ
1818 731 1886 784 δι’

312 812 566 881 ἀγγέλων
599 815 1011 886 ὲπιφοιτήσεως,
1054 815 1122 869 τά
1161 817 1217 869 δὲ
1251 816 1339 870 διά
1373 817 1482 871 τῶν
1525 817 1885 890 θεοφορουμέ-

309 921 425 960 νων
476 906 644 974 ἁγίων
688 907 1011 979 προφητῶν,
1033 909 1133 981 τὴν
1162 908 1465 965 θεοσέϐειαν
1511 911 1636 974 τοὺς
1677 909 1887 982 ἀνθρώ-

311 1014 453 1062 πους
489 998 854 1065 ἐξεπαίδευσε.
894 1002 1005 1055 Καὶ
1034 1003 1066 1073 ἡ
1113 1001 1418 1075 θεωρητικὴ
1451 1002 1509 1057 δὲ
1553 1005 1714 1073 σοφία
1747 1004 1882 1057 Θεοῦ

309 1087 509 1158 δῶρον,
548 1088 607 1156 ἐξ
633 1084 702 1161 ἧς
731 1091 1023 1163 κινούμεθα
1056 1093 1185 1164 περὶ
1206 1092 1303 1158 τάς
1329 1094 1525 1165 τέχνας
1552 1097 1647 1149 καὶ
1672 1095 1744 1149 τὰ
1765 1098 1882 1150 ἐπι-

308 1180 648 1251 τηδεύματα,
683 1183 778 1235 καὶ
802 1185 869 1254 ἡν
900 1184 1098 1247 πάντες
1129 1185 1322 1250 κοινῶς
1359 1186 1575 1258 ἔχομεν,
1612 1186 1785 1242 ἄδικοί
1823 1205 1880 1240 τε
1908 1209 1925 1220 -

308 1270 405 1322 καὶ
438 1269 668 1325 δίκαιοι·
704 1274 752 1326 εί
778 1272 887 1346 γὰρ
918 1274 992 1346 (7)
1022 1275 1134 1341 ζῶα
1168 1278 1468 1348 γεγόναμεν
1508 1277 1720 1347 λογικὰ,
1752 1278 1881 1333 ταύ-

304 1377 407 1430 την
434 1361 752 1434 εἰλήφαμεν.
783 1364 965 1437 Ταύτῃ
994 1383 1077 1420 τοι
1101 1368 1192 1421 καὶ
1210 1370 1267 1421 ὲν
1294 1372 1408 1433 τοῖς
1432 1369 1737 1442 ἔμπροσθεν
1766 1371 1880 1425 ἐλέ-

304 1468 464 1519 γετο’
496 1455 754 1522 Πότερον
778 1458 890 1526 οὐχ
921 1460 955 1512 ό
991 1460 1204 1527 Κύριος
1229 1462 1263 1513 ὁ
1294 1458 1594 1515 διδάσκων
1622 1462 1880 1515 σύνεσιν

303 1542 405 1595 καί
424 1544 767 1616 ἐπιστήμην
781 1547 894 1613 ;.ὡς
911 1549 1004 1604 τοῦ
1032 1551 1311 1622 κτήματος
1332 1553 1665 1626 θεοδωρήτου
1683 1552 1873 1624 τυγχά-

305 1649 511 1698 νοντος.

1988 549 2199 604 viribus
2247 547 2377 614 nisi,
2422 547 2677 618 pietatem
2708 556 2762 603 et
2791 546 3046 605 Numinis
3077 549 3283 606 cultum
3327 552 3552 622 indaga-

1987 641 2135 704 bant,
2159 656 2191 694 a
2221 654 2387 710 scopo
2438 639 2778 695 aberrarunt.
2831 640 2940 698 lies
2967 643 3135 708 enim,
3196 653 3256 698 ut
3285 642 3545 708 diximus,

1986 729 2131 785 vires
2161 729 2429 793 humanas
2456 729 2690 796 excedit,
2715 738 2769 784 et
2796 729 2890 785 Dei
2919 730 3122 785 donum
3140 745 3204 787 ac
3230 732 3401 802 gratia
3424 740 3543 788 est:

1985 821 2320 893 proindeque
2352 822 2422 877 ab
2451 822 2632 890 initio,
2668 823 2841 893 partis
2863 822 3190 888 visionibus,
3217 824 3414 894 partim
3447 838 3546 879 an-

1984 916 2227 986 gelorum
2257 914 2492 969 adventu
2540 925 2596 969 et
2640 930 2959 985 congressu,
2993 917 3192 987 partim
3226 924 3543 972 sanctorum

1983 1006 2369 1077 prophetarum
2394 1006 2656 1061 divinitus
2687 1007 2990 1062 aﬂlatorum
3020 1008 3384 1075 sermonibus,
3399 1007 3542 1065 Deus

1983 1098 2230 1152 homines
2257 1097 2313 1150 in
2341 1097 2540 1165 pietate
2566 1113 2813 1171 veraeque
2839 1098 3117 1169 religionis
3151 1100 3299 1154 cultu
3354 1098 3541 1155 erudi-

1980 1188 2075 1242 vit.
2097 1187 2241 1254 Quin
2264 1188 2426 1242 etiam
2458 1189 2723 1258 sapientia
2753 1189 3190 1259 contemplativa,
3223 1204 3331 1259 qua
3361 1190 3429 1244 ad
3451 1205 3542 1244 ar-

1978 1287 2060 1333 tes
2094 1287 2147 1333 et
2177 1277 2356 1334 studia
2405 1279 2512 1333 alia
2541 1280 2886 1349 impellimur,
2922 1296 3140 1351 quaque
3178 1281 3542 1337 communiter

1976 1386 2189 1436 omnes,
2209 1371 2345 1442 justi
2376 1378 2431 1427 et
2473 1371 2685 1441 injusti,
2726 1373 2936 1443 praediti
2969 1389 3181 1437 sumus,
3216 1372 3309 1429 Dei
3334 1373 3538 1430 donum

1975 1468 2059 1517 est
2091 1480 2104 1517 :
2136 1476 2242 1533 qua
2267 1462 2411 1517 enim
2438 1462 2695 1517 animalia
2727 1464 2957 1521 rationis
2985 1467 3207 1536 capacia
3235 1468 3403 1522 creati
3443 1483 3540 1522 su-

1974 1568 2120 1618 mus,
2166 1553 2311 1610 hanc
2359 1555 2689 1624 accepimus.
2731 1554 2912 1622 Quare
2953 1565 3009 1613 et
3046 1559 3101 1613 in
3132 1560 3532 1628 superioribus,

1973 1653 2233 1715 tanquam
2260 1644 2330 1702 de
2358 1662 2418 1702 re
2441 1646 2704 1704 divinitus
2732 1662 2994 1705 concessa
3035 1650 3280 1720 loquens,
3317 1650 3531 1705 aiebat:

1976 1734 2232 1805 Nunquid
2261 1753 2367 1791 non
2403 1736 2661 1794 Dominus
2702 1748 2803 1806 est,
2842 1741 2933 1811 qui
2961 1741 3108 1797 docet
3138 1742 3458 1798 intellectum
3483 1752 3533 1798 et

1974 1829 2248 1883 scientiam
2266 1829 2330 1884 "i

1893 1920 1962 1979 ll.

1516 2014 1658 2072 Ibid.
1689 2031 1805 2087 cap.
1842 2031 1992 2083 xxvn,
2027 2032 2150 2105 ﬂag.
2184 2016 2306 2074 558.

915 2136 1225 2193 Ηεθοδίου.

312 2222 324 2235 ’
379 2219 766 2295 Ἑπισήμηναι,
783 2225 864 2278 ὅτι
887 2226 1090 2299 Κύριος
1111 2228 1345 2301 ἀρχῆθεν
1360 2228 1663 2303 ἀνθρώποις
1681 2231 1742 2285 ού
1767 2232 1862 2286 λα-

290 2310 394 2366 λεῖ·
413 2314 528 2368 ἀλλ’
544 2315 681 2370 ὲπάν
703 2321 1183 2391 παρασκευάσηται
1207 2322 1351 2394 ψυχὴ
1365 2323 1451 2377 διά
1469 2324 1746 2393 πλειόνων,
1763 2327 1860 2380 καὶ

289 2406 719 2480 ἑγγυμνάσηται,
749 2412 840 2465 καὶ
868 2413 1037 2484 ἀναϐῇ
1065 2416 1145 2478 εἰς
1169 2414 1319 2485 ὕψος,
1354 2416 1472 2470 καθ’
1495 2418 1616 2472 ὅσον
1641 2418 1858 2473 δυνατὸν

287 2498 605 2573 ἀνθρωπίνῃ
632 2501 809 2571 φύσει,
838 2505 959 2558 τότε
986 2506 1156 2571 λαλεῖ,
1196 2508 1285 2562 καὶ
1313 2510 1437 2574 τοὺς
1474 2511 1637 2564 αὑτοῦ
1667 2512 1856 2582 λόγους

285 2589 659 2645 ἀποκαλύπτει
688 2595 767 2658 είς
787 2595 1037 2650 τοσοῦτον
1064 2598 1477 2671 ἀναϐεϐηκόσιν.
1529 2595 1774 2657 Ἐπειδὰν
1799 2604 1854 2658 δὲ

285 2679 324 2748 ἡ
358 2678 556 2752 λαίλαψ
577 2685 841 2755 χειμῶνός
869 2689 997 2742 ἐστι.
1012 2691 1289 2764 ποιητικὴ,
1327 2695 1392 2747 ὲν.
1415 2693 1473 2747 δὲ
1500 2695 1727 2766 χειμῶνι
1756 2713 1856 2750 πε-

290 2769 591 2857 ριστάσεων
624 2773 652 2826 6
701 2773 820 2829 Ἰὼϐ
861 2779 987 2849 περὶ
1024 2780 1123 2852 τὴν
1156 2781 1338 2836 πίστιν
1365 2784 1472 2837 οὐκ.
1496 2784 1849 2857 ἐναυάγησεν,

284 2855 425 2947 ἀλλά
473 2860 567 2913 καὶ
602 2860 893 2934 διέλαμψεο
928 2867 1017 2921 διὰ
1056 2867 1214 2922 τοῦτο
1259 2869 1288 2921 6
1322 2872 1672 2943 χρηματίζων
1705 2855 1853 2947 αὐτῷ

283 2946 428 3035 πρὸς
458 2948 725 3021 σύμϐολον
746 2953 841 3008 τοῦ
869 2957 1262 3025 καταλαϐόντος
1292 2962 1455 3016 αὐτὸν
1477 2964 1744 3035 χειμῶνος
1763 2965 1852 3020 διὰ

282 3034 545 3105 λαίλαπος
567 3044 895 3114 χρηματίζει
914 3064 926 3077 ·
953 3047 1041 3102 διὰ
1073 3049 1129 3103 δὲ
1159 3049 1221 3103 τὸ
1246 3034 1573 3121 μεταϐαλεῖν
1592 3054 1755 3109 αὐτοῦ
1783 3056 1852 3111 τά

280 3129 586 3201 πράγματα
630 3134 737 3189 ἀπὸ
782 3138 1046 3209 χειμῶνος
1086 3143 1167 3205 είς
1210 3143 1414 3208 εὐδίαν,
1458 3144 1518 3198 ού
1558 3146 1715 3218 μόνον
1763 3148 1850 3202 διὰ

279 3220 563 3289 λαίλαπος,
588 3225 722 3281 ἀλλά
753 3231 845 3282 καὶ
869 3229 954 3283 διὰ
985 3232 1161 3300 νεφῶν
1190 3233 1358 3289 λαλεῖ.

2602 2143 2882 2201 ΗθιΙιοάίὶ.

2039 2230 2199 2298 Nota,
2243 2234 2533 2292 Dominum
2568 2252 2679 2293 non
2729 2239 2914 2294 statim
2959 2237 3029 2293 ab
3075 2238 3233 2295 initio
3277 2238 3527 2296 homines

1968 2324 2170 2395 alloqui
2192 2326 2409 2395 solere;
2439 2329 2536 2384 sed
2561 2336 2852 2399 postquam
2882 2329 3065 2384 anima
3094 2331 3341 2400 pluribus
3383 2346 3527 2402 prae-

1964 2424 2154 2483 parata
2181 2425 2234 2471 et
2256 2418 2555 2473 exercitata
2588 2417 2773 2485 fuerit,
2809 2427 2862 2475 et
2891 2420 2945 2474 in
2968 2420 3333 2488 altitudinem,
3351 2437 3526 2493 quan-

1964 2516 2079 2561 tum
2105 2507 2342 2563 humana
2371 2518 2567 2567 natura
2590 2517 2792 2581 potest,
2837 2512 3295 2583 contemplatione
3323 2528 3521 2570 ascen-

1961 2598 2124 2667 derit,
2153 2609 2268 2655 tum
2301 2600 2521 2658 demum
2550 2603 2721 2673 loqui,
2747 2610 2802 2659 et
2829 2619 3109 2661 sermones
3138 2606 3207 2660 iis
3254 2607 3533 2674 revelare,
3622 2610 3629 2617 '

1959 2692 2054 2762 qui
2084 2690 2153 2746 ad
2183 2691 2460 2765 fastigium
2503 2694 2635 2750 illud
2667 2694 2974 2753 altitudinis
3001 2698 3174 2752 evecti
3202 2705 3347 2752 sunt.
3379 2696 3519 2751 Cum

1959 2793 2139 2841 autem
2175 2786 2336 2842 turbo
2391 2776 2767 2859 tempestatem
2810 2796 3052 2860 generet,
3100 2786 3271 2844 Jobus
3301 2803 3433 2845 vero
3463 2790 3519 2845 in

1953 2875 2307 2933 amictionum
2335 2884 2657 2950 tempestate
2687 2879 2813 2936 ﬁdei
2850 2879 3198 2953 naufragium
3227 2896 3338 2936 non
3374 2880 3521 2937 fece-

1952 2967 2048 3033 rit,
2075 2969 2171 3025 sed
2201 2972 2513 3026 constantia
2531 2971 2652 3041 ejus
2673 2972 2856 3043 potius
2882 2974 3163 3035 enituerit.
3188 2972 3396 3037 idcirco
3419 2973 3515 3045 qui

1948 3074 2276 3130 responsum
2305 3062 2355 3117 ei
2383 3062 2553 3129 dedit,
2604 3063 2672 3118 ad
2701 3064 3111 3135 signiﬁcandam
3144 3066 3514 3122 calamitatum

1950 3152 2327 3218 tempestatem
2367 3165 2490 3220 quae
2528 3165 2652 3207 eum
2698 3155 3060 3223 corripuerat,
3110 3170 3210 3227 per
3238 3155 3513 3211 turbinem

1948 3255 2275 3312 responsum
2305 3242 2399 3299 dat
2430 3263 2444 3299 :
2478 3244 2607 3315 quia
2636 3261 2766 3302 vero
2780 3248 3144 3317 procellosum
3175 3264 3358 3305 rerum
3388 3246 3511 3318 ejus

275 3321 487 3370 statum
535 3317 592 3374 in
637 3334 888 3379 serenam
937 3327 1384 3399 tranquillitatem
1440 3334 1753 3400 mutaverit,
1793 3349 1903 3391 non
1957 3343 2169 3393 tantum
2216 3339 2657 3411 per_turbinem,
2703 3341 2798 3397 sed
2855 3358 2952 3413 per
3003 3342 3177 3399 nubes
3220 3317 3526 3399 etiamflo~

276 3410 486 3481 quitur.
556 3461 559 3463 ι

1859 3525 1945 3581 Ill.

1859 3528 1876 3580 ι
1906 3528 1945 3581 ι.

1667 3619 1803 3679 Ibid.
1831 3528 1955 3697 ng.
1988 3622 2111 3679 547.

906 3726 1215 3784 Μεθοδίου.

347 3802 537 3899 Πολλοὶ
561 3807 941 3881 καταϐέϐηκαν
980 3818 1060 3880 εἰς
1086 3816 1336 3885 ἄϐυσσον,
1384 3821 1480 3892 οὐχ
1502 3821 1641 3878 ὥστε
1683 3843 1837 3899 περι-

274 3897 468 3990 πατεῖν
487 3899 736 3990 ὲνᾼαύτῇ,
763 3902 876 3957 ἀλλ’
909 3905 1049 3961 ὥστε
1076 3908 1283 3982 δέσμιοι
1309 3909 1466 3967 εἷναι.
1511 3916 1712 3989 Ἰησοῦς
1744 3897 1838 3990 μό-

271 4000 365 4079 νος
415 3988 471 4040 ὲν
502 3988 725 4062 ἀϐύσσῳ
768 3999 1167 4070 περιεπάτησεν
1221 4002 1297 4066 ὡς
1352 4005 1651 4079 ἐλεύθερος,
1704 3988 1837 4063 ὅπου

275 4075 396 4145 ῐχνη
449 4081 890 4148 περιπατούντων
938 4087 1038 4140 οὐκ
1086 4088 1185 4144 ἔνι.
1231 4091 1417 4147 Εἵλετο
1456 4075 1563 4167 γὰρ
1610 4095 1837 4153 θάνατον

271 4168 371 4261 οὐχ
414 4169 709 4238 ὑπεύθυνος
743 4174 851 4242 ὣν,
888 4178 975 4233 ἵνα
1022 4183 1146 4245 τοὺς
1190 4184 1583 4256 ὑποκειμένους
1622 4188 1835 4261 θανάτῳ

268 4257 612 4335 λυτρώσηται
632 4282 646 4295 ο
691 4266 893 4338 Λέγων
925 4271 1049 4338 τοῖς
1082 4272 1153 4327 ἐν
1176 4274 1453 4345 δεσμοῖς*
1512 4257 1830 4344 Ἐξέλθετελ

268 4354 370 4446 κοί
398 4355 522 4423 τοῖς
542 4360 613 4412 ἐν
638 4359 718 4425 τῷ
745 4364 981 4418 σκότειο
1020 4366 1506 4439 Ἀνακαλύφθητε.
1543 4366 1612 4444 ᾯ
1639 4374 1730 4446 καὶ
1764 4374 1833 4428 τὰ

265 4442 396 4517 εξῆς
429 4449 823 4518 συμφωνοῦσιν.
1549 4453 1553 4457 ’

2600 3741 2875 3800 Methodii.

2018 3830 2168 3888 Multi
2215 3832 2293 3888 in‘
2323 3833 2582 3905 abyssum
2614 3835 3034 3903 descenderunt,
3087 3852 3197 3893 non
3224 3847 3290 3893 ut
3334 3837 3390 3892 in
3441 3852 3508 3894 ea

1944 3926 2304 3992 ambularent,
2346 3927 2440 3983 sed
2481 3936 2540 3982 ut
2572 3929 2806 3986 vinculis
2852 3930 3136 3987 constricti
3165 3939 3505 3989 tenerentur.

1946 4013 2108 4072 Solus
2136 4014 2299 4072 Jesus
2331 4017 2388 4071 in
2418 4019 2617 4090 abysso
2644 4020 2735 4075 ubi
2763 4021 2917 4077 nulla
2952 4031 3081 4077 sunt
3109 4023 3503 4078 ambulantium

1941 4105 2193 4177 vestigia,
2225 4115 2485 4178 tanquam
2528 4110 2666 4165 liber
2711 4112 3030 4168 ambulavit.
3093 4112 3316 4169 Mortem
3355 4115 3503 4169 enim

1937 4196 2120 4268 elegit,
2168 4199 2257 4253 cui
2304 4216 2413 4255 non
2449 4211 2594 4258 esset
2620 4203 2912 4269 obnoxius,
2966 4216 3026 4259 ut
3059 4207 3224 4261 morti
3256 4206 3503 4262 addictos

1937 4287 2230 4347 liberaret:
2262 4291 2453 4347 Diceae
2486 4295 2552 4349 iis
2578 4296 2669 4365 qui
2716 4297 2772 4350 in
2814 4296 3037 4351 vinculis
3088 4307 3261 4361 erant,
3294 4298 3450 4353 Exite
3481 4316 3515 4358 :.

1935 4383 2081 4437 etiis
2106 4386 2196 4454 qui
2224 4386 2278 4439 in
2306 4385 2551 4451 tenebris,
2604 4387 2924 4443 Reuelamini
2959 4391 3002 4444 ⁵.
3049 4389 3172 4456 Cui,
3222 4406 3285 4446 ea
3335 4392 3519 4451 etiam.

1933 4486 2054 4542 qua:
2081 4489 2401 4546 sequuntur,
2429 4481 2798 4537 consentiunt.

1842 4558 1933 4615 IV.

1468 4643 1613 4702 Ibid.
1645 4663 1760 4716 cap.
1795 4665 1986 4718 xxvm,
2013 4669 2134 4724 pag.
2176 4655 2302 4710 570.

889 4733 1198 4791 Μεθοδίου.

343 4814 539 4889 Ὁρᾷς*
576 4819 669 4872 ἐπὶ
691 4820 836 4874 τέλει
867 4822 975 4876 τῶν
999 4823 1175 4878 ἄθλων
1204 4826 1519 4899 ἀναγορεύει
1545 4831 1636 4883 τὸν
1668 4830 1831 4904 ἀθλη-

258 4907 361 4980 τὴν
397 4909 635 4981 λαμπρῷ
658 4912 736 4983 τῷ
768 4915 1103 4987 κηρύγματι,
1138 4918 1232 4971 καὶ
1259 4923 1456 4989 γυμνοί
1484 4921 1583 4992 τῆς
1616 4922 1828 4995 πληγῆς

2582 4748 2857 4805 Methodii.

2582 4767 2857 4805 memoria.

2006 4835 2169 4891 Vides
2196 4845 2256 4891 ut
2277 4846 2400 4907 post
2427 4840 2788 4894 certaminum
2814 4840 3040 4906 exitum,
3066 4841 3267 4898 illustri
3290 4860 3490 4915 praeco-

1931 4928 2025 4983 nio
2055 4929 2271 4984 athleta:
2306 4929 2497 4986 laudes
2522 4931 2778 4996 celebret,
2816 4931 3087 5003 quodque.
3104 4936 3158 4988 in
3193 4936 3345 5008 plaga
3369 4939 3498 4993 abs-

255 5000 321 5053 τὸ
348 5002 659 5074 ἀπόρρητον
677 5021 690 5034 ·
717 5006 835 5059 Οἴει
854 5024 934 5076 με
959 5006 1157 5076 ἄλλως
1190 5028 1287 5065 σοι
1316 5017 1823 5084 κεχρηματικέναι,

256 5090 280 5118 ‘t
295 5093 374 5118 λ..-
391 5109 434 5118 ι..
486 5092 522 5118 29.
554 5094 655 5118 9--..
688 5094 837 5118 1-----
852 5096 960 5118 hu}?
1036 5097 1086 5118 (si
1316 5104 1359 5118 ην
1394 5104 1419 5114 ~
1556 5106 1582 5118 ι..

1964 5022 2211 5076 onditum
2241 5030 2376 5086 erat,
2401 5023 2623 5090 revelet,
2646 5037 2769 5077 cum
2801 5024 2878 5077 ait
2920 5042 2934 5080 :
2969 5024 3205 5081 Putasne
3235 5045 3314 5082 me
3342 5030 3499 5084 aliter

256 5090 456 5160 λέγων,
482 5092 523 5161 ἢ
554 5094 655 5148 ἵνα
680 5094 995 5166 ἀναφανῇς
1026 5097 1288 5167 δίκαιος;
1316 5104 1485 5158 Τοῦτο
1515 5106 1624 5160 τῶν
1655 5126 1822 5181 τραυ-

259 5181 449 5250 μάτων
478 5183 541 5237 τὸ
568 5184 887 5265 φᾲρμακον·
928 5189 1085 5244 τοῦτο
1122 5192 1221 5263 τῆς
1260 5194 1536 5267 ὑπομονῆς
1568 5199 1600 5269 ἡ
1635 5201 1828 5255 ἀντίδοι

258 5289 365 5336 σις.
397 5272 480 5326 Τά
503 5274 612 5347 γὰρ
641 5276 767 5347 ἑξῆς
793 5279 923 5343 ἴσως
949 5282 1137 5353 μικρὰ,
1170 5283 1273 5337 κᾶν
1305 5287 1514 5356 μεγάλα
1537 5290 1647 5342 τισὶ
1672 5289 1823 5363 δοκῇ,

258 5367 355 5419 καὶ
394 5368 606 5440 μικρῶν
634 5369 818 5425 ἕνεκεν
843 5375 1287 5446 οἱκονομηθέντα,
1324 5379 1418 5433 καὶ
1451 5382 1500 5433 εἰ
1531 5380 1606 5454 (8)
1638 5383 1825 5437 διπλα-

254 5456 357 5510 σίω
376 5454 487 5510 τῶν
516 5461 885 5534 ἀφῃρημένων
910 5466 1312 5538 ἁντιλαμϐάνει.

1933 5110 2027 5165 tibi
2056 5113 2404 5182 respondisse,
2455 5131 2613 5185 quam
2667 5126 2724 5168 ut
2765 5115 2947 5185 justus
3000 5132 3258 5186 appareas
3283 5119 3351 5174 ‘1
3381 5120 3497 5177 Hoc

1932 5203 2213 5258 vulnerum
2238 5205 2612 5273 pharmacum,
2648 5205 2763 5259 bsic
2805 5206 3076 5275 patientiae
3102 5211 3491 5266 remuneratio.

1934 5291 2064 5358 Quae
2114 5294 2256 5347 enim
2314 5304 2611 5351 consecuta
2660 5304 2810 5363 sunt,
2856 5298 2984 5353 licet
3023 5301 3301 5371 prioribus
3328 5304 3494 5374 duplo

1931 5387 2171 5440 auctiora
2201 5389 2485 5456 receperit.
2516 5390 2710 5459 exigua
2752 5391 3079 5460 quibusdam
3109 5401 3163 5449 et
3196 5395 3494 5452 levioribus

1929 5474 1996 5530 de
2026 5477 2227 5538 causis,
2262 5476 2447 5530 divina
2473 5476 2824 5534 Providentia
2859 5480 2935 5534 ita
2962 5481 3306 5553 disponente,
3337 5492 3392 5541 et
3413 5484 3491 5540 illi

1927 5568 2129 5621 tributa
2154 5568 2321 5622 videri
2347 5569 2576 5639 possint.

322 5668 345 5698 ⁸
371 5665 476 5722 Job
508 5684 622 5733 nr,
651 5669 752 5725 ἓξ·
784 5687 920 5739 xxu,
943 5672 997 5727 2.
1073 5677 1095 5707 ⁸
1145 5675 1259 5734 Isa.
1293 5696 1442 5750 ms,
1474 5683 1526 5740 9.
1603 5688 1624 5720 ⁸
1654 5684 1754 5741 Job
1794 5701 1878 5752 sn,
1906 5685 1958 5751 3,
1992 5700 2092 5739 sec.
2126 5683 2286 5739 LXX.

319 5790 399 5864 (7)
427 5794 501 5848 EI
530 5790 663 5863 γάρ.
698 5793 827 5871 ιεε.
860 5791 894 5873 ᾖ
929 5799 1055 5872 γάρ.
1086 5798 1323 5860 ϐοιιιει.

1996 5806 2072 5879 (8)
2105 5807 2209 5863 Καὶ
2244 5810 2314 5864 εἰ.
2354 5806 2513 5868 Forte
2540 5808 2601 5865 Et
2635 5808 2748 5865 και.
2778 5808 2840 5866 Ρ.
2875 5807 3082 5869 Junius.
