3862 6158
187 401 3432 452 m

1515 596 1747 637 INEUNTE
1775 596 1992 639 εδει]ιο
2025 598 2099 639 ιν.

1005 785 2618 1008 ALEXANDEB

684 1164 1999 1298 LYCOPOLITANUS
2113 1173 2962 1308 EPISCOPUS

1547 1536 2063 1632 NOTITIA

1109 1728 1374 1792 (ϐιιωω.
1403 1729 1514 1782 γει.
1542 1730 1684 1780 Patr.
1710 1727 1960 1794 Biblioth.,
1993 1731 2075 1794 IV,
2095 1731 2294 1797 Proleg.
2315 1769 2330 1794 ,
2353 1746 2401 1797 ι).
2426 1733 2518 1799 rx.)

185 1992 227 2048 1.
260 1992 564 2069 Alexander
601 1995 739 2049 unde
773 1992 946 2048 dictus
986 1991 1336 2063 Lycopolita?
1372 1991 1458 2046 An
1501 1990 1820 2063 Lycopoleos
1863 1992 2180 2063 episcopus?
2221 1991 2402 2047 Photii
2454 1991 2600 2049 locus
2650 1992 2985 2063 expenditur.
3041 1995 3159 2062 Quo
3203 2007 3430 2069 tempore

261 2064 474 2120 sederit.

186 2157 254 2210 11.
287 2158 421 2232 Ejus
450 2157 745 2232 Tractatus
768 2157 1030 2232 adversus
1058 2155 1388 2232 Manichacus
1434 2156 1618 2228 quanti
1649 2155 1944 2232 faciendus.
1977 2156 2178 2232 Auctor
2199 2157 2428 2226 primum
2457 2158 2713 2232 ethnicus,
2738 2156 2924 2212 deinde
2948 2157 3299 2232 Manichaicis
3320 2162 3433 2232 pla-

259 2231 376 2284 citis
410 2229 679 2283 addictus.
721 2228 893 2297 Ipsius
924 2228 1156 2283 Hanetis
1202 2229 1349 2282 aztati
1371 2243 1530 2299 quant
1564 2228 1802 2296 proxime
1833 2229 2073 2282 accessit.
2110 2228 2188 2281 Ab
2225 2244 2402 2282 errore
2445 2228 2694 2282 divinitus
2726 2238 3020 2296 revocatus,
3061 2228 3431 2290 hmresiarelta:

258 2299 510 2370 dogmata
533 2299 699 2354 solide
721 2299 991 2368 refutauit.

184 2389 278 2447 Ill.
307 2391 602 2464 Alexandri
629 2409 759 2464 opus
778 2393 1006 2462 primum
1030 2410 1062 2447 a
1093 2391 1762 2464 combeﬁsiogevulgatum.
1794 2393 1935 2462 Quid
1961 2393 2014 2448 in
2034 2410 2093 2449 eo
2115 2391 2306 2448 Latine
2330 2391 2593 2448 reddendo
2631 2395 2938 2464 prrestiterit
2961 2393 3153 2450 editor.
3180 2393 3246 2448 In
3276 2396 3428 2452 illius

253 2461 482 2518 editione
506 2461 798 2518 recudenda
821 2480 1009 2518 novum
1028 2463 1262 2518 studium
1285 2461 1603 2518 adhibitum.

254 2626 297 2682 Ι.
337 2624 705 2681 Alexandrum
770 2623 1142 2697 Lycopolitam
1206 2625 1536 2695 appellatum
1597 2627 1755 2697 quasi
1787 2632 1831 2692 Α
1859 2627 1989 2681 tiam
2021 2627 2150 2682 alibi
2177 2627 2344 2682 tradit
2365 2625 2439 2698 (g)
2467 2647 2486 2679 ‹
2518 2627 2790 2683 Meletium
2823 2627 3067 2682 habitum
3094 2627 3267 2685 fuisse
3287 2629 3430 2686 The-

185 2718 334 2789 l.yco
375 2715 672 2772 Thebaidis
711 2716 845 2770 urbe
881 2715 1197 2781 oriundum,
1244 2717 1488 2788 adeoque
1529 2719 1754 2775 natione

183 2811 521 2883 Egyptium,
557 2807 890 2865 existimavit
917 2807 1277 2863 Combeﬁsius
1302 2809 1418 2879 (a);
1449 2809 1539 2865 cui
1568 2824 1755 2865 acces-

185 2919 314 2958 sere
336 2902 549 2957 Caveus
570 2897 645 2969 (b)
684 2904 739 2953 et
770 2895 1060 2958 Fabricius
1085 2895 1176 2964 (c).
1219 2895 1325 2951 Sed
1355 2898 1564 2953 incerta
1593 2899 1754 2969 plane

182 2994 524 3062 conjectura,
553 2993 599 3049 si
632 2993 766 3050 ﬁdes
792 2993 1045 3050 habenda
1072 2992 1270 3048 Photio
1311 2996 1368 3049 in
1410 2994 1652 3065 Epitome
1689 2997 1754 3050 de

186 3086 520 3153 Hanichreis,
574 3101 738 3157 quam
799 3085 1004 3141 dudum
1059 3086 1230 3141 edidit
1286 3087 1357 3142 cl.
1414 3085 1754 3142 Montfauco-

182 3178 312 3234 nius
335 3178 436 3248 (Δ).
472 3177 532 3232 ln
561 3193 628 3235 eo
657 3177 925 3248 siquidem
964 3192 1128 3249 opere
1163 3176 1391 3235 Photius
1423 3179 1490 3234 de
1522 3183 1754 3249 scripto-

182 3268 342 3324 ribus
375 3270 540 3324 verba
591 3268 799 3324 faciens
844 3267 937 3337 qui
986 3268 1252 3324 adversus
1296 3269 1421 3324 illos
1468 3270 1753 3328 haereticos

183 3360 386 3433 stylum
433 3361 721 3421 strinxere,
763 3359 1010 3414 meminit
1051 3376 1268 3431 quoque
1305 3361 1479 3416 nostri
1517 3361 1754 3417 Alexan-

182 3453 266 3506 dri
285 3451 355 3523 (e)
376 3459 634 3520 tanquam
667 3450 819 3506 urbis
843 3451 1111 3523 Lyeurum
1135 3453 1404 3523 pontiﬁcis
1435 3471 1451 3508 :
1485 3455 1551 3509 Ὅ
1571 3472 1631 3508 τε
1654 3455 1752 3526 τῆς

183 3542 392 3605 πόλεως
419 3542 612 3596 Λύκων
651 3542 995 3616 Ἀλέξανδρος
1017 3545 1142 3606 τοὺς
1167 3545 1582 3616 ἀρχιερατικοὺς
1603 3549 1756 3615 ἐγκε-

182 3633 524 3704 χειρισμένος
568 3633 784 3704 νόμους,
833 3641 893 3689 ut
934 3635 1165 3704 proinde
1206 3635 1350 3690 haud
1397 3635 1555 3692 facile
1601 3637 1753 3692 dictu

182 3735 479 3793 statuatur,
525 3743 654 3781 num
696 3738 882 3782 auctor
913 3727 1219 3798 Lycopolita
1261 3737 1547 3800 propterea
1591 3730 1753 3786 fuerit

183 3819 510 3888 appellatus,
545 3817 689 3887 quod
720 3825 903 3872 ortum
931 3817 1148 3872 duxerit
1193 3820 1308 3874 sive
1350 3835 1416 3875 ex
1457 3819 1753 3876 Thebaidis

183 3912 373 3983 prima:
403 3909 684 3982 Lycopoli,
717 3909 832 3965 sive
859 3925 927 3965 ex
958 3911 1128 3966 altera
1172 3912 1428 3984 Lycopoli
1478 3914 1751 3972 inferioris

182 4003 405 4074 Egypti
435 4017 597 4072 quam
627 4002 684 4055 in
707 4017 870 4056 nomo
897 3982 1260 4074 Sebennyticio
1285 3982 1420 4058 mari
1451 4008 1751 4076 proximam
1783 3982 1826 4037 Β

186 4095 498 4164 Stephanus
529 4093 755 4162 statuit;
789 4108 857 4148 an
880 4094 1062 4164 potius
1083 4095 1290 4150 idcirco
1312 4096 1476 4151 fuerit
1507 4097 1754 4170 Lycopo-

182 4187 280 4242 lita
306 4186 504 4252 dictus,
527 4187 672 4258 quod
695 4186 1027 4258 Lycopoleos
1044 4189 1416 4259 episcopatum
1439 4190 1751 4248 obtinuerit.

253 4274 442 4347 Neque
483 4291 611 4330 vero
652 4275 819 4329 alicui
851 4290 1060 4330 moram
1091 4276 1294 4333 inferre
1323 4278 1482 4335 debet
1512 4280 1754 4338 insolens

181 4364 450 4422 Photiana
484 4364 742 4435 loquendi
764 4366 925 4429 ratio,
959 4379 1066 4434 qua
1102 4367 1274 4423 fertur
1303 4367 1754 4440 Lycopolitanum

182 4457 713 4528 archiepisc0patum
756 4461 1000 4517 tenuisse
1044 4461 1385 4529 Alexander;
1427 4477 1550 4517 cum
1582 4479 1753 4518 unum

183 4550 611 4608 Alexandrinum
643 4551 942 4608 antistitem
983 4553 1152 4608 totius
1188 4553 1520 4625 )Egyptiacae
1551 4557 1754 4612 dioece-

184 4656 313 4698 seos
365 4641 836 4712 archiepiscopum
898 4642 1070 4699 fuisse
1124 4653 1357 4699 constet.
1417 4645 1753 4716 Epiphanius

183 4737 333 4786 certe
358 4729 632 4786 Meletium
664 4729 1111 4804 Lycopolitanum
1139 4733 1451 4804 episcopum
1483 4737 1753 4793 schisma-

183 4822 353 4874 ticum
388 4836 700 4877 memorans
731 4822 748 4891 (
765 4822 820 4891 f)
849 4841 862 4877 :
901 4841 920 4874 ι
950 4823 1123 4894 Atque
1142 4825 1233 4880 ille
1253 4825 1494 4896 quidem,
1520 4827 1617 4890 ait,
1649 4843 1746 4883 ca:-

182 4912 319 4968 teris
369 4910 592 4983 λεπριί
645 4914 918 4984 episcopis
973 4917 1324 4983 antecellens,
1379 4919 1678 4975 secundum
1722 4937 1754 4976 a

183 5002 346 5059 Petro
391 5003 758 5061 Alexandrino
806 5007 1090 5076 dignitatis
1143 5009 1322 5065 locum
1378 5012 1695 5069 obtinebat:
1729 5034 1747 5068 ι

192 5093 402 5150 Ἐδόκει
423 5095 480 5151 δὲ
508 5099 537 5151 ὁ
563 5099 829 5170 Μελήτιος
855 5099 962 5152 τῶν
990 5103 1130 5157 κατὰ
1156 5103 1253 5175 τὴν
1289 5103 1560 5174 Αἴγυπτον
1587 5107 1755 5178 προή-

181 5205 317 5252 κων,
343 5191 440 5243 καὶ
461 5191 789 5266 δευτερεύων
805 5195 883 5266 τῷ
901 5196 1093 5267 Πέτρῳ
1116 5194 1193 5266 τῷ
1217 5195 1317 5266 τῆς
1355 5197 1752 5269 Ἀλεξανδρείας

179 5277 324 5332 κατὰ
350 5279 450 5351 τὴν
477 5283 927 5359 ὰρχιεπισκοπήν.
971 5286 1149 5358 Atque
1177 5287 1232 5341 in
1260 5289 1503 5344 eamdem
1535 5297 1752 5346 senten-

275 5434 331 5516 ᾳ)
359 5435 606 5516 gombef.
636 5438 859 5516 Auctor.
887 5444 1104 5516 κονίει,
1133 5452 1272 5516 part.
1297 5461 1358 5510 ιι,
1391 5460 1514 5516 pag.
1552 5447 1606 5501 2.

273 5505 327 5591 lt)
356 5507 740 5591 §a_v..Dis'sert.
764 5512 826 5591 de
849 5515 1027 5582 script.
1049 5505 1177 5591 eec'l.
1204 5505 1590 5591 ιἠεεζὶίξωῖαιη
1611 5536 1662 5591 p.
1693 5517 1748 5572 2.

247 5581 323 5697 (3)
354 5575 566 5633 Fabric.
593 5579 732 5661 Bibl.
769 5580 887 5664 (ἓν...
919 5575 1049 5637 tom.
1077 5584 1142 5648 V,
1169 5601 1288 5654 pag.
1317 5586 1444 5642 287.

247 5647 266 5697 ί
315 5651 330 5697 ὶ
363 5646 556 5697 Monlf.
593 5649 729 5697 Bibl-
772 5650 961 5697 σθαι--
995 5668 1112 5697 mm.
1141 5655 1246 5697 ΜΩ
1277 5673 1407 5697 anan

247 5646 330 5726 (ά.)
355 5646 731 5726 μωηιλθξδι.
772 5650 962 5726 _CoisL,
983 5668 1114 5726 pag.
1131 5646 1429 5726 :319vseqq.

248 5721 321 5787 (e)
352 5715 510 5777 Phot.
543 5719 714 5791 Epist.
747 5723 811 5780 de
839 5715 1102 5791 Martiali.)
1129 5725 1166 5782 ι.
1193 5743 1266 5795 c.,
1293 5715 1415 5802 pa'g'.
1446 5729 1568 5785 554.

1859 2719 2036 2776 baidis
2074 2719 2290 2792 Egypli
2329 2719 2621 2790 provinciae
2649 2719 3120 2790 archiepiscopum
3151 2740 3166 2776 :
3199 2741 3219 2773 ι
3250 2722 3431 2795 Μελή-

1856 2829 1988 2876 τιος,
2015 2811 2046 2862 ὁ
2075 2810 2175 2881 τῆς
2201 2808 2476 2880 Αἰγύπτου
2520 2809 2629 2863 ἀπὸ
2665 2809 2928 2880 Θηϐαΐδος
2957 2809 3130 2864 δοκῶν
3176 2807 3432 2866 εἶναικαὶ

1858 2903 2020 2966 αὐτὸς
2045 2902 2490 2974 ἅρχιεπίσκοπος.
2534 2901 2658 2956 Haec
2692 2909 2871 2957 autem
2901 2917 3120 2972 quoquo
3150 2903 3312 2957 modo
3339 2918 3432 2958 ac-

1858 2995 2152 3066 cipiantur,
2179 2994 2224 3049 si
2245 2993 2370 3064 quis
2397 2992 2731 3048 admittenda
2760 3001 3000 3057 censeat,
3024 2993 3079 3047 in
3103 2994 3234 3048 sede
3266 2993 3434 3066 Lyco-

1858 3089 2099 3160 politana
2126 3086 2373 3157 proxime
2413 3088 2769 3142 antecesserit
2795 3086 3102 3142 Alexander
3131 3085 3428 3150 Meletium,

1857 3195 2020 3250 quem
2048 3179 2271 3234 ineunte
2295 3171 2497 3234 saeculo
2526 3196 2580 3235 1v
2607 3179 2926 3234 cathedram
2958 3180 3104 3233 illam
3129 3195 3432 3250 occupasse

1858 3272 2264 3343 comperimus:
2296 3287 2405 3344 quo
2435 3288 2567 3328 sane
2603 3272 2794 3326 ordine
2832 3271 2974 3326 inter
3012 3270 3432 3343 Lycopolitanos

1859 3366 2121 3436 praesules
2150 3365 2327 3436 ipsum
2360 3365 2529 3420 refert
2563 3363 2896 3434 Lequienius
2924 3362 2988 3419 ν.
3019 3362 3084 3418 C.
3120 3363 3299 3419 Photii
3332 3379 3432 3418 au-

1857 3457 2108 3512 ctoritate
2136 3464 2413 3526 permotus
2440 3455 2535 3526 (h).

1929 3548 1992 3604 ll.
2033 3547 2205 3602 Porro
2247 3557 2526 3618 utcunque
2570 3562 2630 3602 se
2672 3561 2762 3602 res
2800 3545 3021 3609 habeat,
3066 3544 3182 3600 sive
3219 3544 3432 3614 origine

1859 3640 1975 3696 sive
2003 3639 2266 3711 dignitate
2290 3640 2436 3697 sedis
2461 3639 2778 3712 Lycopolita
2800 3639 2963 3694 fuerit
2992 3648 3178 3692 noster
3197 3637 3434 3690 Alexan-

1859 3733 1976 3797 der,
2021 3733 2154 3787 illud
2182 3741 2390 3789 certum
2423 3735 2896 3805 exploratumque,
2937 3733 3115 3802 ipsum
3141 3730 3264 3801 jure
3291 3729 3434 3799 opti-

1859 3840 1950 3880 mo
1988 3826 2129 3881 inter
2161 3826 2457 3895 scriptores
2489 3824 2893 3880 ecclesiasticos
2929 3824 3107 3877 locum
3133 3823 3238 3878 sibi
3260 3819 3434 3877 vindi-

1860 3933 2006 3980 care,
2030 3917 2229 3988 quippe
2246 3917 2339 3987 qui
2361 3917 2694 3971 luculentum
2718 3915 2980 3971 adversus
3009 3914 3431 3969 Manichaeorum

1855 3993 2052 4079 plaéita
2082 4014 2372 4062 tractatum
2403 4008 2600 4063 litteris
2643 4007 2984 4077 consignarit
3023 4023 3037 4061 :
3073 4004 3274 4058 Allatio
3301 4019 3431 4074 proo

1854 4108 2038 4170 pterea
2067 4100 2247 4156 dictus
2273 4101 2335 4173 (i)
2359 4110 2550 4154 auctor
2581 4099 2968 4153 eruditissimus
2993 4105 3048 4153 et
3073 4094 3432 4166 φιλοσοφικώ-

1853 4209 2033 4256 τατος,
2069 4193 2299 4264 ejusque
2338 4209 2474 4264 Opus
2513 4192 2720 4247 libellus
2752 4206 2982 4254 aureus;
3023 4206 3090 4245 ex
3130 4206 3239 4261 quo
3266 4190 3429 4246 etiam

1856 4286 1965 4340 duo
2003 4287 2120 4341 loca
2151 4287 2446 4357 exscripsit
2475 4287 2836 4358 protulitque,
2880 4283 3010 4338 dum
3043 4283 3222 4340 adhuc
3260 4284 3318 4338 in
3347 4283 3430 4339 bi-

1854 4377 2142 4434 bliothecis
2175 4379 2392 4434 latebat.

1925 4469 2004 4523 Ex
2043 4470 2227 4540 operis
2269 4479 2449 4526 autem
2484 4470 2845 4542 inscriptione
2899 4469 3164 4525 discimus
3196 4467 3428 4522 Alexan-

1853 4560 2014 4615 drum
2035 4561 2205 4617 fuisse
2225 4561 2462 4630 primum
2483 4561 2713 4616 ethnica:
2731 4561 3105 4632 superstitioni
3125 4558 3424 4615 addictum:

1853 4668 1981 4706 mox
2005 4668 2155 4719 vero,
2190 4651 2503 4709 Graecorum
2532 4654 2681 4708 cultu
2706 4655 2916 4719 relicto,
2952 4652 3304 4708 Manichaica:
3329 4651 3428 4706 do-

1853 4745 2042 4799 ctrina:
2071 4744 2313 4798 animum
2343 4744 2630 4815 adjecisse,
2654 4760 2817 4816 quam
2845 4745 2915 4801 ab
2950 4745 3016 4802 iis
3041 4745 3135 4816 qui
3161 4760 3284 4800 cum
3315 4744 3426 4799 hae-

1854 4837 2131 4892 resiarcha
2166 4836 2508 4894 familiariter
2541 4839 2757 4894 fuerant
2801 4839 3133 4905 conversati,
3180 4837 3287 4891 ἀπδ
3315 4838 3427 4890 τῶν

1854 4930 2146 5002 γνωρίμων
2181 4931 2275 4984 τοῦ
2309 4930 2522 5004 ἀνδρὸς,
2553 4946 2611 4987 se
2639 4932 2916 5002 accepisse
2944 4938 3178 4987 testatur
3199 4929 3280 5002 (j)
3315 4949 3328 4984 :
3367 4937 3427 4984 ut

1855 5026 2142 5090 propterea
2189 5022 2236 5078 si
2281 5021 2352 5076 ab
2396 5022 2569 5092 ipsius
2617 5021 2844 5078 Manetis
2887 5022 3224 5094 temporibus
3278 5021 3422 5076 haud

1855 5112 2014 5184 longe
2044 5123 2311 5168 remotum
2349 5113 2519 5169 fuisse
2558 5120 2838 5168 auctorem
2881 5114 3007 5184 quis
3037 5113 3334 5178 existimet,
3370 5111 3423 5166 id

1855 5204 2131 5274 sanejure
2153 5206 2360 5275 optimo
2386 5206 2660 5276 conjicere
2695 5205 2960 5261 videatur.
2995 5206 3079 5260 Ab
3111 5221 3175 5261 ea
3205 5205 3422 5260 demum

1853 5304 2004 5353 secta
2033 5297 2296 5353 divinitus
2339 5306 2626 5356 revocatus
2667 5308 2828 5369 atque
2857 5299 2925 5353 ad
2953 5298 3252 5355 Ecclesiam
3280 5312 3418 5356 con-

1921 5443 1999 5589 (f;
2028 5444 2218 5516 Epiph.
2251 5445 2382 5501 hazr.
2416 5461 2608 5513 vam,
2639 5463 2791 5503 num.
2828 5447 2880 5502 1.

1921 5533 1972 5589 ιθ
2022 5515 2102 5589 _ld.
2137 5517 2267 5572 hair.
2301 5533 2636 5589 Lxlx,_num.
2667 5519 2722 5572 2.
2781 5588 2812 5589 ᾗ

2777 5588 2842 5655 ll,
2872 5604 2994 5660 pag.

1942 5657 1985 5731 ἰ)
2012 5657 2174 5714 Allat.
2205 5658 2274 5731 ad
2296 5658 2544 5731 gustarit.
2569 5657 2850 5731 Ηεπαεηι..
2874 5657 3040 5731 pagg.
3069 5660 3138 5716 50
3167 5667 3221 5716 et
3247 5659 3338 5717 56.

1942 5730 1990 5801 j)
2015 5731 2169 5789 Alex.
2195 5730 2257 5786 de
2289 5729 2524 5788 Manio/1.
2557 5729 2767 5801 placit.,
2799 5747 2920 5802 cap.
2945 5729 3000 5786 2.
