3862 6158
473 284 575 339 ιιι

1457 285 1857 343 ALEXANDRI
1885 286 2195 361 EPISCOPI
2234 288 2744 346 LYCOPOLITANI

3606 290 3710 345 ΗΞ

468 399 711 472 fugiens,
740 402 1115 459 haeresiarchaa
1143 405 1290 461 illius
1314 405 1515 476 probra
1539 406 1763 471 detexit,
1795 416 1850 464 et
1874 409 2043 465 male—
2069 418 2117 471 Α
2144 409 2411 466 Henricus
2466 407 2716 466 Valesius
2766 411 2847 465 vir
2904 423 3168 474 summus,
3232 406 3408 477 inquit
3462 406 3714 461 laudatus

472 509 609 550 sana
639 495 761 564 ejus
799 496 1051 566 dogmata
1097 497 1269 552 solide
1315 497 1609 554 refutavit:
1637 499 1784 569 quod
1825 501 2044 570 quidem

473 586 761 657 magniﬁce
803 590 1075 657 praestitit,
1125 591 1389 659 pluraque
1431 591 1595 646 simul
1636 607 1798 662 quam
1840 593 1953 657 alii,
1988 604 2046 649 ut

473 680 752 749 quondam
782 689 944 737 sectae
974 682 1327 749 domesticus,
1363 682 1431 739 de
1461 683 1609 739 illius
1642 686 1859 755 placitis
1887 688 2044 743 nobis

474 782 752 840 comperta
797 772 992 829 fecisse
1039 775 1375 844 comperitur
1409 794 1423 829 :
1464 791 1573 845 quo
1620 777 1783 832 etiam
1824 780 2046 835 nomine

474 863 789 931 hujusmodi
833 866 1077 921 auctoris
1108 866 1418 923 lucubratio
1452 868 1625 924 multo
1654 870 1709 924 in
1737 872 1914 941 pretio
1940 871 2043 925 ha—

472 954 651 1013 benda
676 957 909 1012 videtur.

544 1045 633 1101 Ill.
674 1045 831 1101 Hunc
845 1057 1023 1103 autem
1048 1048 1342 1104 Alexandri
1368 1049 1535 1105 fetum
1553 1052 1760 1121 primus
1784 1053 1839 1108 in
1866 1054 2043 1110 lucem

472 1138 667 1193 extulit
687 1138 1046 1197 Combeﬁsius
1071 1142 1143 1213 (k)
1166 1158 1231 1197 ex
1250 1142 1483 1198 Emerici
1508 1142 1700 1214 Bigotii
1723 1146 2041 1217 exemplari,

472 1231 617 1301 quod
662 1232 752 1287 hic
793 1233 847 1286 in
889 1231 1096 1288 Italiam
1134 1236 1411 1303 prolectus
1442 1236 1511 1290 ab
1532 1235 1813 1292 Holstenio
1844 1254 2043 1309 magno

470 1332 696 1373 munere
725 1333 1029 1391 acceperat.
1056 1323 1311 1379 Auctoris
1341 1326 1517 1396 stylus
1544 1326 1916 1392 duriusculus,
1953 1337 2040 1383 at—

471 1424 578 1479 que
625 1411 893 1482 imperitia
950 1416 1143 1471 scriba:
1193 1417 1372 1474 adhuc
1425 1418 1748 1487 intricatior,
1804 1422 1938 1492 quin
1988 1432 2042 1478 et

471 1502 645 1571 ipsius
702 1507 1007 1575 argumenti
1065 1509 1395 1579 perplexitas
1447 1509 1706 1566 lectorem
1768 1512 2040 1568 interdum

473 1599 740 1660 moratur,
801 1595 937 1650 adeo
966 1604 1024 1649 ut
1067 1613 1164 1652 nec
1207 1599 1492 1654 lectionem
1541 1601 1810 1670 patienter
1858 1604 2042 1659 tulerit

540 1747 613 1819 (lt)
638 1747 883 1808 Combel'.
906 1750 1062 1809 Auct.
1090 1755 1306 1820 noviss.,
1340 1761 1479 1826 part.
1507 1769 1568 1822 ιι,
1591 1770 1712 1827 pag.
1744 1757 1779 1811 5
1804 1773 1956 1829 seqq.

2069 1760 2115 1815 B

2144 502 2527 558 Combcﬁsius.
2559 502 2662 568 Qui
2696 513 2751 558 et
2778 502 2846 557 de
2875 517 2934 557 se
2965 502 3085 571 ipso
3113 499 3289 571 deque
3314 513 3412 554 sua
3440 499 3711 569 interpre-

2145 594 2353 650 tatione
2392 595 2496 651 ista
2543 595 2728 650 subdit
2771 613 2786 651 :
2832 613 2851 646 ‹
2902 594 3032 648 Mihi
3069 607 3306 663 quoque,
3356 590 3549 655 fateor,
3599 604 3708 645 non

2144 700 2309 741 unam
2341 685 2456 739 ﬁxit
2484 701 2726 751 crucem,
2769 701 2878 741 non
2911 694 3021 739 tam
3053 684 3335 754 scriptoris
3363 680 3533 749 λοξὸν,
3570 696 3635 735 ac
3662 681 3709 737 si

2143 776 2275 846 quid
2319 775 2438 844 ejus
2481 776 2648 832 meris
2698 775 2899 832 ascribi
2949 782 3128 845 potest
3163 774 3381 843 (quibus
3424 788 3533 826 non
3574 771 3713 827 adeo

2145 869 2370 923 sordere
2389 869 2717 939 existimem)
2751 884 2914 939 quam
2949 866 3310 923 exscribentis
3345 880 3559 929 manus,
3594 864 3712 920 sive

2143 958 2340 1012 menda
2365 959 2531 1027 priori
2557 957 2855 1028 exemplari
2881 957 3180 1019 hatrebant,
3209 956 3324 1011 sive
3342 956 3459 1026 ipsa
3486 953 3705 1024 adjecit.

2142 1047 2370 1103 Factum
2394 1057 2574 1104 tamen
2598 1065 2778 1119 spero,
2805 1056 2863 1102 ut
2886 1063 2993 1119 qua
3015 1047 3264 1103 insudavi
3283 1062 3469 1117 opera,
3489 1061 3712 1101 omnem

2143 1141 2331 1196 lectori
2357 1155 2526 1211 prope
2551 1139 2843 1206 reﬁxerim,
2872 1155 2937 1195 ac
2963 1140 3162 1211 quibus
3187 1141 3407 1204 haereat,
3438 1155 3608 1211 pauca
3630 1155 3716 1196 re-

2143 1232 2416 1303 liquerim.
2454 1253 2473 1285 ι
2507 1232 2631 1287 llaec
2666 1232 2776 1287 ille.
2809 1231 2980 1303 Cujus
3009 1231 3298 1288 editionem
3329 1248 3451 1302 quae
3480 1246 3587 1287 una
3612 1246 3715 1287 ex-

2143 1332 2271 1389 stat,
2320 1325 2746 1380 emendatiorem
2792 1324 3212 1395 nitidioremque
3250 1324 3611 1395 proferimus;
3659 1333 3715 1380 et

2143 1431 2252 1487 quo
2283 1416 2498 1487 planior
2528 1416 2709 1487 operis
2742 1424 3031 1474 contextus
3064 1417 3277 1482 evadat,
3313 1416 3443 1472 illud
3486 1417 3542 1472 in
3585 1431 3716 1474 sec-

2142 1510 2320 1566 tiones
2349 1513 2605 1582 partitum
2638 1511 2978 1568 exhibemus.

478 1952 3692 1982 _.____________________________

1539 2132 2650 2293 ALEXANDRI

1116 2426 1823 2558 EPISCOPI
1882 2428 3051 2559 LYCOPOLITANI

1741 2682 2434 2774 TRACTATUS

1001 2894 1184 3006 DE
1259 2892 1916 3009 PLAClTIS
1992 2892 3166 3011 MANICHJEORUM.

1518 3223 1817 3308 ρέζζβέῖ.
1858 3224 2036 3308 Εἰδἐῖ-

2146 3224 2525 3308 Αιὲἓτεὲἐνέἒ
2532 3224 2631 3308 (ΞΣ
2652 3220 3346 3308 ιέέ-.έ.ῒιέ.ίζιζίζιίέἵέ¹ἷ-
3362 3225 3720 3308 βέἷὶξῖῗὲῖ

470 3217 904 3289 ALEXAND}?!
956 3219 1447 3278 ιγςοροιιτΑῖ
1465 3266 1478 3289 ,

548 3288 767 3345 TIBUS
806 3290 901 3344 AD
936 3290 1351 3348 ΜΑΝΙΟΗΑΞΙ
1392 3288 1817 3353 OPINIONES
1854 3297 2036 3356 CON-

550 3359 824 3417 vensus
860 3359 1151 3418 manu
1176 3365 1273 3437 (ι).

2535 3293 2630 3349 ΕΞ
2648 3293 2899 3352 ΕΘΝΩΝ
2917 3297 3115 3350 ΠΡΟΣ
3137 3297 3269 3348 ΤΛΣ
3288 3294 3723 3349 ΜΑΝΙΧΑΙΟΥ

958 3479 1086 3539 CAP.
1116 3480 1159 3538 l.
1190 3481 1546 3553 Philosophia:
1571 3482 1887 3542 Christiane
1917 3488 2248 3557 praestantia.
2274 3484 2338 3540 In
2367 3482 2688 3541 Christianis
2724 3442 3007 3538 Increscunt
3038 3484 3208 3553 origo.

538 3595 977 3653 Christianorum
1030 3597 1376 3669 phiIOSOpbia
1430 3598 1658 3670 simplex
1705 3600 2027 3671 appellatur.

468 3687 594 3743 Haec
623 3688 879 3744 nimirum
912 3688 1259 3745 instituendis
1283 3690 1524 3744 moribus
1545 3690 1840 3760 plurimum
1869 3700 2034 3749 navat

466 3794 722 3848 operam,
768 3779 1019 3835 certioris
1052 3779 1297 3834 veritatis
1350 3779 1416 3834 de
1463 3779 1575 3835 Deo
1607 3795 1891 3839 sermones
1934 3783 2034 3839 ob-

470 3887 629 3928 scure
667 3872 990 3939 insinuans;
1024 3888 1256 3943 quorum
1283 3882 1466 3944 caput,
1502 3874 1581 3930 rei
1615 3868 1781 3944 hujus
1809 3875 2036 3947 diligen-

467 3968 603 4021 tiam
643 3966 838 4022 merito
879 3979 1069 4020 omnes
1108 3964 1442 4032 admiserint,
1478 3968 1569 4024 ubi
1598 3983 1764 4025 causa
1795 3969 2033 4025 elliciens

469 4057 809 4113 nobilissima
840 4057 1346 4128 antiquissimaque,
1366 4066 1527 4128 atque
1549 4060 1792 4115 omnium
1820 4069 2031 4126 auctor,

469 4148 539 4204 ab
582 4149 691 4204 illis
729 4149 1006 4203 statuitur.
1040 4145 1262 4204 Relictis
1300 4165 1533 4222 namque
1579 4151 1685 4219 his,
1721 4152 1814 4223 qui
1848 4168 2034 4209 mores

468 4248 872 4309 consectantur,
904 4257 1024 4312 qua:
1056 4244 1367 4312 operosiora
1392 4251 1540 4310 sunt,
1573 4245 1751 4315 qualis
1780 4245 2034 4302 videlicet

465 4336 642 4391 virtus
668 4335 891 4389 moralis
925 4341 1082 4391 estet
1116 4335 1431 4401 rationalis,
1453 4352 1790 4407 quaecunque
1820 4338 1947 4393 item
1963 4337 2031 4394 de

466 4429 734 4493 moribus,
771 4429 946 4499 deque
981 4427 1125 4483 vitiis
1154 4438 1208 4483 et
1236 4422 1517 4485 allectibu's
1551 4428 1836 4493 dicuntur,
1884 4431 2030 4486 circa

2208 3597 2545 3673 Χριστιανῶν
2571 3596 2857 3667 φιλοσοφία
2895 3595 3037 3666 ἁπλῆ
3067 3593 3326 3649 καλεῖται.
3349 3593 3495 3664 Αὕτη
3526 3592 3585 3646 δὲ
3617 3593 3718 3647 ἐπὶ

2136 3693 2235 3765 τὴν
2254 3690 2349 3746 τοῦ
2378 3689 2540 3762 ἧθους
2569 3687 2912 3759 κατασκευὴν
2955 3686 3053 3758 τὴν
3097 3687 3353 3758 πλείστην
3391 3684 3719 3757 ἐπιμέλειαν

2137 3786 2389 3847 ποιεῖται,
2428 3780 2773 3852 αἰνιττομένη
2804 3777 3067 3851 περὶτῶν
3103 3778 3502 3853 ἀκριϐεστέρων
3534 3777 3719 3845 λόγων

2138 3878 2269 3948 περὶ
2300 3874 2436 3929 Θεοῦ
2456 3891 2471 3907 υ
2502 3867 2576 3931 ὧν
2605 3872 2667 3928 τὸ
2699 3873 2994 3942 κεφάλαιον
3020 3871 3121 3943 τῆς
3152 3871 3280 3943 περὶ
3317 3870 3489 3924 ταῦτα
3537 3886 3720 3924 σπου-

2137 3970 2233 4041 δῆς
2253 3968 2475 4031 εἰκότως
2502 3966 2567 4021 ἂν
2599 3967 2835 4029 ἅπαντες
2874 3962 3239 4029 ἀποδέξαιντο,
3287 3961 3416 4017 ἔνθα
3458 3962 3518 4016 τὸ
3551 3979 3721 4035 ποιη-

2138 4061 2287 4115 τικὸν
2327 4059 2498 4113 αἴτιον
2531 4057 2858 4129 τιμιώτατον
2891 4054 3130 4110 τίθενται
3174 4054 3267 4109 καὶ
3310 4054 3717 4127 πρεσϐύτατον,
3796 4108 3803 4114 ,

2139 4151 2234 4205 καὶ
2266 4150 2481 4205 πάντων
2504 4149 2674 4201 αίτιον
2696 4148 2803 4201 τῶν
2836 4147 3021 4202 ὄντων.
3067 4147 3217 4200 Ἐπεὶ
3244 4146 3339 4201 καὶ
3368 4149 3479 4209 τοῖς
3498 4145 3719 4217 ἠθικοῖς

2138 4244 2205 4297 τὰ
2238 4242 2609 4315 ἐργωδέστεροι
2634 4241 3083 4311 παραλείποντες,
3114 4233 3223 4294 οἷον
3253 4239 3338 4303 τίς
3360 4256 3420 4292 τε
3460 4239 3495 4310 ἡ
3539 4239 3718 4312 ἠθικὴ

2134 4336 2302 4406 ἀρετὴ
2350 4334 2445 4387 καὶ⁹
2493 4331 2715 4405 λογικὴ,
2758 4334 2854 4386 καὶ
2882 4333 2982 4386 ὅσα
3020 4331 3233 4401 λέγεται
3270 4332 3397 4402 περὶ
3434 4329 3580 4400 ἠθῶν
3616 4334 3722 4386 καὶ

2135 4426 2342 4491 παθῶν,
2373 4425 2501 4495 περὶ
2523 4424 2614 4479 τὸν
2645 4424 2960 4477 ὑποθετικὸν
2991 4422 3320 4495 διατρίϐουσι
3344 4422 3506 4476 τόπον
3525 4439 3539 4452 ’
3564 4439 3722 4477 στοι-

464 4522 853 4591 praeceptioncs
899 4531 1183 4576 morantur
1242 4539 1256 4575 :
1304 4520 1447 4574 haud
1498 4520 1716 4590 quidem
1766 4520 2030 4576 elementa

2146 4519 2255 4588 (εἴα
2288 4518 2385 4589 μὲν
2411 4516 2546 4588 πρὸς
2570 4516 2808 4588 ἑκάστης
2842 4516 3043 4588 ἀρετῆς
3076 4514 3343 4586 ἀνάληψιν
3380 4517 3481 4569 οὐκ
3521 4516 3723 4571 ἀποδι-

465 4613 757 4669 reddentcs
789 4614 989 4684 quibus
1027 4629 1363 4685 unaquaque
1419 4613 1595 4668 virtus
1647 4612 1887 4683 paranda
1926 4612 2030 4680 sit;

463 4708 738 4763 crassiora
770 4722 898 4762 vero
931 4714 1220 4777 praecepta,
1260 4707 1342 4761 sic
1393 4704 1554 4776 quasi
1601 4713 1804 4759 temere
1838 4720 2033 4775 conge-

463 4808 646 4855 rentes
690 4817 706 4853 :
744 4814 976 4869 quorum
1016 4798 1203 4853 auditu
1238 4812 1525 4852 commune
1550 4796 1762 4867 vulgus,
1797 4803 1855 4849 ut
1878 4812 2034 4866 expe-

464 4891 661 4945 rientia
690 4889 975 4955 discimus,
1011 4888 1080 4943 ad
1118 4885 1437 4942 modeStiam
1462 4884 1618 4940 valde
1647 4883 1882 4955 proﬁcit,
1901 4885 2032 4941 insi-

462 4976 662 5046 detque
688 4991 877 5031 eorum
907 4976 1149 5032 moribus
1166 4975 1381 5045 pietatis
1407 4973 1710 5037 character,
1727 4972 2029 5041 viviﬁcans,

463 5081 586 5134 qua:
618 5081 689 5120 ex
712 5066 806 5120 tali
836 5065 1231 5121 consuetudine
1259 5080 1473 5120 morum
1513 5061 1837 5133 compositio
1876 5062 2037 5118 indo-

466 5158 653 5228 lesque
673 5158 1036 5224 contrahitur,
1063 5157 1433 5229 paulatimque
1451 5155 1518 5211 ad
1553 5155 1679 5210 boni
1712 5154 2036 5227 honestique

464 5250 671 5306 ducens
705 5251 1021 5323 appetitum.

542 5342 653 5399 Hac
684 5359 815 5399 vero
844 5359 875 5397 a
906 5342 1248 5413 sequentium
1289 5342 1446 5396 turba
1498 5341 1555 5396 in
1610 5340 1810 5394 multas
1859 5338 2036 5395 divisa

467 5433 820 5503 quaestiones,
875 5432 1130 5489 exstitere
1157 5430 1365 5501 plures,
1394 5437 1456 5484 ut
1505 5429 1618 5486 fere
1650 5428 1708 5485 in
1745 5429 1815 5484 iis
1845 5427 1906 5483 ﬁt
1940 5427 2038 5501 qui

545 5592 621 5664 (l)
656 5589 1261 5664 Interprete'Francisco
1291 5579 1636 5664 Combeﬁsio.

543 5660 622 5732 (2)
678 5660 860 5726 Ἀλέε.
895 5662 1138 5732 Photius
1184 5664 1239 5716 in
1295 5660 1535 5730 Epitome
1583 5661 1647 5732 de
1692 5661 2036 5732 Munia/imis,

467 5728 636 5808 quam
671 5731 839 5788 edidit
861 5730 928 5788 cl.
960 5728 1398 5790 Montfauconius
1425 5731 1544 5787 Bib.
1575 5728 1739 5788 Coisl.
1764 5749 1886 5807 pag.
1910 5728 2037 5805 554,

2134 4608 2313 4671 δόντες
2336 4625 2348 4638 ·
2382 4608 2816 4681 παραγγέλματα
2847 4607 2903 4661 δὲ
2934 4606 3211 4678 παχύτερα
3232 4646 3247 4670 ,
3276 4607 3350 4670 ὠς
3390 4609 3717 4677 ἐτύγχανεν,

2134 4699 2579 4772 ἐπισωρεύοντες,
2608 4694 2681 4756 ὧν
2705 4702 2734 4753 ὁ
2772 4700 2938 4764 πολὺς
2963 4700 3134 4771 δῆμος
3154 4699 3388 4763 ἀκούων,
3412 4700 3488 4764 ὡς
3520 4703 3586 4754 ἐκ
3610 4702 3719 4771 τῆς

2136 4790 2332 4862 πείρας
2356 4790 2469 4843 ἔστι
2498 4790 2709 4861 μαθεῖν,
2729 4791 2932 4862 σφόδρα
2958 4791 3264 4845 ἐπιδίδωσιν
3289 4794 3368 4854 εἰς
3387 4790 3717 4857 ἐπιείκειαν,

2136 4880 2232 4934 καὶ
2281 4883 2381 4951 τῆς
2430 4880 2712 4945 εὐσεϐείας
2761 4880 3043 4953 χαρακτὴρ
3092 4881 3327 4945 ὲνιζάνει
3375 4880 3552 4934 αὐτῶν
3594 4885 3719 4946 τοῖς

2137 4972 2322 5042 ῆθεσιν
2350 5011 2364 5037 ,
2399 4971 2772 5044 ἁναξωπυρῶν
2801 4973 2862 5025 τὸ
2893 4975 2959 5026 ὲκ
2990 4972 3090 5043 τῆς
3131 4971 3385 5043 τοιαύτης
3420 4971 3720 5042 συνηθείας

2140 5062 2580 5135 συνεκλημμένον
2609 5059 2759 5135 ἦθος,
2800 5065 2895 5119 καὶ
2922 5065 3041 5119 κατ’
3062 5061 3239 5132 ὀλίγον
3265 5065 3347 5126 εἰς
3366 5064 3464 5134 τὴν
3488 5063 3582 5117 τοῦ
3606 5081 3717 5117 κα-

2135 5156 2228 5210 λοῦ
2262 5156 2427 5210 αὐτοῦ
2455 5156 2633 5229 ὄρεξιν
2663 5155 2891 5227 ὁδηγῶν.

2205 5338 2300 5402 Εἰς
2326 5337 2556 5392 πλεῖστα
2585 5338 2643 5392 δὲ
2662 5338 2866 5411 ταύτης
2896 5340 3000 5395 ὑπὸ
3027 5340 3136 5397 τῶν
3168 5341 3569 5412 ἐπιγενομένων
3612 5358 3723 5410 με-

2139 5432 2414 5504 ρισθείσης
2443 5430 2734 5505 ζητήσεις,
2770 5432 3102 5505 συνέστησαν
3142 5433 3421 5499 πλείονες,
3454 5433 3719 5505 καθάπερ
3806 5455 3814 5467 ·

2151 5593 2303 5649 urbis
2353 5592 2620 5665 Lycorum
2665 5594 2948 5666 prasstilem
2983 5595 3151 5650 fuisse
3201 5599 3346 5652 hunc
3391 5597 3722 5666 scriptorem

2145 5673 2375 5736 testatur
2404 5666 2487 5719 his
2523 5666 2702 5721 verbis
2744 5683 2759 5721 :
2785 5665 2853 5717 Ὃ
2879 5681 2937 5718 τε
2970 5665 3069 5736 τῆς
3095 5666 3302 5731 πόλεως
3325 5665 3517 5721 Λύκων
3562 5668 3727 5721 Ἀλέ-

2147 5734 2367 5807 ξανδρος
2392 5736 2519 5800 τοὺς
2551 5735 2961 5808 ἀρχιερατικοὺς
2996 5734 3469 5809 ἐγκεχειρισμένος
3493 5737 3727 5809 νόμους.
