3862 6158
218 299 332 360 ιιει

1105 293 1527 351 TRACTATUS
1565 292 1656 349 DE
1692 292 2007 350 PLACITIS
2036 292 2594 352 MANICHIEORUM.

3355 290 3461 347 Hl-

218 420 282 473 ὲν
303 420 416 484 τοῖς
447 417 757 489 ἐριστικοῖς,
784 416 874 485 ἀφ’
903 407 978 470 ὧν
1010 417 1455 489 ἐντρεχεστέρους
1484 415 1580 487 μὲν
1603 415 1793 478 ἀλλους

1894 415 2230 470 contentioni
2255 414 2496 480 student,
2520 413 2608 468 alii
2631 412 2753 467 aliis
2772 412 3109 477 solertiores,
3127 413 3461 482 argutiisque

218 510 425 582 ἑτέρων
452 507 647 581 μᾶλλον
675 510 768 562 καὶ
800 509 1286 581 ζητητικωτέρους,
1315 508 1391 571 ὡς
1414 507 1477 561 ἄν
1515 525 1599 571 τις
1624 506 1791 572 εἴποι,

213 602 496 674 γεγονέναι
544 601 854 672 συμϐέϐηκε
878 618 892 631 ο
931 601 1025 654 καί
1075 617 1217 664 τινες
1264 601 1363 672 ήδη
1398 601 1492 653 καὶ
1530 599 1791 671 αἱρέσεων

215 694 570 766 προῦστησαν
596 712 610 725 ·
646 696 739 763 ἀφ’
766 688 840 749 ὧν
867 696 900 766 ἠ
932 693 1074 748 κατά
1116 692 1178 746 τὸ
1218 689 1349 765 ἦθος
1388 692 1579 763 ἄδηλος
1619 708 1789 745 κατα-

216 789 386 859 σκευὴ
417 788 740 860 ἐμαραίνετο
760 806 774 818 ·
805 788 904 860 τῆς
924 788 1021 860 μὲν
1043 788 1182 841 κατά
1205 788 1294 841 τὸν
1319 786 1477 856 λόγον
1509 785 1792 856 ἀκριϐείας

212 879 316 934 οὐκ
341 879 747 949 ὲιρικνουμένων
776 879 1000 944 τούτων,
1035 880 1149 932 ὅσοι
1201 879 1310 932 τῶν
1342 878 1603 951 αἱρέσεων
1643 879 1793 948 ἠγεῖ-

212 969 343 1023 σθαι
366 968 552 1040 ἠξίουν
573 988 586 1001 ο
618 969 712 1024 τοῦ
739 971 795 1023 δὲ
830 970 1025 1025 πολλοῦ
1056 970 1292 1043 πλήθους
1334 969 1789 1024 στασιαστικώτε-

215 1077 310 1133 ρον
345 1063 483 1133 πρὸς
510 1062 641 1116 αὐτὸ
664 1063 1014 1128 διατεθέντος.
1046 1065 1281 1128 Κανόνος
1307 1064 1365 1116 δὲ
1386 1063 1599 1127 οὐδενὸς
1630 1063 1791 1116 ὑπόν-

210 1167 306 1216 τος
336 1153 459 1207 οὐδὲ
508 1155 708 1225 νόμων,
746 1156 840 1225 ἀφ’
882 1149 957 1208 ὧν
994 1155 1102 1209 τῶν
1143 1155 1422 1228 ζητήσεων
1464 1155 1791 1227 πορίσασθαι

208 1242 387 1314 λύσιν,
411 1245 662 1318 καθάπερ
687 1247 743 1300 δὲ
771 1250 828 1301 ὲν
848 1251 959 1311 τοῖς
983 1246 1212 1319 ἄλλοιςὴ
1240 1248 1516 1318 φιλοτιμία
1537 1250 1617 1311 εἰς
1634 1248 1798 1319 ὑπερ-

207 1335 376 1400 ϐολὰς
402 1339 758 1402 ἐκπίπτουσα,
782 1339 881 1391 οὐκ
907 1338 1052 1391 ἔστιν
1070 1339 1099 1392 ὃ
1130 1357 1182 1392 τι
1213 1339 1273 1391 οὐ
1310 1338 1645 1410 λυμαίνεται.

1899 522 1963 563 ac
1990 507 2403 578 quaestionibus,
2440 513 2502 560 ut
2522 506 2602 561 sic
2627 506 2825 569 dicam,
2857 504 3197 575 sagaciores:
3226 507 3300 558 ita
3328 518 3463 559 sane

1897 607 1957 654 ut
1977 600 2089 670 jam
2120 586 2335 670 quoque
2362 599 2632 653 heresewn
2664 605 3046 668 sectarumque
3071 597 3342 651 antistites
3372 611 3463 666 pa-

1894 703 2184 763 rentesque
2222 691 2585 747 emerserint:
2618 704 2713 759 per
2754 704 2892 760 quos
2936 690 2991 744 in
3038 690 3331 744 obscurum
3359 689 3460 744 ad—

1895 787 2059 842 ducta
2096 801 2158 840 ac
2180 783 2504 840 labefactata
2537 798 2751 837 morum
2795 783 3067 840 institutio
3096 792 3181 839 est
3212 801 3226 838 :
3259 782 3389 837 dum
3421 784 3461 838 ii

1896 888 2098 936 certam
2177 893 2494 935 sermonum
2562 878 2845 932 veritatem
2917 892 3029 932 non
3091 882 3461 946 assequuntur

1894 973 2184 1044 (quotquot
2212 973 2467 1027 nimirum
2497 973 2663 1028 sectis
2683 971 2933 1026 antistari
2951 969 3181 1041 volunt),
3199 969 3462 1039 plebsque

1892 1080 1957 1121 ac
1985 1067 2178 1137 vulgus
2207 1065 2333 1121 inde
2355 1065 2411 1120 in
2438 1066 2589 1121 rixas
2613 1080 2676 1120 ac
2700 1066 3079 1120 contentiones
3109 1064 3370 1133 majorem
3402 1061 3461 1115 in

1892 1156 2115 1211 modum
2149 1155 2436 1211 excitatur.
2463 1154 2711 1226 Cumque
2752 1156 2898 1208 nulla
2955 1161 3210 1223 suppetat
3249 1151 3457 1221 regula,

1894 1248 2057 1302 nullae
2092 1255 2290 1317 prmsto
2322 1249 2432 1302 sint
2471 1248 2637 1317 leges,
2674 1252 2816 1301 unde
2860 1260 3048 1301 eorum
3074 1259 3196 1315 qua:
3228 1244 3285 1298 in
3314 1259 3462 1313 qua:-

1894 1338 2127 1393 stioncm
2161 1338 2407 1404 veniunt,
2455 1338 2779 1393 solutionem
2831 1338 3073 1392 nancisci
3127 1338 3321 1401 liccat,
3361 1334 3460 1390 sed

204 1432 361 1485 velut
392 1433 446 1487 in
473 1434 617 1501 aliis,
651 1434 876 1490 honoris
917 1436 1195 1491 contentio
1239 1436 1297 1489 in
1327 1436 1661 1491 nimietatem
1708 1434 1940 1490 adducta
1990 1444 2153 1505 atque
2189 1435 2479 1502 excedens,
2524 1450 2635 1490 non
2657 1442 2742 1491 est
2791 1434 2876 1495 cui
2923 1434 3098 1489 labem
3151 1446 3460 1504 noxamque

205 1542 326 1583 non
352 1527 564 1585 afferat.

439 1666 568 1725 CAP.
604 1666 667 1722 ll.
700 1667 1002 1737 Manichwi,
1031 1687 1122 1724 seu
1153 1668 1404 1738 Hanetis,
1428 1679 1579 1726 aetas.
1613 1667 1785 1725 Primi
1813 1670 2080 1741 discipuli.
2117 1671 2544 1756 Duonprincipia.
2574 1672 2807 1729 Materia
2843 1672 3198 1727 Manichaica.

278 1805 439 1863 ὒῦτω
464 1807 522 1861 δὲ
552 1807 647 1861 καὶ
675 1808 765 1861 ἐπὶ
788 1806 1012 1869 τούτων,
1047 1810 1112 1878 τῇ
1157 1807 1432 1878 καινότητι
1468 1806 1577 1861 τῶν
1624 1807 1790 1872 δοξῶν

1970 1805 2060 1862 Sic
2093 1808 2148 1863 in
2198 1809 2285 1864 his
2342 1826 2586 1881 quoque,
2644 1811 2772 1865 dum
2836 1812 3155 1882 opinionum
3218 1812 3459 1868 novitate

204 1898 471 1969 ἑκάτερος
497 1897 588 1952 τὸν
624 1898 728 1970 πρὸ
759 1896 924 1951 αὑτοῦ
971 1897 1403 1969 ὑπερϐάλλεσθαι
1451 1898 1787 1963 σπουδάζων,

203 1992 288 2052 εἰς
320 1991 576 2059 ἀνήνυτον
615 1992 848 2061 πρᾶγμα
876 1991 977 2063 τὴν
994 1991 1169 2062 ἁπλῆν
1190 1991 1393 2061 ταύτην
1418 1991 1790 2063 ὲμϐεϐλήκασι

204 2078 561 2147 φιλοσοφίαν·
596 2077 783 2151 ὥσπερ
812 2082 841 2133 ὁ
873 2079 1162 2152 λεγόμενος
1191 2082 1517 2153 Μανιχαῖοςθ
1555 2081 1614 2145 ὃς
1653 2082 1792 2152 Πέρ-

204 2185 317 2239 σης
348 2168 444 2238 μέν
472 2186 554 2232 τις
586 2169 705 2222 ἐστὶ
742 2171 802 2223 τὸ
840 2169 1152 2239 γένος-’,καί
1189 2170 1253 2241 γέ
1304 2189 1388 2236 τις
1432 2173 1621 2238 Hirro;
1703 2176 1780 2246 (ὅ)

198 2266 445 2337 τοῦνομα
508 2259 645 2331 πρὸς
687 2260 834 2331 ἡμᾶς
874 2260 1097 2328 ἐγένετο
1138 2261 1240 2332 τῆς
1275 2261 1369 2315 τοῦ
1416 2262 1608 2335 ἀνδρὸς
1634 2263 1792 2334 δόξης

206 2349 500 2420 ἐξηγητὴς,
526 2351 619 2404 καὶ
654 2350 792 2421 μετά
819 2350 1009 2406 τοῦτον
1037 2352 1239 2424 Θωμᾶς
1259 2394 1274 2417 ,
1316 2354 1410 2407 καί
1434 2372 1577 2419 τινες
1612 2355 1789 2428 ἕτεροι

209 2439 336 2508 μετ’
367 2439 580 2504 αὐτούς.
606 2441 776 2504 Αὐτὸς
805 2440 862 2494 δὲ
886 2442 977 2494 ἐπὶ
999 2443 1361 2517 Οὑαλεριανοῧ
1387 2447 1484 2517 μὲν
1507 2448 1788 2517 γεγονέναι

204 2529 447 2596 λέγεται,
488 2531 878 2602 συστρατεῦσαί
907 2549 967 2586 τε
996 2533 1243 2605 Σαπώρῳ
1271 2534 1348 2607 τῷ
1374 2536 1576 2611 Πέρσῃ·
1618 2555 1788 2610 προσ-

205 2621 519 2694 κρούσαντα
563 2622 624 2676 δέ
668 2641 721 2677 τι
748 2623 918 2697 τούτῳ
949 2624 1306 2681 ἀπολωλέναι.
1356 2626 1547 2682 Τοιάδε
1580 2624 1672 2683 οὖν
1703 2648 1790 2694 τις

206 2714 369 2784 φήμη
396 2715 495 2785 τῆς
517 2715 727 2768 ἐκείνου
748 2713 905 2786 δόξης
933 2716 1042 2770 ἀπὸ
1073 2717 1181 2771 τῶν
1221 2718 1511 2790 γνωρίμων
1561 2721 1655 2775 τοῦ
1695 2723 1790 2777 ἀν-

204 2805 338 2876 δρὸς
367 2806 593 2875 ἀφίκετο
625 2807 762 2878 πρὸς
807 2808 975 2879 ἡμᾶς.
1026 2807 1130 2861 Δύο
1179 2810 1353 2881 ἀρχὰς
1396 2810 1621 2876 ἐτίθετο,
1656 2812 1788 2867 Θεὸν

208 2899 311 2952 καὶ
331 2898 481 2970 ὓλην.
514 2895 666 2954 Εἶναι
688 2900 743 2954 δὲ
768 2901 858 2955 τὸν
894 2900 993 2972 μὲν
1017 2900 1150 2953 Θεὸν
1180 2902 1404 2971 ἀγαθὸν,
1439 2903 1537 2975 τὴν
1569 2904 1625 2957 δὲ
1658 2904 1790 2977 ὓλην

205 2992 400 3047 κακόν.
459 2991 675 3064 Ἀγαθῷ
722 2992 777 3045 δὲ
819 2993 1001 3046 πλεῖον
1048 2994 1139 3048 τὸν
1171 2994 1306 3051 Θεὸν
1362 2995 1785 3069 ὑπερϐάλλεινῆ

205 3083 365 3154 κακῷ
396 3085 495 3155 τὴν
535 3084 688 3156 ὓλην.
724 3084 834 3156 Τὴν
864 3085 922 3139 δὲ
958 3084 1088 3155 ὕλην
1129 3086 1280 3157 λέγει
1323 3088 1422 3159 οὐχ
1454 3089 1522 3159 ἢν
1560 3089 1787 3145 Πλάτων

207 3176 312 3247 τὴν
378 3178 552 3231 πάντα
612 3179 922 3250 γινομένην,
975 3182 1051 3234 ὅτ’
1096 3180 1162 3234 ἂν
1206 3181 1345 3255 λάϐῃ
1393 3181 1650 3254 ποιότητα
1695 3184 1790 3238 καὶ

206 3269 397 3339 σχῆμα
418 3286 430 3296 ·
461 3267 528 3322 δι’
568 3267 597 3322 ὃ
627 3269 865 3341 πανδεχῆ
895 3272 989 3326 καὶ
1029 3272 1238 3344 μητέρα
1276 3274 1370 3327 καὶ
1400 3272 1554 3346 τιθὴν
1592 3274 1747 3329 καλεῖ
1768 3292 1782 3307 ⁸

202 3359 304 3411 καὶ
343 3359 721 3431 Ἀριστοτέλης
747 3362 810 3415 τὸ
839 3365 1120 3433 στοιχεῖον,
1153 3364 1279 3436 περὶ
1303 3363 1332 3417 ὃ
1368 3365 1428 3418 τὸ
1465 3360 1601 3431 εἶδος
1634 3366 1729 3420 καὶ
1751 3368 1786 3438 ἡ

205 3449 501 3521 στέρησις·
541 3452 655 3506 ἀλλ’
697 3452 883 3523 ἕτερόν
919 3471 971 3507 τι
1018 3453 1171 3526 παρά
1211 3453 1402 3510 ταῦτα.
1454 3457 1565 3528 Τὴν
1591 3456 1698 3529 γὰρ
1728 3458 1786 3511 έν

203 3542 425 3612 ἑκάστῳ
453 3542 561 3596 τῶν
581 3543 749 3597 ὄντων
770 3545 1003 3599 ἄτακτον
1027 3546 1259 3617 κίνησιν,
1291 3545 1494 3618 ταύτην
1528 3547 1660 3620 ὓλην
1688 3566 1789 3603 κα-

202 3633 309 3687 λεῖ.
342 3633 707 3707 Συντετάχθαι
758 3635 814 3689 δὲ
843 3636 923 3707 τῷ
963 3637 1081 3708 Θεῷ
1108 3638 1365 3709 δυνάμεις
1415 3639 1628 3711 ἑτέρας,
1676 3635 1786 3694 οἷον

205 3726 564 3797 ὑπηρέτιδας,
600 3725 807 3796 ἀγαθὰς
839 3728 1020 3792 πάσας
1043 3746 1055 3759 ·
1083 3730 1179 3783 καὶ
1199 3729 1360 3794 ἄλλας
1382 3733 1446 3802 τῇ
1464 3729 1563 3803 ὒλῃ
1584 3732 1786 3802 ὁμοίως

205 3819 392 3882 πάσας
418 3819 612 3881 κακάς.
646 3820 718 3872 Τὸ
743 3819 800 3873 δὲ
821 3820 1070 3893 λαμπρὸν
1091 3822 1186 3875 καὶ
1217 3822 1278 3875 τὸ
1311 3823 1426 3891 φῶς
1441 3824 1536 3877 καὶ
1569 3824 1628 3878 τὸ
1653 3825 1785 3889 ἄνω,

205 3911 389 3966 πάντα
418 3911 591 3964 ταῦτα
622 3912 718 3965 σὺν
749 3911 827 3982 τῷ
862 3912 979 3984 Θεῷ
1021 3908 1193 3967 εἶναι’
1223 3913 1284 3966 τὸ
1330 3914 1569 3988 ἀμυδρὸν
1600 3916 1656 3969 δὲ
1693 3916 1787 3970 καί⁵

204 4004 271 4056 τὸ
304 4002 496 4067 σκότος
525 4004 618 4056 καὶ
644 4003 705 4056 τὸ
733 4004 882 4058 κάτω
906 4007 1002 4059 σὺν
1032 4007 1100 4077 τῇ
1124 4004 1246 4080 ὕλῃ.
1290 4004 1440 4062 Εἶναι
1486 4008 1544 4062 δὲ
1578 4009 1672 4062 καὶ
1708 4007 1786 4080 τῷ

205 4094 329 4165 Θεῷ
366 4093 594 4165 ὀρέξεις,
619 4093 753 4148 ἀλλά
781 4094 876 4149 καὶ
903 4095 1108 4160 ταύτας
1147 4095 1394 4166 ἀγαθάς·
1440 4101 1535 4153 καὶ
1572 4102 1637 4171 τῇ
1686 4099 1787 4172 ὕλῃ

202 4185 432 4255 ὁμοίως,
464 4184 601 4239 ἀλλά
626 4186 805 4251 πάσας
833 4187 1032 4252 κακάς.
1432 4186 1433 4189 “

1893 1901 2124 1970 quisque
2147 1917 2206 1956 se
2239 1903 2471 1971 priorem
2505 1918 2567 1956 ac
2593 1904 2929 1972 superiorem
2966 1919 3224 1974 superare
3244 1912 3460 1961 conten-

1891 1990 1991 2055 dit,
2024 1991 2419 2062 philosophiam
2453 2008 2573 2062 quae
2602 1995 2832 2064 simplex
2882 1995 2985 2060 sit,
3014 2010 3080 2049 eo
3106 1993 3322 2049 tandem
3371 1996 3458 2051 ad-

1892 2083 2201 2149 duxerunt,
2235 2091 2295 2137 ut
2330 2085 2577 2155 pra-stari
2629 2101 2738 2139 non
2804 2087 2997 2156 possit.
3031 2083 3181 2143 Talis
3226 2090 3458 2151 exstitit,

1890 2188 2053 2244 quem
2088 2171 2440 2229 Manichaaum
2468 2183 2685 2240 vocant,
2714 2175 2935 2230 natione
2960 2176 3160 2240 Persa;
3201 2178 3359 2248 cujus
3390 2178 3458 2232 ad

1891 2279 1991 2320 nos
2034 2265 2308 2336 opinionis
2362 2264 2555 2321 doctor
2586 2264 2767 2336 Papus
2799 2267 3038 2331 nomine,
3069 2277 3123 2322 et
3163 2276 3286 2337 post
3331 2283 3457 2323 eum

1892 2354 2151 2420 Thomas,
2186 2355 2353 2419 venit,
2384 2372 2588 2426 eosque
2642 2358 2817 2413 secuti
2847 2359 3094 2413 nonnulli
3144 2359 3259 2413 alii.
3293 2359 3459 2413 Aiunt

1892 2448 2166 2503 hominem
2205 2445 2498 2502 Valeriano
2540 2447 2869 2519 imperatore
2915 2449 3134 2512 vixisse.
3162 2464 3226 2503 ac
3266 2447 3456 2520 Sapori

1889 2538 2182 2596 Persarum
2217 2541 2328 2611 regi
2365 2541 2709 2616 militantem,
2738 2556 2862 2596 cum
2904 2541 3048 2612 apud
3098 2542 3249 2595 illum
3287 2541 3461 2596 oﬂ‘en-

1889 2631 2080 2697 disset,
2113 2631 2355 2702 periisse.
2390 2630 2736 2701 Ejuscemodi
2768 2646 2899 2686 vero
2927 2630 3029 2685 viri
3070 2632 3217 2686 illius
3243 2631 3458 2700 opinio-

1890 2727 1977 2781 nis
2021 2723 2186 2790 fama,
2221 2726 2289 2781 ab
2339 2725 2459 2795 ejus
2489 2723 2848 2779 familiaribus
2881 2722 2950 2778 ad
2999 2739 3102 2779 nos
3138 2724 3457 2795 permeavit.

1888 2817 2006 2873 Duo
2036 2819 2272 2889 ponebat
2316 2818 2606 2890 principia,
2632 2816 2801 2873 Deum
2853 2824 2909 2872 et
2946 2815 3253 2872 materiam.
3286 2814 3457 2871 Deum

1889 2917 2071 2964 autem
2102 2910 2304 2966 bonum
2335 2909 2571 2975 dicebat,
2599 2910 2882 2964 materiam
2904 2907 3105 2962 malum
3135 2906 3456 2962 aliirmabat.

1887 3000 2039 3056 Bono
2070 3000 2241 3055 Deum
2294 3002 2467 3071 magis
2523 3001 2863 3071 praecellere,
2904 3013 3065 3069 quam
3096 2999 3241 3053 malo
3287 3006 3462 3053 mate-

1889 3092 2044 3146 riam.
2079 3090 2359 3146 Materiam
2391 3106 2522 3147 vero
2554 3098 2714 3151 vocat
2747 3106 2859 3146 non
2911 3105 3075 3160 quam
3104 3087 3263 3145 Plato
3303 3089 3460 3153 dicit,

1815 3208 1858 3266 c
1890 3195 2010 3251 quae
2036 3180 2218 3234 omnia
2245 3181 2358 3244 ﬁat,
2402 3186 2568 3245 tunc,
2618 3194 2744 3234 cum
2774 3177 3090 3249 qualitatem
3127 3177 3463 3249 ﬁguramque

1889 3269 2186 3340 receperit:
2216 3268 2359 3324 unde
2384 3278 2437 3323 et
2465 3268 2709 3323 omnium
2732 3267 3120 3337 susceptricem
3150 3274 3204 3322 et
3230 3275 3461 3323 matrem

1889 3367 1944 3417 et
1964 3362 2231 3416 nutricem
2259 3367 2415 3416 vocat
2442 3378 2455 3414 :
2491 3358 2812 3415 Aristoteles
2864 3373 3081 3429 quoque
3107 3358 3457 3421 elementum,

1891 3452 2038 3507 circa
2064 3451 2211 3523 quod
2244 3450 2418 3507 forma
2446 3457 2501 3507 et
2528 3448 2763 3521 privatio
2797 3456 3124 3515 versantur;
3175 3447 3271 3502 sed
3309 3448 3459 3503 aliud

1889 3547 2022 3619 quid
2051 3552 2248 3616 praeter
2272 3545 2383 3601 illa.
2416 3542 2521 3610 Qui
2552 3542 2697 3598 enim
2742 3540 2992 3597 in‘rebus
3025 3540 3254 3610 singulis
3279 3549 3461 3596 motus

1889 3637 2284 3708 incompositus
2311 3644 2415 3701 est,
2461 3635 2607 3691 hunc
2648 3635 2928 3690 materiam
2978 3635 3232 3705 appellat.
3272 3634 3316 3687 A
3347 3633 3459 3689 Deo

1891 3740 2037 3787 stare
2061 3732 2290 3786 virtutes
2324 3729 2480 3795 alias,
2533 3728 2680 3782 velut
2732 3727 2979 3791 ancillas,
3010 3741 3200 3781 omnes
3246 3726 3457 3792 bonas;

1891 3823 2135 3893 aliasque
2190 3820 2441 3876 similiter
2470 3835 2500 3873 a
2532 3817 2780 3883 materia,
2814 3832 3005 3873 omnes
3058 3817 3251 3872 malas.
3290 3815 3460 3873 Porro

1890 3911 2235 3982 splendidum
2265 3917 2320 3965 et
2355 3909 2533 3963 lucem
2569 3924 2634 3963 ac
2665 3908 2937 3978 superius,
2959 3914 3155 3961 cuncta
3182 3907 3296 3965 haec
3331 3922 3459 3962 cum

1891 4002 2003 4059 Deo
2029 4019 2187 4071 esse;
2213 4002 2509 4058 obscurum
2547 4016 2678 4056 vero
2707 4007 2761 4055 et
2802 3998 3058 4055 tenebras
3102 4015 3167 4054 ac
3207 4000 3456 4067 inferius,

1891 4110 2013 4150 cum
2049 4094 2297 4149 materia.
2334 4091 2475 4159 Quin
2509 4092 2709 4147 habere
2753 4090 2921 4147 Deum
2967 4092 3460 4163 appetitiones,ve-

1892 4199 2014 4239 rum
2038 4185 2138 4241 has
2169 4199 2385 4254 quoque
2415 4183 2589 4239 bonas
2619 4203 2634 4238 :
2666 4199 2729 4239 ac
2755 4184 3041 4239 materiam
3068 4183 3340 4250 similiter,
3359 4182 3457 4240 sed

1891 4293 2084 4335 omnes
2122 4278 2316 4334 malas.

1202 4423 1333 4482 CAP.
1359 4423 1453 4481 III.
1496 4423 1774 4479 Manichwi
1796 4422 1986 4477 deliria
2012 4422 2155 4475 circa
2180 4419 2480 4476 materiam.

279 4534 377 4598 Εἰς
404 4526 697 4606 ὲπξθυμίαν
722 4529 817 4591 οὖν
849 4553 979 4590 ποτε
1005 4537 1102 4609 τὴν
1117 4536 1249 4607 ὓλην
1270 4538 1442 4592 ἐλθεῖν
1469 4541 1549 4604 είς
1563 4538 1654 4594 τὸν
1678 4540 1790 4594 ἀνω

1963 4534 2308 4591 Desiderium
2360 4535 2544 4604 itaque
2589 4533 2871 4587 materiam
2908 4531 3230 4602 quandoque
3278 4529 3460 4586 inces-

204 4625 504 4696 ἀφικέσθαι
555 4627 749 4680 τόπονο
806 4627 1142 4699 ἀφικομένην
1183 4628 1260 4694 δὲ,
1318 4629 1596 4701 θαυμάσαι
1626 4631 1686 4684 τό
1729 4648 1789 4683 τε

204 4718 465 4789 λαμπρὸν
492 4719 587 4772 καὶ
611 4719 672 4772 τὸ
702 4719 816 4789 φῶς
838 4722 960 4775 ὅσον
995 4717 1063 4794 ἦν
1091 4721 1243 4792 παρά
1274 4721 1351 4792 τῷ
1397 4723 1535 4794 Θεῷ.
1573 4724 1684 4777 Καὶ
1724 4723 1788 4795 δὴ

207 4807 388 4861 θέλειν
420 4809 518 4879 τὴν
550 4810 724 4880 ἀρχὴν
753 4810 953 4880 ταύτην
981 4813 1289 4881 κατασχεῖν,
1312 4811 1405 4864 τὸν
1437 4810 1568 4865 Θεὸν
1602 4828 1788 4883 παρω-

209 4900 475 4971 σαμένην.
513 4901 615 4955 Τὸν
645 4902 702 4954 δὲ
732 4903 825 4955 καὶ
849 4901 1201 4973 βεϐουλῆσθαι
1243 4903 1343 4973 μὲν
1374 4903 1579 4974 ταύτην
1616 4920 1786 4974 τιμω-

210 4991 505 5063 ρήσασθαι,
533 4993 757 5064 ἀπορεῖν
786 4993 841 5047 δὲ
870 4994 1064 5057 κακοῦ,
1091 4988 1243 5062 ᾧκαὶ
1270 4996 1674 5065 τιμωρήσεται·
1710 4995 1783 5065 μὴ

203 5083 319 5154 γὰρ
342 5076 487 5135 εἶναι
517 5084 683 5137 κακὸν
711 5086 768 5137 ὲν
800 5084 935 5138 Θεοῦ
960 5086 1111 5157 οῖκῳ.
1145 5084 1366 5157 Πέμψαι
1404 5082 1497 5140 οὖν
1536 5102 1658 5138 τινα
1698 5086 1790 5140 δύ-

202 5190 374 5244 ναμιν
399 5174 498 5245 τὴν
522 5174 610 5243 ὑφ’
635 5174 790 5245 ἡμῶν
813 5175 1150 5248 καλουμένην
1170 5176 1369 5248 ψυχὴν,
1392 5178 1485 5229 ἐπὶ
1512 5175 1610 5248 τὴν
1635 5175 1786 5248 ὕλην,

203 5267 330 5336 ἣτις
358 5266 497 5337 αὐτῇ
531 5264 618 5319 διὰ
652 5268 830 5338 πάσης
878 5269 1220 5341 μιχθήσεται.
1265 5268 1525 5322 Ἔσεσθαι
1551 5268 1661 5339 γάρ
1690 5269 1790 5339 τῆς

281 5464 619 5536 (5)11άπος.
673 5466 889 5531 Πάαπις
949 5468 1150 5522 dicitur
1207 5470 1260 5524 in
1317 5470 1784 5526 Anatlzematismis

210 5535 376 5591 editis
405 5552 459 5608 pa
493 5536 776 5608 _C0te|erio
829 5539 898 5591 ad
955 5537 1345 5608 Recognitiunes
1406 5539 1780 5607 Clementinas,

208 5621 366 5660 num.
404 5606 458 5660 5.
491 5604 954 5678 Dicitur-quoque
992 5604 1207 5672 Πὰαπις
1241 5610 1291 5663 in
1329 5611 1519 5665 iisdem
1555 5604 1783 5665 Anatle

210 5678 479 5750 mammis
510 5676 761 5750 a__'l‘ullio
785 5676 1052 5747 evulgatis
1087 5684 1138 5750 in
1188 5678 1394 5750 Insign.
1428 5680 1614 5734 Itiner.
1650 5681 1777 5737 Ital.

212 5762 337 5816 pag.
376 5749 495 5802 145.
540 5745 679 5803 Hinc
707 5745 1076 5805 frustra'sunt
1108 5745 1322 5806 Caveus
1345 5761 1398 5806 et
1428 5752 1728 5823 Basnagius
1764 5770 1775 5807 τ

1892 4628 2052 4692 sisse,
2100 4637 2159 4682 ut
2213 4628 2267 4681 in
2318 4640 2612 4695 snpernum
2664 4626 2843 4679 locum
2887 4625 3140 4679 evaderet
3177 4642 3189 4676 :
3226 4638 3463 4693 cumque

1893 4721 2027 4776 adeo
2058 4720 2344 4785 evasisset,
2396 4720 2720 4775 admiratam
2768 4716 3108 4788 splendorem
3141 4731 3205 4771 ac
3261 4715 3460 4781 lucem,

1890 4816 2091 4879 quanta
2117 4808 2257 4878 apud
2284 4808 2449 4864 Deum
2476 4815 2641 4863 esset.
2678 4809 2853 4876 Atque
2885 4805 3031 4859 hunc
3072 4805 3459 4875 principatum,

1890 4901 2110 4970 repulso
2142 4902 2251 4957 Deo
2277 4908 2439 4971 atque
2471 4909 2765 4965 summoto,
2800 4898 2902 4953 sibi
2929 4898 3168 4954 voluisse
3197 4900 3458 4967 arripere.

1889 4987 2059 5045 Deum
2116 5008 2281 5062 porro
2337 4994 2500 5048 etiam
2546 4990 2878 5047 deliberasse
2934 4991 2990 5045 in
3035 5006 3154 5046 eam
3210 4989 3461 5044 animad-

1890 5091 2145 5150 vertere;
2205 5084 2301 5139 sed
2354 5084 2483 5137 mali
2548 5084 2761 5153 copiam
2813 5096 2921 5152 quo
2974 5083 3146 5152 ipsam
3201 5081 3460 5152 puniret,

1893 5189 2004 5228 non
2044 5175 2325 5242 habuisse,
2359 5175 2559 5245 quippe
2595 5190 2735 5239 cum,
2753 5190 2859 5229 non
2896 5175 2964 5230 sit
3003 5174 3207 5227 malum
3239 5174 3460 5242 aliquod

1892 5269 1949 5323 in
1996 5267 2093 5323 Dei
2124 5268 2305 5323 domo.
2367 5267 2583 5324 Misisse
2639 5267 2806 5339 igitur
2850 5268 3107 5323 virtutem
3144 5267 3459 5337 quamdam,

1892 5484 2124 5540 quorum
2190 5469 2279 5526 ille
2330 5468 2434 5524 hoc
2464 5469 2607 5540 loco
2658 5469 2872 5539 reponit
2923 5464 3464 5540 Agapium_Maneti8

1891 5536 2241 5618 discipulum,
2300 5544 2432 5618 quin
2447 5536 2795 5618 Heptalogarn
2829 5536 3166 5618 composuit;
3205 5536 3294 5618 hic
3332 5544 3463 5618 vero

1890 5611 2133 5674 Addam,
2182 5627 2342 5681 quem
2388 5610 2634 5665 Buddam
2681 5611 2771 5681 alii
2821 5620 3013 5681 vocant
3041 5616 3141 5681 :_u_t
3174 5614 3321 5662 recte
3342 5610 3461 5681 api-

1890 5676 2620 5806 madvgti‘gt'Wesselingius
2648 5683 2701 5735 in
2744 5680 2836 5736 lib.
2871 5678 3167 5745 Probabil.,
3208 5691 3328 5748 cap.
3364 5676 3457 5740 28,

1890 5767 2012 5806 nae.
2161 5792 2178 5806 .

1888 5767 2012 5825 pag.
2049 5755 2178 5809 2W.
