3862 6158
443 275 549 330 415

1453 273 1850 329 ALEXANDRI
1889 271 2198 330 EPISCOPI
2234 271 2735 329 LYCOPOLlTANl

3591 269 3692 329 H6

442 410 606 468 quam
663 411 766 452 nos
815 395 1053 450 animam
1105 409 1386 458 vocamus,
1437 395 1492 449 in
1543 397 1867 460 materiam,
1897 411 2012 466 qua:

2122 395 2254 466 ὕλης
2291 394 2552 459 θάνατον,
2589 395 2682 448 τὸν
2728 393 2866 466 μετά
2909 392 3082 448 ταῦτά
3119 409 3247 446 ποτε
3294 391 3394 463 τῆς
3417 391 3694 464 δυνάμεως

441 489 521 544 illi
562 489 712 544 omni
742 487 1135 542 immisceatur.
1169 483 1569 557 Fore‘namque
1613 486 1857 542 materiae
1880 502 2030 542 mor-

444 587 576 642 tem,
615 593 743 633 cum
781 577 1002 633 tandem
1031 587 1220 650 postea
1243 579 1421 635 virtus
1445 579 1559 635 haec
1588 579 1658 634 ab
1679 578 1770 632 illa
1801 594 2025 649 separa-

441 670 616 726 bitur.

518 759 611 816 Sic
645 762 807 831 igitur
842 777 938 832 per
959 761 1049 817 Dei
1087 762 1506 832 providentiam,
1529 765 1872 818 commistam
1907 777 2015 816 ma-

444 854 596 909 teriae
628 871 751 910 esse
790 854 1050 918 animam,
1086 855 1339 910 dissimili
1378 871 1492 910 rem
1534 855 1826 925 quamdam
1857 855 2021 911 dissi-

446 939 650 995 milem.
683 939 787 995 Per
816 941 957 996 hanc
985 957 1115 997 vero
1143 943 1358 998 interim
1392 944 1723 1009 mistionem,
1760 960 1883 999 cum
1915 959 2025 998 ma-

444 1035 582 1088 teria
626 1035 817 1089 vitium
847 1037 1052 1106 pariter
1076 1038 1438 1104 contraxisse,
1489 1053 1554 1092 ac
1598 1038 1877 1094 laborasse
1905 1041 2015 1093 ani-

444 1140 610 1180 mam.
643 1125 1109 1192 Quemadmodum
1156 1132 1301 1185 enim
1328 1133 1383 1186 in
1422 1131 1564 1186 malo
1590 1147 1738 1196 vase,
1781 1134 1926 1202 quod
1962 1135 2016 1188 in

445 1215 539 1271 illo
566 1218 803 1282 exsistit,
841 1219 984 1276 haud
1015 1237 1142 1276 raro
1166 1224 1298 1292 ,pari
1331 1224 1596 1293 qualitate
1633 1233 1900 1292 mutatur,
1935 1227 2018 1282 sic

445 1307 702 1363 nimirum
733 1311 898 1365 etiam
950 1312 1005 1366 in
1041 1314 1264 1368 materia
1309 1315 1416 1370 tale
1449 1315 1578 1385 quid
1629 1331 1847 1386 passam
1901 1319 2020 1372 ani-

439 1412 608 1466 mam,
636 1414 666 1453 a
709 1415 808 1456 sua
840 1402 1166 1459 deteriorem
1203 1404 1401 1460 factam
1450 1407 1655 1472 indole,
1712 1409 1768 1462 in
1799 1409 2019 1464 malitia:

385 1523 390 1528 ο
439 1493 832 1548 commercium
864 1497 1148 1553 transisse.
1181 1497 1313 1568 Ejus
1351 1515 1482 1555 vero
1511 1499 1680 1556 Deum
1710 1501 2016 1567 misertum,

2136 486 2337 559 ταύτης
2365 486 2660 558 χωρισμόν.

2193 749 2380 810 Οὕτως
2407 741 2499 800 οῦν
2522 743 2663 799 κατὰ
2696 742 2952 815 πρόνοιαν
2981 743 3076 796 τοῦ
3118 741 3254 796 Θεοῦ
3298 743 3559 815 μεμίχθαι
3600 742 3694 814 τὴν

2121 845 2300 916 ψυχὴν
2327 845 2394 914 τῇ
2419 840 2540 915 ὕλῃ,
2567 838 2820 910 ἀνόμοιόν
2847 854 2900 890 τι
2933 838 3164 909 πρᾶγμα
3201 836 3458 906 ἀνομοίῳ,
3519 837 3604 890 Ἐν
3641 835 3696 889 δὲ

2121 940 2188 1009 τῇ
2220 936 2364 1008 μίξει
2398 933 2700 1006 συμπαθεῖν
2731 935 2798 1003 τῇ
2833 930 2934 1003 ὕλῃ
2955 930 3054 1001 τὴν
3091 929 3288 1000 ψυχήν.
3334 929 3543 1000 ’Ὠσπερ
3587 927 3695 998 γὰρ

2120 1033 2177 1084 ὲν
2203 1030 2390 1102 φαύλῳ
2420 1029 2625 1099 ἀγγείῳ
2643 1023 3152 1098 συμμεταϐάλλεται
3169 1021 3426 1087 πολλάκις
3444 1021 3503 1075 τὸ
3529 1023 3696 1074 ἐνυπ-

2121 1125 2324 1195 άρχον,Ἰ
2351 1121 2493 1176 οὕτω
2524 1123 2580 1174 δὲ
2635 1120 2730 1174 καὶ
2763 1122 2821 1172 ὲν
2855 1121 2921 1189 τῇ
2955 1116 3058 1191 ὕλῃ
3089 1115 3298 1170 τοιοῦτό
3322 1133 3375 1168 τι
3397 1115 3494 1187 τὴν
3521 1113 3696 1185 ψυχὴν

2115 1215 2417 1280 παθοῦσαν,
2447 1213 2598 1286 παρά
2611 1213 2708 1285 τὴν
2731 1207 2893 1266 οὖσαν
2913 1207 3428 1281 ὴλαττῶσθαιφύσιν
3455 1209 3536 1270 εἰς
3553 1224 3695 1278 ,μετ-

2116 1310 2304 1365 ουσίαν
2347 1307 2564 1370 κακίας.
2607 1307 2887 1375 υικτεῖραι
2940 1297 3032 1356 οῦν
3075 1299 3234 1353 τοῦτο
3271 1300 3360 1353 τὸν
3398 1299 3564 1363 Θεὸν,
3605 1298 3698 1350 καὶ

2120 1407 2332 1478 πέμψαι
2363 1404 2483 1458 τινὰ
2511 1402 2701 1474 ἑτέραν
2727 1401 2977 1471 δύναμιν,
3004 1399 3070 1470 ἠν
3094 1399 3254 1470 ἡμεῖς
3291 1396 3565 1467 καλοῦμεν
3599 1395 3696 1466 δη-

2127 1493 2380 1566 μιουργόν
2399 1508 2412 1522 °
2449 1487 2517 1562 ἦς
2542 1490 2605 1561 δὴ
2639 1489 2994 1560 ἀφικομένης,
3019 1488 3112 1540 καὶ
3139 1489 3204 1558 τῇ
3233 1486 3559 1557 κοσμοποιίᾳ.
3579 1487 3701 1538 ὲπι-

439 1583 601 1638 aliam
619 1585 908 1654 quamdam
931 1588 1188 1645 virtutem
1207 1591 1444 1655 misisse,
1461 1607 1624 1662 quam
1647 1609 1747 1649 nos
1763 1594 2012 1666 δημιουρ-

2128 1584 2534 1657 κεχειρηκυίας,
2556 1580 2952 1654 ἀποκεκρίσθαι
2965 1581 3064 1650 τῆς
3081 1578 3211 1648 ὕλης
3235 1581 3410 1632 έκεῖνο
3429 1578 3526 1648 τῆς
3541 1576 3702 1629 δυνά-

437 1673 536 1743 γὸν
583 1674 789 1746 (rerum
825 1677 1037 1734 scilicet
1066 1681 1316 1751 Opiﬁcem
1364 1697 1429 1737 ac
1483 1684 1807 1758 creatorem)
1851 1703 2016 1742 voca-

437 1781 562 1822 mus
595 1785 609 1820 :
643 1782 763 1837 qua:
789 1785 914 1824 cum
944 1773 1202 1839 venisset,
1230 1781 1284 1828 et
1316 1774 1384 1828 ad
1436 1775 1627 1828 mundi
1685 1777 2015 1833 creationem

438 1870 698 1927 aggressa
730 1869 898 1926 esset,
935 1862 1070 1918 illud
1101 1863 1318 1920 virtutis
1352 1880 1383 1919 a
1430 1867 1657 1921 materia
1689 1869 2014 1936 secrevisse,

436 1949 587 2018 quod
615 1966 683 2005 ex
715 1952 972 2010 mistione
1003 1955 1138 2010 nihil
1177 1957 1294 2011 vitii
1342 1973 1407 2012 ac
1437 1958 1578 2014 labis
1614 1961 2012 2029 contraxisset;

437 2050 602 2112 atque
635 2042 764 2098 hinc
791 2045 960 2100 solem
989 2055 1043 2102 et
1095 2050 1278 2104 lunam
1319 2051 1554 2120 primum
1597 2051 1815 2107 condita
1842 2068 1964 2108 esse
1998 2073 2010 2108 :

435 2133 584 2204 quod
615 2151 742 2193 vero
773 2140 1074 2208 pauxillum
1106 2141 1310 2212 aliquid
1332 2157 1398 2198 ac
1422 2143 1698 2199 mediocre
1719 2144 2014 2214 hausisset,

437 2226 492 2281 id
527 2229 714 2284 stellas
745 2231 1054 2302 malumque
1073 2249 1234 2290 omne
1259 2235 1464 2291 factum
1495 2252 1638 2292 esse.
1671 2235 1837 2292 Extra
1857 2253 2015 2292 mun-

433 2317 565 2372 dum
589 2327 770 2376 autem
810 2324 1061 2393 ejectam,
1110 2343 1175 2381 ex
1206 2329 1321 2402 sol_e
1345 2337 1401 2383 et
1439 2329 1565 2383 luna
1593 2337 1858 2384 secretam
1899 2345 2015 2383 ma-

434 2408 586 2464 teriae
614 2419 847 2480 partem,
875 2430 1107 2486 esseque
1145 2419 1320 2489 ignem
1347 2420 1520 2486 illum,
1556 2420 1749 2476 cuivis
1795 2422 2012 2491 quidem

434 2503 630 2558 urendi
680 2507 834 2569 insit,
867 2523 990 2563 eum
1025 2510 1141 2580 ipse
1178 2512 1502 2569 tenebrosus
1531 2522 1585 2570 et
1614 2515 1752 2570 lucis
1795 2530 2011 2586 expers,

433 2607 498 2645 ac
525 2594 672 2647 nocti
719 2597 1025 2655 consimilis
1055 2602 1144 2656 sit.
1196 2603 1256 2656 In
1292 2603 1516 2674 reliquis
1553 2621 1683 2660 vero
1727 2605 2010 2661 elementis

431 2686 486 2734 et
515 2681 778 2752 stirpibus
809 2694 864 2741 et
897 2689 1247 2757 animalibus,
1280 2692 1336 2747 in
1366 2694 1469 2749 hac
1521 2709 1704 2748 rerum
1738 2695 2011 2750 universi-

431 2779 545 2828 tate
583 2778 954 2840 versantibus,
987 2781 1329 2852 inaequaliter
1364 2784 1493 2842 ferri
1534 2787 1880 2843 commistam
1923 2788 2008 2842 di-

2129 1695 2293 1749 μεως,
2319 1678 2441 1731 ὅσον
2467 1676 2574 1729 ἀπὸ
2601 1675 2702 1745 τῆς
2736 1673 2932 1745 μίξεως
2958 1673 3110 1726 οὐδὲν
3156 1667 3225 1743 ἦν
3261 1673 3459 1727 ἄτοπον
3495 1687 3701 1723 πεπον-

2126 1769 2238 1834 θὸς,
2264 1769 2358 1822 καὶ
2382 1767 2661 1837 γεγονέναι
2684 1766 2833 1837 ἥλιον
2875 1766 2970 1819 καὶ
2996 1764 3222 1836 σελήνην
3251 1764 3462 1835 πρῶτον
3481 1779 3495 1792 ο
3554 1761 3617 1815 τὸ
3641 1760 3700 1814 δὲ

2123 1865 2182 1915 ὲν
2211 1861 2404 1934 μετρίᾳ
2441 1860 2663 1930 γεγονὸς
2698 1858 2864 1930 κακίᾳ
2915 1858 3149 1929 ἀστέρας
3195 1858 3289 1910 καὶ
3331 1857 3420 1910 τὸν
3467 1854 3702 1928 οὐρανὸν

2125 1953 2434 2022 σύμπαντα.
2466 1953 2577 2024 Τῆς
2607 1947 2699 2004 οὖν
2731 1948 2884 2020 ὕλης,
2915 1945 2984 2020 ἧς
3005 1949 3378 2020 ἀπεκρίθησαν
3411 1947 3560 2018 ἣλιος
3606 1946 3702 2000 καὶ

2123 2045 2341 2117 σελήνη,
2365 2045 2425 2097 τὸ
2457 2044 2618 2116 μέρος
2651 2042 2804 2105 ἐκτὸς
2835 2040 2930 2095 τοῦ
2952 2043 3156 2112 κόσμου
3181 2040 3576 2110 ἀπεληλάσθαι,
3601 2041 3701 2092 καὶ

2122 2133 2260 2191 εἶναι
2309 2138 2487 2190 έκεῖνο
2526 2135 2657 2208 πῦρ,
2687 2134 2978 2188 καυστικὸν
3017 2132 3113 2205 μὲν
3139 2173 3153 2197 ,
3193 2133 3458 2196 σκοτῶδες
3500 2132 3558 2185 δὲ
3605 2133 3700 2186 καὶ

2120 2227 2381 2297 ἀφεγγὲς,
2409 2227 2566 2282 νυκτὶ
2589 2226 2932 2298 προσόμοιον.
2981 2225 3068 2279 Ἐν
3101 2225 3158 2277 δὲ
3186 2225 3298 2288 τοῖς
3328 2223 3510 2287 ἄλλοις
3549 2240 3698 2276 στοι-

2121 2318 2287 2388 χείοις
2315 2319 2408 2372 καὶ
2438 2321 2623 2388 φυτοῖς
2645 2319 2739 2371 καὶ
2768 2315 2949 2382 ζώοις,
2971 2317 3084 2378 τοῖς
3116 2317 3174 2368 ὲν
3201 2315 3434 2378 τούτοις,
3471 2314 3698 2382 ἀνωμά-

2120 2411 2228 2476 λως
2251 2410 2510 2483 φέρεσθαι
2530 2411 2629 2480 τὴν
2668 2407 2816 2463 θείαν
2845 2407 3070 2478 δύναμιν
3098 2407 3458 2479 μεμιγμένην.
3486 2406 3562 2458 Δι’
3589 2405 3618 2457 ὃ
3636 2405 3701 2476 δὴ

2121 2505 2215 2558 καὶ
2247 2503 2340 2558 τὸν
2368 2503 2570 2573 κόσμον
2593 2501 2895 2570 γεγονέναι,
2927 2501 3019 2554 καὶ
3053 2501 3109 2552 έν
3134 2498 3282 2570 αὑτῷ
3315 2498 3465 2570 ἣλιον
3489 2498 3584 2552 καὶ
3614 2514 3702 2550 σε-

2116 2599 2284 2671 λήνην
2308 2600 2429 2662 ταῖς
2466 2596 2712 2666 γενέσεσι
2735 2597 2831 2650 καὶ
2850 2598 2969 2659 ταῖς
3002 2595 3258 2665 φθοραῖς,
3295 2593 3384 2646 ἀεὶ
3415 2592 3512 2663 τὴν
3543 2591 3701 2644 δύνα-

2120 2711 2210 2764 μιν
2231 2693 2328 2764 τὴν
2357 2692 2506 2745 θείαν
2533 2691 2631 2762 τῆς
2660 2689 2792 2761 ὕλης
2821 2687 3264 2759 ἀποχωρίζοντας
3293 2686 3388 2740 καὶ¹
3433 2686 3572 2759 πρὸς
3608 2685 3699 2739 τὸν

2115 2787 2249 2840 Θεὸν
2277 2784 2498 2857 παραπέ
2506 2800 2768 2855 μποντας.

430 2866 613 2919 vinam
644 2869 923 2926 virtutem.
958 2871 1363 2946 Proptereaque
1407 2879 1671 2934 mundum
1723 2881 2003 2936 conditum
2029 2896 2173 2944 esse,
2204 2888 2259 2935 et
2315 2882 2370 2932 in
2409 2879 2503 2932 illo
2555 2878 2726 2932 solem
2769 2884 2823 2930 et
2881 2875 3090 2937 lunam,
3140 2889 3262 2944 qua:
3311 2885 3495 2928 rerum
3554 2867 3698 2923 ortui

432 2954 784 3029 interituique
825 2962 1175 3032 prazsideant,
1239 2967 1480 3023 divinam
1535 2985 1751 3042 semper
1802 2972 2055 3026 virtutem
2111 2987 2144 3026 a
2184 2970 2409 3026 materia
2462 2954 2801 3039 separando,
2854 2973 3019 3036 atque
3063 2966 3130 3020 ad
3182 2964 3354 3020 Deum
3408 2962 3698 3019 transmit-

432 3048 617 3104 tendo.

429 3166 558 3222 CAP.
587 3167 868 3251 Ινειιιηω
889 3184 1225 3246 augmentum
1252 3186 1300 3231 et
1325 3176 1711 3235 decrementum
1731 3195 1750 3233 :
1775 3194 1928 3249 uaga:
1963 3179 2020 3232 in
2048 3194 2109 3302 εἴ
2133 3175 2501 3230 Munia/micae.
2530 3174 2607 3229 De
2645 3174 2853 3229 homine
2881 3181 2932 3226 et
2965 3171 3178 3226 Christo
3225 3171 3458 3225 somnia.
3504 3169 3691 3224 Absti-

1736 3251 1926 3302 nentia:
1952 3251 2072 3302 insu
2097 3266 2158 3302 sa
2192 3249 2351 3302 ratio.

1736 3251 1926 3305 nentia:
1952 3249 2158 3303 insulsa
2192 3249 2351 3302 ratio.

501 3351 627 3409 Haec
659 3370 852 3426 nempe
885 3357 1134 3412 molitum
1171 3373 1314 3424 esse,
1348 3369 1407 3414 ut
1439 3360 1723 3433 demiurgo
1751 3379 1816 3418 ac
1853 3379 2014 3419 crea-
2040 3373 2082 3430 c

429 3447 535 3501 tori
562 3447 738 3504 virtus
763 3448 868 3503 alia
902 3458 1178 3520 suppetat,
1209 3469 1330 3523 qua:
1381 3454 1448 3508 ad
1485 3457 1618 3511 solis
1649 3457 1789 3512 lucis
1825 3459 2007 3527 splen-

430 3539 594 3598 dores
621 3542 803 3596 trahat
840 3561 855 3598 :
887 3558 1117 3616 esseque
1164 3563 1278 3602 rem
1307 3549 1673 3613 manifestam,
1701 3552 1848 3607 velut
1883 3553 2008 3622 quis

431 3631 600 3702 dicat,
637 3649 803 3690 czeco.
834 3635 1043 3692 Lunam
1065 3639 1210 3694 enim
1234 3650 1586 3710 augmentum
1626 3643 1875 3700 faciendo
1900 3646 2009 3700 vir-

431 3730 604 3781 tutem
633 3727 905 3798 accipere,
937 3745 1058 3800 qua:
1095 3740 1383 3801 separatur
1434 3749 1465 3788 a
1506 3737 1754 3801 materia,
1803 3751 1868 3791 ac
1913 3752 2011 3807 per

432 3817 540 3871 hoc
597 3824 814 3889 tempus
847 3836 912 3876 ea
957 3822 1173 3892 plenam
1235 3824 1484 3881 evadere.
1522 3825 1627 3881 Ubi
1676 3843 1807 3883 vero
1851 3827 2009 3897 plena

433 3907 637 3973 fuerit,
701 3910 844 3966 inter
895 3910 1321 3968 decrescendum
1377 3915 1445 3970 ad
1489 3917 1659 3972 solem
1704 3917 2003 3981 remittere,

433 3999 606 4054 solem
631 4017 763 4056 vero
783 4001 851 4055 ad
884 4001 1053 4057 Deum
1083 4002 1256 4058 abire.
1292 4004 1458 4076 ldque
1479 4007 1615 4061 adeo
1643 4022 1767 4061 cum
1796 4007 2010 4076 praesti-

431 4092 582 4156 terit,
605 4105 926 4164 exspectare
955 4111 1174 4152 rursum
1207 4098 1338 4152 dum
1368 4099 1475 4154 alio
1494 4099 1793 4168 plenilunio
1825 4100 2006 4154 anima

431 4186 503 4240 ad
542 4187 720 4256 ipsum
747 4189 1068 4260 commigret
1096 4209 1109 4244 :
1144 4206 1307 4260 quam
1359 4193 1612 4247 similiter
1645 4173 2003 4262 assumptam,

432 4276 502 4329 ad
535 4276 704 4331 Deum
757 4286 950 4347 sponte
977 4281 1121 4334 sinat
1162 4280 1414 4338 transire.
1465 4283 1642 4354 Atque
1669 4285 1723 4339 id
1752 4285 1809 4338 in
1845 4299 2007 4340 omne

430 4382 605 4423 aevum
635 4370 806 4453 pensi.
819 4369 1020 4426 habere
1048 4379 1210 4441 atque
1239 4386 1436 4442 operae.

503 4549 611 4605 Sed
642 4559 698 4606 et
743 4550 799 4606 in
827 4551 942 4607 sole
988 4551 1258 4621 ejusmodi
1312 4554 1670 4610 simulacrum
1731 4555 2002 4626 conspici,

431 4645 613 4714 qualis
635 4650 720 4699 est
751 4643 926 4698 forma
961 4643 1237 4714 hominis;
1271 4647 1728 4718 ambitiosiusque
1744 4648 1876 4702 eniti
1899 4662 2009 4700 ma—

433 4736 623 4792 teriam
656 4744 717 4791 ut
745 4753 811 4792 ex
837 4752 897 4793 se
927 4737 1046 4808 ipsa
1073 4739 1274 4794 condat
1336 4740 1613 4795 hominem
1648 4780 1664 4806 ,
1720 4740 1869 4794 omni
1905 4755 2004 4794 sua

430 4828 721 4884 commista
745 4829 963 4894 virtute,
993 4830 1085 4899 qui
1110 4831 1227 4900 ipse
1257 4846 1474 4902 quoque
1501 4833 1697 4890 animae
1720 4831 2002 4901 quidpiam

431 4919 627 4975 habeat
657 4938 670 4974 :
701 4921 934 4975 multum
961 4931 1140 4977 tamen
1164 4925 1464 4979 contulisse
1483 4924 1738 4989 formam,
1759 4933 1820 4978 ut
1845 4924 2006 4979 homo

430 5012 610 5081 majus
633 5012 875 5082 aliquod,
907 5029 1018 5083 pra:
1044 5013 1271 5084 reliquis
1306 5015 1704 5081 animantibus,
1728 5029 2004 5069 commer-

430 5103 576 5156 cium
605 5104 1020 5160 nancisceretur
1059 5105 1258 5161 divinae
1295 5106 1533 5161 virtutis.
1566 5104 1704 5162 Esse
1733 5106 1878 5160 enim
1905 5105 2005 5160 ho—

430 5193 633 5248 minem
662 5195 861 5252 divina:
890 5198 1112 5254 virtutis
1163 5199 1453 5270 imaginem
1488 5218 1502 5253 :
1559 5195 1840 5254 Christum
1877 5214 2006 5254 vero

428 5300 552 5339 esse
585 5294 843 5343 mentem.
880 5287 985 5353 Qui
1019 5306 1144 5344 cum
1191 5291 1484 5361 aliquando
1523 5309 1554 5349 e
1599 5293 1856 5364 supernis
1889 5306 2005 5346 coe—

425 5381 576 5445 iique
602 5393 702 5432 axe
733 5380 994 5447 venisset,
1035 5382 1201 5453 hujus
1232 5386 1520 5454 plurimam
1552 5396 1760 5457 partem
1783 5386 2005 5441 virtutis

430 5465 500 5519 ad
536 5465 703 5521 Deum
736 5469 1035 5528 dimisisse.
1067 5475 1146 5528 Ac
1183 5473 1402 5530 demum
1433 5477 1488 5531 in
1519 5493 1740 5532 crucem
1795 5487 2001 5540 actum,

430 5573 527 5628 per
557 5573 682 5612 eum
705 5560 930 5614 modum
968 5565 1251 5619 scientiam
1270 5568 1570 5636 praebuisse
1602 5586 1616 5634 ;
1650 5569 2019 5637 divinamque'

432 5652 656 5714 aptasse
720 5648 1016 5712 virtutem,
1063 5663 1122 5704 ut
1167 5653 1225 5705 in
1282 5655 1510 5708 materia
1563 5655 1997 5725 cruciﬁgeretur.

440 5738 580 5802 Quia
632 5737 797 5808 igitur
825 5737 1018 5794 divina:
1044 5743 1339 5799 voluntatis
1365 5759 1426 5799 ac
1459 5746 1664 5802 decreti
1687 5754 1769 5804 est
1799 5753 1856 5801 ut
1887 5761 2000 5800 ma-

2199 3359 2352 3413 Ἑπεὶ
2377 3359 2485 3429 γάρ
2512 3354 2700 3426 τοιτῷ
2740 3355 3055 3427 δημιουργῷ
3095 3354 3287 3425 ἑτέραν
3333 3353 3563 3422 δύναμιν
3608 3353 3700 3406 ἐπὶ

2117 3452 2177 3506 τὸ
2205 3451 2489 3523 φωτοειδὲς
2519 3449 2615 3503 τοῦ
2647 3448 2798 3519 ἡλίου
2831 3447 3200 3501 καθέλκουσαν
3245 3445 3419 3501 ταῦτα
3459 3447 3697 3516 διαπρα-

2115 3541 2557 3615 γματεύσασθαι·
2600 3541 2692 3594 καὶ
2731 3534 2871 3592 εἶναι
2921 3540 3015 3592 καὶ
3051 3539 3292 3609 ἐμφανὲς
3331 3538 3393 3590 τὸ
3438 3539 3696 3609 πρᾶγμα,

2114 3636 2228 3698 καὶ,
2259 3635 2331 3698 ὡς
2358 3634 2422 3687 ἄν
2450 3650 2533 3696 τις
2565 3632 2729 3695 εἴποι,
2769 3630 2954 3700 τυφλῷ
2975 3631 3152 3701 δῆλον.
3189 3631 3276 3683 Ἑν
3315 3629 3412 3700 μὲν
3435 3629 3546 3698 γὰρ
3579 3632 3698 3690 ταῖς

2111 3727 2176 3779 αὖ
2186 3726 2372 3797 ξήσεσι
2393 3724 2492 3795 τὴν
2513 3723 2741 3795 σελήνην
2763 3722 2830 3774 λα
2839 3722 3060 3794 μ6ἁνειν
3086 3722 3184 3792 τὴν
3206 3721 3698 3791 ἀποχωριζομένην

2109 3817 2337 3888 δύναμιν
2386 3815 2493 3869 ἀπὸ
2533 3815 2632 3884 τῆς
2679 3813 2832 3883 ὕλης,
2868 3813 2963 3866 καὶ
2989 3797 3176 3883 ’πλήρη
3221 3811 3462 3881 γίνεσθαι
3491 3811 3700 3882 ταύτης

2109 3910 2200 3963 τὸν
2229 3909 2418 3980 χρόνον
2448 3907 2654 3960 τοῦτον.
2703 3907 3089 3979 Πληρωθεῖσαν
3114 3908 3191 3971 δὲ,
3228 3908 3284 3958 έν
3317 3908 3435 3968 ταῖς
3467 3904 3702 3974 μειώσε-

2118 4018 2201 4054 σιν
2233 4002 2312 4062 είς
2332 3999 2422 4052 τὸν
2450 3999 2601 4068 ἥλιον
2632 3998 3001 4069 ἀναπέμπειν⁸
3058 3997 3150 4050 τὸν
3183 3997 3241 4050 δὲ
3271 3996 3406 4067 πρὸς
3438 3996 3530 4048 τὸν
3561 3994 3700 4048 Θεὸν

2114 4093 2354 4146 ἀπιέναι.
2385 4091 2691 4161 Ποιήσαντα
2723 4089 2781 4142 δὲ
2807 4089 2984 4155 τοῦτο,
3033 4088 3348 4158 ἐκδέχεσθαι
3397 4087 3561 4141 πάλιν
3595 4086 3699 4156 τῆς

2113 4184 2220 4237 ἀπὸ
2245 4183 2345 4255 τῆς
2397 4183 2587 4252 ἑτέρας
2621 4182 2956 4252 πανσελήνου
2988 4182 3123 4252 πρὸς
3164 4182 3325 4234 αὑτὸν
3365 4181 3466 4253 τῆς
3513 4180 3696 4250 ψυχῆς

2115 4276 2460 4347 μετοίκησιν’
2495 4277 2588 4328 καὶ
2611 4275 2994 4345 παραλαϐόντα
3024 4274 3222 4344 ὁμοίως
3259 4274 3395 4344 πρὸς
3438 4272 3534 4327 τὸν
3558 4272 3696 4326 Θεὸν

2111 4369 2205 4438 ὲᾷν
2230 4367 2547 4440 αὐτομάτως
2578 4365 2858 4439 φέρεσθαι.
2891 4367 3001 4420 Καὶ
3041 4366 3196 4420 τοῦτο
3231 4366 3319 4419 διά
3362 4364 3566 4427 παντὸς
3606 4367 3699 4418 έκ-

2107 4463 2307 4516 πονεῖν.

2177 4554 2286 4606 Καῖ
2334 4551 2516 4606 εἰκόνα
2547 4551 2604 4605 δὲ
2653 4552 2712 4603 ἐν
2742 4549 2875 4623 ἡλίῳ
2920 4548 3191 4620 ἑωρᾶσθαι
3248 4547 3538 4620 τοιαύτην,
3581 4542 3698 4602 οἷόν

2107 4648 2223 4699 ἐστι
2260 4645 2320 4698 τὸ
2344 4644 2438 4698 τοῦ
2468 4643 2755 4714 ἀνθρώπου
2785 4640 2950 4706 εἶδος·
2978 4643 3072 4695 καὶ
3101 4641 3696 4712 ἁντιφιλοτιμήσασθαι

2105 4738 2204 4809 τὴν
2233 4738 2364 4809 ὕλην
2398 4739 2620 4808 ποιῆσαι
2651 4737 2740 4790 τὸν
2772 4735 3056 4807 ἄνθρωπον
3104 4735 3161 4801 ἐξ
3199 4733 3372 4803 αὐτῆς
3403 4732 3548 4786 κατά
3595 4733 3696 4804 τὴν

2106 4831 2193 4883 διὰ
2221 4830 2399 4901 πάσης
2419 4830 2591 4899 αὐτῆς
2614 4830 2713 4900 τῆς
2742 4828 3022 4899 δυνάμεως
3052 4826 3214 4898 μίξιν,
3233 4827 3432 4896 ⁴ἔχοντα
3469 4825 3567 4878 καὶ
3596 4826 3698 4877 αύ-

2107 4923 2196 4977 τόν
2219 4941 2269 4976 τι
2297 4924 2395 4994 τῆς
2421 4923 2599 4993 ψυχῆς
2617 4938 2630 4950 ”
2653 4922 2787 4975 πολὺ
2811 4922 2990 4993 μέντοι
3021 4937 3084 4972 συ
3093 4918 3431 4990 μϐεϐλῆσθαι
3460 4918 3520 4971 τὸ
3550 4914 3696 4982 εἶδος

2107 5018 2186 5078 εἰς
2210 5015 2269 5068 τὸ
2299 5015 2479 5068 πλεῖόν
2512 5032 2562 5067 τι
2589 5013 2740 5086 παρά
2771 5014 2840 5066 τά
2866 5013 3000 5066 ἀλλα
3025 5011 3194 5083 θνητὰ
3239 5009 3354 5075 ζῶα
3393 5010 3494 5080 τῆς
3531 5009 3696 5064 δυνά·-

2110 5123 2254 5177 μεως
2280 5107 2377 5176 τῆς
2417 5105 2564 5168 θείας
2584 5107 2673 5159 τὸν
2705 5104 2987 5176 ἄνθρωπον
3021 5105 3330 5173 μετασχεῖν.
3386 5101 3695 5172 Ὑπάρχειν

2105 5199 2212 5269 γὰρ
2245 5198 2405 5251 αὑτὸν
2441 5197 2589 5260 θείας
2628 5196 2908 5266 δυνάμεως
2951 5195 3168 5248 είκόνα’
3223 5193 3315 5246 τὸν
3355 5192 3414 5245 δὲ
3451 5192 3693 5263 Χριστὸν

2105 5287 2242 5345 εἶναι
2267 5290 2417 5365 νοῦν..
2442 5292 2538 5343 Ὃν
2571 5289 2654 5361 δὴ,
2690 5291 2784 5342 καὶ
2811 5287 3139 5358 ἀφικόμενόν
3171 5302 3300 5340 ποτε
3326 5284 3433 5337 ἀπὸ
3453 5284 3549 5338 τοῦ
3577 5285 3694 5338 ἀνω

2105 5382 2290 5444 τόπου,
2336 5381 2582 5432 πλεῖστόν
2626 5396 2684 5431 τε
2728 5379 2827 5450 τῆς
2864 5379 3144 5448 δυνάμεως
3178 5378 3383 5447 ταύτης
3421 5374 3559 5446 πρὸς
3597 5374 3693 5427 τὸν

2104 5473 2234 5526 Θεὸν
2259 5471 2558 5525 λελυκέναι.
2593 5471 2703 5523 Καὶ
2734 5469 2797 5542 δὴ
2841 5471 2936 5522 καὶ
2965 5469 3028 5521 τὸ
3067 5467 3376 5520 τελευταῖον
3411 5467 3693 5518 ἀνασταυ-

2107 5565 2346 5636 ρωθέντα
2380 5563 2755 5634 παρασχέσθαι
2782 5561 2985 5630 γνῶσιν
3012 5559 3200 5631 τοιῷδε
3222 5558 3410 5629 τρόπῳ
3429 5573 3442 5586 ·
3474 5556 3570 5609 καὶ
3590 5555 3690 5624 τὴν

2102 5655 2327 5723 δύναμιν
2379 5652 2478 5722 τὴν
2529 5653 2676 5706 θείαν
2714 5651 3068 5722 ὲνηρμόσθαι,
3122 5647 3567 5719 ἐνεσταυρῶσθαι
3617 5647 3687 5718 τῇ

2105 5743 2223 5816 ὕλῃ.
2271 5745 2420 5797 Ἐπεὶ
2447 5739 2538 5798 οῦν
2572 5742 2898 5799 ἀπόλλυσθαι
2915 5740 3012 5812 τὴν
3039 5740 3170 5812 ὕλην
3191 5741 3308 5795 ἐστὶ
3324 5739 3460 5793 Θεοῦ
3484 5737 3687 5811 δόγμα,
