3862 6158
195 262 299 318 ιη

1077 267 1498 326 TRACTATUS
1536 270 1626 324 DE
1665 271 1978 331 PLACITIS
2017 275 2571 334 MANICHIEORUM.

3321 295 3428 354 “8

192 374 491 446 ἀπέχεσθαι
532 375 630 444 μὲν
675 376 933 447 ἐμψύχων
959 379 1205 446 πάντων,
1255 379 1549 446 σιτίζεσθαι
1579 384 1634 436 δὲ
1656 385 1730 452 ,λά

1818 389 2000 460 ιιοτῑο
2040 398 2247 458 pereat,
2277 391 2346 444 ab
2374 391 2441 446 iis
2491 391 2767 451 abstinere
2808 411 2930 467 qua:
2987 400 3224 458 animata
3259 418 3430 476 sunt;

183 485 342 537 χανα,
371 469 463 520 καὶ
485 469 591 520 πᾶν
621 467 714 520 ὅτι
742 469 1084 541 ἀναίσθητον.
1124 471 1441 542 Ἀπέχεσθαι
1489 475 1544 527 δὲ
1573 476 1763 546 γάμων

1867 480 2014 534 vesci
2065 496 2197 535 vero
2231 482 2490 546 oleribus,
2522 498 2585 537 ac
2614 483 2661 540 si
2699 487 2830 555 quid
2869 496 2953 544 est
2989 506 3183 549 sensus
3210 512 3428 566 expers.

181 558 274 612 καὶ
306 559 634 630 ἀφροδισίων
665 560 757 612 καὶ
786 563 1144 626 τεκνοποιίας.
1189 565 1276 618 ἵνα
1315 566 1386 636 μὴ
1421 567 1696 620 ἐπιπλεῖον
1726 588 1730 597 ·

1869 568 1938 623 Sc
1966 584 2180 639 quoque
2209 571 2482 626 abstinere
2511 589 2541 626 a
2572 575 2779 644 nuptiis
2817 584 2870 632 et
2901 583 3147 637 venereis
3197 599 3261 638 ac
3281 558 3427 652 ἰπο-

177 647 405 716 δύναμις
437 648 688 719 ἐνοικήσῃ
722 650 786 716 τῇ
813 648 912 721 ὕλῃ
943 651 1083 704 κατὰ
1101 651 1198 723 τὴν
1234 654 1328 707 τοῦ
1357 655 1545 722 γένους
1579 657 1757 710 διαδο-

175 739 276 809 χήν
298 756 313 767 ⁸
350 740 426 809 μὴ
456 739 670 808 ἐξάγειν
697 740 753 793 δὲ
788 743 1031 806 ἑαυτοὺς,
1071 745 1492 816 μηχανωμένους
1542 749 1750 820 κάθαρ-

176 846 258 881 σιν
288 823 366 884 ὧν
397 831 756 913 ἐλυμήνατοὴ
789 833 935 905 μίξις
962 835 1058 905 τῆς
1086 835 1217 908 ὕλης
1246 838 1344 910 τὴν
1371 838 1617 910 δύναμιν.
1698 903 1716 920 .

1864 660 2115 714 creandis
2147 661 2352 725 liberis,
2377 677 2446 716 ne
2476 663 2698 720 altiores
2727 665 2782 720 in
2809 672 3034 725 materia
3065 673 3280 732 radices
3332 695 3429 749 per

1859 751 2074 820 generis
2117 752 2522 808 successionem
2569 756 2742 812 virtus
2808 768 2976 831 agat;
3022 779 3123 817 nec
3181 781 3241 820 se
3276 769 3426 838 ipsos

1854 842 2111 908 eximere,
2142 855 2404 899 conantes
2438 847 2761 913 emundare,
2819 866 2982 920 quam
3013 854 3118 911 sibi
3147 856 3325 912 virtus
3357 876 3424 915 ex

1850 933 2080 986 admista
2103 935 2330 989 materia
2351 936 2525 993 labem
2551 941 2931 999 conscivisset.

163 1059 296 1114 CAP.
322 1059 388 1115 ν.
415 1062 558 1118 Solis
583 1081 646 1118 ac
671 1065 809 1121 (una:
837 1065 1010 1121 cultus
1032 1068 1126 1122 sub
1157 1067 1284 1124 Deo.
1309 1068 1614 1155 Μαςιὶείιανίε
1633 1073 1694 1155 in
1723 1072 2025 1155 (ἓτερον-,ατη
2049 1074 2260 1155 [abellis
2285 1080 2508 1147 quwsita
2531 1082 2798 1149 prwsidia.
2818 1084 3213 1155 Scripturarum
3236 1102 3421 1149 aucto-

1369 1142 1504 1194 ritas
1536 1159 1600 1196 ac
1619 1144 1750 1212 ﬁdes
1789 1135 2103 1199 Manichafis
2130 1135 2324 1214 spreta'.

235 1269 322 1322 Τά
357 1272 455 1340 μὲν
484 1271 988 1348 κεφαλαιωδέστερα
1012 1269 1086 1331 ὧν
1106 1278 1372 1347 λέγουσιν,
1401 1281 1516 1334 ἐστὶ
1547 1281 1736 1336 ταῦτα.

159 1378 380 1453 Τιμῶσι
413 1378 468 1431 δὲ
506 1379 739 1450 μάλιστα
775 1382 926 1451 ἥλιον
948 1384 1040 1436 καὶ
1068 1384 1316 1456 σελήνην,
1334 1387 1432 1456 οὐχ
1454 1387 1528 1450 ὡς
1562 1387 1736 1453 θεοὺς,

158 1477 276 1532 ἀλλ’
309 1479 384 1542 ὡς
413 1479 528 1532 ὁδὸν
560 1480 632 1534 δι’
658 1474 726 1553 ἦς
749 1481 865 1535 ἔστι
907 1484 1040 1554 πρὸς
1071 1485 1204 1538 Θεὸν
1232 1486 1544 1554 ἀφικέσθαι.
1584 1490 1740 1542 Ἀπο-

157 1571 523 1644 χωρισθείσης
549 1573 605 1626 δὲ
638 1575 880 1646 ἀκριϐῶς
901 1576 999 1646 τῆς
1035 1577 1182 1642 θείας
1215 1578 1512 1649 δυνάμεως,
1539 1581 1600 1634 τὸ
1633 1581 1737 1648 ἔξω

155 1661 270 1733 πῦρ
301 1680 454 1731 φασι,
482 1667 786 1736 συμπεσὸν,
816 1667 974 1720 ἑαυτό
1005 1686 1063 1720 τε
1091 1670 1184 1722 καὶ
1212 1670 1273 1723 τὺ
1318 1671 1444 1726 ἄλλο
1489 1674 1730 1744 σύμπαν,

151 1754 182 1806 ὅ
201 1771 254 1806 τι
281 1755 329 1806 δ’
350 1755 417 1809 ἂν
438 1756 691 1830 λείπηται
719 1761 817 1830 τῆς
847 1759 998 1830 ὕλης,
1050 1765 1531 1832 συγκαταφλέξειν.
1583 1769 1646 1819 υἱ
1674 1767 1731 1821 δὲ
1765 1799 1806 1852 Β

148 1847 210 1897 ἐν
236 1847 447 1913 τούτοις
486 1851 826 1922 χαριέστεροι
867 1853 962 1905 καὶ
1016 1853 1341 1926 Ἑλληνικῶν
1373 1857 1472 1910 οὐκ
1516 1857 1728 1930 ἄπειροι

148 1935 326 2004 λόγων
351 1941 854 2013 ἀναμιμνήσκουσιν
901 1945 1047 2014 ἡμᾶς
1087 1947 1151 1998 ἐκ
1192 1946 1301 1999 τῶν
1340 1949 1579 2002 οἰκείων.
1633 1950 1728 2003 Ἐκ

149 2029 252 2098 μὲν
281 2031 393 2082 τῶν
436 2032 663 2086 τελετῶν
710 2035 802 2088 τὸν
849 2037 1322 2107 κατατεμνόμενον
1357 2041 1610 2093 Διόνυσον
1648 2039 1726 2110 τῷ

143 2119 290 2190 λόγῳ
313 2122 756 2194 ἐπιφημίζοντες,
781 2125 886 2179 ὑπὸ
905 2126 1012 2179 τῶν
1042 2129 1284 2183 Τιτάνων
1304 2172 1318 2196 ,
1357 2131 1722 2205 καθάπερίλέ-

141 2227 335 2278 γουσιν
362 2213 538 2280 αὐτοὶ,
571 2214 669 2286 τὴν
694 2216 842 2269 θείαν
875 2217 1105 2288 δύναμιν
1152 2219 1469 2292 μερίζεσθαι
1503 2224 1584 2288 ε’ς
1624 2226 1723 2296 τὴν

141 2300 312 2372 sm-
340 2304 404 2354 ἐκ
439 2303 496 2356 δὲ
525 2305 632 2358 τῶν
675 2309 941 2378 ποιήσεων
982 2310 1083 2380 τῆς
1129 2315 1596 2384 γιγαντομαχίας,
1638 2317 1720 2371 ὃτι

140 2391 281 2461 μηδὲ
302 2393 452 2447 αὐτοὶ
475 2397 743 2466 ἠγνόησαν
768 2399 868 2469 τὴν
893 2399 994 2469 τῆς
1010 2400 1142 2472 ὕλης
1164 2403 1305 2457 κατά
1330 2404 1422 2457 τοῦ
1440 2406 1573 2460 Θεοῦ
1590 2407 1718 2460 άντ-

135 2501 321 2557 αρσιν.
396 2487 538 2556 Ἐγὼ
566 2489 642 2552 δὲ,
675 2491 750 2554 ὡς
789 2494 886 2562 μὲν
932 2495 1104 2549 ταῦτα
1138 2497 1236 2568 οὐχ
1279 2497 1436 2551 ἱκανά
1467 2498 1719 2568 ψυχαγω-

134 2584 306 2655 γῆσαι
327 2587 455 2651 τοὺς
484 2589 858 2657 ἀϐασανίστως
879 2594 968 2648 τὸν
986 2595 1141 2665 λόγον
1180 2599 1590 2670 προσιεμένους,
1616 2601 1716 2655 οὐκ

131 2672 203 2730 ἂν
237 2675 484 2748 εἴποιμι,
529 2681 729 2751 ὅπουγε
774 2685 868 2737 καί
908 2703 1060 2750 τινας
1096 2688 1206 2741 τῶν
1247 2690 1714 2759 συνεσχολακότων

131 2767 266 2836 ἡμῖν
292 2769 351 2822 ἐν
378 2770 457 2841 τῷ
483 2772 791 2843 φιλοσοφεῖν
827 2777 1156 2852 μετέστησεν
1194 2782 1227 2852 ἡ
1261 2781 1483 2852 τοιαύτη
1527 2782 1711 2854 ἀπάτη

128 2857 242 2910 τῶν
263 2859 440 2928 λόγων
487 2864 623 2934 πρὸς
667 2866 897 2939 ἑαυτήν·
939 2871 1018 2934 εὶς
1045 2870 1288 2938 ἐξέτασιν
1329 2871 1385 2925 δὲ
1421 2873 1568 2935 ὅπως
1599 2871 1710 2943 ἔχει

128 2948 227 3002 νῦν
259 2951 499 3022 ἐμαυτὸν
525 2954 730 3022 καθεὶς,
760 2959 952 3031 ἀπορῶ
984 2961 1037 3014 τί
1078 2963 1387 3033 χρήσωμαι.
1414 2961 1550 3015 Οὔτε
1601 2962 1709 3035 γὰρ

124 3040 213 3096 διά
244 3061 407 3097 τινων
433 3045 606 3116 λόγων
629 3053 1029 3122 νενομισμένων
1055 3055 1191 3107 εἰσὶν
1219 3055 1396 3108 αὐτῶν
1433 3057 1488 3108 αἱ
1517 3055 1709 3110 ὑποθέ-

129 3147 262 3198 σεις,
294 3133 381 3186 ἵνα
408 3136 548 3190 κατά
568 3139 768 3204 ταύτας
795 3142 894 3213 τὴν
921 3143 1147 3214 ζήτησιν
1170 3145 1523 3215 ποιησώμεθα
1543 3163 1557 3176 ·
1585 3145 1708 3199 οὔτε
1739 3157 1779 3211 C

126 3219 272 3283 τινες
293 3221 461 3294 ἀρχαὶ
491 3227 836 3295 ἀποδείξεων,
870 3233 962 3286 καὶ
993 3235 1078 3287 ἵνα
1105 3235 1166 3287 τὸ
1194 3235 1418 3299 ταύταις
1446 3235 1707 3307 ἑπόμενον

126 3314 452 3387 θεασώμεθα
475 3337 489 3348 ·
517 3319 741 3391 ἕρμαιόν
761 3342 820 3377 τε
858 3325 1074 3398 ἀληθῶς
1106 3327 1222 3379 ἐστι
1267 3327 1326 3380 τὸ
1369 3328 1476 3380 τῶν
1523 3328 1710 3392 ἁπλῶς

125 3406 438 3481 λεγομένων
483 3413 818 3484 φιλοσοφεῖν.
882 3420 946 3471 Οί
978 3419 1074 3482 τὰς
1101 3421 1231 3490 παρ’
1268 3420 1448 3484 αὐτοῖς
1492 3419 1708 3492 γραφὰς

123 3501 360 3566 παλαιάς
399 3521 458 3557 τε
502 3509 596 3560 καὶ
639 3507 764 3573 νέας
802 3510 1271 3582 ὑποστησάμενοι,
1317 3512 1704 3578 θεοπνεύστους

122 3587 262 3645 εἶναι
297 3595 694 3668 ὑποτιθέμενοι,
729 3599 827 3666 τὰς
863 3602 1010 3671 σφῶν
1049 3603 1228 3656 αὐτῶν
1267 3603 1424 3670 δόξας
1457 3603 1704 3658 ἐντεῦθεν

121 3684 467 3754 περαίνουσιο
505 3689 596 3742 καὶ
626 3690 940 3762 ἐλέγχεσθαι
979 3693 1138 3763 μόνον
1175 3694 1474 3766 τηνικαῦτα
1515 3693 1702 3748 δοκοῦ-

121 3791 226 3840 σιν,
256 3778 353 3831 ἐάν
385 3797 437 3831 τι
473 3781 548 3852 μὴ
570 3783 795 3848 ταύταις
816 3784 1104 3841 ἀκόλουθον
1127 3787 1159 3857 ἢ
1187 3786 1439 3856 λέγεσθαι
1526 3787 1701 3858 πράτ-

118 3885 306 3938 τεσθαι
335 3887 428 3938 ὑπ’
462 3889 640 3942 αὐτῶν
666 3892 974 3962 συμϐαίνει.
1019 3895 1129 3947 Καὶ
1149 3895 1285 3966 ὅπερ
1311 3896 1366 3947 αἱ
1408 3894 1560 3966 παρὰ
1589 3897 1700 3959 τοῖς

120 3979 466 4050 φιλοσοφοῦσι
498 3983 619 4038 καθ’
651 3985 918 4057 Ἕλληνας
950 3987 1056 4040 τῶν
1099 3987 1421 4053 ἀποδείξεων
1451 3990 1617 4062 ἀρχαὶ
1643 3993 1697 4044 αἱ

118 4073 410 4143 προτάσεις
436 4075 707 4146 διάμεσοι,
735 4079 893 4132 τοῦτο
935 4081 1066 4152 παρ’
1113 4081 1296 4146 αὐτοῖς
1329 4083 1478 4135 ἐστιν
1519 4084 1552 4154 ἡ
1587 4083 1697 4136 τῶν

114 4173 412 4242 προφητῶν
437 4175 608 4245 φωνή.
649 4175 916 4230 Ἐνταῦθα
955 4177 1012 4230 δὲ
1054 4178 1258 4232 τούτων
1302 4179 1401 4249 μὲν
1443 4178 1696 4233 ἁπάντων

112 4263 550 4335 ἐκϐαλλομένων,
577 4266 884 4338 λεγομένων
916 4270 972 4322 δὲ
1017 4263 1092 4322 ῶν
1137 4271 1400 4341 πρότερον
1454 4272 1695 4343 ἐπεμνή-

109 4355 245 4427 σθην
275 4356 406 4410 ἄνευ
429 4357 572 4422 τινὸς
595 4359 920 4427 ἀποδείξεως
939 4377 951 4390 ·
976 4362 1274 4429 ἀναγκαίου
1295 4362 1353 4414 δὲ
1377 4362 1528 4426 ὄντος
1557 4363 1695 4433 μετά

106 4448 266 4517 λόγου
291 4449 623 4520 ποιήσασθαι
643 4452 742 4522 τὴν
767 4453 1076 4523 ἀπόκρισιν,
1097 4454 1232 4509 ἀλλά
1257 4454 1330 4525 μὴ
1349 4454 1690 4527 πιθανώτερα

1921 1283 2060 1340 Sunt
2093 1286 2207 1340 haec
2232 1288 2452 1356 quidem
2479 1305 2667 1345 eorum
2712 1309 2832 1362 qum
2867 1295 3056 1352 dicunt
3086 1315 3149 1354 ac
3171 1302 3416 1358 sentiunt.

1848 1379 2260 1450 principaliora.
2292 1380 2492 1435 Colunt
2527 1399 2655 1438 vero
2681 1388 2915 1444 maxime
2937 1392 3104 1446 solem
3124 1403 3177 1449 et
3202 1396 3408 1461 lunam,

1845 1486 1956 1524 non
1992 1481 2048 1524 ut
2097 1473 2248 1538 deos,
2298 1473 2392 1526 sed
2433 1485 2488 1527 ut
2516 1477 2657 1530 viam
2703 1493 2808 1546 qua
2854 1481 2934 1534 eis
2979 1481 3146 1538 Deum
3190 1489 3409 1558 assequi

1845 1563 2023 1618 liceat.
2055 1563 2312 1634 Sejuncta
2355 1582 2485 1620 vero
2519 1569 2739 1637 penitus
2766 1570 2946 1627 divina
2973 1575 3196 1641 virtute,
3228 1579 3409 1649 ignem

1843 1653 1997 1707 aiunt
2049 1657 2374 1711 exteriorem
2429 1657 2731 1727 delapsum,
2764 1663 2941 1732 ipsum
2978 1682 3055 1730 sc,
3087 1683 3150 1722 ac
3185 1671 3229 1723 si
3278 1670 3407 1740 quid

1839 1747 1984 1800 aliud
2013 1745 2178 1801 fuerit
2226 1749 2466 1803 materiae
2511 1752 2802 1821 reliquum,
2833 1757 3267 1812 combusturum.
3301 1764 3404 1829 Qui

1836 1849 2014 1893 autem
2047 1841 2187 1896 inter
2218 1856 2310 1896 eos
2357 1842 2647 1912 lepidiores
2701 1857 2868 1913 sunt,
2929 1865 3032 1904 nec
3081 1850 3371 1907 Graecarum.

1834 1930 2158 1985 eruditionis
2184 1946 2247 1985 ac
2273 1933 2577 1988 litterarum
2609 1947 2893 2007 expertes,
2924 1941 3027 2010 ipsi
3057 1957 3156 1998 nos
3181 1959 3249 1998 ex
3278 1958 3404 2012 pro-

1832 2021 1965 2091 priis
1990 2023 2298 2078 admonent.
2322 2023 2399 2077 Ex
2416 2027 2743 2083 caerimoniis
2765 2031 2980 2098 quidem
3005 2047 3069 2086 ac
3095 2035 3402 2103 mysteriis:

1832 2127 1928 2181 per
1963 2112 2234 2166 Bacchum
2265 2114 2357 2183 qui
2405 2117 2612 2170 scissus
2643 2125 2800 2172 utero
2825 2127 2933 2182 est,
2967 2123 3288 2191 signiﬁcari,
3317 2124 3405 2180 di-

1828 2201 1936 2255 vidi
1962 2203 2016 2255 in
2049 2203 2328 2256 materiam
2359 2220 2388 2257 a
2418 2203 2726 2270 Titanibus,
2750 2217 2809 2261 ut
2844 2210 2945 2279 ipsi
2974 2212 3295 2282 loquuntur,
3318 2215 3404 2269 di-

1825 2281 2008 2346 vinam
2040 2292 2295 2358 virtutem
2323 2311 2335 2346 :
2379 2309 2446 2348 ex
2474 2304 2753 2364 poetarum
2784 2307 2964 2354 autem
2999 2301 3179 2357 fabula
3209 2304 3400 2374 gigan-

1827 2391 1945 2438 tum
1981 2399 2193 2454 pugnze,
2234 2384 2486 2451 indicari,
2522 2387 2600 2444 Ne
2634 2389 2754 2444 illos
2781 2393 2999 2460 quidem
3032 2395 3270 2450 materia;
3300 2399 3370 2452 ad

1830 2490 2024 2529 versus
2077 2475 2246 2531 Deum
2295 2478 2644 2534 rebellionem
2696 2483 3015 2538 nescivisse.
3063 2484 3176 2556 Ego
3224 2503 3393 2553 sane,

1831 2567 2289 2635 quemadmodum
2318 2569 2434 2624 haac
2455 2571 2598 2626 haud
2629 2573 2949 2630 sufﬁcientia
2980 2577 3049 2630 ad
3079 2593 3270 2634 eorum
3301 2583 3396 2636 de-

1822 2655 2092 2714 liniendos
2116 2659 2349 2727 animos,
2393 2662 2486 2730 qui
2517 2663 2668 2725 nullo
2691 2666 2942 2721 examine
2967 2682 3277 2725 sermonem
3304 2687 3396 2727 re-

1819 2750 2052 2819 cipiunt,
2087 2750 2230 2805 haud
2259 2751 2474 2808 inﬁcias
2508 2756 2684 2821 ierim,
2745 2757 3188 2828 quandoquidem
3221 2763 3389 2817 etiam

1817 2843 2133 2909 nonnullos,
2181 2845 2272 2914 qui
2303 2861 2409 2900 una
2434 2849 2719 2903 nobiscum
2754 2849 3113 2920 philosophiae
3153 2868 3392 2908 navave~

1815 2940 1945 2987 runt
1977 2949 2222 3004 Operam,
2254 2937 2585 3007 ejuscemodi
2616 2955 2932 2994 sermonum
2952 2940 3203 3013 deceptio
3234 2945 3304 2999 ad
3329 2960 3393 3000 se

1815 3025 2060 3078 traduxit
2096 3043 2110 3093 ;
2169 3031 2261 3096 qui
2294 3037 2474 3083 tamen
2504 3031 2666 3084 modo
2696 3046 2832 3095 rem,
2872 3038 2931 3085 ut
2960 3047 3020 3088 se
3067 3033 3263 3089 habeat
3292 3051 3390 3090 ex-

1815 3117 2164 3173 aminandam
2194 3121 2495 3190 aggrediar,
2533 3138 2757 3193 quome
2784 3133 2994 3179 vertam
3025 3127 3233 3181 nescio.
3263 3127 3386 3185 Non

1813 3207 1958 3261 enim
1982 3223 2078 3277 per
2110 3209 2378 3280 legitimas
2411 3212 2550 3267 ullas
2579 3214 2817 3268 rationes
2834 3217 3137 3282 procedunt
3161 3216 3392 3285 illorum

1813 3299 2162 3370 hypotheses,
2196 3312 2254 3355 ut
2282 3317 2379 3371 per
2418 3319 2513 3358 eas
2562 3319 2790 3359 examen
2849 3304 3138 3362 instituere
3197 3309 3393 3383 liceatg.‘

1809 3389 1994 3461 Neque
2030 3392 2138 3446 ulla
2168 3401 2295 3447 sunt
2323 3393 2853 3450 demonstrationum
2879 3397 3169 3467 principia,
3222 3409 3276 3454 et
3323 3410 3388 3467 ut

1808 3485 1953 3554 quod
1980 3485 2228 3554 sequitur
2253 3487 2537 3544 videamus
2569 3509 2582 3543 :
2640 3489 3028 3560 inventumque
3071 3505 3132 3545 re
3160 3507 3288 3557 vera
3326 3500 3386 3556 et.

1806 3577 2018 3632 lucrum
2049 3578 2388 3648 insperatum
2423 3595 2610 3634 eorum
2641 3590 2746 3644 est,
2786 3582 2881 3652 qui
2916 3583 3224 3652 simplicius
3256 3585 3378 3661 phi-

1811 3667 2090 3738 losophari
2113 3670 2390 3724 dicuntur.
2421 3669 2508 3733 Hi,
2560 3686 2728 3728 novas
2753 3673 2856 3727 sibi
2883 3682 3204 3750 veteresque
3239 3677 3381 3734 scri—

1805 3766 2000 3828 pturas
2023 3761 2362 3827 adhibentes,
2395 3778 2519 3817 cum
2541 3764 2802 3820 divinitus
2823 3765 3114 3834 inspiratas
3146 3767 3258 3822 sibi
3281 3784 3386 3824 cas,

1803 3857 2069 3918 statuant,
2105 3869 2234 3910 suas
2257 3855 2383 3910 inde
2405 3856 2689 3926 opiniones
2717 3857 3054 3911 concludunt
3084 3877 3097 3924 ;
3132 3865 3375 3930 tuncque

1801 3942 1978 3996 solum
2013 3944 2162 4014 argui
2197 3944 2450 3999 videntur
2496 3954 2658 4016 atque
2688 3945 2882 4010 reielli,
2907 3961 3032 4004 cum
3064 3948 3131 4001 ab
3160 3948 3240 4002 eis
3272 3949 3372 4002 ali-

1800 4035 1929 4104 quid
1957 4049 2068 4089 non
2100 4035 2167 4090 iis
2200 4051 2502 4091 consonum
2535 4047 2626 4098 aut
2657 4037 2763 4092 dici
2801 4046 2894 4091 aut
2944 4040 3028 4109 agi
3056 4039 3368 4111 contigerit.

1799 4123 2063 4194 Quodque
2111 4125 2178 4180 iis
2220 4127 2313 4196 qui
2359 4125 2670 4190 Grzecorum
2708 4129 2817 4190 ritu
2869 4130 3366 4200 philosophantur,

1798 4214 2326 4273 demonstrationum
2373 4217 2640 4286 principia
2682 4217 3018 4273 intermediae
3040 4221 3376 4290 propositio-.

1799 4322 1897 4360 nes
1925 4316 2054 4361 sunt
2087 4325 2100 4374 ;
2131 4308 2233 4368 hoc
2287 4309 2422 4378 ipsis
2456 4316 2540 4363 est
2568 4309 2954 4379 prophetarum
3007 4326 3112 4365 vox
3147 4326 3211 4365 ac
3239 4325 3373 4367 ora-A

1799 4398 2004 4454 culum.
2039 4397 2139 4454 Hic
2169 4407 2371 4462 autem,
2433 4401 2649 4454 cunctis
2686 4401 2770 4454 his
2799 4402 3126 4465 eliminatis,
3158 4411 3213 4456 et
3241 4420 3370 4458 cum

1789 4503 1852 4542 ea
1886 4504 2120 4557 quorum
2153 4491 2406 4560 superius
2469 4489 2691 4548 memini
2721 4531 2736 4553 ,
2787 4491 2993 4559 absque
3025 4492 3130 4544 ulla
3165 4493 3366 4561 proba-

105 4539 272 4611 ἕτερα
294 4541 624 4611 παραθεῖναι
656 4544 750 4596 καὶ
784 4545 981 4614 μᾶλλον
1009 4546 1390 4616 ψυγαγωγεῖνο
1441 4547 1688 4619 χαλεπω-
1719 4573 1730 4626 ]

1828 4539 1851 4540 η
1893 4539 2120 4557 Γηηη
2153 4539 2404 4560 __,-_-__
2721 4539 2736 4553 τ
2789 4539 2991 4559 πη---
3028 4539 3130 4544 _--_
3166 4539 3334 4561 Γ---

1820 4579 1944 4634 ione
1971 4579 2226 4635 dicantur
2253 4599 2268 4648 ;
2302 4582 2480 4652 sitque
2509 4582 2880 4646 necessarium
2917 4590 2974 4636 ut
2999 4598 3122 4637 cum
3153 4584 3369 4648 ratione

104 4637 242 4708 τέρα
272 4639 307 4708 ὴ
336 4639 546 4707 ἔφοδος,
583 4643 672 4695 καὶ
697 4642 776 4696 ἔτι
801 4644 1000 4714 μᾶλλον
1033 4645 1410 4719 δυσκολωτέρα
1435 4688 1450 4713 ,
1483 4649 1563 4702 ὅτι
1595 4648 1689 4701 καὶ

104 4728 388 4793 ποικίλους
416 4734 542 4796 τοὺς
568 4733 758 4803 λόγους
776 4736 1043 4790 ποιεῖσθαι
1070 4738 1166 4792 δεῖ.
1200 4735 1271 4792 Οἵ
1302 4757 1360 4793 τε
1387 4740 1494 4811 γὰρ
1527 4741 1686 4811 ἀκρι-

103 4816 353 4888 ϐέστεροι
383 4821 510 4884 τοὺς
541 4823 646 4876 ὑπὸ
688 4824 892 4880 τούτων
927 4827 1054 4881 ἄνευ
1090 4828 1233 4891 τινὸς
1279 4829 1512 4894 πίστεως
1549 4847 1684 4901 προ-

102 4909 576 4984 κατειλημμένους
600 4914 808 4972 λάθοιεν
854 4919 940 4984 ἆν,
971 4921 1040 4981 εἰ,
1083 4919 1172 4972 ὅτε
1217 4920 1298 4983 είς
1330 4919 1686 4992 ψυχαγωγίαν

102 5007 333 5073 γένοιτο,
359 5013 439 5076 εἰς
472 5013 572 5078 τὰς
591 5016 760 5079 αὐτὰς
778 5017 946 5081 λαϐἀς
966 5015 1330 5088 ἐμπεσοῦνται
1349 5034 1362 5047 ο
1395 5015 1455 5082 ἐξ
1480 5017 1681 5088 ὁμοίων

101 5099 207 5171 γὰρ
251 5105 538 5169 γεγονέναι
570 5105 870 5172 δοξάζουσι.
913 5109 1004 5161 Διὸ
1049 5109 1254 5182 πολλῆς
1301 5108 1395 5162 καὶ
1436 5109 1682 5180 μεγάλης

102 5207 377 5275 φροντίδος
400 5209 501 5276 δεῖ,
536 5212 629 5264 καὶ
656 5211 789 5265 Θεοῦ
806 5213 880 5276 ὠς
896 5213 1129 5283 ἀληθῶς,
1160 5212 1218 5276 ὃς
1247 5211 1340 5265 τοῦ
1360 5211 1517 5281 λόγου
1539 5214 1680 5283 ἡγή⁶

99 5323 266 5362 σεται.

1787 4677 2198 4748 responsionem
2235 4677 2520 4743 faciamus,
2553 4693 2661 4731 non
2692 4693 2822 4731 vero
2853 4678 3218 4748 probabiliora
3235 4679 3363 4752 alia,

1786 4775 1841 4821 et
1875 4782 1996 4836 qua
2039 4768 2213 4838 magis
2244 4767 2474 4823 delinire
2506 4769 2742 4832 valeant,
2788 4783 3156 4838 preponamus
3185 4787 3197 4823 :
3238 4786 3353 4823 mo-

1787 4855 1979 4914 lestior
2009 4857 2430 4926 estaggrcssio,
2484 4857 2719 4927 hincque
2763 4858 2899 4921 adeo,
2944 4859 3117 4928 magis
3163 4858 3361 4935 ardua,

1786 4948 1931 5017 quod
1959 4955 2012 5002 et
2047 4949 2531 5005 variosinstituere
2557 4965 2839 5004 sermones
2865 4966 3094 5006 necesse
3123 4962 3228 5008 est.
3253 4953 3357 5021 Qui

1785 5056 2022 5111 namque
2052 5040 2224 5112 magis
2257 5043 2497 5096 accurati
2531 5044 2894 5113 certiorisque
2923 5045 3170 5099 veritatis
3203 5055 3355 5110 sunt,

1788 5146 1883 5186 cos
1931 5131 2209 5196 latuerint,
2241 5148 2382 5201 quos
2417 5141 2563 5188 certa
2609 5131 2843 5203 quadam
2876 5133 3200 5187 credulitate
3231 5145 3356 5188 ante

1784 5221 2128 5285 admiserint,
2163 5223 2230 5286 si,
2281 5239 2404 5276 cum
2433 5223 2498 5276 ad
2527 5221 2895 5278 deliniendum
2945 5223 3189 5278 adhiberi
3218 5240 3355 5278 con-

1788 5317 2008 5386 tigerit,
2042 5317 2096 5370 in
2127 5317 2345 5371 easdem
2395 5332 2559 5371 ansas
2612 5318 3078 5388 necessitatesque
3147 5318 3356 5375 incide»

99 5407 221 5458 rint.
251 5402 620 5474 Quamobrem
677 5409 846 5465 multa
879 5425 1180 5484 magnaque
1218 5426 1360 5482 opus
1384 5410 1666 5484 diligentia
1693 5417 1798 5475 est,
1827 5428 1888 5468 ac
1916 5414 2076 5484 plane
2113 5411 2242 5477 Deo,
2279 5412 2372 5482 qui
2405 5412 2520 5482 ipse
2551 5413 2662 5467 dux
2706 5420 2760 5469 et
2812 5429 3014 5484 auspex
3075 5414 3176 5469 erit
3223 5428 3353 5473 ser-.-

102 5498 300 5554 monis.

2937 5518 3001 5615 ’ἦ
