3862 6158
428 278 536 335 “9
934 326 941 341 ι
1439 265 1841 323 ALEXANDRI
1877 264 2187 323 EPISCOPI
2227 265 2735 325 LYCDPOLITANI
3560 271 3668 330 420

427 422 557 479 Ου’.
592 417 683 476 Vl.
717 416 1133 474 Manichmorum
1164 417 1267 471 duo
1284 416 1570 485 principia.
1607 412 1951 534 Ipsa‘vexgta

1642 501 1736 541 con
1766 498 1925 536 rana.

2143 428 2458 493 agoreorum
2485 411 2550 466 de
2587 410 2859 482 principiis
2907 411 3101 480 opinio.
3139 407 3346 467 Bonum
3383 420 3434 467 et
3463 414 3667 470 malum

2142 499 2163 535 ο
2194 485 2436 537 victoria.

506 614 620 669 Duo
644 612 911 685 principia
955 613 1223 668 statuunt,
1272 602 1440 658 Deum
1474 610 1528 659 et
1571 601 1877 657 materiam.
1912 598 2031 660 Si-.

2171 599 2274 652 Δὺο
2303 599 2477 671 ἀρχὰς
2506 598 2869 666 ὑποτίθενται,
2900 600 3033 655 Θεδν
3071 604 3164 656 καὶ
3199 602 3345 673 ὕλην.
3384 602 3449 656 Et
3482 604 3578 674 μὲν
3607 603 3672 658 τὸ

432 702 652 776 quidem
681 700 733 753 id
764 697 910 768 quod
961 696 1016 749 iit
1061 703 1224 762 atque
1271 694 1479 756 oritur,
1516 691 1585 745 ab
1619 706 1683 745 eo
1716 688 1862 760 quod
1891 705 1957 744 es

2143 693 2417 761 ιγνόμενον
2449 692 2542 745 τοῦ
2575 692 2726 755 ὄντος
2754 693 3109 764 ἀποχωρίζει,
3138 694 3233 764 οὐχ
3269 694 3467 764 ὁμοίως
3492 695 3668 767 φαύλη

435 801 685 849 secernat
720 787 967 862 (Manes),
1024 787 1168 841 baud
1219 783 1444 855 perinde
1473 783 1612 836 mala
1647 780 1949 851 suppositio

2159 782 2414 846 ὑπόθεσις
2438 822 2453 845 ,
2508 783 2594 835 ἵνα
2623 785 2761 855 μήτε
2801 787 2834 856 ἡ
2864 783 2963 855 ὕλη
3004 785 3202 855 ἑαυτὴν
3236 788 3393 856 ποιῇ,
3442 787 3534 839 καὶ
3563 787 3672 840 τῶν

434 893 496 939 ut
528 899 702 954 neque
728 881 950 935 materia
983 879 1100 949 ipsa
1148 892 1207 932 se
1245 878 1419 946 ipsam
1451 873 1666 937 eiliciat,
1697 882 1751 927 et
1782 880 1959 927 contra

2140 876 2356 929 νᾶντίων
2373 874 2699 946 ἀποδέχηται
2723 875 2900 944 λόγον,
2926 874 3159 929 ποιοῦσά
3180 894 3235 928 τε
3256 877 3347 929 καὶ
3366 877 3665 947 πάσχουσα’

436 978 642 1033 riorum
675 975 936 1028 rationem
958 970 1206 1040 recipiat,
1234 984 1355 1038 qua:
1386 976 1499 1021 tum
1533 973 1657 1035 agat
1679 972 1793 1019 tum
1826 965 1961 1035 patia

2146 967 2230 1037 ήτ⁹
2278 960 2343 1020 αὖ
2395 965 2620 1020 τοιαῦτα
2657 965 2817 1020 πάλιν
2870 966 3032 1039 ἔτερα
3083 968 3211 1038 περὶ
3246 967 3336 1020 τὸν
3389 967 3671 1039 ποιητικὸν

432 1076 528 1123 tur
559 1082 573 1118 :
604 1080 778 1135 neque
800 1078 991 1119 rursus
1024 1062 1129 1115 alia
1156 1061 1286 1114 talia
1311 1060 1379 1114 de
1411 1059 1666 1113 ell'ectore
1713 1073 1957 1127 rerumqu

2143 1056 2270 1112 ίτιον
2304 1056 2593 1128 θεωρῆται,
2628 1057 2663 1111 ἃ
2689 1057 2811 1109 οὑδὲ
2835 1057 3011 1126 λέγειν
3037 1058 3164 1122 ἴσως
3195 1057 3349 1128 θέμις
3369 1076 3381 1089 ·
3407 1059 3582 1112 καίτοι
3606 1059 3668 1111 οὑ

437 1166 658 1216 auctore
689 1156 1085 1224 intelligantur,
1112 1168 1233 1224 quae
1261 1167 1361 1207 nec
1387 1149 1525 1205 forte
1557 1150 1639 1205 fas
1673 1149 1743 1203 sit
1780 1148 1960 1204 dicere

2145 1148 2352 1220 εομένου
2381 1149 2473 1203 τοῦ
2510 1149 2643 1203 Θεοῦ
2674 1152 2809 1224 πρὸς
2854 1152 2921 1205 τὰ
2950 1151 3362 1222 ἀποτελέσματα
3411 1151 3575 1221 ὕλης,
3612 1153 3670 1204 ὲν

434 1250 652 1305 tametsi
680 1248 824 1302 Deus
850 1247 917 1301 ad
940 1245 1150 1309 eii’ecta,
1191 1242 1419 1297 materia
1448 1256 1558 1295 non
1587 1240 1848 1310 indigeat,
1876 1255 1959 1294 σω

2149 1239 2396 1293 ποστάσει
2425 1239 2734 1313 δυναμένων
2754 1242 3033 1312 γίγνεσθαι
3063 1243 3278 1297 πάντων
3306 1242 3443 1315 πρὸς
3465 1245 3674 1296 ἐκεῖνον

437 1343 620 1398 omnia
648 1342 702 1397 in
730 1338 1034 1395 substantia
1064 1344 1117 1391 et
1149 1351 1270 1407 qua:
1301 1349 1429 1389 vere
1454 1335 1722 1389 exsistant
1752 1332 1819 1386 ad
1851 1334 1962 1387 illul

2152 1344 2194 1382 >v
2218 1330 2340 1384 νοῦν
2361 1347 2375 1361 ·
2415 1334 2461 1384 εί
2487 1332 2563 1398 δὲ,
2595 1334 2730 1405 ὅπερ
2755 1334 2952 1405 μᾶλλον
2981 1334 3234 1404 λέγεσθαι
3264 1335 3430 1399 δοκεῖ,
3458 1335 3550 1387 ὑπ’
3576 1336 3677 1387 αὑ-

437 1452 604 1495 ιθηειι
631 1434 765 1491 eﬂici
798 1431 931 1486 nihil
951 1429 1258 1500 prohibeat.
1293 1424 1389 1480 Sin
1415 1434 1617 1488 autem,
1650 1425 1796 1496 quod
1829 1425 1962 1494 magi

2148 1420 2197 1474 >ῦ
2224 1424 2257 1493 ἡ
2288 1423 2516 1488 ἄτακτος
2550 1425 2761 1496 κίνησις
2783 1425 2892 1480 τῶν
2925 1426 3093 1482 ὄντων
3124 1429 3270 1482 ἐστὶν
3300 1427 3423 1499 ὕλη,
3456 1427 3673 1500 πρῶτον

437 1529 547 1586 dici
606 1527 839 1587 videtur,
879 1522 981 1579 sub
1035 1521 1155 1591 ipso
1206 1518 1552 1574 inordinatus
1591 1533 1774 1573 rerum
1825 1528 1962 1571 motu

2150 1514 2207 1570 ὲν
2229 1516 2478 1571 λανθάνει
2505 1518 2691 1573 ἑαυτὸν
2715 1520 2901 1591 ἓτερον
2938 1520 3217 1592 ποιητικὸν
3240 1518 3409 1573 αἴτιον
3442 1520 3675 1588 ὑφιστά-

437 1618 662 1675 materia
695 1625 797 1679 est,
824 1615 1057 1685 primum
1087 1613 1305 1683 quidem
1339 1610 1559 1666 incaute
1586 1626 1650 1664 ac
1682 1610 1962 1680 impruden

2149 1624 2270 1672 ενος
2316 1610 2639 1679 (κακοποιὸν
2667 1609 2881 1681 μέντοι)
2915 1628 2928 1641 ·
2969 1612 3065 1682 οὑχ
3110 1612 3212 1683 ὁρᾷ
3246 1611 3301 1664 δὲ
3334 1612 3426 1664 καὶ
3458 1611 3517 1664 τὸ
3543 1610 3674 1663 ἑπό-

440 1709 587 1764 aliud
611 1708 846 1762 eﬂiciens
869 1704 992 1775 (etsi
1022 1703 1348 1771 maleficum)
1374 1702 1663 1757 constituit
1700 1720 1712 1756 :
1744 1717 1847 1756 nec
1874 1701 1964 1772 qui

2154 1717 2290 1765 ενον,
2305 1702 2405 1765 ὅτι,
2426 1703 2473 1754 εί
2489 1701 2619 1755 Θεὸν
2636 1702 2853 1769 πάντως
2870 1704 3200 1758 ὑποπατέον
3227 1704 3317 1757 καὶ
3341 1703 3491 1776 ὕλην,
3512 1702 3679 1775 ἑτέρα

440 1802 567 1857 inde
595 1807 855 1869 sequatur
876 1794 1296 1861 animadvertit;
1325 1809 1541 1864 nempe,
1568 1792 1615 1849 si
1646 1808 1965 1849 necesse-om

2158 1810 2193 1857 νς
2220 1792 2318 1865 ὕλη
2347 1793 2423 1865 τῷ
2451 1794 2566 1866 Θεῷ
2588 1795 2950 1867 ὑποστήσεται
2971 1813 2984 1827 ⁸
3013 1797 3098 1851 ἵνα
3121 1797 3366 1869 ἑκατέρω
3388 1796 3494 1850 τῶν
3520 1814 3683 1867 ποιη-

438 1894 571 1948 nino
618 1891 690 1947 sit
735 1898 792 1945 ut
843 1889 987 1944 Deus
1014 1895 1069 1941 et
1111 1886 1339 1941 materia
1380 1894 1794 1955 supponantur,
1845 1886 1963 1939 alia:

2155 1882 2274 1937 ικῶν
2299 1885 2484 1938 αἰτίων
2511 1886 2544 1955 ἡ
2580 1885 2907 1957 ὑποκειμένη
2943 1886 3162 1960 ὑπάρχῃ
3188 1886 3306 1958 ὕλη.
3341 1883 3478 1941 Ἀντ“ι
3497 1887 3680 1942 τοίνυν

439 1997 658 2054 quoque
687 1981 969 2035 materiam
998 1978 1106 2034 Deo
1130 1978 1471 2050 suppositum
1507 1977 1574 2032 iri
1605 1996 1618 2032 :
1647 1983 1709 2031 ut
1745 1976 1964 2033 videlict

2036 1966 2078 2020 Β
2106 1976 2198 2031 δύο
2225 1977 2490 2050 τέτταρας
2514 1978 2644 2049 ἡμῖν
2673 1977 2841 2031 ποιῶν
2874 1978 3047 2051 ἀρχὰς
3078 1979 3531 2050 ἐπιδειχθήσεται.

440 2074 707 2129 ambobus
747 2071 1106 2128 eﬂicientibus
1128 2073 1354 2128 materia
1375 2072 1622 2142 subjecta
1648 2072 1739 2128 sit.
1790 2070 1899 2126 Pro
1953 2070 2167 2128 duobus
2202 2071 2385 2144 igitur,
2432 2080 2670 2143 quatuor
2704 2072 2863 2129 nobis
2894 2074 3160 2143 principia
3208 2081 3468 2144 praestare
3516 2087 3681 2129 mon-

442 2168 726 2225 strabitur.

509 2248 866 2316 Admiranda
891 2274 1022 2315 vero
1048 2267 1103 2313 et
1135 2258 1202 2313 ab
1231 2259 1324 2314 illo
1352 2258 1531 2330 posita
1587 2258 1864 2337 utrimque
1893 2257 2008 2314 dis-

2174 2256 2471 2330 Θαυμαστὴ
2500 2257 2557 2311 δὲ
2594 2257 2683 2311 καὶ
2717 2259 2749 2329 ἡ
2782 2256 3184 2330 ἀντιδιαίρεσις.
3207 2258 3392 2328 Είγὰρ
3407 2256 3539 2320 Θεός
3561 2257 3682 2309 ἐστι

438 2354 651 2408 tinctio‘.
682 2350 741 2406 Si
780 2351 925 2406 enim
956 2351 1059 2405 hoc
1084 2349 1251 2405 Deum
1279 2352 1580 2415 existimat,
1607 2351 1756 2422 quod
1776 2351 1963 2406 bonun

2157 2352 2237 2422 αρ’
2264 2351 2433 2422 αὑτῷ,
2460 2351 2595 2423 ὅπερ
2626 2351 2687 2405 τὺ
2709 2350 2929 2421 ἀγαθὸν,
2949 2352 3043 2404 καὶ
3075 2350 3321 2421 βούλεται
3354 2349 3682 2420 ὑφίστασθαι

438 2446 661 2514 vultque
689 2459 814 2499 vere
860 2443 1126 2499 exsistere
1184 2442 1328 2513 quod
1357 2451 1442 2500 est
1488 2445 1565 2498 illi
1619 2443 1958 2499 contrarium

2167 2444 2254 2516 ιτῷ
2280 2445 2540 2510 ἐναντίον,
2576 2444 2665 2498 διὰ
2693 2445 2748 2497 τί
2774 2445 2834 2498 οὑ
2868 2444 3117 2516 καθάπερ
3141 2444 3283 2507 τινὲς
3309 2443 3417 2498 τῶν
3442 2442 3692 2512 Πυθαγοο

437 2537 629 2608 quidni
649 2537 795 2592 velut
827 2534 1413 2605 Pythagoriciquidam
1437 2536 1641 2590 malum
1672 2535 1773 2605 ipsi
1789 2541 1962 2589 contr:

2165 2536 2269 2590 :iwv
2297 2535 2356 2590 τὸ
2385 2536 2554 2591 κακὸν
2583 2535 2731 2606 αὑτῷ
2751 2534 3079 2607 ἀντιτίθησιν
3102 2551 3116 2601 ;
3158 2535 3530 2607 Ἀνεκτότερον
3548 2531 3690 2603 γοῦν

440 2630 583 2685 rium
620 2629 773 2698 ponit
799 2628 821 2681 ?
864 2626 1170 2682 Ferendum
1194 2641 1327 2680 sane
1349 2626 1547 2696 magis,
1575 2634 1635 2680 ut
1661 2626 1729 2680 ab
1752 2626 1871 2680 illis
1895 2625 1965 2680 du

2165 2626 2205 2679 τ’
2233 2627 2455 2681 ἐκείνων
2482 2627 2737 2696 λέγεσθαι
2759 2625 2852 2680 δύο
2874 2621 3010 2679 εἶναι
3044 2626 3237 2700 ἀρχὰς,
3272 2626 3331 2680 τὸ
3353 2626 3552 2695 ἀγαθὸν
3586 2624 3690 2679 καὶ

440 2722 707 2792 principia
723 2720 998 2782 dicantur,
1023 2718 1229 2773 bonum
1251 2725 1306 2773 et
1341 2718 1543 2772 malum
1571 2734 1586 2784 ;
1624 2718 1768 2774 inter
1800 2731 1858 2773 se
1873 2731 1965 2771 con

2167 2745 2171 2766 ι
2198 2718 2394 2773 κακόν·
2430 2719 2739 2783 στασιάζειν
2762 2719 2818 2773 δὲ
2844 2719 3045 2783 ταύτας
3077 2718 3334 2790 συνεχῶς,
3363 2720 3692 2792 ἐπικρατεῖν

438 2813 592 2868 tinue
625 2811 942 2881 pugnantia,
995 2825 1119 2864 cum
1149 2816 1331 2863 tamen
1386 2807 1589 2862 bonum
1632 2809 1774 2863 malo
1800 2822 1963 2879 praev:

2165 2808 2255 2860 ιτὸ
2291 2806 2513 2876 ἀγαθόν.
2545 2808 2608 2861 Εἰ
2633 2808 2741 2879 γὰρ
2773 2808 2833 2862 τὸ
2866 2809 3031 2861 κακὸν
3075 2809 3363 2880 ὑπερέχοι,
3408 2808 3690 2880 φθαρήσε-

438 2906 566 2961 leat.
595 2903 731 2957 Nam
764 2904 812 2958 si
849 2901 1053 2956 malum
1100 2906 1384 2970 superaret
1414 2940 1431 2965 ,
1476 2900 1762 2955 interirent
1799 2901 1963 2955 omni:

2165 2897 2236 2951 lat.
2255 2897 2451 2952 πάντα.
2484 2898 2656 2962 Ὀλως
2684 2899 2792 2969 γὰρ
2821 2900 2941 2953 καθ’
2965 2900 3160 2971 ἑαυτὴν
3195 2900 3293 2971 μὲν
3330 2902 3363 2970 ὴ
3411 2899 3508 2972 ὕλη
3553 2898 3690 2954 οὕτε

439 2993 677 3048 Prorsus
707 2992 852 3047 enim
883 2991 1110 3045 materia
1136 2989 1437 3045 secundum
1469 3005 1549 3055 se,
1594 3006 1771 3060 neque
1805 3005 1964 3061 corpu

2162 2989 2272 3061 ὖμά
2300 2993 2465 3054 ἐστιν,
2490 2990 2613 3043 οὕτε
2640 2991 2881 3064 ἀκριϐῶς
2911 2991 3198 3062 ἀσώματόν
3229 3010 3303 3057 τι,
3335 2991 3457 3046 οὕτε
3491 2993 3687 3059 ἁπλῶς

436 3093 547 3154 est,
593 3099 771 3155 neque
810 3083 1035 3138 omnino
1070 3083 1452 3150 incorporeum
1483 3080 1724 3151 aliquid;
1753 3088 1808 3136 at
1830 3097 1961 3152 nequ

2169 3082 2227 3135 ηδε
2259 3099 2339 3136 τι·
2381 3081 2517 3136 ἀλλά
2546 3082 2795 3150 ἀόριστὸς
2815 3100 2899 3147 τις
2928 3083 3306 3155 προσλαδοῦσα
3332 3084 3393 3137 τὸ
3422 3079 3563 3148 εἶδος
3599 3085 3694 3153 γε·-

438 3180 760 3249 simpliciter
782 3178 887 3230 hoc
910 3173 1147 3244 aliquid:
1171 3173 1264 3229 sed
1293 3172 1573 3227 indeﬁnita
1600 3173 1868 3243 quaedam,
1889 3191 1963 3245 qui

2171 3191 2260 3229 ται
2289 3174 2589 3247 ὡρισμένη·
2607 3170 2716 3229 οἷον
2736 3174 2833 3247 τὴν
2857 3177 3134 3249 πυραμίδα
3154 3177 3251 3247 μὲν
3274 3176 3383 3247 πῦρ
3402 3194 3416 3207 ’
3441 3177 3501 3230 τὸ
3519 3177 3695 3232 ὀκτά-

439 3273 614 3328 forma
644 3268 936 3325 accedente
959 3268 1178 3323 finiatur
1207 3281 1273 3321 ac
1307 3268 1650 3330 terminetur,
1688 3267 1836 3321 velut
1863 3268 1964 3338 igni

2162 3272 2264 3338 ῐρον
2290 3266 2345 3320 δὲ
2371 3268 2510 3339 ἀήρ·
2549 3267 2609 3320 τὸ
2640 3269 2982 3341 εἰκοσάεδρον
3013 3267 3241 3340 δὲ’ὕδωρ
3260 3286 3273 3299 ·
3308 3270 3472 3323 κύϐον
3493 3270 3550 3324 δὲ
3584 3269 3687 3342 γῆ.

438 3370 582 3418 meta
616 3376 679 3416 ac
704 3360 1015 3433 pyramidef;
1045 3359 1300 3414 octaedro
1333 3358 1678 3429 (octonorum
1713 3373 1963 3428 corporul

2168 3359 2236 3423 ὦς
2264 3354 2355 3413 οὖν
2386 3360 2502 3413 ἐστι
2524 3360 2631 3414 τῶν
2656 3362 2932 3433 στοιχείων
2958 3364 2991 3433 ἡ
3019 3363 3251 3427 ἄτακτος
3278 3364 3488 3435 κίνησις
3504 3366 3536 3435 ἡ
3554 3362 3693 3436 ὕλης

438 3452 620 3523 sessu)
652 3468 779 3517 aer;
823 3450 1112 3505 icosaedro
1136 3447 1496 3520 (vicenorum)
1529 3464 1668 3518 aqua
1695 3467 1709 3515 ;
1734 3450 1963 3519 quadrat

2169 3453 2248 3505 αθ⁹
2282 3452 2479 3524 ἑαυτὴν
2536 3453 2634 3524 μὲν
2681 3450 2771 3508 οῦν
2802 3456 2900 3508 οὑκ
2954 3456 3099 3510 ἔστιν
3147 3457 3458 3528 ὑποστατή·
3483 3457 3532 3508 εἰ
3571 3456 3694 3530 γὰρ

435 3544 554 3607 tali,
586 3549 755 3597 terra.
790 3541 1040 3608 Quonam
1071 3540 1236 3609 igitur
1274 3540 1439 3595 modo
1471 3541 1695 3595 materia
1730 3541 1960 3596 inordin:

2175 3561 2343 3614 νησις,
2367 3548 2423 3598 ὲν
2458 3543 2537 3615 τῷ
2570 3547 2869 3618 κινουμένῳ
2888 3565 2902 3578 ο
2938 3549 3000 3601 οὕ
3027 3548 3172 3602 δοκεῖ
3197 3549 3256 3602 δὲ
3282 3548 3516 3603 τοιοῦτον
3541 3545 3700 3605 εἶναι

437 3640 526 3688 tus
555 3641 736 3688 motus
756 3633 1148 3688 elementorum
1164 3630 1425 3686 exsistit?
1449 3628 1551 3684 Per
1572 3644 1631 3685 se
1660 3630 1845 3700 itaque
1875 3631 1962 3688 sui

2182 3634 2299 3706 ὕλη,
2326 3636 2458 3689 ἁ).λά
2476 3637 2673 3708 μᾶλλον
2702 3638 2762 3692 τὸ
2788 3639 3001 3710 πρῶτον
3029 3641 3382 3712 ὑποκείμενον
3406 3644 3498 3695 καὶ
3512 3641 3698 3715 ἀρρύ-

439 3722 643 3778 sistens
676 3737 912 3790 vereque
958 3720 1232 3777 exsistens
1263 3735 1373 3774 non
1403 3726 1524 3775 est:
1555 3733 1677 3773 nam
1720 3721 1765 3774 si
1798 3729 1964 3775 motui

1447 3726 1524 3775 st:
1555 3733 1677 3773 nam
1720 3721 1765 3774 si
1798 3729 2001 3786 motus,
2112 3723 2356 3796 θμιστον.
2393 3729 2488 3781 καὶ
2519 3729 2611 3798 ἀφ’
2631 3724 2691 3784 οὗ
2723 3730 2792 3783 τὰ
2822 3731 2972 3786 ἄλλα.

439 3815 498 3868 in
528 3815 772 3884 subjecto
795 3824 875 3868 est
910 3832 924 3879 ;
962 3829 1069 3869 non
1102 3813 1320 3868 videtur
1368 3822 1547 3869 autem
1598 3813 1721 3869 talis
1786 3829 1911 3871 esse
1951 3818 2199 3885 materia,
2247 3821 2381 3889 quin
2438 3822 2550 3876 imo
2592 3822 2829 3893 primum
2883 3825 3191 3896 subjectum
3233 3834 3288 3879 et
3351 3826 3701 3896 incomposi-

437 3918 577 3975 tum,
607 3918 660 3965 et
680 3925 743 3964 ex
771 3925 879 3978 quo
909 3909 1140 3979 reliqua.

508 4002 737 4071 Quando
788 4004 955 4073 igitur
996 4014 1175 4058 motus
1233 4004 1577 4060 inordinatus
1617 4010 1702 4060 est
1742 4004 1994 4070 materia,

2190 4005 2343 4059 Ἐπεὶ
2368 4006 2546 4061 τοίνυν
2565 4008 2598 4078 ἡ
2625 4006 2857 4070 ἄτακτος
2879 4007 3092 4079 κίνησίς
3114 4009 3316 4078 ἐστινὴ
3351 4007 3448 4079 ὕλη
3469 4048 3482 4072 ,
3525 4011 3697 4067 πότε-

442 4111 731 4167 semperne
778 4095 967 4149 mobili
992 4097 1322 4166 conjunctus
1348 4105 1486 4162 erat,
1518 4105 1609 4152 aut
1628 4098 1967 4167 aliquandoa

2173 4113 2196 4150 ν
2255 4092 2323 4167 ἧν
2375 4096 2463 4149 ἀεὶ
2498 4098 2595 4150 σὺν
2627 4095 2705 4165 τῷ
2737 4095 3059 4167 κινουμένῳ,
3093 4096 3126 4167 ἢ
3172 4096 3303 4150 ποτὲ
3352 4097 3698 4170 κεχώρισται

435 4203 502 4249 eo
534 4187 864 4257 separatus?
898 4186 1077 4252 Certe,
1116 4189 1162 4243 si
1202 4189 1313 4242 ullo
1344 4205 1584 4259 unquam
1616 4197 1862 4260 tempore
1908 4206 1960 4260 pi

2176 4189 2291 4240 ὂτου
2318 4204 2331 4253 ;
2360 4187 2423 4239 Εἰ
2445 4187 2541 4258 μὲν
2571 4185 2679 4258 γὰρ
2712 4187 2841 4240 ποτὲ
2866 4182 2934 4257 ἦν
2953 4186 3071 4240 καθ’
3101 4187 3466 4259 αὑτὴν,ὀῦτω
3488 4206 3554 4258 γε
3587 4191 3701 4246 οὑκ

436 4294 496 4334 se
523 4286 661 4341 erat,
693 4279 774 4333 sic
809 4279 996 4349 utique
1030 4295 1142 4334 non
1199 4287 1357 4333 erat:
1406 4282 1587 4335 nullus
1631 4281 1779 4336 enim
1822 4289 1961 4336 motu

2191 4277 2260 4350 ἦν
2278 4295 2291 4308 ·
2320 4278 2546 4348 οὐδεμία
2575 4277 2683 4350 γὰρ
2708 4277 2922 4349 κίνησις
2947 4278 3075 4332 ἄνευ
3108 4278 3202 4332 τοῦ
3245 4280 3566 4352 κινουμένου
3587 4299 3604 4313 ·
3641 4286 3698 4337 εἰ

436 4370 556 4424 sine
584 4369 831 4438 subjecto
860 4377 963 4425 est.
998 4369 1056 4424 Si
1080 4386 1210 4425 vero
1233 4387 1448 4443 semper
1482 4374 1537 4425 in
1566 4373 1818 4441 subjecto
1860 4386 1961 4428 eral

2195 4370 2282 4422 ἀεὶ
2314 4371 2371 4423 ὲν
2399 4368 2475 4440 τῷ
2504 4369 2809 4440 κινουμένῳ
2836 4365 2924 4441 ἦν,
2951 4370 3112 4424 πάλιν
3136 4366 3201 4425 αὖ
3230 4371 3323 4424 δύο
3350 4373 3516 4443 ἁρχαὶ
3543 4373 3701 4428 οὕτω

434 4461 516 4515 sic
545 4474 737 4514 rursus
757 4459 866 4514 duo
894 4467 1205 4515 statuantur
1235 4462 1535 4534 principia,
1568 4462 1713 4532 quod
1740 4472 1920 4520 movet
1946 4481 1959 4519 ι

2195 4462 2610 4534 ὑποστήσονται,
2635 4463 2697 4515 τὸ
2719 4462 2898 4517 κινοῦν
2915 4465 3086 4518 καὶτὸ
3101 4464 3435 4535 κινούμενον.
3462 4466 3701 4539 Ποτέρῳ

432 4550 578 4621 quod
602 4558 868 4606 movetur.
894 4550 1011 4606 Utri
1041 4553 1207 4622 igitur
1238 4554 1431 4608 horum
1456 4552 1752 4620 tribuetur,
1787 4560 1846 4608 ut
1872 4569 1957 4609 Clll

2173 4570 2201 4606 ν
2223 4552 2400 4607 αὐτῶν
2424 4551 2738 4623 ψηφίζεται,
2765 4555 2851 4608 ἵνα
2877 4555 3053 4609 ἐκεῖνο
3077 4556 3215 4627 μετὰ
3239 4555 3335 4611 τοῦ
3363 4556 3497 4609 Θεοῦ
3546 4557 3696 4611 ὑπο-

432 4640 545 4699 Deo
567 4642 803 4713 primum
827 4642 957 4698 illud
986 4644 1427 4700 constituamus?

1171 4645 1427 4700 luamus?
2033 4636 2078 4692 D
2109 4645 2433 4718 στησώμεθα
2453 4647 2696 4718 πρῶτον;

432 4758 561 4814 Car.
586 4758 700 4816 VII.
731 4760 1039 4838 Vindicatus
1057 4762 1121 4816 ab
1147 4762 1543 4819 inordinatione
1570 4774 1765 4818 motus.
1787 4762 2104 4838 Circularis.
2130 4764 2342 4838 Rectus.
2376 4765 2739 4821 Generationis
2771 4776 2818 4821 et
2849 4768 3223 4838 corruptionis.
3259 4768 3611 4824 Alleratiom’s
3636 4779 3696 4827 τε

874 4836 887 4847 “
1581 4852 1793 4890 sensum
1824 4837 1887 4905 af
1884 4837 2110 4905 ﬁcientis
2140 4837 2440 4906 qualitatis.

501 4948 728 5005 Accedit
780 4952 1017 5006 sermoni
1047 4953 1314 5031 appendix
1351 4955 1442 5009 illa
1478 4970 1708 5025 prorsus
1738 4957 2000 5022 extorris,

2185 4955 2452 5029 Πρόσεστι
2477 4956 2534 5011 δὲ
2556 4955 2632 5028 τῷ
2658 4954 2802 5027 λόγῳ
2828 4956 3077 5026 ἐφόλκιον
3106 4956 3174 5011 τὸ
3207 4958 3465 5012 ἄτακτον
3503 4956 3691 5028 ὲξὸριη

433 5039 817 5098 inordinatum.
855 5042 1084 5110 Quando
1108 5047 1252 5101 enim
1302 5055 1484 5103 motus
1514 5064 1625 5103 non
1678 5047 1865 5114 fuerit,
1894 5064 1958 5102 mi

2171 5067 2233 5104 κον
2265 5048 2543 5113 παντελῶς
2569 5049 2746 5102 τοῦτο.
2793 5050 2984 5103 Ὁπότε
3010 5051 3117 5122 γὰρ
3152 5051 3225 5122 μὴ
3253 5051 3466 5123 κίνησις
3487 5093 3502 5117 ,
3535 5050 3696 5103 εἰκό-

434 5132 542 5186 rito
567 5133 801 5192 dicatur.
819 5132 1080 5202 Quaenam
1115 5153 1245 5194 vero
1274 5140 1436 5194 etiam
1467 5147 1714 5195 motuum
1743 5140 1959 5195 materia

2164 5161 2214 5208 υς
2247 5143 2311 5196 ἂν
2337 5142 2564 5212 λέγοιτο.
2595 5143 2687 5206 Τίς
2717 5142 2774 5196 δὲ
2805 5144 2898 5196 καί
2927 5144 3034 5199 τῶν
3056 5145 3321 5217 κινήσεων
3344 5147 3378 5216 ἡ
3403 5142 3534 5213 ὕλη;
3568 5144 3653 5198 116
3682 5178 3689 5185 ε

432 5219 572 5276 Num
601 5225 695 5293 qui
718 5236 903 5281 rectus
932 5236 1037 5293 est,
1062 5244 1130 5281 an
1160 5230 1448 5286 circularis
1485 5247 1502 5293 ;
1543 5231 1630 5285 vel
1654 5246 1775 5301 quae
1823 5231 1950 5300 qual

2177 5249 2260 5304 ρον
2298 5233 2330 5303 ή
2361 5232 2482 5286 κατ’
2509 5231 2748 5297 εὐθεῖαν,
2772 5232 2862 5304 iii)
2890 5233 3357 5306 κυκλοφορητική·
3400 5234 3434 5305 ἦ
3478 5236 3511 5305 ἡ
3556 5250 3669 5287 κατ
3690 5238 3702 5255 ‘

432 5319 544 5369 tate
566 5330 784 5370 sensum
807 5317 1075 5376 ai‘ﬁciente
1101 5329 1401 5386 mutantur,
1434 5323 1513 5377 vel
1544 5323 1911 5393 gen’erationis
1933 5338 1957 5376 a

2161 5323 2399 5387 ιλοίωσιν,
2427 5324 2460 5393 ἢ
2487 5325 2519 5395 ἡ
2544 5323 2684 5376 κατά
2702 5324 2931 5392 ’γένεσιν
2956 5325 3049 5378 καὶ
3082 5323 3223 5378 κατὰ
3252 5324 3458 5396 φθοράν
3484 5340 3498 5387 ;
3535 5324 3686 5379 Ἀλλ’

432 5407 800 5476 corruptionis
843 5413 1077 5468 motus?
1131 5411 1421 5470 Enimvero
1457 5416 1742 5471 circularis
1794 5425 1957 5470 motus

2176 5417 2271 5487 μὲν
2297 5415 2733 5488 κυκλοφορητικὴ
2763 5415 2904 5469 οὕτω
2929 5418 3151 5489 κοσμία,
3176 5417 3398 5489 ὦστετῇ
3425 5416 3521 5471 τοῦ
3544 5436 3691 5473 παν-

433 5497 515 5550 sic
538 5496 770 5553 decorus
796 5508 880 5556 est
920 5510 975 5558 et
1024 5506 1384 5574 compositus,
1417 5515 1476 5560 ut
1515 5521 1699 5560 rerum
1731 5507 1958 5561 univers‘

2167 5523 2189 5569 ;
2233 5505 2548 5558 ἀποδέδοται
2581 5505 2751 5570 τάξει.
2795 5507 2871 5559 Οὐ
2917 5506 3059 5561 κατὰ
3096 5507 3319 5573 τούτους
3366 5508 3423 5562 δὲ
3470 5508 3692 5581 ταύτην

436 5588 565 5641 tatis
599 5588 775 5643 ordini
806 5594 1078 5662 ascriptus
1104 5596 1174 5650 sit
1202 5616 1213 5651 :
1246 5612 1347 5652 nec
1382 5596 1803 5652 Manichaeorum
1835 5614 1961 5653 scns

2161 5597 2399 5659 τιᾶσθαι,
2434 5598 2492 5649 ὲν
2583 5599 2611 5649 ὁ
2643 5596 2791 5668 ἥλιος
2843 5599 2938 5653 καὶ
2983 5586 3035 5670 η’
3067 5599 3258 5672 σελήνη
3280 5643 3294 5666 ,
3343 5599 3438 5662 οὕς
3481 5601 3686 5671 μόνους

433 5676 523 5733 hic
553 5680 856 5748 culpandus
886 5683 1154 5753 videatur,
1188 5688 1241 5742 in
1271 5705 1381 5758 quo
1411 5690 1492 5743 sol
1538 5698 1592 5744 et
1636 5690 1766 5744 luna
1791 5731 1804 5757 ,
1862 5708 1958 5761 qui

2167 5688 2241 5742 ὡν
2276 5687 2533 5744 αἰδεῖσθαί
2579 5706 2766 5757 φασιν·
2819 5689 2954 5745 ἀλλά
2982 5689 3078 5761 τὴν
3113 5692 3200 5744 ἐπ’
3234 5691 3448 5757 εὐθείας
3473 5709 3486 5722 ·
3541 5690 3692 5749 ἀλλὰ
