3876 6168
136 270 249 330 ηι
272 286 277 293 ‘

1031 271 1446 329 TRACTA'I'US
1482 272 1571 328 DE
1609 276 1926 334 PLACITIS
1959 277 2513 340 MANICHIEORUM.

3288 298 3394 354 422

132 391 242 448 καὶ
291 387 466 465 ταύτῃ
506 389 676 462 πέρας
706 391 874 457 ἐστὶν,
905 393 939 463 ἡ
980 393 1075 446 τοῦ
1125 393 1256 447 ίδίου
1284 364 1469 449 ’τόπου
1519 395 1716 460 τεῦξις.

1794 458 1795 463 η
1828 396 1975 452 solos
1998 398 2226 454 deorum
2251 403 2505 458 venerari
2539 403 2713 459 aiunt.
2741 406 2846 463 Sed
2872 410 2965 479 qui
2992 420 3195 471 rectus.
3226 415 3394 487 Atqui

132 484 329 554 Πάν-ιη
354 481 464 552 γὰρ
487 482 549 535 τὸ
567 482 752 553 γήϊνον
776 482 1049 535 πέπαυται
1072 482 1406 554 κινούμενον,
1436 485 1511 537 ὅτ’
1537 484 1601 538 ἂν
1618 485 1721 554 γῆς

131 574 472 645 ἐπιλάϐηται
491 592 505 605 ·
532 568 719 629 πᾶνλδὲ
746 572 885 638 ζῶον
912 573 1008 628 καὶ
1035 575 1199 641 φυτὸν
1231 575 1616 646 αὐξανόμενον,
1641 575 1716 629 ὅτ’

130 668 206 721 ἂν
238 668 336 722 τοῦ
376 668 507 722 ίδίου
549 668 676 738 ὅρου
720 667 993 739 ἐφίκηται.
1030 670 1191 723 Ὥστε
1224 672 1258 741 ὴ
1295 670 1498 723 τούτων
1534 671 1717 732 στάσις

128 758 505 831 εὐλογώτερος
536 760 601 814 ἂν
629 754 858 824 θάνατος
886 760 1096 828 γένοιτο
1113 763 1179 831 τῇ
1220 761 1322 834 ὕλῃ
1350 763 1383 832 ἡ
1416 762 1506 815 ὑπ’
1534 760 1715 814 αὐτῶν

127 851 344 923 ταύτης
369 851 675 921 πλεκομένη
714 852 976 922 ἀνήνυτος
1008 851 1251 922 τελευτή.
1306 852 1416 922 Τὴν
1468 852 1525 904 δὲ
1574 850 1723 933 κατὰ.

125 944 351 1015 γένεσιν
384 944 479 998 καὶ
511 943 716 1016 φθορὰν
765 944 885 997 οὐδὲ
918 945 1200 1015 ἐπινοῆσαι
1227 938 1336 998 οἷόν
1374 961 1434 998 τε
1477 946 1543 1015 τῇ
1578 945 1711 996 ὑπο-

126 1037 284 1090 Θέσει
351 1035 522 1108 ταύτῃ
578 1036 991 1107 προσήκουσαν·
1056 1037 1320 1107 ἀγένητος
1366 1036 1473 1108 γὰρ
1525 1037 1707 1102 αὐτοῖς

127 1131 283 1181 ἐστιν
328 1130 361 1199 ἠ
393 1126 514 1199 ὕλη.
554 1127 618 1181 Εἰ
668 1126 824 1196 δέσγε
862 1128 961 1198 τὴν
998 1128 1139 1182 κατά
1176 1129 1456 1183 ἀλλοίωσιν
1496 1129 1708 1199 κίνησιν

125 1218 504 1276 ἀποδώσουσιν
558 1220 697 1291 αὐτῇ
737 1217 986 1290 (δοκοῦσι
1023 1220 1131 1293 γὰρ
1173 1222 1407 1291 μάλιστα.
1440 1222 1596 1275 τοῦτο
1621 1222 1707 1275 λέ-

125 1330 280 1380 γειν,
324 1315 448 1368 ἐπεὶ
469 1314 555 1368 διὰ
589 1314 689 1384 τῆς
716 1314 846 1385 ὕλης
872 1317 967 1369 καὶ
999 1315 1300 1387 μεταϐολὰς
1339 1315 1485 1384 ἠθῶν
1518 1318 1611 1369 καὶ
1647 1317 1705 1369 ἐν

123 1408 196 1477 τῇ
231 1405 378 1478 ψυχῇ
408 1407 604 1471 κακίας
634 1402 772 1460 εἶναι
793 1406 1041 1477 λέγουσιν
1062 1407 1102 1478 )·
1143 1410 1360 1463 σκοπεῖν
1390 1408 1535 1471 ἄξιον
1555 1409 1703 1472 ὅπως

124 1498 264 1552 ποτὲ
298 1498 392 1552 καὶ
419 1497 593 1551 ταῦτά
623 1515 807 1568 φασιν.
874 1498 1180 1554 Ἀλλοιοῦσα
1217 1498 1326 1572 γάρ
1368 1499 1536 1571 αὐτὴν
1560 1538 1576 1564 ,
1616 1502 1703 1554 ἀεὶ

122 1590 351 1661 ἄρξεται
385 1590 478 1643 ἀπ’
524 1591 728 1662 ἀρχῆς·
758 1591 852 1643 καί
877 1590 977 1644 τοῦ
1012 1591 1173 1662 μέσου
1209 1589 1471 1663 προϊοῦσα
1508 1590 1699 1663 ἐπιλή-

119 1681 309 1749 ψεται,
337 1681 431 1734 καὶ
455 1682 536 1743 εἰς
563 1681 625 1734 τὸ
648 1680 800 1745 τέλος
828 1680 1002 1745 οὕτως
1030 1683 1299 1750 ἀφίξεται.
1357 1682 1495 1735 Ἀλλ’
1522 1683 1601 1746 είς
1639 1683 1699 1737 τὸ

1821 486 1948 540 huic
1977 503 2194 558 quoque
2226 494 2493 549 terminus
2529 503 2633 562 est,
2670 498 2816 566 quod
2845 498 3023 555 locum
3067 518 3226 559 suum
3259 486 3392 561 con-

1819 586 2100 647 sequatur.
2134 579 2370 637 Prorsus
2402 584 2546 638 enim
2575 586 2719 655 quod
2737 594 3011 643 terrenum
3047 600 3149 654 est,
3177 610 3207 647 a
3240 606 3390 653 motu

1816 674 1997 721 cessat
2026 668 2116 722 ubi
2162 676 2365 725 terram
2408 673 2665 742 attigerit.
2701 675 2873 733 Omne
2917 695 3049 735 vero
3098 685 3300 739 animal
3334 696 3391 741 et

1815 759 1997 824 planta
2024 761 2306 815 crescendi
2342 762 2505 819 linem
2546 767 2694 830 facit,
2723 783 2846 822 cum
2882 773 3176 828 terminum
3224 792 3386 832 suum

1813 856 2064 903 assecuta
2096 850 2323 908 fuerint.
2356 852 2720 920 Quamobrem
2751 861 2968 917 illorum
3002 867 3177 935 quies,
3212 872 3388 923 ratio-
3500 892 3505 897 ·

1811 939 2049 996 nabilius
2076 956 2224 997 mors
2259 947 2503 1000 materia:
2534 946 2731 1016 fuerit,
2766 967 2928 1022 quam
2962 971 3082 1024 qua:
3138 960 3207 1013 ab
3250 960 3385 1030 ipsis

1809 1029 1929 1100 ejus
1952 1048 2099 1088 mors
2126 1034 2279 1090 nullo
2307 1039 2574 1108 explenda
2597 1044 2744 1098 exitu
2763 1047 2983 1101 texitur.
3013 1029 3381 1107 Motusautem

1809 1124 2179 1191 generationis
2210 1134 2264 1180 et
2278 1132 2666 1199 corruptionis,
2703 1151 2770 1191 ne
2792 1137 3015 1209 intelligi
3047 1144 3262 1211 quidem
3280 1159 3380 1213 po-

1809 1220 1935 1277 test,
1970 1216 2096 1271 huic
2143 1225 2303 1287 aptus
2339 1235 2662 1292 argumento
2693 1243 2709 1292 ;
2742 1229 2943 1299 quippe
2975 1247 3098 1286 cum
3127 1237 3379 1302 materia,

1806 1304 1914 1361 illis
1941 1306 2177 1379 ingenita
2211 1311 2303 1365 sit.
2340 1312 2436 1367 Sin
2479 1326 2658 1370 autem
2700 1327 2907 1375 motum
2935 1322 3294 1391 alterationis,
3321 1337 3383 1384 ut

1803 1408 2020 1468 vocant,
2052 1415 2103 1459 et
2122 1418 2230 1473 quo
2258 1406 2520 1476 qualitate
2543 1425 2763 1465 sensum
2790 1414 3055 1472 alliciente
3078 1426 3381 1487 mutamur,

1804 1490 1879 1545 illi
1930 1495 2284 1565 ascripserint
2336 1498 2484 1566 (hoc
2513 1501 2657 1555 enim
2706 1506 2940 1562 maxime
2983 1509 3164 1564 dicere
3192 1513 3382 1569 viden-

1804 1591 1910 1646 tur,
1940 1583 2146 1640 idcirco
2175 1588 2435 1643 nimirum
2463 1591 2605 1660 quod
2631 1607 2726 1661 per
2755 1596 3038 1652 materiam
3070 1600 3231 1654 etiam
3256 1618 3375 1657 mu-

1800 1673 1902 1727 tari
1943 1690 2144 1741 mores,
2177 1685 2233 1731 et
2261 1678 2318 1732 in
2344 1682 2527 1735 animo
2550 1682 2741 1736 vitium
2771 1688 2979 1740 versari
3004 1688 3216 1760 dicunt)
3242 1706 3373 1761 ope-

120 1771 279 1835 τέλος
301 1771 605 1842 ἀφικομένη
633 1773 693 1825 οὐ
719 1774 992 1842 στήσεται,
1011 1772 1066 1825 εί
1085 1790 1148 1841 γε
1173 1772 1329 1826 οὐσία
1356 1773 1501 1825 ἐστὶν
1529 1773 1697 1843 αὐτῆς

1804 1780 1878 1819 ra:
1892 1766 2126 1836 pretium
2158 1769 2230 1823 sit
2254 1780 2313 1823 ut
2335 1771 2716 1842 dispiciamus,
2743 1792 2984 1846 quonam
3022 1782 3235 1836 tandem
3267 1799 3379 1837 mo

118 1865 153 1931 ἡ
192 1862 506 1928 ἀλλοίωσις·
541 1863 677 1918 ἀλλά
710 1864 869 1919 πάλιν
906 1864 1217 1935 ἀνακάμψει
1259 1865 1347 1919 διὰ
1390 1865 1494 1919 τῶν
1520 1864 1698 1918 αὐτῶν

117 1954 216 2008 ἐπὶ
265 1956 366 2027 τὴν
396 1954 589 2028 ἀρχὴν,
642 1956 734 2010 καὶ
763 1956 961 2026 ὁμοίως
991 1957 1238 2011 ἐντεῦθεν
1280 1957 1371 2010 ἐπὶ
1418 1957 1477 2011 τὸ
1514 1958 1694 2023 τέλος’

116 2047 212 2098 καὶ
233 2044 430 2100 οΰποτε
460 2046 615 2100 τοῦτο
641 2048 868 2101 ποιοῦσα
898 2047 1183 2102 παύσεται.
1206 2044 1329 2102 Οἷον
1358 2051 1407 2103 εί
1433 2048 1694 2105 ἀλλοιοῖτο

115 2150 148 2207 η
169 2154 211 2191 α
241 2156 299 2207 γ,
328 2139 489 2210 μέσον
506 2139 564 2193 δὲ
583 2138 643 2192 τὸ
669 2140 777 2193 ἀπὸ
811 2141 908 2212 μὲν
933 2140 1026 2194 τοῦ
1045 2141 1093 2206 ,Β
1110 2158 1123 2172 ·
1147 2156 1186 2193 α
1210 2143 1242 2212 ή
1271 2140 1540 2212 μεταϐολὴ
1566 2141 1692 2211 ἀφί-

116 2228 267 2293 ξεται
299 2230 391 2284 ἐπὶ
408 2231 469 2284 τὸ
492 2231 560 2296 β,
593 2232 687 2285 καὶ
704 2232 919 2285 ἐκεῖθεν
944 2232 1036 2285 ἐπὶ
1072 2232 1132 2285 τὸ
1178 2251 1232 2303 τ.
1278 2232 1446 2285 Πάλιν
1491 2233 1690 2298 τοίνυν,

112 2320 226 2373 ἀπὸ
251 2320 346 2374 τοῦ
378 2321 547 2394 ἄκρου
569 2323 662 2376 τοῦ
690 2343 729 2394 τ
754 2324 845 2376 ἐπὶ
873 2324 932 2377 τὸ
953 2325 1001 2388 ,β
1023 2324 1473 2394 ἀνακάμπτουσα,
1508 2322 1693 2392 ἀφίξε-

114 2413 206 2464 ταί
243 2428 374 2465 ποτε
434 2414 527 2467 ἐπὶ
577 2414 640 2467 τὸ
691 2431 756 2466 α·
820 2416 917 2468 καὶ
964 2414 1125 2468 τοῦτο
1176 2414 1327 2467 ἔσται
1379 2414 1690 2479 διαπαντός.

114 2503 330 2574 Ὠσπερ
360 2502 470 2557 ἀπὸ
513 2504 608 2557 τοῦ
653 2504 880 2575 μέλανος
926 2508 959 2577 ἡ
1006 2504 1296 2575 μεταϐολὴ,
1356 2504 1517 2575 μέσον
1546 2504 1602 2558 δὲ
1631 2505 1692 2558 τὸ

113 2593 297 2661 φαιὸν,
330 2595 424 2649 καὶ
455 2596 622 2668 ἀκρον
645 2598 705 2651 τὸ
731 2598 942 2653 λευκόν.
983 2597 1151 2651 Πάλιν
1182 2596 1238 2649 δὲ
1276 2597 1543 2650 ἀνάπαλιν
1579 2597 1688 2650 ἀπὸ

110 2684 306 2736 τούτου
334 2685 426 2739 ἐπὶ
456 2685 516 2739 τὸ
540 2686 717 2755 φαιὸν,
749 2688 841 2741 καὶ
864 2687 1062 2759 ὁμοίως
1085 2687 1176 2741 ἐπὶ
1200 2687 1259 2741 τὸ
1289 2687 1456 2757 μέλαν
1477 2703 1491 2719 ο
1527 2687 1688 2742 πάλιν

109 2773 170 2826 δὲ
205 2774 316 2827 ἀπὸ
363 2774 458 2828 τοῦ
504 2776 697 2831 λευκοῦ
731 2778 765 2847 ἡ
793 2776 936 2849 ἀρχὴ
967 2777 1067 2848 τῆς
1107 2775 1520 2847 ἀλλοιώσεως,ἠ
1552 2774 1688 2846 αὑτὴ

110 2864 301 2933 ἔφοδος
332 2867 456 2939 ήδη.

112 2961 267 3017 hum.
300 2961 540 3019 Rursum
592 2980 625 3020 e
678 2968 976 3033 contrario,
1010 2965 1077 3018 ab
1111 2965 1235 3019 albo
1267 2964 1334 3019 ad
1364 2963 1596 3034 pullum,
1626 2976 1692 3017 ac
1730 2964 1984 3019 similiter
2027 2964 2095 3017 ad
2126 2967 2343 3036 nigrum
2396 2985 2410 3020 :

106 3058 202 3114 nis
228 3060 535 3128 exordium,
561 3060 813 3133 idemque
831 3062 945 3131 jam
980 3068 1382 3131 argumentum.

1801 1860 1872 1915 do
1901 1862 2063 1916 etiam
2107 1863 2223 1918 hinc
2265 1866 2577 1936 loquantur.
2628 1867 2750 1939 Ipsa
2794 1888 3029 1943 namque
3070 1877 3385 1945 alteraudo,

1800 1967 2018 2023 semper
2044 1970 2075 2009 a
2107 1959 2380 2028 principio
2413 1960 2574 2016 ducet
2602 1964 2887 2018 exordium
2913 1983 2927 2032 ;
2962 1967 3385 2039 procedensqne

1797 2043 2031 2096 medium
2055 2045 2302 2116 attinget,
2329 2047 2492 2118 inque
2521 2064 2644 2104 eum
2674 2053 2893 2106 modum
2923 2053 3084 2110 ﬁnem
3112 2072 3382 2128 asseque-

1793 2139 1901 2186 tur.
1944 2133 2234 2192 Enimvero
2267 2155 2389 2192 cum
2422 2140 2485 2193 ad
2520 2142 2681 2197 linem
2717 2145 3047 2213 pervenerit,
3098 2164 3207 2202 non
3250 2158 3365 2221 qui-

1799 2229 1968 2287 escet,
2023 2224 2293 2294 siquidem
2348 2228 2599 2282 alteratio
2642 2231 2763 2299 ejus
2803 2236 3042 2289 essentia
3084 2248 3168 2292 est
3204 2256 3218 2303 ;
3272 2245 3369 2294 sed

1796 2327 1990 2368 rursus
2020 2330 2116 2384 per
2141 2315 2346 2373 .eadem
2381 2317 2607 2375 ﬂectens
2629 2363 2644 2387 ,
2675 2321 2742 2376 ad
2772 2325 3097 2394 principium
3131 2339 3371 2384 reverte-

1797 2413 1909 2472 tur,
1956 2407 2082 2462 inde
2126 2410 2379 2465 similiter
2403 2412 2469 2465 ad
2511 2400 2713 2469 linem:
2749 2431 2850 2471 nec
2899 2418 3003 2472 hoc
3054 2418 3233 2474 facere
3268 2438 3373 2476 un-

1797 2515 1960 2568 quam
1997 2502 2258 2556 cessabit.
2314 2501 2472 2557 Velut
2502 2505 2549 2559 si
2578 2507 2878 2562 alterentur
2899 2526 2931 2561 a
2961 2518 3015 2565 et
3047 2527 3094 2575 c,
3130 2512 3369 2567 medium

1794 2599 1976 2647 autem
2028 2593 2099 2649 sit
2125 2593 2194 2659 b;
2230 2599 2459 2651 mutatio
2493 2615 2525 2651 a
2560 2606 2613 2653 et
2641 2601 2669 2652 b
2694 2602 2989 2671 perveniet,
3026 2612 3191 2674 atque
3239 2605 3371 2662 hinc

1794 2685 1861 2738 ad
1881 2700 1927 2740 c.
1955 2683 2167 2740 Rursus
2193 2687 2355 2755 igitur
2372 2688 2439 2741 ab
2464 2695 2711 2743 extremo
2740 2707 2767 2743 c
2795 2691 2863 2744 ad
2890 2691 2917 2743 b
2935 2691 3180 2760 ﬂectens,
3199 2710 3372 2764 quan-

1793 2775 1972 2846 doque
2001 2794 2034 2829 a
2063 2787 2387 2847 assequetur
2419 2798 2433 2834 :
2465 2781 2677 2849 eritque
2714 2782 2817 2835 hoc
2842 2785 3121 2839 continue.
3148 2783 3307 2840 Velut
3332 2801 3365 2839 ι

1793 2869 1952 2937 nigro
1993 2870 2269 2937 mutatio;
2327 2870 2587 2935 medium,
2629 2871 2874 2942 pullum;
2922 2884 3248 2943 extremum,
3290 2878 3371 2930 al-

2470 2982 2773 3037 rursusque
2813 2969 2882 3024 ab
2934 2970 3059 3026 albo
3092 2973 3371 3029 alteratio‘

959 3176 1088 3232 CAP.
1119 3175 1256 3233 Vill.
1283 3178 1365 3232 An
1387 3140 1611 3232 materia
1637 3169 1921 3242 maleﬁca?
1957 3170 2031 3225 De
2055 3170 2163 3225 Deo
2193 3180 2242 3225 et
2271 3171 2516 3226 materia.

179 3297 320 3350 Κατ’
358 3294 641 3348 ἀλλοίωσιν
702 3295 995 3359 κακοποιὸς
1041 3297 1189 3350 αἰτία
1246 3297 1394 3350 ἐστὶν
1458 3299 1492 3369 ἡ
1549 3296 1646 3367 ὕλη
1673 3313 1722 3363 ;ι

1864 3290 2091 3346 Materia
2121 3289 2461 3345 alterationis
2508 3289 2722 3345 ratione
2753 3303 2920 3347 causa
2951 3302 3036 3348 est
3065 3295 3312 3353 maleﬁca
3347 3300 3375 3353 ?

106 3387 187 3441 Οὐ
217 3386 420 3457 μᾶλλόν
450 3405 503 3441 τι
532 3387 825 3451 κακοποιὸς
872 3389 905 3460 ἢ
939 3389 1285 3458 ἀγαθοποιὸς,
1315 3388 1458 3443 οὕτω
1493 3407 1556 3459 γε
1578 3389 1685 3443 δεί-

106 3496 319 3533 κνυται.
357 3480 537 3533 Ἔστω
567 3479 677 3552 γάρ
708 3482 741 3553 ἡ
778 3480 919 3552 ἀρχὴ
951 3481 1050 3551 τῆς
1082 3480 1420 3545 ἀλλοιώσεως
1452 3482 1559 3535 ἀπὸ
1590 3480 1683 3535 τοῦ

105 3569 305 3624 κακοῦ.
330 3571 538 3625 Οὐκοῦν
565 3571 737 3636 οὕτως
769 3572 876 3625 ἀπὸ
903 3572 1090 3626 τούτου
1120 3573 1209 3627 διὰ
1241 3572 1348 3627 τῶν
1377 3573 1684 3646 ἀδιαφόρων

105 3662 204 3714 ἐπὶ
243 3661 306 3715 τὸ
344 3662 545 3731 ἀγαθὸν
578 3666 612 3735 ἡ
658 3663 959 3727 ἀλλοίωσις.
1007 3664 1144 3718 Ἀλλ’
1185 3665 1292 3718 ἀπὸ
1321 3665 1413 3719 τοῦ
1455 3664 1679 3734 ἀγαθοῦ.

104 3751 281 3806 Πάλιν
325 3754 503 3809 τοίνυν
535 3754 623 3809 διά
664 3755 772 3809 τῶν
820 3756 1127 3828 ἀδιαφόρων
1169 3759 1201 3829 ἡ
1235 3758 1399 3830 ἀρχή.
1447 3757 1560 3811 Εἶτ’
1591 3759 1684 3811 ἐπὶ

100 3842 225 3895 τόδε
251 3842 311 3895 τὸ
335 3845 504 3917 ἄκρον
532 3846 629 3899 εἴτ’
667 3847 759 3900 ἐπὶ
781 3847 843 3900 τὸ
885 3847 1069 3920 ἕτερον
1109 3850 1143 3920 ἠ
1174 3848 1408 3920 κίνησις,
1445 3850 1475 3903 ὁ
1521 3850 1680 3914 αὐτὸς

101 3935 294 4002 λόγος·
330 3936 502 3991 ταῦτα
539 3936 602 3990 ὲκ
632 3937 947 4009 περιουσίας
982 3938 1222 4007 λέγεται.

176 4118 334 4171 Πᾶσα
366 4118 461 4187 μὲν
492 4118 602 4190 γὰρ
634 4119 846 4190 κίνησις
877 4121 1006 4191 περὶ
1046 4120 1107 4174 τὸ
1141 4122 1306 4175 ποσόν
1326 4139 1340 4152 ·
1389 4123 1586 4188 κακίας
1621 4124 1679 4177 δὲ

96 4205 200 4261 καὶ
224 4207 424 4279 ἀρετῆς
437 4207 658 4279 ἡγεμών
686 4211 835 4263 ἐστιν
852 4211 886 4281 ὴ
905 4209 1142 4280 ποιότης.
1176 4211 1362 4266 Ταῦτα
1387 4213 1443 4267 δὲ
1471 4215 1556 4268 ὅτι
1583 4215 1676 4268 καὶ

94 4297 180 4369 τῷ
205 4298 351 4367 γένει
380 4300 681 4372 διώρισται,
720 4300 897 4372 ἴσμεν.
935 4303 1171 4376 Πότερον
1199 4304 1256 4356 δὲ
1299 4305 1457 4375 μόνον
1484 4307 1513 4358 ὁ
1544 4306 1678 4371 Θεὸς

94 4390 196 4444 καὶ
219 4392 253 4457 ή
288 4390 387 4460 ὖλη
411 4392 559 4445 ἐστὶν
591 4394 776 4465 ἀρχαὶ,
801 4394 836 4464 ἧ
864 4410 914 4446 τι
944 4394 1128 4464 ἓτερον
1160 4395 1464 4462 ἀπολείπει,
1492 4398 1521 4450 ὃ
1548 4397 1674 4450 τού-

92 4497 206 4532 των
230 4479 378 4534 ὲστὶν
406 4480 464 4533 ὲν
496 4480 680 4551 μέσῳ;
710 4481 772 4534 Εἰ
810 4481 909 4552 μὲν
938 4482 1043 4552 γὰρ
1085 4482 1248 4553 μηδέν
1273 4484 1439 4546 ἐστιν,
1467 4484 1675 4554 ἄμικτα

92 4570 272 4625 ταῦτα
298 4570 650 4625 ὑπολείπεται
692 4573 827 4644 πρὸς
860 4573 1033 4626 αὑτά’
1066 4573 1247 4647 καλῶς
1284 4574 1392 4647 γὰρ
1435 4574 1672 4644 λέγεται,

1787 3383 1910 3439 Non
1951 3384 2123 3453 magis
2154 3382 2454 3437 maleﬁcam
2485 3398 2626 3444 esse,
2658 3398 2823 3451 quam
2879 3384 3177 3441 beneﬁcam
3240 3390 3369 3445 inde

1788 3475 2071 3545 probatur.
2100 3472 2181 3528 Sit
2215 3474 2360 3528 enim
2389 3473 2733 3529 alterationis
2767 3476 3098 3546 principium
3133 3493 3163 3531 a
3194 3481 3363 3533 malo.

1787 3566 1878 3622 διο
1913 3568 2079 3637 igitur
2112 3566 2180 3620 ab
2210 3566 2333 3628 hoc,
2364 3579 2459 3634 per
2482 3580 2546 3618 ea
2574 3580 2694 3635 qua:
2741 3567 2905 3620 medii
2939 3568 3155 3638 generis
3211 3580 3365 3638 sunt,

1786 3662 2036 3715 alteratio
2067 3668 2152 3714 est
2188 3658 2256 3712 ad
2310 3660 2537 3712 bonum.
2578 3656 2774 3713 Verum
2807 3667 2927 3714 esto
2956 3676 2986 3713 a
3021 3661 3185 3716 bono.
3219 3662 3370 3717 Rur-

1784 3768 1881 3807 sus
1915 3753 2078 3822 igitur
2107 3766 2200 3820 per
2219 3765 2283 3804 ea
2322 3765 2444 3820 quae
2475 3749 2638 3804 medii
2675 3752 2889 3820 generis
2913 3760 3062 3815 sunt,
3097 3761 3179 3808 est
3209 3756 3363 3823 priu-

1784 3843 2007 3912 cipium.
2039 3840 2164 3896 Sive
2194 3842 2261 3896 ad
2294 3857 2462 3895 unum
2496 3850 2826 3905 extremum,
2870 3844 2986 3898 sive
3022 3844 3089 3898 ad
3122 3847 3361 3902 alterum

1783 3934 1853 3988 sit
1889 3945 2086 3997 motus,
2138 3933 2330 3987 eadem
2360 3941 2444 3987 cst
2475 3933 2613 3987 ratio
2650 3950 2665 3999 ;
2716 3942 2881 4003 atque
2930 3934 3046 3989 bmc
3078 3951 3143 3990 ex
3185 3937 3364 3992 abun.

1781 4024 1933 4080 danti
1960 4024 2240 4078 dicuntur.

1850 4114 2043 4169 Omnis
2074 4119 2253 4166 motus
2276 4111 2422 4166 circa
2458 4113 2820 4182 quantitatem
2851 4122 3141 4172 versatur:
3191 4133 3360 4188 pono

1779 4204 2013 4274 qualitas
2041 4203 2155 4257 vitii
2189 4204 2300 4257 dux
2346 4218 2411 4257 ac
2446 4204 2666 4260 virtutis
2713 4205 2951 4260 exsistit.
2986 4206 3206 4262 Scimus
3262 4223 3360 4261 au-

1778 4301 1886 4349 tem
1930 4295 2047 4348 haec
2087 4294 2249 4348 etiam
2283 4309 2482 4363 genere
2533 4294 2818 4364 distingui.
2857 4294 2996 4349 Num
3038 4312 3168 4351 vero
3214 4297 3358 4355 Deus

1778 4384 2042 4439 duntaxat
2072 4385 2411 4455 materiaque
2459 4385 2777 4455 principia;
2842 4401 2911 4440 an
2959 4387 3163 4457 aliquid
3204 4390 3355 4444 aliud

1778 4458 2048 4547 superest,
2080 4477 2225 4547 quod
2254 4476 2446 4529 horum
2484 4477 2721 4530 medium
2749 4478 2981 4534 exsistat
3010 4480 3033 4532 ?
3070 4480 3356 4550 Siquidem

1778 4577 1959 4625 autem
1994 4570 2129 4623 nihil
2157 4577 2260 4635 est,
2293 4575 2515 4623 manent
2566 4570 2680 4625 haec
2714 4570 2860 4625 inter
2886 4587 2946 4627 se
2975 4573 3350 4632 incommista.

91 4664 201 4726 ὅτι,
248 4662 336 4716 ἵνα
378 4661 447 4715 τά
484 4663 627 4734 άκρα
671 4664 857 4735 μιχθῇ,
882 4664 961 4717 δεῖ
986 4665 1041 4717 τὶ
1064 4660 1201 4718 εἶναι
1228 4668 1285 4718 ὲν
1316 4666 1488 4737 μέσῳ,
1523 4668 1671 4731 ὅπως
1702 4656 1722 4712 Ῑ

1794 4663 1941 4718 lecte
1960 4662 2102 4717 enim
2123 4661 2323 4716 dicitur
2353 4678 2366 4715 :
2400 4661 2446 4715 si
2471 4662 2688 4731 quidem
2719 4672 2963 4718 extrema
2993 4666 3356 4738 misceantur,

90 4751 270 4808 ταῦτα
302 4754 492 4826 συνδέῃ
514 4770 529 4786 ο
564 4756 614 4808 εί
639 4755 694 4809 δέ
729 4775 779 4810 τι
817 4755 1001 4825 ἕτερον
1033 4759 1288 4830 ὑπάρχει,
1324 4761 1536 4830 ἀνάγκη
1571 4760 1674 4812 πά-

1770 4770 1998 4809 neccsse
2028 4761 2112 4809 est
2144 4768 2266 4808 esse
2296 4751 2501 4822 aliquid
2538 4753 2592 4807 in
2620 4754 2822 4821 medio,
2846 4757 2991 4826 quod
3025 4757 3115 4811 illa
3148 4773 3353 4814 conne-

91 4846 181 4901 λιν
219 4842 356 4900 εἶναι
395 4847 430 4919 ἢ
474 4847 763 4919 ἀσώματον
804 4848 839 4920 ἢ
882 4848 1073 4921 σῶμα·
1106 4849 1246 4905 ὥστε
1289 4850 1479 4923 τριττὴ
1531 4851 1671 4924 ἀρχὴ

1794 4855 1899 4900 :tat.
1939 4844 2035 4899 Sin
2093 4852 2272 4898 autem
2304 4845 2450 4899 aliud
2484 4844 2616 4915 quid
2671 4847 2907 4912 exsistit,
2954 4864 3178 4905 necesse
3232 4867 3352 4904 rur-

92 4938 395 5002 ὲπεισόδιος
428 4939 670 5007 γέγονεν.

164 5118 438 5194 Πρότερον
473 5121 530 5174 δὲ
570 5124 619 5175 si
665 5122 801 5187 ὅλως
831 5125 860 5177 ό
888 5124 1020 5189 Θεὸς
1059 5125 1153 5178 καὶ
1194 5127 1228 5197 ἡ
1272 5124 1369 5198 ὕλη
1399 5125 1665 5195 ἀσώματα

92 5212 350 5286 ἑκάτερα,
401 5213 681 5286 οὐδέτερον
729 5217 788 5269 ὲν
832 5214 1117 5287 οὐδετέρῳ,
1171 5216 1310 5288 πλὴν
1362 5220 1411 5271 εῖ
1467 5219 1541 5290 μὴ
1589 5217 1665 5281 ὡς

92 5304 452 5377 γραμματικὴ
483 5307 542 5360 ἑν
566 5305 709 5378 ψυχῇ
732 5323 745 5336 υ
774 5306 932 5361 τοῦτο
965 5307 1023 5360 δὲ
1050 5309 1250 5364 ἄτοπον
1285 5310 1379 5363 ἐπὶ
1402 5309 1536 5363 Θεοῦ
1571 5310 1664 5364 καὶ

93 5396 269 5468 ’Υλης
290 5398 543 5451 ἐπινοεῖν.
573 5397 637 5449 Ei
667 5395 726 5450 δὲ
748 5395 825 5461 ὡς
856 5398 914 5451 ὲν
946 5397 1108 5470 κενῷ,
1151 5397 1227 5463 ὥς
1250 5416 1394 5463 τινες
1420 5400 1660 5469 λέγουσι,

88 5489 153 5541 τὸ
199 5489 354 5542 κενὸν
379 5487 459 5560 τῷ
494 5488 656 5541 παντὶ
697 5489 1131 5560 περικεχῶσθαι’
1166 5491 1228 5545 τὸ
1270 5490 1455 5563 ἓτερον
1501 5491 1661 5545 πάλιν

88 5577 480 5631 ἀνυπόστατον.
516 5576 686 5632 Οὑσία
714 5577 824 5649 γὰρ
867 5578 960 5633 τοῦ
1006 5580 1164 5635 κενοῦ
1196 5583 1258 5636 τὸ
1288 5583 1472 5655 μηδέν.
1510 5585 1572 5637 El
1604 5584 1659 5637 δὲ

85 5670 163 5731 ὡς
202 5667 608 5747 συμὸεϐηκότα,
644 5668 860 5741 πρῶτον
911 5670 1011 5740 μὲν
1050 5672 1310 5728 ἀδύνατον
1348 5674 1534 5728 τοῦτο’
1571 5676 1662 5728 οὐ·

90 5762 215 5826 οξας
277 5760 387 5828 γὰρ
446 5761 645 5829 ἄμοιρα
708 5760 855 5827 ὄντα,
918 5762 1154 5832 οὐδαμοῦ
1221 5759 1358 5822 εἶναι
1415 5766 1657 5823 δύναται.

1768 4955 1863 4993 sus
1896 4944 1985 4991 aut
2022 4938 2404 5005 incorporeum
2441 4945 2535 4990 aut
2564 4951 2767 5006 corpus
2794 4952 2956 5004 esse;
3013 4948 3177 5010 atque
3207 4941 3348 4997 adeo

1767 5030 1990 5084 tertium
2012 5029 2365 5084 adventitium
2391 5028 2723 5099 principium
2745 5030 2987 5086 emersit.

1842 5122 2085 5177 Primum
2129 5123 2314 5192 itaque
2345 5122 2392 5177 si
2446 5120 2587 5178 Deus
2615 5130 2669 5175 et
2694 5123 2921 5178 materia
2942 5124 3100 5177 ambo
3117 5138 3347 5194 prorsus

1773 5215 2091 5286 incorporea
2121 5232 2135 5282 ;
2185 5220 2444 5269 neutrum
2473 5213 2529 5268 in
2570 5213 2763 5275 altero,
2815 5225 3172 5284 prmterquam
3198 5218 3343 5286 quod

1771 5308 1915 5362 sicut
1947 5306 2301 5377 grammatica
2325 5310 2411 5359 est
2445 5304 2499 5358 in
2528 5305 2734 5359 anima.
2760 5303 2875 5359 Hoc
2906 5313 3088 5359 autem
3133 5307 3187 5361 in
3232 5307 3347 5363 Deo
3404 5368 3417 5385 κ

1771 5406 1827 5453 et
1851 5398 2081 5451 materia
2116 5396 2438 5466 intelligere,
2499 5395 2798 5451 absurdum
2831 5406 2935 5451 est.
2986 5395 3043 5450 Si
3073 5411 3251 5453 autem
3283 5407 3343 5453 ut

1772 5493 1830 5545 in
1848 5505 2043 5555 vacuo,
2076 5496 2135 5544 ut
2181 5489 2403 5560 quidam
2450 5487 2772 5558 loquuntur,
2819 5504 3051 5544 vacuum
3083 5491 3344 5546 universo

1768 5581 1897 5636 huic
1930 5579 2322 5636 circumfusum
2356 5594 2508 5648 esse;
2541 5580 2773 5635 alterum
2806 5595 3003 5637 rursus
3032 5582 3342 5636 substantia

1769 5680 1942 5728 caret.
1981 5671 2147 5726 Vacui
2179 5676 2323 5746 enim
2359 5673 2670 5729 substantia
2718 5672 2856 5726 nihil
2890 5681 2995 5728 est.
3026 5671 3123 5727 Sin
3159 5680 3341 5727 autem

1773 5773 1830 5820 ut
1862 5764 2192 5832 accidentia,
2238 5764 2474 5834 primum
2519 5763 2738 5835 quidem
2774 5779 2838 5821 ea
2867 5779 2957 5822 res
2985 5765 3343 5838 impossibilia
