3876 6168
456 189 563 246 4‘23

1439 185 1839 244 ALEXANDRI
1877 187 2188 246 EPlSCOPl
2225 175 2734 247 LYco'pou'rANi

3607 194 3714 252 εδδ

459 315 565 362 εει.
597 303 728 372 Quae
756 305 900 360 enim
921 304 1231 361 substantia
1245 312 1455 367 carent,
1488 304 1638 359 nullo
1659 318 1896 375 usquam
1909 305 2012 359 lOCt

2140 307 2275 378 Ὄχη
2285 325 2360 377 μα
2387 306 2497 378 γὰρ
2517 306 2706 378 ὥσπερ
2731 307 2880 362 ἐστὶν
2905 306 3178 380 ύποϐεϐλη
3188 305 3346 379 μένον
3371 306 3484 372 τοῖς
3505 309 3712 380 συμϐε-

453 407 685 469 possunt
708 413 849 454 esse.
886 397 981 452 Est
1011 399 1155 452 enim
1185 396 1490 453 substantia
1524 397 1682 467 quasi
1709 396 2025 451 vehiculum

452 489 830 544 accidentibus
858 489 1126 559 subjecta.
1157 488 1313 555 Quod
1357 489 1404 544 si
1442 491 1601 544 ambo
1646 503 1898 558 corpora,
1932 505 2029 542 ne-

453 598 612 639 cesse
636 591 722 638 est
743 591 978 654 utraque
1009 590 1104 637 aut
1127 583 1310 654 gravia
1329 599 1470 646 esse,
1496 591 1590 637 aut
1612 591 1845 652 utraque
1864 582 2026 648 levia,

451 683 547 730 aut
570 677 746 731 media
771 694 786 744 ;
820 685 916 730 aut
940 676 1170 731 alterum
1184 675 1403 747 quidem
1417 691 1603 747 grave,
1627 677 1857 731 alterum
1889 676 2027 740 leve,

452 767 598 822 aliud
624 768 882 823 medium.
922 767 1048 822 Sive
1074 767 1243 838 igitur
1267 776 1498 839 utraque
1521 770 1730 840 gravia,
1757 771 1838 826 sic
1869 771 2030 840 plane

449 875 675 915 necesse
705 868 789 915 est
824 861 939 914 haec
962 861 1151 916 eadem
1185 868 1239 915 et
1265 862 1320 914 in
1342 861 1557 916 levibus
1583 877 1726 928 esse,
1757 870 1812 918 et
1860 864 1921 918 in
1959 865 2028 922 iis

445 966 568 1018 qum
603 959 733 1005 sunt
765 952 942 1007 media
980 972 993 1006 :
1037 953 1152 1008 sive
1183 953 1537 1009 dissentanea
1571 956 1703 1019 sint,
1729 955 1876 1010 aliud
1908 972 2028 1010 om-

444 1045 578 1104 nino
630 1051 903 1099 secretum
936 1045 1040 1100 erit
1070 1046 1139 1100 ab
1163 1047 1290 1099 alio.
1332 1046 1511 1100 Alium
1551 1048 1696 1102 enim
1731 1049 1832 1103 sibi
1863 1064 2028 1119 grave

447 1135 625 1190 locum
655 1136 917 1203 vindicat,
958 1145 1122 1207 atque
1151 1138 1298 1192 aliud
1329 1138 1473 1208 quod
1496 1139 1733 1193 medium
1759 1149 1861 1204 est,
1878 1141 2026 1195 aliud

443 1227 579 1284 leve.
625 1227 734 1282 Alii
776 1229 1037 1283 nimirum
1084 1231 1242 1284 locus
1303 1246 1522 1284 sursum
1573 1233 1870 1300 competit;
1907 1233 2019 1296 alii,

443 1318 734 1388 deorsum;
772 1321 888 1384 alii,
944 1322 1090 1392 quod
1122 1322 1232 1377 situ
1278 1323 1518 1378 medium
1563 1333 1666 1378 est.
1714 1323 1847 1394 Ejus
1896 1340 2025 1380 vero

443 1414 589 1482 quod
619 1415 898 1484 sphaericae
943 1415 1129 1486 ﬁgura:
1156 1426 1258 1480 est,
1295 1417 1451 1472 locus
1502 1417 1744 1482 inﬁmus,
1781 1418 2023 1473 medium

441 1515 545 1564 est.
575 1509 658 1562 Ah
685 1509 779 1563 illo
809 1511 954 1564 enim
979 1510 1045 1564 ad
1074 1511 1257 1564 omnia
1286 1511 1588 1565 excelsiora
1619 1510 1684 1564 ad
1705 1526 2017 1581 supremam

443 1613 616 1666 usque
647 1597 993 1667 superﬁciem
1026 1600 1393 1670 undequaque
1422 1608 1508 1656 cst
1541 1600 1825 1655 distantia.
1866 1600 2020 1656 Cun-

442 1698 639 1761 ctaque
665 1706 859 1746 rursus
897 1693 1104 1762 gravia,
1144 1693 1506 1762 undequaque
1544 1693 1596 1746 in
1629 1692 1807 1762 ipsum
1845 1691 2025 1747 ferun-

443 1789 553 1837 tur.
587 1782 862 1848 Quocirca
894 1784 1060 1838 ctiam
1089 1784 1269 1839 ridere
1298 1784 1495 1848 subiit,
1531 1785 1772 1838 audienti
1801 1805 1814 1839 :
1847 1783 2022 1839 Mate-

2135 397 2360 469 ϐηκόσιν
2391 401 2422 469 ἡ
2456 399 2632 453 οὐσία.
2672 399 2821 452 Εἴτε
2865 399 3095 470 σώματα
3139 400 3396 471 ἑκάτερα,
3431 401 3647 472 ἀνάγκη
3677 403 3711 474 ἢ

2133 487 2300 556 ἄμφω
2334 487 2505 560 βαρέα
2534 483 2691 552 εἶναι,
2721 488 2754 558 ἢ
2786 489 2954 559 ἄμφω
2982 487 3176 556 κοῦφα,
3211 489 3244 560 ἢ
3277 490 3437 561 μέσα·
3465 491 3498 559 ἦ
3526 491 3588 544 τὸ
3613 492 3716 562 μὲν

2135 579 2294 651 βαρὺ,
2326 581 2359 651 ἢ
2394 581 2454 634 τὸ
2481 580 2539 634 δὲ
2585 580 2808 650 κοῦφον,
2843 580 2876 653 ἢ
2909 581 2970 634 τὸ
2998 581 3054 634 δὲ
3092 580 3274 652 μέσον.
3308 580 3434 634 Εἴτε
3466 577 3558 636 οὖν
3583 582 3714 636 ἑκά.-

2130 691 2264 746 τερα
2296 673 2483 743 βαρέα,
2516 675 2778 746 σύμπασα
2806 673 2978 738 οὕτως
3005 674 3219 744 ἀνάγκη
3247 673 3386 728 εἶναι
3417 675 3544 729 τάδε
3571 676 3713 731 αὐτὰ

2131 767 2226 820 καὶ
2254 768 2346 819 ἐπὶ
2369 767 2474 819 τῶν
2501 766 2716 836 κούφων
2745 766 2838 820 καὶ
2865 767 2956 820 ἐπὶ
2980 765 3088 819 τῶν
3120 767 3318 837 μέσων·
3349 767 3458 820 εἴτε
3494 769 3708 840 παραλ-

2129 858 2394 923 λάττοιτο,
2429 859 2491 912 τὸ
2527 858 2715 931 ἕτερον
2746 859 2963 923 πάντως
3001 857 3096 911 τοῦ
3129 859 3316 930 ἐτέρου
3351 858 3503 912 ἔσται
3536 877 3710 932 κεχω-

2132 950 2408 1022 ρισμένον.
2442 949 2633 1011 Ἄλλος
2662 950 2772 1021 γὰρ
2799 949 2878 1019 τῷ
2919 949 3099 1021 βάρει,
3129 951 3224 1002 καὶ
3255 950 3412 1016 ἄλλος
3448 952 3530 1023 τῷ
3559 953 3710 1023 μέσῳ

2129 1043 2222 1095 καὶ¹
2249 1041 2326 1112 τῷ
2351 1041 2536 1110 κούφῳ
2565 1042 2726 1105 τόπος
2750 1058 2762 1071 ·
2795 1041 2872 1112 τῷ
2909 1041 3007 1112 μὲν
3039 1041 3148 1113 γὰρ
3185 1041 3245 1094 τὸ
3276 1042 3407 1106 ἄνω,
3449 1042 3529 1114 τῷ
3563 1044 3621 1096 δὲ
3649 1044 3708 1097 τὸ

2127 1136 2298 1201 κάτω,
2321 1135 2396 1204 τῷ
2418 1135 2474 1188 δὲ
2496 1135 2555 1188 τὸ
2580 1135 2761 1205 μέσον.
2783 1135 2990 1199 Παντὸς
3007 1135 3063 1188 δὲ
3083 1136 3450 1205 σφαιροειδοῦς
3477 1137 3540 1190 τὸ
3560 1137 3708 1191 κάτω

2129 1229 2292 1299 μέσον
2327 1230 2502 1282 ὲστίν·
2538 1229 2645 1284 ἀπὸ
2682 1230 2790 1302 γὰρ
2816 1228 2982 1282 αὐτοῦ
3011 1230 3148 1301 πρὸς
3190 1231 3298 1282 πᾶν
3326 1229 3386 1283 τὸ
3431 1231 3706 1302 μετέωρον

2126 1329 2254 1401 ἄχρι
2285 1329 2386 1398 τῆς
2423 1329 2535 1383 ἄνω
2568 1329 2888 1399 ἐπιφανείας
2926 1328 3189 1383 πάντοθέν
3224 1331 3370 1382 ἐστιν
3398 1331 3430 1400 ἡ
3467 1330 3708 1383 ἀπόστα-

2129 1437 2231 1484 σις.
2266 1421 2374 1473 Καὶ
2407 1422 2584 1475 πάντα
2614 1421 2775 1474 πάλιν
2809 1420 2879 1474 τὰ
2913 1421 3082 1492 βαρέα
3111 1421 3446 1492 πανταχόθεν
3476 1419 3706 1490 φέρεται

2125 1511 2212 1564 ἐπ’
2251 1512 2400 1565 αύτό.
2447 1513 2537 1565 Διὸ
2577 1513 2670 1566 καὶ
2699 1512 2936 1582 γέλωτός
2976 1529 3064 1583 μοι
3111 1512 3345 1583 ἐπῆλθεν
3389 1511 3702 1575 ἀκούσαντι,

2128 1605 2208 1658 ὅτι
2237 1605 2566 1675 κινουμένη
2603 1607 2642 1676 ἡ
2691 1607 2808 1674 ὕλη
2857 1606 3135 1672 ἀτάκτως
3189 1605 3380 1676 (τοῦτο
3426 1605 3534 1676 γὰρ
3561 1605 3707 1674 αὐτῇ

2128 1696 2269 1750 κατὰ
2301 1696 2484 1766 φύσιν)
2542 1701 2630 1764 εις
2662 1698 2775 1766 τὴν
2802 1699 2906 1752 τοῦ
2939 1699 3085 1752 Θεοῦ
3124 1699 3370 1768 ἀφίκετο
3399 1696 3631 1766 χώραν,
3665 1696 3707 1764 ἢ

2127 1787 2192 1853 ἐς
2214 1787 2340 1856 φῶς
2371 1787 2472 1840 καὶ
2503 1787 2803 1856 λαμπρὸν,
2845 1789 2939 1842 καὶ
2974 1789 3151 1842 πάντα
3179 1787 3247 1840 τὰ
3287 1786 3529 1840 τοιαῦτα.

441 1878 598 1943 riam,
617 1879 744 1932 dum
769 1881 1108 1950 incomposite
1125 1889 1358 1935 movetur
1376 1898 1438 1934 ac
1455 1881 1847 1949 inordinateﬁd
1867 1876 2012 1938 enim
2058 1885 2138 1938 illi
2169 1900 2234 1940 ex
2263 1894 2459 1940 natura
2491 1885 2597 1956 est)
2640 1887 2709 1939 ad
2734 1885 2832 1940 Dei
2872 1888 3100 1941 evasisse
3141 1885 3422 1956 regionem,
3480 1885 3587 1938 sive
3635 1883 3710 1937 ad

441 1975 606 2028 lucem
631 1985 678 2028 et
701 1977 1023 2041 claritatem,
1051 1978 1283 2048 ejusque
1315 1980 1534 2050 generis
1560 1981 1769 2036 omnia.

512 2065 572 2121 Si
621 2075 802 2124 autem
846 2069 993 2124 aliud
1043 2086 1265 2140 corpus,
1304 2070 1451 2125 aliud
1472 2072 1853 2142 incorporeum
1883 2081 2015 2129 est:

438 2159 673 2228 primum
705 2162 922 2231 quidem
952 2164 1098 2234 quod
1130 2179 1332 2233 corpus
1361 2172 1466 2227 est,
1505 2165 1561 2219 in
1584 2167 1763 2220 solum
1816 2168 2018 2223 mobile

437 2259 542 2308 est.
560 2251 850 2316 Praeterea,
867 2255 1136 2325 siquidem
1157 2257 1500 2311 incommista
1518 2263 1647 2312 sunt
1669 2249 2018 2328 unumquod-

436 2359 543 2414 que
571 2360 819 2402 seorsum
844 2346 910 2400 ab
933 2348 1105 2403 altero
1138 2348 1440 2403 secundum
1461 2349 1735 2418 propriam
1759 2358 2015 2404 naturam

436 2448 542 2494 est.
578 2438 676 2493 Sin
718 2455 847 2494 vero
899 2440 1132 2495 alterum
1174 2441 1331 2496 alteri
1389 2441 1740 2496 commistum
1773 2451 1877 2506 est,
1904 2450 2017 2509 ,aut

437 2531 638 2594 anima,
698 2539 792 2586 aut
841 2547 996 2587 mens
1033 2532 1259 2598 fuerint,
1295 2541 1391 2587 aut
1423 2533 1703 2589 accidens.
1738 2532 1831 2588 Sic
1865 2534 2014 2589 enim

435 2622 782 2680 solummodo
799 2625 1123 2694 incorporea
1153 2626 1478 2696 corporibus
1509 2626 1860 2682 commisceri
1883 2640 2018 2681 con-

388 2774 399 2790 ,
431 2715 618 2786 lingit.

2198 2073 2261 2127 Εἰ
2291 2074 2345 2128 δὲ
2377 2074 2439 2128 τὸ
2469 2073 2569 2144 μὲν
2610 2073 2790 2144 σῶμα,
2823 2073 2884 2126 τὸ
2917 2073 2973 2126 δὲ
3007 2072 3315 2145 ἀσώματον,
3355 2073 3568 2146 πρῶτον
3604 2076 3711 2146 μὲν

2123 2167 2152 2220 ὅ
2186 2169 2301 2220 ἐστι
2339 2165 2517 2236 σῶμα,
2577 2167 2736 2236 μόνον
2765 2167 2979 2238 κινητόν
3009 2169 3176 2219 ἐστιν·
3203 2166 3391 2220 ἔπειτα
3421 2167 3497 2232 δὲ,
3521 2169 3568 2220 εξ
3602 2167 3712 2237 μὲν

2123 2261 2358 2331 ἄμικτα,
2407 2259 2556 2313 ἐστὶν
2597 2261 2857 2331 ἑκάτερον
2901 2261 3069 2332 χωρὶς
3108 2261 3368 2332 ἐκατέρου
3415 2260 3555 2314 κατὰ
3603 2260 3714 2331 τὴν

2123 2353 2327 2406 οἰκείαν
2360 2353 2520 2422 φύσιν
2540 2370 2553 2382 ·
2602 2355 2650 2405 εἰ
2681 2353 2737 2404 δὲ
2776 2353 3037 2424 μέμικται
3067 2353 3128 2405 τὸ
3159 2353 3345 2424 ἕτερον
3383 2352 3462 2424 τῷ
3503 2354 3705 2424 ἑτέρῳ,

2123 2444 2156 2515 ἢ
2183 2445 2328 2518 ψυχὴ
2351 2445 2383 2516 ἢ
2407 2446 2533 2510 νοῦς
2560 2447 2592 2518 ἢ
2618 2446 2962 2519 συμϐεϐηκὸς
2995 2445 3061 2500 ἂν
3084 2445 3190 2517 εἴη.
3219 2446 3377 2501 Οὕτω
3402 2445 3510 2518 γὰρ
3540 2445 3713 2518 μόνον

2121 2534 2192 2588 τὰ
2225 2535 2493 2608 ἀσώματα
2518 2541 2631 2602 τοῖς
2663 2537 2878 2610 σώμασι
2911 2537 3140 2610 πάρεστι
3175 2537 3486 2610 μίγνυσθαι.

427 2850 566 2922 Ωιι.
594 2850 686 2908 IX.
726 2851 970 2906 Ridicula
998 2850 1420 2906 Hanichaorum
1449 2852 1690 2906 materia:
1714 2852 1773 2905 in
1802 2851 1970 2906 Deum
2003 2861 2178 2908 motus
2218 2853 2433 2909 deliria.
2476 2855 2642 2916 Deus,
2669 2852 2911 2910 malefice
2953 2865 3144 2910 auctor
3185 2855 3508 2922 rebellionis,
3539 2877 3714 2917 sensu

606 2922 970 2990 .Manichaico.
1001 2923 1247 2977 Materia:
1276 2924 1527 2992 appetitio
1557 2923 1690 2976 lucis
1712 2931 1762 2977 et
1778 2923 2092 2991 splendoris,
2114 2924 2269 2979 bona.
2297 2925 2450 2979 Bona
2480 2925 2659 2980 divina
2688 2927 2820 2980 nihil
2846 2943 2912 2981 ea:
2941 2929 3257 2982 commercio
3289 2929 3520 2985 minora.

505 3058 613 3116 Sed
656 3073 893 3130 quonam
926 3059 1089 3114 modo
1119 3059 1174 3112 in
1207 3058 1304 3113 Dei
1352 3057 1632 3128 regionem
1680 3073 1744 3113 ac
1803 3057 2010 3122 sedem,

2200 3035 2339 3116 Ἀλλ’
2378 3064 2527 3127 ὅπως
2555 3063 2758 3134 ἠνέχθη
2786 3065 2866 3127 είς
2904 3063 3002 3136 τὴν
3041 3064 3134 3118 τοῦ
3157 3064 3293 3119 Θεοῦ
3321 3065 3523 3138 χώραν,
3562 3068 3597 3139 ἢ
3637 3068 3713 3122 ἐκ

435 3167 613 3222 quave
651 3167 718 3206 ex
775 3166 944 3206 causa
979 3151 1194 3213 invecta
1220 3150 1349 3205 est?
1377 3151 1454 3204 illi
1491 3149 1712 3220 quidem
1735 3165 1801 3205 ex
1823 3157 2022 3203 natura

431 3255 518 3301 est
540 3246 693 3307 locus
721 3243 979 3299 deorsum
1005 3254 1058 3302 et
1077 3244 1337 3308 tenebrae,
1365 3251 1425 3297 ut
1454 3243 1787 3314 loquuntur;
1821 3250 2022 3314 praeter

439 3345 694 3398 naturam
725 3351 856 3392 vero
904 3337 1058 3392 locus
1089 3351 1312 3399 sursum
1351 3345 1409 3391 et
1456 3336 1574 3390 lux.
1623 3334 2015 3401 Quamobrem,

435 3441 618 3490 motus
651 3431 700 3485 ei
731 3438 865 3485 tunc
900 3430 1367 3500 praeternaturalis
1393 3428 1514 3484 fuit.
1545 3428 1718 3500 Eique
1747 3427 2019 3499 ejusmodi

429 3520 638 3590 aliquid
666 3519 886 3585 accidit,
921 3534 986 3574 ac
1021 3519 1067 3575 si
1101 3523 1225 3589 quis
1253 3517 1485 3588 lapidem
1514 3527 1609 3574 aut
1633 3519 1844 3589 glebam
1860 3527 2019 3574 terra:

401 3628 652 3676 .sursum
688 3611 984 3682 projecerit
1010 3628 1025 3678 ;
1063 3626 1173 3680 qua
1204 3611 1394 3680 utique
1423 3610 1637 3666 ratione
1658 3625 1720 3665 ea
1748 3625 1837 3666 res
1884 3625 2015 3680 pro-

431 3705 672 3774 jicientis
696 3705 898 3774 impetu
929 3703 1211 3773 paululum
1248 3703 1446 3767 levata,
1471 3719 1596 3758 cum
1630 3717 1856 3758 sursum
1886 3718 2015 3758 eva-

435 3799 588 3861 serit,
623 3797 682 3857 in
723 3795 972 3854 eumdem
1027 3796 1207 3849 locum
1254 3795 1458 3850 decidit
1483 3811 1548 3850 ac
1576 3795 1707 3848 ruit.
1745 3793 2010 3862 Quisnam

435 3892 602 3962 igitur
635 3891 914 3946 materiam
937 3891 1003 3944 ad
1037 3905 1334 3960 supernum
1366 3891 1546 3946 locum
1579 3891 1776 3946 levavit
1805 3890 1829 3943 Ἰ
1867 3888 2010 3945 Sane

432 3983 652 4054 quidem
705 3983 821 4039 suis
854 3984 1088 4046 meritis,
1125 3999 1188 4038 ac
1216 3999 1284 4038 ex
1313 3999 1372 4038 se
1409 3983 1549 4054 ipsa,
1583 3998 1648 4037 eo
1677 3994 1828 4037 motu
1862 3981 2004 4036 haud

431 4085 715 4132 moveatur
747 4075 841 4146 qui
873 4076 994 4146 ejus
1047 4076 1163 4145 ipse
1189 4078 1440 4131 exsistat.
1483 4076 1718 4130 Necesse
1748 4090 1878 4130 vero
1922 4083 2006 4130 est

427 4171 540 4224 vim
569 4173 618 4224 ei
661 4171 864 4223 illatam
904 4185 1028 4225 esse
1054 4177 1114 4224 ut
1139 4185 1357 4225 sursum
1393 4170 1649 4231 ferretur,
1681 4168 1824 4222 haud
1845 4183 2003 4223 secus

429 4279 493 4318 ac
534 4261 697 4333 lapidi
727 4269 781 4316 et
808 4262 999 4331 glebae.
1035 4260 1237 4317 Verum
1291 4261 1427 4315 nihil
1459 4261 1537 4314 illi
1579 4275 1702 4314 cum
1745 4275 1809 4315 ea
1837 4260 2004 4315 relin-

427 4362 623 4426 quunt,
658 4361 850 4423 praeter
881 4353 1070 4408 Deum.
1111 4351 1456 4415 Manifestum
1492 4351 1657 4422 igitur
1709 4351 1842 4420 quid
1872 4350 2001 4405 inde

2122 3155 2281 3218 ποίας
2327 3155 2541 3222 αἰτίας;
2584 3156 2724 3210 κατὰ
2771 3155 2932 3225 φύσιν
2974 3157 3072 3227 μὲν
3111 3157 3222 3229 γὰρ
3259 3159 3396 3229 αὐτῇ
3441 3159 3500 3211 τὸ
3544 3161 3715 3214 κάτω

2120 3246 2214 3300 καὶ
2237 3248 2297 3309 τὸ
2326 3247 2534 3313 σκότος,
2565 3247 2642 3311 ὣς
2667 3265 2819 3316 φασι,
2853 3248 3007 3322 παρὰ
3031 3249 3191 3319 φύσιν
3213 3249 3268 3303 δὲ
3289 3250 3351 3303 τὸ
3379 3250 3490 3304 ἄνω
3520 3252 3618 3305 καὶ
3637 3252 3714 3306 τὸ

2120 3339 2236 3410 φῶς
2255 3357 2270 3372 ⁸
2310 3339 2386 3404 ὥς
2410 3357 2474 3408 γε
2519 3339 2671 3412 παρὰ
2713 3340 2875 3410 φύσιν
2906 3340 3027 3393 τότε
3057 3341 3280 3410 γέγονεν
3314 3343 3450 3414 αὐτῇ
3477 3344 3509 3414 ἡ
3536 3342 3712 3416 κίνη-

2120 3451 2225 3498 σις.
2271 3433 2381 3486 Καὶ
2407 3433 2647 3486 τοιοῦτόν
2685 3451 2736 3486 τι
2778 3433 3067 3498 πέπονθεν,
3104 3429 3215 3488 οἷον
3257 3437 3304 3488 εἰ
3348 3434 3491 3511 λίθον
3523 3452 3609 3499 τις
3658 3437 3705 3508 ἢ

2119 3523 2288 3594 βῶλον
2329 3523 2433 3593 γῆς
2473 3525 2552 3585 εἰς
2586 3523 2646 3575 τὸ
2687 3521 2800 3576 ἄνω
2839 3523 3079 3594 ῥίψειεν·
3121 3525 3189 3578 δι’
3215 3524 3244 3577 ὃ
3285 3525 3370 3597 δὴ,
3405 3525 3583 3594 ὀλίγον
3625 3529 3705 3582 τὰ

2114 3611 2340 3665 τοιαῦτα
2361 3611 2722 3681 κουφισθέντα
2747 3613 2851 3665 ὑπὸ
2871 3613 2972 3684 τῆς
2992 3612 3086 3666 τοῦ
3114 3614 3368 3685 ῥίψαντος
3391 3614 3531 3684 βίας,
3561 3632 3706 3686 μετ-

2114 3705 2260 3777 έωρα
2299 3706 2590 3774 γεγονότα,
2637 3705 2718 3768 εἰς
2757 3705 2849 3758 τὸν
2905 3705 3065 3758 αὐτὸν
3098 3707 3468 3778 καταφέρεται
3498 3707 3697 3762 τόπον.

2111 3796 2222 3866 Τὴν
2263 3793 2356 3850 οὖν
2399 3796 2532 3867 ὕλην
2562 3796 2647 3861 τίς
2685 3796 2972 3865 ἐκούφισεν
3000 3799 3080 3860 εἰς
3105 3797 3198 3850 τὸν
3244 3798 3355 3851 ἄνω
3384 3797 3578 3863 τόπον;
3607 3801 3700 3853 Δι’

2108 3889 2280 3960 αὐτὴν
2316 3889 2412 3959 μὲν
2443 3887 2551 3958 γὰρ
2587 3887 2681 3941 καὶ
2708 3887 2765 3954 ἐξ
2800 3887 2970 3957 αὐτῆς
3000 3888 3101 3941 οὐκ
3141 3887 3208 3941 ἂν
3252 3890 3452 3943 κινοῖτο
3480 3887 3696 3959 ταύτην

2105 3978 2204 4050 τὴν
2229 3977 2462 4046 κίνησιν,
2493 3977 2660 4048 αὐτῆς
2691 3977 3062 4047 ὑπάρχουσαν.
3102 3979 3194 4029 Δεῖ
3225 3977 3281 4030 δὲ
3325 3977 3494 4049 αὐτὴν
3545 3978 3691 4032 ὑπο-

2108 4071 2287 4139 μεῖναι
2308 4067 2446 4138 βίαν,
2477 4069 2565 4122 ἵνα
2591 4070 2670 4130 είς
2691 4069 2782 4121 τὸν
2807 4069 2918 4122 ἄνω
2943 4068 3104 4121 τόπον
3127 4068 3487 4141 μετεωρισθῇ,
3509 4070 3692 4126 καθά-

2105 4177 2210 4232 περ
2236 4161 2263 4212 ὁ
2292 4159 2436 4223 λίθος
2464 4160 2557 4213 καὶ
2585 4161 2618 4232 ἡ
2648 4160 2833 4230 βῶλος.
2883 4159 3022 4212 Ἀλλ’
3048 4159 3234 4232 ἕτερον
3274 4163 3370 4232 μὲν
3397 4161 3550 4215 οὐδὲν
3584 4163 3689 4216 σὺν

2103 4253 2242 4324 αὐτῇ
2272 4251 2646 4319 ἀπολείπουσι,
2681 4253 2770 4306 τὸν
2811 4250 2944 4305 Θεὸν
2985 4251 3062 4304 δέ.
3111 4254 3348 4325 Φανερὸν
3387 4250 3480 4307 οῦν
3511 4253 3576 4306 τὸ
3618 4257 3690 4308 ὲκ

2102 4345 2198 4398 τοῦ
2239 4345 2396 4413 λόγου
2439 4345 2767 4415 συμϐαῖνον·
2808 4346 2912 4408 ὅτι,
2945 4346 3068 4397 κατ’
3108 4345 3324 4410 αὐτοὺς,
3359 4348 3388 4399 ὁ
3419 4345 3550 4410 Θεὸς
3589 4345 3688 4418 βίᾳ

426 4447 752 4504 conﬁciatur
783 4462 795 4498 :
851 4446 1021 4500 Deum
1069 4445 1300 4508 scilicet,
1337 4451 1398 4498 ut
1428 4443 1529 4512 ipsi
1580 4442 1916 4506 existimant,
1948 4442 2000 4498 vi

2120 4441 2199 4493 ιαὶ
2231 4440 2443 4512 ἀνάγκη
2468 4439 2670 4510 ταύτην
2701 4437 2972 4509 μετέωρον
3002 4439 3256 4509 ἐποίησεν
3286 4440 3362 4503 ὡς
3388 4439 3570 4492 αὑτόν.

426 4557 490 4595 ac
521 4539 869 4603 necessitate,
899 4538 1078 4609 ipsum
1097 4537 1164 4592 ad
1190 4553 1250 4594 se
1282 4537 1565 4592 materiam
1597 4536 1886 4591 sublimem
1918 4535 2000 4590 le-

424 4650 604 4690 V8558.

494 4725 680 4796 Atqui,
713 4725 758 4780 si
787 4725 989 4778 malum
1025 4722 1250 4776 materia
1274 4727 1378 4784 est,
1433 4719 1657 4774 omnino
1685 4721 1849 4774 etiam
1881 4735 1999 4773 ma-

422 4818 490 4873 lae
518 4825 648 4872 sunt
677 4817 799 4886 ejus
851 4815 1230 4886 appetitiones.
1271 4813 1367 4866 Est
1393 4827 1524 4865 vero
1573 4811 1703 4866 mali
1737 4811 1998 4881 appetitio

422 4886 571 4964 mala‘
600 4927 615 4976 ;
654 4908 779 4963 boni
809 4922 937 4962 vero
967 4914 1130 4975 atque
1151 4905 1386 4971 honesti,
1413 4905 1533 4973 ipsa
1567 4903 1720 4958 valde
1740 4903 1992 4957 honesta.

425 5000 706 5070 Siquidem
742 5000 908 5070 igitur
954 4998 1183 5053 materia
1215 4997 1356 5067 quod
1415 4993 1760 5065 splendidum
1789 5001 1876 5049 est
1909 4994 1996 5047 lu-

422 5104 650 5159 ccmque
688 5088 1022 5158 concupivit,
1057 5085 1203 5141 haud
1233 5087 1374 5140 mala
1402 5086 1523 5155 ejus
1561 5085 1836 5155 cupiditas
1879 5093 1991 5150 est;

423 5190 483 5236 ut
508 5197 686 5251 neque
716 5181 762 5235 si
791 5181 914 5250 quis
949 5180 1139 5234 vitiose
1183 5180 1350 5234 vitam
1409 5178 1702 5232 traducens
1734 5218 1748 5242 ,
1804 5186 1993 5247 postea

423 5273 641 5331 tandem
672 5273 892 5327 virtutis
947 5272 1220 5326 desiderio
1271 5272 1555 5326 exarserit.
1617 5268 1789 5325 Secus
1840 5285 1992 5333 vero,

421 5364 566 5421 haud
589 5374 745 5419 vacat
771 5365 1025 5428 crimine,
1058 5364 1104 5419 si
1134 5365 1259 5434 quis
1290 5364 1575 5419 studiosus
1604 5362 1659 5416 in
1689 5363 1817 5432 mali
1847 5361 1996 5418 desi-

421 5457 630 5519 derium
654 5457 879 5511 venerit.
917 5454 1074 5511 Velut
1104 5457 1148 5511 si
1179 5458 1303 5526 quis
1329 5457 1496 5520 dicat,
1534 5456 1700 5512 Deum
1731 5471 1851 5526 quae.
1882 5469 1996 5508 ma-

423 5550 570 5607 teria'
592 5559 926 5618 competunt,
953 5551 1094 5603 mala
1110 5558 1384 5620 appetere.
1418 5549 1530 5604 Nec
1570 5551 1714 5605 enim
1735 5548 1827 5604 Dei
1850 5549 1991 5602 bona

422 5641 552 5695 talia
577 5639 894 5700 :cstimanda
923 5646 1072 5706 sunt,
1098 5643 1281 5711 qualia
1312 5647 1440 5698 sunt
1461 5641 1645 5696 multa:
1674 5655 1806 5711 opes
1831 5645 1884 5696 et
1909 5639 1990 5692 la-

2176 4718 2286 4770 Kal.
2319 4733 2443 4786 μην,
2476 4717 2522 4768 εἱ
2546 4717 2714 4768 κακὸν
2741 4717 2775 4785 η
2807 4714 2928 4783 ὕλη,
2959 4715 3175 4777 πάντως
3207 4729 3310 4765 που
3341 4704 3481 4764 εἰσὶν
3506 4710 3680 4781 αὐτῆς

2106 4809 2200 4863 καὶ
2224 4807 2428 4878 ὀρέξεις
2460 4807 2726 4860 τοιαῦται.
2760 4807 2917 4859 Ἐστι
2953 4805 3009 4859 δὲ
3039 4807 3073 4876 ἡ
3105 4806 3202 4875 μὲν
3229 4801 3323 4856 τοῦ
3353 4800 3523 4856 κακοῦ
3550 4799 3679 4873 δρε-

2107 4900 2188 4968 ξις
2211 4899 2385 4971 φαύλη
2407 4915 2420 4929 ·
2454 4901 2487 4969 ἡ
2517 4899 2573 4952 δὲ
2599 4897 2694 4950 τοῦ
2731 4897 2897 4951 καλοῦ
2930 4897 3071 4950 πάνυ
3105 4894 3390 4948 σπουδαία.
3408 4893 3476 4944 Ei
3497 4891 3557 4943 δὲ
3579 4889 3677 4942 τοῦ

2105 4989 2358 5063 λαμπροῦ
2417 4991 2510 5044 καὶ
2564 4989 2659 5043 τοῦ
2705 4989 2882 5058 φωτὸς
2931 4987 3279 5059 ἐπεθύμησεν
3345 4988 3379 5057 ἠ
3427 4985 3561 5056 ὕλη,
3612 4982 3676 5035 οὐ

2103 5081 2280 5153 φαύλη
2327 5084 2359 5152 ἠ
2404 5081 2702 5152 ἐπιθυμία·
2759 5080 3009 5151 καθάπερ
3046 5080 3166 5133 οὐδὲ
3199 5082 3246 5132 εἰ
3287 5080 3344 5132 ἐν
3380 5077 3547 5147 κακία
3589 5092 3678 5137 τις

2100 5173 2232 5238 ζῶν,
2267 5174 2402 5244 μετὰ
2421 5173 2593 5227 ταῦτά
2617 5191 2744 5227 ποτε
2773 5173 3166 5244 ἐπιθυμήσειεν
3194 5170 3410 5243 ἀρετῆς.
3440 5169 3679 5221 Τούναν-

2098 5265 2213 5318 τίον
2244 5265 2373 5334 γὰρ,
2405 5265 2462 5317 ἐν
2503 5263 2806 5336 ἐγκλήματι
2839 5264 2901 5316 τὸ
2935 5262 3222 5316 σπουδαῖόν
3259 5278 3378 5314 τινα
3420 5257 3513 5312 τοῦ
3542 5257 3678 5327 (pati-

2099 5359 2191 5412 λου
2234 5361 2314 5421 εἰς
2357 5358 2650 5428 ἐπιθυμίαν
2689 5357 2895 5411 ἐλθεῖν·
2929 5356 3178 5425 καθάπερ
3225 5352 3290 5406 ἂν
3333 5353 3380 5405 εί
3419 5351 3510 5404 τὸν
3539 5348 3678 5404 Θεὸν

2103 5456 2259 5522 φαῖεν
2287 5452 2571 5522 ὀρέγεσθαι
2610 5450 2717 5506 τῶν
2761 5453 2826 5522 τῇ
2859 5449 2960 5522 ὕλῃ
2990 5449 3303 5520 προσόντων
3348 5443 3554 5498 κακῶν.
3597 5444 3673 5497 0-3

2101 5544 2209 5615 γὰρ
2231 5543 2294 5615 δὴ
2327 5543 2396 5596 τὰ
2415 5542 2508 5595 τοῦ
2536 5541 2672 5594 Θεοῦ
2711 5541 2890 5610 ἀγαθὰ
2917 5540 3141 5593 τοιαῦτα
3169 5536 3530 5606 ὑποληπτέον,
3562 5529 3674 5588 οἷόν

2099 5638 2246 5690 ἐστιν
2271 5635 2298 5688 ὁ
2326 5635 2551 5699 πλοῦτος
2583 5636 2725 5706 καὶὴ
2764 5633 2928 5704 πολλὴ
2959 5632 3050 5704 γῆ,
3081 5631 3174 5685 καὶ
3201 5634 3228 5686 ὁ
3260 5632 3424 5694 πολὺς
3450 5628 3671 5700 χρυσὸς,
