3876 6168
212 257 326 313 425

1101 255 1524 324 TRACTATUS
1562 265 1652 322 DE
1691 267 2006 328 PLACITIS
2046 271 2606 332 MANICHIEORUM.

3366 287 3470 346 426

209 371 568 470 ιῖινλέλάττων
616 380 825 450 γίνεται
873 383 951 455 τῷ
979 385 1302 458 κεκτημένῳ
1348 389 1380 459 ή
1421 388 1530 442 ἀπὸ
1557 387 1666 440 τῶν
1699 390 1786 442 ἀν-

1894 388 2126 445 tifundia
2160 391 2461 464 ingensque
2502 395 2623 448 auri
2654 396 2759 462 vis,
2795 412 3032 469 quorum
3079 403 3323 463 minores
3365 413 3470 470 do-

209 467 447 559 θρώπων
484 470 566 534 εἰς
608 471 796 544 ἕτερον
847 474 1200 544 μετάστασις.
1257 476 1396 530 Ἀλλ’
1441 477 1498 530 εί
1521 495 1642 532 τινα
1671 479 1786 532 τού-

1893 483 2046 538 mino
2071 485 2272 539 cedunt
2304 495 2507 555 partes,
2537 487 2584 542 si
2613 489 2737 559 quis
2763 491 2821 547 in
2841 492 3075 549 alterum
3106 496 3176 552 ab
3195 513 3261 554 eo
3279 507 3467 558 trans-

206 550 319 614 τιον
341 562 478 628 ὅλως
516 565 701 618 εἰκόνα
725 567 1005 638 ἐπινοῆσαι
1034 568 1132 632 δεῖ,
1165 569 1264 640 τὴν
1307 569 1522 638 σοιρίαν,
1550 566 1704 642 οἶμαι
1736 572 1793 626 δὲ

204 653 300 706 καὶ
337 654 414 718 ὡς
442 657 507 711 ἄν
530 674 615 722 τις
646 659 949 730 παραϐάλοι
974 660 1069 713 καὶ
1090 659 1190 725 τὰς
1218 663 1550 733 ἐπιστήμας.
1582 663 1791 735 Ὥσπερ

202 740 300 799 οῦν
324 744 450 800 οὔτε
489 749 522 818 ή
555 748 718 819 σοφία
753 749 1069 805 ἐλαττοῦται
1095 752 1279 823 οῦτεή
1323 755 1622 824 ἐπιστήμη,
1665 753 1790 808 οὔτε

201 837 253 890 οἱ
291 838 464 903 αὑτάς
496 839 728 911 ἔχοντες,
781 841 847 896 ἂν
891 843 1078 916 ἕτερος
1117 845 1226 898 τῶν
1255 845 1435 900 αὐτῶν
1470 845 1750 920 μεταλάϐῃ
1771 863 1784 876 ·

200 929 384 994 οὕτως
415 930 537 985 οῦτε
568 935 660 988 τὸν
698 934 833 988 Θεὸν
863 934 1084 1004 εὔλογον
1115 937 1381 1009 φθονῆσαι
1440 942 1507 1010 τῇ
1545 937 1644 1010 ὕλῃ
1688 939 1791 1009 τῆς

198 1023 299 1077 τοῦ
323 1024 489 1080 καλοῦ
516 1027 766 1100 ὀρέξεωςο
790 1031 839 1084 εἰ
860 1029 924 1102 δὴ
947 1030 1088 1085 κατὰ
1115 1032 1313 1095 αὐτοὺς
1332 1031 1548 1104 ὠρέχθη
1572 1034 1784 1086 τούτου.

1893 573 2100 630 tulerit.
2134 575 2242 631 Sed
2265 576 2310 631 si
2327 578 2469 646 quod
2494 580 2718 634 omnino
2746 581 2942 638 horum
2972 586 3325 644 simulacrum
3341 592 3466 644 ani-

1893 678 1986 720 mo
2012 665 2424 723 informandum
2440 670 2886 740 sit,sapientiam,
2912 685 3044 746 puto
3059 695 3187 735 vero
3211 689 3264 736 et
3279 682 3460 737 scien-

1889 760 2017 823 tias,
2050 759 2104 814 in
2137 762 2445 831 exemplum
2468 763 2775 820 adduxerit.
2802 767 3272 834 Quemadmodum
3300 773 3463 844 igitur

1889 863 2067 918 neque
2093 851 2362 920 sapientia
2393 853 2659 908 minuitur
2715 872 2894 928 neque
2948 862 3201 928 scicntia,
3234 879 3338 920 nec
3367 867 3461 937 qui

1896 937 2006 993 illis
2036 939 2297 1009 praditus
2324 950 2410 998 est
2439 944 2623 999 damni
2653 947 2858 1018 aliquid
2894 949 3055 1017 facit,
3084 957 3228 1026 quod
3261 958 3462 1028 aliquis

1891 1030 2091 1087 horum
2143 1035 2414 1106 particeps
2464 1035 2689 1096 effectus
2736 1033 2939 1099 fuerit:
2972 1047 3054 1102 sic
3104 1063 3280 1120 neque
3323 1053 3462 1108 ratio

198 1116 344 1172 satis
391 1116 556 1182 favet,
603 1129 666 1174 ut
705 1122 1082 1180 existimemus
1127 1121 1299 1179 Deum
1350 1124 1594 1179 materia:
1630 1123 1894 1180 invidisse
1925 1124 2313 1195 appetitionem
2373 1127 2502 1182 boni
2539 1128 2900 1204 honestique;
2937 1135 3067 1192 dum
3107 1116 3266 1210 juxta
3313 1141 3460 1212 illos,

195 1215 497 1285 appetiisse
525 1218 704 1288 ipsum
742 1219 1074 1279 dederimus.

193 1353 328 1412 ευ.
355 1354 423 1410 Χ.
454 1355 681 1410 Deorum
713 1359 1068 1430 mythologia:
1089 1377 1108 1414 :
1133 1361 1298 1432 iisque
1329 1361 1530 1416 similia
1557 1358 1843 1414 Manichan'
1871 1359 2091 1430 placita.
2128 1358 2430 1416 Homericae
2463 1362 2827 1419 Theomachiw
2849 1366 2952 1420 alle
2989 1368 3125 1422 aria.
3160 1367 3458 1429 [Emulatio

410 1436 460 1480 et
496 1428 695 1482 invidia
725 1431 778 1483 in
804 1431 932 1489 Deo.
955 1430 1376 1487 Manichworum
1401 1433 1683 1487 sententia.
1719 1431 1865 1486 Vitia
1895 1430 2085 1485 hwc'in
2103 1432 2250 1486 nullo
2277 1433 2540 1489 studioso.
2563 1435 2856 1489 probroque
2893 1384 3242 1489 adqmiuenda-

410 1436 460 1480 et
496 1428 695 1482 invidia
725 1418 790 1483 in"
804 1418 1376 1496 Deoﬂilani'cheéorum
1401 1433 1683 1487 sententia.
1719 1418 2085 1486 νίιὶαἾιωσνὶη
2103 1432 2250 1486 nullo
2277 1433 2540 1500 studioso,
2562 1418 2856 1506 probroque
2893 1418 2924 1490 a

159 1545 167 1556 '
269 1545 412 1599 Πολὺ
435 1545 491 1598 δὲ
514 1547 640 1611 τοὺς
664 1547 991 1617 μυθοποιοὺς
1017 1550 1479 1623 ὑπερϐεϐλήκασι,
1509 1550 1634 1614 τοὺς
1657 1547 1689 1621 ἢ
1714 1548 1784 1604 τὰ

191 1637 288 1689 τοῦ
320 1637 562 1708 Οὐρανοῦ
589 1641 761 1692 αίδοῖα
787 1641 1099 1712 τέμνοντας,
1198 1643 1297 1707 τὰς
1325 1643 1616 1706 ἐπιϐουλὰς
1642 1641 1784 1696 κατὰ

190 1728 290 1782 τοῦ
325 1732 532 1802 Κρόνου
561 1732 666 1786 ύπὸ
699 1734 793 1788 τοῦ
819 1734 935 1788 υίοῦ
973 1736 1336 1801 συντιθέντας,
1372 1738 1460 1790 ἵνα
1483 1737 1646 1801 αὐτὸς
1681 1754 1784 1791 κα-

2967 1441 3242 1496 mittenda.

1949 1546 2136 1618 Longe
2168 1563 2332 1618 porro
2367 1550 2710 1620 mythologos
2736 1550 2936 1608 fabulis
2957 1567 3286 1624 superarunt
3314 1596 3327 1621 ,
3364 1573 3458 1616 eos

1879 1641 2143 1696 nimirum
2179 1641 2272 1712 qui
2319 1650 2414 1696 aut
2441 1642 2578 1697 Coeli
2608 1643 2787 1698 virilia
2817 1654 3029 1715 putent,
3074 1655 3170 1702 aut
3193 1649 3457 1708 adversus

1881 1731 2178 1787 Saturnum
2207 1749 2238 1787 a
2267 1733 2376 1789 ﬁlio
2409 1741 2650 1791 structas
2703 1736 2954 1802 insidias,
2989 1745 3048 1792 ut
3080 1739 3185 1794 sibi
3209 1740 3326 1811 ipse
3351 1741 3457 1795 im-

189 1823 370 1896 τάσχῃ
415 1825 516 1896 τὴν
561 1826 764 1899 ἀρχήν·
819 1828 852 1901 ἢ
903 1830 1188 1894 ποιοῦντας
1233 1831 1394 1884 πάλιν
1439 1829 1528 1884 τὸν
1571 1831 1781 1902 Κρόνον

1881 1825 2093 1893 perium
2141 1826 2426 1896 arriperet,
2471 1828 2764 1883 commenti
2800 1829 2912 1883 sint
2945 1839 3082 1898 ;aut
3113 1832 3208 1902 qui
3255 1849 3455 1890 rursus

189 1917 317 1980 τοὺς
353 1920 504 1984 υίοὺς
545 1922 895 1975 καταπίνειν·
930 1918 1047 1976 εἶτα
1089 1923 1526 1994 διαμαρτάνοντα
1557 1923 1646 1976 διὰ
1677 1923 1778 1993 τῆς

188 2006 287 2060 τοῦ
318 2008 468 2063 λίθου
503 2011 726 2074 εἰκόνος.
770 2012 896 2076 Πῶς
925 2012 1032 2086 γὰρ
1077 2012 1145 2066 τὰ
1186 2013 1449 2085 λεγόμενα
1482 2014 1572 2066 ὑπ’
1598 2012 1778 2066 αὐτῶν

189 2101 252 2154 ού
327 2103 586 2171 τοιαῦτα;
646 2105 722 2158 ὅτ’
761 2105 827 2159 ἂν
891 2107 1126 2178 πόλεμον
1183 2109 1443 2180 ἄντικρυς
1491 2107 1594 2179 τῆς
1645 2104 1778 2178 ῦλης

191 2193 332 2275 πρὸς
356 2195 446 2247 τὸν
468 2194 601 2247 Θεὸν
629 2195 1051 2270 ὑφηγήσωνται·
1095 2198 1189 2253 καὶ
1221 2199 1354 2271 μηδέ
1386 2198 1560 2252 ταῦτα
1594 2197 1775 2268 μέντοι

188 2284 258 2338 δι’
299 2287 552 2351 ὑπονοίας
593 2287 815 2358 λέγωσι,
847 2289 1096 2362 καθάπερ
1130 2292 1411 2362 Ὄμηρος,
1441 2290 1651 2362 χαίρειν
1682 2289 1776 2341 τὸν

187 2379 292 2432 Δία
336 2380 430 2432 ἐπὶ
474 2377 555 2451 τῷ
598 2380 706 2434 τῶν
749 2379 887 2435 θεῶν
941 2381 1164 2453 πολέμῳ
1219 2381 1356 2453 πρὸς
1401 2380 1664 2453 ἀλλήλους
1716 2382 1776 2433 ἐν

201 2459 432 2540 Ἰλιάδι,
483 2475 850 2546 αἰνιττόμενος
894 2476 952 2528 τὸ
1002 2476 1062 2540 ἐξ
1114 2475 1384 2547 ἀνομοίων
1427 2475 1518 2529 τὸν
1570 2475 1775 2546 κόσμον

189 2564 532 2632 συγκεῖσθαι,
564 2567 923 2638 ἡρμοσμένων
958 2565 1093 2637 πρὸς
1119 2565 1341 2638 ἄλληλα,
1375 2567 1468 2619 καὶ
1500 2564 1774 2618 νικώντων

185 2664 246 2706 τε
288 2654 384 2707 καὶ
427 2655 761 2726 νικωμένων.
802 2657 912 2709 Καὶ
954 2654 1129 2708 ταῦτά
1171 2671 1262 2726 μοι
1310 2653 1544 2724 εἴρηται,
1586 2650 1772 2722 ἐπειδὴ

185 2747 480 2814 γιγνώσκω
515 2748 641 2811 τοὺς
681 2746 978 2812 τοιούτους,
1016 2746 1234 2798 ἐπειδὰν
1277 2743 1605 2808 ἀποδείξεων
1645 2743 1775 2796 ἀπο-

189 2837 380 2908 ρῶσιν,
424 2837 540 2892 ἔνια
574 2839 912 2910 πανταχόθεν
941 2839 1050 2893 ἀπὸ
1088 2839 1197 2893 τῶν
1239 2840 1511 2910 ποιήσεων
1560 2836 1771 2908 συμφέ-

186 2948 404 3003 ροντας,
437 2933 532 2986 καὶ
562 2933 859 3001 ἀπολογίαν
893 2932 1069 2987 ταῦτα
1108 2933 1246 3004 ὑπὲρ
1283 2932 1392 2986 τῶν
1426 2933 1570 2986 ἰδίων
1603 2931 1772 2995 δοξῶν

183 3023 559 3094 ποιουμένους.
594 3025 707 3078 Ούκ
734 3023 800 3078 ἂν
832 3024 889 3078 δέ
912 3025 1086 3080 ταῦτα
1111 3025 1530 3089 ἐπεπόνθεισαν,
1559 3024 1608 3076 εἰ
1634 3023 1773 3095 μετά

181 3131 330 3180 τινος
362 3115 644 3186 φροντίδος
683 3110 838 3171 ὧτινι
867 3117 1067 3188 δήποτε
1107 3116 1485 3188 ἐνετύγχανον.
1553 3129 1573 3150 ⁸

252 3395 366 3448 Καὶ
403 3393 509 3465 μὴν
538 3394 715 3448 πάντα
749 3394 846 3466 μὲν
874 3393 943 3448 τὰ
980 3393 1127 3448 κακὰ
1157 3381 1264 3447 ἀπὸ
1292 3393 1386 3446 τοῦ
1425 3392 1568 3446 θείου
1601 3391 1765 3464 χοροῦ

178 3485 539 3557 ἀπελήλαται,
570 3487 598 3539 ὀ
626 3483 784 3556 ζῆλος
809 3485 866 3539 δὲ
897 3485 1130 3556 μάλιστα
1159 3485 1253 3536 καὶ
1288 3485 1316 3536 ὁ
1350 3480 1560 3552 φθόνος.
1589 3485 1769 3536 Κατα·

179 3575 510 3631 λείπουσιδέ
539 3568 684 3631 οὗτοι
724 3577 866 3631 αὐτὰ
908 3576 1058 3648 παρὰ
1085 3575 1162 3646 τῷ
1205 3574 1343 3646 Θεῷ,
1390 3576 1465 3628 ὅτ’
1496 3575 1562 3628 ἂν
1593 3573 1766 3645 φῶσιν

177 3671 343 3726 αὑτὸν
372 3669 471 3740 τὴν
504 3669 794 3741 ἐπιϐουλὴν
845 3667 986 3722 κατὰ
1015 3668 1114 3738 τῆς
1161 3665 1292 3738 ὕλης
1327 3667 1602 3732 συντάξαι,
1630 3667 1766 3721 διότι

177 3762 244 3834 δὴ
277 3761 370 3815 τοῦ
404 3761 573 3816 καλοῦ
614 3760 949 3833 ἐπεθύμησε.
981 3761 1098 3813 Τίνι
1127 3760 1183 3813 δὲ
1227 3759 1320 3812 καὶ
1345 3760 1374 3811 ὁ
1402 3759 1534 3824 Θεὸς
1570 3753 1645 3814 ὧν
1690 3757 1767 3813 εἷ-

179 3871 276 3925 χεν
314 3853 579 3924 ἐϐουλήθη
622 3852 718 3924 τὴν
775 3851 906 3923 ὓλην
938 3853 1381 3925 τιμωρήσασθαι;
1421 3851 1482 3904 τὸ
1525 3854 1622 3924 μὲν
1655 3853 1764 3927 γάρ

176 3947 385 4003 ἁπλοῦν
424 3945 590 4016 φάναι
628 3946 719 3999 τὸν
761 3945 895 4000 Θεὸν
926 3945 1312 4018 ἀκριϐέστερον
1356 3940 1510 4016 οἶμαι
1556 3946 1588 4018 ἢ
1622 3945 1764 4000 κατὰ

175 4039 423 4104 τούτους.
462 4040 618 4093 Ἐστι
660 4038 757 4093 καὶ
799 4041 832 4110 ἡ
864 4039 962 4109 τῆς
995 4038 1202 4102 ἐννοίας
1233 4036 1424 4092 τούτου
1465 4039 1760 4110 ἀφήγησις,

175 4133 277 4202 οὐχ
319 4132 396 4196 ὼς
424 4131 553 4203 περὶ
596 4131 705 4184 τῶν
747 4129 942 4192 ἄλλων,
985 4128 1223 4193 εὔκολος.
1262 4130 1395 4182 Οὐδὲ
1433 4127 1539 4200 γάρ
1577 4128 1762 4192 ἁπλῶς

174 4224 513 4287 ἐνδείξασθαι
538 4224 708 4296 αὐτὴν
738 4222 982 4285 δυνατὸν,
1007 4221 1094 4274 διὰ
1120 4222 1176 4274 δὲ
1202 4221 1402 4290 πολλῆς
1429 4221 1762 4284 παιδεύσεως

174 4317 273 4372 καὶ
307 4317 488 4370 πόνου.
537 4315 701 4370 Ἀλλὰ
738 4315 900 4368 τοῦτὸ
923 4332 986 4384 γε
1015 4315 1216 4378 πάντες
1249 4313 1426 4385 ἴσμεν,
1455 4315 1535 4367 ὅτι
1565 4317 1596 4386 ή
1622 4312 1760 4385 ὀργὴ

173 4411 272 4464 καὶ
318 4411 352 4482 ἡ
407 4411 508 4480 τῆς
548 4408 819 4480 τιμωρίας
865 4407 1007 4461 κατὰ
1058 4408 1156 4478 τῆς
1205 4405 1336 4477 ὕλης
1392 4405 1571 4477 ὄρεξις
1611 4405 1756 4477 πάθη

170 4501 312 4563 ἐστὶ,
345 4501 474 4572 περὶ
502 4500 594 4554 τὸν
623 4498 766 4552 οὕτω
795 4499 1122 4570 διωκόμενον
1152 4497 1541 4566 συνιστάμεναο
1583 4496 1755 4550 ταῦτα

169 4594 230 4648 δέ
254 4593 376 4648 οὐδὲ
398 4594 524 4665 περί
547 4610 667 4647 τινα
693 4593 978 4646 σπουδαῖον
1014 4591 1224 4661 γένοιτο
1248 4589 1313 4644 ἂν
1335 4591 1403 4644 τὰ
1432 4590 1748 4662 παθήματα·

173 4686 310 4758 μήτι
349 4701 411 4753 γε
446 4683 574 4757 περὶ
607 4685 668 4737 τὸ
701 4682 907 4752 ἀγαθὸν
948 4681 1098 4736 αὑτό.

1844 1915 2175 1996 ‘Salurnum
2203 1919 2341 1976 ﬁlios
2357 1935 2551 1976 vorare
2595 1920 2820 1988 faciant,
2864 1931 3089 1995 tumque
3130 1925 3453 1984 frustratum

1877 2011 2115 2067 consilio
2158 2027 2225 2067 ex
2275 2013 2736 2083 lapidis'objecto
2788 2013 3108 2072 simulacro.
3167 2017 3456 2084 Quomodo

1875 2102 2046 2169 enim,
2077 2119 2197 2175 quae
2221 2105 2290 2159 ab
2322 2105 2402 2162 eis
2431 2104 2710 2172 dicuntur,
2751 2122 2862 2162 non
2911 2108 2998 2164 his
3042 2109 3290 2165 similia?
3325 2127 3454 2167 cum

1876 2194 2058 2263 palam
2085 2196 2327 2251 materia:
2343 2211 2470 2250 cum
2505 2196 2620 2252 Deo
2645 2197 2844 2252 bellum
2873 2198 3116 2256 referant
3143 2221 3157 2269 ;
3189 2218 3253 2258 ac
3277 2219 3456 2276 neque

1876 2286 1993 2341 haec
2046 2288 2279 2358 spiritali
2310 2305 2477 2345 sensu
2530 2304 2594 2344 ac
2640 2291 3008 2363 mythologico
3058 2293 3262 2359 dicant,
3309 2297 3456 2351 velut

1875 2376 2149 2436 Homerus
2177 2381 2232 2435 in
2257 2379 2443 2444 Iliade,
2465 2383 2706 2452 gaudere
2729 2381 2916 2438 Jovem
2952 2385 3181 2440 deorum
3225 2386 3458 2446 intentio

1874 2485 2056 2544 pugna
2087 2489 2151 2526 ac
2185 2473 2346 2536 bello,
2402 2473 2638 2529 obscure
2694 2475 3032 2546 signiﬁcans,
3086 2476 3455 2537 mundum-ex

1875 2561 2238 2633 inaequalibus
2275 2565 2571 2620 conflatum
2600 2580 2742 2631 esse,
2768 2581 2890 2636 quae
2916 2568 3021 2622 alia
3044 2569 3166 2624 aliis
3195 2579 3454 2627 conserta

1875 2662 1988 2708 tum
2024 2655 2270 2718 vincant,
2304 2663 2420 2709 tum
2449 2659 2676 2712 victoria
2712 2660 2932 2716 cadant.
2990 2661 3170 2731 Atque
3205 2661 3322 2718 haec
3365 2665 3454 2720 id-

1873 2746 2025 2801 circo
2054 2764 2085 2801 ιι
2115 2763 2202 2803 me
2231 2748 2377 2804 dicta
2399 2759 2548 2814 sunt,
2573 2750 2715 2822 quod
2740 2750 2912 2807 sciam
2943 2752 3256 2809 istiusmodi
3276 2770 3452 2826 genus

1873 2840 2179 2907 hominum,
2206 2843 2296 2897 ubi
2327 2859 2422 2899 eos
2442 2845 2795 2915 probationes
2818 2861 2882 2901 ac
2906 2846 3178 2902 rationum
3205 2863 3452 2905 momen-

1871 2938 1927 2985 ta
1961 2931 2285 2997 defecerint,
2318 2936 2570 3004 quaedam
2619 2936 2861 3006 undique
2883 2952 2948 2991 ex
2982 2946 3268 3007 poetarum
3299 2953 3454 2996 com-

1873 3027 2074 3082 mentis
2097 3042 2414 3096 congerere,
2453 3036 2615 3098 atque
2639 3029 2766 3084 hinc
2788 3030 2906 3086 suis
2928 3031 3280 3101 Opinionibus
3309 3048 3452 3104 pra:-

1874 3116 2097 3182 sidium,
2142 3134 2206 3174 ac
2259 3135 2370 3190 quo
2401 3134 2459 3175 se
2494 3121 2601 3176 illis
2630 3128 2888 3176 tueantur
2918 3161 2933 3188 ,
2974 3139 3238 3193 quaerere.
3293 3123 3451 3191 Quod

1794 3197 1836 3254 C
1870 3211 2003 3279 ipsis
2032 3209 2455 3284 haudquaquam
2484 3214 2778 3280 evenisset,
2803 3215 2848 3271 si
2879 3215 3075 3284 majori
3105 3215 3451 3287 quadamcu—

1867 3315 1930 3355 ra
1950 3315 2016 3354 ac
2047 3301 2328 3373 diligentia
2357 3319 2470 3358 rem
2502 3304 2780 3374 quidpiam
2817 3305 3097 3374 legissent.

1937 3390 2124 3462 Atqui,
2157 3408 2283 3448 cum
2315 3395 2458 3447 mala
2491 3395 2713 3467 quidem
2766 3395 2951 3449 omnia
2987 3407 3018 3448 a
3051 3395 3238 3450 divino
3277 3396 3450 3453 choro

1867 3486 2156 3549 exsulent,
2209 3494 2327 3540 tum
2386 3486 2470 3541 vel
2522 3486 2760 3541 maxime
2797 3485 3074 3540 aemulatio
3119 3492 3174 3541 et
3218 3485 3448 3542 invidia.

1869 3575 2067 3632 Sinunt
2099 3585 2281 3635 tamen
2304 3579 2358 3634 hi
2388 3579 2530 3650 apud
2557 3580 2721 3634 Deum
2752 3579 2876 3642 ista,
2905 3579 3033 3632 dum
3065 3578 3252 3633 dicunt
3273 3577 3448 3635 Deum

1865 3669 2098 3726 insidias
2145 3674 2416 3729 struxisse
2471 3672 2735 3728 adversus
2796 3672 3103 3737 materiam,
3133 3687 3198 3727 ea
3231 3674 3445 3728 ratione

1865 3765 2011 3835 quod
2042 3765 2243 3820 bonum
2279 3765 2595 3835 cupivisset.
2633 3763 2880 3830 Quonam
2913 3779 3040 3818 vero
3082 3765 3246 3818 etiam
3299 3762 3444 3820 Deus

1864 3872 2054 3912 eorum
2078 3857 2471 3928 quaehahebat.
2498 3856 2694 3928 punire
2724 3856 3008 3909 materiam
3040 3857 3244 3911 voluit?
3276 3856 3446 3928 Equi-

1869 3950 1991 4005 dem
2023 3949 2382 4005 accuratioris
2401 3950 2661 4004 doctrinae
2685 3949 2938 4004 existimo
2966 3955 3025 4001 ut
3044 3946 3186 4004 Deus
3213 3950 3445 4019 simplex

1863 4041 2108 4107 dicatur,
2145 4056 2309 4110 quam
2343 4056 2442 4110 pro
2467 4041 2684 4094 illorum
2716 4039 2947 4092 ratione.
2979 4035 3090 4091 Nec
3124 4053 3276 4101 vero,
3305 4049 3361 4091 ut
3385 4039 3442 4094 in

1865 4133 2010 4199 aliis,
2048 4132 2213 4202 hujus
2250 4132 2415 4187 etiam
2444 4131 2644 4186 mentis
2675 4129 2854 4184 facilis
2886 4127 3163 4183 enarratio
3200 4128 3439 4190 exsistit.

1862 4223 2020 4279 Haud
2057 4225 2257 4295 quippe
2288 4223 2610 4293 simpliciter
2637 4223 2895 4292 nudoque
2915 4234 3167 4276 sermone
3194 4234 3312 4274 eam
3344 4219 3443 4274 de—

1860 4324 2171 4372 monstrare
2201 4317 2347 4378 licet,
2383 4315 2478 4371 sed
2511 4315 2684 4368 multa
2723 4313 3012 4382 disciplina
3059 4319 3223 4380 atque
3251 4326 3435 4380 opera.

1862 4404 2130 4461 Caeterum
2165 4421 2357 4461 onmes
2380 4406 2431 4460 id
2467 4406 2692 4472 scimus,
2747 4405 2883 4459 iram
2931 4420 2994 4459 ac
3028 4404 3288 4468 furorem,
3336 4405 3437 4460 ad-

1861 4511 2163 4566 versusque
2195 4498 2478 4549 materiam
2535 4494 2792 4549 vindicta“:
2847 4493 3176 4563 appetitum,
3211 4492 3441 4550 affectus

1861 4578 2063 4644 esseet
2097 4588 2535 4658 perturbationes
2560 4585 2758 4657 (πάθη)
2795 4585 2942 4640 circa
2976 4601 3098 4639 eum
3147 4600 3307 4654 quem
3357 4586 3441 4641 sic

1860 4681 1950 4735 illa
1989 4689 2369 4750 persequatur,
2419 4685 2702 4732 versantes
2745 4695 2758 4729 :
2799 4674 3068 4745 ejusmodi
3096 4690 3227 4729 sane
3251 4684 3311 4729 ut
3335 4689 3438 4729 nec

169 4780 321 4833 circa
355 4779 525 4832 ullum
548 4777 642 4848 qui
674 4776 873 4831 virtute
904 4776 1075 4830 fultus
1103 4774 1210 4841 sit,
1243 4788 1452 4828 versari
1486 4789 1728 4844 unquam
1768 4775 2051 4844 contingat
2080 4790 2096 4840 ;
2145 4779 2356 4827 tantum
2391 4771 2548 4826 abest
2591 4777 2649 4823 ut
2681 4769 2790 4825 illis
2821 4769 3000 4838 ipsum
3048 4767 3251 4823 bonum
3305 4768 3437 4823 sub-

170 4874 373 4946 jaceat.

633 4991 762 5047 Cn.
793 4989 886 5047 X1.
917 4989 1087 5045 Missa
1110 4991 1274 5044 virtus
1303 4989 1659 5044 Manichaica.
1683 4986 1930 5043 Materia:
1951 4998 2188 5054 virtutes,
2212 4989 2333 5059 pari
2362 4988 2613 5042 minorive
2645 4987 2876 5041 malitia.

254 5115 371 5184 Ἐφ’
397 5114 561 5183 ἕτερα
591 5110 768 5164 τοίνυν
800 5111 925 5180 ἥκει
955 5109 1115 5163 πάλιν
1142 5112 1170 5162 ὁ
1202 5110 1357 5178 λόγος
1387 5113 1750 5183 περιφερόμε-

166 5223 279 5270 νος.
318 5204 534 5275 Ἐπειδὴ
561 5202 669 5274 γὰρ
697 5197 924 5274 δύναμιν
949 5201 1041 5255 τὸν
1069 5195 1200 5256 Θεὸν
1228 5206 1306 5267 εἰς
1356 5201 1453 5274 τὴν
1498 5203 1628 5275 ὕλην
1650 5223 1749 5258 κα-

166 5297 456 5369 ταπέμψαι
504 5295 657 5366 φασὶ,
709 5298 928 5349 σκοπεῖν
963 5295 1133 5362 ἄξιον,
1170 5294 1398 5366 πότερον
1433 5298 1465 5367 ή
1519 5297 1746 5370 δύναμις

165 5389 311 5460 αῦτη
345 5387 486 5442 κατὰ
533 5386 596 5442 τὸ
635 5386 836 5458 ἀγαθὸν
868 5387 1176 5457 ήλάττωται
1208 5388 1362 5460 παρὰ
1401 5389 1494 5442 τὸν
1527 5389 1678 5453 Θεὸν,
1709 5389 1743 5461 ἢ

165 5482 370 5552 ὁμοίως
399 5478 560 5552 εἶχεν.
602 5481 666 5534 Εἰ
702 5481 798 5552 μὲν
840 5479 948 5551 γὰρ
995 5479 1329 5550 ἠλάττωται,
1363 5482 1414 5536 τί
1447 5481 1507 5535 τὸ
1539 5481 1742 5547 αἰτιονς

167 5573 305 5645 ὕλης
342 5574 439 5644 μὲν
497 5571 607 5644 γάρ
631 5571 785 5625 οὐδὲν
828 5572 1043 5642 μετεῖχε
1085 5570 1193 5624 τῶν
1225 5571 1375 5643 παρὰ
1414 5570 1563 5641 Θεῷ*
1600 5571 1656 5623 ἐν
1688 5571 1744 5624 δὲ

169 5671 332 5740 μόνον
359 5666 562 5737 ἀγαθὸν
605 5667 814 5735 εἰσάγει
851 5667 942 5720 τὸν
991 5664 1143 5731 Θεὸν,
1195 5666 1290 5718 καὶ
1330 5665 1388 5718 ἓν
1429 5665 1598 5718 κακὸν
1642 5667 1743 5738 τὴν

164 5761 332 5832 ἱλην·
369 5763 417 5814 εἰ
451 5761 507 5812 δὲ
537 5759 737 5829 ὁμοίως
801 5753 934 5827 εἶχε,
968 5757 1113 5821 τίνος
1153 5757 1313 5811 ἕνεκα
1356 5755 1384 5810 ὁ
1431 5758 1528 5828 μὲν
1557 5757 1743 5828 ὥσπερ

444 5860 719 5921 Parnm”
752 5856 870 5919 Gn.
900 5853 1121 5916 XVIII.

1929 5109 2010 5162 Ad
2047 5110 2149 5163 alia
2191 5109 2358 5180 igitur
2384 5123 2578 5163 rursus
2614 5107 2785 5162 tendit
2814 5105 3263 5161 circumvolitans
3304 5119 3431 5161 ora.

1853 5200 1951 5255 tio.
1987 5199 2125 5267 Quia
2151 5202 2295 5256 enim
2335 5202 2552 5256 misisse
2575 5199 2740 5255 Deum
2771 5199 3028 5254 virtutem
3061 5199 3116 5251 in
3147 5199 3432 5254 materiam

1854 5291 2064 5356 dicunt,
2092 5291 2506 5347 consideremus
2549 5304 2728 5360 operae
2768 5289 3038 5359 pretium,
3075 5295 3260 5343 utrum
3313 5289 3432 5344 haec

1851 5384 2061 5446 virtus,
2094 5383 2161 5438 ad
2204 5384 2330 5438 boni
2375 5383 2643 5437 rationem
2683 5381 2830 5453 quod
2875 5384 3108 5448 attinet,
3161 5396 3274 5453 prae
3319 5381 3431 5438 Deo

1853 5478 2034 5531 minor
2069 5483 2234 5538 esset,
2268 5484 2362 5529 aut
2397 5475 2561 5531 simili
2593 5475 2804 5529 ratione
2842 5474 3085 5528 haberet.
3147 5472 3428 5544 Siquidem

1850 5571 1998 5626 enim
2032 5570 2123 5624 illa
2157 5569 2440 5625 deﬁciebat
2470 5569 2755 5638 minorque
2783 5575 2930 5632 erat,
2967 5581 3217 5638 quaenam
3249 5566 3429 5620 ratio?

1848 5663 1984 5718 Nam
2012 5678 2133 5733 qua:
2165 5662 2307 5732 apud
2349 5659 2514 5716 Deum
2542 5699 2558 5722 ,
2613 5661 2822 5716 nullum
2851 5659 3094 5714 materia:
3135 5657 3432 5713 admittunt

1848 5755 2260 5812 commercium.
2311 5753 2490 5810 Unum
2527 5769 2656 5810 vero
2685 5754 2948 5808 duntaxat
3001 5752 3206 5807 bonum
3258 5748 3428 5804 Deum

3056 5845 3129 5902 115
