3876 6168
491 272 598 328 427

1470 275 1870 338 ALEXAND!“
1907 280 2210 343 EPISCOPI
2248 288 2751 347 LYCOPOLITANI

3623 287 3749 347 I28

480 385 755 456 insignit,
809 400 1087 457 unumque
1123 387 1325 467 malum
1367 390 1670 446 materiam.
1730 392 1826 449 Sin
1875 403 2034 451 auten

2158 419 2242 466 τις
2272 403 2522 473 βασιλεὺς
2547 403 2863 469 ἐπέταττεν,
2897 403 2932 475 ἡ
2957 402 3014 457 δὲ
3038 402 3131 457 τὸν
3164 402 3326 460 πόνον
3354 403 3448 459 τὸν
3474 403 3748 460 ἀκούσιον

481 478 741 533 similiter
774 477 1062 544 habebant,
1095 478 1357 549 quidnam
1411 495 1592 539 causae
1638 492 1757 548 est,
1812 502 1911 542 cur
1945 488 2062 560 ipse

489 570 638 624 velut
679 584 774 624 rex
820 569 1039 640 quidam
1082 570 1378 640 imperaret
1404 609 1420 635 ,
1479 575 1595 642 ipsa
1635 590 1767 630 vero
1818 577 2060 637 laborem

487 660 633 718 hunc
656 662 824 717 invita
857 662 1099 718 subiret?

557 754 701 821 Quin
735 755 802 809 ad
834 755 1113 809 materiam
1143 768 1361 825 quoque
1386 755 1532 825 quod
1565 758 1791 823 attinet,
1847 776 2059 832 quaere-

485 860 598 913 tur,
630 863 761 902 num
787 848 914 902 mali
956 847 1167 903 ratione
1189 848 1397 902 similes
1417 849 1529 903 sint
1562 865 1631 904 an
1674 853 1914 911 minores
1944 856 2057 909 vir-

485 939 671 993 tutes?
698 937 833 992 Nam
866 942 915 995 si
956 938 1217 1003 minores,
1251 952 1475 1007 prorsus
1516 941 1727 997 minore
1755 944 1961 998 malitia
1988 959 2055 1000 ac

484 1031 767 1101 pravitate.
802 1028 934 1085 Boni
957 1044 1086 1100 ergo
1114 1031 1444 1086 commercio
1462 1033 1731 1088 exsistant
1765 1035 1888 1091 illae.
1914 1035 2053 1092 Cum

477 1121 624 1179 enim
652 1120 762 1176 duo
799 1122 942 1175 mala
995 1122 1126 1186 sint,
1159 1122 1304 1193 quod
1356 1124 1537 1180 minus
1565 1133 1686 1190 est,
1741 1126 1847 1182 tale
1893 1129 2053 1198 plane

476 1213 607 1269 boni
633 1213 963 1269 commercio
987 1220 1209 1269 nactum
1241 1220 1300 1267 ut
1338 1222 1487 1270 esset
1524 1231 1589 1270 ac
1604 1216 1689 1271 ita
1721 1232 1780 1273 se
1801 1217 2047 1275 haberet.

472 1305 544 1361 At
573 1306 651 1361 illi
680 1306 829 1362 circa
862 1306 1150 1361 materiam
1194 1306 1407 1361 nullum
1461 1308 1664 1363 bonum
1709 1310 2047 1382 relinquunt.

474 1396 688 1452 Rursus
740 1396 908 1466 igitur
957 1397 1064 1451 alia
1108 1397 1335 1469 emergit
1365 1398 1616 1468 quaestio;
1670 1398 1808 1454 Nam
1843 1402 1890 1456 si
1941 1401 2048 1456 alia

471 1490 718 1559 quaedam
750 1490 929 1544 virtus
956 1489 1083 1543 mali
1114 1491 1325 1546 ratione
1363 1490 1606 1546 materia:
1638 1492 1897 1562 praecellit
1928 1508 2049 1569 qua:

470 1582 715 1636 dominio
747 1582 982 1652 polleat,
1032 1582 1150 1652 ipsa
1186 1583 1545 1655 principalior
1594 1583 1831 1641 exsistit.
1890 1576 2048 1651 Quod

470 1674 616 1728 enim
651 1673 823 1744 magis
855 1673 1079 1739 malum,
1112 1674 1289 1744 ipsum
1321 1675 1468 1731 illius
1498 1674 1727 1746 imperio
1754 1675 1973 1745 polleat.

2162 494 2354 567 ἀνέτλη
2393 495 2609 563 τοῦτον;

2227 767 2337 825 Kal.
2383 770 2475 823 ἐπὶ
2516 769 2615 841 τῆς
2655 763 2786 838 ὕλης
2832 768 2892 839 δὲ
2941 767 3328 840 ζητηθήσεται,
3381 768 3608 841 πότερον
3652 770 3747 833 εἰς

2155 861 2217 916 τὸ
2249 863 2415 917 κακὸν
2443 864 2626 934 ὅμοιαι
2661 862 2694 932 ἦ
2724 856 2979 924 ἐλάττους
3009 860 3297 930 δυνάμεις;
3327 862 3391 914 Εί
3429 860 3538 931 γὰρ
3568 860 3748 914 ἐλάτ-

2153 968 2297 1018 τους,
2339 955 2552 1017 πάντως
2592 969 2653 1005 τε
2691 954 2887 1016 κακίας
2921 953 3175 1016 ἐλάττους
3194 968 3208 982 ο
3246 954 3445 1023 μετοχῇ
3482 953 3591 1023 ἀρα
3634 950 3743 1005 τοῦ

2154 1044 2359 1116 ἀγαθοῦ
2403 1038 2563 1100 αὗται
2598 1045 2664 1099 ἂν
2701 1045 2963 1114 γένοιντο.
3016 1044 3121 1097 Δύο
3156 1044 3264 1116 γὰρ
3307 1044 3476 1098 ὄντων
3514 1044 3740 1110 κακῶν,

2151 1139 2214 1193 τὸ
2250 1133 2415 1211 ἧττον
2440 1138 2677 1191 τοιοῦτον
2704 1137 2847 1192 κατά
2885 1136 3184 1208 μετάληψιν
3215 1135 3311 1189 τοῦ
3349 1135 3554 1204 ἀγαθοῦ
3587 1135 3745 1189 πάν-

2151 1250 2259 1296 τως
2289 1249 2390 1285 που
2424 1229 2596 1295 οὕτως
2624 1230 2874 1301 ἔσχηκεν.
2930 1229 3157 1298 Ἀγαθὸν
3193 1228 3249 1281 δὲ
3279 1228 3429 1282 οὐδὲν
3463 1228 3591 1299 περὶ
3625 1228 3741 1299 τὴν

2156 1315 2289 1388 ὓλην
2327 1315 2702 1370 ἀπολείπουσι.
2745 1314 2913 1368 Πάλιν
2977 1314 3157 1367 τοίνυν
3198 1313 3400 1385 ἀπορία
3432 1313 3622 1383 ἑτέρα.
3668 1314 3740 1365 El

2149 1406 2257 1478 γάρ
2282 1424 2365 1470 τις
2390 1405 2521 1475 άλλη
2561 1404 2786 1476 δύναμις
2811 1403 2890 1476 τῷ
2923 1403 3081 1475 κακῷ
3113 1402 3436 1475 ὑπερϐάλλει
3462 1405 3564 1475 τὴν
3593 1405 3740 1475 ἡγε-

2152 1496 2481 1569 μονεύουσαν
2530 1496 2689 1567 ὓλην,
2738 1496 2876 1568 αὕτη
2926 1496 3072 1549 ἐστὶν
3108 1494 3584 1568 ἡγεμονικωτέραε
3668 1494 3738 1548 τὸ

2148 1587 2257 1659 γὰρ
2284 1582 2483 1659 μᾶλλον
2512 1587 2678 1641 κακὸν
2709 1587 2810 1657 τῆς
2837 1586 3012 1659 ἀρχῆς
3041 1585 3140 1657 τῆς
3167 1586 3285 1639 κατ’
3312 1586 3480 1657 αὑτὴν
3509 1587 3731 1657 ἡγοῖτο.

470 1786 600 1844 CAP.
623 1785 1081 1858 Xllalmprobata
1102 1787 1309 1841 virtutis
1347 1786 1694 1860 immissione,
1713 1788 1851 1860 ntali
1878 1787 2200 1860 destructio;
2231 1790 2370 1860 quod
2392 1789 2521 1860 ntali
2549 1804 2614 1844 ea:
2644 1805 2706 1844 ea
2738 1787 2887 1844 nulla
2907 1787 3151 1843 minutio.
3184 1786 3463 1858 Expuncla
3484 1785 3729 1844 Zenonis

1418 1859 1618 1928 opinio,
1641 1858 1769 1913 solis
1798 1860 1914 1929 igne
1943 1857 2119 1914 orbem
2148 1857 2261 1915 esse
2290 1857 2769 1932 conﬂagraturum.

539 1972 755 2029 Misisse
785 1979 966 2028 autem
995 1969 1165 2027 Deum
1206 1970 1465 2027 virtutem
1505 1972 1563 2026 in
1601 1970 1923 2037 materiam,
1958 1971 2034 2026 di-

2215 1972 2288 2026 Τὸ
2316 1973 2394 2040 δὲ,
2423 1970 2757 2042 Κατέπεμψε
2787 1972 2815 2024 ὁ
2844 1964 2975 2034 Θεὸς
3000 1970 3228 2041 δύναμιν
3264 1970 3357 2024 ἐπὶ
3386 1971 3483 2043 τὴν
3555 1971 3724 2043 ὓλην,

467 2070 611 2127 citur
642 2066 859 2138 quidem
886 2064 1036 2119 nulla
1057 2063 1415 2133 probatione;
1447 2079 1512 2119 ac
1541 2066 1683 2135 quod
1715 2065 1861 2121 omni
1884 2079 2042 2135 pror-

467 2175 561 2215 sus
588 2156 970 2230 probabilitate
989 2164 1190 2211 careat.
1222 2154 1328 2210 Par
1360 2162 1542 2212 tamen
1571 2163 1675 2224 est,
1704 2163 1763 2211 ut
1785 2166 1840 2212 et
1861 2156 2042 2228 ipsum

467 2249 585 2320 pari
614 2247 824 2302 ratione
870 2246 989 2302 suis
1022 2245 1366 2301 sermonibus
1400 2259 1464 2300 ac
1492 2246 1855 2316 esplicatione
1905 2260 2042 2317 gau-

465 2342 610 2396 deat.
657 2337 833 2408 Hujus
898 2352 1032 2393 sane
1062 2352 1287 2392 causam
1332 2337 1476 2390 hanc
1524 2352 1648 2393 esse
1698 2335 1919 2403 dicunt,
1980 2344 2041 2391 ut

465 2434 671 2489 nullum
711 2432 781 2488 sit
817 2429 1043 2493 malum,
1076 2428 1174 2485 sed
1213 2429 1396 2483 omnia
1428 2428 1590 2484 bona.
1625 2427 1864 2485 Decebat
1892 2429 2038 2484 enim

465 2526 716 2580 virtutem
751 2522 995 2578 materia:
1052 2520 1293 2584 misceri,
1322 2520 1651 2574 athletarum
1693 2535 1845 2575 more
1867 2562 1883 2587 ,
1945 2520 2039 2591 qui

463 2631 762 2688 congressu
793 2614 1140 2686 implexuque
1191 2611 1537 2666 adversarios
1586 2618 1876 2682 superant;
1929 2627 2040 2683 quo

463 2707 674 2764 scilicet
720 2705 856 2760 mali
895 2704 1161 2766 victoria,
1216 2702 1395 2771 ipsum
1463 2702 1793 2758 aboleretur.
1856 2702 2040 2775 Longe

465 2814 593 2854 vero
615 2795 903 2867 augustius
937 2794 1193 2856 arbitror,
1223 2790 1427 2863 Deique
1449 2793 1768 2849 excellentia
1795 2796 2037 2868 dignius,

463 2891 640 2959 primo
688 2888 887 2944 statim
939 2884 1290 2940 existentium
1336 2883 1577 2953 cogitatu
1602 2881 1884 2937 materiam
1907 2886 2042 2942 sub.

468 2976 633 3030 latam
695 2989 839 3030 esse.
889 2968 1047 3030 Haud
1105 2983 1284 3029 tamen
1334 2982 1465 3046 puto
1518 2990 1632 3031 rem
1664 2975 2035 3045 admiserunt,

461 3069 606 3139 quod
677 3082 824 3123 nunc
870 3082 1087 3140 quoque
1161 3066 1363 3122 malum
1423 3068 1703 3139 quidpiam
1770 3069 2034 3136 exsistat,

460 3158 604 3231 quod
629 3157 911 3213 materiam
942 3167 1162 3212 vocant.
1209 3152 1319 3211 Res
1361 3170 1493 3211 vero
1528 3156 1664 3209 nihil
1696 3156 1870 3226 magis
1916 3171 2038 3214 ces-

356 3289 365 3294 -
458 3266 583 3306 sare
611 3265 676 3305 ac
704 3249 908 3305 aboleri
939 3247 1200 3319 possibile
1251 3254 1371 3314 est,
1420 3262 1541 3318 quas
1590 3248 1728 3303 tales
1778 3248 1922 3316 sint,
1965 3264 2035 3305 ne

457 3340 581 3413 quis
605 3340 660 3394 in
681 3339 922 3396 deterius
941 3311 1192 3409 quaedam
1225 3311 1426 3392 mutari
1437 3311 1762 3395 admiserit.
1794 3311 2032 3395 Decebat
2058 3311 2105 3375 ο

457 3432 601 3488 enim
636 3431 800 3501 hujus
825 3430 1114 3502 quemdam
1166 3445 1388 3486 sensum
1422 3428 1576 3495 ﬁeri,
1634 3430 1783 3501 quod
1838 3448 2033 3504 nempe

457 3524 573 3579 haec
605 3523 952 3579 mediocriter
996 3522 1191 3593 quovis
1243 3536 1377 3577 sane
1419 3519 1581 3576 modo
1627 3520 1912 3576 imminuta
1943 3536 2032 3577 es-

456 3621 599 3678 sent.
632 3621 690 3666 ut
717 3618 772 3667 et
801 3612 856 3667 in
889 3619 1168 3683 posterum
1202 3610 1455 3666 meliores
1495 3609 1654 3666 nobis
1676 3626 1802 3681 spes
1828 3627 2029 3681 suppe-

456 3708 653 3758 terent.
686 3699 920 3757 Pulchre
950 3703 1096 3757 enim
1137 3701 1193 3757 in
1223 3700 1459 3757 Zenonis
1497 3700 1658 3757 Citiei
1702 3704 2028 3759 sententiam

456 3794 661 3847 dictum
694 3799 799 3858 est,
823 3793 917 3862 qui
944 3806 1128 3846 rerum
1154 3790 1561 3846 universitatem
1585 3791 1696 3862 igni
1728 3790 2029 3862 conﬂagra-

457 3886 659 3942 turam,
683 3878 764 3932 sic
800 3886 1072 3949 argueret,
1100 3877 1331 3949 Quiquid
1362 3877 1515 3933 habet
1542 3880 1680 3950 quod
1726 3890 1847 3934 urat
1870 3923 1886 3947 ,
1923 3897 2028 3934 non

455 3967 765 4035 cessaverit,
795 3966 957 4021 donec
985 3976 1153 4021 totum
1181 3968 1488 4033 comburat;
1532 3969 1710 4040 solque
1748 3971 1884 4041 ignis
1910 3981 2022 4038 est,

454 4074 547 4111 nec
577 4056 713 4128 quod
739 4056 916 4124 habet,
960 4056 1230 4113 comburet
1251 4061 1277 4115 ι
1314 4058 1390 4113 Ex
1422 4074 1532 4130 quo
1557 4059 1912 4127 conﬁciebat,
1964 4069 2025 4117 ut

453 4150 561 4206 sibi
590 4149 897 4215 videbatur,
930 4165 1115 4207 rerum
1147 4151 1288 4206 hanc
1318 4152 1729 4208 universitatem
1756 4152 1866 4224 igni
1890 4165 2026 4209 exu-

453 4241 677 4298 rendam
704 4257 846 4298 esse.
880 4242 963 4298 Ad
983 4258 1145 4314 quem
1169 4240 1490 4298 l‘acetiorum
1507 4243 1796 4314 quemdam
1818 4244 2026 4301 dixisse

450 4334 656 4387 ferunt.
689 4333 847 4404 Atqui
879 4350 971 4404 ego
1010 4331 1155 4397 heri,
1186 4343 1237 4388 et
1274 4345 1395 4388 ante
1425 4338 1645 4399 annum,’
1684 4350 1746 4387 ac
1782 4333 1874 4387 diu
1903 4344 2025 4388 ante

451 4423 579 4489 uidi,
610 4441 847 4495 nuncque
895 4426 1138 4479 similiter
1180 4424 1328 4481 video
1353 4463 1369 4489 ,
1423 4424 1625 4479 nullam
1678 4425 1848 4480 labem
1892 4426 2022 4480 solis

450 4519 622 4586 ignem
655 4518 912 4571 attulisse.
945 4516 1167 4571 Decebat
1194 4533 1312 4571 cum
1351 4526 1578 4583 tempore
1612 4518 1875 4586 paulatim
1911 4534 2023 4571 rem

2140 2063 2355 2133 λέγεται
2399 2065 2497 2135 μὲν
2524 2065 2640 2135 μετ’
2669 2063 2922 2134 οὐδεμιᾶς
2948 2063 3296 2128 ἀποδείξεως·
3324 2063 3437 2119 ἔστι
3461 2064 3522 2119 δὲ
3550 2068 3726 2121 πιθα-

2140 2157 2228 2211 νὸν
2258 2154 2365 2211 οὑδ⁹
2395 2156 2715 2211 ὁπωστιοῦν.
2746 2156 2866 2229 Χρὴ
2905 2156 2961 2209 δὲ
2991 2148 3192 2227 ὁμοίως
3226 2158 3321 2211 καὶ
3352 2158 3483 2211 αὐτὸ
3525 2163 3724 2230 τυχεῖν

2138 2249 2247 2302 τῶν
2283 2248 2499 2302 οἰκείων
2533 2247 2727 2317 λόγων.
2755 2247 2828 2300 Τὸ
2861 2247 2959 2319 μὲν
2983 2247 3093 2321 γὰρ
3117 2248 3290 2302 αἴτιον
3321 2251 3509 2303 τούτου
3535 2252 3725 2305 ἐκεῖνο

2140 2335 2299 2403 εἶναι,
2344 2340 2493 2404 ὅπως
2545 2338 2710 2411 μηδὲν
2756 2339 2853 2409 μὲν
2894 2336 3152 2413 ᾗκακὸν,
3191 2339 3370 2408 ἀγαθά
3406 2340 3467 2395 δὲ
3510 2340 3727 2397 πάντα.

2144 2431 2288 2484 Ἔδει
2316 2430 2569 2502 μιχθῆναι
2594 2430 2693 2502 τὴν
2718 2429 2944 2501 δύναμιν
2990 2430 3056 2503 τῇ
3079 2431 3200 2504 ὕλῃ,
3227 2432 3366 2486 κατά
3393 2433 3518 2496 τοὺς
3543 2433 3719 2504 ἀθλη-

2139 2522 2257 2587 τὰς,
2308 2523 2434 2587 τοὺς
2475 2525 2533 2576 έν
2584 2523 2662 2595 τῷ
2716 2524 3120 2595 συμπλέκεσθαι
3177 2525 3720 2597 καταγωνιξομένους

2137 2614 2263 2679 τοὺς
2306 2610 2650 2678 ἀντιπάλους,
2680 2614 2787 2678 ἵνα,
2828 2615 3147 2686 κρατήσασα
3176 2614 3270 2669 τοῦ
3303 2615 3495 2676 κακοῦ,
3525 2615 3717 2687 παύσῃ

2139 2703 2268 2757 αὑτὸ
2299 2702 2392 2758 τοῦ
2430 2699 2588 2757 εἶναι.
2634 2698 2775 2757 Πολὺ
2806 2704 2860 2757 δὲ
2898 2701 3049 2775 οἶμαι
3092 2705 3432 2777 σεμνότερον,
3474 2707 3570 2760 καὶ
3613 2706 3719 2777 τῆς

2137 2792 2231 2845 τοῦ
2258 2791 2392 2846 Θεοῦ
2415 2793 2685 2865 ὑπεροχῆς
2724 2785 2965 2859 ἐπάξιον,
2988 2793 3050 2846 τὸ
3078 2793 3211 2864 ὁμοῦ
3242 2797 3471 2866 νοήματι
3491 2795 3603 2849 τῶν
3625 2794 3714 2849 δν-

2137 2903 2247 2939 των
2297 2876 2555 2955 ἀφανίσαι
2610 2885 2708 2957 τὴν
2767 2882 2920 2957 ὓλην.
2977 2885 3113 2939 Ἀλλ’
3180 2886 3357 2959 οἶμαι,
3401 2888 3559 2942 τοῦτο
3608 2888 3715 2943 οὑκ

2138 2975 2481 3043 ἀπδέξαντο,
2512 2976 2601 3031 διά
2628 2974 2690 3029 τὸ
2716 2978 2810 3030 καὶ⁵
2841 2976 2934 3030 νῦν
2962 2976 3129 3031 κακόν
3156 2995 3209 3030 τι
3236 2979 3520 3050 ὑπάρχειν,
3550 2976 3580 3031 δ
3608 2979 3713 3049 τὴν

2139 3066 2271 3139 ῦλην
2320 3063 2464 3144 εἷναί
2508 3086 2660 3138 φασι.
2696 3069 2778 3123 Τά
2802 3068 3099 3140 πράγματα
3122 3069 3179 3123 δὲ
3203 3069 3353 3123 οὐδὲν
3391 3070 3593 3141 μᾶλλον
3614 3069 3710 3123 δύ-

2138 3174 2294 3211 ναται
2332 3158 2643 3213 παύσασθαι
2673 3159 2803 3214 ὄντα
2834 3160 3078 3224 τοιαῦτα,
3114 3160 3199 3213 ἵνα
3229 3178 3314 3225 τις
3347 3161 3407 3215 τὸ
3433 3160 3508 3232 μὴ
3538 3178 3710 3232 μετα-

2141 3248 2429 3304 ϐάλλεσθαι
2474 3252 2553 3314 είς
2586 3250 2655 3304 τὰ
2698 3251 2865 3322 χείρω
2906 3252 3023 3306 ἔνια
3066 3255 3416 3325 συγχωρήσῃ.
3460 3254 3609 3307 Ἔδει
3646 3253 3709 3309 δέ

2132 3356 2252 3393 τινα
2299 3339 2549 3411 αἴσθησιν
2589 3340 2843 3410 γενέσθαι
2889 3340 3095 3409 τούτου,
3139 3345 3220 3397 ὅτι
3274 3342 3507 3415 μετρίως
3553 3344 3708 3407 ὅπως

2131 3430 2332 3501 δήποτε
2367 3431 2601 3503 ὲμειώθη
2636 3432 2829 3497 ταῦτα,
2862 3424 2952 3489 ἵνα
2996 3435 3091 3487 καὶ
3135 3434 3234 3497 τὰς
3275 3436 3355 3497 είς
3394 3434 3455 3487 τὺ
3511 3434 3706 3506 μέλλον

2130 3521 2348 3586 ἐλπίδας
2389 3522 2632 3593 βελτίους
2676 3523 2910 3595 ἔχωμεν.
2950 3524 3145 3589 Καλῶς
3176 3526 3285 3599 γὰρ
3325 3526 3388 3596 δὴ
3438 3526 3572 3599 πρὸς
3608 3527 3705 3580 τὸν

2129 3615 2373 3687 Ζήνωνος
2403 3616 2495 3670 τοῦ
2528 3618 2761 3684 Κιτιέως
2810 3621 3018 3693 εἴρηται
3056 3620 3233 3689 λόγον,
3273 3620 3333 3684 ὃς
3370 3619 3432 3673 τὸ
3468 3621 3577 3673 πᾶν
3609 3621 3705 3673 ὲκ-

2129 3706 2551 3780 πυρωθήσεσθαι
2570 3707 2764 3780 λέγων,
2792 3711 2923 3767 Πᾶν
2944 3714 3009 3766 τὸ
3038 3712 3371 3780 καῖονέχον
3391 3713 3463 3765 οὐ
3490 3711 3700 3781 παύσῃ

2127 3796 2238 3865 ἓως
2296 3798 2446 3853 ὅλον
2494 3802 2730 3870 παύσῃ·
2777 3803 2876 3856 καὶ
2911 3806 2945 3857 ὀ
2972 3803 3159 3870 ἣλιοςη
3186 3798 3304 3870 πῦρ
3339 3801 3488 3867 ἐστι,
3520 3801 3621 3857 καὶ
3664 3802 3701 3855 ὃ

2125 3890 2251 3957 ἔχει
2282 3892 2355 3944 οὐ
2380 3892 2628 3954 καύσεις
2672 3892 2760 3959 Ἐξ
2791 3888 2851 3948 οὗ
2889 3895 3170 3966 συνήγετο,
3204 3893 3279 3956 ὡς
3309 3892 3466 3964 ᾤετο,
3500 3892 3560 3946 τὸ
3589 3893 3700 3946 πᾶν

2126 3980 2632 4053 ὲκπυρωθήσεσθαι.
2665 3983 2811 4054 Πρὸς
2849 3985 2907 4038 ὄν
2948 4002 3029 4048 τις
3068 3983 3179 4037 τῶν
3223 3982 3587 4057 χαριεστέρων
3614 3984 3696 4035 εί-

2128 4072 2353 4143 ρηκέναι
2400 4071 2651 4143 λέγεται⁸
2710 4075 2862 4129 Ἀλλ’
2911 4074 3025 4144 ἐγώ
3070 4092 3161 4129 τοι
3209 4074 3386 4145 χθὲς,
3432 4074 3529 4127 καὶ
3577 4074 3695 4141 πρὸ

2124 4164 2423 4228 ἐνιαυτοῦ,
2480 4165 2578 4218 καί
2625 4166 2736 4233 πρὸ
2791 4168 3072 4232 πλείονος
3112 4168 3336 4235 χρόνον
3376 4160 3556 4225 εἶδον,
3594 4165 3693 4218 καὶ

2123 4256 2241 4310 νῦν
2268 4258 2480 4327 ὁμοίως
2518 4254 2652 4327 ὁρῶ,
2690 4257 2869 4312 οὐδὲν
2890 4259 3009 4315 ὑπὸ
3032 4259 3138 4312 τοῦ
3166 4259 3343 4327 ἡλίου
3374 4258 3691 4322 πεπονθός.
3737 4283 3748 4302 ι

2123 4347 2287 4417 Χρῆν
2325 4348 2393 4402 δὲ
2418 4350 2541 4403 σὺν
2568 4351 2763 4419 χρόνῳ
2790 4353 2918 4404 κατ’
2944 4351 3153 4421 ὀλίγον
3189 4350 3465 4419 γενέσθαι
3497 4347 3690 4415 τοῦτο,

2124 4439 2224 4492 ἵνα
2253 4440 2349 4494 καὶ
2376 4440 2465 4494 ὅτι
2493 4443 2640 4495 ποτὲ
2658 4441 3144 4511 ἐκπυρωθήσετιιι
3175 4442 3242 4496 τὸ
3281 4442 3428 4497 ὅλον
3454 4443 3693 4495 πιστεύ-

2123 4545 2342 4600 σωμεν.
2377 4532 2487 4586 Καὶ
2534 4534 2671 4606 πρὸς
2710 4535 2800 4587 τὸν
2843 4534 3143 4604 Μανιχαίου
3181 4534 3247 4605 δὴ
3294 4533 3450 4602 λόγον
3469 4570 3485 4595 ,
3517 4532 3692 4586 καίτοι

450 4610 591 4678 ﬁeri,
623 4618 680 4662 ut
729 4607 1036 4679 quandoque
1082 4611 1381 4664 universum
1428 4608 1526 4664 hoc
1568 4609 2021 4680 conﬂagraturunt

2137 4623 2222 4676 σὺν
2237 4624 2460 4695 οὐδεμιᾷ
2484 4625 2662 4679 πίστει
2677 4625 2926 4697 ῥηθέντα,
2953 4628 2986 4697 ἡ
3011 4624 3169 4696 αὑτὴ.
3191 4621 3366 4696 οἶμαι,
3382 4624 3688 4695 ἀπόκρισιςο

450 4700 797 4756 crederemus.
842 4700 984 4767 Quin
1017 4700 1085 4754 ad
1120 4699 1404 4755 Manicluei
1433 4716 1651 4771 quoque
1687 4701 2015 4767 doctrinam,

2122 4717 2203 4769 ὅτι
2244 4715 2382 4769 Ἀλλ’
2435 4717 2585 4771 οὐδὲν
2617 4716 2852 4790 ὲμειώθη
2895 4715 3102 4771 ταῦτα·
3140 4716 3276 4771 ἀλλά
3309 4717 3403 4771 καὶ
3431 4716 3690 4787 πρότερον

450 4808 763 4865 quanquam
804 4793 953 4847 nulla
976 4793 1166 4848 nititur
1197 4791 1298 4846 lide
1326 4807 1391 4847 ac
1416 4792 1646 4858 ratione,
1678 4792 1866 4847 eadem
1886 4798 2021 4861 puto

2137 4803 2187 4878 ἦν
2212 4809 2304 4861 ἐπὶ
2336 4808 2430 4863 τοῦ
2461 4809 2676 4881 πρώτου
2708 4810 2999 4879 γενομένου
3032 4808 3343 4881 ἀνθρώπου,
3374 4810 3508 4862 ὅπου
3537 4807 3686 4861 ἀδελ-

450 4884 740 4954 respousio
765 4890 1063 4954 congruat,
1111 4883 1247 4937 nihil
1277 4883 1391 4937 haec
1417 4881 1748 4939 decrementi
1782 4880 1979 4937 fecisse
2003 4897 2019 4935 :

448 4972 550 5032 sed
584 4983 639 5030 et
668 4973 839 5030 fuisse
866 4975 1039 5044 prius,
1063 4974 1185 5044 ejus
1207 4974 1570 5044 temporibus,
1591 4972 1687 5044 qui
1705 4971 2021 5027 mortalium

449 5062 659 5135 primus
689 5062 943 5119 conditus
964 5071 1069 5127 est,
1101 5078 1227 5117 cum
1250 5062 1416 5117 frater
1440 5063 1664 5118 fratrem
1695 5061 1941 5129 sustulit,
1966 5067 2021 5115 et

449 5169 598 5211 nunc
633 5154 810 5211 adhuc
837 5170 997 5212 esse:
1030 5155 1326 5224 eademque
1353 5155 1516 5219 bella,
1540 5165 1595 5209 et
1625 5154 1871 5210 diversas
1900 5167 2020 5207 ma-

450 5248 534 5318 gis
554 5248 880 5318 cupiditates
909 5262 974 5301 ac
996 5245 1266 5301 libidines.
1296 5245 1529 5301 Decebat
1559 5252 1742 5300 autem
1769 5246 1903 5308 baac,
1933 5246 2019 5299 vel

449 5339 498 5393 si
527 5354 638 5394 non
666 5347 1034 5401 cessaverant,
1058 5345 1208 5391 certe
1257 5338 1465 5392 minuta
1491 5352 1634 5400 esse,
1663 5346 1723 5390 ut
1760 5347 1813 5391 et
1840 5352 2018 5406 quan-

449 5428 628 5497 doque
657 5438 897 5500 tempore
938 5436 1220 5485 cessatura
1275 5443 1690 5500 augurarcmur.
1741 5426 1877 5481 Dum
1922 5442 2019 5480 au-

450 5527 558 5574 tem
598 5519 783 5575 eadem
819 5520 1016 5578 exinde
1044 5529 1434 5592 perseverant,
1480 5535 1729 5593 quamam
1765 5535 1888 5591 spes
1931 5519 2013 5574 lu-

450 5610 732 5667 utrorum?

2120 4899 2218 4968 φὺς
2253 4900 2794 4971 ἀδελφὺνάπόλλυσι,
2825 4903 2919 4956 καὶ
2948 4900 3043 4956 νῦν
3074 4902 3153 4956 ἔτι
3183 4900 3320 4954 ἐστί’
3345 4900 3440 4952 καὶ
3469 4899 3685 4970 πόλεμον.

2118 4993 2167 5043 οἱ
2195 4992 2369 5054 αὐτοὶ,
2393 4993 2488 5045 καὶ
2504 4990 2888 5064 ποικιλώτεραι
2911 4990 3217 5062 ἐπιθυμίαι.
3244 4989 3397 5060 Χρῆν
3415 4987 3495 5050 δὲ,
3530 4988 3578 5039 εί
3598 4988 3687 5039 καὶ

2126 5081 2201 5153 μὴ
2233 5082 2563 5147 πεπαῦσθαι,
2606 5083 2942 5154 μεμιῶσθαι
2963 5086 3016 5153 γ’
3042 5079 3135 5137 οὖν
3165 5082 3359 5144 ταῦτα,
3392 5081 3481 5134 ἶνα
3510 5079 3685 5151 οἰηθῆ-

2123 5176 2436 5244 σωμεν,’ὃτι
2460 5176 2554 5229 καὶ
2583 5174 2857 5247 παύσηταί
2886 5192 3012 5229 ποτε
3041 5175 3137 5227 σὺν
3161 5173 3240 5244 τῷ
3265 5174 3460 5245 χρόνῳ.
3490 5172 3684 5224 Ὄντων

2121 5265 2177 5317 δὲ
2209 5265 2318 5322 τῶν
2351 5268 2529 5323 αὐτῶν
2559 5269 2789 5336 ἐκεῖθεν,
2831 5269 2917 5333 τίς
2945 5270 2980 5340 ή
3021 5268 3204 5332 πίστις
3232 5266 3340 5321 τῶν
3373 5265 3451 5328 εἰς
3477 5263 3537 5317 τὸ
3568 5262 3683 5333 μὲλ-

2121 5360 2240 5425 λον;
