3876 6168
216 266 329 325 429

1098 262 1522 328 TRACTATUS
1556 266 1647 324 DE
1682 266 2001 325 PLACITIS
2039 268 2596 330 MANICHEORUM.

3353 277 3462 345 4.30

216 404 349 460 Cu.
380 402 518 460 XIII.
551 401 758 460 Malim
780 405 1354 484 minimeiusideribus
1383 414 1434 463 et
1466 408 1657 484 stellis.
1690 406 1842 463 Mala
1875 409 2005 484 vitae
2025 409 2205 484 omnia
2234 407 2560 484 Manichuice
2581 426 2737 484 uana,
2761 428 2880 484 qua?
2912 414 3032 471 uiue
3055 415 3463 477 inducantiute-

750 476 910 530 ritum
935 493 954 531 :
980 477 1167 532 delirio
1189 494 1353 547 supra
1373 482 1611 549 exposito
1633 479 2033 534 transvectiouis
2056 480 2356 535 animarum
2371 496 2435 535 ea;
2455 482 2584 536 luna
2608 482 2678 536 ad
2712 476 2896 540 solem.

279 587 423 642 ,Τίνα
451 588 511 643 δὲ
537 589 634 644 καλ⁸
653 589 722 643 τά
751 589 899 644 κακά
924 589 1062 644 εἶναι
1085 591 1235 660 λέγει
1254 608 1268 657 ;
1290 593 1425 664 Περὶ
1454 593 1551 665 μὲν
1571 593 1678 667 γὰρ
1701 593 1793 647 τὸν

1966 592 2226 659 Quaenam
2253 609 2384 650 vero
2410 593 2577 649 etiam
2607 595 2748 649 mala
2778 611 2900 653 esse
2943 597 3115 654 dicit?
3156 601 3241 655 Ad
3291 605 3465 659 solem

211 682 367 754 ἥλιον
404 684 500 737 καὶ
523 683 621 756 τὴν
652 685 881 758 σελήνην
913 684 1067 739 οὐδὲν
1106 686 1411 740 ἀπολείπει·
1456 686 1587 758 περὶ
1612 687 1670 740 δὲ
1700 687 1790 741 τὸν

210 777 442 848 οὐρανὸν
470 779 564 831 καὶ
591 778 718 843 τοὺς
758 778 1012 850 ἀστέρας,
1037 777 1091 839 εί
1110 797 1164 834 τι
1190 780 1430 834 τοιοῦτον
1457 775 1597 833 εἷναί
1636 797 1790 852 φησι,

210 870 312 923 καὶ
332 870 385 922 τί
418 870 539 922 ποτ’
570 869 688 923 ἐστὶ
715 871 892 935 τοῦτο,
926 872 1144 941 εὔλογον
1173 873 1370 944 ἑφεξῆς
1403 873 1604 944 ζητεῖν.
1652 872 1792 927 Ἀλλ’

212 960 248 1030 ἡ
301 960 398 1030 μὲν
456 959 654 1027 ἀταξία
703 962 822 1015 κατ’
873 963 1070 1026 αὐτούς
1126 964 1240 1016 ἐστι
1283 964 1346 1017 τὸ
1398 962 1571 1018 κακὸν
1613 964 1708 1018 καὶ
1756 966 1790 1036 ἡ

212 1051 451 1115 ἄτακτος
488 1052 730 1123 κίνησις·
774 1053 948 1108 ταῦτα
988 1055 1043 1108 δὲ
1093 1055 1180 1109 ἀεὶ
1221 1056 1364 1110 κατὰ
1402 1057 1473 1111 τὰ
1516 1056 1654 1110 αὑτά
1701 1059 1795 1113 καὶ

211 1142 476 1207 ὡσαύτως
508 1143 653 1215 ἔχει·
695 1146 791 1199 xui.
831 1146 954 1200 οὗτε
993 1148 1117 1202 τινά
1153 1165 1237 1213 τις
1270 1148 1379 1203 τῶν
1424 1148 1792 1223 πλανωμένων

212 1236 540 1301 αἰτιάσεται,
563 1236 640 1300 ὡς
669 1237 817 1310 παρά
837 1238 928 1292 τὸν
943 1240 1272 1311 τεταγμένον
1297 1242 1487 1312 χρόνον
1514 1244 1793 1314 ἐπιμεῖναι

211 1344 347 1381 ποτε
394 1327 643 1401 ζωδιακῷ
683 1330 1008 1396 ἀξιώσαντα,
1061 1331 1183 1386 οὔτε
1235 1333 1343 1388 τῶν
1389 1334 1664 1400 ἀπλανῶν,
1718 1335 1793 1399 ὡς

211 1420 398 1474 οὐκέτι
432 1422 533 1492 τῆς
579 1422 751 1493 αὐτῆς
799 1422 1027 1494 μένοντα
1062 1422 1225 1492 ἔδρας
1266 1426 1363 1478 καὶ
1410 1425 1484 1498 μὴ
1525 1443 1794 1498 συμπερι-

211 1510 480 1565 πολοῦντα
508 1515 575 1584 τῇ
617 1512 711 1566 τοῦ
755 1514 955 1576 παντὸς
990 1516 1282 1586 περιφορᾷ,
1317 1516 1376 1569 ὲν
1416 1516 1611 1571 ἑκατὸν
1646 1517 1791 1572 ἔτεσι

213 1603 347 1674 μίαν
372 1608 566 1677 μοῖραν
598 1608 690 1661 ἐπὶ
716 1608 783 1663 τά
808 1608 1050 1679 ἑπόμενα
1074 1609 1391 1681 κινούμενα.
1432 1611 1520 1664 Ἐν
1541 1612 1613 1682 γῇ
1651 1610 1707 1663 δὲ
1744 1612 1792 1663 εί

207 1693 271 1746 τὸ
304 1695 578 1767 ἀνήμερον
612 1697 769 1752 ἐνίων
804 1699 1020 1770 χωρίων
1052 1701 1315 1765 αἰτιᾶται,
1342 1701 1376 1771 ἢ
1413 1700 1716 1773 μέμψονται
1742 1701 1793 1754 οἱ

208 1785 548 1858 κυϐερνῆται
598 1790 657 1842 ἐν
698 1793 764 1861 τῇ
812 1790 1056 1864 θαλάσσῃ
1100 1792 1401 1865 χειμῶνας·
1432 1792 1648 1865 πρῶτον
1695 1792 1792 1864 μὲν

207 1876 331 1929 κατ’
355 1878 554 1943 αὐτοὺς
585 1879 684 1950 τῆς
714 1878 807 1933 τοῦ
845 1880 1051 1949 ἀγαθοῦ
1095 1882 1292 1955 μοίρας
1335 1880 1404 1936 τὰ
1433 1881 1679 1935 τοιαῦτα.
1727 1881 1792 1933 Εἰ

1896 684 2114 755 quidem
2140 699 2204 739 ac
2232 685 2413 740 lunam
2457 686 2602 756 quod
2636 687 2868 754 attinet,
2915 690 3069 747 deest
3098 693 3254 750 nihil.
3305 696 3462 763 Quod

1894 792 2026 832 vero
2054 777 2120 831 ad
2150 778 2348 831 cmlum
2372 783 2427 832 et
2458 778 2665 843 stellas,
2704 781 2751 836 si
2780 781 2910 851 quid
2950 784 3059 839 tale
3089 798 3213 841 esse
3239 785 3460 855 dixerit,

1895 880 1961 924 ac
1981 870 2236 939 quidnam
2267 869 2485 926 tandem
2512 872 2640 926 illud
2666 873 2756 937 sit,
2782 888 2996 944 aequum
3025 883 3110 934 est
3138 885 3199 933 ut
3228 895 3464 951 sequen-

1892 960 2043 1016 tibus
2071 961 2444 1032 exquiramus.
2496 960 2824 1030 Enimvero,
2869 965 3236 1035 inordinatio,
3285 980 3346 1025 ut
3384 971 3462 1026 illi

1894 1052 2230 1118 existimant,
2252 1054 2456 1108 malum
2487 1063 2593 1120 est,
2617 1062 2907 1128 motusque
2937 1058 3299 1118 inordinatus.
3333 1060 3463 1119 Haec

1894 1152 2077 1201 autem
2103 1146 2402 1203 secundum
2428 1149 2616 1204 eadem
2647 1157 2809 1221 atque
2829 1150 3018 1206 eodem
3050 1165 3264 1222 semper
3298 1154 3465 1210 modo

1893 1237 2133 1294 habent:
2168 1254 2269 1295 nec
2299 1241 2466 1295 ullam
2516 1241 2639 1312 quis
2681 1242 3041 1297 inerrantium
3071 1243 3351 1307 stellarum
3381 1247 3466 1304 vi-

1893 1330 2255 1400 tuperaverit',
2301 1346 2367 1387 eo
2407 1331 2648 1395 nomine,
2679 1332 2822 1401 quod
2851 1339 3051 1403 praeter
3098 1335 3461 1391 constitutum

1892 1430 2111 1494 tempus
2133 1423 2189 1478 in
2221 1423 2482 1495 signifero
2504 1424 2713 1479 circulo
2740 1426 3066 1497 quandoque
3112 1428 3319 1482 morari
3365 1442 3463 1484 vo-

1892 1516 2303 1588 luerit;.neque
2332 1516 2586 1581 lixarum,
2608 1518 2765 1587 quasi
2804 1533 2914 1571 non
2944 1516 3132 1573 eadem
3166 1519 3295 1575 sede
3323 1521 3465 1577 situ-

1894 1622 2001 1677 que
2030 1607 2312 1673 manserit,
2335 1621 2436 1663 nec
2456 1607 2700 1663 universi
2723 1607 3135 1664 circumlatione
3178 1611 3233 1664 in
3274 1611 3464 1668 orbem

1893 1699 2099 1770 pariter
2125 1706 2358 1764 rotetur,
2389 1714 2497 1755 uno
2541 1700 2713 1770 gradu
2738 1705 2884 1755 retro
2919 1706 3042 1755 acto
3067 1700 3135 1755 ad
3182 1704 3465 1773 sequentia

1893 1799 2048 1847 motu
2076 1832 2093 1859 ,
2144 1800 2363 1846 centum
2393 1805 2660 1847 annorum
2698 1793 2895 1863 spatio.
2925 1790 2984 1847 In
3021 1799 3169 1849 terra
3194 1801 3375 1851 autem
3415 1796 3465 1853 si

1892 1882 2255 1953 quorumdam
2283 1882 2528 1938 locorum
2565 1898 2930 1954 agrorumque
2973 1884 3164 1941 duram
3211 1902 3275 1942 ac
3304 1887 3465 1944 indo—

207 1964 340 2035 γοῦν
384 1968 479 2020 ἐπὶ
535 1969 625 2039 γῆς
684 1969 849 2041 μηδὲν
891 1970 1097 2039 φύοιτο,
1147 1971 1378 2041 τάχιστα
1420 1969 1485 2024 ἂν
1537 1969 1789 2023 ἀπόλοιτο

1894 1978 2077 2031 mitam
2108 1976 2345 2032 indolem
2372 1977 2742 2044 accusaverit;
2767 1984 2862 2031 aut
2883 1977 3274 2047 gubernatores
3295 1979 3466 2038 maris

207 2061 389 2114 πάντα.
415 2061 484 2114 τὰ
520 2061 655 2126 ζῶα.
701 2063 870 2116 Τοῦτο
903 2064 960 2117 δὲ
994 2063 1130 2117 πολὺ
1172 2064 1272 2135 τῆς
1313 2062 1791 2133 ὲναπειλημμένης

207 2156 272 2225 τῇ
324 2152 424 2226 ὕλῃ
468 2154 751 2224 δυνάμεως
787 2156 923 2228 πρὸς
957 2155 1051 2209 τὸν
1080 2155 1209 2209 Θεὸν
1233 2153 1598 2226 παραπέμψαι
1628 2152 1789 2207 δύνα-

206 2261 316 2298 ται·
337 2246 434 2299 καὶ
464 2246 664 2310 πολλὰς
695 2246 926 2319 σελήνας
944 2248 1127 2319 δεήσει
1151 2248 1428 2317 γενέσθαι,
1461 2248 1548 2301 ἵνα
1579 2246 1791 2318 ἀθρόως

208 2335 456 2406 χωρῆσαι
480 2336 747 2408 δυνηθῶσι
782 2335 1048 2402 τοσαύτας
1083 2337 1564 2410 προσπελαζούσας
1590 2337 1785 2408 ψυχάς.

207 2426 290 2479 Τά
324 2427 382 2480 δὲ
412 2428 551 2482 αὐτά
577 2429 673 2484 καὶ
716 2431 845 2500 περὶ
872 2430 980 2503 ,τὴν
1030 2429 1315 2485 θάλατταν.
1366 2431 1631 2502 Ἕρμαιον
1676 2428 1787 2501 γάρ

207 2518 565 2588 ἀπόλλυσθαι,
616 2523 705 2576 ἵνα
749 2523 981 2593 τάχιστα
1029 2522 1129 2593 τῆς
1170 2522 1308 2594 πρὸς
1358 2522 1450 2575 τὸν
1497 2521 1629 2575 Θεὸν
1666 2520 1785 2574 ὁδοῦ

207 2608 439 2681 ἔχωνται
477 2615 844 2686 ἀπολλύμενα.
878 2616 941 2669 Οἱ
978 2616 1034 2669 δὲ
1067 2615 1293 2686 πόλεμοι
1324 2615 1374 2667 οἰ
1406 2614 1499 2666 ἐπὶ
1535 2613 1661 2684 γῆς,
1692 2613 1788 2668 καὶ

207 2708 358 2777 λιμοὶ
380 2708 477 2761 καὶ
499 2710 610 2763 πᾶν
636 2711 664 2763 ὃ
689 2727 743 2763 τι
775 2709 1116 2782 φθοροποιὸν,
1160 2710 1219 2762 ὲν
1247 2707 1473 2778 πλείστῃ
1503 2709 1634 2778 τιμῇ
1665 2708 1783 2760 κατ’

207 2797 426 2863 αὐτούς.
458 2801 573 2855 Πᾶν
597 2801 708 2873 γὰρ
748 2801 810 2854 τὸ
846 2800 1066 2871 ἀγαθῶν
1098 2799 1270 2859 αἴτιον
1298 2799 1576 2872 τιμητέον.
1625 2800 1785 2867 Ἀγα-

208 2887 304 2943 θοῦ
329 2891 387 2943 δὲ
426 2893 575 2946 αἴτια
603 2893 775 2948 ταῦτα
807 2895 872 2948 ὲκ
900 2894 1001 2964 τῆς
1029 2891 1432 2964 συμϐαινούσης
1459 2889 1681 2963 φθορᾶς.
1719 2888 1787 2944 ἂν

207 2980 350 3053 πρὸς
387 2982 478 3036 τὸν
519 2983 652 3038 Θεὸν
694 2986 1055 3059 παραπέμπει
1086 2984 1189 3056 τὴν
1227 2982 1641 3056 διακρινομένην
1681 2981 1788 3036 ἀπὸ

208 3072 322 3127 τῶν
348 3074 732 3147 ἀπολλυμένων
754 3078 999 3150 δύναμιν.

1892 2069 2306 2139 tempestatibus
2338 2082 2403 2123 ac
2429 2069 2684 2139 procellis
2716 2066 2910 2124 oli‘ensi
2950 2068 3174 2125 fuerint.
3219 2062 3467 2128 Primum

1893 2158 2115 2229 quidem
2143 2166 2203 2213 ut
2228 2159 2306 2214 illi
2342 2161 2603 2225 sentiunt,
2631 2160 2781 2226 talia,
2813 2161 2942 2217 boni
2994 2159 3262 2232 portionis
3311 2171 3463 2220 sunt.

1892 2247 2107 2305 Etenim
2146 2251 2299 2307 nullo
2341 2258 2499 2307 terrae
2541 2252 2785 2322 germine
2841 2253 3159 2320 exsistente,
3218 2253 3465 2312 futurum

1891 2342 1984 2408 sit,
2011 2350 2071 2397 ut
2104 2343 2359 2398 animalia
2380 2344 2573 2398 omnia
2601 2345 2883 2401 celerrime
2918 2346 3211 2403 intereant.
3246 2345 3303 2402 Id
3335 2364 3466 2405 vero

1891 2432 2023 2488 dum
2058 2432 2132 2487 ita
2161 2434 2473 2505 contigerit,
2498 2434 2619 2504 ejus
2660 2436 2879 2492 virtutis
2921 2452 3043 2507 qua:
3076 2441 3317 2495 materiae
3364 2440 3469 2495 im-

1895 2525 2053 2595 plexa
2085 2535 2189 2589 est,
2222 2534 2432 2596 partem
2456 2527 2747 2599 plurimam
2788 2529 2856 2584 ad
2893 2528 3063 2586 Deum
3098 2533 3469 2589 transmittere

1892 2618 2070 2689 possit
2103 2637 2117 2673 :
2155 2634 2219 2675 ac
2265 2635 2492 2677 necesse
2521 2620 2625 2675 erit
2666 2621 2850 2690 plures
2894 2623 3053 2680 lunas
3083 2627 3365 2692 exsistere,
3405 2634 3468 2682 ut

1892 2719 2103 2766 tantam
2135 2720 2357 2782 repente
2401 2711 2880 2784 propinquantium
2931 2716 3237 2771 animarum
3281 2718 3470 2773 multi-

1894 2800 2139 2856 tudinem
2166 2814 2361 2871 capere
2379 2801 2611 2870 possint.
2646 2803 2757 2857 Nec
2786 2804 2944 2860 aliter
2974 2804 3041 2861 de
3063 2806 3201 2860 mari
3241 2805 3467 2877 loquen-

1895 2893 2026 2948 dum
2052 2893 2145 2947 sit.
2182 2891 2419 2947 Lucrum
2456 2894 2603 2949 enim
2653 2895 2991 2966 insperatum
3035 2898 3244 2968 perire,
3302 2905 3363 2958 ut
3400 2911 3469 2953 ea

1894 2999 2016 3055 quae
2043 2984 2337 3049 intereunt,
2368 3000 2533 3055 quam
2559 2985 2825 3043 citissime
2848 3003 2968 3059 quae
3008 2988 3077 3043 ad
3100 2987 3268 3044 Deum
3293 2990 3465 3054 ducit,

1894 3075 2040 3129 viam
2061 3081 2299 3131 teneant.
2329 3072 2462 3142 Quae
2491 3082 2673 3132 autem
2722 3077 2778 3132 in
2811 3086 2957 3134 terra
2996 3088 3261 3151 geruntur
3287 3082 3465 3147 bella,

208 3162 514 3237 famesque,
547 3132 611 3224 ac
655 3170 702 3225 si
745 3132 998 3241 quidlest
1053 3171 1200 3242 quod
1235 3169 1458 3226 interitu
1511 3132 1740 3241 moergat,
1799 3167 2016 3224 illorum
2074 3167 2380 3233 sententia,
2421 3168 2660 3223 maximo
2712 3132 3027 3226 habendun:
3084 3172 3293 3229 honore
3352 3179 3462 3232 est.

208 3257 489 3331 Quidquid
521 3265 665 3319 enim
702 3280 873 3320 causa
916 3265 1183 3322 bonorum
1222 3274 1335 3331 est,
1385 3265 1531 3336 quod
1576 3264 1786 3320 honore
1851 3264 2118 3319 habeatur
2178 3262 2404 3333 dignum
2448 3271 2551 3318 est.
2604 3264 2745 3318 Sunt
2785 3280 2918 3320 vero
2949 3265 3065 3321 haec
3096 3267 3226 3323 boni
3251 3281 3456 3336 causa,

208 3368 279 3409 ex
303 3355 529 3412 interitu
564 3359 658 3430 qui
698 3368 781 3415 est
830 3359 940 3416 illis
989 3375 1197 3427 comes,
1226 3361 1358 3416 dum
1389 3360 1683 3415 discretam
1718 3359 1789 3414 ab
1824 3357 1913 3415 bis
1936 3358 2030 3427 qui
2068 3358 2367 3422 intereunt,
2392 3357 2646 3414 virtutem
2678 3358 2746 3415 ad
2771 3359 2941 3416 Deum
2960 3361 3216 3418 traducit.

208 3494 341 3551 Car.
362 3493 507 3553 XIV.
530 3494 799 3570 Egyptiis
819 3499 965 3554 culta
995 3499 1253 3573 animuliu
1283 3497 1463 3573 noxia.
1501 3493 1910 3573 Homourtibus
1944 3493 2237 3573 maleficus.
2262 3492 2601 3573 [libidineset
2628 3494 2932 3573 injustitiw,
2959 3496 3159 3566 legibus
3189 3500 3464 3573 castigata:

951 3579 1002 3625 et
1030 3568 1334 3640 disciplina.
1368 3566 1742 3639 Contingentia
1772 3575 1822 3621 et
1852 3566 2172 3631 necessaria,
2203 3564 2390 3635 quibus
2410 3564 2541 3620 nihil
2566 3565 2721 3622 labis.

294 3680 774 3783 ’Hyvoﬁxupév’rs,
813 3710 889 3775 ὡς
912 3709 1109 3773 ἔοικεν,
1132 3710 1213 3763 ὃτι
1239 3708 1296 3761 ὲν
1322 3706 1446 3780 δίκῃ
1468 3708 1559 3761 τὸν
1589 3706 1787 3780 κροκό-

1958 3704 2155 3774 Atque,
2186 3710 2249 3758 ut
2291 3702 2527 3771 videtur,
2571 3700 2904 3759 nescivimus
2945 3700 3229 3774 {Egyptios
3267 3708 3464 3763 merito

208 3804 384 3858 δειλον
406 3802 500 3857 καὶ
515 3802 608 3856 τὸν
618 3800 807 3857 λέοντα
828 3802 1027 3856 καὶτὸν
1045 3796 1206 3855 λύκον
1231 3800 1461 3872 τιμῶσιν
1480 3799 1786 3869 Αίγύπτιον

210 3894 404 3967 ἱπειδὴ
429 3894 603 3949 ταῦτα
628 3895 861 3966 μάλιστα
888 3894 1038 3967 παρά
1060 3893 1131 3948 τὰ
1156 3893 1291 3950 ἀλλα
1315 3892 1430 3959 ζῶα
1452 3890 1793 3966 καρτερικώ-

208 4006 353 4044 τατα
372 3987 521 4051 ὖντα,
546 3987 930 4042 καταναλίσκει
953 3987 1099 4042 σιτού
1107 3987 1245 4059 μενά
1264 4004 1323 4040 τε
1336 3985 1475 4040 αὐτά
1498 3985 1592 4039 καὶ
1613 3984 1792 4039 πάντα

210 4082 414 4154 τρόπον
438 4081 850 4153 διαφθείρονταο
882 4081 975 4134 καὶ
1016 4078 1107 4133 τὸν
1148 4080 1304 4134 ἀετὸν
1338 4079 1434 4133 καὶ
1467 4068 1571 4131 τὸν
1598 4077 1791 4151 ἱέρακα

210 4176 298 4230 ὅτι
322 4174 417 4229 καὶ
441 4174 614 4229 ταῦτα
646 4174 756 4227 τῶν
777 4175 835 4226 ὲν
864 4173 986 4246 ἀέρι
1018 4175 1113 4227 καὶ
1146 4174 1237 4227 ἐπὶ
1261 4174 1364 4245 γῆς
1389 4170 1791 4242 ἀσθενεστέρων

212 4266 372 4333 ζώων
400 4266 736 4340 ἀναιρετικά.
778 4267 931 4337 Τάχα
959 4265 1015 4318 δὲ
1053 4266 1173 4319 κατ’
1204 4265 1402 4327 αὐτοὺς
1440 4264 1468 4315 ὁ
1507 4261 1791 4334 ἅνθρωπος

209 4358 302 4413 διὰ
323 4357 481 4411 τοῦτο
506 4360 564 4411 ὲν
592 4356 818 4429 πλείστῃ
862 4359 1017 4429 τιμῇ,
1041 4356 1123 4409 ὅτι
1160 4356 1392 4427 μάλιστα
1433 4353 1650 4407 πάντων
1670 4353 1791 4414 ταῖς

213 4450 484 4514 ἐπινοίαις
516 4450 610 4504 καὶ
636 4452 759 4514 ταῖς
790 4449 1011 4519 τέχναις
1043 4448 1271 4502 πλεῖστα
1302 4446 1411 4500 τῶν
1437 4443 1589 4511 ζώων
1616 4442 1791 4515 δαμά-

213 4541 330 4607 ζειν
374 4542 595 4597 εἴωθενο
635 4543 722 4595 ἵνα
753 4543 849 4595 καὶ
901 4540 1063 4604 αὐτὸς
1111 4540 1184 4611 μὴ
1226 4540 1428 4610 ἁμοιρῇ
1472 4535 1661 4590 τούτου
1693 4531 1788 4587 τοῦ

210 4632 444 4704 ἀγαθοῦ,
478 4635 611 4707 βορά
643 4634 844 4707 ἐτέρων
876 4635 1103 4705 γίνεται.
1135 4631 1303 4686 Πάλιν
1335 4627 1428 4685 οὖν
1467 4632 1522 4684 αἱ
1550 4627 1792 4698 γενέσεις

213 4726 431 4790 ἄτοποι,
481 4728 601 4780 κατ’
651 4727 867 4791 αὐτοὺς,
908 4727 973 4779 ὲκ
1024 4722 1220 4796 μικροῦ
1272 4723 1366 4775 καὶ
1400 4720 1493 4774 τοῦ
1538 4720 1792 4790 τυχόντος

214 4816 530 4888 σπέρματος
563 4819 672 4869 πᾶν
698 4817 839 4887 μέγα
878 4835 931 4870 τι
956 4814 1343 4869 ἀποτελοῦσαι·
1378 4812 1469 4865 καὶ
1494 4810 1627 4865 πολὺ
1663 4808 1795 4863 κάλ-

210 4908 329 4962 λιον
366 4909 487 4961 κατ’
536 4908 732 4973 αὐτοὺς
780 4907 1086 4981 ἀνῃρῆσθαι
1139 4906 1342 4967 ταύτας
1375 4903 1479 4957 ὑπὸ
1507 4902 1600 4955 τοῦ
1632 4900 1790 4966 Θεοῦ,

212 5001 305 5055 ἵνα
332 4999 397 5053 ἂν
428 5003 689 5070 σύντομος
721 4999 936 5070 ἐγένετο
970 4998 1258 5071 ἀπαλλαγὴ
1291 4999 1391 5069 τῆς
1418 4994 1652 5051 ἐνταῦθα
1674 4994 1791 5048 δια-

211 5092 412 5163 τριϐῆς
433 5093 532 5165 τῆς
556 5094 834 5164 δυνάμεως
858 5090 957 5164 τῆς
987 5092 1158 5158 θείας.

300 5187 463 5239 Ἀλλά
493 5186 545 5239 τί
573 5188 667 5241 καὶ
693 5187 828 5258 πρὸς
856 5187 1151 5250 ἀκολασίας
1176 5184 1270 5240 καὶ
1294 5184 1526 5248 ἀδικίας,
1553 5182 1649 5237 καὶ
1680 5184 1789 5237 πᾶν

211 5276 396 5333 ὁτιοῦν
436 5277 710 5342 τοιοῦτον,
749 5278 943 5349 φήσειέ
975 5295 1061 5342 τις
1096 5279 1184 5341 ἂν,
1230 5280 1259 5331 ὁ
1302 5279 1603 5348 Μανιχαῖος
1630 5276 1787 5347 “spei;

102 5376 105 5377 ⁷
213 5368 427 5423 Οὐκοῦν
460 5368 595 5441 πρὸς
618 5364 788 5425 ταῦτα
815 5370 1005 5442 βοηθὸς
1032 5370 1237 5424 δέδοται
1267 5372 1300 5441 ἡ
1331 5369 1609 5432 παίδευσις
1640 5367 1733 5422 καὶ
1760 5368 1789 5421 ὁ

211 5461 407 5532 νόμος’
472 5463 506 5531 ἡ
565 5463 661 5533 μὲν
714 5462 991 5526 παίδευσις
1038 5462 1461 5534 ὲκφροντίζουσα
1506 5460 1600 5513 τοῦ
1656 5458 1791 5530 μηδὲ

211 5553 457 5608 τοιοῦτόν
478 5572 532 5608 τι
561 5555 689 5624 περὶ
714 5555 840 5618 τοὺς
870 5554 1188 5626 ἀνθρώπους
1210 5553 1526 5625 συμϐαίνειν
1542 5572 1555 5582 ·
1581 5555 1609 5606 ὁ
1629 5552 1792 5623 νόμος

212 5646 274 5700 δὲ
302 5646 711 5719 τιμωρούμενος
733 5647 825 5702 τὸν
855 5647 1051 5701 ἀλόντα
1082 5647 1139 5702 ἓν
1167 5663 1274 5701 τινι
1301 5644 1408 5701 τῶν
1440 5644 1790 5715 ἀδικημάτων

212 5737 364 5792 ὅντα.
914 5771 927 5778 ς

1893 3797 2225 3853 crocodilum
2262 3797 2440 3853 colere
2472 3803 2525 3851 et
2567 3795 2775 3851 leonem
2808 3800 2864 3851 et
2909 3795 3127 3866 lupum,
3176 3798 3319 3869 quod
3349 3800 3465 3857 haec

1891 3888 2128 3945 maxime
2171 3888 2429 3943 animalia
2478 3902 2591 3958 pra!
2649 3887 2876 3958 reliquis
2908 3888 3239 3957 robustiora,
3286 3890 3464 3962 ipsam

1891 3981 2129 4052 praedam
2160 3990 2377 4044 vorant,
2407 3981 2665 4050 omnique
2688 3979 3464 4054 modointerimuntmquihm

1889 4089 2109 4145 quoque
2141 4081 2195 4129 et
2215 4073 2548 4143 accipitrem,
2578 4072 2723 4143 quod
2748 4079 2802 4127 et
2831 4071 3026 4126 horum
3049 4072 3262 4131 indoles
3286 4075 3381 4141 sit,
3404 4084 3468 4131 ut

1892 4167 2252 4224 imbecilliora
2281 4166 2536 4221 animalia
2580 4166 2635 4220 in
2668 4180 2793 4220 aere
2825 4174 2879 4222 et
2914 4180 3080 4236 super
3105 4172 3306 4221 terram
3330 4182 3465 4225 ene-

1891 4266 2038 4315 cent.
2090 4257 2253 4313 Forte
2295 4272 2425 4312 vcro
2465 4256 2627 4311 etiam
2668 4256 2822 4327 juxta
2864 4246 2990 4312 illos
3035 4257 3198 4312 homo
3238 4273 3359 4314 eam
3392 4260 3465 4315 ob

1890 4365 2006 4405 rem
2037 4348 2276 4403 maximo
2296 4348 2504 4402 honore
2521 4348 2772 4413 habetur,
2789 4348 2934 4418 quod
2956 4349 3199 4403 omnium
3226 4348 3465 4404 maxime

1892 4441 2187 4499 subtilibus
2225 4441 2462 4496 inventis
2495 4447 2658 4510 atque
2702 4439 2931 4504 artibus,
2958 4440 3217 4510 pleraque
3251 4440 3459 4496 anima-

1892 4529 2027 4584 lium
2066 4529 2291 4586 domare
2339 4530 2499 4586 solet.
2537 4528 2617 4584 Nc
2656 4543 2785 4584 vero
2811 4537 2866 4584 et
2906 4530 3023 4598 ipse
3051 4529 3215 4599 hujus
3267 4544 3465 4601 expers

1891 4622 2023 4678 boni
2050 4623 2300 4688 exsistat,
2339 4612 2568 4675 aliorum
2603 4622 2719 4690 ipse
2755 4635 2882 4676 esca
2923 4620 3087 4676 cedit.
3119 4607 3333 4677 Rursus
3360 4621 3466 4692 igi-

1894 4721 1983 4769 tur
2010 4714 2259 4770 absurdae
2296 4714 2706 4784 generationes,
2736 4711 2955 4772 illorum
2997 4711 3299 4776 sententia,
3342 4729 3466 4782 quae

1893 4790 1961 4863 ex
1990 4809 2185 4877 exiguo
2214 4806 2418 4875 vilique
2464 4811 2737 4875 spermate
2765 4803 3028 4874 quidquid
3077 4818 3334 4874 magnum
3379 4815 3467 4878 est

1895 4897 2166 4965 efﬁciant;
2199 4903 2549 4967 praestatque,
2584 4900 2645 4949 ut
2672 4894 2730 4948 hi
2759 4892 3073 4964 opinantur,
3103 4908 3134 4947 a
3178 4892 3466 4949 Deointe-

1896 4992 2044 5056 rimi,
2076 5006 2238 5062 quam
2263 4989 2448 5053 nasci,
2487 4995 2544 5043 ut
2582 4987 2766 5042 divina
2798 4987 2972 5041 virtus
3009 4986 3121 5041 cito
3144 4985 3407 5042 liberetur
3431 5001 3466 5041 a

1821 5074 1868 5131 Β
1894 5085 2083 5140 mundi
2118 5084 2281 5155 hujus
2322 5085 2591 5139 incolatus
2619 5081 2903 5138 molestiis.

1963 5177 2103 5245 Quid
2137 5177 2416 5231 enimvero
2451 5177 2613 5231 etiam
2657 5175 2723 5230 ad
2762 5172 3017 5228 libidines
3064 5170 3466 5243 impudicitias-

1894 5286 2000 5341 que
2029 5284 2093 5324 ac
2126 5268 2445 5337 injustitias,
2475 5283 2539 5321 ac
2566 5265 2830 5336 quidquid
2862 5263 2985 5335 ejus
3006 5263 3226 5334 generis
3246 5275 3352 5325 est,
3380 5264 3468 5317 di-

1894 5368 1982 5417 cat
2008 5362 2236 5431 aliquis,
2279 5359 2524 5414 dicturus
2557 5358 2917 5413 Manichacus?
2945 5354 3112 5427 Igitur
3142 5354 3208 5408 ad
3239 5354 3352 5409 haec
3375 5352 3467 5410 di-

1896 5453 2124 5522 sciplina
2176 5452 2370 5521 lexque
2416 5449 2694 5520 suppetias
2737 5448 2981 5503 veniunt.
3016 5443 3312 5513 Disciplina
3342 5444 3465 5512 qui-

1895 5545 2041 5607 dem,
2068 5544 2124 5598 in
2156 5545 2258 5598 hoc
2278 5543 2564 5614 diligenter
2587 5540 2930 5603 incumbens,
2952 5553 3021 5593 ne
3036 5538 3167 5607 quid
3193 5537 3464 5607 ejusmodi

1894 5637 1949 5691 in
1981 5637 2295 5692 hominibus
2334 5636 2653 5706 co'ntingat:
2688 5634 2777 5689 lex
2805 5647 2936 5687 vero
2962 5631 3218 5701 puniens,
3251 5630 3298 5687 si
3336 5631 3465 5701 quis

1895 5730 2160 5792 iniustum
2194 5728 2394 5791 aliquid
2431 5727 2718 5784 admisisse
2750 5724 3122 5786 deprehensus
3151 5722 3335 5781 fuerit.
