3862 6158
457 224 560 284 851

454 434 602 507 quod
625 449 742 488 eam
768 433 1022 504 subigere
1051 447 1116 486 ac
1142 447 1398 488 exercere
1427 433 1664 502 agricola
1689 432 2025 502 neglexerit?

451 526 601 599 quod
620 523 715 583 Dei
739 524 1078 596 principatus
1101 522 1422 579 imminutus
1446 531 1548 590 est,
1577 525 1671 592 qui
1699 524 1753 578 in
1779 524 1910 593 justi
1934 540 2026 579 ra-

457 623 607 678 tione
634 619 916 683 consistit,
961 633 1085 672 cum
1127 616 1328 672 fuerint
1371 617 1492 685 ejus
1521 617 1739 687 quidem
1773 619 1878 670 alia
1911 616 2023 672 fru-

454 727 641 773 etuum
674 711 994 782 frugumque
1014 706 1261 774 feracia;
1293 707 1508 778 aliaque
1543 708 1820 763 contraria
1843 709 2021 778 quali—

453 814 567 861 tate
613 805 866 875 przedita;
918 811 1012 857 aut
1062 815 1187 856 cum
1234 801 1412 856 ventis
1465 801 1782 868 ruentibus,
1828 817 2026 857 secun-

451 899 581 956 dum
631 898 791 952 aliam
822 895 1110 960 rationem,
1145 896 1281 950 alios
1327 894 1452 948 inde
1500 893 1844 949 commodum
1893 909 2021 950 sen-

451 991 578 1052 tire.
611 989 750 1044 alios
784 1003 914 1042 vero
963 988 1128 1041 etiam
1176 987 1376 1041 invitos
1407 985 1548 1038 mala
1597 984 1844 1054 quaedam
1876 984 2020 1040 ferre

448 1082 777 1153 contigerit?
807 1080 1011 1151 Nempe
1066 1078 1314 1135 nesciant
1363 1092 1588 1133 necesse
1632 1085 1736 1142 est,
1770 1093 2017 1147 quaenam

1438 223 1834 282 ALEXAND!“
1875 225 2180 285 EPISCOPI
2220 227 2727 287 LYCOPOLITANI

528 340 732 397 Deinde
759 354 909 404 vero,
943 339 1072 410 quid
1102 346 1187 393 est
1217 337 1363 410 quod
1391 347 1546 395 terra:
1575 339 1706 394 vitio
1734 347 1978 396 vertatur
2000 381 2016 406 ,
2049 355 2097 413 Α

3589 244 3696 300 432

2198 345 2428 398 Ἔπειτα
2470 346 2526 399 δὲ
2572 348 2624 400 τί
2670 348 2730 400 τὸ
2763 349 3013 421 ἔγκλημα
3049 352 3146 422 τῆς
3177 339 3303 424 γῆς,
3356 357 3405 409 εί
3452 359 3696 432 γεωργὸς

2120 435 2410 506 ἀμελήσειε
2441 437 2535 492 τοῦ
2560 439 2761 511 ταύτην
2785 443 3057 513 ήμεροῦν;
3091 445 3172 498 ὅτι
3195 446 3503 516 ἠλάττωται
3527 451 3560 520 ἡ
3600 451 3692 502 τοῦ

2120 525 2254 578 Θεοῦ
2289 527 2452 599 ἀρχὴ,
2483 528 2604 598 ἥτις
2632 531 2749 585 ἐστὶ
2793 532 2936 586 κατά
2970 535 3031 586 τὸ
3063 535 3288 601 δίκαιον,
3331 539 3408 591 ὅτ’
3450 538 3518 592 ἂν
3627 541 3695 594 τὰ

2125 619 2222 688 μὲν
2248 620 2477 691 καρπῶν
2503 621 2723 692 γόνιμα,
2753 622 2822 676 τά
2849 623 2908 676 δὲ
2937 624 3011 696 μὴ
3035 625 3257 681 τοιαῦτα
3276 644 3290 658 ·
3322 629 3354 698 ἢ
3381 631 3697 702 φερομένων

2120 710 2227 765 τῶν
2263 713 2588 783 πνευμάτων
2640 714 2760 768 καθ’
2789 715 2980 785 ἑτέραν
3015 718 3215 784 αἰτίαν,
3249 723 3374 785 τοὺς
3409 722 3509 793 μὲν
3544 723 3695 794 ὠφε-

2121 802 2347 868 λεῖσθαι,
2376 807 2500 868 τοὺς
2533 805 2590 859 δὲ
2632 808 2726 860 καὶ
2766 809 3041 880 ἀϐούλητά
3071 829 3191 864 τινα
3223 814 3534 884 ὑπομένειν,
3559 833 3696 887 συμ-

2125 894 2320 968 6αίνῃ;
2351 896 2608 967 ἀπείρους
2637 896 2861 964 τούτους
2889 897 3026 956 εἶναι
3065 905 3164 974 τῆς
3195 905 3300 958 τῶν
3330 907 3697 978 ἐνδεχομένων

2125 985 2339 1054 φύσεως
2370 988 2464 1041 καὶ
2499 991 2598 1060 τῆς
2629 991 2737 1044 τῶν
2770 993 3098 1061 ἀναγκαίων.
3150 996 3304 1050 Οὕτω
3335 998 3442 1070 γὰρ
3482 1000 3582 1054 οὐκ
3624 1000 3694 1054 ἂν

2123 1076 2192 1130 τὰ
2222 1079 2446 1134 τοιαῦτα
2479 1082 2876 1153 ὲτερατεύοντο.

447 1190 637 1230 eorum
676 1174 908 1238 indoles,
935 1187 1059 1244 quae
1097 1171 1486 1241 contingentia,
1520 1177 1574 1224 et
1625 1185 1746 1239 quae
1793 1171 2105 1226 necessaria
2158 1180 2304 1228 sunt.
2361 1172 2452 1228 Sic
2482 1174 2627 1228 enim
2675 1191 2784 1230 non
2820 1177 2946 1231 talia
2992 1179 3238 1250 prodigio
3294 1190 3565 1237 verterent
3625 1199 3692 1238 ac

446 1272 938 1327 calumniarentur.

447 1388 575 1444 CAP.
601 1387 718 1444 XV.
747 1386 935 1443 Libido
975 1382 1317 1455 et'cupiditas
1349 1401 1522 1439 rerum
1554 1386 1911 1457 sentientium.
1953 1386 2252 1443 Daemones.
2299 1388 2562 1442 animalia
2589 1390 2890 1444 sentientia.
2943 1388 3042 1445 Sol
3063 1391 3184 1445 item
3230 1401 3280 1444 et
3310 1392 3455 1457 luna,
3494 1399 3685 1452 uelim.

1677 1456 1969 1524 Platonica,
2010 1475 2113 1512 non
2142 1459 2462 1513 Christiane.-

519 1571 676 1631 Unde
733 1573 898 1644 igitur
949 1569 1200 1640 voluptas
1236 1584 1332 1624 seu
1390 1569 1558 1624 libido
1601 1578 1654 1624 et
1705 1569 2016 1640 cupiditas?

2189 1571 2360 1625 Πόθεν
2391 1568 2482 1626 οὖν
2519 1573 2678 1644 ἡδονὴ
2726 1574 2816 1627 καὶ
2865 1572 3157 1645 ἐπιθυμία;
3207 1575 3389 1629 Ταῦτα
3424 1576 3532 1649 γάρ
3584 1579 3690 1650 μά.-

447 1667 572 1722 ῐῐιεο
612 1665 754 1720 enim
795 1661 1028 1717 maxime
1067 1661 1207 1714 mala
1236 1675 1360 1714 esse
1383 1660 1607 1724 dicunt,
1640 1661 2005 1730 Oderuntque;

2118 1664 2271 1718 λιστα
2327 1665 2472 1718 κακὰ
2522 1661 2661 1719 εἷναι
2717 1665 2931 1734 λέγουσι
2975 1667 3068 1719 καὶ
3116 1667 3564 1740 διαμεμισήκασι·
3586 1673 3688 1740 τὴν

445 1772 546 1815 nec
591 1751 818 1811 materia
859 1751 1006 1806 aliud
1056 1750 1350 1821 quidquam
1381 1751 1551 1821 magis
1575 1751 1844 1808 videatur.
1874 1750 2018 1807 Sane

444 1847 591 1921 quod
621 1847 736 1908 haec
783 1843 957 1902 solum
993 1843 1319 1898 animalibus
1369 1843 1633 1897 attineant
1686 1858 1806 1914 quae
1850 1859 2015 1898 sensu

444 1940 671 2014 praedita
722 1943 884 2000 sunt,
931 1935 1189 2006 nullaque
1225 1935 1329 1989 alia
1385 1949 1470 1990 res
1506 1950 1668 2004 quam
1721 1951 1842 2006 qua:
1891 1952 2015 1991 seno

442 2034 606 2097 tiunt,
636 2028 988 2102 cupiditatem
1021 2026 1286 2096 percipiat
1314 2039 1377 2080 ac
1402 2025 1683 2081 libidinem
1725 2043 1819 2083 seu
1859 2027 2009 2081 voiu.

441 2135 664 2202 ptatem,
694 2120 1043 2177 manifestum
1079 2127 1181 2175 est.
1208 2117 1342 2185 Quis
1369 2119 1513 2175 enim
1539 2119 1694 2189 stirpi
1717 2119 2012 2189 voluptatis

439 2239 504 2276 ac
527 2219 760 2275 tristitiae
786 2214 1100 2283 dolorisque
1127 2213 1364 2267 sensus?
1387 2210 1648 2278 Quisnam
1673 2227 1801 2267 vero
1828 2222 2007 2278 terrae,

437 2322 592 2376 aqua:
619 2313 714 2360 aut
739 2306 888 2361 aeri?
910 2306 1196 2363 Daemones
1226 2321 1376 2373 vero,
1419 2308 1467 2363 si
1497 2308 1715 2378 quidem
1741 2319 1868 2364 sunt
1895 2309 2014 2364 ani-

438 2399 601 2453 malia
643 2412 806 2454 sensu
850 2400 1071 2468 praedita
1092 2437 1108 2462 ,
1139 2415 1257 2454 eam
1298 2399 1437 2454 forte
1469 2400 1540 2455 ob
1564 2415 1677 2455 rem
1703 2399 2014 2456 constitutis

435 2487 721 2543 sacrificiis
767 2503 832 2544 ac
882 2489 1137 2561 legitimis
1178 2489 1535 2558 delectantur,
1564 2506 1812 2562 aegreque
1832 2491 2014 2547 ferunt

433 2594 558 2632 cum
588 2579 676 2634 illa
705 2579 1006 2634 defuerint:
1037 2595 1160 2634 cum
1191 2578 1329 2634 nihil
1352 2580 1620 2649 ejusmodi
1642 2582 1709 2636 de
1733 2580 1843 2636 Deo
1864 2582 2014 2651 cogi-

433 2668 538 2720 tari
568 2667 757 2738 possit.
781 2665 949 2737 Igitur
972 2669 1064 2738 qui
1086 2668 1274 2724 dicunt
1299 2684 1312 2720 τ
1337 2668 1602 2734 Quidnam
1629 2687 1804 2726 causa:
1822 2681 1897 2726 est
1921 2688 2014 2724 cur

437 2765 696 2821 animalia
736 2762 1001 2830 voluptate
1046 2757 1342 2827 a/ﬁciantur
1385 2773 1448 2811 ac
1483 2756 1807 2823 cupiditate?
1853 2758 2008 2828 prius

432 2863 559 2918 inde
582 2859 858 2932 querelam
890 2862 1175 2916 moveant,
1207 2852 1315 2908 Cur
1345 2853 1452 2906 hwc
1478 2852 1583 2906 sint
1614 2869 1770 2906 sensu
1810 2853 2008 2920 praedi-

433 2960 510 3013 ta,
546 2965 719 3020 quisue
747 2962 912 3000 causa
949 2946 1016 2999 sit
1039 2960 1132 2997 cur
1150 2943 1262 2996 cibo
1279 2941 1588 3013 indigeant?
1621 2941 1695 2996 Ea
1725 2957 1857 2998 sane
1890 2945 2010 2999 ani-

2114 1756 2248 1828 ὓλην
2271 1757 2345 1828 (4)
2410 1757 2508 1828 οὐχ
2539 1759 2698 1828 ἑτέρα
2734 1759 2930 1829 μᾶλλόν
2958 1761 3125 1814 ἐστιν.
3156 1763 3276 1814 ’Ὁτι
3307 1763 3404 1833 μὲν
3428 1761 3521 1818 οὖν
3555 1769 3684 1837 περὶ

2111 1849 2179 1902 τὰ
2211 1849 2502 1920 αίσθητικὰ
2541 1850 2649 1903 τῶν
2683 1849 2835 1914 ζώων
2883 1852 3059 1923 μόνων
3103 1853 3220 1906 ἐστὶ
3248 1855 3438 1922 ταῦτα,
3474 1859 3569 1912 καὶ
3592 1860 3684 1913 ού-

2109 1941 2196 1996 δὲν
2237 1942 2425 2015 ἕτερον
2456 1943 2912 2015 ἀντιλαμϐάνεται
2946 1945 3242 2016 ἐπιθυμίας
3286 1952 3380 2003 καὶ
3420 1950 3614 2023 ἡδονῆς
3645 1951 3680 2024 ἢ

2109 2031 2178 2085 τὰ
2205 2035 2586 2106 αἰσθανόμενα,
2622 2037 2871 2108 φανερόν.
2910 2037 3042 2091 Ποία
3067 2038 3176 2110 γὰρ
3206 2042 3454 2113 αἴσθησις
3488 2045 3682 2117 ἡδονῆς

2111 2126 2202 2179 καὶ
2235 2126 2408 2197 λύπης
2440 2127 2592 2198 φυτῷ
2619 2143 2632 2193 ;
2666 2128 2796 2180 ποία
2825 2128 2880 2180 δὲ
2909 2132 3000 2200 γῇ,
3029 2127 3184 2184 ὕδατι
3215 2131 3247 2202 ἢ
3283 2133 3436 2204 ἀέρι;
3472 2136 3533 2187 Οἱ
3562 2135 3680 2188 δαί-

2113 2215 2269 2285 μονές
2302 2232 2382 2276 τε,
2430 2215 2589 2289 εἴπερ
2643 2219 2778 2270 εἰσιν
2824 2215 3056 2288 αἰσθητά
3089 2218 3164 2289 (5)
3209 2218 3342 2283 ζῶα,
3384 2221 3471 2274 διὰ
3519 2222 3681 2276 τοῦτο

2111 2307 2243 2369 ἴσως
2293 2308 2405 2369 τοῖς
2453 2309 2859 2378 νενομισμένοις
2907 2311 3035 2382 ’περί¹
3074 2309 3173 2374 τὰς
3215 2312 3399 2376 θυσίας
3435 2315 3678 2384 ἥδονται,

2110 2397 2204 2449 καὶ
2249 2397 2692 2468 ἀπολειπομένων
2737 2399 3121 2472 δυσφοροῦσιν·
3175 2404 3385 2468 οὐδενὸς
3431 2406 3677 2460 τοιούτου

2110 2489 2236 2558 περὶ⁹
2277 2487 2410 2540 Θεοῦ
2456 2489 2784 2543 ἐπινοεῖσθαι
2816 2492 3136 2563 δυναμένου.
3184 2496 3247 2547 Oi
3301 2494 3364 2566 δὴ
3403 2494 3673 2564 λέγοντες·

2107 2579 2211 2632 Διὰ
2245 2579 2301 2632 τί
2347 2578 2552 2647 ἥδεται
2584 2581 2682 2634 καὶ,
2723 2574 2998 2652 ἐπιθυμεῖ
3030 2584 3101 2637 τὰ
3136 2584 3276 2646 ζῗοίυ
3309 2586 3676 2640 αἰτιάσθωσαν

2107 2675 2390 2744 πρότερον·
2427 2675 2530 2728 Διά
2557 2676 2614 2728 τί
2638 2677 2808 2730 ἐστιν
2835 2679 3149 2744 αἱσθητικὰ
3177 2679 3363 2732 ταῦτα
3379 2695 3397 2742 ;
3424 2681 3464 2747 ἣ
3495 2679 3597 2733 διὰ
3621 2681 3677 2732 τί

2107 2767 2334 2836 τροφῆς
2363 2767 2578 2832 δεῖται;
2615 2770 2712 2821 Ἂν
2746 2769 2843 2839 μὲν
2880 2769 2987 2840 γὰρ
3027 2765 3094 2839 ἦν
3141 2769 3380 2823 ἀθάνατα
3411 2769 3547 2834 ζῶα,
3580 2771 3676 2826 καὶ

2110 2857 2311 2929 φθορᾶς
2336 2859 2428 2912 καὶ
2453 2859 2622 2930 αὔξης
2655 2860 3017 2930 ἀπήλλακται,
3041 2854 3150 2913 οἷον
3181 2860 3327 2931 ἥλιος
3351 2861 3444 2914 καὶ⁸
3475 2863 3672 2934 σελήνη

2110 2948 2202 3000 καὶ
2227 2948 2474 3020 ἀστέρες,
2503 2950 2678 3003 καίτοι
2703 2950 2832 3004 ὅντα
2864 2950 3173 3021 αἰσθητικά·
3207 2952 3361 3016 ἐκτὸς
3389 2952 3444 3005 δὲ
3468 2953 3675 3007 τούτων

430 3044 594 3099 malia
621 3053 743 3111 quae
766 3037 1091 3092 immortalia
1118 3043 1293 3099 erant,
1318 3049 1349 3088 a
1377 3035 1748 3104 corruptionis
1776 3036 2000 3091 interitu

2112 3041 2221 3094 ἐστὶ
2265 3041 2358 3094 καὶ
2405 3042 2504 3110 τῆς
2533 3041 2789 3112 τοιαύτης
2820 3043 3125 3106 αἰτιάσεως.
3177 3043 3233 3096 '0
3266 3043 3322 3096 δὲ
3364 3043 3671 3116 ἄνθρωπος,

428 3143 830 3206 augmentoque
869 3129 1022 3186 fuere
1064 3130 1310 3193 liberata,
1335 3127 1640 3200 cujusniodi
1671 3135 1799 3184 sunt
1827 3128 1912 3185 sol
1944 3135 1998 3184 et

426 3228 553 3284 luna
580 3239 635 3282 et
668 3225 878 3288 stellae,
933 3238 1243 3293 quanquam
1282 3231 1408 3278 sunt
1453 3222 1569 3276 haec
1614 3221 1778 3276 etiam
1830 3237 1998 3277 sensu

423 3321 648 3394 praedita
675 3338 689 3373 :
721 3326 873 3372 extra
904 3322 1086 3370 tamen
1114 3315 1228 3370 haec
1259 3321 1408 3380 sunt,
1443 3313 1686 3384 nihilque
1716 3313 1844 3368 huic
1886 3314 1995 3368 cri-

2105 3132 2198 3186 κάὶ
2240 3131 2517 3187 αἰσθέσθαι
2563 3135 2658 3186 καὶ
2703 3133 2908 3203 κρίνειν
2937 3135 3250 3206 δυνάμενος,
3301 3137 3395 3190 καὶ
3443 3136 3671 3203 δυνάμει

2105 3225 2264 3293 σοφὸς
2315 3224 2456 3294 (ἔχει
2493 3225 2600 3295 γὰρ
2631 3225 2857 3295 δύναμιν
2888 3226 3125 3291 τοιοῦτος
3157 3227 3669 3300 γενέσθαι),ἀπολα-

2102 3315 2210 3369 ὅὼν
2239 3315 2298 3368 τὸ
2327 3315 2456 3368 ἴδιον
2488 3316 2572 3387 δὴ,
2604 3319 2924 3372 καταπατεῖ.

423 3417 708 3476 minationi
733 3413 992 3470 obnoxia.
1024 3410 1198 3468 Homo
1235 3419 1436 3476 autem,
1469 3425 1593 3465 cum
1616 3418 1670 3464 et
1709 3410 1988 3466 sensu.uti
2043 3411 2218 3464 valeat
2245 3420 2299 3466 et
2357 3412 2624 3482 judicare,
2659 3413 2837 3482 sitque
2868 3415 3104 3484 potentia
3139 3415 3354 3486 sapiens
3413 3413 3668 3487 (potesta.

423 3519 532 3567 tem
560 3510 703 3566 enim
726 3508 886 3564 habet
912 3514 971 3560 ut
993 3507 1117 3562 talis
1145 3505 1509 3576 fiat),accepto
1537 3505 1680 3576 quod
1703 3507 1982 3576 proprium
2011 3515 2116 3572 est,
2140 3506 2275 3560 illud
2307 3507 2563 3561 nimirum
2591 3509 2895 3565 conculcat.

420 3629 553 3685 CAP.
585 3623 902 3700 XVI._Quod
933 3623 1401 3700 sapientes‘aliqtti,
1436 3621 1726 3700 nihiltetat
1753 3623 1964 3700 etnali'os
1993 3621 2526 3700 esse._Diligentia__et
2548 3625 2724 3700 studio
2754 3625 2996 3700 paranda
3022 3629 3205 3700 uirtus.
3245 3628 3466 3684 Saniore
3492 3630 3666 3700 philo-

629 3690 812 3767 sOphia
842 3690 1072 3748 homines
1096 3695 1165 3747 ad
1194 3690 1384 3747 bonum
1416 3694 1749 3761 proueltendi.
1789 3690 2074 3747 Commune
2102 3690 2308 3748 virtutis
2338 3695 2572 3749 stadium
2599 3715 2630 3750 a
2661 3690 2871 3751 Chi-isto
2895 3698 3132 3751 omnibus
3158 3710 3414 3766 apertum.

2174 3805 2346 3880 Ὅλως
2383 3816 2491 3888 γὰρ
2535 3816 2683 3885 ἄξιον
2733 3816 2994 3870 πυθέσθαι
3034 3817 3234 3871 τούτων
3281 3818 3388 3870 τῶν
3431 3818 3662 3890 ἀνδρῶν,

2098 3908 2323 3978 πότερον
2362 3909 2552 3962 οὐδένα
2599 3908 2881 3981 ἄνθρωπον
2920 3909 3142 3963 δυνατὸν
3184 3911 3460 3965 σπουδαῖον
3508 3912 3662 3980 γενέ-

2098 3999 2239 4064 σθαι,
2272 4001 2304 4071 ἢ
2334 4001 2454 4055 τινά
2483 4017 2544 4070 γε
2574 4000 2871 4071 ἐνδέχεταις
2903 4002 2964 4054 Ei
3001 4001 3099 4072 μὲν
3123 4001 3230 4073 γὰρ
3253 4001 3425 4065 οὐδεὶς
3474 4003 3659 4070 σοφὸς,

489 3815 723 3872 Prorsus
751 3816 894 3871 enim
923 3829 1100 3886 Opera:
1137 3814 1371 3884 pretium
1398 3829 1463 3869 ex
1498 3815 1582 3870 his
1615 3813 1749 3869 viris
1782 3830 1994 3884 quaera-

419 3923 543 3963 mus
570 3927 584 3962 :
607 3907 870 3963 Nullusne
903 3905 1180 3960 hominum
1215 3907 1494 3962 studiosus
1517 3908 1691 3977 possit
1722 3908 1952 3963 evadere
1975 3947 1990 3973 ,

420 4016 489 4054 an
522 4001 758 4072 aliquem
815 4001 1094 4071 contingat
1142 3999 1401 4054 virtutem
1455 3999 1776 4068 capessere?
1821 3999 1900 4054 Ac
1945 3997 1992 4053 si

419 4093 635 4163 quidem
661 4107 819 4149 nemo
847 4091 1233 4162 sapiens,quid
1262 4091 1380 4162 ipse
1398 4091 1618 4146 tandem
1636 4091 1992 4146 Manichacus?

2112 4090 2145 4142 τί
2189 4091 2386 4162 δήποτε
2429 4091 2589 4154 αὐτὸς
2626 4093 2654 4144 ὁ
2704 4093 3027 4161 Μανιχαῖος;
3087 4091 3191 4144 Ἐῶ
3229 4091 3357 4162 γὰρ,
3403 4091 3486 4145 ὅτι
3533 4093 3658 4155 τοὺς

416 4186 573 4240 Mitto
599 4186 743 4241 enim
777 4200 884 4241 non
902 4185 1080 4240 solum
1103 4185 1240 4239 alios
1271 4183 1548 4240 studiosos
1572 4183 1783 4250 dicere;
1813 4182 1906 4239 sed
1933 4190 1990 4237 et

2112 4178 2286 4242 ἱλλους
2330 4182 2389 4233 οὐ
2435 4179 2592 4250 μόνον
2641 4180 2957 4244 σπουδαίους
3002 4175 3139 4234 εἶναι
3180 4181 3358 4250 λέγει·
3394 4181 3531 4234 ἀλλά
3565 4182 3658 4236 καὶ

415 4278 554 4334 alios
589 4277 836 4343 idoneos,
866 4276 958 4347 qui
991 4276 1125 4331 tales
1173 4273 1399 4340 faciant,
1434 4291 1541 4330 non
1575 4279 1788 4332 adesse.
1832 4275 1989 4341 Quod

2112 4270 2286 4334 ἱλλους
2325 4271 2488 4342 φησὶν
2537 4273 2752 4334 ἱκανοὺς
2797 4267 2931 4325 εἶναι
2975 4272 3244 4336 τοιούτους
3293 4273 3538 4344 ποιῆσαι.
3591 4273 3657 4326 Et

414 4369 462 4426 si
484 4370 715 4427 omnino
745 4369 944 4440 aliquis
968 4377 1072 4431 est,
1101 4367 1234 4438 quid
1259 4376 1406 4424 vetat
1428 4383 1618 4424 omnes
1639 4369 1842 4437 pariter
1863 4377 1981 4423 stu-

2112 4363 2130 4411 L‘
2179 4363 2314 4426 ὅλως
2358 4364 2475 4417 ἐστί
2522 4381 2624 4428 τις,
2673 4365 2726 4416 τί
2779 4363 2974 4417 κωλύει
3012 4363 3106 4419 καὶ
3145 4365 3354 4428 πάντας
3400 4364 3656 4432 γενέσθαι

408 4459 600 4519 diosos
630 4462 898 4519 evadere?
923 4460 1080 4528 Quod
1113 4462 1259 4518 enim
1307 4461 1376 4518 de
1422 4477 1534 4516 uno
1559 4501 1575 4526 ,
1629 4459 1697 4517 de
1733 4461 1986 4517 omnibus

2112 4453 2441 4518 ςπουδαίους;
2483 4456 2547 4508 Ὃ
2588 4453 2694 4527 γὰρ
2721 4457 2848 4526 περὶ
2878 4455 2996 4518 ἕνα,
3039 4456 3133 4510 καὶ
3168 4456 3294 4526 περὶ
3327 4457 3534 4519 πάντας
3564 4458 3656 4508 ὲν·-

408 4568 629 4625 quoque
649 4553 976 4624 contingens
1022 4562 1138 4620 est;
1173 4561 1226 4609 et
1253 4565 1486 4623 quorum
1533 4567 1695 4621 opera
1720 4552 1987 4622 quibusve

2112 4547 2330 4618 ἰέχεται·
2365 4549 2458 4602 καὶ
2490 4549 2554 4602 δι’
2591 4542 2665 4616 ὧν
2703 4550 2797 4602 καὶ
2827 4544 2925 4614 εἷς,
2961 4550 3047 4606 διὰ
3079 4551 3282 4604 τούτων
3325 4551 3419 4604 καὶ
3451 4552 3655 4616 πάντες

408 4644 606 4701 mediis
638 4660 782 4700 unus
802 4685 816 4709 ,
859 4644 1050 4701 iisdem
1081 4654 1135 4699 et
1163 4659 1354 4701 omnes
1386 4647 1603 4699 virtutis
1643 4659 1822 4699 arcem
1853 4659 1982 4716 pos.

408 4736 522 4791 sint
546 4737 790 4809 arripere
816 4756 830 4792 :
859 4736 965 4793 nisi
984 4737 1117 4806 quid
1139 4737 1434 4806 plurimum
1459 4737 1678 4791 virtutis
1699 4751 1763 4790 ac
1792 4745 1982 4808 poten-

406 4824 497 4878 tize
523 4823 714 4880 dicunt
741 4825 942 4881 talibus
968 4825 1282 4881 intercludi.

477 4911 694 4970 Rursus
727 4915 892 4986 igitur
913 4915 1150 4986 primum
1188 4933 1201 4970 :
1250 4915 1383 4980 Quae
1428 4921 1729 4970 necessntas
1777 4909 1982 4972 iaboris

407 5004 476 5060 ad
492 5006 853 5076 capessendas
879 5005 1198 5078 disciplinas
1223 5005 1406 5079 (liceat
1425 5006 1572 5061 enim
1587 5013 1640 5061 et
1663 5005 1984 5062 dormienda

403 5096 662 5154 virtutem
689 5097 1003 5170 nancisci)?
1039 5106 1135 5154 aut
1176 5113 1299 5171 quae
1321 5113 1487 5156 causa
1518 5106 1603 5156 est
1626 5114 1727 5155 cur
1758 5095 1857 5151 viri
1887 5095 1980 5152 isti

406 5188 682 5245 auditores
703 5205 834 5248 suos
861 5189 1204 5262 potissimum
1229 5191 1285 5246 in
1315 5207 1464 5263 spem
1485 5192 1698 5262 erigant
1726 5189 1980 5260 paranda:

405 5279 712 5337 honestatis
734 5293 897 5354 atque
923 5283 1178 5339 virtutis?
1202 5281 1338 5338 Nam
1380 5283 1484 5339 etsi
1518 5283 1823 5338 volutantes
1847 5295 1970 5335 cum

402 5373 820 5438 meretricibus,
862 5375 1144 5446 propr-ium
1191 5373 1396 5430 bonum
1441 5374 1686 5430 nancisci
1733 5375 1968 5444 possint.

399 5459 554 5530 Quod
584 5464 631 5518 si
656 5465 944 5537 disciplina
977 5467 1280 5535 meliorque
1315 5466 1581 5524 institutio
1603 5481 1667 5521 ac
1695 5463 1966 5532 educatio,

451 5632 546 5705 (ll
591 5637 707 5696 Τὴν
722 5640 906 5700 ὕλην.
933 5641 1004 5693 Ἤ
1028 5657 1088 5696 τε
1118 5639 1239 5705 ὕλη.

2087 4638 2330 4710 ὲνάρετοι
2367 4640 2433 4694 ἂν
2469 4640 2738 4708 γένοιντο·
2769 4643 2816 4694 εί
2850 4641 2923 4712 μὴ
2958 4641 3012 4693 τί
3042 4659 3202 4711 φασιν
3233 4643 3333 4712 τῆς
3371 4642 3652 4713 δυνάμεως

2086 4727 2333 4783 πλεῖστον
2357 4731 2466 4793 τοῖς
2495 4730 2754 4794 τοιούτοις
2779 4730 3341 4802 ὲναπολαμϐάνεσθαι.

2152 4909 2319 4962 Πάλιν
2343 4911 2520 4965 τοίνυν
2555 4912 2770 4983 πρῶτον
2803 4913 2920 4984 μέν·
2957 4914 3054 4977 Τίς
3083 4915 3241 4985 χρεία
3266 4913 3360 4967 τοῦ
3393 4915 3526 4987 περὶ⁷
3552 4914 3650 4987 τὴν

2079 5001 2356 5057 παίδευσιν
2403 5002 2568 5056 πόνου
2655 5004 2979 5076 (γενοίμεθα
3030 5005 3138 5076 γάρ
3184 5005 3248 5060 ἂν
3297 5005 3648 5072 καθεύδοντες

2077 5095 2438 5171 σπουδαῖοι);
2477 5095 2511 5166 ἢ
2569 5096 2657 5152 διὰ
2697 5091 2756 5150 τί
2804 5098 3038 5169 μάλιστα
3093 5098 3218 5161 τοὺς
3263 5098 3648 5169 ἀκροωμένους

2075 5186 2253 5240 αὐτῶν
2279 5189 2328 5240 οἱ
2353 5187 2580 5240 τοιοῦτοι
2613 5187 2804 5259 ἄνδρες
2835 5190 2912 5252 είς
2949 5189 3170 5252 ἐλπίδας
3212 5187 3402 5258 ἄγουσι
3431 5189 3526 5244 τοῦ
3555 5208 3646 5244 και

2074 5279 2201 5344 las;
2234 5281 2347 5335 Καὶ
2379 5280 2483 5352 γὰρ
2518 5281 2924 5351 καλινδούμενοι
2971 5282 3068 5334 σὺν
3112 5283 3230 5344 ταῖς
3278 5281 3541 5352 ἑταίραις,
3586 5281 3646 5336 τὺ

2074 5373 2269 5426 οἰκεῖον
2305 5372 2474 5444 ἔχειεν
2519 5372 2585 5426 ἂν
2629 5373 2854 5442 ἀγαθόν.
2888 5374 2950 5427 Εἰ
2983 5375 3039 5426 δὲ
3080 5375 3112 5444 ἡ
3158 5373 3437 5438 παίδευσις
3472 5374 3568 5426 καὶ
3609 5377 3644 5445 ἡ

2075 5465 2392 5535 περιαγωγὴ
2429 5466 2461 5534 ἡ
2491 5450 2712 5534 βελτίων
2743 5465 2836 5519 καὶ
2870 5465 2930 5520 τὸ
2956 5467 3239 5521 σπουδαῖον
3269 5467 3400 5540 περὶ
3420 5466 3520 5539 τὴν
3544 5467 3644 5539 τῆς

2141 5642 2216 5707 (ὅ)
2258 5646 2442 5708 Alcon
2451 5642 2538 5699 τά.
2561 5643 2880 5708 Δίσθητικά.
