3876 6168
220 358 328 413 853

1102 355 1522 412 TRACTATUS
1560 354 1650 410 DE
1687 353 2000 412 PLACITIS
2035 354 2592 414 MANICHAﬂRUM.

3349 303 3558 414 45l-

222 475 420 545 ἀρετῆς
446 473 709 544 ἀνάληψιν
739 473 975 528 τοιοῦτον
1007 474 1167 528 αὐτὸν
1200 475 1610 546 ὲπειργὰσαντο,
1649 475 1785 528 πάν·
1815 539 1817 546 ι

1910 474 2275 546 liligentiaque
2301 488 2365 531 ac
2397 476 2659 532 sedulitas
2691 475 3034 547 percipienda
3064 476 3262 532 virtute
3291 477 3456 532 talem

219 583 314 630 τες
357 566 690 635 γινέσθωσαν
730 567 980 631 τοιοῦτοι,
1026 567 1121 620 καὶ
1152 567 1420 638 ἀνῄρηται
1457 563 1490 631 ἡ
1531 566 1785 637 θρυλλου-

223 659 361 730 μέν-ιι
393 658 484 714 ὑπ’
509 658 690 712 αὐτῶν
721 659 820 729 τῆς
855 659 986 730 ὕλης
1013 660 1243 724 ἄτακτος
1267 660 1497 730 κίνησις.

294 838 438 893 Πολὺ
467 837 526 891 δὲ
569 837 784 892 κάλλιον
823 834 891 910 ἦν
925 840 1024 910 τὴν
1061 839 1250 908 σοφίαν
1287 840 1449 893 ὅπλον
1484 841 1644 909 φάναι
1676 846 1790 906 τοῖς

222 931 531 1002 ἀνθρώποις
555 932 659 985 ὑπὸ
686 931 777 985 τοῦ
808 931 942 984 Θεοῦ
969 931 1234 996 δεδόσθαι,
1271 933 1338 986 ἵν’
1374 933 1402 986 δ
1431 936 1578 987 ἐστιν
1609 935 1790 997 αὐτοῖς

220 1025 313 1078 διὰ
350 1025 413 1078 τὸ
452 1025 784 1096 αίσθητικοῖς
823 1020 961 1077 εἶναι
1002 1023 1058 1090 ἐξ
1098 1025 1395 1096 ἐπιθυμίας
1440 1027 1533 1080 καὶ
1577 1026 1788 1098 ἡδονῆς,

221 1117 382 1171 τοῦτο
428 1117 568 1171 κατὰ
622 1117 815 1189 μικρὸν
854 1119 934 1180 είς
981 1117 1042 1169 τὸ
1083 1116 1280 1185 ἀγαθὸν
1327 1118 1681 1189 περιάγουσα.
1733 1119 1792 1171 τὸ

223 1211 490 1280 ἑπόμενον
517 1209 717 1263 ἄτοπον
749 1209 807 1275 ἐξ
839 1209 1015 1262 αὐτῶν
1062 1209 1226 1282 ἀνέλῃ
1246 1226 1258 1238 ·
1296 1209 1468 1273 οὕτως
1498 1209 1607 1283 γὰρ
1649 1205 1792 1264 οὗτοι

222 1317 304 1368 τε,
357 1302 556 1372 ἀρετὴν
599 1301 1053 1373 ἐπαγγελλόμενοι
1112 1303 1399 1366 διδάσκειν,
1450 1302 1678 1374 ζηλωτοὶ
1727 1304 1793 1357 ἂν

222 1389 367 1462 ἦσαν
395 1395 495 1463 τῆς
525 1393 833 1465 προθέσεως
872 1395 966 1447 καὶ
1003 1393 1097 1446 τοῦ
1132 1393 1279 1464 βίου’
1317 1394 1482 1465 πολλή
1523 1411 1582 1447 τε
1630 1393 1696 1448 ἂν
1726 1391 1792 1465 ἦν

224 1483 382 1547 ἐλπὶς
411 1483 526 1549 τοῦ,
571 1485 652 1537 ὅτι
686 1484 816 1538 ποτὲ
849 1484 1112 1538 παύσεται
1143 1485 1211 1538 τὰ
1245 1485 1410 1550 κακὰ,
1449 1486 1665 1540 πάντων
1703 1504 1794 1556 γε-

223 1577 465 1647 νομένων
510 1576 708 1646 σοιρῶν.
751 1578 814 1631 Ὃ
847 1577 995 1632 δοκεῖ
1025 1595 1112 1647 μοι
1146 1581 1598 1649 κατανενοηκέναι
1625 1583 1653 1634 ὁ
1691 1581 1794 1650 Ἰη-

225 1667 391 1731 οιτοῦς⁸
433 1670 528 1721 καὶ
577 1670 663 1722 ἵνα
714 1669 787 1740 μὴ
829 1671 1227 1742 ἀπεληλαμένοι
1277 1664 1376 1724 ὦσι
1445 1672 1534 1725 τοῦ
1586 1672 1792 1742 ἀγαθοῦ

223 1759 459 1830 γεωργοί
501 1777 558 1813 τε
593 1760 685 1813 καὶ
716 1762 961 1823 τέκτονες
994 1762 1086 1814 καὶ
1129 1762 1398 1831 οἰκοδόμοι
1437 1764 1529 1815 καὶ
1567 1764 1616 1816 οἱ
1647 1763 1792 1816 ἄλλοι

1892 581 2015 621 eum
2047 567 2331 622 reddidere
2351 607 2367 632 ,
2409 581 2598 623 omnes
2632 569 2767 624 tales
2796 567 2926 623 lIant
2949 609 2963 633 ,
2993 567 3352 637 subiatusque
3373 574 3458 624 est

1893 658 1962 711 ab
2017 658 2099 712 eis
2137 659 2442 714 celebratus
2485 661 3069 732 decantatissimusquc
3117 660 3458 716 inordinatus

1895 750 2132 802 materia:
2157 756 2356 805 motus.

1966 840 2150 911 Longe
2187 857 2317 897 vero
2357 849 2658 913 pnestaret,
2694 849 2753 896 ut
2799 841 3086 909 dicerent,
3136 841 3459 914 sapientiam

1896 949 2158 1006 organum
2189 951 2218 988 a
2248 934 2357 990 Deo
2383 935 2694 992 hominibus
2715 949 3052 998 concessam,
3086 944 3147 990 ut
3183 934 3327 1005 quod
3351 935 3460 990 illis

1895 1042 1963 1081 ex
1992 1026 2286 1096 cupiditate
2316 1035 2371 1082 et
2401 1028 2676 1096 voluptate
2699 1041 2796 1084 seu
2832 1027 3054 1082 libidine
3083 1026 3329 1081 molitum
3352 1033 3460 1090 cst,

1896 1132 1960 1171 ea
1991 1117 2203 1171 ratione
2230 1133 2337 1186 qua
2366 1129 2493 1173 sunt
2516 1133 2682 1174 sensu
2713 1118 2943 1188 praediti,
2981 1117 3084 1173 hoc
3112 1117 3371 1187 paulatim
3404 1117 3462 1172 in

1899 1209 2101 1264 bonum
2130 1210 2424 1264 traducens
2444 1253 2459 1277 ,
2491 1213 2634 1281 quod
2680 1212 2926 1281 sequitur
2953 1212 3250 1268 absurdum
3283 1212 3352 1266 ab
3381 1212 3462 1266 eis

1898 1300 2157 1356 auferret.
2191 1299 2280 1356 Sic
2308 1303 2450 1357 enim
2477 1304 2709 1374 ipsi,qui
2734 1318 2794 1358 se
2817 1302 3033 1359 virtutis
3064 1303 3316 1359 doctores
3341 1318 3464 1373 pro-

1899 1391 2175 1452 ﬁteantur,
2226 1407 2291 1446 ex
2337 1394 2617 1462 pr0posito
2648 1394 2866 1463 vitaque
2911 1392 3198 1446 mmulandi
3247 1399 3460 1457 essent;

1898 1501 2202 1556 magnaque
2227 1500 2353 1556 spes
2382 1485 2661 1556 aﬂ‘ulgeret
2681 1527 2694 1553 ,
2734 1486 2848 1540 lore
2879 1495 2938 1539 ut
2969 1485 3296 1556 quandoque
3323 1484 3464 1538 mala

1899 1585 2197 1642 cessarent,
2223 1590 2348 1632 cum
2399 1592 2588 1631 clunes
2641 1575 2913 1646 sapientes
2940 1575 3263 1630 evasissent.
3299 1575 3466 1644 quue

1900 1667 2258 1730 adeoJesus
2324 1667 2459 1723 mihi
2517 1667 2896 1724 considerasse
2955 1668 3206 1733 videtur;
3263 1683 3326 1722 ac
3395 1683 3463 1722 ne

1898 1763 2050 1834 plebs
2092 1763 2393 1826 rusticana,
2425 1762 2708 1832 agricolae,
2754 1761 2916 1825 fabri,
2944 1761 3296 1825 czementarii,
3329 1762 3490 1836 reli-p

225 1851 337 1904 ἀπὸ
380 1851 488 1904 τῶν
539 1851 758 1922 τεχνῶν,
802 1853 974 1906 κοινὸν
1014 1853 1284 1924 συνέδριον
1317 1855 1534 1908 καθίσαι
1577 1855 1794 1908 πάντων

1910 1856 2098 1926 ιιιὶῳιθ
2118 1854 2357 1910 artiﬁces
2373 1866 2426 1910 et
2442 1855 2738 1910 mechanici
2763 1870 2793 1909 a
2816 1854 2962 1910 bono
2985 1862 3237 1910 extorres
3263 1864 3465 1924 essent,

224 1944 395 2014 ὁμοῦ·
449 1947 542 1998 καὶ
583 1946 669 2000 διὰ
710 1945 896 2002 ἁπλῶν
944 1947 1037 2002 καὶ
1085 1948 1322 2002 εὕκόλων
1359 1948 1665 2015 διαλέξεων,
1701 1950 1794 2002 καὶ

225 2037 308 2097 είς
347 2034 481 2088 Θεοῦ
524 2035 728 2089 ἔννοιαν
769 2038 964 2100 αὐτοὺς
995 2038 1405 2110 ἀπενηνοχέναι,
1452 2039 1665 2094 καὶτοῦ
1696 2058 1792 2094 κα-

225 2127 322 2180 λοῦ
348 2129 426 2191 είς
460 2127 752 2198 ἐπιθυμίαν
782 2128 956 2182 ἐλθεῖν
990 2131 1230 2184 ποιῆσαι.

1899 1965 2188 2005 commune
2219 1949 2463 2004 omnium
2515 1949 2678 2004 simul
2721 1947 2988 2004 conﬂassc
3017 1947 3341 2014 concilium;
3404 1962 3467 2001 ac

1900 2044 2163 2116 simplicis
2221 2044 2504 2113 facilisque
2545 2042 2765 2112 alloquii
2813 2042 3318 2103 dissertationibus,
3349 2047 3466 2094 tum

1899 2135 1956 2188 in
1978 2134 2070 2189 Dei
2097 2150 2192 2190 eos
2219 2149 2440 2190 sensum
2462 2136 2742 2198 extulisse,
2773 2143 2885 2190 tum
2911 2135 2964 2189 in
2989 2134 3119 2190 boni
3145 2133 3468 2202 honestique

1897 2225 2224 2282 desiderium
2249 2226 2560 2282 adduxisse.

227 2333 361 2388 Car.
394 2330 556 2388 XVII.
591 2332 876 2406 Exagitala
901 2333 1237 2390 Manichaica
1273 2338 1435 2392 virtus
1461 2337 1513 2389 in
1547 2335 1792 2419 Materia.
1816 2338 1875 2392 Si
1903 2356 2009 2462 uya
2029 2340 2196 2394 virtus
2217 2350 2394 2395 creata
2422 2341 2533 2396 sine
2565 2339 2816 2407 Materia,
2845 2349 2894 2395 et
2923 2340 3158 2412 reliquas.
3201 2339 3381 2396 Virtus
3413 2339 3468 2394 in

1595 2418 1815 2461 materia
1837 2425 1934 2462 exn
1961 2428 2074 2462 osa.

1595 2418 1815 2461 materia
1837 2418 2074 2481 explosa.

315 2520 471 2575 Ἀλλὰ
495 2521 601 2591 γὰρ
627 2519 844 2573 πώποτε
878 2521 1092 2588 λέγεται
1113 2521 1173 2574 τὸ
1199 2520 1554 2590 καταπέμψαι
1583 2520 1679 2591 τὴν
1708 2520 1798 2574 δύ-

226 2629 393 2682 ναμιν
430 2612 528 2684 τὴν
565 2613 714 2666 θείαν
745 2615 773 2666 ὁ
823 2613 955 2676 Θεὸς
997 2613 1087 2665 ἐπὶ
1113 2612 1208 2683 τὴν
1254 2612 1417 2682 ὕλην;
1463 2613 1523 2664 Εἰ
1560 2613 1656 2682 μὲν
1689 2613 1797 2683 γὰρ

227 2700 300 2776 ἦν
331 2705 439 2767 ἀεὶ,
481 2703 576 2757 καὶ
612 2703 733 2756 οὕτε
764 2705 792 2756 ὁ
819 2703 950 2768 Θεὸς
990 2704 1254 2775 πρότερος
1286 2704 1453 2774 αὐτῆς
1483 2705 1797 2769 ἐπινοεῖται,

226 2795 354 2852 οὕτε
379 2797 412 2868 ἡ
453 2797 576 2868 ὕλη,
612 2799 760 2868 τρεῖς
799 2796 959 2850 πάλιν
988 2798 1156 2860 οὕτως
1181 2798 1316 2850 εἰσὶν
1350 2798 1516 2868 ἀρχαὶ
1543 2797 1682 2849 κατὰ
1709 2797 1798 2849 τὸν

228 2891 547 2960 Μανιχαῖον·
573 2890 712 2959 τάχα
745 2889 800 2942 δὲ
829 2890 921 2942 καὶ
946 2889 1252 2959 πάμπολλαι
1283 2890 1608 2959 φανήσονται
1631 2889 1797 2956 ὀλίγω

230 2982 476 3054 ὕστερον.
512 2983 570 3035 Ei
592 2981 635 3033 δ’
654 2983 946 3054 ἐπιγενητή
982 2999 1096 3045 πως
1122 2982 1257 3046 ἐστὶ,
1282 2981 1397 3044 πῶς
1420 2981 1552 3052 ὕλης
1571 2981 1796 3053 ἄμοιρος

229 3075 402 3145 αὐτή;
427 3075 490 3127 Εἰ
532 3073 589 3128 δὲ
622 3074 785 3144 μέρος
821 3075 936 3126 ἐστὶ
971 3074 1063 3127 τοῦ
1095 3073 1248 3139 Θεοῦ,
1283 3073 1496 3144 πρῶτον
1533 3072 1630 3144 μὲν
1674 3071 1798 3125 σύν-

1971 2524 2277 2591 Enimvero,
2299 2525 2642 2595 quandonam
2694 2525 2846 2579 aiunt
2879 2523 3047 2579 Deum
3087 2522 3328 2579 divinam
3350 2523 3467 2580 vir-

1897 2624 2069 2672 tutem
2103 2619 2317 2674 misisse
2349 2619 2404 2672 in
2433 2615 2907 2672 materiam?Nam
2935 2614 2980 2673 si
3002 2626 3217 2687 semper
3246 2624 3383 2680 erat,
3401 2631 3468 2670 ac

1898 2726 2075 2781 neque
2105 2710 2247 2766 Deus
2276 2711 2424 2780 prior
2457 2709 2549 2763 illa
2591 2708 2910 2778 intelligitur
2933 2751 2948 2777 ,
2983 2724 3161 2780 neque
3197 2709 3466 2775 materia;

1900 2805 1980 2858 sic
2011 2819 2202 2859 rursus
2241 2819 2307 2858 ex
2337 2802 2617 2858 Maniclizei
2650 2800 2898 2856 doctrina
2941 2802 3046 2856 tria
3074 2809 3236 2857 erunt
3265 2801 3472 2872 princi-

1903 2895 2014 2965 pia.
2053 2892 2216 2950 Forte
2240 2910 2368 2950 vero
2389 2895 2551 2950 etiam
2582 2895 2741 2963 longe
2790 2893 3020 2962 plurima
3047 2892 3210 2962 paulo
3235 2899 3359 2962 post
3386 2891 3469 2946 vi-

1903 2987 2194 3041 debuntur.
2242 2986 2335 3042 Sin
2367 2996 2546 3043 autem
2595 2987 2888 3042 adventitia
2926 2993 3011 3041 est
3041 2991 3097 3039 et
3135 2999 3257 3055 quae
3284 2992 3471 3053 postea

1901 3081 2188 3144 exstiterit,
2217 3096 2451 3149 quonam
2486 3078 2647 3134 modo
2688 3079 2927 3135 materia:
2981 3092 3176 3148 expers
3219 3076 3472 3132 exsistit?

228 3166 386 3220 θετον
417 3167 512 3218 καὶ
545 3167 851 3237 σωματικὸν
890 3167 1276 3236 ἀποφαίνουσιν
1305 3166 1478 3230 οὕτως
1506 3167 1596 3220 τὸν
1627 3165 1758 3219 Θεὸν
1783 3182 1796 3194 ·

1910 3170 2062 3239 Quod
2099 3140 2298 3227 si-D'ei
2358 3181 2565 3241 partem
2623 3176 2907 3235 statuunt,
2961 3140 3198 3238 primum
3250 3165 3472 3238 quidem

229 3257 390 3311 τοῦτο
420 3257 476 3311 δὲ
508 3258 705 3312 ἄτοπον
730 3259 824 3312 καὶ
845 3259 1122 3314 ἀδύνατον.
1153 3261 1216 3312 Εἰ
1241 3260 1296 3312 δὲ
1327 3259 1578 3328 ἐποίησεν
1607 3256 1798 3328 αὐτὴν,

232 3352 331 3404 καὶ
369 3349 501 3422 ὕλης
538 3350 761 3423 ἄμοιρός
791 3351 927 3414 ἐστι,
956 3349 1220 3421 θαυμάζω
1291 3350 1400 3413 πῶς
1430 3351 1529 3403 οὐκ
1566 3350 1803 3420 ὲσκόπη-

233 3458 358 3507 σαν,
391 3440 513 3495 οὕτε
542 3435 716 3509 οὗτος,
742 3442 863 3495 οὕτε
896 3444 944 3496 οἱ
970 3443 1065 3497 ἀπ’
1089 3442 1317 3507 ἐκείνου,
1346 3445 1451 3505 ὅτι,
1475 3444 1523 3495 εί
1555 3443 1618 3512 (ὂ
1650 3441 1802 3511 λέγε-

231 3555 326 3592 ται
356 3537 497 3592 κατὰ
539 3537 637 3608 τὴν
676 3537 846 3609 ἀληθῆ
879 3537 1054 3603 δόξαν,
1082 3539 1162 3591 ὅτι
1195 3537 1263 3592 τὰ
1293 3536 1509 3607 ἑφεξῆς,
1547 3537 1800 3607 μένοντος

232 3629 333 3683 τοῦ
378 3628 535 3694 Θεοῦ,
586 3629 934 3691 ὑποστάσεως
975 3628 1137 3699 είσὶ,)
1190 3630 1287 3700 τὴν
1327 3629 1553 3699 δυνάμιν
1599 3628 1801 3698 ταύτην

235 3720 461 3794 ἐποίησε
496 3721 820 3793 βουληθεὶςό
856 3721 1006 3786 Θεὸς,
1042 3719 1159 3784 πῶς
1197 3722 1316 3792 οὕχὶ
1357 3723 1450 3774 καὶ
1489 3719 1595 3774 τῶν
1623 3719 1798 3773 ἄλλων

237 3812 494 3867 ἁπάντων
520 3811 627 3865 τῶν
668 3812 967 3882 γενομένων
1012 3811 1180 3876 αἴτιος
1217 3813 1450 3881 ἐγένετο,
1481 3811 1632 3865 οὐδὲν
1672 3810 1805 3880 ὕλης

236 3903 696 3976 προϋπαρχούσης
740 3904 1122 3976 προσδεηθείς;
1163 3905 1243 3958 Τὰ
1284 3907 1381 3976 μὲν
1413 3905 1476 3976 δὴ
1506 3906 1805 3976 φαινόμενα

238 3997 416 4052 ἄτοπα
445 4001 509 4051 ἐκ
535 3998 724 4051 τούτου
752 3999 995 4062 τοιαῦτα,
1028 3999 1266 4068 ἑπόμενα
1297 3999 1354 4052 δὲ
1384 3998 1452 4052 τὰ
1483 3998 1626 4070 ὲξῆς.

1907 3265 1988 3320 sic
2016 3263 2298 3319 sentiendo
2330 3261 2500 3318 Deum
2526 3263 2886 3332 compositum
2907 3273 3337 3331 corporeumque
3356 3265 3471 3312 tra-

1907 3356 2061 3410 dunt.
2091 3354 2256 3424 Atqui
2306 3352 2409 3408 hoc
2454 3353 2747 3408 absurdum
2801 3361 2885 3408 cst
2931 3367 3032 3407 nec
3063 3366 3296 3422 usquam
3349 3365 3473 3406 esse

1907 3447 2100 3518 possit.
2135 3445 2233 3500 Sin
2285 3453 2463 3500 autem
2501 3461 2621 3501 eam
2655 3444 2932 3507 condidit,
2985 3459 3052 3499 ac
3105 3443 3345 3500 materiai
3376 3458 3474 3497 ex-

1907 3556 2032 3611 pers
2066 3538 2300 3602 exsistit,
2331 3538 2501 3593 miror
2532 3538 2806 3608 quomodo
2848 3551 2958 3591 non
2986 3535 3336 3597 attenderint,
3369 3551 3472 3591 nec

1907 3631 2024 3702 ipse
2048 3646 2150 3686 nec
2188 3630 2310 3701 ejus
2337 3628 2613 3699 discipuli,
2643 3628 2787 3699 quod
2819 3629 2865 3684 si
2903 3627 2982 3700 (ut
3012 3629 3071 3682 in
3097 3642 3225 3682 vera
3253 3633 3476 3684 sentenq

1908 3723 1981 3778 tia
2011 3721 2232 3784 dicitur,
2265 3735 2385 3790 quae
2417 3718 2670 3789 deinceps
2699 3725 3117 3781 sunt,manente
3139 3714 3270 3783 Deo,
3303 3715 3482 3786 hypo-.

1907 3821 2082 3870 stases
2108 3813 2257 3884 sunt)
2284 3813 2427 3866 hanc
2453 3810 2601 3866 Deus.
2623 3811 2872 3865 virtutem
2906 3809 3183 3864 voluntate
3209 3807 3491 3874 condidit,‘

1909 3904 2182 3976 quomodo
2207 3918 2317 3958 non
2341 3903 2504 3959 etiam
2539 3902 2870 3972 reliquorum
2905 3899 3147 3955 omnium
3175 3914 3296 3969 qua:
3327 3897 3473 3952 facta

1911 4002 2059 4060 sunt,
2083 4001 2276 4049 auctor
2303 3994 2424 4060 fuit,
2451 3994 2599 4048 nulla
2630 3993 2679 4048 ei
2701 3992 3011 4047 necessaria
3050 3992 3278 4046 materia
3302 4030 3317 4057 ,
3354 4005 3476 4063 quae

241 4097 369 4146 ante
396 4091 697 4146 exstiterit?
730 4089 854 4146 Haec
886 4092 1163 4146 enimvero
1202 4107 1323 4161 qua:
1355 4107 1421 4146 ex
1469 4107 1532 4145 ea
1571 4090 1844 4161 opinione,
1896 4095 2156 4160 apparent
2191 4087 2465 4154 absurda;
2515 4101 2637 4158 qua:
2662 4101 2790 4142 vero
2823 4093 3145 4156 sequuntur,
3175 4084 3266 4140 hic
3320 4083 3476 4140 dein—

239 4165 373 4254 cep.s
398 4185 593 4256 posita.

314 4273 460 4350 τΑρά
482 4297 545 4349 γε
580 4279 686 4352 γὰρ
730 4281 890 4350 φύσιν
931 4277 1074 4352 εἶχεν
1111 4283 1144 4353 ὴ
1175 4280 1402 4352 δύναμις
1441 4285 1553 4354 ρεῖν
1584 4282 1676 4335 ἐπὶ
1709 4281 1805 4353 τὴν

244 4365 407 4442 ὕλην;
429 4373 492 4425 Ei
522 4373 669 4443 παρὰ
691 4374 848 4441 φύσιν
871 4369 938 4445 ἦν
962 4375 1095 4445 αὑτῇ
1117 4373 1296 4440 τοῦτο,
1317 4375 1434 4437 πῶς
1454 4369 1546 4426 οὖν
1572 4373 1768 4444 ἐμίχθη
1789 4390 1802 4436 ;

241 4464 309 4516 Εί
354 4461 412 4516 δὲ
445 4466 584 4518 κατὰ
622 4465 780 4534 φύσιν
814 4461 880 4537 ἦν
919 4468 1052 4538 αὐτῇ
1093 4466 1268 4527 τοῦτο,
1313 4467 1528 4530 πάντως
1574 4484 1674 4519 που
1717 4467 1808 4519 καὶ

241 4555 332 4610 ἀεὶ
361 4556 456 4609 σὺν
482 4559 546 4626 τῇ
577 4555 676 4630 ὕλῃ
704 4553 788 4628 ἦν.
825 4558 888 4616 Εἰ
918 4558 972 4612 δὲ
999 4557 1176 4623 τοῦτο,
1208 4557 1325 4620 πῶς
1351 4561 1516 4610 κακὸν
1552 4558 1650 4628 τὴν
1677 4557 1808 4627 ὕλην

245 4647 762 4719 προσαγορεύουσιν,
809 4650 987 4720 μίγμα
1031 4644 1195 4702 οὖσαν
1232 4647 1291 4713 ἐξ
1326 4649 1497 4720 ἀρχῆς
1533 4648 1667 4718 πρὸς
1710 4647 1808 4719 τὴν

242 4737 393 4791 θείαν
415 4738 642 4811 δύναμιν
662 4757 676 4804 ;
695 4740 819 4804 Πῶς
838 4741 1192 4812 φθαρήσεται,
1220 4740 1504 4812 μιχθείσης
1526 4739 1626 4807 τῆς
1661 4738 1810 4802 θείας

240 4829 547 4900 δυνάμεως,
581 4833 716 4902 πρὸς
756 4834 924 4905 αὐτὴν
967 4834 1400 4904 ἀποχωρησὼτης
1435 4833 1597 4897 ποτὲ;
1637 4833 1811 4884 Ἐσω-

241 4921 305 4986 Cc
337 4923 401 4994 δὴ
439 4924 550 4996 γὰρ
591 4925 660 4978 τὰ
699 4924 857 4986 καλὰ,
889 4926 983 4987 καὶ
1012 4925 1200 4996 ἐτέρου
1234 4924 1377 4987 τινὸς
1419 4923 1625 4992 ἀγαθοῦ
1660 4924 1806 4976 αἰτία

240 5013 527 5084 γίγνεσθαι
555 5009 635 5078 οἷς
667 5014 731 5068 ἂν
756 5019 923 5086 παρῇ,
954 5015 1191 5084 εὕλογον,
1227 5014 1260 5084 ἢ
1302 5013 1650 5086 διαφθορὰνῆ
1685 5013 1810 5067 ἄλλο

238 5125 293 5160 τι
325 5107 494 5165 κακὸν
523 5107 705 5181 ἕτερον
736 5110 958 5176 ἐπάγειν
983 5109 1182 5170 αὐτοῖς.

1983 4277 2124 4348 Ergo
2156 4277 2268 4333 haec
2292 4276 2508 4332 virtutis
2528 4281 2724 4330 natura
2751 4274 2850 4329 fuit
2871 4280 3033 4343 atque
3053 4272 3264 4329 indoles
3293 4279 3354 4328 ut
3372 4272 3486 4326 σίτῳ.

1914 4371 2104 4426 ﬂueret
2133 4370 2188 4423 in
2216 4367 2541 4422 materiam?
2573 4365 2629 4420 Si
2661 4373 2856 4436 prazter
2897 4373 3145 4419 naturam
3177 4371 3313 4429 erat,
3337 4377 3477 4431 quo-

1840 4445 1883 4498 Ῑ)
1911 4477 2037 4515 nam
2070 4459 2236 4530 igitur
2263 4458 2422 4513 modo
2445 4457 2524 4512 illi
2553 4459 2840 4511 commista
2889 4455 3018 4516 est?
3049 4453 3147 4507 Sin
3195 4459 3377 4506 autem
3408 4466 3481 4508 ex

1908 4561 2123 4615 natura,
2155 4550 2377 4605 omnino
2405 4550 2564 4620 plane
2589 4555 2642 4603 et
2671 4561 2887 4618 semper
2925 4562 3014 4600 res
3046 4543 3123 4598 illi
3155 4557 3278 4598 cum
3307 4548 3479 4596 mate-

1907 4646 1990 4698 ria
2021 4651 2157 4707 erat,
2186 4656 2250 4697 ac
2295 4641 2400 4710 ipsi
2435 4655 2618 4696 comes
2648 4646 2787 4693 erat.
2836 4637 2892 4692 Id
2941 4644 3121 4689 autem
3161 4633 3210 4689 si
3243 4633 3318 4686 ita
3351 4637 3434 4686 est
3456 4669 3482 4694 ,_

1910 4733 2041 4805 quid
2078 4749 2258 4787 causae
2279 4739 2362 4786 est
2390 4746 2490 4784 cur
2527 4729 2808 4783 materiam
2832 4727 3034 4781 malum
3067 4723 3325 4790 vocitent,
3354 4735 3481 4790 qua)

1912 4843 1942 4881 a
1977 4825 2242 4898 principio
2261 4838 2385 4878 cum
2412 4821 2590 4876 divina
2619 4820 2816 4874 virtute
2836 4817 3145 4879 commista,
3168 4813 3289 4884 ejus
3317 4818 3477 4866 nacta

1851 4938 1866 4949 '
1907 4918 2293 4977 commercium
2343 4916 2470 4971 est?
2520 4913 2766 4980 Quonam
2813 4926 2942 4966 vero
2973 4908 3134 4967 modo
3161 4907 3324 4964 etiam
3352 4918 3478 4958 cor--

1907 5016 2213 5078 rumpetur,
2239 5006 2423 5061 divina
2452 5005 2670 5066 virtute,
2703 5017 2825 5074 qua:
2854 5001 3086 5059 admista
3114 5005 3233 5054 erat
3255 5036 3270 5061 ,
3316 4995 3384 5049 ad
3417 5010 3477 5050 se

1909 5103 2084 5173 ipsam
2137 5098 2461 5170 quandoque
2512 5095 2830 5152 secedente?
2877 5093 3008 5161 Quae
3043 5091 3186 5147 enim
3219 5090 3361 5144 bona
3391 5102 3479 5142 es-

243 5213 368 5261 sent
415 5185 708 5262 incolumia
755 5204 1026 5266 servabat,
1078 5203 1408 5261 conveniens
1440 5209 1500 5256 ut
1531 5209 1585 5256 et
1640 5201 1863 5258 alterius
1913 5199 2194 5267 cujusdam
2253 5196 2421 5262 boui,
2473 5194 2673 5264 quibus
2725 5191 2916 5255 adest,
2979 5196 3170 5247 auctor
3218 5184 3478 5252 easistat,

241 5316 409 5371 quam
449 5311 506 5354 ut
535 5300 935 5369 corruptionem
971 5300 1052 5353 vel
1094 5299 1236 5353 aliud
1268 5300 1554 5370 quodpiam
1606 5298 1806 5351 malum
1845 5299 1953 5351 illis
1978 5295 2216 5350 inducat.

387 5414 518 5469 CAP.
548 5411 734 5468 XVIII.
771 5411 1184 5467 Manicha’orum
1211 5414 1404 5468 solutio
1436 5422 1484 5466 et
1515 5412 1793 5466 instantia.
1823 5409 1964 5465 Scite
2001 5407 2069 5461 ad
2095 5407 2355 5460 hominem
2391 5403 2453 5458 de
2485 5403 2718 5468 Maneto,
2745 5403 2836 5473 qui
2865 5403 2974 5472 ipse
3001 5403 3054 5455 in
3089 5403 3334 5456 materia.

315 5533 390 5585 Τὸ
433 5532 533 5602 μὲν
576 5531 683 5602 γὰρ
715 5529 778 5601 δὴ
833 5530 994 5600 σοφὸν
1039 5531 1101 5583 τὺ
1148 5529 1435 5600 λεγόμενον
1486 5530 1577 5582 ὑπ’
1628 5528 1806 5582 αὐτῶν

244 5622 421 5676 ἐκεῖνό
466 5623 632 5674 ἐστιν·
681 5621 823 5680 Ὅτι,
861 5620 1048 5691 ὥσπερ
1091 5619 1324 5692 ὁρῶμεν,
1367 5620 1462 5690 τῆς
1500 5619 1680 5690 ψυχῆς
1715 5618 1808 5671 τοῦ

247 5713 500 5785 σώματος
528 5711 971 5786 ἀποζευχθείσης,
997 5712 1056 5766 τὸ
1086 5711 1242 5782 σῶμα
1263 5710 1391 5764 αὐτὸ
1423 5710 1810 5781 ἀπολλύμενον,

249 5807 394 5861 οὕτω
433 5805 527 5859 καὶ
570 5805 668 5875 τῆς
711 5805 986 5875 δυνάμεως
1020 5804 1247 5874 ἀφείσης
1293 5805 1390 5874 τὴν
1424 5803 1574 5873 ὕλην,
1617 5803 1673 5858 τὸ
1705 5804 1814 5858 λει-

1984 5522 2186 5578 Eorum
2220 5521 2307 5577 hic
2350 5528 2600 5591 argutum
2633 5533 2958 5591 responsum
2988 5531 3051 5571 ac
3079 5515 3296 5580 evasio;
3329 5527 3482 5566 nem-

1917 5633 2002 5686 pe,
2027 5615 2169 5672 sicut
2201 5613 2445 5670 videmus
2479 5613 2661 5667 anima
2699 5611 2943 5681 sejuncta
2969 5625 2999 5664 a
3025 5622 3252 5677 corpore
3278 5619 3482 5672 corpus

1919 5709 2095 5780 ipsum
2129 5705 2336 5776 perire;
2369 5705 2450 5761 sic
2475 5705 2638 5760 etiam
2671 5705 2761 5759 ubi
2792 5704 2964 5759 virtus
2996 5701 3300 5760 materiam,
3334 5694 3481 5766 quod

1921 5801 2188 5870 reliquum
2217 5799 2338 5864 erit,
2369 5798 2538 5870 ipsam
2565 5797 2814 5856 videlicet
2842 5795 3118 5852 materiam
3155 5790 3495 5850 dissolutum
