3862 6158
401 375 509 438 δὸὄ

1414 326 1821 425 ΑιΕΧᾸΝυειι
1853 365 2162 424 EPISCOPI
2198 361 2703 422 LYCOPOLITANI

3538 358 3647 412 456

404 489 475 548 iri
511 498 577 542 ac
605 483 924 558 perituram.
956 484 1199 540 Primum
1242 481 1460 554 quidem
1493 497 1604 537 non
1636 480 1978 537 animadver-

2091 479 2331 550 πιόμενον,
2355 478 2492 550 ὅπερ
2517 476 2664 531 ἐστὶν
2691 475 2724 546 ἡ
2753 472 2872 545 ὑλη,
2902 470 3145 527 διαλυθὲν
3171 469 3464 542 οἱχήσεται;
3487 468 3652 558 Πρῷ-

406 587 531 637 tunc
551 617 569 646 ,
618 577 737 636 ﬁeri
768 591 876 637 non
914 591 1078 649 posse
1126 584 1185 632 ut
1220 577 1331 631 ulla
1374 590 1462 630 res
1494 574 1552 629 in
1582 576 1690 629 non
1723 589 1822 629 ens
1853 588 1977 629 cor-

404 679 710 745 rumpatur.
737 670 856 728 Non
883 686 984 729 ens
1012 671 1156 727 enim
1187 686 1299 727 non
1331 679 1436 727 est.
1475 668 1767 741 Dissipatis
1796 676 1977 724 autem

407 765 754 836 corporibus,
784 780 849 821 ac
877 779 1001 820 cum
1031 763 1112 819 eis
1141 762 1371 817 mutatio
1402 762 1648 833 quaedam
1696 760 1975 825 acciderit,

407 858 819 925 dissolvuntur;
853 857 992 915 adeo
1022 865 1084 912 ut
1128 857 1326 928 partim
1375 855 1434 909 in
1489 861 1692 910 terram
1741 853 1976 919 cedant,

405 948 609 1019 partim
641 946 697 1001 in
727 960 929 1011 aerem,
959 945 1266 1017 partimque
1292 945 1351 1000 in
1374 943 1522 999 aliud
1546 943 1846 1015 quidpiam.

476 1036 745 1094 Praeterea
771 1052 882 1092 non
908 1038 1292 1104 meminerunt,
1325 1036 1521 1094 docere
1552 1035 1675 1093 illos
1698 1036 1979 1092 materiam

404 1138 614 1187 motum
638 1129 1009 1186 inordinatum
1048 1145 1190 1187 esse.
1220 1129 1375 1196 Quod
1430 1137 1611 1187 autem
1661 1129 1749 1185 sui
1799 1128 1981 1199 ipsum

403 1222 618 1278 ratione
649 1231 919 1288 movetur,
943 1228 998 1277 et
1018 1221 1177 1291 cujus
1205 1221 1453 1293 essentia
1498 1230 1679 1277 motus
1711 1228 1795 1276 est
1816 1259 1832 1285 ,
1879 1233 1983 1274 nec

404 1329 504 1387 per
528 1313 783 1369 accidens
803 1312 883 1367 illi
906 1314 1185 1383 competit,
1230 1328 1468 1384 quanam
1504 1315 1597 1369 ﬁat
1641 1314 1888 1377 ratione,
1920 1318 1983 1366 ut

405 1403 735 1461 abscedente
757 1404 976 1468 virtute,
1006 1404 1060 1459 id
1090 1403 1238 1475 quod
1274 1412 1426 1468 erat,
1476 1411 1602 1460 ante
1628 1407 1790 1461 etiam
1816 1417 1984 1474 quam

404 1495 660 1552 virtus-in
690 1496 871 1564 ipsum
901 1494 1275 1560 descenderet,
1307 1511 1430 1552 esse
1458 1494 1716 1552 desinat?
1755 1494 1867 1551 Nec
1902 1495 1985 1549 vi-

406 1589 537 1646 dent
566 1587 947 1657 diﬂ‘erentiam,
966 1588 1112 1662 quod
1125 1604 1286 1644 omne
1312 1604 1513 1659 corpus
1534 1603 1731 1658 expers
1763 1589 1980 1656 animae,

405 1679 684 1737 immobile
705 1682 809 1738 'sit.
862 1680 998 1736 Nam
1047 1686 1102 1737 et
1147 1680 1347 1751 stirpes
1384 1681 1621 1735 animam
1653 1680 1856 1736 habent
1891 1694 1985 1734 ve-

406 1768 717 1838 getabilem.
758 1768 941 1841 Ipsum
973 1785 1103 1826 vero
1131 1778 1362 1835 motum,
1395 1770 1747 1841 quantumvis
1770 1771 1982 1827 inordi-

2075 588 2168 627 τον
2214 570 2312 643 μὲν
2343 569 2450 642 γὰρ
2484 569 2583 640 οὑχ
2617 567 2835 641 ὁρῶσιν,
2874 565 2955 619 ὅτι
2987 563 3095 618 τῶν
3140 562 3307 617 ὄντων
3344 562 3495 616 οὐδὲν
3534 556 3651 617 οἷόν

2077 663 2226 716 ἐστιν
2270 658 2584 731 φθείρεσθαι
2618 660 2706 721 ἐίς
2742 656 2804 710 τὸ
2852 654 2927 727 μὴ
2963 654 3040 708 ὅνο
3078 653 3142 707 τὸ
3182 652 3291 724 γὰρ
3332 652 3407 724 μὴ
3455 651 3514 706 δν
3545 652 3653 706 οὑκ

2078 758 2216 813 ἐστι.
2257 753 2760 810 Διασκεδασθὲντων
2792 751 2851 805 δὲ
2902 748 3012 803 τῶν
3043 749 3326 819 σωμάτων,
3361 748 3455 801 καὶ
3480 763 3651 818 μετα-

2079 850 2241 922 ϐολήν
2276 865 2399 903 τινα
2446 847 2702 918 σχόντων,
2743 842 2984 904 διάλυσις
3012 840 3238 909 γίνεταν
3274 837 3414 891 ὥστε
3449 837 3509 889 τὸ
3546 836 3650 906 μὲν

2079 945 2161 1007 είς
2185 941 2290 1012 γῆν
2331 937 2606 1001 ἀπελθεῖν,
2642 937 2704 989 τὸ
2730 935 2788 989 δὲ
2820 936 2899 997 είς
2929 931 3089 1001 ἀέρα,
3126 930 3187 983 τὸ
3206 929 3270 982 ίδὲ
3304 930 3385 992 εἰς
3415 926 3544 987 ἄλλο
3568 943 3646 979 τι.

2154 1035 2385 1088 Ἔπειτα
2432 1032 2490 1085 δὲ
2539 1032 2599 1084 οὑ
2652 1029 2973 1099 μέμνηνται,
3022 1023 3103 1076 ὅτι
3148 1021 3359 1094 κίνησιν
3415 1019 3652 1073 ἄτακτον

2080 1125 2420 1181 ὑποτίθενται
2442 1120 2578 1177 εἶναι
2601 1122 2698 1193 τὴν
2720 1119 2870 1190 ὓλην.
2900 1118 2973 1172 Τὸ
2993 1116 3050 1170 δὲ
3064 1116 3131 1168 δι’
3152 1113 3281 1168 αὑτὸ
3309 1109 3650 1182 κινούμενον,

2081 1217 2176 1272 καὶ
2206 1211 2267 1271 οὑ
2295 1218 2441 1269 ἐστιν
2469 1214 2624 1269 οὑσία
2657 1214 2690 1283 ἡ
2720 1212 2954 1282 κίνησις,
2981 1207 3118 1261 ἀλλὰ
3154 1204 3229 1276 μὴ
3270 1203 3411 1257 κατά
3441 1200 3652 1272 συμϐε-

2082 1307 2250 1381 ϐηκὸς
2295 1306 2531 1377 ὑπάρχει
2581 1301 2749 1373 αὑτῷ,
2795 1301 2914 1364 πῶς
2953 1297 3193 1381 εὑλογον,
3229 1294 3328 1364 τῆς
3369 1291 3654 1381 δυνάμειος

2082 1377 2436 1469 ἀπελθούσης,
2480 1392 2791 1448 παύσασθαι
2819 1389 2912 1443 τοῦ
2952 1389 3088 1459 ὅπερ
3132 1379 3222 1456 ἦν,
3251 1382 3381 1453 πρὶν
3423 1380 3518 1434 καὶ
3550 1377 3656 1469 τῂν

2081 1488 2308 1559 δύναμιν
2328 1466 2408 1550 είς
2430 1484 2561 1541 αὑτὸ
2589 1479 2901 1546 κατελθεῖν;
2933 1477 3043 1547 Οὐχ
3071 1473 3237 1547 δρῶσι
3263 1471 3321 1524 δὲ
3347 1470 3407 1523 τὸ
3440 1466 3655 1539 παραλ-

2081 1582 2294 1645 λάττον,
2325 1580 2408 1632 ὅτι
2433 1578 2541 1632 πᾶν
2575 1574 2672 1647 μὲν
2704 1572 2882 1643 σῶμα,
2902 1568 3080 1639 ψυχῆς
3101 1565 3346 1636 ἄμοιρον,
3373 1560 3653 1630 ἀκίνητον.

2087 1675 2238 1745 Ἔχει
2265 1670 2374 1743 γὰρ
2401 1670 2495 1727 καὶ
2521 1668 2590 1722 τά
2629 1664 2772 1736 φυτά
2798 1662 2896 1734 τὴν
2932 1657 3162 1731 φυτικὴν
3191 1655 3388 1726 ψυχήν.
3422 1650 3552 1745 ,τῆς
3593 1648 3656 1705 δὲ

2086 1742 2217 1838 ὕλης
2243 1742 2412 1835 αὐτὴν
2437 1760 2536 1833 τὴν
2567 1758 2751 1813 οὐσίαν
2784 1754 2997 1826 κίνησιν
3025 1747 3164 1805 εἶναι
3197 1746 3379 1838 φασιν,
3414 1742 3657 1838 ἄτακτον

405 1866 619 1925 natum,
645 1862 887 1917 materia:
930 1859 1122 1916 dicunt
1153 1874 1277 1917 esse
1327 1861 1712 1918 substantiam.
1743 1860 1824 1915 Ac
1852 1875 1982 1917 vero

2091 1832 2288 1932 μέντοι.
2338 1832 2571 1910 Κάλλιον
2611 1850 2668 1903 δὲ
2711 1843 2801 1919 ἦν,
2847 1845 3097 1914 καθάπερ
3128 1839 3222 1932 επὶ
3259 1836 3450 1932 λύρας,
3484 1832 3661 1932 ἀνάρη

404 1938 525 2007 erat
575 1952 794 2018 melius,
841 1953 990 2009 velut
1034 1952 1090 2008 in
1121 1952 1441 2009 dissonante
1485 1953 1638 2023 lyra,
1690 1952 1984 2009 accedente

405 2041 693 2105 harmonia
716 2043 964 2115 iuitoque
994 2049 1284 2109 concentu,
1311 2044 1576 2114 quidquid
1603 2051 1741 2109 erat,
1774 2045 1984 2100 musice

405 2140 725 2199 consertum
776 2135 1226 2205 modulatumque
1275 2134 1547 2192 efﬁcitur:
1587 2137 1670 2193 sic
1725 2135 1983 2197 nimirum

405 2224 650 2283 divinam
703 2226 964 2283 virtutem
1022 2226 1334 2283 inordinato
1403 2226 1695 2282 admistam
1771 2229 1980 2292 motui,

405 2331 567 2402 quem
602 2317 709 2401 ipsi
737 2319 1022 2375 materiam
1074 2319 1338 2382 sentiunt,
1372 2333 1472 2388 pro
1493 2333 1560 2373 eo
1592 2317 1739 2390 quod
1784 2330 1984 2379 ornatu

405 2409 649 2474 carebat,
684 2409 973 2480 quemdam
1006 2409 1087 2463 illi
1118 2417 1374 2465 ornatum
1405 2408 1668 2478 adjecisse
1689 2449 1704 2473 ,
1747 2423 1812 2464 ac
1839 2424 1984 2465 sem-

405 2515 503 2575 per
531 2501 791 2581 adjicere,
822 2499 1094 2571 ejusmodi
1122 2501 1333 2557 scilicet
1371 2501 1466 2571 qui
1495 2500 1682 2556 divino
1708 2500 1811 2555 rite
1850 2514 1984 2555 con-

405 2603 564 2665 gruat
605 2595 861 2665 tempori.
906 2592 1045 2648 Nam
1091 2608 1314 2664 quaeso,
1367 2594 1715 2664 quandonam
1764 2593 1982 2649 tandem

405 2684 524 2761 ipse
553 2668 911 2755 Manichacus,
944 2689 1006 2737 ut
1026 2681 1094 2737 de
1125 2682 1212 2736 bis
1235 2687 1496 2761 tractaret
1515 2680 1745 2734 idoneus
1774 2675 1895 2742 fuit,
1919 2692 1985 2733 ac

406 2774 626 2848 quando
668 2776 889 2851 demum
931 2773 1119 2845 istbaac
1171 2771 1489 2827 enarravit?
1533 2769 1669 2824 Nam
1708 2776 1763 2825 et
1804 2771 1981 2840 ipsum

407 2865 650 2933 materiae
678 2870 813 2937 tunc
843 2862 1043 2939 migma
1060 2870 1114 2924 et
1144 2862 1361 2918 virtutis
1392 2862 1448 2916 in
1473 2876 1537 2917 ea
1562 2868 1793 2932 receptae
1814 2859 1986 2915 fuisse

407 2957 738 3013 concedunt.
774 2955 901 3011 Sive
924 2942 1098 3027 igitur
1121 2994 1137 3020 ,
1169 2954 1244 3008 ita
1268 2963 1329 3009 ut
1352 2961 1491 3021 erat,
1521 2952 1637 3008 haec
1676 2951 1986 3006 inordinato

370 3112 375 3117 ,
407 3060 560 3120 motu
586 3051 806 3107 locutus
834 3040 1249 3119 est,quomodo
1285 3062 1398 3105 non
1445 3046 1589 3103 mala
1615 3044 1840 3116 opinio?
1872 3045 1987 3101 sive

408 3141 592 3198 divina
652 3141 856 3198 virtute
913 3155 1115 3221 anceps
1178 3137 1512 3213 dubiumque
1573 3136 1770 3207 dogma
1831 3144 1916 3192 est
1966 3153 1983 3191 :

407 3248 473 3290 ea
504 3233 736 3301 ratione,
760 3248 865 3306 qua
898 3239 984 3290 est
1025 3194 1077 3288 εξ
1096 3232 1281 3290 divina
1324 3232 1541 3296 virtute,
1564 3228 1986 3304 veritatiscom-
2012 3194 2054 3253 ϐ

2087 1926 2258 2023 μοστα
2285 1943 2646 2019 μελῳδούσης,
2671 1942 2705 2012 ὴ
2738 1936 2971 2011 ἁρμονία
3000 1929 3228 2023 ἐλθοῦσα
3251 1927 3313 1982 τὸ
3344 1927 3451 2023 πάν
3479 1926 3666 2023 ὴᾼρμοη

2084 2014 2298 2113 σμένον-
2318 2014 2727 2107 ἀπειργάσατο·
2770 2030 2913 2084 οὑτω
2944 2025 3007 2097 δὴ
3052 2021 3335 2095 μιχθεῖσαν
3373 2016 3472 2113 τὴν
3499 2014 3665 2113 θείαν

2082 2133 2309 2203 δύναμιν
2335 2132 2402 2201 τῇ
2437 2106 2669 2196 ἀτάκτῳ
2713 2122 2944 2194 κινήσει,
2982 2119 3118 2187 ὅπερ
3146 2113 3261 2167 ἐστὶ
3289 2109 3407 2165 κατ’
3454 2106 3659 2171 αὑτοὺς

2081 2226 2115 2296 ἡ
2152 2198 2272 2295 ὑλη,
2315 2198 2436 2276 ἀντὶ
2462 2220 2559 2289 τῆς
2592 2214 2818 2284 ὲνούσης
2844 2208 3112 2281 ἀκοσμίας
3143 2205 3346 2275 κόσμον
3372 2199 3493 2296 τινὰ
3514 2198 3657 2296 αὐτῇ

2083 2288 2478 2371 έπιτεθεικέναι
2508 2288 2603 2366 καὶ
2618 2308 2704 2370 ἀεὶ
2737 2303 3000 2359 ἐπιθεῖναι
3030 2296 3123 2353 τοῦ
3145 2296 3287 2352 θείου
3311 2292 3502 2373 χρόνου
3519 2288 3663 2342 ἐτεά-ε

2085 2406 2215 2473 ξιον.
2252 2403 2404 2459 Ἐπεὶ
2429 2400 2547 2464 πῶς
2575 2415 2705 2454 ποτε
2728 2396 2889 2458 αὑτὸς
2914 2395 2942 2447 ὁ
2974 2390 3272 2459 Μανιχαῖος
3293 2383 3420 2473 περὶ
3452 2378 3661 2473 τούτοιν

2084 2467 2303 2566 ἐγένετο
2344 2490 2527 2554 ἱκανὸς
2555 2484 2849 2554 διαλαϐεῖν,
2895 2481 2990 2541 καὶ
3019 2480 3079 2533 τὸ
3113 2476 3243 2531 πότε
3271 2467 3662 2566 αὑτάᾲάφηγήῖ-

2086 2557 2247 2650 caro;
2274 2584 2349 2648 ὡς
2374 2581 2480 2655 γάρ
2513 2581 2692 2652 μίγμα
2724 2576 2917 2647 γέγονε
2943 2572 3038 2627 καὶ
3065 2569 3233 2632 αὑτὸς
3259 2566 3361 2635 τῆς
3383 2562 3541 2655 ὑληςΖ
3567 2557 3664 2623 καὶ

2082 2680 2181 2751 τῆς
2225 2651 2687 2747 ἐναποληφθείσης
2729 2670 2867 2740 αὑτῇ
2915 2663 3218 2735 δυνάμεως,
3260 2651 3659 2751 συ-ίχωροὺσιν.

2235 2765 2348 2832 οὖν,
2382 2737 2625 2834 ὡςέῐχε,
2644 2737 2655 2744 ’
2673 2761 2742 2831 τῇ
2782 2737 3000 2827 ἀτάκτῳ
3036 2753 3245 2823 κινήσει
3274 2737 3447 2802 ταῦτα
3478 2743 3667 2834 ἔλεγε,¹

2084 2859 2203 2925 πῶς
2227 2858 2288 2913 οὑ
2324 2856 2500 2928 φαύλη
2523 2856 2558 2927 ἡ
2581 2852 2734 2919 δόξα;
2760 2849 2869 2905 εἴτε
2887 2851 2953 2919 τῇ
2984 2841 3346 2918 θείᾳλδυνάμει
3365 2833 3663 2928 ἀμφίδοξον

2085 2923 2193 3026 ἤδη
2211 2952 2272 3006 τὸ
2301 2923 2509 3022 δόγμαλ
2654 2945 2752 3018 μὲν
2773 2941 2881 2999 ἀπὸ
2914 2941 3013 3012 τῆς
3039 2937 3190 3000 θείας
3220 2923 3664 3026 δυνάμεως-εἷναι

2089 3022 2314 3118 μέτοχον
2341 3040 2622 3113 ἀληθείας’
2655 3036 2734 3109 τῷ
2775 3036 2832 3090 δὲ
2861 3032 2970 3088 ἀπὸ
3004 3031 3102 3100 τῆς
3136 3026 3367 3118 ἀτάκτου
3393 3022 3666 3118 κινήσεως

2085 3109 2180 3191 τοῦ
2221 3109 2441 3208 ’ἐτέρου-
2468 3133 2665 3205 μέρους
2723 3125 2999 3201 μετέχειν,
3027 3117 3416 3193 μεθιστάμενον
3465 3113 3546 3174 εἰς
3598 3109 3675 3167 τὰ

2084 3230 2297 3300 ψεῦδος.

408 3327 617 3382 mercio
672 3303 944 3399 gaudens;
1003 3340 1112 3396 qua
1156 3340 1287 3383 vero
1331 3324 1398 3379 ab
1426 3322 1736 3381 inordinato
1785 3328 1970 3388 motu,
2001 3322 2227 3380 alterius
2297 3320 2467 3392 partis
2513 3312 2841 3374 commercio
2893 3310 2964 3366 ad
3003 3303 3346 3371 mendacium
3392 3309 3670 3368 vergens,

409 3417 597 3489 illique
628 3417 859 3476 haerens.

408 3530 541 3599 Car.
564 3530 710 3588 XIX.
755 3530 943 3587 Altera
970 3530 1259 3587 Manichwi
1291 3529 1496 3600 Virtus,
1520 3526 1787 3600 prioribus
1818 3527 2066 3600 nouisque
2121 3514 2586 3600 qb‘surdisfetita.
2625 3507 3083 3600 ‘Kirtuggej'ﬁ‘ciens
3113 3512 3165 3560 et
3196 3500 3453 3573 patibilis,
3484 3499 3670 3570 opifer;

1072 3580 1401 3657 ἐῖἦιῖιεὲῖὶὲ
1417 3580 1689 3657 ὶὲἡιὲὶέὶὶι,
1720 3580 1960 3667 Corpora
1979 3580 2289 3649 'Hanichazo
2328 3580 2495 3641 tribus
2519 3582 2757 3654 partibus
2781 3580 3005 3649 digesta.
3632 3638 3645 3647 Ι

482 3687 642 3786 Quod
666 3717 715 3775 si
754 3716 961 3774 dictum
989 3721 1168 3780 esset,
1198 3713 1438 3770 divinam
1467 3711 1727 3779 virtutem
1758 3722 1985 3765 ornasse

2157 3705 2221 3759 El
2244 3703 2302 3757 δὲ
2323 3701 2527 3772 εἴρητο,
2548 3696 2624 3759 ὡς
2649 3696 2683 3765 ή
2708 3692 2830 3748 θεία
2856 3690 3082 3761 δύναμις
3106 3687 3203 3758 τὴν
3223 3682 3354 3786 ὓλην
3381 3680 3666 3786 ἐκόσμησε

412 3814 703 3867 materiam
731 3818 895 3881 atque
916 3815 1146 3871 ornare;
1163 3807 1322 3878 longe
1366 3806 1666 3876 sapientius
1717 3810 1900 3868 esset,
1931 3806 1987 3857 et

2091 3796 2185 3852 καὶ
2215 3770 2437 3864 κοσμεῖ,
2463 3784 2658 3861 μακρῷ
2684 3784 2748 3839 ἂν
2776 3778 2844 3854 ἦν
2871 3779 3209 3881 σοφώτερον,
3229 3774 3325 3828 καὶ
3354 3773 3490 3845 πρὸς
3514 3770 3670 3881 ἀξιοη

414 3900 483 3955 ad
514 3899 675 3954 iidem
715 3898 1000 3969 Manichaei
1040 3897 1303 3953 doctrina:
1329 3911 1393 3951 ac
1423 3894 1766 3952 sermonibus
1803 3892 1987 3957 conci-

2093 3886 2311 3946 πιστίαν
2332 3882 2438 3936 τῶν
2461 3876 2763 3949 Μανιχαίου
2786 3875 2959 3943 λόγων
2981 3889 3043 3925 συ
3052 3863 3662 3969 μϐαλλόμενονήμᾷλλον.

415 3991 659 4053 liandum
681 3991 1099 4049 conducibilius.
1150 3988 1632 4044 Verumenimvero
1660 3986 1822 4040 aliam
1846 3983 1987 4051 Deus

2107 3977 2266 4033 Ἀλλά
2298 3974 2406 4045 γὰρ
2447 3970 2641 4042 ἑτέραν
2673 3967 2899 4036 δύναμιν
2942 3959 3290 4031 κατέπεμψεν
3331 3958 3361 4009 ὁ
3401 3956 3560 4018 Θεός,
3593 3956 3668 4053 ᾏ

415 4097 447 4138 e
478 4081 731 4153 supernis
760 4082 908 4139 misit
940 4081 1220 4134 virtutem.
1255 4076 1396 4133 Sane
1423 4076 1642 4147 quidem
1682 4090 1803 4152 quae
1845 4073 1987 4137 dicta

2101 4070 2199 4142 μὲν
2229 4066 2293 4141 δὴ
2335 4064 2547 4135 εἴρηται
2576 4059 2705 4132 περὶ
2735 4057 2834 4126 τῆς
2871 4052 3139 4125 προτέρας
3176 4049 3481 4150 δυνάμεωςζ
3506 4044 3670 4153 κοινά

417 4181 548 4229 sunt
573 4173 641 4228 de
668 4172 854 4243 priore
879 4172 1096 4230 .virtute
1116 4210 1131 4235 ,
1164 4169 1232 4225 de
1277 4170 1380 4223 hac
1431 4168 1637 4238 pariter
1679 4137 1987 4220 communia

2098 4137 2190 4217 καὶ
2217 4137 2345 4232 περὶ
2373 4156 2576 4225 ταύτης
2600 4152 2714 4205 ὲστί
2730 4168 2742 4180 ·
2769 4149 2864 4202 καὶ
2888 4148 2987 4201 ὅσα
3013 4146 3186 4200 ἄτοπα
3205 4142 3393 4195 ἕπεται
3414 4137 3492 4209 τῷ
3519 4138 3675 4207 λόγῳ⁵

417 4270 585 4325 sunt:
617 4229 910 4333 omniaque
958 4262 1231 4328 absurda,
1261 4229 1554 4331 conjuncta
1607 4258 1871 4314 doctrinae
1925 4257 1987 4321 de

2096 4253 2175 4326 τῷ
2216 4229 2344 4324 περὶ
2382 4250 2483 4320 τῆς
2533 4245 2757 4319 πρώτης
2799 4239 2978 4295 αὐτῶν
3021 4235 3322 4307 δυνάμεως,
3370 4231 3543 4285 ταῦτα
3572 4229 3668 4282 καὶ⁵

416 4355 592 4427 prima
631 4354 852 4409 illorum
882 4355 1120 4420 virtute,
1176 4353 1361 4409 eadem
1395 4361 1449 4409 et
1502 4352 1987 4423 impraesentiarum

2095 4321 2189 4402 νύν
2221 4321 2336 4399 ἐστι
2364 4343 2562 4410 λέγειν.
2590 4332 2664 4391 Τὸ
2690 4337 2745 4388 δὲ
2766 4334 2892 4388 ἀλλο
2911 4332 2993 4395 τίς
3013 4322 3327 4398 ἀνάσχοιτο;
3358 4322 3456 4377 Διά
3486 4321 3678 4427 «suae

418 4414 548 4511 licet
588 4448 801 4520 aﬂ'erre.
855 4448 1016 4517 Aliud
1048 4414 1178 4515 vero
1233 4448 1357 4519 quis
1405 4414 1597 4502 ἴοι-τιυὶ⁸
1617 4444 1819 4512 Quidni
1845 4442 1987 4498 enim

2099 4439 2163 4515 δὴ
2192 4439 2252 4496 οὑ
2285 4437 2463 4501 πάντα
2494 4432 2620 4503 μίαν
2648 4428 2769 4482 τινὰ
2795 4423 3094 4495 δυναμένην
3125 4419 3351 4489 δύναμιν
3383 4414 3669 4520 κατέπεμ-

424 4543 565 4598 Deus
590 4556 757 4607 unam
801 4540 1089 4612 quamdam
1118 4540 1375 4603 virtutem
1420 4538 1602 4601 misit,
1638 4552 1759 4607 quae
1814 4534 1987 4589 omnia

2100 4504 2198 4604 ψεν
2247 4532 2276 4583 ὁ
2319 4526 2484 4590 Θεός;
2532 4524 2594 4587 El
2645 4517 2931 4591 ἀνθρώπου
2983 4514 3106 4577 νοῦς
3149 4510 3319 4573 οὑτως
3369 4507 3486 4561 ἐστὶ
3528 4504 3669 4612 πρὸς

422 4634 644 4703 posset?
663 4632 799 4705 (ἔψη
828 4648 982 4688 mens
1016 4631 1254 4709 humana
1283 4631 1364 4689 sic
1396 4630 1463 4685 ad
1492 4632 1675 4684 omnia
1705 4627 1855 4684 varia
1890 4626 1959 4681 sit
1982 4664 1997 4687 ,

420 4731 483 4785 ut
508 4723 698 4778 eadem
741 4721 1070 4793 geometrica
1101 4720 1330 4783 scientia
1352 4758 1367 4782 ,
1413 4719 1711 4787 eademque
1742 4724 1998 4771 astronov

421 4815 566 4870 mica
597 4822 652 4870 et
672 4814 942 4886 tectonica
971 4811 1196 4883 praedita
1230 4811 1322 4875 sit,
1359 4825 1423 4865 ac
1453 4809 1500 4871 si
1529 4807 1657 4878 quid
1691 4807 1810 4876 ejus
1837 4819 2001 4877 gene-

424 4906 503 4963 ris
531 4911 647 4978 est;
683 4904 753 4958 ad
789 4903 986 4969 incitas
1016 4902 1159 4958 Deus
1192 4900 1445 4965 redactus
1490 4908 1596 4961 est,
1625 4911 1727 4951 nec
1758 4894 2002 4950 invenire

426 4996 603 5066 potuit
632 4996 792 5053 talem
822 4997 1104 5060 virtutem,
1137 5008 1257 5066 quae
1288 4992 1365 5046 illi
1395 4990 1463 5046 ad
1486 4989 1669 5049 omnia
1698 4987 1895 5043 idonea
1918 5001 2003 5043 es-

428 5088 530 5152 set,
549 5094 611 5151 ut
634 5103 747 5155 non
769 5087 945 5163 prima
974 5094 1137 5158 atque
1162 5083 1400 5155 secunda
1423 5081 1724 5153 indigeret?

503 5178 709 5253 thuid
743 5195 874 5252 vero
896 5181 1000 5234 alia
1029 5178 1248 5248 quidem
1276 5177 1451 5245 virtus
1485 5173 1719 5245 Opiﬁcis,
1750 5172 1856 5225 alia
1886 5170 1999 5225 vim

431 5273 607 5341 magis
635 5273 894 5344 patientis
926 5260 1133 5327 habens
1176 5286 1241 5326 ac
1274 5257 1611 5341 recipientis,
1657 5279 1765 5336 quo
1793 5263 2003 5318 scilicet

430 5383 664 5439 pronum
693 5366 774 5422 illi
794 5366 1043 5436 beneque
1073 5365 1144 5420 sit
1166 5370 1228 5418 ut
1266 5363 1562 5418 misceatur
1585 5374 1709 5415 cum
1740 5353 2004 5411 materia?

433 5457 554 5514 Non
586 5458 732 5512 enim
782 5456 874 5511 hic
902 5469 1129 5511 causam
1173 5453 1384 5509 ordinis
1424 5451 1554 5508 boni
1584 5450 1767 5514 video,
1811 5445 2006 5502 adver-

435 5563 641 5616 susque
678 5547 858 5616 ipsum
895 5560 1177 5600 excessus.
1212 5543 1271 5599 Si
1316 5543 1518 5599 malum
1561 5547 1698 5605 erat,
1739 5552 1847 5594 non
1888 5543 2007 5591 erat
2044 5588 2045 5591 η

436 5641 492 5697 in
524 5639 687 5693 domo
721 5636 835 5692 Dei.
871 5636 1008 5691 Cum
1042 5637 1186 5696 enim
1232 5635 1377 5692 Deus
1410 5631 1752 5691 solummodo
1778 5630 2003 5695 bonum,

510 5814 588 5895 (β)
626 5812 847 5868 Κακοηῦ.

2102 4597 2277 4677 πάντα
2303 4618 2565 4686 ποικίλος,
2594 4613 2733 4666 ὥστε
2751 4613 2779 4663 ὁ
2800 4608 2961 4670 αὐτὸς
2987 4607 3084 4678 μὲν
3114 4600 3251 4657 εἶναι
3272 4597 3668 4686 γεωμετρικὸς,

2101 4717 2130 4768 ό
2155 4711 2317 4774 αὐτὸς
2355 4708 2413 4765 δὲ
2454 4703 2842 4777 ἀστρονομικὺς
2876 4699 2969 4753 καὶ
3007 4691 3333 4754 τεκτονικὸς,
3382 4688 3478 4742 καὶ
3518 4685 3572 4738 εἴ
3615 4703 3670 4777 τι

2101 4800 2368 4857 τοιοῦτονο
2399 4797 2516 4869 Θεῷ
2541 4796 2597 4849 δὲ
2620 4790 2727 4865 ἆρα
2756 4787 2822 4867 ἦν
2856 4791 3058 4859 ἄπορον
3088 4785 3268 4856 εὑρεῖν
3295 4778 3551 4848 τοιαύτην
3579 4775 3673 4829 δύ-

2102 4906 2286 4960 ναμιν,
2318 4888 2439 4958 ἥτις
2461 4864 2612 4954 αὑτῷ
2639 4864 2794 4957 πρὸς
2807 4880 2984 4951 πάντα
3002 4873 3071 4951 ἦν
3100 4872 3276 4945 ἱκανὴ,
3311 4871 3397 4924 ἵνα
3422 4868 3498 4941 μὴ
3525 4864 3673 4940 πρώ-

2104 4997 2203 5052 της
2224 4978 2318 5032 καὶ
2340 4975 2594 5047 δευτέρας
2614 4973 2796 5045 δέηται
2817 4988 2831 5037 ;

2177 5162 2275 5215 Διά
2301 5159 2354 5213 τί
2394 5157 2510 5227 δὲὴ
2561 5154 2656 5229 μὲν
2698 5150 2926 5221 δύναμίς
2961 5150 3071 5202 ἐστι
3115 5137 3500 5215 δημιουργικὴ,
3548 5137 3583 5206 ἡ
3615 5134 3676 5229 δὲ

2104 5251 2380 5326 παθητικὴ
2424 5226 2642 5320 μᾶλλον,
2686 5243 2762 5308 ὡς
2799 5242 2979 5305 καλῶς
3015 5236 3182 5308 αὐτὴν
3219 5233 3361 5304 ἔχειν

2107 5319 2252 5419 ὓλην.
2282 5319 2676 5416 κεράννυσθαις
2707 5337 2819 5405 Οὑχ
2858 5332 2969 5405 ὁρῶ
3002 5330 3111 5403 γὰρ
3144 5328 3305 5419 πάλιν
3349 5322 3585 5419 ἐνταῦθα
3614 5319 3676 5419 τό

2106 5409 2280 5492 αἴτιον
2311 5409 2411 5507 της
2448 5432 2656 5496 τάξεως
2688 5428 2782 5482 τοῦ
2811 5424 2976 5481 καλοῦ
3002 5421 3077 5493 (6)
3115 5421 3208 5475 καὶ
3238 5418 3337 5488 τῆς
3363 5413 3489 5507 uti
3507 5409 3678 5467 αὑτοῦ

2108 5505 2403 5605 ὑπεροχῆς.
2433 5529 2498 5581 El
2527 5524 2693 5581 κακὸν
2716 5518 2805 5594 ἦν,
2830 5520 2931 5574 οὑκ
2958 5514 3026 5589 ἦν
3053 5519 3111 5569 ὲν
3135 5513 3213 5585 τῷ
3240 5510 3332 5567 τοῦ
3357 5505 3676 5605 esea-05:31,».

2109 5627 2174 5681 Et
2210 5594 2321 5697 is};
2341 5594 2511 5696 pem
2543 5616 2705 5673 καλὸν
2730 5615 2760 5668 ι
2783 5611 2938 5676 Θεὸς,
2973 5607 3068 5664 και
3094 5606 3252 5679 μόνον
3288 5599 3457 5658 κακὸν
3482 5599 3520 5670 ἡ
3550 5594 3678 5667 ὑλη.
3780 5670 3793 5677 κ
