3862 6158
413 373 515 429 459

1394 355 1799 429 ΑιΕΧΑΝυιιι
1830 355 2142 414 EPISCOPI
2179 351 2684 428 LYCOPOLI'IANI

3545 347 3656 412 διο

412 507 518 562 que
564 489 706 546 alius
744 489 851 544 a’lia
890 486 1056 544 fuerit
1107 485 1268 541 ratio.
1310 481 1640 538 Existimare
1667 479 1812 536 enim
1850 477 1977 534 lice-

2087 477 2234 549 μιξιν
2292 473 2593 541 ἐξελέξατο,
2641 475 2730 528 ἕνα
2783 472 2918 543 μένῃ
2963 470 3057 524 ἐπὶ
3099 469 3199 539 τῆς
3247 466 3382 530 ιδίας
3426 465 3654 540 ἀρετῆς·

413 583 526 648 bat,
571 597 603 637 a
635 582 908 654 principio
935 581 1104 636 solem
1137 587 1192 638 et
1238 579 1444 640 lunam,
1482 571 1983 642 solertiorijudieio

411 689 477 730 ac
515 675 828 746 prudentia,
862 683 1046 746 partes
1075 673 1316 728 materiae
1343 671 1526 725 minus
1569 668 1742 724 malas
1783 665 1982 735 quibus

411 769 723 826 commistio
747 769 918 832 ﬁeret,
950 769 1053 825 sibi
1076 767 1328 838 elegisse,
1352 773 1412 820 ut
1439 767 1494 819 in
1519 779 1619 822 sua
1647 761 1984 834 perfectione

411 873 476 913 ac
522 861 723 917 virtute
773 861 1179 925 consisterent;
1235 856 1530 914 debilitatis
1591 865 1770 909 autem
1816 859 1984 906 tanta:

411 951 590 1007 aetatis
623 952 930 1018 maleﬁciis,
962 960 1168 1008 tantam
1201 952 1256 1006 in
1297 951 1444 1006 bono
1476 945 1856 1004 excellentiam
1897 959 1988 997 re-

410 1051 695 1114 portasse;
725 1047 965 1118 reliquas
994 1062 1124 1102 vero
1169 1046 1290 1116 ejus
1325 1052 1510 1115 partes
1538 1041 1810 1110 collapsas
1839 1052 1984 1100 csse,

409 1134 554 1190 haud
609 1138 830 1208 quidem
879 1139 999 1194 sine
1049 1137 1425 1209 providentia;
1479 1149 1603 1187 cum
1641 1131 1758 1202 pari
1801 1138 1984 1184 tamen

409 1227 774 1295 providentia,
807 1245 870 1285 ea
906 1244 1026 1300 quae
1052 1231 1105 1283 in
1134 1230 1253 1299 ipsa
1287 1235 1391 1292 est,
1430 1223 1658 1285 malitia,
1691 1237 1792 1292 pro
1813 1226 1980 1290 quota

407 1317 673 1388 cujusque
705 1319 1127 1390 rationeamagis
1168 1317 1406 1372 imbutas
1439 1329 1578 1370 esse.
1616 1311 1773 1378 Quod
1802 1309 1977 1362 enim-

2081 567 2554 639 ὲξασθενησάντων
2611 564 2846 636 τηλίκων
2894 564 2951 616 δὲ
3007 561 3451 633 πονηρευμάτων,
3501 561 3656 626 ἐκσιτ

2084 657 2357 712 δάσασθαι
2405 657 2672 729 τοσαύτην
2715 658 2988 729 ὑπεροχὴν
3035 657 3093 708 ὲν
3123 656 3200 728 τῷ
3238 656 3444 728 ἀγαθῷ,
3486 657 3556 710 τὰ
3596 657 3656 710 δὲ

2083 753 2217 808 ἄλλα
2249 753 2386 824 μέρη
2417 753 2588 824 αὐτῆς
2622 748 2689 822 ἦν
2730 752 2983 816 πεσόντα,
3015 750 3114 804 οὐκ
3146 751 3495 822 ἀπρονοήτως
3529 750 3654 819 μὲν,

2083 847 2145 899 οὐ
2193 846 2300 915 μὴν
2340 845 2478 916 μετά
2513 847 2610 917 τῆς
2655 845 2780 917 ἴσης
2820 842 3074 918 προνοίας
3116 842 3414 896 ἀπολαῦσαι
3452 842 3658 913 μᾶλλον

2085 937 2283 999 κακίας
2309 937 2408 1007 τῆς
2438 938 2494 989 ὲν
2523 937 2658 1008 αὐτῇ
2692 935 2831 990 κατά
2861 936 2922 989 τὸ
2954 935 3116 990 ποσὸν
3142 935 3390 988 ἕκαστον.
3433 933 3656 1004 Ἐπειδὴ

2087 1027 2144 1080 δὲ
2184 1027 2336 1080 οὐδὲν
2369 1026 2622 1100 διάφορον
2660 1028 2788 1099 περὶ
2829 1027 2930 1098 τῆς
2966 1026 3246 1098 δυνάμεως
3287 1025 3490 1096 ταύτης
3520 1023 3655 1095 παρ’

2087 1118 2266 1172 αὐτῶν
2299 1117 2539 1186 λέγεται,
2567 1118 2680 1172 ἀλλ’
2714 1120 2874 1190 ὃμοια
2905 1118 2995 1172 διὰ
3025 1118 3204 1188 πάσης
3231 1117 3399 1188 αὐτῆς
3431 1115 3660 1187 θεωρεῖ-

2086 1228 2195 1274 ται,
2218 1209 2480 1274 ἀπίθανος
2518 1212 2546 1264 ὁ
2571 1211 2760 1280 λόγος·
2805 1214 2926 1265 Ὅτι
2960 1213 3017 1268 ὲν
3048 1212 3147 1283 μὲν
3177 1213 3243 1282 τῇ
3287 1208 3566 1282 συμμίξει,
3595 1208 3660 1260 τὸ

2089 1304 2188 1375 μὲν
2215 1303 2424 1375 ἔμεινεν
2450 1305 2723 1376 ἀκέραιον,
2751 1307 2811 1360 τὺ
2836 1305 2891 1360 δὲ
2917 1305 3172 1377 μετέσχεν
3198 1303 3393 1365 κακίας
3418 1301 3583 1364 τινός,

407 1424 535 1465 vero
560 1411 627 1466 de
662 1413 760 1466 hac
791 1413 993 1468 virtute
1037 1412 1174 1466 nihil
1220 1411 1290 1464 ab
1315 1410 1397 1464 eis
1427 1408 1705 1462 diversum
1749 1403 1974 1464 dicitur,
2004 1399 2100 1457 sed
2129 1414 2188 1455 se
2216 1407 2330 1454 tota
2386 1402 2583 1457 similis
2633 1400 2990 1470 ejusdemque
3028 1397 3259 1453 rationis
3310 1393 3656 1463 intelligitur,

407 1503 789 1576 improbabilis
810 1506 1060 1561 doctrina
1088 1521 1151 1560 ac
1177 1503 1448 1561 sententia
1475 1508 1590 1556 est:
1625 1496 1772 1568 quod
1833 1509 2027 1564 nempe
2073 1493 2130 1546 in
2177 1493 2559 1549 commistione
2603 1494 2750 1549 aliud
2786 1496 3058 1550 sincerum
3095 1506 3400 1563 purumque
3447 1505 3666 1553 reman:

405 1597 562 1666 serit,
598 1597 749 1653 aliud
784 1597 995 1652 malitia
1027 1597 1264 1668 quadam
1296 1593 1636 1665 impartitum
1670 1589 1760 1644 sit.

537 1731 682 1788 Car.
715 1731 884 1790 XXII.
915 1732 1083 1789 Luna:
1115 1734 1291 1790 lumen
1321 1751 1353 1790 a
1381 1733 1510 1788 sole.
1541 1728 1890 1798 Receptarum
1920 1726 1973 1779 in
2020 1740 2084 1778 ea
2111 1722 2413 1785 animarum
2440 1723 2877 1778 inconvenientia.
2909 1720 3108 1776 ercis
3140 1720 3245 1774 duo
3287 1718 3510 1774 diluvia.

479 1865 649 1921 Aiunt
677 1883 829 1934 vero,
865 1869 1034 1924 solem
1067 1877 1122 1925 et
1148 1871 1357 1935 lunam,
1384 1884 1508 1924 cum
1535 1867 1772 1922 divinam
1803 1864 1977 1916 virtu-

2151 1862 2383 1930 Λέγουσι
2416 1862 2493 1926 δὲ,
2517 1843 2599 1916 ὅτι
2628 1860 2722 1915 καὶ
2755 1860 2905 1931 ἥλιος
2931 1859 3025 1911 καὶ
3057 1857 3252 1928 σελήνη
3273 1856 3370 1927 τὴν
3398 1854 3547 1908 θείαν
3569 1853 3662 1907 δύ-

408 1966 518 2012 tem
564 1971 596 2011 a
651 1958 882 2013 materia
937 1958 1197 2029 paulatim
1254 1957 1641 2019 secrevissent,
1689 1953 1756 2006 ad
1813 1949 1982 2004 Deum

409 2046 806 2104 transmisisse.
851 2048 1024 2105 Porro
1071 2049 1119 2104 si
1164 2049 1251 2103 vel
1297 2063 1492 2119 parum
1537 2054 1982 2101 astronomorum

409 2137 558 2205 fores
591 2139 895 2208 trivissent,
921 2139 978 2194 in
1008 2140 1122 2196 haec
1144 2139 1336 2194 deliria
1377 2136 1523 2194 haud
1572 2137 1894 2191 incidissent
1922 2139 1983 2188 ut

405 2233 489 2287 sic
531 2232 829 2300 sentirent;
880 2247 983 2287 nec
1025 2233 1408 2294 nescivissent,
1455 2231 1639 2285 lunam
1691 2244 1813 2300 qua:
1844 2241 1982 2298 quo-

404 2325 655 2380 rumdam
686 2327 978 2389 sententia,
1026 2327 1280 2396 suo‘ipsa
1313 2325 1518 2380 lumine
1547 2330 1754 2389 careat,
1786 2338 1818 2377 a
1865 2323 1982 2378 sole

403 2416 741 2490 illuminari;
789 2418 1019 2489 ejusque
1071 2418 1197 2473 inde
1246 2434 1367 2474 esse
1417 2418 1791 2488 ﬁgurationes,
1833 2414 1981 2486 quod

405 2509 486 2572 sic
511 2509 595 2565 vel
647 2509 728 2569 sic
768 2510 933 2567 distet
982 2527 1011 2565 a
1054 2511 1190 2568 sole.
1229 2510 1493 2581 Tuncque
1529 2511 1688 2582 plena
1725 2509 1976 2574 efﬁcitur,

401 2607 529 2663 cum
555 2617 586 2657 a
614 2603 730 2666 sole
753 2602 921 2659 distat
949 2610 1169 2659 centum
1199 2605 1478 2674 octoginta
1513 2602 1794 2673 gradibus.
1823 2599 1980 2655 Tunc

402 2711 532 2751 vero
578 2697 636 2750 in
668 2696 816 2750 coitu
859 2704 964 2761 est,
1003 2711 1129 2750 cum
1176 2696 1232 2750 in
1266 2696 1459 2752 eodem
1490 2711 1614 2751 cum
1645 2696 1758 2751 sole
1805 2691 1981 2764 gradu

405 2785 601 2842 fertur.
638 2785 864 2854 Deinde,
907 2788 1181 2858 quomodo
1215 2804 1324 2842 non
1368 2787 1588 2854 mirum,
1621 2803 1729 2858 qua
1759 2785 1978 2840 tandem

403 2879 498 2936 ﬁat
523 2881 756 2946 ratione,
790 2890 906 2935 tum
954 2881 1138 2945 multa:
1177 2881 1288 2936 sint
1321 2881 1516 2934 animae
1549 2888 1604 2935 et
1639 2895 1669 2934 a
1710 2876 1982 2934 diversis?

402 2970 621 3027 Etenim
665 2976 794 3038 sunt
826 2970 1014 3025 mundi
1066 2971 1242 3041 ipsius
1285 2977 1339 3025 et
1375 2969 1714 3033 animalium,
1749 2977 1804 3022 et
1850 2967 1980 3021 stir—

398 3061 551 3132 pium
584 3068 637 3116 et
666 3060 1030 3131 nympharum
1073 3068 1126 3115 et
1165 3060 1472 3116 daemonum
1502 3076 1515 3112 :
1553 3072 1618 3112 ac
1643 3057 1696 3110 in
1727 3055 1813 3110 his
1842 3055 1980 3110 facie

401 3150 838 3222 distinguuntur,
874 3149 1204 3217 volucrium,
1254 3148 1598 3203 terrestrium
1633 3145 1974 3210 animalium,

401 3248 671 3310 eteorum
695 3255 818 3312 quae
851 3240 1126 3313 amphibia
1150 3249 1279 3296 sunt
1307 3259 1320 3296 :
1355 3240 1411 3293 in
1444 3239 1574 3293 luna
1596 3244 1775 3293 autem
1808 3230 2000 3292 unum'

400 3331 677 3402 quodnam
721 3332 900 3388 simile
932 3347 1132 3403 corpus
1174 3347 1390 3402 semper
1423 3330 1584 3385 nobis
1617 3327 1977 3398 conspicitur.

399 3423 544 3489 Quid
575 3438 706 3479 vero
731 3429 786 3480 et
823 3423 938 3482 haec
967 3425 1215 3494 corporis
1246 3421 1622 3478 continuitas?
1651 3422 1730 3476 Ac
1758 3421 1977 3491 quidem

399 3530 526 3590 cum
583 3515 716 3568 luna
772 3507 1077 3588 semiplena
1118 3523 1223 3582 est,
1283 3523 1507 3586 apparet
1559 3514 1976 3579 semicirculus;

398 3620 638 3677 cumque
678 3607 971 3679 plusquam
1017 3608 1218 3673 media,
1268 3608 1411 3663 idem
1459 3623 1675 3662 rursus.
1726 3607 1977 3672 Quonam

399 3696 568 3769 igitur
598 3699 761 3756 modo
794 3698 850 3755 in
883 3700 1069 3756 lunam
1097 3708 1479 3776 assumuntur,
1515 3714 1579 3754 ac
1605 3713 1714 3770 quo
1737 3713 1850 3754 usae
1880 3713 1977 3753 ve-

401 3790 620 3846 hiculo?
655 3791 713 3846 Si
759 3793 907 3848 enim
956 3794 1074 3851 leve
1117 3803 1202 3850 est
1244 3794 1390 3850 velut
1423 3793 1589 3865 ignis,
1641 3808 1752 3847 non
1797 3792 1976 3847 solum

399 3897 497 3953 par
522 3883 590 3940 ad
627 3884 813 3941 lunam
853 3886 1104 3949 evadere,
1137 3886 1234 3942 sed
1281 3888 1534 3958 superius
1575 3885 1842 3956 quidquid
1891 3891 1978 3940 est

399 3975 792 4032 transcendere
824 3996 836 4032 :
870 3978 955 4032 sin
987 3986 1168 4034 autem
1198 3994 1381 4051 grave,
1414 3994 1516 4036 nec
1545 3970 1871 4051 a'firincipio
1908 3978 1975 4034 ad

399 4067 586 4124 lunam
622 4068 750 4124 licet
787 4071 1074 4142 attingere.

469 4159 732 4238 Quasnam
762 4177 892 4217 vero
918 4165 1057 4220 ratio
1100 4172 1204 4228 est,
1243 4173 1304 4218 ut
1342 4164 1490 4236 quod
1517 4165 1753 4236 primum
1799 4163 1868 4218 ad
1897 4165 1976 4219 lu-

397 4240 526 4307 nam
570 4254 810 4325 advenit,
838 4271 950 4311 non
996 4258 1182 4313 statim
1230 4257 1298 4311 ad
1340 4259 1510 4312 solem
1540 4257 1971 4323 transmittatur,

399 4344 494 4399 sed
523 4355 803 4416 exspectet
849 4363 972 4402 cum
1006 4351 1166 4419 plena
1214 4355 1317 4417 est,
1351 4351 1479 4404 dum
1511 4351 1736 4421 reliqua).
1779 4349 1975 4405 anima:

399 4437 732 4495 adveniant?
759 4438 894 4494 Cum
939 4441 1106 4510 igitur
1138 4442 1265 4494 luna
1299 4457 1420 4512 qua:
1453 4442 1614 4512 plena
1660 4449 1827 4508 esset,
1878 4443 1974 4496 dc-

398 4532 618 4600 crescit,
666 4533 838 4588 virtus
873 4548 938 4588 co
969 4541 1214 4604 tempore
1247 4535 1340 4588 ubi
1371 4541 1589 4604 manet;
1641 4535 1816 4590 donec
1850 4551 1970 4605 qua:
1997 4565 2049 4626 υ

397 4633 625 4678 vacuata
660 4625 837 4678 fuerat
877 4626 1152 4695 prioribus
1192 4626 1503 4688 animabus,
1535 4626 1680 4680 haud
1714 4641 1875 4682 secus
1908 4643 1972 4681 ac

396 4717 529 4771 urbs
575 4716 841 4784 desolata,
887 4719 1048 4772 aliam
1094 4734 1314 4773 rursum
1358 4718 1629 4772 coloniam
1665 4720 1794 4773 luna
1834 4720 1973 4774 reci-

395 4807 553 4889 piat?
595 4809 726 4862 Erat
758 4811 903 4863 enim
937 4811 1101 4864 etiam
1152 4810 1445 4866 thesaurus
1493 4811 1715 4881 quidam
1749 4813 1805 4874 in
1837 4827 1972 4882 qua-

395 4901 520 4975 dam
550 4909 711 4957 terrae
741 4911 894 4972 parte
929 4903 1324 4974 segregaudus,
1370 4905 1456 4959 vel
1500 4905 1750 4968 nubium,
1780 4905 1864 4960 vel
1899 4906 1973 4958 al-

395 4993 566 5069 terius
596 4993 882 5063 cujusdam
909 4995 1047 5077 loci;
1073 4997 1166 5050 ubi
1198 4997 1393 5052 animae
1425 5007 1784 5070 congregata,
1813 5013 1974 5068 para-

393 5090 467 5141 ιω
497 5093 683 5164 essent
707 5096 767 5142 ut
795 5086 863 5142 ad
894 5089 1081 5144 lunam
1111 5095 1559 5165 commigrarent.

471 5269 669 5328 Verum
706 5273 812 5333 alia
853 5290 1048 5344 rursus
1077 5278 1310 5348 emergit
1333 5279 1584 5349 quaestio.
1619 5277 1761 5344 Quid
1803 5275 1971 5346 igitur

396 5379 579 5420 causa:
609 5373 692 5428 est
717 5382 816 5420 cur
846 5384 954 5423 non
987 5371 1172 5425 statim
1200 5373 1513 5441 repleatur?
1534 5383 1628 5427 aut
1653 5389 1752 5428 cur
1775 5389 1970 5430 rursus

397 5457 515 5512 dies
543 5458 858 5528 quindecim
888 5464 1206 5532 exschtat?
1233 5463 1344 5519 Nec
1376 5465 1524 5519 istud
1563 5465 1830 5520 minorem
1867 5467 1970 5521 lia-

395 5551 487 5607 bet
522 5551 957 5619 admirationem,
1000 5571 1162 5624 quam
1194 5572 1258 5610 ea
1289 5573 1411 5626 qua:
1451 5557 1597 5611 dicta
1630 5569 1791 5626 sunt;
1824 5559 1970 5628 quod

397 5657 676 5712 nunquam
711 5643 780 5698 ab
821 5646 969 5699 omni
1001 5653 1148 5700 retro
1187 5646 1468 5702 hominum
1519 5650 1780 5703 memoria
1814 5660 1968 5704 extra

396 5734 924 5803 guintumdecimum
957 5735 1100 5790 diem
1151 5738 1282 5792 luna
1331 5739 1487 5807 plena
1547 5739 1668 5794 fuit.
1714 5740 1857 5807 Quin
1899 5757 1969 5796 ne

398 5824 592 5898 diluvii
633 5823 858 5897 quidem
885 5833 1126 5897 tempore
1155 5827 1258 5898 sub
1302 5827 1650 5898 Deucalione,
1685 5832 1968 5900 magisque

2085 1965 2266 2019 ναμιν,
2297 1951 2436 2003 κατά
2467 1951 2658 2022 μικρὸν
2682 1950 3055 2020 διακρίναντες
3079 1948 3183 2001 ἀπὸ
3211 1947 3312 2018 τῆς
3340 1946 3491 2018 ὕλης,
3519 1946 3660 2017 πρὸς

2082 2041 2172 2096 τὸν
2192 2043 2324 2096 Θεὸν
2352 2043 2740 2115 παρέπεμψαν.
2761 2037 2826 2095 EI
2844 2041 2885 2094 δ’
2907 2037 3046 2114 ἦσαν
3073 2041 3166 2114 καὶ
3187 2038 3329 2093 κατά
3358 2038 3554 2110 μικρὸν
3577 2039 3660 2100 είς

2083 2136 2433 2206 ἀστρονόμων
2467 2134 2638 2207 θύρας
2686 2135 3079 2206 φοιτήσαντες,
3115 2133 3216 2186 οὐκ
3250 2131 3316 2186 ἂν
3354 2130 3527 2183 ταῦτα
3561 2147 3661 2183 πε-

2083 2227 2390 2282 πόνθεσαν·
2437 2227 2560 2281 οὔτε
2611 2228 2885 2299 ἠγνόησαν
2933 2227 3018 2290 ἂν,
3059 2227 3141 2279 ὅτι
3189 2227 3222 2296 ή
3270 2224 3467 2296 σελήνη
3515 2223 3660 2277 κατά

2079 2337 2232 2384 τινας
2255 2319 2484 2392 ἄμοιρος
2523 2315 2659 2373 οὖσα
2694 2321 2824 2376 ἰδίου
2858 2320 3054 2390 φωτὸς,
3093 2319 3197 2371 ὑπὸ
3233 2317 3327 2371 τοῦ
3368 2318 3520 2388 ἡλίου
3561 2335 3660 2370 κα-

2079 2413 2440 2484 ταλάμπεται·
2469 2415 2563 2467 καὶ
2583 2415 2665 2467 ὅτι
2693 2415 2742 2466 οἱ
2771 2413 3143 2484 σχηματισμοὶ
3169 2412 3340 2481 αὐτῆς
3368 2413 3473 2464 εἰσι
3505 2409 3661 2481 παρά

2080 2506 2180 2570 τὰς
2215 2506 2310 2559 τοῦ
2339 2506 2488 2577 ἡλίου
2525 2507 2870 2570 διαστάσεις·
2916 2505 3251 2578 πανσέληνός
3289 2521 3347 2556 τε
3389 2503 3656 2578 γίγνεται,

2079 2598 2157 2651 ὅτ’
2185 2597 2252 2652 ἂν
2285 2599 2464 2672 ἀπέχῃ
2499 2599 2594 2652 τοῦ
2636 2599 2785 2670 ήλίου
2825 2598 2925 2663 τὰς
2965 2598 3156 2652 ἑκατὸν
3195 2596 3291 2650 καὶ
3332 2595 3660 2667 ὀγδοήκοντα

2085 2690 2305 2762 μοίρας·
2352 2692 2568 2756 σύνοδος
2609 2691 2686 2755 δὲ,
2731 2693 2807 2745 ὅτ’
2833 2691 2899 2744 ἂν
2938 2691 3031 2744 ἐπὶ
3071 2690 3172 2760 τῆς
3211 2688 3382 2760 αὐτῆς
3418 2687 3496 2758 τῷ
3521 2685 3660 2758 ἡλίῳ

2082 2783 2316 2855 φέρηται
2343 2784 2554 2856 μοίρας.
2584 2785 2815 2837 Ἔπειτα
2841 2783 2898 2857 δὲ
2922 2782 3037 2846 πῶς
3063 2784 3123 2834 οὐ
3156 2781 3484 2851 θαυμαστὸν,
3511 2781 3659 2843 ὅπως

2082 2875 2214 2928 ποτὲ
2249 2874 2438 2929 πολλαὶ
2470 2872 2625 2929 οὖσαι
2664 2878 2718 2929 αἱ
2748 2875 2919 2950 ψυχαὶ
2941 2876 3035 2929 καὶ
3075 2873 3183 2927 ἀπὸ
3211 2873 3519 2944 διαφόρων;
3547 2872 3660 2948 Καὶ

2080 2965 2191 3039 γὰρ
2223 2968 2315 3021 τοῦ
2349 2969 2553 3040 κόσμου
2583 2967 2748 3022 αὐτοῦ
2776 2969 2868 3022 καὶ
2894 2968 3045 3032 ζώων
3065 2967 3160 3022 καὶ
3183 2966 3366 3037 φυτῶν
3396 2966 3492 3019 καὶ
3523 2983 3659 3037 νυμ-

2083 3063 2197 3133 φῶν
2223 3064 2316 3116 καὶ
2340 3063 2606 3134 δαιμόνων
2647 3061 2803 3116 εἰσίν·
2835 3063 2927 3116 καὶ
2949 3063 3007 3114 ὲν
3035 3059 3242 3122 τούτοις
3271 3057 3508 3128 πτηνῶν.
3530 3074 3658 3128 χερτ

2083 3155 2272 3221 σαίων,
2316 3155 2592 3227 ἀμφιϐίων
2625 3153 2987 3224 διακρίνονται
3025 3154 3092 3222 τῇ
3139 3150 3287 3221 ὄψει·
3322 3149 3459 3203 ἀλλά
3501 3149 3560 3202 ἓν
3604 3165 3658 3202 τι

2086 3249 2248 3321 σῶμα
2273 3249 2456 3320 ὅμοιον
2489 3249 2575 3301 ἀεὶ
2599 3247 2684 3301 διὰ
2714 3247 2914 3310 παντὸς
2940 3244 3186 3315 φαίνεται
3221 3244 3352 3315 ἡμῖν
3383 3243 3440 3295 ὲν
3469 3245 3536 3313 τῇ
3571 3258 3658 3294 σε·

2082 3342 2238 3418 λήνῃ.
2272 3341 2336 3393 Τί
2368 3340 2425 3394 δὲ
2455 3341 2549 3393 καὶ
2574 3339 2636 3392 τὸ
2671 3337 2892 3408 συνεχὲς
2913 3334 3007 3390 τοῦ
3046 3335 3294 3407 σώματος
3327 3333 3516 3399 τοῦτος
3546 3332 3658 3408 Καὶ

2081 3433 2169 3486 ὅτε
2209 3432 2306 3503 μὲν
2340 3429 2626 3503 διχότομὸς
2657 3431 2806 3488 ἐστιν
2845 3430 2878 3502 ή
2916 3427 3133 3499 σεληνη,
3167 3426 3490 3497 φαινόμενον
3520 3428 3657 3495 ἡμι-

2082 3522 2330 3578 κύκλιον·
2377 3525 2466 3576 ὂτε
2505 3523 2562 3576 δὲ
2607 3523 2975 3594 ἀμφίκυρτος,
3013 3519 3252 3573 τοιοῦτον
3291 3517 3474 3572 πάλιν.
3529 3518 3658 3582 Πῶς

2079 3615 2550 3685 ἀναλαμϐάνονται
2596 3616 2689 3695 ἐπι
2721 3616 2820 3686 τὴν
2852 3615 3079 3686 σελήνην
3118 3611 3151 3686 ἢ
3195 3610 3332 3685 ποίῳ
3373 3609 3658 3686 χρώμεναι

2081 3711 2350 3781 σχήματι;
2374 3709 2437 3763 Et
2459 3709 2556 3781 μὲν
2575 3708 2685 3782 γὰρ
2713 3709 2913 3779 κοῦφόν
2939 3710 3084 3762 ἐστιν
3110 3701 3220 3762 οἷον
3241 3707 3371 3778 πῦρ·
3403 3706 3502 3760 οὐκ
3524 3708 3654 3779 ἄχρι

2078 3801 2180 3871 τῆς
2223 3801 2450 3873 σελήνης
2499 3801 2657 3872 μόνον
2695 3803 2841 3865 εἰκὸς
2882 3801 3133 3871 γενέσθαι
3176 3799 3263 3864 ἂν,
3296 3798 3411 3852 ἀλλ’
3445 3799 3656 3857 ἄνωθεν

2077 3889 2384 3956 διαπαντός·
2413 3893 2460 3944 εἰ
2491 3891 2547 3945 δὲ
2577 3891 2737 3967 βαρὺ,
2766 3893 2874 3947 οὐδ’
2903 3893 3080 3966 ἀρχὴν
3111 3891 3246 3965 πρὸς
3269 3891 3497 3962 σελήνην
3529 3891 3655 3960 ἀφι-

2077 3983 2269 4038 κέσθαι
2293 3981 2403 4041 οἷόν
2427 4001 2507 4038 τε.

2134 4170 2282 4224 ’Τίνα
2323 4170 2379 4223 δὲ
2419 4169 2574 4239 λόγον
2620 4170 2765 4240 ἔχει,
2790 4170 2852 4223 τὸ
2893 4169 3105 4242 πρῶτον
3140 4167 3469 4241 ἀφικόμενον
3513 4167 3653 4240 πρὸς

2079 4263 2330 4335 σελήνην,
2365 4264 2438 4335 μὴ
2484 4261 2644 4326 εὐθὺς
2685 4263 2821 4334 πρὸς
2862 4262 3012 4333 ἥλιον
3053 4259 3492 4332 ἀναπέμπεσθαι,
3535 4260 3648 4314 ἀλλ’

2075 4355 2392 4427 ἐκδέχεσθαι
2436 4356 2534 4426 τὴν
2585 4354 2918 4426 πανσέληνον
2963 4354 3060 4418 τὰς
3100 4353 3206 4406 τῶν
3246 4353 3424 4408 ἄλλων
3461 4351 3651 4423 ψυχῶν

2076 4448 2399 4527 ὲπιδημίας;
2449 4449 2578 4501 Ὅτε
2623 4447 2802 4500 τοίνυν
2834 4446 2943 4501 ἀπὸ
2969 4446 3072 4516 τῆς
3118 4445 3450 4516 πανσελήνου
3487 4446 3522 4514 ὴ
3563 4461 3650 4498 σε-

2075 4541 2210 4613 λήνη
2255 4540 2501 4613 μειοῦται
2549 4539 3023 4612 ἀποχωριζομένη,
3063 4539 3290 4610 δύναμις
3322 4538 3414 4592 τὸν
3458 4537 3650 4608 χρόνον

2073 4633 2264 4687 τοῦτον
2304 4634 2406 4687 ποῦ
2449 4633 2624 4705 μένει,
2661 4633 2767 4696 ἕως
2803 4633 2870 4687 ἂν
2907 4633 3204 4688 κενωθεῖσα
3247 4635 3280 4704 ἡ
3313 4631 3510 4704 σελήνη
3542 4632 3649 4689 τῶν

2074 4727 2360 4798 προτέρων
2401 4725 2607 4797 ψυχῶν,
2642 4724 2894 4797 καθάπερ
2934 4725 3087 4789 πόλις
3131 4725 3354 4797 ἔρημος,
3391 4725 3650 4796 δευτέραν

2074 4820 2237 4872 πάλιν
2269 4819 2487 4889 δέξηται
2515 4818 2803 4885 ἀποικίαν;
2862 4819 3060 4890 Ἐχρῆν
3088 4817 3194 4890 γὰρ
3225 4816 3534 4888 ἀφωρίσθαι
3558 4818 3650 4872 καὶ

2073 4911 2344 4982 θησαυρόν
2376 4928 2496 4964 τινα
2530 4910 2586 4963 ἕν
2606 4928 2712 4963 τινι
2739 4911 2892 4983 μέρει
2920 4911 3018 4981 τῆς
3040 4911 3161 4981 γῆς,
3196 4909 3229 4980 ἢ
3259 4909 3366 4962 τῶν
3389 4909 3647 4978 νεφελῶν,

2071 5003 2104 5074 ἢ
2135 5001 2320 5072 ἑτέρου
2352 4999 2517 5053 τόπου
2545 4997 2709 5064 τινὸς,
2747 4998 2874 5053 ἔνθα
2897 5001 2950 5052 at
2975 4998 3142 5068 ψυχαὶ
3170 4997 3646 5070 συναγειρόμεναι,

2071 5095 2286 5165 ἕτοιμαι
2315 5094 2593 5164 γίγνονται
2630 5092 2765 5163 πρὸς
2792 5091 2892 5162 τὴν
2931 5090 3223 5162 ἐπιδημίαν
3248 5089 3348 5160 τὴν
3386 5089 3524 5162 πρὸς
3565 5104 3649 5140 σε·

2070 5185 2258 5259 λήνην.
2909 5193 2916 5201 '

2155 5278 2315 5332 Ἀλλά
2346 5279 2505 5334 πάλιν
2534 5277 2737 5350 ἀπορία
2775 5275 2953 5347 ἑτέρα.
3001 5273 3099 5330 Διά
3129 5274 3181 5326 τί
3213 5272 3391 5326 τοίνυν
3422 5273 3525 5326 οὐκ
3556 5271 3646 5324 εὑ-

2072 5372 2169 5435 θὺς
2213 5371 2549 5442 πληροῦται;
2591 5370 2625 5441 ἢ
2669 5368 2757 5422 διά
2795 5369 2848 5421 τί
2896 5367 3056 5422 πάλιν
3101 5367 3200 5429 τὰς
3255 5365 3644 5418 πεντεκαίδεκα

2070 5466 2286 5536 ἡμέρας
2329 5465 2640 5534 περιμένει;
2684 5463 2798 5515 Οὐκ
2832 5461 3048 5513 ἔλαττον
3094 5459 3150 5513 δὲ
3182 5457 3290 5510 τῶν
3340 5456 3645 5529 εἰρημένων

2073 5557 2380 5628 θαυμαστὸν
2401 5557 2494 5610 καὶ
2523 5554 2701 5618 τοῦτο,
2730 5545 2789 5606 τὸ
2819 5553 3104 5625 μηδέποτε,
3135 5551 3227 5620 ἀφ’
3256 5546 3315 5604 οὗ
3342 5550 3643 5620 μέμνηνται

2071 5652 2119 5703 οἱ
2153 5650 2448 5720 ἄνθρωποι,
2477 5647 2575 5719 τὴν
2605 5647 2833 5719 σελήνην
2867 5645 3021 5708 ἐκτὸς
3069 5642 3466 5697 πεντεκαίδεκα
3509 5643 3642 5712 ήμεο

2073 5741 2182 5812 ρῶν
2213 5739 2622 5811 πεπληρῶσθαι.
2666 5737 2827 5792 Ἀλλά
2851 5739 2924 5809 μὴ
2949 5738 2993 5790 δ’
3017 5737 3109 5789 ἐπὶ
3135 5735 3227 5788 τοῦ
3259 5731 3644 5803 κατακλυσμοῦ

2071 5831 2166 5887 τοῦ
2199 5833 2293 5888 ἐπὶ
2323 5829 2690 5894 Δευκαλ¹ωνος
2709 5847 2722 5861 ·
2755 5829 2850 5884 καὶ
2875 5829 2956 5883 ἔτι
2991 5827 3187 5883 μᾶλλον
3219 5826 3310 5882 ἐπὶ
3333 5823 3645 5897 Φορωνέως·
