3862 6158
191 396 287 449 ιιι
1074 381 1496 477 ΤΒΑΟΤᾼἸὌΞ
1533 381 1624 437 DE
1658 377 1976 437 PLACITIS
2010 374 2568 437 MANICHAEORUM.
2976 426 3009 477 κ
3322 366 3433 421 με

189 514 275 569 hs
304 511 505 576 πάντα,
534 510 610 575 ὡς
640 511 832 574 εἰπεῖν,
860 507 929 563 τὰ
949 507 1042 561 ἐπὶ
1059 508 1167 578 γῆς
1198 507 1486 580 διεφθάρη.
1518 508 1611 565 καὶ
1633 505 1714 560 πο]

1910 502 2051 558 dhuc
2096 503 2204 558 sub
2242 501 2551 564 Phoroneo,
2597 494 2818 568 quando
2844 507 2909 550 ea
2941 505 3064 563 qua:
3086 491 3242 545 erant
3271 500 3435 558 super

189 605 285 677 λὴν
315 604 416 676 τὴν
439 602 663 675 δύναμιν
692 600 889 671 συνέϐη
921 598 1295 672 διακεκρίσθαι
1324 600 1423 669 τῆς
1455 598 1605 671 ῠλης.
1640 600 1714 651 Xo

1911 609 2093 661 trram,
2122 600 2185 650 ut
2228 594 2309 650 sic
2351 593 2555 653 dicam.
2598 588 2785 645 omnia
2830 584 3177 646 interierunt,
3216 580 3436 650 vimque

189 667 275 769 ρὶς
317 667 385 747 δὲ·
415 667 621 746 τούτων
661 692 758 746 καὶ
798 667 970 761 φορὰς
1009 667 1212 759 γενεῶν
1252 689 1347 742 καὶ
1380 667 1622 759 -ἀφορίας
1668 704 1714 740 κι

1910 701 2118 757 Iagnam
2157 684 2380 741 virtutis
2425 681 2656 752 contigit
2684 694 2716 733 a
2760 675 2989 732 materia
3026 670 3322 743 segregari.
3351 667 3435 723 Ad

191 787 402 860 ᾳθορὰν
441 785 643 858 ὁμοίως
677 785 899 837 σκοπεῖν
938 782 1247 853 προσῆκεν·
1282 774 1356 834 ὧν
1387 778 1648 842 ὡσαύτως
1689 794 1716 849 μ

1912 791 1979 832 nc
2020 790 2153 832 vero
2176 776 2340 831 etiam
2369 773 2783 847 generationum
2809 771 3106 839 proventus
3137 773 3437 830 earumque

517 878 659 933 κατὰ
683 876 856 945 τάξιν,
890 877 997 951 χρὴ
1028 877 1160 949 μηδὲ
1186 874 1285 948 τὴν
1314 873 1467 939 τάξιν
1495 874 1603 930 τῶν
1634 892 1712 928 πα

1910 866 2112 922 electus
2158 881 2222 922 ac
2257 863 2566 927 frustratio,
2614 858 2976 927 similiterque
3020 852 3435 922 corruptionum

189 941 449 1044 σελήνων,
480 969 615 1043 μηδὲ
641 941 1054 1041 τῶν
1081 941 1224 1044 οὕτω
1240 941 1553 1038 τηρεῖσθαι.

1911 957 2192 1012 Lteudenda
2220 965 2409 1025 erant;
2440 969 2562 1025 quae
2586 967 2713 1007 cum
2739 948 2932 1006 eodem
2969 945 3133 1013 modo
3160 951 3216 1000 et
3244 941 3436 998 ordine

1082 1042 1085 1045 ’
1306 1032 1336 1038 τ’
1863 1063 1976 1107 ιιοη
2007 1049 2282 1110 eveniant.
2320 1062 2421 1101 nec
2456 1043 2883 1117 pleniluniorum
2924 1037 3085 1102 ordo,
3121 1049 3226 1091 nec
3245 1032 3436 1089 decre-
3494 1088 3501 1107 λ

1865 1141 2073 1196 scentis
2096 1141 2239 1195 lunae
2262 1146 2508 1209 tempora
2537 1135 2619 1192 sic
2649 1131 2995 1191 observanda
3018 1134 3198 1186 erant.

186 1274 325 1332 CAP.
363 1271 554 1330 XXIII.
588 1273 776 1349 Imago
807 1274 1051 1352 Materia:
1076 1277 1131 1331 in
1166 1276 1298 1352 so_l_e,
1328 1275 1399 1341 ad
1417 1292 1577 1352 quem
1594 1277 1790 1352 homo;
1818 1296 1968 1352 nugae
2002 1298 2063 1337 ac
2091 1279 2372 1352 delirium.»
2392 1278 2655 1333 Delirium
2684 1277 2830 1352 item,
2859 1273 3121 1328 hominem
3143 1286 3178 1323 a
3210 1266 3437 1322 materia

751 1364 864 1402 esse
884 1347 1172 1403 conditum.
1207 1346 1405 1413 Homo,
1430 1346 1520 1402 uel
1548 1346 1920 1419 compositum,
1952 1352 2032 1407 vel
2056 1353 2257 1415 anima,
2294 1350 2373 1405 vel
2401 1365 2543 1404 mens
2571 1357 2619 1402 et
2644 1349 2874 1400 animus.

259 1467 339 1521 Ού
374 1466 668 1540 παρέργως
692 1466 751 1519 δὲ
791 1466 913 1520 οὐδὲ
952 1465 1126 1539 τούτῳ
1171 1468 1523 1539 προσεκτέον.
1570 1470 1693 1523 Ὀτι
1718 1470 1767 1523 εί

1941 1468 2021 1524 Ac
2046 1483 2148 1524 nec
2177 1466 2326 1523 istud
2356 1463 2700 1521 defunctorie
2725 1461 2939 1532 levique
2967 1470 3134 1528 opera
3158 1452 3436 1510 attenden-

191 1560 295 1632 μὲν
326 1560 554 1632 ἄπειρός
595 1564 742 1615 ἐστιν
776 1562 810 1632 ἡ
854 1560 1250 1632 ὲναποκειμένη
1291 1563 1358 1633 τῇ
1400 1559 1502 1634 ὕλῃ
1538 1560 1714 1631 δύναμ

1912 1574 2022 1613 um.
2051 1557 2256 1634 Nempe
2293 1556 2340 1614 si
2373 1556 2584 1610 inﬁnita
2621 1563 2706 1609 est
2740 1551 2925 1606 divina
2957 1548 3136 1603 virtus
3167 1560 3288 1616 quae
3322 1559 3437 1598 ma-

188 1651 331 1716 θεία,
367 1652 506 1723 πρὸς
528 1652 590 1705 τὺ
617 1651 900 1724 μειοῦσθαι
940 1653 1110 1724 αὐτὴν
1129 1652 1282 1706 οὐδὲν
1310 1652 1552 1717 δύναται,
1588 1652 1625 1707 ἃ.
1648 1651 1713 1706 διι

1911 1650 2022 1706 πίω
2062 1649 2236 1705 indita
2280 1656 2385 1713 est,
2417 1647 2486 1703 ad
2516 1661 2635 1702 eam
2682 1640 3034 1699 minuendam
3070 1638 3208 1693 nihil
3238 1635 3436 1700 valent,

187 1743 669 1815 πραγματεύονται
686 1744 838 1813 ἣλιος
859 1743 955 1798 καὶ
975 1744 1192 1816 σελήνη.
1215 1744 1288 1797 Τὸ
1314 1744 1425 1816 γὰρ
1447 1744 1712 1815 λειπόμεν‹

1915 1750 2291 1811 uantacunque
2333 1741 2415 1796 sol
2462 1747 2517 1795 et
2559 1740 2689 1793 luna
2734 1735 3053 1791 moliantur.
3099 1729 3254 1797 Quod
3292 1729 3440 1784 enim

189 1833 355 1887 πάλιν
395 1834 623 1906 ἄπειρον
667 1834 774 1888 ἀπὸ
819 1835 1237 1907 πεπερασμένου
1299 1835 1393 1889 τοῦ
1443 1833 1714 1907 ληφθέντος

1915 1834 2137 1904 :liquum
2166 1840 2270 1897 est,
2313 1833 2380 1887 ab
2412 1832 2504 1886 illo
2534 1830 2687 1884 linito
2718 1827 2866 1898 quod
2905 1832 3183 1895 sumptum
3214 1827 3322 1886 est,
3356 1820 3440 1874 in-

187 1924 253 1978 Εί
282 1924 341 1978 δέ
374 1901 977 1998 ἐστιν’πεπερασμένη,
1018 1901 1184 1999 ἐχρῆν
1229 1926 1480 1999 αἴσθησιν
1498 1901 1712 1995 ’γενέσθε

1913 1901 2080 1982 nilum
2108 1936 2211 1983 cst.
2236 1925 2391 1992 Quod
2426 1925 2472 1980 si
2498 1932 2583 1979 est
2616 1923 2790 1986 (inita,
2826 1934 2993 1976 sensu
3027 1913 3438 1987 percipiendum

186 2017 246 2070 ὲν
272 2016 514 2087 τοσούτῳ
543 2017 719 2089 χρόνῳ
758 2018 923 2071 πόσον
954 2019 1085 2071 ποτὲ
1113 2018 1213 2089 τῆς
1243 2018 1526 2089 δυνάμεως
1558 2017 1711 2071 ταύτι

1916 2027 2038 2083 sset,
2065 2033 2160 2088 per
2198 2025 2350 2072 tanta
2402 2015 2706 2080 intervalla,
2756 2019 3020 2083 quantum
3053 2007 3272 2062 tandem
3321 2004 3441 2074 ejus

185 2108 251 2164 lx
278 2108 378 2162 τοῦ
406 2109 614 2180 κόσμου
643 2109 904 2183 ὲμειώθη.
947 2109 1109 2163 Ἀλλά
1137 2111 1315 2164 πάντα
1343 2110 1548 2182 ὁμοίως
1589 2109 1710 2181 μένε

1914 2111 2107 2176 Lrtutis,
2136 2128 2168 2166 e
2191 2109 2394 2164 mundo
2419 2109 2689 2162 minutum
2723 2110 2891 2161 esset.
2922 2104 2990 2156 At
3023 2101 3205 2156 omnia
3242 2098 3439 2155 simili-

186 2201 355 2265 Τίνας
391 2201 451 2256 δὲ
500 2201 704 2274 θυμοὺς
752 2203 849 2273 οὐχ
898 2202 1243 2273 ὑπερϐέϐηκε
1284 2202 1365 2273 τῷ
1396 2202 1644 2273 ἀπιθάνῳ
1670 2219 1711 2255 κε

1915 2218 1953 2256 :r
1976 2209 2350 2273 perseverant.
2396 2199 2544 2268 Quos
2575 2214 2705 2254 vero
2736 2198 2948 2251 animos
2984 2207 3289 2263 sensusque
3323 2189 3440 2244 haec

185 2293 383 2356 ταῦτα,
412 2292 503 2346 ὅτε
548 2292 690 2346 κατὰ
727 2292 823 2364 τὴν
864 2292 1121 2363 ὀφθεῖσαν
1153 2294 1211 2364 ἐν
1252 2292 1387 2364 ἡλίῳ
1433 2292 1617 2347 εἰκόνα
1664 2293 1710 2345 τί

1916 2310 2091 2365 uoque
2120 2309 2232 2350 non
2263 2307 2549 2350 excessere
2600 2298 2661 2345 ut
2710 2290 2867 2343 ﬁdem
2918 2287 3155 2357 aliquam
3193 2296 3441 2338 merean-

185 2386 321 2458 ὕλης
349 2386 444 2439 τὸν
472 2386 752 2458 ἄνθρωπον
790 2385 1179 2459 δημιούργημα
1216 2382 1356 2440 εἶναι
1385 2385 1623 2454 λέγωσι;
1655 2388 1710 2439 Kl

1915 2402 1979 2452 ιε’,
2016 2400 2141 2443 cum
2185 2393 2432 2440 creatum
2479 2382 2665 2437 dicant
2712 2381 2991 2435 hominem
3038 2386 3201 2445 atque
3239 2372 3440 2427 formae

184 2477 297 2548 γὰρ
325 2475 537 2539 εἰκόνες
565 2476 757 2529 εἴδωλα
796 2478 903 2530 sici.
928 2476 1039 2533 τῶν
1081 2476 1423 2549 ἀρχετύπων.
1460 2477 1523 2530 El
1550 2476 1595 2530 δ’
1628 2476 1709 2547 ήλε

1917 2497 1983 2535 Im
2014 2481 2085 2536 ad
2122 2479 2362 2534 materiae
2402 2477 2695 2548 imaginem
2726 2476 2782 2530 in
2834 2474 2950 2529 sole
2977 2470 3188 2528 visam?
3226 2465 3442 2539 Quippe

183 2570 282 2641 τὴν
315 2570 503 2623 εἰκόνα
524 2568 926 2635 καταλείπουσι,
989 2569 1092 2624 ποῦ
1122 2570 1182 2623 τὸ
1226 2569 1593 2641 παράδειγμα,
1627 2586 1708 2640 πρι

1916 2573 2132 2645 uagines
2179 2570 2475 2629 simulacra
2518 2575 2648 2624 sunt
2683 2566 2953 2636 nudaeque
3000 2558 3441 2633 reprmsentatim

183 2662 324 2735 ὅπερ
362 2662 396 2734 ή
429 2659 593 2726 εἰκὼν
625 2661 807 2723 αὐτοῖς
838 2662 1287 2727 ἀναπέπλασται;
1323 2662 1397 2716 Ού
1427 2662 1538 2733 γὰρ
1571 2660 1636 2732 δὴ
1666 2677 1708 2714 ατ

1915 2680 1971 2720 es
2015 2662 2324 2735 principum
2370 2660 2695 2727 formarum.
2744 2657 2904 2725 Quod
2951 2657 2997 2711 si
3051 2653 3342 2724 imaginem
3384 2650 3440 2704 in

185 2752 281 2806 τόν
309 2770 378 2822 γε
422 2753 516 2807 τὸν
546 2752 830 2825 ἄνθρωπον
862 2755 1093 2824 φήσουσι
1137 2753 1227 2807 τὸν
1264 2753 1435 2816 δντως
1479 2751 1710 2823 ἄνθρωπε

1914 2756 1985 2811 )Ie
2011 2755 2318 2819 includunt,
2355 2753 2579 2807 ubinam
2624 2750 2903 2819 exemplar
2932 2747 3001 2802 ad
3027 2746 3175 2817 quod
3205 2744 3286 2800 eis
3329 2743 3439 2799 elli-

184 2838 360 2900 εῐναι·
394 2845 517 2899 οὐδὲ
552 2845 651 2916 τὴν
683 2844 909 2917 δύναμιν
936 2845 1035 2917 τὴν
1065 2844 1235 2899 θείαν.
1272 2844 1486 2917 Ταύτην
1524 2846 1622 2917 μὲν
1654 2844 1709 2913 γὲ

1930 2864 1961 2903 a
1998 2856 2082 2904 est
2106 2847 2316 2918 imago?
2345 2844 2502 2901 Haud
2531 2860 2664 2900 sane
2716 2844 2862 2899 enim
2904 2840 3189 2895 hominem
3238 2837 3450 2908 ipsum,

185 2935 330 3007 πρὸς
377 2935 479 3008 τὴν
524 2934 656 3008 ὕλην
706 2936 1055 3008 μιγνύουσινο
1103 2939 1162 2991 ἐν
1190 2938 1326 3010 ἡλίῳ
1358 2936 1415 2991 δὲ
1452 2937 1549 3010 τὴν
1580 2938 1710 2993 είκόι

1910 2955 1996 2995 ere
2021 2939 2319 3004 hominem,
2351 2936 2554 2991 dicturi
2583 2943 2744 3002 sunt;
2784 2948 2963 3003 neque
2991 2930 3234 2986 divinam
3268 2929 3435 2984 virtu-

185 3028 469 3101 ἑωρᾶσθαι
500 3026 767 3099 λέγουσιν,
793 3028 852 3092 ὃς
877 3029 1093 3098 ἐγένετο
1134 3028 1254 3083 κατ’
1285 3028 1482 3093 αὐτοὺς
1520 3028 1629 3083 ἀπὸ
1665 3027 1710 3083 τί

1917 3044 2179 3085 :mznam
2238 3028 2380 3084 hanc
2432 3025 2650 3098 quidem
2705 3039 2830 3079 cum
2888 3021 3121 3095 materia
3175 3020 3442 3086 miscent;

185 3120 329 3192 πρὸς
366 3119 473 3192 τὴν
511 3118 644 3191 ὓλην
692 3117 918 3191 ὓστερον
957 3118 1301 3191 διακρίσεως.
1351 3118 1488 3172 Ἀλλ’
1518 3118 1639 3172 οὐδὲ
1666 3118 1710 3172 τί

1919 3118 2162 3189 uaginem
2192 3132 2325 3172 vero
2370 3117 2427 3171 in
2462 3116 2578 3174 sole
2625 3114 2798 3170 visam
2843 3112 3075 3178 docent;
3114 3110 3229 3181 qui,
3262 3118 3325 3163 ut
3367 3107 3444 3162 illi

184 3209 591 3284 δημιουργικὴν
633 3211 839 3266 αἰτίαν
876 3209 1080 3281 ταύτην
1110 3210 1217 3283 γὰρ
1249 3210 1342 3264 ἐπὶ
1378 3210 1623 3282 σωτηρίᾳ
1666 3211 1709 3262 τῆ

1918 3210 2186 3280 pinantur,
2223 3215 2414 3277 postea
2454 3203 2708 3259 conditus
2729 3210 2897 3257 estex
2937 3201 3243 3267 secretione
3277 3208 3443 3254 mate-

1944 3316 1954 3317 κ
2011 3297 2075 3317 Ω-
2103 3298 2115 3317 I
2148 3314 2176 3317 μ
2198 3312 2321 3317 -m---
2359 3310 2572 3317 ------..-
2607 3309 2787 3317 ..-_.-...
2816 3293 3059 3317 ληξηιυιυυι
3089 3311 3101 3317 -
3123 3292 3263 3317 ιιι-ιιι
3302 3291 3443 3317 Ανιέυνι

186 3303 339 3368 θείας
366 3301 648 3373 δυνάμεως
672 3301 1132 3373 καταπεπέμφθαι
1156 3302 1306 3372 φασί·
1332 3302 1428 3354 καὶ
1456 3300 1591 3372 πρὸς
1612 3298 1711 3371 ήλίι

1920 3316 1981 3355 ae.
2011 3297 2119 3354 Sed
2148 3312 2327 3368 neque
2353 3310 2576 3351 causam
2607 3309 2791 3349 rerum
2812 3293 3063 3364 opilicem
3089 3292 3266 3352 :hanc
3298 3291 3445 3346 enim

188 3396 312 3449 κατ’
347 3393 549 3456 αὐτοὺς
578 3390 797 3457 πάντως
830 3410 893 3462 γε
920 3391 1128 3463 ταύτην
1156 3390 1402 3445 τακτέον·
1449 3389 1713 3462 ἐπειδήπεγ

1926 3393 2095 3447 issam
2125 3390 2295 3446 luisse
2322 3389 2475 3445 aiunt
2504 3386 2574 3443 ad
2601 3388 2831 3443 salutem
2858 3386 3057 3441 divinae
3082 3384 3271 3439 virtuti
3303 3397 3445 3453 prae-

189 3483 502 3557 ἀςριγμέύης
521 3483 710 3555 αὐτῆς,
728 3484 819 3538 τὸν
841 3483 991 3556 ἥλιον
1012 3484 1106 3541 καὶ
1128 3483 1227 3555 τὴν
1253 3482 1482 3555 σελήνην
1510 3481 1610 3552 τῆς
1634 3480 1714 3533 ὓλτ

1925 3482 2124 3538 audam
2156 3501 2170 3537 :
2203 3482 2427 3557 omnino
2472 3495 2580 3551 quo
2615 3480 2833 3534 illorum
2877 3476 3148 3534 sententia
3190 3476 3306 3531 haec
3342 3474 3445 3529 soli

189 3553 593 3649 ᾲποκεκρίσθαι
626 3553 991 3648 μϐέϐηκεν.
1184 3553 1194 3555 _
1370 3553 1377 3555 ⁷

1919 3573 2197 3631 scribenda
2249 3573 2356 3640 sit;
2404 3553 2611 3627 idcirco
2652 3571 2934 3636 nimirum,
2983 3568 3128 3638 quod
3172 3567 3293 3636 ejus
3341 3566 3444 3620 ad-

1866 3673 2032 3721 ventu
2079 3680 2144 3720 ac.
2191 3665 2480 3735 praesentia
2522 3662 2772 3734 contigit,
2816 3660 3094 3733 segregari
3143 3673 3176 3713 a
3213 3658 3446 3713 materia

1868 3758 2040 3815 solem
2075 3763 2129 3811 et
2161 3756 2365 3809 lunam.

272 3842 365 3897 Ἑν
386 3842 526 3914 ἡλίῳ
556 3842 613 3896 δὲ
641 3842 739 3914 τὴν
761 3842 941 3899 είκόνα
976 3842 1253 3917 ἑωρᾶσθαι
1290 3841 1525 3913 λέγουσι’
1541 3843 1771 3915 πεποίη-
1794 3854 1797 3861 ‘

1938 3843 2110 3901 Porro
2142 3844 2198 3899 in
2226 3845 2340 3901 sole
2365 3844 2553 3899 dicunt
2584 3843 2758 3900 visam
2791 3858 2916 3899 esse
2958 3843 3287 3913 imaginem;
3324 3856 3445 3897 ma-

188 3953 286 3991 κεν
343 3935 403 3989 δὲ
423 3937 460 4007 ἡ
496 3935 620 4008 ὕλη,
652 3936 806 4009 φασὶ,
826 3935 917 3991 τὸν
940 3934 1244 4007 ἄνθρωπον.
1276 3935 1395 3990 Τίνι
1432 3935 1561 3989 ποτὲ
1585 3935 1713 4006 τρότι

1919 3936 2065 3990 :riam
2108 3950 2239 3992 vero
2276 3934 2467 3990 dicunt
2500 3933 2812 3990 condidisse
2858 3933 3154 3988 hominem.
3195 3933 3444 4000 Quonam

189 4028 223 4099 ἢ
256 4027 377 4091 πῶς
400 4044 415 4093 ς
444 4028 582 4081 Οὐδὲ
612 4027 722 4100 γὰρ
753 4027 1059 4082 πλάσασθαι
1081 4044 1146 4096 γε
1176 4026 1333 4081 τοῦτο
1362 4027 1604 4083 δυνατόν.
1626 4027 1714 4100 Ilo

1919 4027 2095 4083 mdem
2125 4027 2310 4093 modo,
2337 4043 2513 4100 quave
2539 4026 2790 4081 ratione?
2810 4024 2996 4097 Neque
3020 4027 3165 4082 enim
3185 4026 3290 4081 hoc
3322 4026 3444 4084 sani

188 4116 302 4188 γὰρ
333 4115 413 4187 τῷ
446 4116 662 4170 εἴδωλον
687 4114 908 4169 είδώλου
941 4115 1032 4168 τὸν
1076 4114 1363 4184 ἄνθρωπον
1393 4114 1662 4185 ὑπάρχειν
1688 4131 1713 4167 ο

1922 4121 2066 4191 ιρὶιίε
2109 4135 2232 4177 esse
2259 4121 2436 4191 possit
2483 4127 2874 4175 commentum.
2903 4118 3272 4189 Praeterquam
3299 4118 3447 4189 quod

189 4226 302 4272 τως
334 4224 399 4277 γε
427 4208 549 4262 κατ’
574 4208 793 4273 αὐτοὺς,
824 4207 919 4261 καὶ
953 4206 1223 4278 μηδεμίαν
1276 4207 1419 4278 ἔχειν
1449 4205 1714 4259 ὑπόστασι

1921 4214 2037 4278 lim,
2076 4212 2224 4284 quod
2269 4213 2343 4279 ita
2374 4212 2633 4276 sentiant,
2663 4212 2826 4266 homo
2872 4211 3036 4266 inane
3086 4211 3446 4267 simulacrum

190 4301 275 4354 ἔτι
306 4299 430 4353 οὐδὲ
460 4300 539 4363 εἰς
563 4298 769 4353 ἔννοιάν
802 4302 946 4353 ἐστιν
988 4299 1145 4369 ἥκειν
1171 4298 1466 4368 δυνάμενα,
1508 4298 1625 4361 πῶς
1674 4300 1715 4351 τί

1967 4304 2050 4360 nis
2082 4304 2361 4360 simulacri
2409 4302 2628 4358 futurus
2664 4303 2756 4370 sit,
2800 4316 2864 4356 ac
2893 4301 2989 4372 qui
3032 4301 3239 4356 nullam
3260 4316 3445 4355 veram
3484 4366 3488 4373 ι

194 4390 331 4465 ζολης
388 4389 547 4461 ἔργον
598 4390 747 4443 ἐστὶν
778 4392 807 4443 ὁ
850 4389 1151 4461 ἄνθρωπος.
1205 4390 1280 4442 Τὸ
1330 4389 1437 4459 γὰρ
1466 4388 1719 4457 λογίζεσθ

1920 4397 2069 4451 abeat
2110 4395 2511 4460 exsistentiam,
2538 4394 2718 4449 adhuc
2747 4409 2848 4449 nec
2883 4393 2937 4447 in
2979 4401 3218 4448 mentem
3257 4392 3445 4446 venire

190 4485 289 4537 καὶ
315 4481 603 4537 αἰσθέσθαι
631 4482 751 4535 οὐδὲ
775 4482 872 4554 τῆς
928 4483 1048 4536 κατ’
1078 4481 1274 4546 αὐτοὺς
1303 4481 1435 4552 ὕλης
1482 4482 1649 4535 ἐστίν.
1679 4481 1715 4534 Τ

1917 4495 2073 4553 otest,
2105 4502 2342 4558 quonam
2376 4487 2538 4542 modo
2570 4487 2733 4542 homo
2754 4486 2996 4541 materiae
3024 4500 3165 4556 opus
3193 4482 3442 4538 exsistat.

188 4574 250 4629 δὲ
279 4575 404 4631 κατ’
429 4574 628 4637 αὐτοὺς
660 4574 688 4627 ὁ
715 4572 998 4646 ἄνθρωπος
1021 4591 1036 4640 ;
1057 4569 1204 4646 Ἀρά
1232 4590 1296 4642 γε
1341 4573 1404 4627 τὸ
1449 4575 1512 4627 ἐκ
1546 4574 1644 4645 τῆς
1667 4573 1713 4642 ψη

1921 4580 2085 4634 tenim
2116 4580 2329 4635 ratione
2361 4595 2633 4649 sensuque
2666 4578 2767 4647 uti,
2792 4592 2904 4632 non
2932 4577 3054 4646 ejus
3084 4574 3321 4630 materias
3339 4580 3443 4639 est,

188 4666 297 4739 χῆς
322 4666 417 4719 καὶ
447 4663 699 4736 σώματος
731 4666 945 4737 μίγμα;
974 4666 1007 4737 ἢ
1033 4666 1096 4720 τὸ
1117 4666 1326 4738 ἕτερον,
1363 4665 1398 4734 ἢ
1438 4666 1500 4718 τὸ
1528 4665 1654 4737 ὅλης
1677 4664 1713 4736 ιιι

1920 4686 2033 4725 nam
2074 4672 2179 4743 ipsi
2218 4676 2483 4727 statuunt.
2513 4668 2685 4735 Quem
2720 4683 2850 4723 vero
2875 4666 3149 4722 hominem
3178 4664 3445 4731 sentiunt,

186 4754 297 4830 χῆς
315 4756 599 4828 ἀνωτέρω,
628 4757 787 4823 νοῦς;
828 4757 965 4812 Ἀλλ’
982 4756 1094 4811 εἴτε
1116 4755 1237 4821 νοῦς
1261 4759 1399 4820 ἐστι,
1426 4756 1541 4821 πῶς
1568 4758 1628 4810 τὸ
1648 4757 1711 4811 κά

1917 4763 2124 4819 uisnam
2152 4762 2270 4819 est?
2300 4760 2441 4816 Num
2470 4760 2617 4832 quod
2642 4776 2707 4815 ex
2745 4760 2928 4815 anima
2956 4773 3021 4813 ac
3062 4772 3294 4827 corpore
3336 4755 3442 4812 mi-

187 4845 305 4903 λισν
333 4846 533 4915 γένοιτ’
566 4846 634 4901 ἂν
661 4846 755 4901 τοῦ
788 4848 1028 4919 χείρονος
1058 4846 1251 4918 ἔργον;
1276 4846 1386 4899 εἴτε
1413 4847 1577 4918 ψυχὴ⁹
1615 4845 1712 4919 (ται

1912 4863 2015 4909 tum
2045 4854 2167 4909 est?
2187 4870 2257 4909 an
2286 4853 2537 4915 alterum,
2569 4850 2654 4905 vel
2677 4849 2822 4920 quod
2844 4856 2955 4905 tota
2985 4848 3165 4902 anima
3182 4845 3437 4918 superius

187 4956 292 5009 την
319 4937 380 4991 δὲ
406 4936 506 5009 τὴν
539 4937 689 4993 θείαν
708 4938 934 5010 δύναμιν
964 4933 1103 4991 εἶναι
1147 4938 1364 5007 λέγουσι
1390 4938 1411 5008 )
1444 4937 1583 5001 πῶς,
1617 4938 1712 5007 ἀφι

1919 4952 1978 5007 st,
2019 4958 2176 4999 mens
2215 4943 2426 4998 scilicet
2465 4948 2629 5011 atque
2671 4938 2926 4995 animus?
2970 4937 3097 5003 Sed,
3129 4937 3243 4992 sive
3288 4950 3444 4991 mens

190 5026 454 5103 ρούμενοι
508 5027 602 5082 τὸν
632 5028 765 5083 Θεὸν
805 5029 903 5101 τὴν
936 5028 1086 5083 θείαν
1118 5027 1371 5100 δύναμιν,
1416 5028 1621 5101 ταύτην
1665 5030 1715 5083 ὑπ

1917 5043 1974 5101 ιι,
1999 5049 2236 5106 quonam
2278 5033 2437 5089 modo
2470 5031 2618 5103 quod
2668 5030 2965 5102 perfectius
3009 5036 3095 5086 est
3126 5036 3292 5100 atque
3331 5043 3442 5082 me-

187 5118 290 5190 τὴν
335 5118 443 5189 τῆς
492 5117 625 5191 ὕλης
679 5119 1039 5192 δημιουργίαν
1084 5119 1546 5184 κατατάττουσιν;
1594 5120 1656 5173 El

1917 5142 2001 5191 us,
2039 5124 2329 5182 deterioris
2377 5140 2516 5195 opus
2549 5122 2856 5179 exstiterit?
2893 5122 3010 5178 sive
3052 5120 3234 5175 anima
3280 5119 3442 5191 (hanc

187 5211 252 5266 τὺ
294 5210 462 5283 σῶμα
517 5213 675 5285 μόνον
724 5213 1165 5277 καταλείπουσιν,
1206 5212 1712 5283 ἀναμιμνησκέτωσς

1916 5236 2003 5275 ero
2030 5219 2271 5274 divinam
2317 5219 2572 5274 virtutem
2615 5214 2833 5284 dicunt)
2880 5214 3152 5284 quomodo
3205 5212 3441 5267 ablatam

188 5304 379 5370 πάλιν,
406 5304 492 5361 ὅτι
515 5302 671 5359 τοῦτο
697 5304 817 5359 καθ’
846 5304 1006 5358 ἑαυτὸ
1037 5303 1097 5358 ὃν
1126 5304 1402 5375 ἀκίνητον,
1436 5304 1535 5376 τῆς
1557 5303 1613 5357 δὲ
1641 5303 1713 5357 si:

1916 5327 1985 5368 eo
2034 5310 2275 5365 divinam
2317 5308 2461 5364 hanc
2499 5306 2781 5373 virtutem,
2827 5305 3068 5361 materiae
3104 5302 3326 5374 opiﬁcio
3377 5317 3441 5359 ac

188 5399 290 5472 τὴν
330 5397 523 5453 οὐσίαν
570 5398 781 5463 κίνησιν
817 5392 955 5451 εῖναι
991 5396 1173 5466 φασίν.
1211 5395 1373 5451 Ἀλλὰ
1428 5396 1533 5470 μὴν
1560 5395 1713 5451 οὔτε¹

1916 5400 2136 5457 reationi
2184 5414 2304 5456 eam
2350 5396 2687 5467 subjiciunt?
2731 5394 2887 5462 Quod
2926 5395 2974 5450 si
3016 5395 3192 5450 solum
3239 5408 3441 5464 corpus

188 5490 343 5544 οὒδέν
371 5488 498 5544 καθ’
523 5488 683 5543 ἑαυτὸ
715 5490 810 5543 ἐπὶ
856 5490 953 5560 τὴν
984 5488 1115 5561 ὕλην
1137 5488 1362 5558 ἄγεσθαι
1391 5488 1608 5544 οἴονται.
1639 5490 1712 5543 Ού

1914 5495 2206 5563 alinquunt,
2246 5490 2589 5551 meminerint
2613 5504 2807 5547 rursus
2834 5488 3012 5560 ipsum
3043 5502 3139 5558 per
3170 5502 3230 5543 se
3259 5486 3439 5558 ipsum

186 5582 249 5634 τὸ
268 5583 336 5635 ὲκ
356 5580 564 5635 τούτων
610 5581 877 5646 συνεστὼς
919 5580 1138 5651 εὔλογον
1185 5581 1387 5653 ταύτης
1427 5580 1587 5653 ἔργον
1630 5577 1711 5635 εἴν

1916 5587 2147 5643 nmobile
2187 5599 2330 5652 esse,
2374 5582 2725 5654 materiasque
2770 5581 3064 5638 essentiam
3111 5588 3317 5635 motum
3354 5578 3441 5634 di-

191 5669 620 5743 ύπολαμϐάνειν.
676 5672 788 5727 Καὶ
818 5672 924 5744 μὴν
963 5673 1025 5727 τὸ
1075 5673 1364 5745 γενόμενον
1415 5675 1520 5728 ὑπό
1549 5693 1665 5741 του,
1688 5677 1716 5730 ὃ

1914 5695 2018 5735 ere.
2051 5677 2118 5731 At
2146 5689 2321 5746 neque
2348 5688 2466 5730 rem
2493 5673 2662 5728 ullam
2683 5675 2856 5744 ipsam
2884 5687 2982 5742 per
3002 5685 3062 5726 se
3081 5685 3255 5740 exque
3282 5667 3439 5739 genio

192 5765 411 5829 πάντως
443 5768 626 5837 χεῖρον
646 5765 855 5819 ἐκείνου
880 5806 895 5829 ,
932 5767 1410 5838 ἀναμφισϐήτητον
1437 5764 1576 5823 εῖναι
1603 5769 1717 5823 δοκε

1915 5771 1942 5825 [1
1965 5769 2245 5825 materiam
2269 5768 2414 5823 trahi
2445 5768 2777 5823 existimant.
2807 5763 2916 5819 Nec
2941 5761 3087 5834 quod
3106 5777 3174 5817 ex
3204 5762 3290 5816 his
3315 5775 3440 5815 con-

190 5857 349 5924 031p
379 5858 491 5931 γὰρ
522 5860 554 5914 ό
578 5858 781 5929 κόσμος
805 5858 901 5931 τού
923 5859 1268 5934 Δημιουργού
1293 5863 1492 5944 χεῖρον*
1522 5863 1619 5917 καὶ
1666 5863 1715 5916 τί

1915 5870 2057 5917 atum
2112 5867 2214 5924 est.
2263 5868 2322 5917 ut
2376 5861 2497 5934 ejus
2543 5875 2680 5922 opus
2735 5857 3073 5916 existimetur
3111 5853 3440 5909 conveniens
