3862 6158
417 368 520 424 ιιδ

1405 354 1802 419 ALEXANDBI
1841 350 2150 410 EPISCOPI
2186 342 2689 404 LYCOPOLITANI

3546 333 3661 390 6M

417 487 520 535 est.
549 476 695 533 Sane
725 477 872 548 quod
901 477 971 533 ab
1015 475 1201 545 aliquo
1232 471 1512 529 conditum
1535 476 1641 537 est,
1681 468 1736 522 id
1764 467 1857 523 illo
1891 465 1989 522 de-

2122 462 2381 536 εχνητῶν,
2406 462 2505 515 ὅσα
2526 458 2729 512 τούτων
2760 454 2918 527 ἔργα.
2957 454 3021 508 Et
3038 449 3131 511 οὖν
3160 452 3259 522 τῆς
3285 449 3414 521 ὕλης
3440 447 3604 521 ἔργον
3631 450 3661 504 6

418 571 590 626 terius
634 584 757 625 esse
808 576 867 623 ut
922 569 1295 629 existimetur,
1348 572 1502 621 extra
1556 561 1984 619 controversiam

420 667 522 717 est.
565 658 659 714 Sic
685 659 828 715 enim
870 657 1109 714 mundus
1140 657 1403 712 Creatore
1443 655 1707 717 deterius,
1738 667 1831 707 seu
1860 649 1987 719 Opi-

421 752 550 818 ﬁce;
583 757 639 807 et
675 750 999 814 artiﬁcibus,
1043 765 1382 819 quaecunque
1431 748 1565 802 artis
1595 759 1765 816 opera
1811 749 1980 799 sunt:

2090 554 2393 624 ἄνθρωπος,
2418 551 2634 611 πάντως
2668 564 2769 599 που
2807 544 3010 615 ταύτης
3045 545 3240 614 χεῖρον.
3278 540 3446 611 "rm;
3474 539 3529 592 δὲ
3566 538 3660 592 κά-

2091 656 2207 694 κιον
2230 641 2277 692 οἱ
2303 638 2490 709 ἄνδρες
2509 634 2657 688 οὐδὲν
2681 632 3078 687 καταλείπουσιυ
3099 630 3191 683 καὶ¹
3218 630 3317 682 οὐκ
3335 627 3445 682 ἴσον
3471 630 3534 698 τῇ
3557 627 3660 700 ῦλῃ

2097 730 2387 805 μίγνυσθαι
2426 728 2525 805 τὴν
2553 726 2701 779 θείαν
2727 724 2953 795 δύναμιν
2978 723 3071 776 καὶ
3095 721 3174 792 τῷ
3208 720 3407 791 ταύτης
3432 719 3641 790 χείρονι

421 842 566 913 quod
603 850 782 896 autem
823 810 1327 895 materia-deterius
1361 839 1467 905 sit,
1502 810 1652 891 nihil.
1676 836 1752 896 illi
1796 832 1986 888 volunt
2012 826 2284 897 reliquum
2328 836 2473 877 esse.
2502 817 2611 873 Nec
2665 832 2765 887 par
2806 823 2891 871 est
2953 815 3168 868 misceri
3205 812 3463 877 materiae,
3516 816 3574 865 et
3613 810 3665 865 ei

422 936 562 1006 quod
589 934 818 989 materia
845 935 1085 989 deterius
1114 938 1205 988 sit.

493 1030 625 1096 Quae
647 1045 789 1097 vero
817 1030 974 1101 quasi
1013 1028 1353 1100 indulgentia
1401 1043 1466 1083 ac
1495 1023 1870 1098 dispensando
1908 1021 1995 1077 di-

421 1129 571 1188 cunt,
597 1122 712 1176 haec
739 1137 841 1177 nec
858 1123 1158 1193 intelligere
1182 1122 1454 1189 videntur.
1474 1120 1615 1187 Quid
1648 1119 1793 1179 enim
1817 1129 1997 1178 causae

422 1221 524 1279 est,
556 1230 657 1268 cur
694 1213 791 1270 Dei
822 1216 1114 1286 imaginem
1144 1217 1197 1270 in
1224 1216 1587 1271 substantiam
1620 1210 1860 1267 hominis
1882 1222 1998 1261 ma-

422 1305 615 1359 teriam
641 1307 895 1376 alligasse
924 1308 1283 1362 existiment?
1309 1307 1417 1362 Aut
1457 1322 1557 1362 cur
1582 1319 1692 1359 non
1733 1304 1851 1373 ipsa
1882 1299 1997 1356 suf-

423 1397 613 1453 ticiens
650 1398 853 1469 imago,
886 1400 1034 1455 velut
1074 1400 1130 1454 in
1180 1400 1439 1470 speculis,
1472 1406 1533 1452 ut
1567 1397 1729 1451 homo
1770 1407 1997 1464 appare-

424 1487 546 1540 ret?
575 1487 681 1541 Aut
708 1490 854 1543 sicut
894 1489 1011 1560 ipse
1042 1492 1146 1556 sol,
1180 1491 1248 1545 ad
1284 1490 1528 1545 omnium
1551 1502 1672 1559 quae
1699 1498 1996 1557 procreau-

424 1586 535 1645 tur,
565 1590 747 1634 ortum
769 1595 833 1636 ac
851 1583 1133 1637 interitum
1162 1582 1437 1638 suﬂiciens
1458 1588 1562 1645 est,
1587 1594 1807 1648 suaeque
1825 1576 1997 1647 ipsius

426 1672 722 1728 creationis
768 1674 1082 1745 imaginem,
1134 1691 1233 1746 pro
1278 1674 1502 1730 creandi
1539 1687 1765 1728 munere
1811 1685 1874 1723 ac
1911 1668 1996 1722 fa-

2180 1011 2250 1064 Ἀ
2280 1007 2337 1061 δὲ
2366 999 2804 1073 οἰκονομούμενοι
2838 997 3076 1066 λέγουσι,
3111 994 3281 1049 ταῦτα
3310 994 3416 1047 οὐδ’
3447 995 3668 1065 ἐπινοῆ-

2104 1120 2193 1157 σαι
2224 1099 2449 1154 οτονται.
2476 1094 2575 1148 Διά
2622 1093 2675 1145 τί
2722 1090 2829 1163 γὰρ
2863 1091 2961 1159 τῆς
2997 1088 3300 1159 κρείττονος
3352 1086 3554 1149 εἰκόνος
3586 1088 3669 1150 εἰς

2100 1194 2200 1265 τὴν
2231 1189 2325 1245 τοῦ
2346 1184 2629 1258 ἀνθρώπου
2656 1182 2951 1235 ὑπόστασιν
2979 1179 3076 1248 τὴν
3098 1176 3227 1247 ῦλην
3250 1176 3493 1229 δεδέσθαι
3519 1177 3672 1247 νομί-

2105 1264 2287 1351 ζουσιν
2310 1298 2324 1347 ;
2350 1280 2424 1333 Ἥ
2440 1277 2528 1331 διὰ
2548 1276 2605 1329 τί·
2632 1274 2731 1327 οὐκ
2761 1272 3036 1342 αὐτάρκης
3065 1271 3098 1338 ὴ
3131 1264 3312 1331 εἰκὼν,
3337 1266 3411 1329 ὼς
3436 1267 3528 1318 ἐπὶ
3556 1264 3671 1318 τῶν

2100 1375 2442 1445 κατόπτρων,
2484 1368 2619 1440 πρὸς
2676 1365 2737 1420 τὸ
2784 1361 3079 1433 πεφηνέναι
3125 1359 3215 1412 τὸν
3254 1357 3568 1429 ἄνθρωπον;
3598 1359 3674 1410 ἺΙ

2097 1468 2351 1536 καθάπερ
2383 1462 2543 1524 αὐτὸς
2575 1462 2602 1512 6
2626 1457 2777 1529 ἥλιος
2816 1454 2951 1524 πρὸς
2987 1450 3199 1520 γένεσιν
3247 1448 3499 1503 ἁπάντων
3557 1447 3675 1500 τῶν

2097 1535 2398 1627 γινομένων
2434 1550 2528 1604 καὶ⁴
2582 1545 2784 1617 φθορὰν
2819 1541 3112 1611 αὐτάρκης
3141 1537 3441 1608 ἐμιμήσατο
3467 1535 3524 1587 δὲ
3572 1535 3673 1605 τὴν

2099 1625 2284 1701 εἰκόνα
2341 1641 2482 1697 κατὰ
2531 1638 2629 1710 τὴν
2675 1634 2889 1706 ποίησιν
2917 1632 3013 1701 τῆς
3074 1628 3338 1699 σφετέρας
3381 1627 3548 1695 αὐτῆς
3573 1625 3673 1697 δη-

431 1716 722 1728 ---ηηηω
769 1716 1082 1745 ..,...,,...υ...,
1137 1716 1232 1746 ,ην
1278 1716 1502 1730 ww...“
1539 1716 1765 1728 .......---
1811 1716 1873 1723 _-
1911 1716 1964 1722 --

427 1760 609 1815 ciendi
640 1764 926 1820 aemulatus
960 1773 1065 1821 est.
1095 1765 1342 1831 Quonam
1381 1764 1597 1820 tandem
1623 1764 1839 1818 illorum
1876 1774 1997 1830 quae

2122 1733 2410 1806 ιιουργίας.
2438 1731 2556 1783 Τίνι
2584 1726 2713 1781 ποτὲ
2743 1718 2817 1779 ὧν
2844 1719 3025 1793 εἶχεν;
3055 1716 3201 1792 ’Ἃρά
3222 1736 3284 1788 γε
3313 1720 3378 1789 τῇ
3418 1716 3674 1789 μιχθείσῃ

428 1849 634 1905 habet?
670 1851 812 1923 Ergo
846 1855 1031 1909 divina
1064 1857 1242 1912 virtus
1274 1857 1355 1913 sic
1388 1865 1651 1926 spectata,
1686 1851 1877 1921 organi
1915 1865 2007 1904 ra-

429 1942 638 1997 tionem
685 1953 939 2014 respectu
1002 1948 1245 2001 materiae
1288 1946 1490 2001 habet?
1539 1944 1645 1998 Sed
1696 1941 2007 1996 inordinata

431 2038 605 2098 motu,
637 2049 747 2103 quo
786 2035 865 2090 sic
911 2034 1087 2088 forma
1121 2038 1405 2090 materiam
1440 2032 1680 2089 imbuat?
1710 2032 1908 2086 Verum
1932 2030 2009 2086 si-

431 2123 585 2177 milia
615 2124 820 2190 omnia,
868 2126 1146 2197 exquisito
1189 2126 1379 2182 ordine
1427 2124 1783 2196 diligentique
1816 2137 2004 2192 opera,

430 2210 696 2269 imitando
726 2216 888 2270 ﬁnem
936 2227 1329 2287 assequuntur.
1366 2215 1553 2287 Neque
1589 2218 1735 2271 enim
1783 2214 2004 2269 domum

433 2310 528 2356 aut
560 2308 765 2372 navim,
798 2309 883 2364 vel
904 2309 1037 2378 quid
1070 2309 1222 2364 aliud
1251 2310 1574 2365 artel‘actum
1598 2305 2005 2363 inordinatione

433 2411 676 2465 unquam
738 2400 988 2469 praestari
1036 2402 1460 2469 arbitrabimur;
1511 2417 1691 2471 neque
1739 2406 2001 2465 statuam,

434 2489 592 2631 fujus
630 2503 721 2545 ars
762 2488 1029 2547 fabricam
1077 2493 1146 2548 ad
1178 2494 1419 2550 hominis
1472 2493 1835 2549 imitationem
1880 2504 2003 2545 mo-

456 2577 531 2631 ita
554 2588 656 2631 est.

456 2577 531 2632 ita
554 2588 656 2636 est.

2104 1807 2241 1900 πρὸς
2273 1824 2442 1895 αὐτὴν
2475 1820 2593 1892 θείᾳ
2625 1817 2871 1887 δυνάμει,
2906 1812 3099 1867 οὐκοῦν
3144 1813 3200 1864 ὲν
3242 1811 3469 1883 ὀργάνου
3526 1807 3677 1878 λόγῳ

2088 1898 2228 1972 ’θεία
2251 1914 2500 1985 δύναμις,
2533 1910 2676 1964 οὕτω
2713 1925 2776 1976 γε
2820 1906 2954 1976 πρὸς
3001 1904 3098 1975 τὴν
3155 1902 3324 1973 ὖλην;
3388 1898 3549 1952 Ἀλλά
3594 1902 3662 1970 τῇ

2105 2008 2326 2078 ἀτάκτῳ
2354 2005 2586 2075 κινήσει,
2613 2001 2785 2081 οὕτως
2817 1995 3154 2065 ειδοποιούσῃ
3179 1995 3279 2064 τὴν
3302 1992 3465 2064 ὖλην;
3513 1988 3683 2043 Ἀλλὰ

2108 2108 2289 2163 πάντα
2311 2122 2375 2175 γε
2402 2103 2473 2156 τὰ
2496 2103 2656 2172 ὅμοια
2690 2101 2747 2152 ὲν
2771 2095 2955 2162 τάξεσι
3013 2095 3107 2146 καὶ
3139 2090 3442 2160 ἀκριϐείαις
3472 2087 3561 2141 διὰ
3596 2105 3684 2158 μι-

2114 2202 2329 2273 μήσεων
2379 2196 2685 2265 ἀφικνεῖται
2736 2191 2815 2253 είς
2863 2188 3033 2252 τέλος.
3084 2186 3219 2240 Οὐδὲ
3272 2184 3379 2255 γάρ
3421 2182 3599 2236 οὶκίαν
3642 2180 3679 2251 ἦ

2111 2292 2311 2354 πλοῖον,
2340 2290 2448 2361 ἧτι
2478 2287 2662 2355 ἓτερον
2722 2281 2829 2335 τῶν
2862 2278 3116 2351 τεχνιτῶν
3152 2277 3215 2330 δι’
3235 2275 3457 2340 ἀταξίας
3482 2275 3684 2327 ἀποτε-

2107 2381 2314 2434 λεῖσθαι
2340 2377 2557 2431 οἴονται·
2594 2373 2713 2427 οὐδὲ
2756 2371 3065 2442 ἀνδριάντα,
3102 2370 3238 2439 ὅπερ
3288 2368 3321 2436 ἡ
3349 2365 3513 2436 τέχνη
3534 2362 3679 2436 πρὸς

2111 2469 2395 2543 ἀνθρώπου
2433 2467 2659 2539 μίμησιν
2691 2465 3088 2535 ἐμηχανήσατο.

435 2671 569 2728 Car.
600 2672 790 2732 XXIV.
816 2676 1063 2734 Christus
1088 2676 1255 2741 m'ens.
1289 2680 1639 2735 Manichaice.
1676 2678 1816 2746 Quid
1844 2674 2229 2746 ecclesiastice?
2260 2667 2689 2746 inconvenientia
2719 2667 2781 2720 de
2820 2665 3052 2720 Christo.
3088 2660 3319 2717 Passum
3360 2658 3680 2726 umbratica,

1209 2750 1628 2805 Manichaeorum
1658 2740 1929 2804 dilirium.
1960 2744 2112 2798 Nihil
2152 2742 2317 2797 Verbo
2355 2756 2446 2809 per
2466 2740 2731 2809 ﬁctionem
2753 2748 2954 2806 aptum.

506 2858 787 2915 Christum
833 2878 963 2918 vero
1000 2878 1126 2919 cum
1173 2882 1276 2922 nec
1321 2873 1677 2937 cognoscant,
1726 2863 2008 2919 Christum

440 2956 624 3007 tamen
657 2954 835 3023 ipsum
859 2956 1216 3026 appellantes,
1248 2973 1373 3013 cum
1400 2959 1574 3013 altero
1601 2956 1867 3013 sumendo
1898 2956 2009 3011 ele-

2182 2857 2287 2911 Τὸν
2316 2855 2374 2908 δὲ
2427 2852 2662 2926 Χριστὸν
2714 2851 2834 2905 οὐδὲ
2862 2849 3236 2920 γινώσκοντες,
3282 2844 3421 2900 ἀλλὰ
3442 2843 3688 2916 Χριστὸν

2116 2948 2280 3005 αὐτὸν
2309 2943 2802 3020 προσαγορεύοντες
2824 2944 2890 3012 τῇ
2927 2939 3063 3012 πρὸς
3091 2938 3155 2991 τδ
3197 2936 3547 3006 ,ϐ’στοιχεῖον
3586 2948 3690 3003 με..

442 3054 646 3112 mento,
685 3022 946 3118 aliudque
987 3049 1376 3119 signiﬁcatum,
1417 3066 1582 3121 quam
1615 3064 1723 3120 quo
1762 3049 1853 3103 ille
1887 3061 2013 3117 pro-

2122 3039 2364 3112 ταλήψει,
2394 3037 2580 3109 ἕτερον
2612 3032 3005 3105 σημαινόμενον
3036 3030 3155 3083 ἀντὶ
3190 3026 3284 3080 τοῦ
3323 3024 3525 3095 κυρίως
3552 3022 3688 3095 περὶ

444 3137 564 3207 prie
593 3139 879 3208 accipitur,
910 3140 1244 3207 inducendo,
1276 3142 1454 3213 ipsum
1497 3149 1731 3197 mentem
1762 3155 1884 3196 esse
1907 3148 2019 3194 tra-

443 3227 599 3284 dunt.
634 3227 692 3284 Si
718 3230 939 3301 quidem
980 3242 1161 3289 autem
1201 3232 1257 3288 id
1292 3234 1439 3305 quod
1478 3232 1727 3288 noscitur
1772 3245 1837 3285 ac
1868 3228 2017 3301 quod

443 3322 751 3392 cognoscit,
779 3325 1216 3396 sapientiamque
1246 3326 1426 3397 ipsum
1456 3341 1563 3380 una
1596 3340 1728 3380 voce
1747 3323 2015 3388 dicentes,

446 3410 516 3466 iis
553 3427 692 3481 quae,
721 3414 827 3469 viri
868 3416 1228 3472 ecclesiastici
1283 3416 1352 3471 de
1401 3416 1495 3472 illo
1545 3417 1865 3486 loquuntur,
1922 3427 2021 3484 per

446 3504 597 3558 hunc
645 3505 869 3561 modum
925 3510 1237 3565 consentire
1306 3508 1839 3580 deprehenduntur;
1887 3509 2020 3580 quid

446 3606 632 3649 causae
660 3602 767 3662 est,
803 3612 904 3652 cur
929 3615 1169 3666 omnem,
1216 3616 1379 3671 quam
1411 3608 1635 3666 vocant,
1664 3608 1906 3657 veterem
1932 3600 2021 3654 bi-

448 3688 678 3741 storiam
706 3693 1007 3760 respuant?
1039 3692 1098 3745 Si
1142 3708 1296 3758 vero,
1338 3699 1401 3747 ut
1428 3693 1793 3763 quorumdam
1834 3690 2021 3761 opinio

448 3783 559 3841 est,
606 3778 969 3836 adventitium
1012 3782 1190 3853 ipsum
1233 3799 1566 3854 novumque,
1605 3790 1659 3839 et
1691 3783 1785 3854 qui
1815 3782 2023 3838 extrin-

449 3881 613 3924 secus
638 3884 879 3947 casuque
912 3873 1217 3939 intraverit,
1249 3881 1517 3940 statuunt,
1558 3875 1863 3930 videamus.
1904 3872 2022 3927 Hu-

447 3956 542 4026 jus
573 3960 719 4014 enim
748 3963 1025 4031 opinionis
1058 3964 1352 4032 antistites,
1388 3968 1533 4037 quod
1562 3966 1799 4021 maxime
1840 3966 2022 4021 suasi-

454 4048 564 4104 bile
598 4051 871 4119 videatur,
921 4055 1070 4108 circa
1119 4071 1323 4109 annum
1366 4057 1661 4127 septimum
1702 4056 1914 4121 dicunt,
1959 4069 2024 4109 ea

454 4156 579 4210 quae
621 4156 789 4198 sensu
838 4146 1066 4213 praedita
1114 4154 1227 4211 est,
1272 4149 1475 4203 virtute
1533 4147 1753 4217 organis
1791 4145 2025 4201 formata

455 4240 622 4303 atque
659 4234 948 4302 diStincta,
986 4238 1165 4308 ipsum
1221 4240 1525 4309 ingressum
1575 4253 1720 4294 esse.
1766 4236 1924 4303 Quod
1976 4237 2025 4293 si

456 4324 711 4381 Christus
735 4342 890 4382 mens
916 4335 1019 4395 est,
1050 4338 1110 4383 ut
1138 4330 1213 4384 illi
1242 4331 1557 4400 opinantur,
1616 4330 1697 4385 sic
1728 4329 1890 4383 simul
1919 4330 2025 4384 erit

456 4406 712 4472 Christus
736 4423 792 4472 et
821 4433 930 4472 non
962 4419 1088 4474 erit.
1120 4419 1426 4491 Antequam
1456 4421 1600 4475 enim
1629 4434 1783 4474 mens
1804 4435 2026 4475 sensus-

457 4522 564 4579 que
585 4508 941 4580 ingrediatur,
976 4526 1047 4566 ne
1084 4511 1302 4580 quidem
1339 4518 1443 4567 est.
1476 4510 1633 4577 Quod
1679 4511 1725 4566 si
1751 4510 2026 4576 Christus,

459 4605 520 4653 ut
541 4599 646 4668 ipsi
671 4600 878 4667 volunt,
907 4612 1063 4656 mens
1094 4607 1198 4663 est,
1222 4601 1279 4655 in
1312 4602 1487 4671 ipsum
1521 4615 1651 4655 vero
1675 4600 2030 4655 exsistentem

458 4705 615 4745 mens
638 4691 963 4762 ingreditur,
993 4694 1076 4748 sic
1112 4708 1308 4747 rursus
1331 4693 1546 4747 illorum
1575 4692 1845 4747 sententia
1874 4707 2030 4746 mens

458 4781 583 4836 erit.
611 4779 710 4836 Est
743 4782 912 4852 igitur
950 4790 1005 4838 et
1027 4799 1139 4839 non
1161 4791 1247 4839 est
1270 4785 1461 4838 eodem
1491 4790 1736 4852 tempore
1754 4781 2028 4837 Christus.

460 4870 519 4927 Si
540 4883 741 4939 autem,
765 4890 887 4945 quae
911 4876 1127 4930 illorum
1149 4884 1296 4932 secta
1320 4875 1702 4946 probatissima
1721 4883 1826 4940 est,
1850 4890 2028 4939 mens,
2068 4906 2077 4917 ε

460 4974 521 5020 ut
553 4973 607 5021 et
634 4968 741 5037 ipsi
767 4969 1104 5031 existimant,
1148 4969 1331 5022 omnia
1363 4974 1449 5022 est
1484 4982 1605 5036 qua:
1654 4973 1820 5031 sunt;
1851 4978 2026 5034 quan-

461 5057 751 5126 doquidem
776 5059 1057 5112 materiam
1085 5056 1380 5127 ingenitam
1406 5056 1749 5126 prolitentur,
1774 5061 1828 5108 et
1848 5065 2033 5121 aequa-

463 5147 554 5212 lis,
580 5156 640 5203 ut
664 5149 745 5204 sic
773 5149 987 5218 loquar,
1021 5166 1144 5203 cum
1185 5148 1296 5204 Deo
1329 5148 1594 5217 temporis
1634 5147 1848 5217 ipsique
1885 5156 2029 5197 coae-

2120 3132 2283 3187 αὐτοῦ
2319 3127 2722 3199 ὑπειλημμένον
2769 3124 3096 3191 εἰσάγοντες,
3145 3118 3287 3172 Νοῦν
3320 3112 3458 3170 εἶναι
3494 3114 3683 3184 φασίν.

2119 3224 2183 3277 Et
2210 3222 2328 3294 μὲν,
2362 3221 2422 3273 τὸ
2455 3216 2690 3288 γνωστὸν
2716 3215 2810 3269 καὶ
2827 3214 2887 3267 τὸ
2908 3211 3208 3282 γιγνῶσκον
3247 3207 3342 3289 καὶ
3363 3206 3460 3277 τὴν
3491 3204 3689 3275 σοφίαν

2120 3286 2284 3369 αὐτοῦ
2318 3286 2564 3381 λέγοντες
2596 3308 2872 3380 ὁμόφωνα,
2915 3305 3085 3368 οὕτως
3121 3305 3235 3365 τοῖς
3287 3286 3395 3355 ἀπὸ
3441 3298 3551 3354 τῶν
3595 3300 3695 3352 ὲκ-

2120 3406 2358 3479 κλησιῶν
2380 3404 2508 3476 ’περὶ⁸
2536 3399 2700 3456 αὑτοῦ
2755 3400 2972 3470 λέγουσι
3001 3395 3420 3465 διαταττόμενοι,
3459 3390 3605 3444 οὕτω
3624 3406 3695 3458 γε

2123 3498 2437 3555 ἁλώσονται·
2473 3493 2590 3557 πῶς
2609 3489 2700 3548 οὖν
2723 3491 2823 3563 τὴν
2866 3489 3162 3560 λεγομένην
3210 3483 3443 3539 παλαιὰν
3469 3483 3699 3538 ἃπασαν

2123 3589 2362 3661 ἱστορίαν
2392 3584 2778 3648 ὲκὸάλλουσιν;
2832 3582 2896 3635 Εἰ
2939 3581 2996 3634 δὲ
3026 3576 3341 3648 ὲπιγενητδν
3373 3574 3515 3629 κατά
3537 3588 3699 3636 τινας

2121 3682 2337 3751 λέγουσι
2361 3679 2456 3732 καὶ
2500 3675 2608 3730 τῶν
2635 3672 2833 3739 ἔξωθεν
2866 3672 3214 3726 ἐπεισιόντων
3247 3667 3340 3721 καὶ
3368 3663 3703 3736 ωμὸαινόν-

2121 3788 2251 3836 των,
2282 3767 2666 3837 σκοπήσωμεν.
2718 3762 2780 3815 Οἱ
2829 3760 2938 3832 γὰρ
2977 3759 3040 3828 δὴ
3068 3757 3268 3828 ταύτης
3305 3752 3702 3824 προῖστάμενοι

2123 3862 2222 3933 τῆς
2254 3857 2409 3929 δόξης
2436 3854 2659 3909 πιθανὸν
2701 3851 2935 3924 μάλιστα
2983 3849 3202 3917 λέγουσι
3261 3845 3389 3917 περν⁸
3434 3842 3505 3896 τὰ
3554 3842 3702 3895 ὲπετά

2124 3932 2220 4021 ἔτη
2246 3950 2344 4021 τῆς
2369 3946 2689 4016 αἰσθητικῆς
2730 3941 3007 4010 δυνάμεως
3055 3934 3478 4008 διαρθρωθείσης
3532 3932 3702 3985 αὑτὸν

2126 4038 2559 4112 ὲπεισέρχεσθαι.
2600 4033 2752 4105 Εῒδὴ
2779 4031 2903 4095 νοῦς
2948 4032 3096 4084 ἐστιν
3125 4029 3153 4080 6
3175 4024 3406 4096 Χριστὸς
3453 4024 3577 4076 κατ’
3607 4022 3701 4076 αύ-

2125 4135 2272 4198 τοὺς,
2306 4112 2446 4184 οὕτω
2473 4145 2537 4198 γε
2569 4127 2719 4180 ἔσται
2744 4141 2804 4176 τε
2830 4123 2945 4194 ἃμα
2972 4120 3068 4175 καὶ
3107 4121 3207 4172 οὐκ
3232 4116 3402 4170 ἔσται’
3433 4114 3563 4186 πρὶν
3597 4113 3704 4184 μὲν

2126 4226 2233 4295 γὰρ
2264 4219 2594 4276 ἐπεισελθεῖν
2620 4217 2710 4269 τὸν
2731 4214 2877 4272 νοῦν.
2910 4211 3119 4266 οὐδέπω
3164 4208 3331 4262 ἐστίν.
3363 4206 3432 4259 El
3472 4221 3537 4275 γε
3570 4205 3704 4269 νοῦς

2128 4318 2242 4369 ἐστι
2265 4314 2383 4369 κατ’
2416 4312 2612 4375 αὐτοὺς
2637 4310 2666 4361 6
2690 4307 2942 4380 Χριστὸς,
2977 4302 3112 4357 ἀλλὰ
3160 4301 3265 4376 μὴν
3304 4299 3417 4353 όντι
3456 4315 3521 4366 γε
3549 4297 3705 4369 αὐτῷ

2131 4407 2508 4477 ἐπεισέρχεται
2551 4403 2579 4455 6
2622 4399 2765 4464 νοῦς,
2795 4397 2965 4460 οὕτως
3016 4389 3106 4449 οὖν
3147 4392 3307 4446 πάλιν
3353 4391 3472 4445 κατ’
3502 4390 3705 4453 αὐτοὺς

2132 4500 2284 4553 ἔσται
2313 4499 2342 4550 6
2376 4495 2522 4558 νοῦς.
2576 4494 2734 4546 Ἔστι
2780 4506 2845 4559 γε
2876 4488 2970 4541 καὶ
3003 4487 3104 4539 οὐκ
3157 4483 3301 4537 ἐστιν
3330 4484 3386 4535 ὲν
3437 4480 3518 4551 τῷ
3551 4480 3705 4551 αὐτῷ

2133 4594 2309 4665 χρόνῳ
2340 4592 2369 4643 6
2406 4586 2657 4661 Χριστός.
2708 4583 2774 4636 Εἰ
2815 4580 2870 4634 δὲ
2896 4580 3017 4633 κατ’
3047 4575 3224 4630 αὐτῶν
3267 4573 3365 4645 τὴν
3409 4573 3707 4643 καλλίστην

2134 4685 2341 4756 αἵρεσιν
2368 4681 2397 4732 6
2428 4678 2552 4741 νοῦς
2583 4676 2704 4729 κατ’
2735 4671 2931 4734 αὐτούς
2966 4667 3173 4722 ἐστιτὰ
3200 4667 3327 4719 ὂντα
3355 4666 3551 4719 πάντα·
3581 4666 3713 4717 ἐπεὶ

2134 4754 2231 4845 τὴν
2256 4773 2386 4842 ὓλην
2419 4768 2679 4837 ἀγένητον
2719 4762 3062 4818 ὑποτίθενται
3105 4758 3198 4812 καὶ
3224 4755 3491 4827 ἱσόχρονον
3519 4754 3597 4817 ὡς
3631 4755 3718 4805 εἰ-

2139 4868 2260 4918 πεῖν
2287 4862 2364 4934 τῷ
2392 4860 2530 4930 Θεῷ,
2566 4857 2659 4912 καὶ¹
2691 4853 2814 4909 νοῦν
2853 4854 2944 4906 καὶ
2985 4850 3115 4921 ὓλην
3145 4848 3330 4902 τοῦτον
3361 4846 3455 4900 τὸν
3487 4844 3706 4917 πρῶτον

2136 4958 2226 5011 τὸν
2261 4954 2490 5027 Χριστὸν
2518 4948 2858 5003 ὑποτίθενται
2903 4939 3062 5007 εἶναι,
3084 4939 3137 4993 εῐ
3171 4955 3235 5007 γε
3285 4938 3354 4990 τὰ
3380 4937 3560 4991 πάντα
3586 4939 3706 4988 κατ’

2136 5026 2333 5113 αὐτούς
2356 5047 2502 5097 ἐστιν
2525 5044 2553 5096 6
2586 5037 2823 5110 Χριστὸς
2847 5034 2970 5097 νοῦς
3008 5031 3103 5097 ὢν,
3136 5032 3197 5094 ὃς
3229 5031 3373 5083 ἐστιν
3402 5026 3472 5080 τὰ
3503 5027 3706 5082 πάντα·

2136 5141 2230 5193 καὶ
2248 5142 2281 5210 ὴ
2308 5136 2406 5206 ὕλη
2430 5134 2486 5187 ἓν
2511 5131 2618 5185 τῶν
2643 5124 2832 5191 ὄντων,
2862 5127 2955 5179 καλ⁸
2976 5122 3110 5193 αὑτὴ
3136 5120 3396 5192 ἀγένητος
3426 5115 3583 5173 οὖσα.

464 5254 614 5303 vam,
671 5241 914 5311 primum
965 5241 1113 5295 hunc
1161 5215 1459 5296 Christum
1487 5249 1542 5293 et
1587 5215 1818 5293 mentem
1857 5242 1911 5290 et
1958 5231 2240 5287 materiam
2299 5235 2569 5287 statuunt,
2599 5223 2648 5277 si
2683 5219 2903 5291 quidem
2932 5215 3189 5271 Christus
3225 5228 3379 5269 mens
3431 5219 3540 5281 est,
3588 5226 3709 5282 qua:

467 5331 649 5387 omnia
676 5339 794 5399 est;
828 5346 1107 5400 unumque
1133 5347 1319 5386 eorum
1351 5346 1473 5400 qua:
1497 5337 1645 5395 sunt,
1671 5326 1897 5382 materia
1920 5331 2024 5391 est,
2055 5338 2175 5393 qua:
2204 5322 2325 5391 ipsa
2367 5315 2608 5388 ingenita
2634 5319 2742 5368 est.

536 5427 620 5482 Ad
665 5428 939 5496 specimen
985 5442 1115 5482 vero
1161 5441 1225 5480 ac
1273 5425 1715 5487 ostentationem,
1755 5438 1852 5492 per
1905 5434 2028 5473 eum

468 5517 691 5570 modum
725 5516 964 5570 divinam
991 5531 1207 5584 quoque
1239 5518 1495 5570 virtutem
1526 5516 1582 5569 in
1623 5514 1847 5568 materia
1881 5508 2034 5565 cruci

472 5603 682 5657 aﬂixam
715 5618 857 5665 esse,
894 5603 1179 5673 ipsumque
1228 5604 1554 5673 supplicium
1587 5603 1691 5657 hoc
1742 5603 1895 5654 alunt
1926 5594 2036 5651 non

479 5689 791 5761 pertulisse,
823 5691 980 5758 quasi
1011 5692 1217 5747 scilicet
1247 5693 1585 5764 impossibile
1611 5693 1681 5747 sit
1708 5692 1886 5769 ipsum
1933 5688 2035 5743 huc

555 5800 632 5872 (7)
660 5799 869 5856 Ποίεῖν.
900 5802 979 5855 An
1009 5802 1214 5871 παθεῖν,
1252 5808 1398 5880 pati?

2205 5416 2298 5477 Εἰς
2324 5413 2617 5481 ἐπίδειγμα
2642 5407 2720 5465 δὲ,
2761 5403 2948 5457 τοῦτον
2968 5401 3059 5455 τὸν
3086 5398 3284 5473 τρόπον
3310 5399 3404 5452 καὶ
3433 5397 3532 5469 τὴν
3560 5396 3715 5450 θείαν

2137 5506 2367 5576 δύναμιν
2392 5500 2825 5573 ὲνεσταυρῶσθαι
2869 5502 2932 5570 τῇ
2965 5497 3087 5570 ὕλῃ,
3117 5494 3211 5549 καὶ
3236 5491 3397 5548 αὑτὸν
3424 5491 3717 5560 ὑπομεμε-

2142 5595 2364 5665 νηκέναι
2399 5593 2458 5645 τὺ
2482 5591 2713 5661 πάθημα
2739 5588 2894 5642 τοῦτο
2932 5587 3201 5655 λέγουσιν,
3232 5581 3429 5651 ὥσπερ
3451 5579 3714 5633 ἀδυνάτου

2145 5686 2295 5752 ὄντος
2323 5684 2529 5740 ἐκείνου
2563 5680 2721 5736 τοῦτο
2751 5681 2921 5733 ποιεῖν
2954 5678 3053 5751 (7)·
3088 5678 3225 5747 ὅπερ
3265 5671 3428 5736 αὐτὸς
3454 5673 3483 5726 6
3537 5670 3715 5725 Μανι-
