3862 6158
480 351 585 411 “7

1297 352 1696 419 ALEXAND!“
1734 352 2237 417 LYCOPOLlTANl
2263 353 2351 415 DE
2391 352 2655 410 pucrr.
2679 324 2985 411 nautea.

3625 355 3720 413 M8

1126 487 1256 546 CAP.
1283 489 1473 549 XXVI.
1510 489 1656 563 Ignis
1686 490 2052 546 Hanidtaicus
2085 497 2324 545 uexatus.
2358 486 2508 561 Ignis
2541 488 2653 555 ille,
2679 490 2797 558 ipsa
2829 489 3075 549 materia.

549 608 697 686 Ignis
741 624 923 670 autem
973 613 1098 678 ille,
1157 611 1353 668 urendi
1401 611 1622 685 quidem
1670 611 1725 666 vi
1767 611 2049 683 prmditus,

2228 609 2301 663 Τὸ
2333 608 2390 662 δὲ
2430 609 2541 681 πῦρ
2568 608 2750 671 αὐτοῖς
2776 607 2838 661 τὸ
2880 605 3173 662 καυστικδν
3222 607 3341 677 μὲν,
3391 606 3626 678 ἀφεγγὲς
3646 607 3713 673 δέ,

480 705 620 761 nihil
659 709 844 760 tamen
874 704 1014 761 lucis
1056 705 1288 767 habens,
1334 705 1424 775 qui
1465 705 1537 762 sit
1573 712 1727 759 extra
1764 704 2053 771 mundum,

480 810 721 867 quonam
740 796 821 852 eis
843 796 963 851 loco
984 796 1269 852 consistit?
1294 794 1430 851 Nam
1459 796 1744 870 siquidem
1766 797 1822 853 in
1852 800 2057 852 mundo

481 895 587 952 est,
632 902 732 943 cur
778 888 1016 944 mundus
1057 889 1325 945 hactenus
1377 889 1668 944 incolumis
1706 891 2059 959 perseverat?

480 977 617 1033 Nam
660 978 706 1035 si
750 980 1046 1050 aliquando
1097 981 1299 1052 ipsum,
1351 980 1402 1036 ei
1443 981 1882 1052 propinquando,
1935 997 2060 1036 cor-

480 1079 716 1141 rumpet,
747 1087 893 1127 nunc
920 1088 1139 1144 quoque
1188 1072 1294 1144 ipsi
1346 1072 1681 1142 conjunctus
1713 1081 1819 1129 est.
1863 1072 1922 1128 Si
1958 1090 2057 1128 au-

480 1169 587 1217 tem
614 1176 862 1219 seorsum
888 1172 995 1229 est,
1027 1166 1176 1220 velut
1211 1165 1267 1219 in
1297 1166 1522 1237 propria
1557 1166 1687 1222 sede
1715 1181 1780 1221 ac
1808 1167 1930 1222 loco
1967 1183 2059 1222 su-

476 1251 684 1315 blimis,
714 1251 846 1323 quid
874 1265 1065 1323 postea
1094 1262 1156 1308 ut
1184 1254 1239 1308 in
1271 1254 1536 1311 mundum
1568 1252 1852 1311 delabatur
1884 1254 1934 1310 ei
1963 1270 2057 1310 ac-

477 1340 663 1397 cidet?
717 1344 829 1425 Aut
884 1360 994 1415 quo
1041 1346 1205 1400 modo
1248 1362 1281 1401 e
1324 1347 1446 1401 loco
1495 1359 1597 1401 suo
1639 1346 1894 1410 excedet,
1946 1362 2057 1417 qua

476 1436 829 1505 necessitate,
876 1439 1107 1508 cujusve
1151 1454 1420 1497 excussus
1468 1440 1759 1496 violentia?
1793 1440 2052 1507 Quzenam

477 1542 612 1584 vero
641 1531 806 1584 etiam
834 1530 978 1600 ignis
1009 1531 1316 1588 substantia
1350 1534 1527 1605 possit
1555 1532 1781 1604 intelligi
1807 1534 1926 1590 sine
1951 1549 2053 1605 pa-

476 1619 644 1676 bulo?
693 1621 804 1677 Aut
840 1624 1116 1693 quomodo
1162 1625 1447 1680 humidum
1496 1626 1574 1681 illi
1623 1627 1881 1698 pabulum
1929 1630 2057 1684 est?

477 1711 585 1766 nisi
620 1711 766 1782 quod
804 1729 924 1783 quae
954 1714 1022 1771 de
1050 1716 1144 1770 illo
1177 1730 1245 1771 ex
1289 1726 1498 1783 naturas
1532 1718 1707 1788 magis
1746 1719 2054 1776 rationibus

475 1799 761 1865 dicuntur,
802 1817 911 1861 non
940 1813 1023 1860 est
1053 1803 1219 1873 hujus
1250 1814 1517 1864 tractatus
1557 1807 1883 1879 disquirere.
1915 1809 2055 1865 Illud

476 1898 658 1946 autem
695 1908 762 1948 ex
806 1894 892 1951 his
923 1911 1043 1966 quae
1074 1897 1220 1951 dicta
1250 1907 1397 1963 sunt,
1434 1914 1666 1970 prorsus
1700 1901 2053 1958 manifestum

474 1988 579 2036 est.
609 1981 757 2053 Ignis
793 1984 940 2047 enim
983 1995 1137 2041 extra
1162 1987 1428 2043 mundum
1456 1991 1791 2057 consistens,
1827 1994 2053 2048 omnino

473 2081 560 2128 est
583 2090 748 2145 quam
776 2076 881 2145 ipsi
912 2085 1110 2133 vocant
1142 2082 1423 2135 materiam
1450 2101 1463 2136 :
1495 2084 1937 2154 quandoquidem
1969 2086 2052 2140 sol

472 2176 528 2223 et
560 2168 714 2237 luna,
747 2171 872 2241 puri
906 2186 1169 2243 purorum
1211 2173 1394 2229 divina
1430 2175 1636 2233 virtute
1672 2177 1741 2232 ab
1776 2177 1880 2233 hoc
1928 2178 2052 2249 igne

471 2263 708 2333 sejuncti
747 2272 897 2329 sunt,
943 2266 1094 2321 nulla
1131 2280 1353 2323 suarum
1394 2268 1632 2338 partium
1676 2269 1731 2323 in
1773 2270 1878 2325 hoc
1926 2272 2052 2341 igne

471 2355 683 2412 relicta.
716 2355 849 2417 Erat
880 2357 970 2412 hic
991 2357 1133 2429 ignis
1168 2357 1286 2428 ipsa
1315 2373 1413 2429 per
1441 2374 1501 2415 se
1523 2360 1773 2426 materia,
1804 2361 1873 2415 ab
1899 2362 2050 2417 omni

469 2461 597 2504 cum
648 2448 833 2513 divina
878 2449 1082 2505 virtute
1128 2464 1357 2520 prorsus
1412 2459 1657 2507 semotus
1694 2453 2048 2508 commercio.

467 2539 835 2609 Quamobrem
880 2543 974 2598 ubi
1020 2543 1256 2599 mundus
1300 2544 1452 2598 omni
1496 2544 1678 2599 divina
1725 2545 1930 2601 virtute
1970 2546 2049 2603 illi

468 2632 797 2689 adversante
835 2634 1212 2701 evacuabitur,
1258 2633 1531 2703 ejusmodi
1566 2651 1760 2691 rursus
1790 2636 1933 2707 ignis
1963 2653 2051 2693 re-

470 2721 776 2793 linquetur;
810 2738 1049 2795 quonam
1093 2724 1261 2795 igitur
1307 2724 1470 2779 modo
1520 2724 1662 2795 ignis
1698 2732 1793 2779 aut
1839 2726 2045 2797 aliquid

469 2824 804 2886 corrumpet,
855 2823 949 2873 aut
989 2816 1059 2870 ab
1102 2831 1168 2871 eo
1200 2817 1630 2887 corrumpetur?
1662 2817 1745 2873 Ab
1794 2832 1861 2873 eo
1896 2816 2046 2877 enim

469 2905 617 2974 quod
645 2905 824 2961 simile
862 2913 966 2970 est,
1016 2922 1124 2961 non
1151 2905 1311 2962 video
1347 2922 1457 2978 qua
1506 2909 1719 2962 ratione
1750 2907 1821 2963 sit
1864 2908 2046 2963 futura

469 2997 771 3069 corruptio.
809 2997 965 3065 Quod
1015 2999 1161 3054 enim
1200 2999 1290 3054 ﬁet
1340 3000 1600 3063 materia,
1652 2999 1839 3054 divina
1882 3000 1952 3055 ab
1980 3015 2047 3056 ea

469 3090 674 3145 virtute
701 3090 974 3160 sejuncta,
1015 3091 1121 3147 hoc
1147 3098 1264 3147 erat
1308 3092 1629 3162 priusquam
1655 3092 1837 3148 divina
1869 3095 2045 3150 virtus

469 3196 593 3236 cum
624 3196 690 3246 ea
732 3182 1197 3239 commisceretur.
1237 3182 1296 3239 Si
1325 3184 1544 3255 quidem
1594 3184 1759 3254 igitur
1791 3185 2040 3251 materia,

467 3271 653 3328 divina
684 3273 946 3330 destituta
976 3274 1180 3331 virtute
1210 3276 1453 3345 peritura
1486 3283 1591 3342 est,
1624 3276 1814 3347 quidni
1856 3276 2037 3347 periit,
2068 3313 2112 3371 c

467 3369 763 3433 antequam
797 3364 964 3420 etiam
999 3364 1240 3420 divinam
1279 3366 1538 3422 virtutem
1575 3367 1815 3424 ullumve
1841 3384 2044 3425 munus
2076 3364 2085 3381 ⁷

465 3457 763 3513 creationis
794 3466 1259 3529 consequeretur;
1287 3467 1348 3515 ut
1384 3461 1646 3532 deinceps
1687 3461 1918 3517 materia
1948 3477 2046 3532 pe-

465 3559 606 3616 reat,
640 3558 697 3607 et
738 3550 796 3606 in
842 3550 1116 3607 inﬁnitum
1158 3553 1213 3607 id
1257 3551 1455 3608 faciat?
1500 3553 1567 3607 Et
1609 3554 1743 3625 quid
1782 3555 2047 3625 prodest?

467 3640 627 3710 Quod
658 3642 804 3699 enim
836 3658 902 3699 ex
939 3643 1117 3714 prima
1147 3644 1426 3700 voluntate
1466 3643 1671 3700 factum
1695 3661 1807 3700 non
1838 3652 1943 3712 est,
1977 3662 2045 3701 ex

467 3735 721 3806 sequenti
752 3736 1031 3807 quomodo
1066 3736 1195 3792 ﬁet?
1228 3744 1323 3791 aut
1354 3753 1604 3809 quaenam
1631 3737 1743 3793 Deo
1784 3738 1947 3804 ratio,
1983 3746 2044 3793 ut

466 3831 686 3900 negotia
738 3828 975 3895 diﬁ‘erat,
1013 3846 1135 3900 qua:
1176 3846 1245 3886 ne
1286 3831 1344 3886 in
1387 3831 1509 3887 viro
1554 3831 1775 3902 quidem
1817 3847 1878 3888 se
1908 3832 2045 3888 bene

467 3920 672 3977 habere
714 3921 887 3977 videri
916 3930 1159 3993 queant;
1196 3923 1307 3979 illis
1339 3924 1485 3979 enim
1514 3925 1671 3994 quod
1705 3924 2045 3995 impossibile

469 4015 543 4072 sit
575 4016 882 4072 deliberare
911 4017 1155 4088 proclive
1204 4017 1422 4075 dicatur
1451 4026 1781 4088 competere.
1816 4018 1911 4089 qui
1959 4017 2041 4073 fa-

467 4104 644 4173 ciunt,
678 4113 739 4161 ut
781 4123 883 4163 nec
910 4114 1045 4162 tunc
1073 4107 1242 4161 velint
1284 4121 1410 4161 cum
1439 4109 1703 4178 possibile
1729 4117 1833 4165 est.
1870 4108 2043 4164 Caete-

466 4212 614 4264 rum,
645 4198 748 4253 nisi
770 4199 898 4270 quid
918 4200 1087 4264 aliud,
1109 4198 1278 4253 Deum
1297 4213 1464 4269 supra
1484 4200 1780 4256 essentiam
1808 4206 1863 4255 et
1880 4214 2043 4271 quem

466 4290 678 4355 dicunt,
700 4291 849 4345 velut
878 4306 1075 4348 novam
1104 4292 1397 4363 quamdam
1419 4292 1701 4347 materiam
1736 4291 2001 4347 inducunt
2025 4307 2039 4342 :

465 4398 569 4439 nec
598 4397 719 4438 eam
750 4382 993 4453 quidem,
1023 4398 1189 4454 quam
1210 4383 1313 4438 viri
1345 4384 1641 4456 prudentes
1673 4384 1898 4439 omnino
1916 4397 2044 4438 con-

463 4475 712 4547 iunctam
755 4475 1105 4543 existimant,
1154 4484 1250 4531 aut
1292 4492 1415 4547 quae
1454 4477 1696 4532 omnium
1738 4484 2042 4533 extremum

464 4574 571 4632 est,
604 4566 804 4638 vixque
835 4568 889 4621 in
913 4575 1148 4623 mentem
1180 4575 1240 4623 ut
1272 4584 1392 4625 eam
1424 4570 1588 4625 homo
1625 4569 1913 4640 intelligat,
1942 4583 2039 4624 ve-

2156 700 2218 752 τὺ
2244 699 2400 762 ἐκτὸς
2418 698 2512 752 τοῦ
2552 698 2780 769 κόσμου,
2825 696 2928 750 ποῦ
2983 697 3227 768 ῖδρυται;
3261 697 3325 749 Et
3360 696 3458 767 μὲν
3492 695 3600 769 γὰρ
3634 697 3713 751 ἐπὶ

2156 792 2248 845 τὸν
2268 792 2493 862 κόσμον,
2520 791 2575 845 τί
2610 789 2673 844 τὸ
2710 790 2880 845 αίτιον
2918 788 3013 847 τοῦ
3041 789 3225 861 ἀπαθῆ
3258 785 3395 843 εἶναι
3438 789 3598 862 μέχρι
3631 789 3712 843 τοῦ

2158 883 2423 956 παρόντος
2449 882 2541 936 τὸν
2564 883 2767 953 κόσμον
2791 899 2806 949 ;
2850 883 2914 936 El
2963 882 3072 955 γὰρ
3097 881 3374 953 διαφθερεῖ
3404 898 3531 935 ποτε
3566 881 3712 935 αὑτὸν

2157 975 2484 1048 πλησιάσαν,
2515 976 2610 1029 καὶ
2641 974 2734 1029 νῦν
2763 974 2899 1046 πρὸς
2929 973 3092 1028 αὑτὸν
3119 972 3408 1044 συνῆπται.
3444 973 3508 1026 Εἰ
3531 972 3588 1026 δὲ
3614 989 3714 1042 χω·

2158 1066 2245 1139 ρίς
2284 1069 2452 1133 ἐστιν,
2483 1062 2593 1120 οἷον
2610 1066 2685 1131 ὡς
2708 1068 2763 1119 ἐν
2791 1066 2907 1135 ἰδίῳ
2942 1066 3092 1137 τόπῳ
3140 1065 3428 1143 μετέωρον,
3458 1065 3511 1120 τί
3555 1062 3712 1119 παθδν

2159 1161 2385 1233 ὕστερον
2417 1160 2740 1214 ἐπιπέσεται
2778 1159 2856 1231 τῷ
2898 1159 3124 1232 κόσμῳ;
3170 1161 3241 1213 Ἦ
3289 1160 3403 1223 πῶς
3445 1158 3539 1213 τοῦ
3594 1158 3712 1212 ἰδίου

2156 1253 2323 1307 τόπου
2358 1253 2679 1325 ἐκστήσεται
2708 1252 2812 1305 ὑπό
2833 1269 2977 1315 τινος
2999 1253 3240 1323 ἀνάγκης
3264 1252 3358 1305 καί
3388 1250 3541 1322 βίαςς
3590 1250 3713 1304 Τίνα

2156 1342 2213 1397 δὲ
2239 1344 2333 1398 καὶ
2354 1342 2485 1415 ὕλης
2516 1344 2683 1415 χωρὶς
2709 1345 2909 1397 ἐννοεῖν
2937 1340 3033 1395 τοῦ
3067 1342 3239 1414 πυρὸς
3274 1341 3599 1407 ὑπόστασιν;
3646 1339 3713 1392 Ἦ

2158 1434 2276 1498 πῶς
2303 1433 2366 1487 τὸ
2403 1434 2569 1505 ὑγρὸν
2592 1433 2766 1504 τούτῳ
2793 1433 2939 1487 ἐστὶν
2968 1434 3140 1504 τροφῇ
3162 1448 3177 1497 ;
3202 1432 3235 1502 ἢ
3260 1432 3360 1485 ὅσα
3381 1429 3598 1498 λέγεται
3624 1444 3713 1497 φυ-

2157 1526 2476 1599 σικώτερον,
2509 1527 2569 1580 οὑ
2593 1524 2688 1579 τοῦ
2716 1524 2978 1597 παρόντος
3014 1524 3173 1594 λόγου
3212 1521 3379 1576 ἐστίν.
3419 1521 3623 1575 Ἐκεῖνο
3662 1517 3715 1571 δὲ

2156 1620 2375 1683 πάντως
2402 1637 2504 1674 που
2559 1618 2789 1691 φανερὸν
2847 1619 2913 1671 ἐκ
2969 1616 3081 1671 τῶν
3129 1615 3453 1689 εἰρημένων.
3503 1612 3577 1666 Τὸ
3614 1610 3716 1684 γὰρ

2157 1712 2269 1784 πῦρ
2292 1713 2387 1775 τοῦ
2418 1713 2620 1785 κόσμου
2642 1712 2797 1777 ἐκτὸς
2823 1712 3064 1783 ἀκριϐῶς
3101 1713 3247 1764 ἐστιν
3275 1711 3309 1781 ἡ
3337 1706 3599 1779 λεγομένη
3629 1706 3715 1760 ὑπ’

2156 1808 2337 1862 αὐτῶν
2361 1807 2482 1879 ὕλησ
2515 1807 2812 1878 ἐπειδήπερ
2837 1807 2866 1859 ό
2891 1805 3038 1876 ἥλιος
3086 1804 3178 1860 καὶ⁷
3208 1804 3242 1875 ἡ
3277 1800 3472 1877 σελήνη
3494 1797 3717 1869 καθαροὶ

2154 1901 2410 1974 καθαρῶν
2439 1900 2591 1965 ὄντες
2620 1899 2707 1954 διά
2753 1900 2853 1970 τῆς
2894 1897 3045 1961 θείας
3091 1896 3372 1967 δυνάμεως
3390 1890 3716 1963 ἀπεζεύχθη-

2082 1973 2126 2030 B
2155 2009 2255 2047 σαν
2282 1992 2376 2047 τοῦ
2411 1993 2583 2065 πυρὸς
2613 1992 2824 2055 τούτου,
2852 1990 3003 2044 οῦδὲν
3027 1986 3234 2041 ἑαυτῶν
3259 1989 3316 2040 ἐν
3347 1984 3425 2057 τῷ
3444 1985 3576 2055 πυρὶ
3597 1981 3716 2037 τού-

2151 2102 2230 2156 τῳ
2258 2085 2643 2154 ὑπολείψαντες
2665 2084 2849 2155 μέρος.
2881 2081 3052 2135 Τοῦτο
3071 2076 3138 2152 ἦν
3162 2082 3195 2150 ἡ
3228 2077 3328 2148 ὕλη
3357 2076 3478 2130 καθ’
3503 2073 3713 2145 ἑαυτὴν,

2152 2180 2212 2233 τὸ
2236 2175 2478 2250 ἀκριϐῶς
2506 2177 2736 2248 ἄμικτον
2765 2175 2902 2247 πρὸς
2930 2173 3027 2245 τὴν
3072 2172 3221 2227 θείαν
3244 2171 3492 2241 δύναμιν.
3539 2168 3713 2229 Ὥστε,

2151 2272 2217 2326 ἂν
2236 2268 2444 2341 κενωθῇ
2474 2268 2677 2340 κόσμος
2716 2268 2816 2337 τῆς
2871 2268 2994 2321 κατ’
3021 2262 3185 2319 αὐτοῦ
3222 2262 3500 2334 δυνάμεως
3552 2257 3712 2323 θείας,

2151 2363 2315 2417 πάλιν
2384 2361 2631 2416 τοιοῦτον
2676 2358 3132 2431 ὑπολειφθήσεται
3190 2354 3324 2428 πῦρ,
3374 2354 3495 2418 πῶς
3542 2346 3713 2407 οὖντὸ

2150 2460 2262 2526 πῦρ
2292 2452 2627 2525 ἢδιαφθερεῖ
2655 2469 2730 2517 τι,
2776 2451 2810 2523 ἢ
2860 2451 2952 2503 ὑπ’
2985 2449 3144 2505 ἄλλου
3176 2446 3551 2519 φθαρήσεταις
3581 2440 3713 2515 Πρδς

2149 2545 2259 2617 γάρ
2289 2544 2383 2597 τοῦ
2409 2543 2594 2615 ὁμοίου
2628 2544 2726 2614 οὐχ
2755 2543 2867 2615 ὁρῶ
2894 2542 3011 2605 πῶς
3043 2541 3326 2611 γενήσεται
3368 2539 3399 2609 ἡ
3430 2534 3628 2608 φθορά.
3652 2532 3713 2588 Ὃ

2149 2637 2257 2709 γὰρ
2278 2639 2565 2708 γενήσεται
2597 2635 2774 2707 ἡῦλη,
2830 2637 2929 2707 τῆς
2977 2633 3128 2697 θείας
3171 2631 3452 2701 δυνάμεως
3480 2626 3709 2693 ἀποζευ-

2149 2729 2359 2800 χθεῖσα,
2389 2728 2533 2782 τοῦτ’
2552 2724 2620 2799 ἦν
2645 2728 2775 2800 πρὶν
2806 2727 2901 2783 καὶ
2929 2725 3193 2798 μεμίχθαι
3235 2724 3374 2796 πρὸς
3401 2722 3573 2794 αὐτὴν
3620 2721 3711 2791 τὴν

2148 2820 2299 2875 θείαν
2328 2820 2578 2893 δύναμιν.
2608 2822 2673 2875 Et
2719 2819 2900 2874 τοίνυν
2927 2817 3209 2873 ἀπολεῖται
3250 2814 3601 2888 ἐρημωθεῖσα
3618 2811 3711 2881 τῆς

2147 2912 2297 2979 θείας
2321 2914 2619 2985 δυνάμεως,
2642 2911 2729 2967 διά
2751 2912 2805 2966 τί
2828 2912 2901 2983 μὴ
2925 2912 3019 2965 καὶ
3039 2908 3285 2964 ἀπώλετο
3308 2908 3438 2978 πρίν
3451 2906 3547 2959 καὶ
3573 2903 3711 2965 θείαν

2144 3004 2373 3079 δύναμιν
2400 3003 2653 3075 γενέσθαι
2674 3003 2708 3075 ἣ
2733 3003 2897 3074 ἀλλην
2926 3001 3304 3074 δημιουργίαν,
3340 2999 3426 3053 ἵνα
3445 2996 3709 3068 ἀπόληται

2144 3098 2180 3169 ἡ
2211 3096 2334 3167 ὕλη,
2358 3097 2453 3151 καὶ¹
2483 3094 2640 3149 τοῦτο
2663 3095 2863 3165 ποιήσῃ
2904 3093 3097 3164 μέχρις
3125 3088 3387 3160 ἀπείρους
3418 3087 3535 3142 Καὶ
3580 3085 3631 3140 τί
3658 3085 3712 3137 τὺ

2144 3186 2333 3257 ὕφελος
2347 3203 2362 3252 ;
2395 3187 2461 3240 Ὃ
2487 3185 2595 3257 γὰρ
2629 3183 2703 3257 μὴ
2726 3183 2941 3252 ἐγένετο
2970 3183 3036 3236 ἐκ
3061 3180 3154 3235 τοῦ
3198 3178 3411 3251 πρώτου
3442 3176 3711 3248 βουλήμα-

2144 3298 2254 3344 τος,
2275 3280 2393 3344 πῶς
2426 3281 2491 3333 ἐκ
2521 3278 2615 3332 τοῦ
2646 3277 2898 3348 δευτέρου
2931 3274 3251 3346 γενήσεταις
3305 3271 3339 3345 ἦ
3378 3272 3462 3336 τίς
3515 3274 3547 3326 ὀ
3569 3271 3713 3339 λόγος

2146 3371 2287 3444 Θεῷ,
2318 3370 2592 3426 ἀναθεῖναι
2618 3370 2940 3442 πράγματα,
2973 3366 3009 3421 ἃ.
3040 3366 3149 3421 οὐδ’
3184 3368 3270 3421 ἐπ’
3308 3364 3596 3436 ἀνθρώπου
3623 3381 3714 3418 κα-

2146 3466 2252 3531 λῶς
2277 3465 2422 3537 ἔχειν
2451 3465 2696 3518 ὑπονοεῖν
2720 3480 2734 3528 ;
2764 3461 2839 3515 Τὸ
2884 3459 2993 3533 γὰρ
3043 3459 3300 3515 ἀδύνατον
3353 3457 3615 3529 πρόσεστι
3642 3453 3713 3526 τῷ

2147 3554 2496 3628 βουλεύεσθαι
2534 3555 2627 3608 ἐπὶ
2675 3552 2784 3607 τῶν
2846 3551 3142 3606 ποιούντων
3194 3548 3331 3621 πρὸς
3373 3546 3454 3619 τῷ
3503 3543 3713 3619 μηδὲτδ

2147 3648 2450 3721 βούλεσθαι,
2482 3646 2586 3701 κᾶν
2613 3645 2837 3700 δυνατὸν
2867 3641 2925 3719 ᾖ,
2956 3644 3261 3717 προχείρως
3286 3641 3483 3713 χρῆναι
3515 3640 3710 3708 λέγειν.

2145 3740 2294 3811 Πλὴν
2327 3741 2375 3792 εί
2411 3739 2485 3810 μή
2515 3755 2567 3791 τι
2592 3737 2799 3811 ἕτερον,
2824 3735 2957 3789 Θεὸν
2991 3736 3085 3789 καὶ
3116 3734 3208 3788 τὸν
3248 3732 3504 3787 ἐπέκεινα
3532 3730 3712 3793 οὐσίας

2144 3830 2412 3900 λέγουσιν,
2439 3829 2628 3902 ὥσπερ
2672 3829 2864 3900 καινήν
2907 3843 3032 3881 τινα
3070 3827 3380 3895 εἰσάγουσιν
3422 3822 3583 3895 ῦληνε
3626 3821 3713 3879 καὶ

2147 3926 2266 3995 οὐχὶ
2298 3923 2395 3995 τὴν
2422 3923 2818 3996 ὑπερημμένην
2845 3918 2998 3993 παρά
3046 3922 3159 3984 τοῖς
3183 3918 3309 3974 νοῦν
3331 3919 3568 3990 ἔχουσινο
3594 3912 3711 3988 ἦνῆ

2150 4016 2596 4089 μὴ’παντάπασιν
2619 4012 2785 4070 οὖσαν
2822 4016 2850 4068 ὁ
2879 4013 3034 4082 λόγος
3060 4011 3325 4084 εὑρίσκει,
3350 4010 3384 4082 ἢ
3408 4008 3469 4064 τὸ
3500 4009 3713 4064 πάντων

2143 4108 2367 4179 ἔσχατον
2383 4111 2474 4163 καὶ
2499 4109 2654 4181 μόγις
2675 4110 2754 4172 είς
2782 4106 2987 4161 ἔννοιαν
3007 4102 3351 4177 ἀνθρωπίνην
3375 4097 3711 4171 ἀφικνεῖσθαι

2141 4200 2457 4271 δυνάμενον.
2525 4199 2684 4254 Ἀλλά
2713 4198 2822 4272 γὰρ
2870 4197 2931 4251 τὸ
2961 4196 3072 4269 πῦρ
3118 4195 3179 4250 τὸ
3223 4193 3482 4265 ἀφεγγὲς,
3518 4188 3629 4264 ἆρά
3653 4205 3712 4259 γε

2144 4290 2306 4345 πλέον
2333 4291 2480 4345 ἐστὶν
2501 4292 2601 4363 τῆς
2637 4289 2936 4363 μελλούσης
2965 4285 3422 4361 ἐρημωθήσεσθαι
3454 4282 3591 4356 ὕλης
3612 4280 3712 4336 ἀπὸ

2142 4383 2241 4452 τῆς
2260 4382 2411 4447 θείας
2430 4382 2731 4454 δυνάμεως,
2760 4382 2795 4454 ἢ
2817 4380 3067 4446 ἔλαττον;
3104 4378 3241 4432 Ἀλλ’
3271 4380 3320 4431 εί
3354 4377 3451 4449 μὲν
3476 4376 3710 4437 ἔλαττον,

2145 4475 2263 4540 πῶς
2285 4478 2704 4546 καταγωνιεῖται
2730 4474 2792 4528 τὸ
2817 4474 3006 4539 πλέονς
3036 4474 3084 4525 εἰ
3121 4471 3179 4524 δὲ
3202 4470 3382 4532 πλέον,
3420 4467 3711 4536 ἐπανάγειν

2147 4566 2246 4638 μὲν
2273 4567 2405 4621 αὐτὸ
2427 4566 2745 4639 δυνήσεται,
2800 4563 2900 4634 τῆς
2950 4562 3119 4634 αὐτῆς
3155 4560 3215 4615 ὃν
3260 4558 3492 4630 φύσεως⁸
3518 4557 3580 4611 οὐ
3615 4554 3713 4626 μὴν

465 4660 586 4714 nire
605 4659 800 4730 possit.
826 4658 1119 4716 Enimvero
1151 4660 1291 4732 ignis
1320 4661 1414 4717 ille
1456 4661 1801 4723 tenebrosus,
1838 4659 2036 4730 plusne

2150 4659 2439 4734 διαφθείρει
2461 4676 2525 4729 γε
2550 4659 2700 4713 αὑτό·
2723 4656 2912 4729 ὥσπερ
2932 4655 3054 4711 οὐδὲ
3085 4658 3113 4709 ὁ
3135 4652 3326 4717 Νεῖλος
3356 4651 3483 4714 τοὺς
3504 4650 3602 4703 ἀπ’
3623 4645 3712 4701 αὑ-

466 4750 607 4806 valet
641 4765 805 4821 quam
839 4750 1091 4817 materia,
1136 4766 1256 4823 quae
1281 4752 1466 4807 divina
1506 4751 1802 4808 desolanda
1831 4750 2035 4806 virtute

2150 4750 2233 4806 τοῦ
2263 4751 2734 4823 ἀποτεμνομένους
2759 4750 3012 4813 κόλπους.

464 4849 570 4910 est,
601 4857 673 4899 an
702 4844 924 4901 minus?
954 4844 1034 4900 Ac
1057 4844 1105 4901 si
1137 4844 1359 4916 quidem
1411 4844 1618 4912 minus,
1673 4845 1948 4915 quomodo
1990 4845 2322 4915 expugnabit
2364 4844 2510 4916 quod
2549 4851 2635 4900 est
2675 4840 2891 4913 majus?
2939 4840 3037 4896 Sin
3076 4845 3258 4894 autem
3314 4840 3468 4908 plus,
3533 4830 3600 4886 ad
3655 4840 3710 4880 se

466 4938 683 5010 quidem
724 4941 987 4998 reducere
1015 4943 1235 5013 poterit,
1264 4956 1389 4998 cum
1415 4940 1487 4999 sit
1517 4939 1761 5012 ejusdem
1800 4950 2013 4995 natura:
2044 4955 2057 4990 :
2093 4939 2240 4996 haud
2287 4948 2472 4997 tamen
2501 4944 2835 5012 corrumpet,
2851 4943 2912 4995 ut
2949 4949 3126 5007 neque
3153 4931 3329 4998 Nilus,
3365 4926 3463 5001 qui
3500 4926 3573 4981 ab
3620 4921 3708 4977 illo

466 5030 860 5091 abscinduntur
886 5036 1059 5095 sinus.
