3862 6158
481 277 585 332 451

1512 272 1568 328 s.
1611 258 1818 327 PETRI
1856 268 2325 327 ALEXANDle
2359 266 2667 326 EPISCOPI

3622 267 3740 327 452

477 397 654 461 tione;
689 392 744 450 2.
781 392 928 447 aliud
959 393 1087 448 item
1115 389 1473 462 fragmentum
1500 405 1566 445 ex
1596 389 1821 444 homilia
1849 388 1927 443 De
1950 387 2045 443 adv
2075 394 2123 451 Α
2147 403 2374 462 ρκοπον,
2408 385 2592 441 multis
2640 381 2949 437 criminibus
2994 380 3311 447 conuictum,
3359 381 3416 435 in
3461 382 3741 435 communi

477 495 630 541 ventu
662 483 979 549 Saluatoris,
1024 483 1170 553 quod
1203 485 1396 537 recitat
1430 480 1689 536 Leontius
1723 480 2055 551 Byzantinus

476 575 572 630 lib.
604 590 623 629 ι
651 585 837 629 contra
874 573 1183 628 Nestorium
1217 582 1265 627 et
1302 571 1603 642 Eutychen;
1657 573 1708 625 5.
1757 572 2057 639 adjecimus

475 667 735 737 deinceps
767 666 1012 736 ejusdem
1041 665 1343 720 beatissimi
1377 665 1640 720 antishtis
1664 664 1950 733 epistolam
1988 664 2055 718 ad

477 757 777 813 Ecclesiam
831 757 1278 821 Alexandrinam,
1328 766 1522 811 recens
1575 756 1879 825 evulgatam
1929 771 2056 810 cum

476 851 601 904 aliis
632 849 859 904 vetustis
887 848 1143 902 Ecclesia
1165 846 1534 902 monumentis
1564 863 1594 901 a
1624 846 1687 903 V.
1709 848 1768 902 C.
1799 846 2055 918 Scipione

477 939 689 994 Mall‘eio
722 939 819 1009 (i);
850 953 1011 1008 quam
1039 945 1263 993 sanctus
1288 937 1486 1006 prasul
1511 939 1907 1009 conscripsisse
1934 955 2055 1009 per-

478 1031 698 1087 hibetur
726 1038 850 1102 post
880 1031 1167 1101 epistolam
1199 1032 1265 1085 ad
1303 1031 1574 1086 Meletium
1605 1031 1919 1101 episc0pum
1954 1031 2055 1104 Ly—

475 1121 864 1190 copolitanum,
912 1136 943 1174 a
986 1122 1159 1176 beatis
1189 1120 1599 1177 confessoribus
1624 1120 1915 1194 Hesychio,
1951 1121 2056 1176 Pa-

473 1210 712 1276 chomio,
768 1210 1055 1268 Theodoro
1106 1221 1161 1266 et
1203 1211 1393 1267 Philea
1437 1218 1718 1266 exaratam
1752 1212 1846 1284 (ᾖ.
1885 1211 1944 1266 1η
1989 1227 2055 1268 ea

474 1315 638 1371 porro
671 1301 901 1372 epistola
931 1309 1158 1357 sanctus
1202 1300 1423 1369 Petrus,
1465 1301 1852 1357 Alexandrinis
1884 1303 2056 1357 inter-

472 1392 619 1447 dicta
645 1408 770 1447 cum
795 1394 1007 1449 Meletio
1030 1395 1434 1459 communione,
1463 1395 1655 1449 scribit
1683 1410 1742 1450 se
1770 1396 1851 1449 illi
1872 1412 2055 1450 occur-

470 1501 659 1540 surum
706 1503 827 1540 cum
868 1487 1193 1556 sapientibus
1237 1489 1386 1551 viris,
1438 1496 1486 1541 et
1523 1488 1758 1541 visurum
1787 1504 1903 1558 qua:
1932 1497 2055 1543 sunt

470 1594 589 1649 quae
617 1578 708 1633 ille
740 1580 1009 1650 cogitavit.
1040 1580 1276 1636 innuens
1316 1578 1567 1634 videlicet
1601 1578 1868 1650 synodum
1904 1578 2057 1633 illam

471 1667 922 1733 Alexandrinam,
956 1670 1008 1724 in
1044 1686 1150 1741 qua
1188 1669 1537 1741 postmodum
1569 1670 1841 1725 celebrata
1872 1683 2054 1724 sacer-

2155 481 2516 550 episcoporum
2549 477 2748 549 synodo
2780 474 3038 543 deposuit.
3087 473 3355 528 (laterum
3383 472 3452 527 de
3481 480 3741 544 tempore

2155 586 2265 641 quo
2290 569 2455 639 capit
2489 568 2764 624 itinestum
2808 566 3050 622 schisma
3096 564 3463 632 Meletianum,
3504 563 3741 619 Baronii

2157 662 2485 718 sententiam
2522 662 2584 732 (ι)
2632 661 2768 716 illud
2815 658 3077 730 illigantis
3120 672 3263 712 anno
3292 657 3396 712 506
3423 665 3741 729 propugnat

2156 753 2421 808 adversus
2453 753 2672 824 Pagium
2697 762 2750 807 et
2777 750 3235 806 Montfauconium
3268 749 3520 805 laudatus
3548 748 3742 805 Matie-

2156 847 2243 902 ius
2265 847 2383 915 (m),
2414 853 2529 899 tum
2553 861 2621 900 ex
2644 845 2744 898 hac
2775 826 2921 899 Petri
2951 841 3305 898 Alexandrini
3329 841 3582 911 epistola,
3612 849 3738 895 tum

2153 953 2284 993 vero
2308 939 2361 992 in
2381 938 2572 1008 primis
2602 952 2667 991 ex
2695 936 2863 991 altera
2885 942 3118 1015 quatuor
3140 933 3543 1004 episcoporum,
3567 932 3738 1001 cujus

2156 1032 2212 1085 in
2241 1045 2342 1086 sua
2365 1029 2612 1085 meminit
2637 1027 2777 1082 idem
2807 1034 3030 1083 sanctus
3052 1024 3231 1092 Pater,
3259 1040 3529 1095 quamque
3549 1039 3580 1077 a
3601 1022 3741 1077 Phi-

2155 1123 2238 1178 lea
2276 1121 2549 1177 Thmueos
2569 1120 2825 1191 episcopo
2868 1117 3038 1174 fuisse
3078 1117 3440 1186 conscriptam
3474 1114 3741 1185 superius

2156 1214 2550 1272 edisseruimus
2575 1212 2687 1283 (n);
2718 1213 2769 1266 4.
2804 1211 3020 1266 demum
3054 1209 3176 1264 loco
3212 1206 3510 1279 fragmenta
3545 1206 3743 1278 profe-

2155 1310 2331 1363 rimus
2359 1323 2423 1363 ex
2451 1305 2806 1377 disputatione
2829 1303 2892 1355 de
2926 1300 3207 1364 Paschate,
3237 1315 3359 1370 qua
3386 1301 3441 1353 in
3481 1298 3742 1353 Chronici

2156 1398 2437 1456 Paschalis
2471 1399 2656 1454 limine
2689 1405 3007 1458 occurrunt,
3042 1394 3109 1448 de
3143 1408 3374 1463 quorum
3412 1391 3743 1447 sinceritate

2156 1493 2285 1548 alibi
2329 1506 2431 1547 nos
2476 1490 2786 1561 disputasse
2825 1484 3189 1548 meminimus,
3223 1483 3313 1539 ubi
3357 1482 3425 1538 de
3461 1482 3520 1537 Β.
3568 1480 3741 1537 Clau-

2156 1586 2249 1641 dio
2269 1583 2564 1655 Apollinari
2595 1581 2759 1636 verba
2791 1578 3021 1634 fecimus
3047 1578 3145 1649 (ο).
3181 1576 3297 1631 Huc
3333 1590 3463 1631 vero
3496 1581 3551 1630 et
3595 1574 3738 1630 illud

2156 1673 2368 1729 accedit
2394 1672 2462 1728 ad
2492 1671 2650 1728 tidem
2680 1668 2919 1725 auctoris
2943 1664 3196 1723 Chron’ici
3224 1667 3467 1737 ejusdem
3489 1664 3741 1721 Pascha-

472 1756 626 1813 dotio
671 1758 774 1813 fuit
823 1760 1070 1829 dejectus
1113 1760 1256 1815 idem
1296 1760 1563 1815 Meletius.
1596 1759 1671 1815 De
1700 1775 1807 1830 qua
1830 1759 2048 1831 quidem
2077 1747 2124 1808 Β
2153 1765 2222 1820 lis
2263 1763 2715 1828 conﬁrmandam,
2755 1758 2899 1831 quod
2934 1758 3292 1814 Casaubonus
3328 1773 3395 1813 ex
3423 1757 3598 1812 veteri
3641 1773 3743 1813 co-

474 1850 684 1920 synodo
710 1851 827 1906 hac
864 1852 1027 1908 habet
1074 1862 1298 1909 sanctus
1347 1852 1683 1907 Athanasius
1714 1853 1787 1924 (lt)
1816 1872 1829 1907 :
1862 1852 2055 1907 Petrus

476 1941 616 2010 apud
650 1959 742 1996 nos
775 1952 897 1997 ante
920 1946 1330 2012 persecutionem
1355 1945 1646 2013 episcopus,
1691 1953 1739 1997 et
1784 1948 1839 1998 in
1884 1961 2057 2015 perse-

476 2035 682 2089 cutione
730 2045 956 2107 martyr,
989 2036 1262 2091 Meletium
1303 2039 1393 2108 qui
1422 2040 1485 2093 ab
1517 2040 1749 2110 ZEgypw
1784 2040 2054 2109 episcopus

474 2124 691 2191 dicitur,
729 2128 990 2182 Μελέτιον
1024 2129 1131 2183 ἀπὸ
1158 2129 1258 2201 τῆς
1285 2130 1561 2200 Αἰγύπτου
1602 2132 1895 2203 λεγόμενον
1935 2132 2056 2185 ἐπί-

574 2256 615 2340 Q
653 2257 1070 2340 Maﬂeipsserv.
1096 2260 1304 2340 _letter.,
1336 2271 1476 2340 tom_._
1501 2261 1594 2327 Ill,
1630 2278 1761 2340 pag.
1782 2264 1869 2319 l7.

547 2328 623 2399 (jl
654 2328 789 2383 Vide
836 2330 1154 2403 Palrologia’
1192 2343 1396 2389 nostra
1437 2328 1853 2388 GracolLatina
1895 2341 1934 2389 t.
1977 2332 2047 2400 Χ,

474 2398 579 2454 col.
610 2399 768 2454 1565.
802 2399 963 2455 Ευιτ.

544 2467 852 2544 (It)_Athan.
884 2471 1038 2541 Apol.
1061 2482 1230 2529 contr.
1251 2472 1466 2539 Arium,
1506 2471 1534 2544 ς
1559 2473 1650 2538 ⁸59,
1685 2470 1821 2543 Opp.
1850 2480 1983 2528 tom.
2006 2472 2048 2538 l,

473 2551 593 2607 ωε.
626 2539 748 2594 177.

877 2612 945 2684 ad
975 2626 1105 2667 ann.
1137 2613 1262 2674 506,
1293 2611 1436 2684 ςιι,

542 2680 640 2752 (nt)
670 2680 842 2738 Mallei
867 2681 905 2734 l.
930 2698 1002 2746 c.,
1034 2698 1158 2754 pag.
1182 2684 1272 2737 24.

475 2830 736 2853 *-

2152 1857 2274 1912 dice
2314 1871 2417 1911 ms.
2450 1856 2560 1911 duo
2602 1856 2720 1909 loca
2750 1853 2957 1924 profert
2986 1852 3060 1923 (p)
3093 1851 3159 1907 ad
3194 1851 3441 1906 eamdem
3473 1850 3739 1920 disputa-

2151 1948 2354 2003 tionem
2390 1949 2714 2019 spectantia,
2752 1961 2872 2016 qua
2903 1944 3047 2016 apud
3085 1945 3238 1999 illum
3275 1951 3556 1999 auctorem
3597 1959 3742 1998 ano-

2153 2056 2373 2113 nymum
2404 2039 2597 2095 iisdem
2626 2039 2805 2093 verbis
2837 2037 3113 2109 descripta
3138 2036 3345 2103 videas,
3379 2047 3443 2092 ut
3482 2036 3542 2092 in
3580 2037 3740 2092 notis

2154 2133 2416 2203 subjectis
2444 2132 2742 2186 innuimus.

2227 2266 2305 2333 (η)
2338 2264 2469 2319 Vide
2493 2274 2697 2319 tomum
2734 2279 2899 2333 supra
2926 2262 3171 2333 citatum,
3199 2264 3305 2318 col.
3341 2260 3500 2333 1559.

2224 2324 2298 2416 (ej
2330 2335 2466 2416 Vide
2482 2324 3024 2416 Patrologiw'tom.»V.
3044 2364 3114 2416 -ετ
3135 2324 3357 2416 Accedit
3375 2332 3434 2416 S.
3448 2332 3739 2416 Petriser-

2151 2402 2242 2477 mo
2261 2402 2485 2477 Syriace
2511 2413 2565 2460 et
2594 2402 2786 2460 Latine
2807 2406 2874 2460 ab
2896 2409 3034 2475 Ang.
3058 2404 3199 2459 Maio
3225 2406 3533 2475 evulgatus.
3565 2402 3732 2458 EDI'I'.

2151 2472 2561 2673 :EQTCasaub.
2586 2544 2820 2601 Exercit.
2852 2561 2940 2629 xvi
2969 2546 3037 2599 ad
3067 2546 3264 2600 Annal.
3297 2543 3452 2611 cccl.,
3486 2542 3549 2616 ᾗῇ
3580 2543 3653 2597 l2
3681 2552 3736 2599 et

994 2990 1375 3106 ACTA
1450 2988 2070 3105 SINCERA
2158 2988 2678 3105 SANCTI
2768 2988 3195 3104 PETRI

1486 3229 1772 3274 EPISCOPI
1801 3228 2241 3274 ALEXANDRINI
2274 3229 2357 3272 ΕΤ
2384 3226 2704 3274 ΜΔιιπιιιε

1216 3377 1672 3442 ANASTASIO
1705 3374 2401 3440 BlBLlOTHECARIO
2435 3374 2972 3438 INTERPRETE.

1423 3543 1603 3618 (Apud
1632 3540 1855 3608 Maium,
1885 3540 2155 3612 Spicilegii
2180 3548 2330 3598 torno
2357 3540 2445 3609 Ill,
2470 3555 2593 3613 pag.
2620 3540 2771 3613 671.)

1618 3844 1885 3936 MAIl
1963 3843 2583 3938 MONITUM.

543 4160 890 4217 Anastasium
919 4159 1399 4233 Bibliothecarium
1430 4158 1778 4217 transtulisse
1808 4176 1839 4218 e
1868 4159 2056 4219 Graco
2084 4161 2395 4233 passionem
2429 4160 2604 4217 sancti
2633 4158 2780 4216 Petri
2813 4159 3152 4217 Alexandria
3180 4158 3454 4233 episcopi,
3485 4159 3727 4219 allirmat

472 4234 707 4303 primum
741 4233 967 4301 ipsemet
996 4232 1322 4304 Anastasius
1362 4233 1417 4286 in
1445 4234 1669 4304 prologo
1696 4250 1797 4287 suo
1822 4234 1888 4286 ad
1935 4232 2246 4304 passionem
2297 4241 2601 4303 martyrum
2642 4246 2954 4304 uccccuxxx
2979 4269 2996 4296 ,
3049 4246 3210 4304 quem
3257 4232 3612 4304 Mrabillonius
3669 4236 3726 4290 in

471 4300 653 4359 Musca
682 4300 875 4358 Italico
899 4309 1030 4374 tom.
1054 4300 1073 4354 1
1094 4342 1108 4364 ,
1140 4309 1281 4374 part.
1311 4319 1382 4367 ιι,
1414 4300 1468 4372 ρῖ
1497 4304 1586 4366 80,
1605 4300 1857 4372 ’νιιιειινίι
1883 4322 1895 4356 :
1930 4300 2046 4372 post
2074 4304 2397 4374 translatam
2434 4300 2465 4374 ἀ
2497 4318 2578 4355 me
2611 4303 2682 4355 ad
2709 4303 3009 4374 petitionem
3039 4300 3339 4374 sanctitatis
3361 4312 3475 4374 tum
3509 4303 3726 4374 (loqui-

472 4383 561 4426 tur
588 4387 711 4425 cum
740 4371 1186 4442 Petroepiscopo
1220 4371 1553 4442 Gavinensi)
1604 4371 1901 4441 passionem
1934 4371 2196 4442 'prwcipui
2245 4373 2476 4427 doctoris
2527 4387 2577 4426 et
2623 4373 2881 4442 martyris
2909 4371 3077 4442 Petri,
3127 4371 3528 4442 Aleaandrinw‘
3564 4371 3723 4428 urbis

3354 4481 3367 4494 .
3405 4457 3454 4506 ι,
3499 4458 3551 4511 p.
3585 4444 3721 4509 269.

470 4442 721 4525 episcopi.
754 4438 1291 4513 Deinde—anonymuS
1316 4438 1645 4524 biograpbus
1666 4442 1893 4526 Joannis
1926 4438 2172 4526 VlII'P'P.
2209 4442 2351 4526 apud
2392 4438 2841 4523 MuratoriumIR.
2866 4441 2906 4497 Ι.
2933 4441 2989 4496 S.
3026 4451 3155 4496 tom.
3191 4438 3367 4563 l'll,
3405 4457 3415 4523 ε

470 4514 524 4564 ιι]
550 4527 725 4564 losum
753 4513 1041 4564 conﬁrmat
1074 4530 1087 4564 :
1121 4517 1440 4564 Anastasius
1473 4511 1623 4564 Rom.
1654 4513 1901 4564 Ecclesia:
1933 4514 2361 4564 bibliothecarrus
2399 4513 2672 4564 transtulit
2704 4522 2863 4564 etiam
2901 4513 2963 4564 de
2995 4510 3175 4564 erco
3202 4529 3255 4564 τη
3340 4522 3413 4564 alt

3340 4528 3545 4565 almum
3587 4530 3722 4581 pas-

469 4510 524 4567 id
550 4510 725 4582 ipsum
753 4513 1041 4582 conﬁrmat
1074 4530 1087 4565 :
1121 4510 1440 4566 Anastasius
1473 4510 1623 4567 Rom.
1654 4513 1901 4567 Ecclesia:
1933 4510 2361 4568 bibliothecarius
2399 4513 2672 4565 transtulit
2704 4513 2863 4566 etiam
2901 4513 2963 4566 de
2995 4510 3175 4566 Grtcco
3202 4514 3255 4564 in

470 4583 672 4636 sionem
700 4583 871 4635 sancti
903 4581 1050 4635 Petri
1080 4582 1433 4635 Alexandrini
1455 4584 1850 4652 archiepiscopi.
1896 4582 2283 4639 Verumtamen
2316 4600 2381 4638 ex
2412 4583 2641 4637 diversis
2674 4597 2794 4651 qua
2823 4583 3093 4652 habentur
3113 4582 3285 4636 sancti
3318 4581 3466 4652 Petri
3497 4586 3724 4651 passio-

469 4655 672 4724 nibus,
717 4667 1009 4724 quamnam
1056 4653 1381 4708 Anastasius
1423 4651 1792 4717 transtulerit,
1825 4654 2143 4721 conjectura
2181 4654 2755 4724 cognoscendumrest.
2811 4652 3019 4707 Etenim
3073 4651 3265 4706 Surius
3316 4652 3383 4704 ad
3441 4651 3590 4724 diem
3651 4655 3723 4708 26

469 4722 792 4794 Novembris
822 4722 1068 4791 quadam
1095 4724 1347 4794 breviora
1374 4723 1508 4775 Acta
1543 4725 1738 4777 recitat
1764 4763 1778 4784 ,
1813 4739 1988 4794 eaque
2019 4725 2087 4779 ab
2108 4721 2400 4779 Anastasio
2419 4739 2542 4777 esse
2568 4723 2865 4777 arbitratus
2898 4732 3014 4794 est,
3045 4729 3329 4794 propterea
3351 4721 3499 4791 quod
3517 4721 3595 4794 in
3613 4739 3720 4794 Ico-

469 4794 684 4847 dicibus
717 4786 919 4864 legerat
954 4794 1234 4864 prologum
1267 4792 1667 4864 admartyrum
1699 4786 2009 4849 ucccccixx
2038 4795 2345 4864 passionem
2374 4832 2389 4857 ,
2445 4794 2610 4864 cujus
2632 4807 2795 4864 supra
2840 4786 3222 4855 meminimus;
3279 4786 3460 4864 itaque
3515 4786 3720 4864 iisdem

471 4864 659 4935 verbis,
682 4860 861 4935 utitur
884 4860 1079 4935 Sarius
1107 4860 1661 4935 quibusAnastasius
1695 4866 1749 4917 in
1775 4866 1922 4935 dicto
1954 4860 2201 4935 prologo,
2232 4878 2430 4935 nempe
2453 4860 2959 4935 priecipuidoctoris
3010 4872 3059 4915 et
3091 4860 3536 4935 martyrisfetri
3564 4867 3629 4935 ΔΑ
3644 4867 3718 4918 lc-

466 4933 747 4986 :randrina:
777 4931 922 4985 urbis
962 4929 1191 5001 episcopi
1227 4932 1332 5000 (vel
1360 4933 1707 5000 patriarcha,
1754 4943 1813 4987 ut
1847 4929 2042 4989 Surius
2072 4929 2139 4989 et'
2174 4933 2343 4988 codex
2363 4929 2509 4989 'Vat.
2539 4934 2741 5000 regina
2772 4931 3072 4987 Succorum
3097 4929 3295 4997 542,7f.
3318 4930 3397 5001 772
3422 4932 3497 4999 b).
3558 4929 3715 4989 Surii

470 5010 650 5055 tamen
691 5000 997 5071 sententia,
1030 5004 1163 5055 nulli
1192 5009 1342 5055 certo
1359 5013 1683 5070 argumento
1723 5004 1923 5059 innixa
1964 5021 2072 5059 non
2105 5005 2376 5071 acquievit
2400 5002 2667 5057 Baronius
2705 5003 2758 5055 in
2792 5002 3236 5057 adnotationibus
3267 5000 3333 5054 ad
3381 5002 3716 5071 Martyrolo-

468 5073 612 5138 gium
648 5072 791 5123 tlicta
826 5070 913 5124 die
969 5069 1059 5124 Sic
1086 5073 1228 5125 enim
1262 5073 1337 5124 ait
1365 5090 1378 5126 :
1413 5069 1442 5122 (ί
1471 5071 1745 5129 Habemus
1776 5076 1881 5129 alia
1913 5074 2156 5142 ejusdem
2179 5069 2323 5129 Petri
2351 5073 2485 5126 Acta
2515 5073 2757 5142 pleniora
2781 5072 2837 5126 in
2866 5080 2973 5126 vet.
2995 5072 3116 5125 cod.
3142 5087 3269 5142 ms,
3297 5087 3419 5142 qua
3444 5069 3713 5141 quoniam

470 5142 782 5213 accuratius
806 5143 1118 5210 conscripta
1144 5150 1468 5213 noscuntur,
1491 5142 1805 5209 Anastasio,
1829 5140 1957 5199 mea
1996 5146 2265 5199 sententia
2292 5182 2307 5206 ,
2335 5140 2530 5213 potius
2543 5143 2826 5196 tribuenda
2857 5142 3131 5213 videntur.
3175 5140 3271 5195 Est
3292 5140 3510 5195 illorum
3539 5157 3711 5196 exor-

468 5208 618 5261 dium
648 5227 661 5262 :
696 5208 772 5283 Si-
794 5225 968 5283 omnes
1001 5208 1102 5264 mei
1130 5227 1346 5283 sensus.
1376 5212 1447 5283 i_(
1473 5214 1672 5283 labitur
1706 5208 1967 5268 memoria
1993 5214 2264 5268 Baronius
2291 5208 2385 5283 qui
2425 5214 2664 5267 scribere
2709 5213 2930 5283 debuit,
2977 5209 3036 5265 Si
3064 5228 3257 5283 omnes
3307 5213 3415 5283 mei
3465 5215 3711 5283 corporis

470 5289 619 5353 artus
644 5316 659 5338 ,
697 5279 774 5353 uti
811 5280 1008 5353 legitur
1039 5281 1179 5353 apud
1209 5279 1356 5352 nos.)
1380 5276 1644 5353 Eamdem
1671 5284 1738 5338 de
1761 5285 1881 5339 istis
1905 5285 2055 5339 Actis
2077 5276 2399 5338 sententiam
2430 5298 2539 5353 pra
2565 5298 2624 5337 se
2645 5282 2846 5353 tulerat
2879 5281 3144 5353 Baronius
3192 5276 3485 5353 in_Anunl.
3513 5276 3585 5353 ad
3615 5298 3708 5337 an.

470 5346 598 5429 510,
630 5348 723 5414 qui
757 5355 811 5401 et
838 5346 1484 5429 ipsisad'contexcndam
1514 5352 1663 5429 Petri
1693 5354 1984 5408 Historiam
2015 5355 2230 5429 naviter
2261 5368 2394 5408 usus
2426 5346 2529 5407 est.
2554 5358 2674 5429 iugo
2702 5352 2877 5429 igitur_
2906 5350 3476 5429 anctoritate‘lfaronit
3504 5350 3707 5429 fretus,

471 5423 840 5535 Eratereaque
871 5420 1110 5473 bonitate
1134 5428 1325 5489 captus
1358 5423 1617 5476 Actorum
1651 5424 1868 5489 borum,
1898 5440 2020 5496 qua
2049 5425 2104 5478 in
2130 5431 2445 5497 pervetusto
2469 5420 2657 5478 codice
2701 5420 2881 5493 reperi
2908 5420 3172 5477 Vaticano
3195 5421 3299 5477 602
3322 5461 3337 5486 ,
3385 5422 3709 5491 passionem

511 5498 614 5535 anc
651 5485 987 5535 celeberrimi
1018 5489 1397 5535 Alexandrinae
1420 5493 1568 5535 Ilrltic
1590 5495 1830 5535 pnicnnni
1857 5505 1902 5535 nl
1941 5496 2196 5535 mnrlvric
2217 5495 2469 5535 DYllith-

511 5498 614 5567 anc
651 5485 987 5567 celeberrimi
1018 5485 1397 5567 Alexandrina
1420 5493 1568 5567 urbis
1590 5495 1831 5567 episcopi
1850 5485 2196 5567 get-martyris
2216 5486 2469 5567 exhibeo.

543 5550 746 5632 frater
774 5554 889 5632 hac
919 5557 1133 5609 sincera
1167 5566 1221 5632 et
1250 5550 1639 5632 Anastasiana:
1668 5563 1735 5617 de
1769 5550 1970 5632 quibus
1999 5550 2270 5619 hactenus
2298 5564 2433 5631 dixi,
2462 5564 2597 5618 Acta
2618 5602 2633 5626 ,
2658 5561 2852 5618 Latina
2874 5562 2978 5617 alia
3008 5560 3330 5632 legebamin
3359 5559 3554 5616 codice
3578 5559 3705 5616 Vat.

471 5618 821 5707 922-Lnaque
866 5622 1034 5707 ferme
1082 5628 1347 5707 antiquo;
1380 5630 1499 5707 bac
1544 5618 1725 5707 tamen
1766 5618 1856 5686 illa
1884 5618 2013 5707 ipsa
2031 5644 2161 5707 sunt
2202 5649 2323 5705 qua
2364 5618 2726 5707 Gombelis’iu‘s
2757 5635 2810 5707 in
2837 5633 2995 5707 lectis
3023 5618 3336 5707 Triumphis
3362 5642 3669 5707 martyrum
3691 5671 3707 5696 ,

472 5703 528 5756 p,
566 5687 667 5744 189
691 5704 868 5758 seqq.,
895 5691 1079 5748 Grace
1109 5687 1277 5751 edidit
1301 5687 1355 5752 et
1385 5697 1678 5756 Latinitate
1710 5717 1848 5757 nova
1878 5687 2563 5776 d'ouavit.rqtiia'vetcrem—
2602 5703 2810 5760 codicis
2853 5701 3099 5758 Vaticani
3147 5687 3353 5756 lcitum
3394 5687 3707 5767 ignorabat;
