3862 6158
467 269 574 324 ι55

1486 260 1544 318 S.
1577 257 1781 317 PETRI
1815 257 2284 316 ALEXANDRINI
2324 259 2631 317 EPISCOP!

3595 264 3702 318 456

467 393 680 435 omnem
712 377 1005 434 sacerdotii
1037 392 1225 432 curam
1257 376 1451 432 diebus
1485 392 1549 432 ac
1598 377 1856 433 noctibus
1886 377 2028 447 vigi-
2061 389 2108 438 Α
2134 376 2331 440 illuxit,
2357 383 2745 447 cmperuntque
2775 374 2959 431 ﬁdeles
2988 375 3055 429 ad
3089 384 3386 447 martyrum
3411 378 3702 434 memorias

468 470 646 526 lanter
668 470 992 525 desudabat.

540 560 647 616 Sed
677 561 804 630 quia
832 576 1047 630 semper
1071 559 1188 614 zelo
1224 557 1529 630 percutitur
1557 559 1765 624 virtus,
1800 558 2032 613 feriunt-

465 663 571 722 que
599 662 842 708 Summos
866 650 1082 720 fulgura
1108 657 1352 714 montes,
1383 649 1704 703 aemulorum
1731 648 1860 702 hinc
1905 649 2032 704 inde

465 742 796 796 multifarios
833 740 1141 810 patiebatur
1171 736 1478 794 conflictus.
1502 738 1642 808 Quid
1662 738 1860 809 plura?
1893 753 2031 807 pene

463 832 611 885 omni
636 841 875 900 tempore
901 831 1026 885 vitae
1073 845 1186 884 suae
1216 830 1270 883 in
1301 829 1682 899 persecutione
1712 829 1876 899 degit.
1927 828 2030 885 Or-

462 921 669 976 dinavit
706 923 910 984 interea
938 921 1334 992 quinquaginta
1369 927 1422 974 et
1451 919 1692 990 quinque
1718 920 2026 989 episcopos.

461 1011 709 1068 Meletius
760 1013 992 1083 denique
1015 1053 1030 1078 ,
1084 1013 1305 1066 nomine
1342 1020 1398 1066 et
1431 1020 1612 1066 mente
1652 1011 1980 1081 nigerrimus
2009 1052 2025 1078 ,

459 1104 604 1174 apud
636 1104 1075 1175 Lycopolitanam
1101 1104 1290 1159 urbem
1321 1103 1708 1159 schismaticus
1739 1102 1914 1158 factus
1944 1113 2030 1160 est

457 1195 689 1264 praesul;
718 1195 886 1248 multa
919 1194 1138 1264 quidem
1169 1203 1359 1248 contra
1384 1209 1653 1248 canonum
1680 1209 1845 1264 agens
1868 1210 2028 1264 regu-

456 1286 587 1353 lam,
625 1301 1004 1356 superansque
1035 1287 1199 1339 etiam
1235 1294 1589 1341 cruentorum
1621 1287 1854 1341 militum
1897 1287 2027 1342 feri-

455 1383 646 1441 tatem,
662 1377 756 1447 qui
780 1376 836 1431 in
855 1376 1065 1432 Domini
1094 1379 1348 1448 passione
1365 1380 1522 1434 veriti
1541 1389 1668 1434 sunt
1687 1379 2023 1435 Dominicam

454 1468 706 1525 scindere
729 1469 1003 1535 tunicam;
1052 1473 1186 1526 adeo
1230 1471 1426 1527 laxatis
1459 1473 1684 1526 insaniae
1707 1473 2026 1542 raptabatur

455 1559 705 1626 habenis,
723 1568 782 1614 ut
800 1562 1124 1616 catholicam
1149 1563 1407 1620 scindens
1433 1563 1734 1620 Ecclesiam
1752 1603 1766 1628 ,
1800 1581 1910 1619 non
1934 1580 2026 1618 so-

455 1650 566 1706 lum
591 1667 688 1722 per
715 1653 961 1708 civitates
985 1653 1225 1726 Egypti,
1257 1656 1352 1712 sed
1382 1656 1544 1712 etiam
1573 1672 1670 1726 per
1695 1657 1856 1712 villas
1879 1657 2019 1724 ejus,

2133 468 2453 523 catervatim
2508 483 2752 532 currere,
2787 477 2840 522 et
2877 467 2946 521 ad
3001 467 3207 522 Christi
3239 468 3449 523 laudem
3496 477 3699 524 ccetum

2132 575 2492 632 congregare;
2517 576 2655 630 quos
2693 559 2889 614 divina:
2919 559 3053 630 legis
3091 560 3320 615 antistes
3349 560 3536 616 divino
3577 577 3701 616 ora-

2130 651 2256 706 culo
2292 648 2619 714 viviﬁcabat,
2651 649 2893 719 erigebat
2923 655 3086 719 atque
3114 649 3432 714 roborabat,
3492 666 3702 706 cresce-

2129 740 2330 810 batque
2377 740 2578 811 iugiter
2607 741 2662 795 in
2696 739 2939 795 Ecclesia
2997 739 3288 795 multitudo
3337 741 3696 797 credentium.

2132 830 2239 886 Sed
2270 833 2383 886 hare
2431 847 2540 885 non
2592 832 2760 901 aequis
2789 831 2963 886 oculis
2997 831 3088 886 ille
3118 831 3374 902 antiquus
3423 833 3697 902 aspiciens

2127 923 2379 978 humanae
2405 923 2597 978 salutis
2622 923 2796 978 hostis
2823 922 2964 975 haud
2991 922 3043 976 in
3069 924 3284 994 longum
3313 925 3542 994 quievit.
3561 923 3697 978 Nam

2129 1017 2312 1073 subito
2359 1016 2686 1086 paganitatis
2739 1016 2899 1070 turbo
2941 1031 3009 1071 ex
3051 1017 3280 1073 adverso
3337 1019 3611 1083 intonuit,
3646 1026 3700 1075 et

2127 1121 2279 1161 more
2313 1105 2612 1160 hibernalis
2634 1105 2823 1161 imbris
2852 1104 3107 1162 Ecclesia:
3129 1106 3475 1163 serenitatem
3501 1124 3701 1179 percu-

2128 1198 2210 1261 lit,
2239 1213 2467 1269 eamque
2495 1199 2682 1268 procul
2711 1198 2937 1269 fugavit.
2970 1197 3076 1254 Sed
3110 1200 3214 1253 hoc
3266 1207 3325 1254 ut
3350 1201 3700 1258 manifestius

2127 1287 2351 1358 intelligi
2381 1290 2570 1358 possit,
2593 1291 2902 1345 necessario
2933 1291 2998 1347 ad
3021 1291 3328 1360 impiissimi
3366 1300 3420 1346 et
3464 1291 3580 1346 Deo
3611 1308 3698 1347 re-

2127 1377 2284 1432 bellis
2311 1376 2634 1431 Diocletiani
2657 1379 3018 1443 atrocitatem,
3034 1380 3347 1450 pariterque
3374 1378 3696 1434 Maximiani

2126 1467 2328 1524 Galerii
2359 1469 2689 1526 reflectimus
2718 1471 3028 1538 articulum,
3075 1471 3168 1541 qui
3197 1487 3263 1526 eo
3292 1479 3539 1542 tempore
3567 1487 3695 1527 cum

2127 1561 2237 1617 [ilio
2267 1577 2369 1618 suo
2399 1561 2692 1618 Maximino
2740 1563 3027 1633 tyrannico
3053 1563 3336 1619 dominatu
3384 1563 3696 1620 Orientales

2125 1653 2354 1707 vexabat
2370 1653 2636 1722 regiones.

455 1759 586 1799 suos
613 1760 874 1815 sequaces
895 1747 1174 1804 ordinaret
1203 1749 1527 1820 episcopos,-
1553 1757 1608 1804 et
1645 1750 1776 1804 nihil
1805 1751 1855 1805 ei
1879 1765 2025 1804 curae
2055 1717 2097 1772 Β
2196 1741 2369 1813 Hujus
2399 1759 2633 1814 namque
2681 1746 3015 1816 temporibus
3044 1744 3101 1799 in
3123 1751 3334 1798 tantum
3366 1742 3696 1800 Christianae

455 1833 525 1890 de
553 1834 716 1891 Petro
739 1845 876 1901 erat,
897 1837 1007 1893 imo
1037 1855 1136 1894 nec
1165 1840 1233 1895 de
1253 1839 1475 1897 Christo
1495 1842 1729 1913 quierat
1756 1842 1811 1896 in
1837 1841 2019 1898 Petro.

455 1929 597 1986 Huic
623 1933 878 2003 praefatus
906 1931 1068 1989 Arius
1102 1933 1280 1988 adhuc
1313 1934 1486 1990 laicus
1509 1933 1848 1998 adhaerebat,
1893 1947 2025 1988 nec-

456 2022 588 2078 dum
623 2025 861 2080 clericali
893 2033 1120 2082 tonsura
1148 2032 1368 2081 notatus
1389 2067 1403 2091 ,
1435 2037 1659 2096 eratque
1686 2025 1763 2081 illi
1793 2024 2024 2094 ejusque

457 2115 640 2171 demui
668 2117 956 2172 admodum
985 2119 1221 2185 charus;
1253 2134 1355 2174 nec
1385 2119 1656 2173 immerito
1680 2134 1693 2170 :
1719 2133 1880 2173 omne
1904 2118 2021 2172 ani-

456 2207 587 2272 mal,
623 2215 682 2262 ut
712 2209 787 2262 ait
819 2207 1123 2280 Scriptura,
1153 2210 1330 2264 simile
1361 2209 1464 2264 sibi
1488 2209 1682 2280 diligit.
1715 2209 1812 2265 His
1837 2218 2020 2265 autem

453 2299 686 2371 cognitis
711 2339 726 2366 ,
767 2300 852 2356 vir
881 2300 1094 2356 Domini
1122 2317 1354 2356 mmrore
1393 2301 1678 2358 confectus
1719 2301 1860 2356 hanc
1895 2317 2019 2372 per-

451 2392 790 2448 secutionem
839 2393 1018 2448 aiebat
1069 2393 1310 2464 pejorem
1349 2410 1473 2449 esse
1527 2394 1728 2463 priore.
1779 2392 1847 2448 Et
1894 2394 2020 2449 licet

449 2486 775 2556 quibusdam
809 2486 1034 2541 latebris
1064 2489 1366 2541 absconsus
1387 2528 1401 2550 ,
1435 2493 1617 2540 tamen
1667 2500 1767 2554 pro
1809 2485 2017 2540 viribus

449 2577 852 2633 exhortatorios
885 2578 1083 2648 ubique
1108 2577 1348 2647 dirigens
1378 2577 1582 2646 apices,
1609 2575 2018 2646 praedicansque

450 2667 708 2724 Ecclesiae
743 2669 1007 2724 unitatem
1031 2707 1046 2730 ,
1073 2668 1360 2738 vegetabat
1389 2683 1483 2721 eos
1509 2667 1770 2722 adversus
1795 2667 2018 2737 imperi-

447 2761 584 2818 tiam
618 2768 670 2816 et
695 2759 959 2818 nefariam
995 2759 1193 2814 Meletii
1225 2759 1606 2813 temeritatem.
1631 2757 1785 2814 Unde
1811 2759 2016 2815 factum

451 2861 535 2908 est
568 2861 626 2907 ut
649 2868 757 2906 non
793 2852 952 2922 pauci
981 2851 1100 2920 ejus
1133 2851 1466 2906 salutaribus
1497 2852 1719 2906 monitis
1756 2853 2014 2918 animati,

452 2959 486 2998 a
519 2942 806 2998 Meletiana
839 2943 1182 2997 discederent
1213 2941 1507 3012 impietate.

522 3037 626 3093 Per
648 3036 787 3092 idem
813 3036 927 3090 fere
955 3043 1166 3105 tempus
1194 3033 1376 3098 Arius,
1396 3035 1610 3105 viperea
1634 3043 1874 3090 armatus
1901 3051 2016 3089 ver—
2041 3069 2081 3126 C

455 3131 618 3197 sulia,
669 3129 826 3199 quasi
871 3127 1128 3184 deserens
1176 3127 1490 3182 Meletianos
1519 3126 1765 3196 confugit
1812 3126 1878 3180 ad
1914 3125 2015 3182 Pe-

448 3231 630 3288 trum,
684 3221 778 3292 qui
824 3230 1047 3293 rogatus
1095 3221 1165 3275 ab
1213 3220 1485 3290 episcopis
1537 3221 1848 3274 sublimat-it
1891 3237 2015 3276 eum

448 3314 682 3369 diaconii
715 3316 938 3379 honore,
969 3314 1218 3368 nesciens
1244 3313 1444 3382 quippe
1473 3319 1678 3366 tantam
1703 3315 1820 3381 ejus
1845 3315 2015 3385 hypo-

445 3405 636 3458 rmsin.
671 3401 798 3455 Erat
821 3410 1002 3456 autem
1029 3411 1201 3457 tnstar
1228 3401 1436 3455 colubri
1462 3402 1722 3472 pestifero
1756 3403 2014 3459 suffectus

445 3504 676 3544 veneno.
728 3489 914 3561 Neque
969 3491 1114 3545 enim
1149 3490 1457 3560 hujusmodi
1511 3506 1706 3547 manus
1739 3491 2014 3562 impositio

447 3581 573 3636 huic
596 3589 786 3636 sancto
815 3582 869 3635 in
905 3581 1112 3636 crimen
1134 3582 1379 3650 deputari
1401 3582 1596 3652 potuit,
1631 3581 1772 3636 sicut
1798 3598 1896 3636 nec
1928 3581 2014 3636 Si-

446 3671 624 3724 monis
676 3670 885 3740 magica
942 3686 1032 3724 ars
1082 3671 1338 3726 simulata
1391 3671 1684 3726 ascribitur
1741 3670 2008 3743 Philippo.

447 3760 857 3816 Neletianorum
893 3762 1097 3816 interea
1143 3762 1459 3817 detestabile
1486 3762 1641 3818 nefas
1687 3778 1849 3832 supra
1896 3778 2013 3817 mo-

444 3854 576 3908 dum
605 3853 908 3917 crescebat,
960 3868 1275 3923 pavensque
1320 3853 1671 3909 beatissimus
1719 3853 1912 3908 Petrus
1946 3871 2013 3910 ne

446 3943 698 3998 haeretica
729 3943 899 4014 pestis
932 3951 1105 3998 totum
1157 3945 1261 3998 sibi
1292 3945 1556 4000 creditum
1589 3945 1866 4000 invaderet
1889 3961 2012 4016 gre-

443 4049 586 4105 gem,
617 4035 884 4104 simulque
915 4035 1093 4090 sciens
1121 4037 1265 4106 quod
1317 4038 1465 4090 nulla
1499 4037 1729 4093 societas
1771 4046 1855 4092 est
1902 4039 2008 4090 luci

443 4139 570 4178 cum
603 4125 860 4188 tenebris,
892 4125 1149 4196 nullaque
1174 4127 1467 4182 concordia
1493 4127 1710 4183 Christo
1738 4136 1791 4183 et
1818 4127 2006 4196 Belial,

445 4212 760 4268 Meletianos
791 4214 859 4268 ab
885 4213 1125 4271 Ecclesia
1174 4231 1270 4286 per
1318 4217 1528 4273 litteras
1568 4219 1888 4290 segregavit.
1943 4219 2008 4274 Et

441 4303 571 4374 quia
605 4305 742 4356 mala
771 4304 1020 4359 voluntas
1056 4306 1148 4359 diu
1202 4308 1464 4360 occultari
1512 4323 1620 4363 non
1669 4311 1828 4374 valet,
1859 4310 2006 4365 illico

440 4394 866 4451 nefandissimus
894 4396 1076 4462 Arius,
1107 4404 1387 4467 propterea
1417 4399 1560 4469 quod
1592 4415 1721 4455 suos
1768 4400 2006 4455 fautores
2038 4423 2082 4478 ι)

440 4484 509 4537 ab
560 4482 814 4539 Ecclesia:
863 4483 1123 4554 dignitate
1171 4496 1418 4542 cerneret
1470 4489 1741 4553 divisos,.
1777 4490 2005 4544 tristitiae

440 4574 781 4645 mancipatus
843 4576 1108 4646 gemebat.
1167 4577 1322 4643 Quod
1373 4580 1781 4634 sanctissimum
1826 4581 2003 4635 virum

439 4664 663 4720 minime
699 4665 879 4720 latuit.
928 4665 1208 4720 Denudata
1257 4684 1488 4740 namque
1533 4671 1651 4741 ejus
1702 4673 2000 4743 hypocrisi,

440 4760 690 4826 protinus
744 4759 1055 4828 evangelica
1099 4767 1257 4813 utens
1302 4760 1481 4825 ferro,
1535 4762 1594 4816 Si
1648 4764 1827 4817 oculus
1880 4774 2000 4818 tuus

438 4843 618 4900 dexter
671 4845 1002 4900 scandalizat
1037 4856 1104 4909 te,
1149 4863 1270 4900 erue
1307 4864 1424 4902 eum
1469 4859 1517 4903 et
1552 4852 1745 4921 projice
1794 4852 1886 4908 abs
1930 4863 1998 4921 te,

438 4937 628 4993 Arium
681 4939 749 4992 ab
810 4938 1066 4993 Ecclesiae
1129 4953 1418 5010 compage,
1476 4949 1661 5011 utpote
1725 4944 1999 5013 patridum

440 5031 742 5085 membrum
779 5031 1142 5095 detruncans,
1186 5031 1332 5088 foras
1369 5033 1576 5103 expulit
1624 5041 1678 5089 et
1705 5049 1734 5088 a
1762 5035 1998 5092 fidelium

439 5123 819 5176 communione
850 5131 1118 5177 extorrem
1139 5137 1262 5177 esse
1283 5122 1578 5179 mandavit.

512 5207 607 5265 llis
633 5214 706 5264 ita
759 5217 946 5282 gestis,
982 5214 1163 5270 subito
1197 5215 1485 5270 admodum
1537 5217 1712 5271 ablata
1743 5233 1999 5288 persecu-

437 5299 604 5357 tionis
631 5306 884 5371 procella,
915 5322 1050 5376 pax,
1108 5307 1236 5361 licet
1283 5307 1497 5377 exigua,
1551 5307 1781 5363 refulsit.
1845 5308 1998 5362 Tunc

439 5389 872 5458 elegantissimus
896 5395 1107 5450 Domini
1152 5394 1390 5450 pontifex
1445 5397 1642 5466 populo
1675 5397 1996 5454 manifestus

512 5541 961 5620 fa)‘_Rectissime
1028 5561 1212 5606 noster
1273 5551 1423 5620 ponit
1481 5548 1623 5604 Petri
1687 5553 1993 5620 passionem

441 5614 544 5691 sub
572 5611 904 5691 Maximino,
933 5633 1038 5670 non
1086 5623 1195 5691 sub
1240 5611 1614 5691 Diocletiano.
1667 5611 1811 5691 q'uod
1865 5624 1996 5678 facit

439 5681 659 5738 Graccus
711 5687 799 5741 ille
856 5687 1184 5751 biograuhus
1237 5707 1268 5746 a
1327 5690 1650 5747 Combcﬁs'to
1685 5681 1990 5750 'vuluatus.

2124 1835 2519 1904 persecutionis
2542 1838 2805 1892 aestuabat
2835 1837 3169 1901 incendium,
3198 1843 3259 1889 ut
3287 1851 3394 1890 non
3422 1836 3604 1891 solum
3640 1835 3696 1890 in

2123 1943 2234 1982 uno
2265 1928 2449 1982 mundi
2473 1930 2708 1995 climate,
2735 1931 2829 1985 sed
2851 1931 3012 1984 etiam
3040 1943 3137 1999 per
3162 1927 3477 1982 universum
3499 1926 3696 1982 orbem

2124 2029 2270 2075 terra
2297 2022 2542 2090 marique
2573 2022 2866 2092 impietatis
2916 2021 3154 2090 procella
3204 2026 3429 2073 tonaret.
3462 2019 3696 2073 Discur-

2121 2113 2366 2168 rentibus
2414 2114 2598 2184 itaque
2659 2115 2786 2168 hinc
2841 2113 2968 2169 inde
3023 2114 3396 2184 imperialibus
3461 2111 3695 2183 syllabis

2121 2212 2284 2274 atque
2313 2206 2711 2262 crudelissimis
2759 2205 3015 2270 decretis,
3048 2205 3386 2262 Christicolae
3416 2218 3570 2258 nunc
3599 2217 3696 2272 pa-

2120 2294 2229 2349 lam
2253 2311 2399 2350 nunc
2423 2295 2776 2352 clandestinis
2800 2297 3189 2368 jugulabantur
3217 2298 3466 2363 insidiis;
3504 2296 3693 2350 nullus

2119 2386 2264 2442 enim
2319 2387 2439 2444 dies
2482 2388 2744 2459 nullaque
2788 2405 2897 2444 nox
2951 2390 3020 2445 ab
3075 2389 3336 2445 effusione
3387 2388 3694 2445 Christiani

2119 2480 2333 2535 cruoris
2361 2483 2628 2536 transibat
2658 2483 2933 2538 immunis.
2965 2482 3076 2538 Nec
3098 2494 3255 2554 typus
3286 2482 3691 2537 interfectionis

2118 2568 2374 2624 horrebat
2397 2571 2660 2641 simplex;
2695 2573 2785 2627 alii
2811 2574 3029 2643 quidem
3050 2574 3281 2630 diversis
3311 2582 3363 2629 et
3397 2575 3691 2630 acerrimis

2116 2661 2450 2716 necabantur
2482 2665 2796 2734 suppliciis;
2831 2666 2922 2718 alii
2947 2680 3093 2730 vero,
3117 2673 3175 2718 ut
3198 2667 3357 2720 etiam
3396 2677 3689 2735 parentum

2116 2749 2454 2808 humanitate
2503 2756 2789 2825 patriaque
2833 2764 3083 2810 carerent
3129 2757 3425 2826 sepultura,
3468 2756 3538 2809 ad
3583 2757 3691 2810 alia

2116 2844 2587 2900 transferebantur
2633 2847 2770 2912 loca,
2813 2849 2970 2904 novis
3017 2849 3340 2919 quibusdam
3389 2856 3443 2904 et
3485 2849 3690 2903 saeculo

2116 2932 2376 2988 inauditis
2427 2951 2710 3005 pmnarum
2765 2940 3259 2996 machinationibus
3317 2941 3385 2995 ad
3431 2942 3690 3012 martyrii

2115 3027 2577 3095 compellebantur
2603 3037 2821 3084 metam.
2858 3029 3002 3084 Proh
3025 3031 3204 3086 nefas!
3243 3040 3391 3086 tanta
3415 3041 3538 3087 erat
3566 3034 3692 3087 illo-

2116 3131 2235 3168 rum
2267 3116 2546 3186 impietas,
2588 3127 2647 3172 ut
2677 3123 2841 3174 etiam
2874 3122 3041 3176 divini
3073 3124 3254 3177 cultus
3302 3125 3620 3178 sanctuaria
3653 3138 3688 3177 a

2113 3203 2481 3262 fundamentis
2507 3217 2832 3278 everterent,
2864 3223 3190 3282 sanctosque
3213 3215 3379 3270 libros
3408 3215 3523 3285 igni
3563 3230 3695 3271 cre-

2111 3305 2340 3353 marent.
2412 3299 2679 3356 Defuncto
2743 3303 2926 3374 itaque
2978 3307 3328 3360 exsecrabilis
3397 3307 3688 3362 memoriae

2112 3385 2465 3457 Diocletiano,
2493 3391 2883 3448 Constantinus
2921 3393 3093 3463 Major
3123 3395 3189 3448 ad
3220 3395 3370 3464 regni
3402 3397 3690 3464 guberna-

2112 3479 2234 3532 cula
2263 3482 2468 3539 electus
2495 3492 2598 3547 est,
2629 3497 2682 3538 et
2726 3484 2980 3555 Occiduis
3035 3487 3283 3555 partibus
3327 3489 3687 3557 principatus

2111 3569 2196 3624 sui
2229 3573 2392 3638 coepit
2412 3573 2681 3626 moderari
2722 3575 2981 3630 habenas.

2179 3661 2274 3716 His
2320 3661 2561 3731 profecto
2592 3664 2784 3719 diebus
2827 3664 3118 3722 Maximino
3149 3666 3222 3736 (a)
3263 3681 3293 3719 a
3341 3666 3684 3737 quibusdam

2109 3753 2176 3807 de
2219 3755 2442 3823 praefato
2495 3757 2905 3828 archiepiscopo
2969 3759 3199 3813 relatum
3261 3767 3366 3822 est,
3417 3760 3687 3816 videlicet

2109 3847 2252 3915 quod
2295 3847 2410 3916 ipse
2440 3847 2864 3904 Christianitatis
2889 3849 3000 3904 dux
3027 3858 3187 3920 atque
3219 3850 3444 3921 signifer
3481 3859 3633 3906 esset
3661 3869 3680 3918 ;

2109 3937 2203 4006 qui
2243 3938 2402 3992 solita
2448 3937 2814 3993 inflammatus
2865 3940 3144 4008 nequitia,
3171 3955 3203 3994 e
3232 3939 3462 4008 vestigio
3503 3939 3685 4008 jussit

2107 4028 2492 4098 comprehendi
2522 4028 2742 4083 Petrum
2769 4038 2822 4083 et
2851 4030 2904 4082 in
2933 4046 3205 4085 carcerem
3234 4030 3462 4085 retrudi.
3495 4032 3683 4095 Quam

2106 4121 2178 4176 ob
2208 4135 2320 4175 rem
2348 4122 2589 4192 quinque
2615 4121 2864 4176 tribunos
2885 4123 3116 4192 stipatos
3151 4123 3383 4176 militum
3434 4123 3686 4178 catervis

2106 4213 2487 4268 Alexandriam
2520 4214 2846 4282 destinavit;
2900 4217 2993 4286 qui
3023 4216 3301 4270 venientes
3339 4216 3496 4284 juxta
3523 4215 3682 4285 quod

2107 4305 2210 4361 sibi
2237 4307 2411 4362 fuerat
2437 4309 2779 4376 imperatum.
2813 4309 2991 4364 subito
3019 4310 3288 4379 rapientes
3308 4307 3511 4362 Christi
3535 4323 3684 4377 pon-

2106 4397 2574 4455 tiﬁcemcarceris
2603 4400 2860 4455 custodiae
2909 4400 3306 4468 manciparunt.
3367 4398 3503 4453 Mira
3535 4399 3683 4454 ﬁde-

2107 4489 2235 4542 lium
2266 4488 2512 4545 devotio!
2549 4490 2648 4545 Ubi
2686 4499 3022 4561 compertum
3063 4498 3144 4546 est
3189 4491 3332 4561 quod
3374 4499 3561 4546 tantus
3589 4494 3684 4546 vir

2105 4580 2474 4636 carceralibus
2505 4581 2849 4636 clauderetur
2877 4582 3184 4651 ergastulis,
3218 4583 3460 4637 cucurrit
3501 4599 3682 4652 supra

2103 4672 2326 4726 modum
2355 4673 2691 4728 incredibilis
2715 4673 3036 4738 multitudo,
3069 4674 3338 4743 praecipue
3366 4677 3681 4728 monacho-

2103 4779 2224 4817 rum
2263 4779 2326 4818 ac
2357 4765 2624 4835 virginum
2652 4766 2874 4830 chorus,
2922 4774 2976 4821 et
3010 4783 3119 4822 non
3174 4767 3554 4822 materialibus
3585 4785 3682 4821 ar-

2102 4858 2229 4921 mis,
2262 4857 2356 4911 sed
2405 4857 2764 4929 lacrymarum
2797 4859 2989 4914 rivulis
3021 4867 3075 4914 et
3100 4859 3201 4928 piae
3233 4861 3430 4923 mentis
3471 4858 3679 4916 affectu

2101 4948 2576 5003 circumdederunt
2637 4951 2875 5005 carceris
2935 4951 3235 5015 ambitum,
3293 4959 3348 5005 et
3403 4959 3675 5022 tanquam

2100 5037 2231 5094 boni
2254 5039 2350 5093 ﬁlii
2376 5055 2502 5110 erga
2530 5041 2730 5095 bonum
2761 5049 2991 5110 patrem,
3021 5041 3129 5096 imo
3153 5041 3463 5097 Christiana
3493 5059 3676 5099 mem-

2101 5129 2199 5184 bra
2241 5131 2709 5188 Christianissimo
2760 5133 2960 5202 capiti,
3030 5134 3154 5188 totis
3216 5136 3672 5203 compassionum

2098 5221 2396 5276 visceribus
2429 5223 2790 5282 adhaerebant,
2825 5231 3085 5292 erantque
3117 5224 3192 5276 illi
3226 5239 3434 5287 murus,
3467 5225 3671 5280 obsep

2100 5321 2288 5368 vantes
2317 5329 2384 5368 ne
2407 5315 2530 5384 quis
2562 5329 2896 5384 paganorum
2928 5315 2994 5368 ad
3026 5329 3147 5368 eum
3187 5313 3529 5384 ingrediendi
3570 5331 3672 5370 co-

2097 5404 2243 5474 piam
2282 5407 2522 5461 haberet.
2585 5405 2703 5462 Una
2763 5406 3017 5460 nimirum
3058 5407 3299 5460 omnium
3331 5413 3478 5469 vota,
3529 5421 3666 5461 con-

2097 5578 2204 5634 quo
2260 5562 2379 5643 loco
2436 5563 2628 5619 doctus
2685 5563 2862 5621 editor
2924 5579 2974 5632 p.
3036 5561 3141 5616 222
3204 5577 3449 5618 errorem
3514 5564 3668 5620 hunc

2097 5641 2361 5706 coarguit.
