3862 6158
280 291 376 347 457

1616 290 1797 351 ACTA
1837 291 2120 351 SINCERA
2133 332 2148 352 .

3397 293 3502 354 458

277 420 408 460 sons
434 421 563 470 vox,
593 403 891 476 eademque
929 407 1258 478 compassio,
1289 408 1428 466 mori
1455 411 1638 481 potius
1679 425 1842 481 quam
1871 415 1917 474 Δ
1940 427 2035 471 eos
2068 431 2080 468 :
2115 411 2290 469 Nolite
2321 401 2695 480 mefiratres,
2725 421 2983 486 tanquam
3033 410 3387 472 inhumanum
3442 434 3505 471 ac

275 504 525 552 sanctum
564 497 842 569 quidpiam
876 498 1005 552 mali
1056 502 1264 570 perpeti
1320 503 1568 560 viderent
1611 506 1710 573 (α).
1747 503 1841 559 Vir

272 596 455 642 autem
479 587 694 643 Domini
731 603 853 644 cum
883 604 1087 658 paucos
1117 593 1233 649 dies
1269 593 1458 650 eodem
1489 611 1658 651 nervo
1691 601 1842 652 tene-

272 686 422 736 retur
444 688 714 749 retrusus,
749 686 951 740 tribuni
1009 685 1254 741 fecerunt
1300 688 1367 742 de
1417 687 1538 757 ipso
1565 688 1679 760 regi
1708 703 1840 759 sug-

267 773 601 844 gestionem;
623 776 714 832 ille
756 784 936 832 autem
964 777 1120 848 juxta
1157 793 1361 833 morem
1395 795 1508 835 suae
1539 779 1839 838 ferocitatis

267 864 566 921 destinavit
591 869 936 932 sententiam,
981 877 1041 923 ut
1074 869 1449 926 beatissimum
1473 872 1837 942 patriarcham

265 957 490 1026 capitali
542 959 799 1028 punirent
830 959 1165 1016 discrimine.
1218 961 1389 1017 Porro
1432 963 1560 1017 dum
1597 963 1701 1019 hoc
1740 978 1840 1034 per

266 1063 429 1103 aures
479 1048 919 1105 Christianorum
979 1060 1256 1123 serperet,
1315 1061 1600 1124 cmperunt
1647 1071 1837 1112 omnes

266 1140 601 1194 unanimiter
641 1141 882 1197 carceris
926 1142 1130 1198 aditum
1182 1159 1308 1198 cum
1342 1145 1486 1200 luctu
1531 1155 1586 1201 et
1634 1147 1836 1216 gemitu

264 1230 570 1295 custodire,
621 1243 673 1287 et
698 1233 1031 1289 obsistentes
1065 1236 1332 1290 neminem
1363 1238 1644 1307 gentilium
1683 1239 1837 1294 illum

264 1319 476 1390 ingredi
533 1323 938 1391 permittebant.
976 1323 1201 1378 Tribuni
1254 1341 1383 1381 vero
1435 1343 1560 1382 cum
1609 1328 1676 1383 ad
1709 1343 1835 1384 eum

259 1411 619 1483 jugulandum
673 1415 982 1470 nullatenus
1027 1417 1287 1472 baberent
1338 1419 1680 1490 ingressum,
1733 1419 1835 1474 ha-

262 1502 375 1559 bito
404 1505 636 1561 consilio
681 1514 994 1562 statuerunt
1043 1515 1102 1562 ut
1153 1511 1335 1564 cuncti
1375 1511 1572 1567 milites
1617 1510 1835 1568 nudatis

263 1597 618 1652 mucronibus
675 1598 991 1668 popularem
1049 1601 1410 1671 irrumperent
1473 1602 1728 1666 turbam,
1779 1607 1834 1656 et

269 1688 353 1740 sic
389 1703 516 1743 eum
557 1689 819 1744 duntaxat
859 1691 926 1745 ad
964 1690 1341 1747 decollandum
1385 1692 1532 1748 foras
1581 1693 1833 1749 extrahe-

1942 503 2176 575 rigidum
2212 505 2485 575 accipere;
2527 520 2717 561 revera
2761 505 2905 561 enim
2940 514 2995 561 et
3046 521 3146 578 ego
3189 507 3352 562 homo
3381 523 3503 562 sum

1940 595 2044 651 sub
2067 595 2182 666 lege
2211 596 2414 666 peccati
2446 595 2672 667 degens;
2710 595 2806 651 sed
2839 595 3042 652 credite
3075 597 3210 652 meis
3243 598 3509 652 sermoni.

1939 685 2060 742 bus.
2089 684 2286 743 Latens
2316 687 2430 742 Arii
2451 687 2608 743 dolus
2640 703 2854 744 omnem
2892 696 3110 759 superat
3136 687 3501 759 iniquitatem,

1937 789 2263 846 omnemque
2293 775 2700 847 supergreditur
2732 777 3058 846 impietatem
3093 795 3107 844 ;
3170 786 3222 833 et
3255 777 3362 833 hoc
3393 793 3499 833 non

1938 878 1970 917 a
1999 866 2317 934 memetipso
2351 881 2624 932 asserens,
2648 866 2767 936 ejus
2799 866 3005 922 sancivi
3049 868 3497 938 segregationem.

1937 956 2051 1012 Hac
2081 959 2280 1013 etenim
2315 966 2475 1015 nocte
2507 959 2636 1013 dum
2675 959 2988 1014 solenmiter
3009 973 3198 1027 preces
3233 958 3298 1012 ad
3330 957 3498 1012 Deum

1937 1047 2238 1114 funderem,
2264 1049 2437 1104 astitit
2457 1047 2587 1101 mihi
2621 1047 2841 1118 quidam
2866 1062 2999 1117 puer
3021 1047 3178 1115 quasi
3210 1046 3496 1101 duodecim

1935 1153 2227 1203 annorum,
2261 1141 2418 1210 cujus
2480 1139 2636 1194 faciei
2667 1139 2966 1194 claritatem
3031 1137 3173 1192 ferre
3215 1153 3323 1193 non
3354 1146 3501 1210 pote-

1934 1245 2072 1297 ram,
2106 1246 2228 1285 nam
2260 1241 2372 1285 tota
2403 1231 2516 1286 haec
2571 1229 2707 1285 cella
2739 1230 2794 1284 in
2833 1246 2937 1300 qua
2971 1237 3180 1286 stamus
3229 1230 3497 1287 immenso

1934 1322 2138 1378 lumine
2168 1324 2434 1378 radiabat.
2458 1323 2575 1393 Ipse
2611 1330 2789 1377 autem
2833 1323 3169 1378 linostimum
3199 1332 3317 1378 erat
3344 1324 3499 1378 indu.

1929 1423 2022 1471 'tus
2047 1416 2342 1479 colobium,
2390 1419 2621 1472 scissum
2661 1417 2716 1471 in
2766 1424 2948 1487 partes
2986 1425 3244 1488 utrasque
3290 1433 3320 1472 a
3351 1418 3496 1473 collo

1931 1524 2106 1578 usque
2139 1509 2207 1562 ad
2248 1510 2434 1579 pedes,
2477 1520 2776 1578 tenensque
2810 1507 3023 1578 gemina
3073 1524 3236 1562 manu
3293 1509 3493 1566 colobii

1932 1598 2228 1662 scissuras,
2279 1598 2582 1669 applicahat
2640 1613 2734 1653 eas
2779 1598 2984 1668 pectori
3040 1615 3161 1661 suo,
3227 1608 3492 1669 quatenus

1932 1691 2210 1762 propriam
2242 1699 2449 1761 tegeret
2480 1691 2798 1748 nuditatem.
2831 1691 2912 1745 Ad
2948 1692 3085 1745 hanc
3108 1691 3307 1762 quippe
3331 1692 3494 1746 visio-

258 1785 423 1844 rent;
455 1794 583 1833 mox
611 1795 742 1836 vero
769 1781 815 1836 si
846 1783 970 1852 quis
997 1784 1265 1841 obsistere
1303 1786 1496 1853 vellet,
1529 1785 1708 1856 gladio
1745 1786 1830 1840 ἰι-
1861 1770 1904 1825 Β
1931 1797 2054 1836 nem
2089 1798 2188 1853 ego
2219 1783 2448 1839 miratus
2485 1784 2762 1855 obstupui.
2794 1783 2915 1840 Mox
2942 1784 3032 1838 ubi
3068 1785 3192 1838 data
3228 1793 3311 1838 est
3359 1784 3492 1838 mihi

259 1871 472 1926 teriret.

327 1962 496 2019 ltrius
518 1964 726 2022 interea
754 1967 930 2021 adhuc
965 1967 1181 2023 levitico
1217 1975 1425 2023 tantum
1452 1968 1658 2023 honore
1681 1966 1830 2022 colo-

267 2065 423 2110 ratus
457 2056 556 2128 (ὁ),
587 2067 834 2115 metuens
863 2076 932 2115 ne
961 2068 1084 2131 post
1116 2061 1322 2116 exitum
1353 2060 1488 2116 tanti
1521 2054 1700 2115 Patris
1745 2075 1830 2116 re-

258 2148 545 2204 conciliari
589 2151 902 2207 nullatenus
928 2153 1160 2216 valeret,
1194 2153 1326 2207 adiit
1371 2167 1467 2207 eos
1513 2151 1607 2222 qui
1658 2151 1828 2206 nobi-

257 2239 427 2295 liores
474 2249 632 2294 erant
659 2241 715 2295 in
751 2243 918 2305 clero,
947 2253 1001 2297 et
1031 2244 1280 2298 luctuoso
1312 2243 1561 2313 precario
1590 2241 1831 2298 blando-

254 2347 365 2402 que
406 2347 657 2388 sermone
711 2340 897 2403 utpote
957 2335 1240 2390 simulator
1284 2334 1583 2389 conabatur
1638 2342 1828 2389 sancto

255 2427 489 2480 suadere
540 2426 982 2497 archiepiscopo,
1040 2435 1100 2480 ut
1133 2427 1208 2480 illi
1244 2426 1620 2482 misericordia
1651 2427 1828 2480 indul-

251 2527 424 2585 geret,
455 2533 690 2589 eumque
735 2519 804 2573 ab
833 2520 1144 2590 bujusmodi
1192 2520 1426 2574 solveret
1477 2519 1823 2590 obligatione.

253 2601 458 2664 Verum
491 2611 624 2680 quid
655 2612 910 2667 simulato
935 2611 1101 2667 corde
1143 2611 1426 2666 fallacius?
1451 2611 1591 2678 Quid
1637 2619 1826 2667 sancta

250 2703 650 2771 compositione
716 2703 1066 2774 simplicius?
1123 2703 1275 2758 Haud
1337 2718 1538 2770 mora;
1594 2704 1825 2776 ingressi

251 2802 383 2847 sunt
419 2794 516 2862 qui
554 2795 726 2866 rogati
758 2795 976 2852 fuerant
1014 2797 1083 2851 ad
1130 2796 1334 2853 Christi
1387 2795 1725 2867 pontiﬁcem,
1770 2803 1826 2852 et

250 2892 376 2954 post
431 2895 749 2942 consuetam
801 2888 1124 2954 orationem,
1176 2889 1509 2945 consternati
1538 2888 1659 2944 solo
1696 2902 1824 2942 cum

248 2979 456 3048 gemitu
481 2987 536 3031 et
566 2979 820 3051 lacrymis
845 2995 1034 3037 sacras
1053 2981 1172 3050 ejus
1194 2981 1572 3037 deosculantcs
1603 2995 1818 3046 manus,

248 3067 572 3140 flagitabant
619 3086 742 3125 eum
794 3071 1034 3128 dicentes
1065 3091 1080 3128 :
1114 3071 1190 3127 Te
1223 3071 1440 3142 quidem
1461 3113 1476 3136 ,
1509 3071 1819 3128 beatissime

249 3157 442 3226 Pater,
502 3160 803 3215 secundum
862 3161 985 3216 ﬁdei
1045 3161 1362 3233 dignitatem
1426 3161 1685 3216 Dominus
1750 3161 1817 3216 ad

245 3253 497 3324 martyrii
530 3267 785 3308 coronam
808 3254 1044 3317 vocavit,
1059 3269 1222 3324 quam
1245 3262 1296 3309 te
1323 3254 1556 3310 celerius
1572 3253 1819 3323 accipere

246 3358 592 3415 nequaquam
621 3344 966 3414 ambigimus.
996 3345 1205 3402 Idcirco
1231 3347 1441 3415 justum
1471 3355 1726 3416 putamus
1759 3352 1820 3400 ut

245 3435 414 3490 solita
465 3437 664 3506 pietate
696 3436 979 3507 indulgeas
1014 3437 1180 3504 Ario,
1214 3437 1444 3508 ejusque
1483 3435 1698 3494 ﬂetibus
1729 3452 1822 3492 ve-

243 3527 392 3582 niam
422 3528 658 3584 tribuas.

317 3615 532 3682 Quibus
593 3618 796 3675 auditis
855 3619 939 3673 vir
986 3617 1201 3674 Domini
1263 3633 1389 3674 cum
1441 3617 1818 3689 indignatione

243 3707 524 3764 submovit
556 3723 673 3773 eos,
705 3717 761 3765 et
811 3710 1037 3766 elevatis
1079 3725 1297 3768 sursum
1343 3710 1594 3764 manibus
1625 3709 1818 3764 excla-

243 3814 430 3864 mans,
451 3801 619 3856 dixit:
642 3799 749 3856 Pro
773 3803 902 3858 Ario
933 3817 1018 3858 me
1048 3803 1259 3858 audetis
1287 3801 1628 3872 supplicare?
1655 3801 1818 3856 Arius

243 3898 301 3944 et
331 3890 421 3944 hic
449 3903 502 3946 et
536 3892 590 3946 in
623 3892 806 3948 futuro
857 3893 1058 3950 saeculo
1105 3909 1136 3946 a
1185 3893 1355 3963 gloria
1388 3891 1511 3946 Filii
1559 3889 1656 3947 Dei
1684 3890 1816 3947 Jesu

244 3981 458 4037 Christi
495 3983 708 4038 Domini
743 3985 916 4040 nostri
947 3999 1162 4054 semper
1187 3986 1290 4040 erit
1325 3993 1640 4055 segregatus
1680 3999 1819 4039 sem-

245 4085 453 4142 perque
480 4073 721 4128 manehit
765 4075 997 4130 extorris
1027 4074 1120 4146 (c).
1151 4073 1275 4129 Haec
1321 4074 1412 4129 illo
1454 4081 1812 4144 protestante,

243 4178 441 4218 omnes
465 4164 561 4234 qui
588 4165 834 4228 aderant,
866 4167 1062 4222 timore
1091 4165 1364 4235 perculsi,
1390 4175 1647 4235 tanquam
1680 4165 1815 4218 muti

246 4256 570 4314 reticebant.
603 4255 774 4313 Porro
814 4259 1075 4329 suspicati
1115 4266 1244 4314 sunt
1286 4273 1409 4312 eum
1439 4275 1549 4314 non
1583 4258 1702 4314 sine
1739 4256 1819 4311 di-

243 4349 377 4404 vino
426 4362 560 4406 nutu
612 4352 776 4407 talem
824 4353 881 4406 in
935 4351 1124 4405 Arium
1173 4348 1418 4420 proferre
1468 4350 1812 4407 sententiam.

1931 1871 2186 1944 loquendi
2242 1874 2460 1939 ﬁducia,
2516 1877 2831 1932 exclamans
2871 1875 2982 1931 dixi
3018 1896 3029 1932 :
3069 1875 3326 1941 Domine,
3368 1877 3493 1946 quis

1929 1966 2029 2020 tibi
2076 1967 2180 2020 hoc
2235 1966 2394 2021 scidit
2453 1967 2865 2023 indumentum?
2910 1969 2974 2024 Et
3008 1969 3099 2024 ille
3138 1986 3151 2022 :
3200 1967 3364 2024 Arius
3405 1983 3492 2023 mc

1928 2056 2111 2120 scidit,
2143 2057 2237 2112 sed
2272 2073 2514 2129 praecave
2559 2060 2780 2116 omnino
2805 2077 2873 2116 ne
2905 2077 3026 2116 eum
3060 2062 3115 2116 in
3141 2061 3493 2117 communio-

1932 2164 2058 2204 nem
2088 2149 2356 2220 recipias;
2386 2166 2514 2206 ecce
2542 2153 2685 2206 enim
2715 2153 2954 2208 crastina
2985 2153 3072 2208 die
3100 2153 3316 2208 venturi
3361 2162 3494 2208 sunt

1926 2242 2020 2311 qui
2053 2248 2107 2296 te
2135 2258 2234 2312 pro
2279 2259 2344 2298 eo
2390 2245 2762 2313 postulabunt.
2793 2244 2928 2302 Vide
2983 2262 3114 2318 ergo
3163 2261 3232 2301 ne
3288 2262 3490 2302 suasua

1927 2332 2246 2402 acquiescas
2291 2334 2398 2389 illis
2434 2354 2446 2388 :
2479 2336 2608 2404 quin
2638 2337 2818 2406 potius
2862 2337 3053 2407 jubeto
3083 2337 3308 2392 Achillae
3350 2338 3490 2408 pari-

1929 2428 2117 2490 terque
2134 2420 2441 2477 Alexandro
2464 2425 2817 2496 presbyteris,
2852 2426 2945 2496 qui
2984 2435 3104 2496 post
3134 2434 3286 2480 tuum
3309 2435 3490 2481 trans.

1925 2509 2058 2564 itum
2097 2515 2294 2568 recturi
2340 2523 2468 2569 sunt
2499 2514 2795 2571 Ecclesiam
2825 2532 3020 2584 meam,
3049 2533 3116 2574 ne
3147 2518 3489 2588 aliquatenus

1923 2603 2076 2657 illum
2128 2605 2415 2675 recipiant.
2481 2604 2561 2660 Tu
2612 2617 2800 2665 autem
2858 2608 3072 2664 futurus
3123 2625 3183 2664 es
3244 2609 3490 2680 martyrii

1923 2700 2126 2748 sortem
2188 2696 2430 2750 velocius
2486 2695 2723 2765 explere.
2787 2695 2960 2769 Huju‘s
3024 2706 3202 2753 autem
3259 2699 3489 2755 visionis

1923 2798 2090 2840 causa
2141 2785 2219 2840 nil
2257 2786 2490 2856 amplius
2534 2785 2655 2842 fuit.
2704 2787 2844 2842 Ecce
2896 2788 3134 2843 satisfeci
3189 2790 3380 2855 vobis,
3431 2793 3490 2844 et

1923 2889 2042 2944 qua:
2070 2873 2225 2944 jussa
2253 2883 2380 2932 sunt
2408 2891 2634 2946 prorsus
2665 2877 3002 2931 annuntiavi.
3050 2877 3316 2933 Caeterum
3356 2877 3487 2949 quid

1921 2984 1987 3024 ex
2025 2968 2110 3024 his
2145 2968 2386 3035 facietis,
2424 2985 2524 3026 vos
2562 2969 2827 3026 videritis.
2869 2969 2933 3024 Et
2978 2969 3044 3025 de
3094 2970 3224 3025 Ario
3267 2969 3485 3041 quidem

1922 3063 2056 3119 haec.

1989 3154 2174 3212 Nostis
2195 3163 2474 3226 praeterea,
2505 3155 2836 3218 charissimi,
2866 3166 2918 3210 et
2947 3156 3084 3211 bene
3125 3156 3321 3222 nostis,
3350 3169 3489 3228 quas

1921 3243 2047 3299 liter
2094 3245 2200 3300 huc
2230 3259 2403 3314 usque
2425 3243 2704 3299 vobiscum
2734 3249 3084 3297 conversatus
3119 3257 3259 3306 sum,
3309 3253 3486 3312 quan:

1921 3344 2112 3405 tasque
2143 3334 2574 3390 conﬂictationes
2605 3333 2672 3388 ab
2704 3334 3004 3390 idololatris
3035 3333 3272 3389 sustinui
3312 3334 3486 3404 genti.

1920 3428 2084 3491 libus,
2121 3427 2214 3498 qui
2242 3427 2526 3484 Dominum
2559 3424 2894 3480 Salvaturem
2920 3426 3252 3497 ignorantes,
3301 3424 3485 3478 multi-

1920 3517 2163 3572 tudinem
2215 3515 2439 3573 deorum
2487 3515 2580 3587 qui
2628 3530 2738 3570 non
2782 3523 2930 3582 sunt,
2965 3515 3300 3570 insanientes
3331 3514 3486 3569 diﬁ’aa

1919 3622 2072 3662 mare
2099 3623 2208 3663 non
2243 3615 2482 3664 cessant.
2524 3605 2686 3662 Scitis
2732 3606 2976 3677 profecto
3006 3608 3278 3679 quomodo
3299 3621 3484 3678 perse-

1917 3709 2168 3754 cutorum
2197 3699 2524 3755 declinando
2554 3698 2781 3768 rabiem,
2807 3697 2874 3754 de
2909 3699 3029 3754 loco
3061 3699 3128 3754 ad
3155 3701 3330 3754 locum
3357 3715 3485 3772 pro.

1918 3798 2078 3870 fugus
2126 3799 2291 3854 ibam.
2345 3795 2643 3850 Plurimum
2702 3811 2935 3865 namque
2987 3796 3039 3850 in
3100 3795 3482 3865 Mesopotamia

1916 3891 2138 3945 latitans
2190 3889 2334 3961 degi,
2391 3904 2454 3942 ac
2484 3889 2707 3960 perinde
2741 3888 2883 3958 apud
2936 3887 3146 3960 Syriam
3208 3885 3483 3944 thnicis

1916 3984 2126 4049 delitui,
2159 3984 2215 4038 in
2248 3991 2481 4053 utraque
2535 3982 2697 4036 etiam
2752 3979 3042 4035 Palaestina
3085 3980 3290 4036 diutius
3327 3993 3482 4051 pere‘

1913 4077 2274 4150 grinationem
2317 4074 2588 4142 sustinui;
2647 4082 2700 4129 et
2729 4073 2947 4137 exinde,
2982 4079 3042 4140 ut
3086 4077 3158 4126 ita
3194 4072 3392 4140 dicam,
3425 4073 3480 4127 in

1915 4171 2023 4224 alio
2043 4170 2333 4232 elemento,
2354 4167 2457 4222 hoc
2485 4175 2571 4222 est
2594 4167 2648 4220 in
2683 4166 2878 4220 insulis
2906 4180 3013 4219 non
3047 4179 3214 4235 parvo
3241 4170 3484 4234 tempore

1914 4269 2157 4318 moratus
2188 4275 2329 4315 sum.
2355 4259 2420 4312 Et
2467 4259 2522 4312 in
2561 4259 2645 4314 bis
2678 4257 2935 4312 omnibus
2964 4256 3165 4326 degens
3199 4256 3480 4311 calamitas

1913 4355 2063 4410 tibus
2095 4351 2378 4409 Dominico
2403 4349 2552 4422 gregi
2585 4350 2676 4420 qui
2708 4363 2840 4403 meae
2873 4348 3126 4418 parvitati
3156 4348 3482 4402 commissus

242 4441 397 4509 Quos
425 4443 554 4498 dum
570 4444 1030 4501 clementissimus
1053 4443 1212 4498 Pater
1229 4444 1413 4499 cordis
1441 4443 1814 4513 compunctio-
1844 4459 1889 4514 ι)
1917 4453 2021 4506 est,
2056 4445 2145 4500 die
2171 4451 2444 4510 noctuque
2472 4440 2712 4496 scribere
2759 4454 2865 4494 non
2895 4437 3208 4491 desinebam
3230 4475 3246 4500 ,
3281 4435 3483 4490 conﬁr'

243 4549 316 4590 ne
364 4535 588 4592 silentes
628 4551 693 4592 ac
741 4546 966 4594 maestos
1013 4537 1300 4603 aspiceret,
1334 4535 1508 4591 noluit
1564 4544 1814 4591 austerus

243 4640 602 4698 permanere,
651 4629 739 4682 vel
785 4645 882 4685 eos
941 4629 1099 4699 quasi
1147 4636 1508 4684 contemnens
1567 4627 1685 4682 sine
1733 4641 1817 4682 sa-

244 4719 558 4775 tisfactione
599 4721 938 4789 relinquere;
989 4719 1084 4776 sed
1124 4734 1412 4775 assumens
1445 4719 1714 4772 Achillam
1760 4725 1815 4770 et

229 4810 656 4875 Alexandrum,
723 4812 816 4881 qui
881 4811 940 4865 in
1003 4810 1382 4868 sacerdotibus
1439 4810 1684 4866 seniores
1751 4824 1814 4862 ac

241 4903 553 4959 sanctiores
569 4919 695 4959 esse
721 4902 1068 4968 videbantur,
1103 4919 1266 4957 unum
1296 4918 1362 4958 ex
1392 4903 1472 4956 eis
1506 4901 1714 4955 habens
1745 4899 1812 4954 ad

240 4998 543 5062 dexteram,
569 4997 802 5052 alterum
833 5010 1051 5064 quoque
1073 4994 1143 5048 ad
1178 4993 1386 5058 laevam,
1419 4992 1695 5062 paululum
1717 5006 1813 5048 eos

241 5089 551 5161 segregavit
604 5104 635 5143 a
681 5089 911 5154 ceteris,
943 5094 998 5142 et
1053 5087 1240 5142 clauso
1273 5099 1523 5141 sermone
1572 5083 1710 5138 dixit
1743 5083 1811 5136 ad

309 5249 389 5317 (α)
452 5246 544 5302 Sic
598 5265 826 5317 prorsus
889 5249 1193 5304 excubabat
1249 5243 1678 5317 Mediolanensis
1725 5243 1809 5313 pia

233 5315 394 5444 plebs
419 5319 562 5372 circa
585 5315 932 5375 Ambrosium
960 5322 1272 5388 episcopum
1321 5330 1502 5381 suum,
1537 5316 1622 5366 cui
1658 5315 1810 5368 furor

271 5393 467 5443 ustinte
493 5389 706 5444 Arianae
735 5390 1099 5444 imperatricis
1133 5387 1478 5444 imminebat,
1517 5392 1650 5438 teste
1679 5399 1810 5438 ocu-

271 5393 467 5443 ustinte
493 5389 706 5445 Arianae
735 5387 1099 5458 imperatricis
1133 5387 1478 5458 imminebat,
1517 5392 1650 5438 teste
1679 5399 1810 5438 ocu-

235 5461 337 5516 lari
359 5461 665 5530 Augustino
703 5454 944 5530 Confess.
979 5461 1073 5515 lib.
1097 5475 1171 5521 Ix,
1195 5472 1315 5530 cap_.
1355 5454 1406 5508 7.

307 5529 383 5596 (ὁ)
409 5523 577 5584 Ριέςιθ
606 5531 708 5585 hoc
733 5523 952 5589 dicitur.
983 5545 1142 5585 secus
1174 5542 1237 5581 ac
1264 5523 1451 5580 Graeca
1491 5525 1632 5596 Acta
1648 5523 1809 5596 Com-

234 5594 415 5654 beiisii
461 5609 517 5654 et
563 5600 688 5654 cod.
723 5599 846 5654 Vat.
878 5600 1003 5661 622.
1059 5601 1116 5654 in
1173 5596 1372 5668 quibus
1424 5597 1561 5653 falso
1604 5594 1808 5650 dicitur

233 5671 520 5740 presbyter
542 5671 707 5724 Arius
725 5671 828 5725 sub
852 5668 1036 5740 Petro.

305 5743 375 5809 (c)
403 5731 629 5794 Addunt
685 5740 774 5795 hic
806 5741 940 5793 Acta
987 5736 1383 5794 Combeﬁsiana
1409 5775 1426 5804 ,
1465 5731 1794 5807 quemadmo‘

555 5831 827 5894 Parnon.
870 5832 988 5894 Gn.
1033 5829 1264 5894 XVIII.

1916 4547 2072 4586 maus
2112 4545 2206 4586 eos
2240 4531 2296 4584 in
2342 4527 2546 4582 Christi
2596 4527 2824 4582 unitate.
2877 4523 3080 4579 Horum
3123 4525 3268 4578 enim
3319 4525 3480 4579 anxia

1916 4621 2226 4680 sollicitudo
2280 4637 2377 4676 cor
2438 4635 2617 4676 meum
2677 4618 2864 4674 sedule
2919 4616 3250 4686 instigabat,
3292 4623 3346 4671 et
3393 4633 3480 4672 me

1914 4717 2196 4788 quiescere
2217 4730 2325 4770 non
2350 4712 2593 4777 sinebat;
2629 4708 2970 4765 solummodo
2992 4708 3163 4762 levius
3181 4723 3264 4763 me
3282 4707 3481 4764 habere
3545 4744 3552 4750 μ

1913 4809 2174 4882 putabam
2230 4805 2448 4879 quando
2468 4819 2574 4860 .eos
2624 4816 2872 4872 superine
2917 4799 3168 4871 potestati
3214 4801 3480 4855 commit—-

1911 4901 2113 4956 tebam.

1981 4989 2099 5045 1am
2142 5002 2270 5043 vero
2310 4993 2532 5058 propter
2559 4984 2865 5039 fortunatos
2898 4981 3204 5052 pontiﬁces,
3232 4977 3475 5034 Phileum

1911 5085 2053 5148 dico,
2086 5079 2414 5151 Ilesychium
2442 5076 2520 5146 (ά)
2555 5083 2715 5144 atque
2739 5073 3106 5137 Theodorum,
3133 5071 3224 5142 qui
3252 5071 3414 5142 digne
3446 5085 3475 5123 a

1909 5237 2036 5290 dum
2064 5234 2153 5288 ille
2187 5232 2284 5286 Dei
2313 5229 2512 5284 Filium
2547 5244 2579 5281 a
2606 5237 2827 5297 paterna
2879 5226 3052 5298 gloria
3095 5236 3145 5280 et
3175 5224 3479 5298 substantia

1909 5304 2271 5377 sequestrem.
2299 5299 2455 5366 Male,
2478 5295 2615 5377 quia
2642 5295 2894 5377 tier-idum
2915 5298 3078 5377 Arius
3107 5309 3262 5377 suam
3293 5295 3478 5377 lusere-

1911 5364 2010 5432 sim
2033 5375 2384 5445 patefecerat,
2402 5364 2598 5424 sed'oh
2628 5368 2865 5445 schisma
2891 5364 3272 5445 tantummodo
3300 5364 3480 5445 1i_iele-

1907 5437 2152 5504 tianum.
2201 5450 2254 5497 et
2304 5447 2614 5509 suspectam
2667 5438 2860 5509 agendi
2895 5439 3162 5509 rationem
3218 5437 3478 5509 exclusus

1908 5517 2107 5571 fuerat.
2139 5513 2254 5568 Hoc
2289 5505 2727 5565 additamentum
2755 5523 2823 5562 ne
2860 5507 2996 5562 alter
3037 5506 3254 5577 quidem
3306 5505 3478 5562 codex

1907 5586 2034 5642 Vat.
2071 5585 2177 5640 622
2215 5582 2479 5654 agnoscit.

1979 5657 2057 5729 (ά)
2087 5657 2223 5729 Acta
2249 5643 2663 5709 'Combeﬁsiana
2700 5657 2754 5704 et
2793 5645 2916 5704 cod.
2955 5644 3078 5702 Vat.
3126 5643 3232 5699 622
3274 5643 3482 5702 addunt

1909 5709 2278 5785 Ps‘diomium.

3133 5805 3292 5910 15'
