3862 6158
384 223 490 280 459

1413 224 1473 282 8.
1516 223 1716 280 PETRI
1758 222 2221 281 ALEXANDRINI
2260 227 2569 286 EPISCOPI

3531 236 3635 294 ‘60

383 348 568 404 divina
596 348 768 419 gratia
801 355 930 404 sunt
973 347 1174 411 vocati,
1205 363 1367 417 quam
1419 347 1600 418 gravis
1652 364 1738 403 me
1777 348 1970 404 tribu-
1993 351 2037 408 A
2066 350 2392 408 bulationes.
2422 353 2609 424 Neque
2632 354 2776 410 enim
2817 355 3072 414 meliores
3107 373 3298 414 sumus
3349 374 3513 430 quam
3543 377 3633 432 pa-

385 443 517 498 latio
549 443 860 513 quatiebat!
895 440 964 496 lli
997 443 1165 510 enim,
1195 449 1254 497 ut
1283 442 1384 514 ipsi
1417 442 1597 508 scitis,
1637 441 1711 498 ob
1753 442 1959 498 Christi

386 536 545 589 fidem
569 551 692 589 cum
729 535 956 606 reliquis
985 533 1397 591 confessoribus
1439 532 1673 590 diversis
1701 549 1965 591 macera-

383 627 584 682 bantur
613 628 916 698 suppliciis.
947 626 1015 681 Et
1056 627 1183 696 quia
1211 627 1264 680 in
1307 626 1405 680 tali
1435 641 1607 698 agone
1635 642 1746 682 non
1782 629 1960 684 solum

382 717 731 781 clericorum,
764 718 859 773 sed
892 720 1053 773 etiam
1087 717 1352 772 laicorum
1377 717 1482 786 ipsi
1522 727 1678 772 erant
1713 717 1959 788 signiferi

383 818 438 864 et
477 819 858 882 praeceptores,
886 819 1174 881 propterea
1214 809 1370 866 valde
1395 810 1646 876 verebar,
1685 827 1754 866 ne
1784 811 1960 882 longis

383 903 678 960 deficerent
733 903 1102 967 cruciatibus,
1153 911 1208 958 et
1259 919 1448 958 eorum
1507 902 1762 971 defectio,
1811 903 1958 973 quod

381 995 531 1050 dictu
569 1011 732 1066 grave
762 1005 869 1061 est,
919 995 1171 1065 plurimis
1203 995 1438 1066 negandi
1473 993 1612 1050 foret
1646 994 1960 1051 offendicu-

383 1087 492 1140 lum
516 1105 530 1154 ;
556 1095 714 1142 erant
733 1088 876 1142 enim
908 1088 1051 1141 ultra
1076 1095 1364 1145 sexcentos
1392 1087 1697 1158 sexaginta,
1721 1088 1956 1158 quicum

382 1179 462 1232 eis
492 1179 862 1234 carceralibus
893 1179 1248 1234 arctabantur
1282 1178 1596 1248 ergastulis.
1625 1175 1782 1232 Unde
1837 1191 1956 1231 ma-

377 1285 484 1338 gno
523 1269 711 1326 labore
751 1286 1059 1342 magnoque
1085 1280 1338 1341 satagens
1367 1269 1588 1332 sudore,
1620 1285 1731 1323 non
1757 1282 1956 1324 cessa-

377 1363 501 1417 bam
563 1361 631 1418 de
687 1362 965 1433 praedictis
1015 1363 1153 1418 locis
1208 1362 1452 1418 scribere
1504 1361 1760 1418 omnibus
1810 1361 1952 1428 illis,

375 1453 674 1510 exhortans
713 1470 807 1510 eos
858 1455 926 1510 ad
959 1454 1205 1526 martyrii
1241 1453 1474 1525 palmam
1524 1452 1842 1524 magisterio
1873 1451 1955 1507 di-

375 1546 488 1600 vini
516 1545 734 1602 affatus.
766 1545 994 1612 Quando
1039 1561 1166 1601 vero
1207 1545 1454 1600 omnium
1481 1560 1670 1601 eorum
1700 1544 1952 1616 magnifi-

373 1654 496 1693 cam
526 1639 709 1694 audivi
760 1639 1219 1709 perseverantiam
1253 1648 1309 1693 et
1339 1639 1615 1708 passionis
1653 1637 1948 1709 gloriosum

373 1732 559 1794 finem,
594 1731 797 1787 cadens
824 1730 881 1786 in
923 1741 1124 1786 terram
1156 1731 1377 1785 adoravi
1431 1729 1640 1786 Christi
1679 1729 1951 1799 majesta—

372 1831 506 1889 tem,
537 1824 630 1893 qui
670 1838 765 1879 eos
795 1823 938 1879 inter
983 1823 1230 1895 martyrii
1284 1830 1532 1879 catervas
1591 1837 1952 1879 annumerare

371 1911 628 1982 dignatus
650 1922 748 1968 est.

441 2003 584 2071 Quid
634 2007 800 2061 etiam
831 2005 988 2062 vobis
1031 2005 1098 2060 de
1160 2003 1373 2061 Meletio
1429 2005 1820 2078 Lycopolitano
1873 2006 1947 2079 (a)

370 2098 836 2152 commemorem?
876 2096 969 2166 qui
1023 2105 1260 2166 quantas
1295 2100 1726 2167 persecutiones,
1758 2114 1951 2170 quan-

368 2196 564 2258 tesque
585 2187 740 2244 dolos
760 2189 891 2242 mihi
923 2188 992 2243 sit
1013 2189 1312 2256 jaculatus,
1337 2205 1436 2245 vos
1462 2189 1780 2245 omnimodo
1805 2189 1949 2246 scire

368 2281 679 2336 nullatenus
714 2280 952 2351 ambigo.
1004 2279 1151 2335 Proh
1206 2279 1390 2336 nefas!
1449 2281 1700 2337 scindere
1748 2298 1949 2340 sacro-

355 2379 614 2429 sanctam
666 2371 967 2428 Ecclesiam
1012 2388 1121 2428 non
1171 2373 1386 2434 metuit,
1418 2390 1581 2445 quam
1635 2375 1728 2431 Dei
1772 2375 1946 2432 Filius

358 2466 606 2534 pretioso
648 2465 913 2534 sanguine
962 2464 1216 2529 redemit,
1260 2481 1491 2536 eamque
1536 2475 1596 2520 ut
1633 2465 1699 2522 de
1740 2468 1945 2523 diaboli

363 2556 654 2627 tyrannide
679 2555 957 2621 liberaret,
999 2555 1238 2610 animam
1291 2573 1493 2627 ponere
1521 2574 1632 2613 non
1671 2559 1942 2614 titubavit.

363 2650 538 2714 lianc,
574 2657 633 2702 ut
662 2649 843 2703 dicere
871 2648 1036 2718 cmpi,
1071 2648 1446 2718 nequissimus
1479 2648 1729 2704 Meletius
1782 2651 1945 2706 scin—

363 2743 522 2804 dens,
550 2741 717 2795 etiam
766 2748 990 2794 sanctos
1028 2740 1338 2810 episcopos,
1373 2739 1467 2810 qui
1501 2747 1630 2796 ante
1661 2742 1941 2812 paululum

362 2849 460 2905 per
514 2833 835 2904 martyrium
893 2831 1065 2887 caelos
1121 2839 1522 2901 penetrarunt,
1587 2832 1641 2886 in
1702 2833 1944 2888 carceris

362 2926 614 2982 custodia
644 2939 959 2995 expugnare
984 2931 1150 2994 atque
1179 2923 1418 2994 afﬂigere
1469 2939 1581 2980 non
1630 2925 1938 2982 desinebat.

2063 454 2176 498 tres
2208 445 2408 500 nostri.
2437 452 2520 500 An
2577 447 2839 518 ignoratis
2866 457 3071 518 quanta
3107 465 3139 504 a
3170 450 3464 520 gentilibus
3510 468 3633 523 per-

2063 548 2257 605 pessus
2298 547 2382 592 est
2414 544 2566 607 pater
2596 553 2781 602 meus,
2815 539 2907 609 qui
2941 555 3028 594 me
3074 541 3320 607 nutrivit,
3346 544 3631 598 sanctissi-

2062 642 2186 682 mus
2217 626 2468 686 Theonas
2507 631 2821 701 episcopus,
2845 633 3005 702 cujus
3047 633 3413 703 pontificalem
3445 636 3632 691 cathe-

2059 720 2214 774 dram
2265 736 2453 792 regere
2483 725 2744 794 suscepi?
2797 723 2842 780 Ο
2884 725 3089 780 utinam
3126 733 3181 781 et
3231 728 3450 782 mores!
3491 726 3629 795 Quid

2059 812 2222 868 etiam
2252 812 2318 868 de
2347 829 2546 885 magno
2577 814 2835 888 Dionysio
2879 817 3122 887 ejusdem
3173 834 3503 888 praecessore
3542 836 3629 876 re-

2059 901 2274 958 feram?
2305 905 2399 976 qui
2426 905 2692 977 profugus
2721 907 2789 962 de
2822 907 2943 962 loco
2990 907 3046 962 in
3094 908 3270 964 locum
3305 911 3509 966 multas
3539 925 3631 964 ca-

2057 994 2331 1052 lamitates
2384 999 2452 1053 ab
2498 998 2692 1054 insano
2733 1000 2995 1055 sustinuit
3044 999 3325 1057 Sabellio?
3372 1001 3485 1057 Nec
3534 1018 3630 1058 vos

2056 1094 2374 1158 praeteream
2415 1089 2513 1161 (b),
2549 1091 2884 1148 sanctissimi
2913 1091 3103 1151 Patres
3135 1108 3200 1149 ac
3245 1094 3445 1150 divinae
3496 1095 3629 1166 legis

2056 1180 2351 1244 antistites,
2408 1179 2620 1237 Heracli
2665 1190 2830 1253 atque
2862 1181 3123 1249 Demetri,
3149 1189 3349 1254 quibus
3390 1185 3632 1241 fabrica-

2055 1279 2143 1328 tor
2174 1274 2419 1345 perversi
2465 1275 2736 1348 dogmatis
2784 1275 3046 1346 Origenes
3093 1275 3422 1333 multifarias
3453 1285 3633 1332 tenta-

2054 1368 2232 1422 tlones
2269 1365 2532 1433 incussit;
2565 1367 2659 1437 qui
2711 1367 2950 1436 conjecit
2983 1367 3036 1420 in
3063 1365 3362 1422 Ecclesiam
3393 1367 3630 1423 detesta—
3715 1439 3718 1442 ἢ

2053 1453 2162 1510 bile
2186 1454 2448 1519 schisma,
2481 1455 2626 1525 quod
2659 1470 2830 1526 usque
2859 1455 3019 1511 hodie
3049 1454 3337 1511 confundit
3361 1454 3631 1512 eam.Sed

2053 1547 2227 1619 gratia
2260 1545 2378 1611 Dei,
2406 1562 2528 1618 quae
2561 1546 2685 1602 illos
2737 1555 2866 1602 tunc
2897 1547 3248 1617 protegebat,
3282 1547 3448 1603 credo
3478 1549 3628 1604 enim

2052 1639 2199 1710 quod
2223 1645 2276 1694 et
2305 1654 2403 1694 vos
2436 1644 2700 1710 proteget.
2739 1636 2843 1693 Sed
2871 1639 2999 1708 quid
3033 1656 3125 1696 vos
3162 1641 3304 1694 ultra
3347 1641 3626 1705 demoror,

2052 1729 2360 1785 charissimi
2392 1729 2608 1795 fratres,
2645 1729 2838 1799 prolixi
2881 1731 3151 1787 sermonis
3195 1731 3395 1785 affatu?
3427 1730 3630 1803 Super-

2051 1829 2217 1878 estut
2248 1821 2438 1875 ultima
2480 1822 2712 1892 apostoli
2765 1822 3010 1878 oratione
3063 1838 3160 1878 vos
3202 1837 3507 1892 prosequar
3554 1824 3627 1877 ita

2051 1915 2325 1987 precantis
2359 1934 2372 1970 :
2409 1924 2464 1970 et
2514 1929 2660 1970 nunc
2711 1915 3034 1970 commendo
3090 1931 3184 1971 vos
3216 1914 3328 1972 Deo
3356 1924 3410 1970 et
3458 1917 3628 1972 verbo

2051 2008 2238 2077 gratia:
2286 2006 2427 2076 ejus,
2461 2009 2555 2076 qui
2606 2015 2799 2076 potens
2843 2015 2927 2061 est
2965 2006 3272 2077 gubernare
3315 2013 3370 2062 et
3423 2022 3522 2062 vos
3574 2017 3631 2062 et

2048 2097 2191 2152 ovile
2220 2111 2401 2152 suum.
2449 2095 2576 2152 Haec
2626 2095 2719 2150 ubi
2765 2096 2912 2150 dicta
2959 2097 3129 2159 dedit,
3166 2098 3359 2166 positis
3391 2097 3628 2168 genibus

2048 2188 2226 2244 oravit
2262 2205 2386 2243 cum
2409 2190 2508 2244 eis.
2542 2187 2763 2256 Expleta
2788 2189 2974 2258 itaque
2999 2191 3277 2256 oratione,
3307 2191 3629 2246 osculantes

2047 2298 2243 2338 manus
2299 2281 2420 2352 ejus
2468 2297 2532 2336 ac
2587 2281 2753 2351 pedes
2797 2281 3036 2337 Achillas
3088 2290 3251 2352 atque
3313 2283 3631 2339 Alexander

2048 2371 2301 2428 conversi
2351 2372 2407 2426 in
2458 2360 2728 2442 lacrymas
2761 2372 3002 2443 singultu
3039 2374 3382 2429 amarissimo
3411 2377 3632 2444 quatie-

2046 2467 2268 2530 bantur,
2294 2466 2528 2522 maxime
2558 2465 2688 2536 quia
2713 2465 2997 2521 audierant
3017 2481 3140 2520 eum
3175 2466 3353 2522 dicere
3385 2469 3534 2538 quod
3559 2484 3630 2524 ex

2046 2566 2177 2615 tunc
2221 2561 2572 2630 temporalem
2628 2559 2748 2628 ejus
2805 2560 2973 2614 vitam
3033 2560 3266 2630 amplius
3295 2561 3473 2616 visuri
3512 2577 3631 2617 non

2044 2661 2247 2706 essent.
2279 2651 2489 2706 Dehinc
2533 2651 2725 2707 doctor
2755 2651 3109 2707 dulcissimus
3146 2653 3370 2708 veniens
3403 2654 3476 2708 ad
3531 2669 3630 2710 re-

2044 2743 2225 2813 liquos
2271 2744 2619 2807 clericorum,
2671 2742 2787 2814 qui,
2846 2752 2905 2799 ut
2963 2745 3304 2815 praemissum
3357 2753 3469 2807 est,
3522 2761 3630 2818 pro

2043 2833 2173 2890 Ario
2203 2835 2434 2904 ingressi
2465 2833 2700 2899 fuerant,
2735 2833 2952 2889 locutus
2998 2834 3079 2890 eis
3119 2836 3281 2890 verba
3314 2837 3628 2892 novissima

2044 2936 2206 2999 atque
2227 2925 2595 2982 consolatoria
2618 2933 2672 2981 et
2690 2940 2812 2997 qua:
2832 2927 3143 2981 necessaria
3172 2935 3364 2995 erant;
3395 2927 3627 2994 deinde.

359 3021 561 3075 Cavete
588 3019 753 3090 igitur
787 3018 856 3072 ab
885 3018 1006 3087 ejus
1039 3017 1275 3073 insidiis.
1324 3017 1437 3089 Ego
1483 3018 1629 3073 enim
1653 3059 1668 3084 ,
1721 3027 1780 3074 ut
1834 3019 1939 3090 ipsi
1965 3059 2010 3119 C
2043 3015 2182 3074 fusis
2212 3017 2280 3072 ad
2311 3016 2479 3074 Deum
2522 3019 2786 3090 precibus
2825 3019 2945 3075 vale
2973 3019 3183 3077 faciens
3237 3021 3369 3086 illis,
3405 3021 3628 3080 dimisit

357 3113 578 3176 videtis,
612 3112 868 3180 alligatus
901 3109 1089 3165 divina
1131 3110 1401 3166 charitate
1449 3109 1788 3181 proficiscor,
1826 3126 1939 3165 vo-

348 3205 626 3260 luntatem
684 3202 781 3258 Dei
843 3203 1102 3259 omnibus
1157 3213 1515 3275 anteponens.
1567 3201 1694 3258 Scio
1741 3218 1938 3272 nempe

355 3298 484 3369 quia
514 3297 717 3352 tribuni
740 3296 807 3350 de
832 3312 953 3352 mea
980 3311 1115 3351 nece
1137 3296 1474 3365 trepidantes
1504 3295 1814 3360 mussitant,
1839 3295 1936 3350 sed

355 3393 564 3448 nullum
593 3407 661 3446 ex
700 3390 806 3446 hoc
847 3390 928 3445 eis
963 3405 1270 3445 sermonem
1303 3389 1555 3454 inferam,
1583 3405 1757 3458 neque
1786 3390 1935 3444 enim

353 3483 592 3537 animam
625 3496 800 3536 meam
831 3480 1208 3550 pretiosiorem
1253 3495 1340 3536 me
1387 3479 1508 3550 ipso
1533 3477 1751 3534 faciam.
1788 3478 1932 3546 Quin

354 3576 464 3630 imo
492 3582 715 3644 paratus
742 3588 862 3628 sum
902 3571 1166 3642 perficere
1193 3588 1416 3627 cursum
1461 3588 1622 3641 quem
1668 3573 1802 3626 mihi
1829 3573 1934 3628 Do-

350 3668 535 3721 minus
565 3681 719 3721 meus
748 3663 907 3720 Jesus
949 3663 1204 3721 Christus
1249 3665 1493 3735 polliceri
1536 3664 1794 3734 dignatus
1823 3675 1928 3730 est,

357 3767 414 3813 et
435 3758 803 3813 ministerium
826 3757 974 3828 quod
1008 3755 1078 3812 ah
1108 3758 1228 3828 ipso
1259 3757 1465 3828 accepi,
1496 3757 1547 3813 ei
1582 3755 1813 3812 ﬁdeliter
1837 3771 1930 3812 as-

350 3854 590 3924 signare.
620 3851 785 3906 Orate
813 3867 912 3922 pro
939 3864 1048 3917 me,
1085 3850 1285 3905 fratres
1311 3868 1325 3919 ;
1359 3851 1590 3906 ulterius
1619 3865 1706 3905 me
1741 3850 1796 3904 in
1825 3849 1928 3904 hac

348 3945 461 3999 vita
485 3945 769 4001 vobiscum
799 3945 984 4000 vivere
1008 3944 1120 4014 jam
1146 3959 1258 3998 non
1288 3943 1564 3999 videbitis.
1584 3942 1928 4013 Quapropter

348 4035 615 4093 testificor
641 4051 826 4091 coram
861 4035 972 4090 Deo
1016 4045 1071 4092 et
1111 4044 1294 4091 vestra
1355 4036 1733 4100 fraternitate,
1779 4034 1926 4104 quod

346 4130 606 4186 omnibus
638 4131 796 4185 vobis
833 4129 1094 4184 mundam
1125 4129 1337 4185 servavi
1368 4131 1779 4186 conscientiam.
1805 4125 1926 4182 Non

344 4225 492 4278 enim
518 4223 822 4294 subterfugi
841 4223 1334 4279 annuntiarevobis
1354 4238 1475 4294 quae
1492 4223 1623 4277 mihi
1641 4239 1669 4276 a
1696 4221 1924 4279 Domino

345 4321 475 4368 sunt
522 4314 787 4384 iujuncla,
820 4322 875 4368 et
923 4329 1046 4383 quae
1084 4313 1343 4383 deinceps
1396 4313 1710 4370 necessaria
1762 4323 1922 4368 erunt

341 4405 582 4477 pandere
607 4406 832 4460 minime
855 4406 1126 4460 recusavi.

412 4499 684 4565 Quocirca
737 4498 1002 4554 attendite
1039 4497 1198 4553 vobis
1254 4509 1308 4552 et
1337 4496 1595 4552 universo
1642 4495 1814 4567 gregi,
1866 4497 1921 4551 in

337 4608 450 4661 quo
477 4608 575 4648 vos
606 4591 845 4663 Spiritus
875 4599 1101 4647 sanctus
1130 4591 1374 4646 seriatim
1403 4591 1689 4661 episcopos
1713 4590 1916 4660 posuit.

339 4681 416 4738 Te
463 4683 683 4753 quidem
731 4682 998 4738 Achillam
1045 4683 1306 4754 primum,
1368 4680 1738 4737 Alexandrum
1787 4695 1918 4736 vero

339 4776 664 4830 secundum.
698 4774 778 4829 En
824 4775 980 4830 vobis
1011 4775 1136 4829 viva
1169 4789 1301 4830 voce
1327 4781 1620 4843 protestor,
1656 4773 1917 4844 quoniam

336 4874 462 4936 post
499 4883 682 4922 meum
715 4867 1005 4921 transitum
1050 4867 1335 4936 insurgent
1363 4865 1586 4934 quidam
1617 4863 1685 4920 de
1724 4863 1914 4919 Eccle-

338 4959 420 5012 sia
455 4958 742 5029 loquentes
777 4973 1056 5029 perversa,
1080 4973 1385 5028 rursusque
1411 4958 1658 5013 divident
1687 4972 1830 5022 eam,
1856 4964 1916 5010 ut

337 5047 606 5120 Meletius,
638 5050 921 5106 trahentes
955 5051 1214 5120 pepulum
1271 5058 1394 5121 post
1424 5066 1579 5106 suam
1608 5051 1911 5106 vesaniam.

338 5139 475 5193 Ecce
502 5141 729 5209 praedixi
757 5139 934 5194 vobis.
969 5137 1098 5201 Sed,
1133 5139 1396 5209 deprecor
1424 5155 1521 5194 vos
1547 5180 1560 5204 ,
1618 5155 1651 5194 ο
1699 5139 1912 5194 viscera

339 5244 480 5296 mea,
511 5231 728 5301 vigilate
759 5249 773 5286 :
800 5237 1016 5300 oportet
1040 5231 1186 5285 enim
1213 5246 1304 5286 vos
1345 5232 1545 5287 multas
1581 5231 1766 5286 subire
1798 5230 1914 5284 tri-

408 5401 724 5479 (ajOptime
751 5414 966 5479 noster;
999 5417 1119 5462 erat
1160 5412 1316 5464 enim
1357 5406 1602 5462 Meletius
1651 5408 1911 5479 Lycope-

336 5473 453 5552 leos
480 5473 536 5526 in
563 5473 839 5552 Thebaide
874 5479 1184 5552 episcopus.
1233 5479 1475 5552 Pessime
1504 5481 1638 5552 Acta
1664 5473 1910 5552 Combe-

336 5543 528 5596 lisiana
581 5544 636 5596 in
669 5543 960 5612 Lycaonio.
997 5543 1118 5600 .lain
1159 5563 1247 5602 res
1278 5547 1473 5601 Mcletii
1509 5551 1614 5603 late
1653 5550 1907 5604 scribun-

332 5617 492 5735 ξω·ιέ
516 5614 716 5682 priscis
769 5614 1047 5672 historicis
1078 5626 1130 5672 et
1179 5633 1210 5672 a
1239 5617 1473 5674 Baronio
1520 5618 1584 5674 ad
1617 5633 1745 5675 ann.
1779 5621 1903 5686 506,

376 5718 390 5733 .
521 5697 673 5735 seua.

332 5693 390 5733 n.
423 5693 492 5735 c5
521 5697 673 5754 seqq.

2041 3125 2232 3165 omnes
2269 3111 2324 3164 in
2353 3125 2506 3180 pace.

2109 3199 2206 3256 His
2248 3202 2322 3254 ita
2353 3203 2612 3272 peractis,
2647 3204 2808 3275 longe
2858 3205 3076 3275 lateque
3107 3205 3306 3276 ubique
3334 3207 3626 3278 vulgatum

2037 3301 2120 3348 est
2152 3295 2296 3364 quod
2349 3295 2513 3350 Arius
2562 3311 2594 3350 a
2639 3297 2906 3352 catholica
2943 3298 3151 3352 unitate
3183 3298 3388 3368 absque
3419 3299 3628 3357 deifico

2039 3395 2171 3439 nutu
2190 3400 2300 3438 non
2325 3386 2397 3440 sit
2423 3387 2694 3442 abscisus.
2729 3385 2821 3442 llle
2865 3397 3046 3444 autem
3073 3387 3293 3444 fallendi
3327 3389 3529 3445 artifex
3566 3399 3627 3446 et

2035 3478 2205 3534 totius
2244 3479 2502 3548 nequitiae
2532 3479 2852 3544 seminator,
2895 3479 2949 3534 in
2984 3481 3070 3536 sui
3101 3481 3338 3551 pectoris
3369 3481 3627 3554 labyrino

2034 3566 2128 3622 tho
2161 3568 2441 3638 vipereum
2469 3570 2618 3625 virus
2648 3570 2929 3625 occultare
2961 3585 3073 3626 non
3127 3570 3442 3636 desinebat,
3487 3589 3625 3643 spe-

2033 3675 2163 3716 rans
2189 3676 2248 3716 se
2273 3661 2342 3716 ab
2367 3662 2581 3717 Achilla
2609 3663 2695 3718 vel
2748 3661 3059 3720 Alexandro
3091 3665 3456 3720 reconciliari.
3511 3665 3623 3722 Hic

2030 3762 2116 3809 est
2146 3754 2237 3810 ille
2267 3754 2431 3810 Arius
2455 3755 2866 3822 haeresiarches,
2892 3757 3380 3813 consubstantialis
3425 3769 3482 3814 et
3531 3762 3623 3816 in-

2030 3846 2263 3901 dividua).
2294 3845 2580 3902 Trinitatis
2615 3847 2842 3903 divisor.
2897 3847 2997 3903 Hic
3044 3857 3128 3905 est
3162 3851 3255 3920 qui.
3307 3866 3402 3907 ore
3441 3861 3622 3910 teme-

2031 3938 2177 3992 rario
2202 3937 2489 3994 Dominum
2531 3936 2867 3994 Salvatorem
2902 3955 3066 4010 super
3091 3957 3283 3998 omnes
3320 3943 3621 4003 haereticos

2030 4031 2407 4102 blasphemare
2437 4047 2549 4086 non
2588 4027 2804 4098 metuit,
2836 4032 3123 4088 Dominum
3147 4075 3162 4100 ,
3207 4036 3456 4107 inquam,
3489 4039 3621 4092 Sal-

2025 4129 2289 4188 vatorem,
2339 4125 2431 4194 qui
2483 4119 2751 4180 humanos
2811 4126 3100 4183 miseratus
3147 4143 3384 4195 errores,
3416 4132 3619 4186 morti-

2029 4212 2157 4268 ferae
2207 4212 2573 4270 damnationis
2623 4215 2850 4270 interitu
2881 4218 3179 4283 condolens
3211 4219 3386 4287 perire
3436 4235 3619 4278 saecu-

2027 4307 2159 4371 lum,
2190 4290 2290 4378 pro
2337 4309 2593 4363 omnibus
2637 4309 2795 4363 nobis
2850 4323 3016 4365 carne
3065 4313 3177 4381 pati
3207 4311 3465 4381 dignatus
3491 4322 3610 4372 est.

1952 4403 1998 4459 D
2027 4399 2212 4470 Neque
2241 4401 2386 4456 enim
2413 4399 2669 4456 divinitas
2688 4439 2704 4465 ,
2739 4415 2859 4471 quae
2902 4403 3089 4472 utique
3119 4403 3471 4473 impassihilis
3493 4415 3615 4470 est,

2027 4492 2340 4562 passionem
2401 4493 2700 4548 incurrisse
2769 4493 3040 4548 credenda
3105 4504 3210 4550 est.
3287 4493 3393 4549 Sed
3472 4499 3616 4564 quia

2026 4585 2263 4656 theologi
2313 4584 2504 4640 Patres
2563 4585 2874 4654 hujusmodi
2917 4585 3284 4656 blasphemias
3331 4602 3361 4638 a
3395 4587 3613 4641 catho-

2024 4677 2146 4731 licis
2185 4677 2412 4732 auribus
2445 4676 2657 4732 meliori
2711 4679 2850 4748 stylo
2889 4680 3077 4748 procul
3115 4693 3369 4735 amovere
3422 4695 3613 4735 cura-

2025 4774 2182 4834 runt,
2222 4775 2277 4824 et
2312 4767 2472 4824 nobis
2509 4768 2656 4823 aliud
2697 4769 2973 4835 iunninet,
3018 4771 3307 4827 redeamus
3346 4772 3412 4827 ad
3455 4788 3612 4843 pro—

2024 4860 2280 4929 positum.

2095 4949 2494 5021 Sagacissimus
2564 4950 2728 5020 igitur
2795 4951 3081 5020 pontifex,
3155 4952 3606 5011 animadvertens

2020 5044 2458 5098 cruentissimam
2486 5043 2830 5098 tribunorum
2869 5047 3168 5116 stropham,
3206 5047 3350 5117 quod
3375 5047 3445 5101 oh
3473 5048 3606 5114 ejus

2019 5135 2439 5204 perpetrandam
2497 5148 2723 5196 necem,
2765 5151 2980 5190 omnem
3015 5135 3452 5191 Christianorum
3497 5139 3602 5208 qui

2019 5236 2151 5282 tunc
2198 5228 2424 5282 aderant
2481 5227 2886 5283 multitudinem
2921 5228 3102 5300 gladio
3135 5229 3448 5285 interimere
3485 5230 3604 5286 vel-

2091 5407 2422 5481 (b)¥Rursus
2469 5417 2615 5465 recte
2659 5420 2845 5466 noster
2898 5411 3317 5481 vitat__errorem
3363 5410 3601 5481 biogra-

2016 5481 2108 5552 phi
2148 5478 2342 5534 Graeci
2394 5480 2818 5552 Gomhefisiani,
2856 5482 2968 5552 _qui
3030 5479 3339 5552 lleraclium
3385 5478 3601 5535 ac'Dc-

2014 5549 2268 5676 Etetpium
2291 5561 2414 5622 post
2443 5549 2735 5608 Sabellium
2763 5566 2826 5606 ac
2855 5550 3166 5623 Dionysium
3187 5550 3356 5608 fuisse
3384 5552 3598 5608 diserto

2055 5638 2122 5677 ιω
2155 5662 2168 5677 .
