  <div class='ocr_page' id='page_1' title='image "/cluster/home/n/w/nwhite01/storage/ocr_20150623/18/nnc1.0046978550/238.png"; bbox 0 0 3862 6158; ppageno 0'>
   <div class='ocr_carea' id='block_1_1' title="bbox 273 291 379 345">
    <p class='ocr_par' dir='ltr' id='par_1_1' title="bbox 273 291 379 345">
     <span class='ocr_line' id='line_1_1' title="bbox 273 291 379 345; baseline -0.009 0"><span class='ocrx_word' id='word_1_1' title='bbox 273 291 379 345; x_wconf 70' lang='lat' dir='ltr'><strong>Mil</strong></span> 
     </span>
    </p>
   </div>
   <div class='ocr_carea' id='block_1_2' title="bbox 1625 277 2164 342">
    <p class='ocr_par' dir='ltr' id='par_1_2' title="bbox 1625 277 2164 342">
     <span class='ocr_line' id='line_1_2' title="bbox 1625 277 2164 342; baseline 0 -2"><span class='ocrx_word' id='word_1_2' title='bbox 1625 277 1810 342; x_wconf 78' lang='lat' dir='ltr'><strong>ACTA</strong></span> <span class='ocrx_word' id='word_1_3' title='bbox 1850 279 2164 342; x_wconf 78' lang='lat' dir='ltr'><strong>SINCERA.</strong></span> 
     </span>
    </p>
   </div>
   <div class='ocr_carea' id='block_1_3' title="bbox 3437 289 3544 364">
    <p class='ocr_par' dir='ltr' id='par_1_3' title="bbox 3437 289 3544 364">
     <span class='ocr_line' id='line_1_3' title="bbox 3437 289 3544 364; baseline 0 -17"><span class='ocrx_word' id='word_1_4' title='bbox 3437 289 3544 364; x_wconf 68' lang='lat'><strong>463</strong></span> 
     </span>
    </p>
   </div>
   <div class='ocr_carea' id='block_1_4' title="bbox 271 408 3544 486">
    <p class='ocr_par' dir='ltr' id='par_1_4' title="bbox 271 408 3544 486">
     <span class='ocr_line' id='line_1_4' title="bbox 271 408 3544 486; baseline 0.002 -20"><span class='ocrx_word' id='word_1_5' title='bbox 271 411 416 475; x_wconf 71' lang='lat' dir='ltr'><strong>least,</strong></span> <span class='ocrx_word' id='word_1_6' title='bbox 441 412 616 468; x_wconf 89' lang='lat' dir='ltr'><strong>noluit</strong></span> <span class='ocrx_word' id='word_1_7' title='bbox 649 429 746 470; x_wconf 89' lang='lat' dir='ltr'><strong>eos</strong></span> <span class='ocrx_word' id='word_1_8' title='bbox 775 414 980 486; x_wconf 88' lang='lat' dir='ltr'><strong>pariter</strong></span> <span class='ocrx_word' id='word_1_9' title='bbox 1025 425 1214 471; x_wconf 89' lang='lat' dir='ltr'><strong>secum</strong></span> <span class='ocrx_word' id='word_1_10' title='bbox 1253 414 1440 471; x_wconf 88' lang='lat' dir='ltr'><strong>subire</strong></span> <span class='ocrx_word' id='word_1_11' title='bbox 1477 413 1671 468; x_wconf 88' lang='lat' dir='ltr'><strong>mortis</strong></span> <span class='ocrx_word' id='word_1_12' title='bbox 1713 427 1863 468; x_wconf 88' lang='lat' dir='ltr'><strong>acer-</strong></span> <span class='ocrx_word' id='word_1_13' title='bbox 1886 417 1937 474; x_wconf 84' lang='grc' dir='ltr'><strong>Α</strong></span> <span class='ocrx_word' id='word_1_14' title='bbox 1962 413 2084 482; x_wconf 85' lang='lat' dir='ltr'><strong>ejus</strong></span> <span class='ocrx_word' id='word_1_15' title='bbox 2133 411 2396 469; x_wconf 75' lang='lat' dir='ltr'><strong>liberator</strong></span> <span class='ocrx_word' id='word_1_16' title='bbox 2443 414 2687 469; x_wconf 89' lang='lat' dir='ltr'><strong>omnium</strong></span> <span class='ocrx_word' id='word_1_17' title='bbox 2738 408 2994 470; x_wconf 73' lang='lat' dir='ltr'><strong>Christus</strong></span> <span class='ocrx_word' id='word_1_18' title='bbox 3041 413 3224 486; x_wconf 83' lang='lat' dir='ltr'><strong>elegit,</strong></span> <span class='ocrx_word' id='word_1_19' title='bbox 3280 414 3379 486; x_wconf 88' lang='lat' dir='ltr'><strong>tibi</strong></span> <span class='ocrx_word' id='word_1_20' title='bbox 3418 415 3544 472; x_wconf 91' lang='lat' dir='ltr'><strong>ﬁdei</strong></span> 
     </span>
    </p>
   </div>
   <div class='ocr_carea' id='block_1_5' title="bbox 269 502 1862 574">
    <p class='ocr_par' dir='ltr' id='par_1_5' title="bbox 269 502 1862 574">
     <span class='ocr_line' id='line_1_5' title="bbox 269 502 1862 574; baseline -0.001 -16"><span class='ocrx_word' id='word_1_21' title='bbox 269 502 508 560; x_wconf 82' lang='lat' dir='ltr'><strong>bitatem</strong></span> <span class='ocrx_word' id='word_1_22' title='bbox 532 521 550 574; x_wconf 90' lang='lat'><strong>;</strong></span> <span class='ocrx_word' id='word_1_23' title='bbox 577 505 675 563; x_wconf 87' lang='lat' dir='ltr'><strong>sed</strong></span> <span class='ocrx_word' id='word_1_24' title='bbox 710 506 882 562; x_wconf 90' lang='lat' dir='ltr'><strong>ﬁdelis</strong></span> <span class='ocrx_word' id='word_1_25' title='bbox 917 523 1109 564; x_wconf 90' lang='lat' dir='ltr'><strong>servus</strong></span> <span class='ocrx_word' id='word_1_26' title='bbox 1151 506 1373 562; x_wconf 88' lang='lat' dir='ltr'><strong>imitans</strong></span> <span class='ocrx_word' id='word_1_27' title='bbox 1420 506 1711 562; x_wconf 90' lang='lat' dir='ltr'><strong>Dominum</strong></span> <span class='ocrx_word' id='word_1_28' title='bbox 1748 502 1862 558; x_wconf 85' lang='lat' dir='ltr'><strong>Sal-</strong></span> 
     </span>
    </p>
   </div>
   <div class='ocr_carea' id='block_1_6' title="bbox 271 596 1861 670">
    <p class='ocr_par' dir='ltr' id='par_1_6' title="bbox 271 596 1861 670">
     <span class='ocr_line' id='line_1_6' title="bbox 271 596 1861 670; baseline -0.003 -20"><span class='ocrx_word' id='word_1_29' title='bbox 271 606 551 663; x_wconf 83' lang='lat' dir='ltr'><strong>vatorem,</strong></span> <span class='ocrx_word' id='word_1_30' title='bbox 577 602 670 670; x_wconf 86' lang='lat' dir='ltr'><strong>qui</strong></span> <span class='ocrx_word' id='word_1_31' title='bbox 699 599 839 655; x_wconf 86' lang='lat' dir='ltr'><strong>dixit</strong></span> <span class='ocrx_word' id='word_1_32' title='bbox 868 608 923 656; x_wconf 91' lang='lat' dir='ltr'><strong>et</strong></span> <span class='ocrx_word' id='word_1_33' title='bbox 956 599 1121 665; x_wconf 90' lang='lat' dir='ltr'><strong>fecit,</strong></span> <span class='ocrx_word' id='word_1_34' title='bbox 1178 599 1372 654; x_wconf 79' lang='lat' dir='ltr'><strong>Pastor</strong></span> <span class='ocrx_word' id='word_1_35' title='bbox 1416 596 1583 652; x_wconf 69' lang='lat' dir='ltr'><strong>bonus</strong></span> <span class='ocrx_word' id='word_1_36' title='bbox 1625 596 1861 650; x_wconf 80' lang='lat' dir='ltr'><strong>animum</strong></span> 
     </span>
    </p>
   </div>
   <div class='ocr_carea' id='block_1_7' title="bbox 269 689 1860 761">
    <p class='ocr_par' dir='ltr' id='par_1_7' title="bbox 269 689 1860 761">
     <span class='ocr_line' id='line_1_7' title="bbox 269 689 1860 761; baseline 0.001 -21"><span class='ocrx_word' id='word_1_37' title='bbox 269 703 434 743; x_wconf 80' lang='lat' dir='ltr'><strong>suam</strong></span> <span class='ocrx_word' id='word_1_38' title='bbox 469 689 615 756; x_wconf 81' lang='lat' dir='ltr'><strong>ponit</strong></span> <span class='ocrx_word' id='word_1_39' title='bbox 652 703 748 758; x_wconf 86' lang='lat' dir='ltr'><strong>pro</strong></span> <span class='ocrx_word' id='word_1_40' title='bbox 775 690 958 746; x_wconf 68' lang='lat' dir='ltr'><strong>ovibus</strong></span> <span class='ocrx_word' id='word_1_41' title='bbox 993 693 1143 756; x_wconf 70' lang='lat' dir='ltr'><strong>suis,</strong></span> <span class='ocrx_word' id='word_1_42' title='bbox 1186 706 1252 746; x_wconf 88' lang='lat' dir='ltr'><strong>ex</strong></span> <span class='ocrx_word' id='word_1_43' title='bbox 1278 692 1497 761; x_wconf 89' lang='lat' dir='ltr'><strong>pietatis</strong></span> <span class='ocrx_word' id='word_1_44' title='bbox 1537 697 1860 760; x_wconf 91' lang='lat' dir='ltr'><strong>argumento</strong></span> 
     </span>
    </p>
   </div>
   <div class='ocr_carea' id='block_1_8' title="bbox 271 779 1862 853">
    <p class='ocr_par' dir='ltr' id='par_1_8' title="bbox 271 779 1862 853">
     <span class='ocr_line' id='line_1_8' title="bbox 271 779 1862 853; baseline 0.002 -23"><span class='ocrx_word' id='word_1_45' title='bbox 271 787 498 832; x_wconf 80' lang='lat' dir='ltr'><strong>vocavit</strong></span> <span class='ocrx_word' id='word_1_46' title='bbox 528 796 698 835; x_wconf 89' lang='lat' dir='ltr'><strong>unum</strong></span> <span class='ocrx_word' id='word_1_47' title='bbox 730 781 1001 837; x_wconf 82' lang='lat' dir='ltr'><strong>seniorem</strong></span> <span class='ocrx_word' id='word_1_48' title='bbox 1033 799 1097 836; x_wconf 83' lang='lat' dir='ltr'><strong>ex</strong></span> <span class='ocrx_word' id='word_1_49' title='bbox 1127 781 1215 837; x_wconf 87' lang='lat' dir='ltr'><strong>his</strong></span> <span class='ocrx_word' id='word_1_50' title='bbox 1252 781 1346 853; x_wconf 87' lang='lat' dir='ltr'><strong>qui</strong></span> <span class='ocrx_word' id='word_1_51' title='bbox 1378 779 1581 836; x_wconf 85' lang='lat' dir='ltr'><strong>ibidem</strong></span> <span class='ocrx_word' id='word_1_52' title='bbox 1630 794 1862 850; x_wconf 86' lang='lat' dir='ltr'><strong>respon-</strong></span> 
     </span>
    </p>
   </div>
   <div class='ocr_carea' id='block_1_9' title="bbox 271 869 1859 939">
    <p class='ocr_par' dir='ltr' id='par_1_9' title="bbox 271 869 1859 939">
     <span class='ocr_line' id='line_1_9' title="bbox 271 869 1859 939; baseline 0.003 -16"><span class='ocrx_word' id='word_1_53' title='bbox 271 869 358 924; x_wconf 88' lang='lat' dir='ltr'><strong>sis</strong></span> <span class='ocrx_word' id='word_1_54' title='bbox 392 870 514 939; x_wconf 88' lang='lat' dir='ltr'><strong>ejus</strong></span> <span class='ocrx_word' id='word_1_55' title='bbox 543 871 903 938; x_wconf 65' lang='lat' dir='ltr'><strong>inharebant,</strong></span> <span class='ocrx_word' id='word_1_56' title='bbox 937 880 991 928; x_wconf 88' lang='lat' dir='ltr'><strong>et</strong></span> <span class='ocrx_word' id='word_1_57' title='bbox 1019 873 1156 928; x_wconf 93' lang='lat' dir='ltr'><strong>dixit</strong></span> <span class='ocrx_word' id='word_1_58' title='bbox 1181 873 1233 930; x_wconf 92' lang='lat' dir='ltr'><strong>ei</strong></span> <span class='ocrx_word' id='word_1_59' title='bbox 1267 892 1282 928; x_wconf 88' lang='lat'><strong>:</strong></span> <span class='ocrx_word' id='word_1_60' title='bbox 1315 872 1466 928; x_wconf 74' lang='lat' dir='ltr'><strong>Vade</strong></span> <span class='ocrx_word' id='word_1_61' title='bbox 1508 872 1578 928; x_wconf 78' lang='lat' dir='ltr'><strong>ad</strong></span> <span class='ocrx_word' id='word_1_62' title='bbox 1605 873 1859 927; x_wconf 90' lang='lat' dir='ltr'><strong>tribunos</strong></span> 
     </span>
    </p>
   </div>
   <div class='ocr_carea' id='block_1_10' title="bbox 268 960 1862 1035">
    <p class='ocr_par' dir='ltr' id='par_1_10' title="bbox 268 960 1862 1035">
     <span class='ocr_line' id='line_1_10' title="bbox 268 960 1862 1035; baseline 0.003 -21"><span class='ocrx_word' id='word_1_63' title='bbox 268 960 375 1030; x_wconf 85' lang='lat' dir='ltr'><strong>qui</strong></span> <span class='ocrx_word' id='word_1_64' title='bbox 421 977 509 1016; x_wconf 91' lang='lat' dir='ltr'><strong>me</strong></span> <span class='ocrx_word' id='word_1_65' title='bbox 545 962 854 1019; x_wconf 89' lang='lat' dir='ltr'><strong>interﬁcere</strong></span> <span class='ocrx_word' id='word_1_66' title='bbox 883 971 1157 1035; x_wconf 68' lang='lat' dir='ltr'><strong>quaerunt,</strong></span> <span class='ocrx_word' id='word_1_67' title='bbox 1188 973 1244 1019; x_wconf 91' lang='lat' dir='ltr'><strong>et</strong></span> <span class='ocrx_word' id='word_1_68' title='bbox 1297 964 1465 1020; x_wconf 79' lang='lat' dir='ltr'><strong>dicito</strong></span> <span class='ocrx_word' id='word_1_69' title='bbox 1511 965 1594 1020; x_wconf 89' lang='lat' dir='ltr'><strong>eis</strong></span> <span class='ocrx_word' id='word_1_70' title='bbox 1624 983 1640 1019; x_wconf 87' lang='lat'><strong>:</strong></span> <span class='ocrx_word' id='word_1_71' title='bbox 1669 963 1862 1020; x_wconf 85' lang='lat' dir='ltr'><strong>Cesset</strong></span> 
     </span>
    </p>
   </div>
   <div class='ocr_carea' id='block_1_11' title="bbox 270 1053 1863 1126">
    <p class='ocr_par' dir='ltr' id='par_1_11' title="bbox 270 1053 1863 1126">
     <span class='ocr_line' id='line_1_11' title="bbox 270 1053 1863 1126; baseline 0.002 -19"><span class='ocrx_word' id='word_1_72' title='bbox 270 1053 461 1107; x_wconf 88' lang='lat' dir='ltr'><strong>omnis</strong></span> <span class='ocrx_word' id='word_1_73' title='bbox 492 1053 762 1116; x_wconf 89' lang='lat' dir='ltr'><strong>anxietas,</strong></span> <span class='ocrx_word' id='word_1_74' title='bbox 794 1071 920 1110; x_wconf 92' lang='lat' dir='ltr'><strong>ecce</strong></span> <span class='ocrx_word' id='word_1_75' title='bbox 948 1061 1235 1126; x_wconf 87' lang='lat' dir='ltr'><strong>promptus</strong></span> <span class='ocrx_word' id='word_1_76' title='bbox 1258 1071 1379 1111; x_wconf 90' lang='lat' dir='ltr'><strong>sum</strong></span> <span class='ocrx_word' id='word_1_77' title='bbox 1412 1057 1720 1110; x_wconf 92' lang='lat' dir='ltr'><strong>ultroneum</strong></span> <span class='ocrx_word' id='word_1_78' title='bbox 1773 1069 1863 1110; x_wconf 84' lang='lat' dir='ltr'><strong>me</strong></span> 
     </span>
    </p>
   </div>
   <div class='ocr_carea' id='block_1_12' title="bbox 275 1143 1860 1216">
    <p class='ocr_par' dir='ltr' id='par_1_12' title="bbox 275 1143 1860 1216">
     <span class='ocr_line' id='line_1_12' title="bbox 275 1143 1860 1216; baseline 0.001 -18"><span class='ocrx_word' id='word_1_79' title='bbox 275 1143 384 1198; x_wconf 82' lang='lat' dir='ltr'><strong>illis</strong></span> <span class='ocrx_word' id='word_1_80' title='bbox 417 1145 686 1214; x_wconf 79' lang='lat' dir='ltr'><strong>ingerere.</strong></span> <span class='ocrx_word' id='word_1_81' title='bbox 739 1143 853 1200; x_wconf 83' lang='lat' dir='ltr'><strong>Hac</strong></span> <span class='ocrx_word' id='word_1_82' title='bbox 885 1145 1083 1201; x_wconf 89' lang='lat' dir='ltr'><strong>etenim</strong></span> <span class='ocrx_word' id='word_1_83' title='bbox 1117 1155 1278 1202; x_wconf 90' lang='lat' dir='ltr'><strong>nocte</strong></span> <span class='ocrx_word' id='word_1_84' title='bbox 1327 1146 1548 1201; x_wconf 88' lang='lat' dir='ltr'><strong>veniant</strong></span> <span class='ocrx_word' id='word_1_85' title='bbox 1586 1154 1710 1216; x_wconf 90' lang='lat' dir='ltr'><strong>post</strong></span> <span class='ocrx_word' id='word_1_86' title='bbox 1744 1151 1860 1200; x_wconf 50' lang='lat' dir='ltr'><strong>ter.</strong></span> 
     </span>
    </p>
   </div>
   <div class='ocr_carea' id='block_1_13' title="bbox 273 1236 1860 1310">
    <p class='ocr_par' dir='ltr' id='par_1_13' title="bbox 273 1236 1860 1310">
     <span class='ocr_line' id='line_1_13' title="bbox 273 1236 1860 1310; baseline 0.004 -25"><span class='ocrx_word' id='word_1_87' title='bbox 273 1249 402 1300; x_wconf 75' lang='lat' dir='ltr'><strong>gum</strong></span> <span class='ocrx_word' id='word_1_88' title='bbox 465 1236 662 1292; x_wconf 92' lang='lat' dir='ltr'><strong>domus</strong></span> <span class='ocrx_word' id='word_1_89' title='bbox 715 1238 955 1293; x_wconf 89' lang='lat' dir='ltr'><strong>carceris</strong></span> <span class='ocrx_word' id='word_1_90' title='bbox 1005 1239 1192 1308; x_wconf 83' lang='lat' dir='ltr'><strong>hujus,</strong></span> <span class='ocrx_word' id='word_1_91' title='bbox 1223 1246 1279 1294; x_wconf 92' lang='lat' dir='ltr'><strong>et</strong></span> <span class='ocrx_word' id='word_1_92' title='bbox 1333 1239 1387 1294; x_wconf 92' lang='lat' dir='ltr'><strong>in</strong></span> <span class='ocrx_word' id='word_1_93' title='bbox 1420 1254 1530 1310; x_wconf 91' lang='lat' dir='ltr'><strong>quo</strong></span> <span class='ocrx_word' id='word_1_94' title='bbox 1582 1239 1706 1294; x_wconf 92' lang='lat' dir='ltr'><strong>loco</strong></span> <span class='ocrx_word' id='word_1_95' title='bbox 1761 1252 1860 1292; x_wconf 89' lang='lat' dir='ltr'><strong>au-</strong></span> 
     </span>
    </p>
   </div>
   <div class='ocr_carea' id='block_1_14' title="bbox 275 1327 1862 1401">
    <p class='ocr_par' dir='ltr' id='par_1_14' title="bbox 275 1327 1862 1401">
     <span class='ocr_line' id='line_1_14' title="bbox 275 1327 1862 1401; baseline 0.001 -17"><span class='ocrx_word' id='word_1_96' title='bbox 275 1327 480 1384; x_wconf 90' lang='lat' dir='ltr'><strong>dierint</strong></span> <span class='ocrx_word' id='word_1_97' title='bbox 515 1329 731 1400; x_wconf 85' lang='lat' dir='ltr'><strong>signum</strong></span> <span class='ocrx_word' id='word_1_98' title='bbox 760 1330 813 1384; x_wconf 93' lang='lat' dir='ltr'><strong>in</strong></span> <span class='ocrx_word' id='word_1_99' title='bbox 848 1332 1051 1401; x_wconf 80' lang='lat' dir='ltr'><strong>pariete</strong></span> <span class='ocrx_word' id='word_1_100' title='bbox 1081 1332 1150 1386; x_wconf 91' lang='lat' dir='ltr'><strong>ab</strong></span> <span class='ocrx_word' id='word_1_101' title='bbox 1185 1332 1334 1387; x_wconf 92' lang='lat' dir='ltr'><strong>intus</strong></span> <span class='ocrx_word' id='word_1_102' title='bbox 1355 1331 1583 1394; x_wconf 87' lang='lat' dir='ltr'><strong>factum,</strong></span> <span class='ocrx_word' id='word_1_103' title='bbox 1619 1329 1692 1385; x_wconf 91' lang='lat' dir='ltr'><strong>ibi</strong></span> <span class='ocrx_word' id='word_1_104' title='bbox 1730 1328 1862 1386; x_wconf 81' lang='lat' dir='ltr'><strong>eﬁ&#39;o-</strong></span> 
     </span>
    </p>
   </div>
   <div class='ocr_carea' id='block_1_15' title="bbox 274 1421 1861 1497">
    <p class='ocr_par' dir='ltr' id='par_1_15' title="bbox 274 1421 1861 1497">
     <span class='ocr_line' id='line_1_15' title="bbox 274 1421 1861 1497; baseline 0.001 -20"><span class='ocrx_word' id='word_1_105' title='bbox 274 1421 492 1479; x_wconf 88' lang='lat' dir='ltr'><strong>dientes</strong></span> <span class='ocrx_word' id='word_1_106' title='bbox 521 1425 799 1494; x_wconf 91' lang='lat' dir='ltr'><strong>excipiant</strong></span> <span class='ocrx_word' id='word_1_107' title='bbox 833 1441 920 1480; x_wconf 91' lang='lat' dir='ltr'><strong>me</strong></span> <span class='ocrx_word' id='word_1_108' title='bbox 941 1466 954 1490; x_wconf 93' lang='lat'><strong>,</strong></span> <span class='ocrx_word' id='word_1_109' title='bbox 1002 1425 1394 1497; x_wconf 88' lang='lat' dir='ltr'><strong>perﬁciantque</strong></span> <span class='ocrx_word' id='word_1_110' title='bbox 1439 1425 1588 1496; x_wconf 91' lang='lat' dir='ltr'><strong>quod</strong></span> <span class='ocrx_word' id='word_1_111' title='bbox 1635 1423 1742 1481; x_wconf 83' lang='lat' dir='ltr'><strong>sibi</strong></span> <span class='ocrx_word' id='word_1_112' title='bbox 1774 1430 1861 1480; x_wconf 89' lang='lat' dir='ltr'><strong>est</strong></span> 
     </span>
    </p>
   </div>
   <div class='ocr_carea' id='block_1_16' title="bbox 275 1511 1860 1586">
    <p class='ocr_par' dir='ltr' id='par_1_16' title="bbox 275 1511 1860 1586">
     <span class='ocr_line' id='line_1_16' title="bbox 275 1511 1860 1586; baseline 0.001 -20"><span class='ocrx_word' id='word_1_113' title='bbox 275 1512 625 1583; x_wconf 84' lang='lat' dir='ltr'><strong>imperatum.</strong></span> <span class='ocrx_word' id='word_1_114' title='bbox 661 1511 858 1569; x_wconf 84' lang='lat' dir='ltr'><strong>Senior</strong></span> <span class='ocrx_word' id='word_1_115' title='bbox 884 1530 1038 1580; x_wconf 90' lang='lat' dir='ltr'><strong>vero,</strong></span> <span class='ocrx_word' id='word_1_116' title='bbox 1074 1515 1463 1586; x_wconf 84' lang='lat' dir='ltr'><strong>obtemperans</strong></span> <span class='ocrx_word' id='word_1_117' title='bbox 1510 1512 1860 1585; x_wconf 84' lang='lat' dir='ltr'><strong>jussionibus</strong></span> 
     </span>
    </p>
   </div>
   <div class='ocr_carea' id='block_1_17' title="bbox 273 1604 1860 1679">
    <p class='ocr_par' dir='ltr' id='par_1_17' title="bbox 273 1604 1860 1679">
     <span class='ocr_line' id='line_1_17' title="bbox 273 1604 1860 1679; baseline -0.002 -17"><span class='ocrx_word' id='word_1_118' title='bbox 273 1606 617 1662; x_wconf 71' lang='lat' dir='ltr'><strong>Sanctissimi</strong></span> <span class='ocrx_word' id='word_1_119' title='bbox 650 1607 755 1662; x_wconf 90' lang='lat' dir='ltr'><strong>viri</strong></span> <span class='ocrx_word' id='word_1_120' title='bbox 801 1607 1002 1679; x_wconf 89' lang='lat' dir='ltr'><strong>(neque</strong></span> <span class='ocrx_word' id='word_1_121' title='bbox 1030 1608 1174 1664; x_wconf 92' lang='lat' dir='ltr'><strong>enim</strong></span> <span class='ocrx_word' id='word_1_122' title='bbox 1211 1617 1362 1662; x_wconf 88' lang='lat' dir='ltr'><strong>tanto</strong></span> <span class='ocrx_word' id='word_1_123' title='bbox 1401 1607 1549 1662; x_wconf 83' lang='lat' dir='ltr'><strong>Patri</strong></span> <span class='ocrx_word' id='word_1_124' title='bbox 1583 1604 1860 1662; x_wconf 90' lang='lat' dir='ltr'><strong>contradi-</strong></span> 
     </span>
    </p>
   </div>
   <div class='ocr_carea' id='block_1_18' title="bbox 272 1698 1860 1772">
    <p class='ocr_par' dir='ltr' id='par_1_18' title="bbox 272 1698 1860 1772">
     <span class='ocr_line' id='line_1_18' title="bbox 272 1698 1860 1772; baseline 0.001 -20"><span class='ocrx_word' id='word_1_125' title='bbox 272 1710 401 1752; x_wconf 83' lang='lat' dir='ltr'><strong>cere</strong></span> <span class='ocrx_word' id='word_1_126' title='bbox 431 1698 692 1772; x_wconf 78' lang='lat' dir='ltr'><strong>poterat),</strong></span> <span class='ocrx_word' id='word_1_127' title='bbox 725 1699 861 1754; x_wconf 85' lang='lat' dir='ltr'><strong>abiit</strong></span> <span class='ocrx_word' id='word_1_128' title='bbox 919 1701 985 1754; x_wconf 89' lang='lat' dir='ltr'><strong>ad</strong></span> <span class='ocrx_word' id='word_1_129' title='bbox 1037 1699 1290 1757; x_wconf 87' lang='lat' dir='ltr'><strong>tribunos</strong></span> <span class='ocrx_word' id='word_1_130' title='bbox 1347 1707 1402 1756; x_wconf 91' lang='lat' dir='ltr'><strong>et</strong></span> <span class='ocrx_word' id='word_1_131' title='bbox 1453 1699 1731 1754; x_wconf 89' lang='lat' dir='ltr'><strong>intimavit</strong></span> <span class='ocrx_word' id='word_1_132' title='bbox 1779 1699 1860 1754; x_wconf 90' lang='lat' dir='ltr'><strong>eis</strong></span> 
     </span>
    </p>
   </div>
   <div class='ocr_carea' id='block_1_19' title="bbox 1969 505 3544 579">
    <p class='ocr_par' dir='ltr' id='par_1_19' title="bbox 1969 505 3544 579">
     <span class='ocr_line' id='line_1_19' title="bbox 1969 505 3544 579; baseline 0.006 -20"><span class='ocrx_word' id='word_1_133' title='bbox 1969 505 2298 575; x_wconf 64' lang='lat' dir='ltr'><strong>praeconium</strong></span> <span class='ocrx_word' id='word_1_134' title='bbox 2324 520 2421 576; x_wconf 89' lang='lat' dir='ltr'><strong>per</strong></span> <span class='ocrx_word' id='word_1_135' title='bbox 2443 514 2610 562; x_wconf 88' lang='lat' dir='ltr'><strong>totam</strong></span> <span class='ocrx_word' id='word_1_136' title='bbox 2643 505 2938 579; x_wconf 66' lang='lat' dir='ltr'><strong>Egyptum</strong></span> <span class='ocrx_word' id='word_1_137' title='bbox 2965 514 3020 563; x_wconf 86' lang='lat' dir='ltr'><strong>et</strong></span> <span class='ocrx_word' id='word_1_138' title='bbox 3048 507 3254 564; x_wconf 90' lang='lat' dir='ltr'><strong>circum</strong></span> <span class='ocrx_word' id='word_1_139' title='bbox 3279 510 3544 568; x_wconf 84' lang='lat' dir='ltr'><strong>terminos</strong></span> 
     </span>
    </p>
   </div>
   <div class='ocr_carea' id='block_1_20' title="bbox 1967 599 3542 672">
    <p class='ocr_par' dir='ltr' id='par_1_20' title="bbox 1967 599 3542 672">
     <span class='ocr_line' id='line_1_20' title="bbox 1967 599 3542 672; baseline 0.003 -18"><span class='ocrx_word' id='word_1_140' title='bbox 1967 599 2089 668; x_wconf 90' lang='lat' dir='ltr'><strong>ejus</strong></span> <span class='ocrx_word' id='word_1_141' title='bbox 2122 599 2381 656; x_wconf 87' lang='lat' dir='ltr'><strong>insonare</strong></span> <span class='ocrx_word' id='word_1_142' title='bbox 2411 600 2706 656; x_wconf 84' lang='lat' dir='ltr'><strong>commisit.</strong></span> <span class='ocrx_word' id='word_1_143' title='bbox 2744 599 2848 664; x_wconf 91' lang='lat' dir='ltr'><strong>Tu,</strong></span> <span class='ocrx_word' id='word_1_144' title='bbox 2901 601 3146 672; x_wconf 88' lang='lat' dir='ltr'><strong>inquam,</strong></span> <span class='ocrx_word' id='word_1_145' title='bbox 3178 603 3542 660; x_wconf 89' lang='lat' dir='ltr'><strong>ministerium</strong></span> 
     </span>
    </p>
   </div>
   <div class='ocr_carea' id='block_1_21' title="bbox 1967 687 3548 768">
    <p class='ocr_par' dir='ltr' id='par_1_21' title="bbox 1967 687 3548 768">
     <span class='ocr_line' id='line_1_21' title="bbox 1967 687 3548 768; baseline 0.004 -24"><span class='ocrx_word' id='word_1_146' title='bbox 1967 690 2221 747; x_wconf 69' lang='lat' dir='ltr'><strong>humana:</strong></span> <span class='ocrx_word' id='word_1_147' title='bbox 2257 692 2474 757; x_wconf 89' lang='lat' dir='ltr'><strong>salutis,</strong></span> <span class='ocrx_word' id='word_1_148' title='bbox 2523 693 2671 764; x_wconf 88' lang='lat' dir='ltr'><strong>quod</strong></span> <span class='ocrx_word' id='word_1_149' title='bbox 2723 694 2820 750; x_wconf 89' lang='lat' dir='ltr'><strong>tibi</strong></span> <span class='ocrx_word' id='word_1_150' title='bbox 2856 694 3124 750; x_wconf 90' lang='lat' dir='ltr'><strong>creditum</strong></span> <span class='ocrx_word' id='word_1_151' title='bbox 3173 695 3370 758; x_wconf 82' lang='lat' dir='ltr'><strong>fuerat,</strong></span> <span class='ocrx_word' id='word_1_152' title='bbox 3407 687 3548 768; x_wconf 83' lang='lat' dir='ltr'><strong>vigi-</strong></span> 
     </span>
    </p>
   </div>
   <div class='ocr_carea' id='block_1_22' title="bbox 1967 784 3545 855">
    <p class='ocr_par' dir='ltr' id='par_1_22' title="bbox 1967 784 3545 855">
     <span class='ocr_line' id='line_1_22' title="bbox 1967 784 3545 855; baseline 0.003 -17"><span class='ocrx_word' id='word_1_153' title='bbox 1967 784 2146 839; x_wconf 85' lang='lat' dir='ltr'><strong>lanter</strong></span> <span class='ocrx_word' id='word_1_154' title='bbox 2173 784 2436 855; x_wconf 81' lang='lat' dir='ltr'><strong>explesti;</strong></span> <span class='ocrx_word' id='word_1_155' title='bbox 2494 784 2658 855; x_wconf 88' lang='lat' dir='ltr'><strong>hujus</strong></span> <span class='ocrx_word' id='word_1_156' title='bbox 2709 785 2969 841; x_wconf 91' lang='lat' dir='ltr'><strong>nimirum</strong></span> <span class='ocrx_word' id='word_1_157' title='bbox 3002 785 3207 842; x_wconf 90' lang='lat' dir='ltr'><strong>laboris</strong></span> <span class='ocrx_word' id='word_1_158' title='bbox 3236 787 3545 843; x_wconf 85' lang='lat' dir='ltr'><strong>mercedem</strong></span> 
     </span>
    </p>
   </div>
   <div class='ocr_carea' id='block_1_23' title="bbox 1968 873 3544 948">
    <p class='ocr_par' dir='ltr' id='par_1_23' title="bbox 1968 873 3544 948">
     <span class='ocr_line' id='line_1_23' title="bbox 1968 873 3544 948; baseline 0.001 -17"><span class='ocrx_word' id='word_1_159' title='bbox 1968 876 2214 948; x_wconf 76' lang='lat' dir='ltr'><strong>martyrii</strong></span> <span class='ocrx_word' id='word_1_160' title='bbox 2270 876 2506 946; x_wconf 87' lang='lat' dir='ltr'><strong>palmam</strong></span> <span class='ocrx_word' id='word_1_161' title='bbox 2561 875 2840 946; x_wconf 69' lang='lat' dir='ltr'><strong>percipere</strong></span> <span class='ocrx_word' id='word_1_162' title='bbox 2903 876 3170 931; x_wconf 86' lang='lat' dir='ltr'><strong>meruisti.</strong></span> <span class='ocrx_word' id='word_1_163' title='bbox 3219 873 3378 932; x_wconf 88' lang='lat' dir='ltr'><strong>Unde</strong></span> <span class='ocrx_word' id='word_1_164' title='bbox 3432 893 3544 933; x_wconf 91' lang='lat' dir='ltr'><strong>non</strong></span> 
     </span>
    </p>
   </div>
   <div class='ocr_carea' id='block_1_24' title="bbox 1969 966 3544 1038">
    <p class='ocr_par' dir='ltr' id='par_1_24' title="bbox 1969 966 3544 1038">
     <span class='ocr_line' id='line_1_24' title="bbox 1969 966 3544 1038; baseline 0.001 -17"><span class='ocrx_word' id='word_1_165' title='bbox 1969 966 2244 1021; x_wconf 90' lang='lat' dir='ltr'><strong>immerito</strong></span> <span class='ocrx_word' id='word_1_166' title='bbox 2269 966 2468 1036; x_wconf 91' lang='lat' dir='ltr'><strong>dignus</strong></span> <span class='ocrx_word' id='word_1_167' title='bbox 2497 981 2557 1021; x_wconf 91' lang='lat' dir='ltr'><strong>es</strong></span> <span class='ocrx_word' id='word_1_168' title='bbox 2583 966 2917 1036; x_wconf 74' lang='lat' dir='ltr'><strong>evangelista</strong></span> <span class='ocrx_word' id='word_1_169' title='bbox 2950 966 3114 1022; x_wconf 91' lang='lat' dir='ltr'><strong>simul</strong></span> <span class='ocrx_word' id='word_1_170' title='bbox 3152 973 3206 1022; x_wconf 91' lang='lat' dir='ltr'><strong>et</strong></span> <span class='ocrx_word' id='word_1_171' title='bbox 3249 967 3544 1038; x_wconf 87' lang='lat' dir='ltr'><strong>episcopus</strong></span> 
     </span>
    </p>
   </div>
   <div class='ocr_carea' id='block_1_25' title="bbox 1966 1059 3545 1132">
    <p class='ocr_par' dir='ltr' id='par_1_25' title="bbox 1966 1059 3545 1132">
     <span class='ocr_line' id='line_1_25' title="bbox 1966 1059 3545 1132; baseline -0.001 -16"><span class='ocrx_word' id='word_1_172' title='bbox 1966 1059 2272 1132; x_wconf 77' lang='lat' dir='ltr'><strong>praedicari.</strong></span> <span class='ocrx_word' id='word_1_173' title='bbox 2303 1059 2404 1114; x_wconf 91' lang='lat' dir='ltr'><strong>Tui</strong></span> <span class='ocrx_word' id='word_1_174' title='bbox 2448 1075 2644 1129; x_wconf 89' lang='lat' dir='ltr'><strong>nempe</strong></span> <span class='ocrx_word' id='word_1_175' title='bbox 2697 1075 2987 1116; x_wconf 86' lang='lat' dir='ltr'><strong>successor</strong></span> <span class='ocrx_word' id='word_1_176' title='bbox 3042 1060 3146 1115; x_wconf 92' lang='lat' dir='ltr'><strong>fuit</strong></span> <span class='ocrx_word' id='word_1_177' title='bbox 3178 1061 3458 1127; x_wconf 86' lang='lat' dir='ltr'><strong>Anianus,</strong></span> <span class='ocrx_word' id='word_1_178' title='bbox 3488 1066 3545 1116; x_wconf 92' lang='lat' dir='ltr'><strong>et</strong></span> 
     </span>
    </p>
   </div>
   <div class='ocr_carea' id='block_1_26' title="bbox 1967 1150 3546 1222">
    <p class='ocr_par' dir='ltr' id='par_1_26' title="bbox 1967 1150 3546 1222">
     <span class='ocr_line' id='line_1_26' title="bbox 1967 1150 3546 1222; baseline 0 -17"><span class='ocrx_word' id='word_1_179' title='bbox 1967 1150 2166 1221; x_wconf 83' lang='lat' dir='ltr'><strong>reliqui</strong></span> <span class='ocrx_word' id='word_1_180' title='bbox 2199 1151 2275 1222; x_wconf 91' lang='lat' dir='ltr'><strong>(a)</strong></span> <span class='ocrx_word' id='word_1_181' title='bbox 2311 1165 2409 1220; x_wconf 87' lang='lat' dir='ltr'><strong>per</strong></span> <span class='ocrx_word' id='word_1_182' title='bbox 2444 1151 2761 1205; x_wconf 90' lang='lat' dir='ltr'><strong>succiduam</strong></span> <span class='ocrx_word' id='word_1_183' title='bbox 2800 1150 2996 1205; x_wconf 87' lang='lat' dir='ltr'><strong>seriem</strong></span> <span class='ocrx_word' id='word_1_184' title='bbox 3037 1165 3214 1221; x_wconf 89' lang='lat' dir='ltr'><strong>usque</strong></span> <span class='ocrx_word' id='word_1_185' title='bbox 3241 1150 3308 1204; x_wconf 88' lang='lat' dir='ltr'><strong>ad</strong></span> <span class='ocrx_word' id='word_1_186' title='bbox 3339 1150 3546 1206; x_wconf 67' lang='lat' dir='ltr'><strong>beatis-</strong></span> 
     </span>
    </p>
   </div>
   <div class='ocr_carea' id='block_1_27' title="bbox 1967 1241 3542 1314">
    <p class='ocr_par' dir='ltr' id='par_1_27' title="bbox 1967 1241 3542 1314">
     <span class='ocr_line' id='line_1_27' title="bbox 1967 1241 3542 1314; baseline 0 -16"><span class='ocrx_word' id='word_1_187' title='bbox 1967 1243 2167 1298; x_wconf 90' lang='lat' dir='ltr'><strong>simum</strong></span> <span class='ocrx_word' id='word_1_188' title='bbox 2195 1241 2475 1298; x_wconf 89' lang='lat' dir='ltr'><strong>Theonam</strong></span> <span class='ocrx_word' id='word_1_189' title='bbox 2509 1241 2603 1311; x_wconf 92' lang='lat' dir='ltr'><strong>qui</strong></span> <span class='ocrx_word' id='word_1_190' title='bbox 2630 1257 2764 1297; x_wconf 68' lang='lat' dir='ltr'><strong>mete</strong></span> <span class='ocrx_word' id='word_1_191' title='bbox 2802 1241 3046 1298; x_wconf 79' lang='lat' dir='ltr'><strong>infantiae</strong></span> <span class='ocrx_word' id='word_1_192' title='bbox 3074 1242 3334 1314; x_wconf 85' lang='lat' dir='ltr'><strong>colaphos</strong></span> <span class='ocrx_word' id='word_1_193' title='bbox 3387 1241 3542 1307; x_wconf 89' lang='lat' dir='ltr'><strong>dare,</strong></span> 
     </span>
    </p>
   </div>
   <div class='ocr_carea' id='block_1_28' title="bbox 1966 1335 3543 1406">
    <p class='ocr_par' dir='ltr' id='par_1_28' title="bbox 1966 1335 3543 1406">
     <span class='ocr_line' id='line_1_28' title="bbox 1966 1335 3543 1406; baseline -0.002 -14"><span class='ocrx_word' id='word_1_194' title='bbox 1966 1346 2020 1392; x_wconf 91' lang='lat' dir='ltr'><strong>et</strong></span> <span class='ocrx_word' id='word_1_195' title='bbox 2050 1351 2226 1392; x_wconf 90' lang='lat' dir='ltr'><strong>meam</strong></span> <span class='ocrx_word' id='word_1_196' title='bbox 2253 1336 2489 1392; x_wconf 89' lang='lat' dir='ltr'><strong>indolem</strong></span> <span class='ocrx_word' id='word_1_197' title='bbox 2519 1337 2731 1392; x_wconf 87' lang='lat' dir='ltr'><strong>nutrire</strong></span> <span class='ocrx_word' id='word_1_198' title='bbox 2760 1335 3016 1406; x_wconf 87' lang='lat' dir='ltr'><strong>dignatus</strong></span> <span class='ocrx_word' id='word_1_199' title='bbox 3073 1343 3178 1393; x_wconf 90' lang='lat' dir='ltr'><strong>est.</strong></span> <span class='ocrx_word' id='word_1_200' title='bbox 3231 1335 3332 1391; x_wconf 91' lang='lat' dir='ltr'><strong>Cui</strong></span> <span class='ocrx_word' id='word_1_201' title='bbox 3375 1336 3543 1390; x_wconf 90' lang='lat' dir='ltr'><strong>etiam</strong></span> 
     </span>
    </p>
   </div>
   <div class='ocr_carea' id='block_1_29' title="bbox 1965 1419 3543 1500">
    <p class='ocr_par' dir='ltr' id='par_1_29' title="bbox 1965 1419 3543 1500">
     <span class='ocr_line' id='line_1_29' title="bbox 1965 1419 3543 1500; baseline -0.002 -15"><span class='ocrx_word' id='word_1_202' title='bbox 1965 1443 2068 1500; x_wconf 89' lang='lat' dir='ltr'><strong>ego</strong></span> <span class='ocrx_word' id='word_1_203' title='bbox 2096 1437 2353 1499; x_wconf 87' lang='lat' dir='ltr'><strong>peccator</strong></span> <span class='ocrx_word' id='word_1_204' title='bbox 2384 1436 2438 1482; x_wconf 83' lang='lat' dir='ltr'><strong>et</strong></span> <span class='ocrx_word' id='word_1_205' title='bbox 2464 1427 2722 1498; x_wconf 87' lang='lat' dir='ltr'><strong>indignus</strong></span> <span class='ocrx_word' id='word_1_206' title='bbox 2755 1427 2898 1482; x_wconf 88' lang='lat' dir='ltr'><strong>ultra</strong></span> <span class='ocrx_word' id='word_1_207' title='bbox 2926 1427 3179 1482; x_wconf 88' lang='lat' dir='ltr'><strong>meritum</strong></span> <span class='ocrx_word' id='word_1_208' title='bbox 3197 1419 3543 1483; x_wconf 86' lang='lat' dir='ltr'><strong>haereditario</strong></span> 
     </span>
    </p>
   </div>
   <div class='ocr_carea' id='block_1_30' title="bbox 1966 1519 3542 1592">
    <p class='ocr_par' dir='ltr' id='par_1_30' title="bbox 1966 1519 3542 1592">
     <span class='ocr_line' id='line_1_30' title="bbox 1966 1519 3542 1592; baseline 0 -18"><span class='ocrx_word' id='word_1_209' title='bbox 1966 1519 2138 1592; x_wconf 88' lang='lat' dir='ltr'><strong>gradu</strong></span> <span class='ocrx_word' id='word_1_210' title='bbox 2169 1535 2463 1576; x_wconf 86' lang='lat' dir='ltr'><strong>successor</strong></span> <span class='ocrx_word' id='word_1_211' title='bbox 2485 1519 2714 1576; x_wconf 84' lang='lat' dir='ltr'><strong>eﬁ&#39;ectus</strong></span> <span class='ocrx_word' id='word_1_212' title='bbox 2748 1535 2891 1574; x_wconf 77' lang='lat' dir='ltr'><strong>sum.</strong></span> <span class='ocrx_word' id='word_1_213' title='bbox 2926 1519 2994 1574; x_wconf 88' lang='lat' dir='ltr'><strong>Et</strong></span> <span class='ocrx_word' id='word_1_214' title='bbox 3025 1519 3171 1590; x_wconf 91' lang='lat' dir='ltr'><strong>quod</strong></span> <span class='ocrx_word' id='word_1_215' title='bbox 3197 1519 3542 1590; x_wconf 87' lang='lat' dir='ltr'><strong>potissimum</strong></span> 
     </span>
    </p>
   </div>
   <div class='ocr_carea' id='block_1_31' title="bbox 1965 1611 3544 1683">
    <p class='ocr_par' dir='ltr' id='par_1_31' title="bbox 1965 1611 3544 1683">
     <span class='ocr_line' id='line_1_31' title="bbox 1965 1611 3544 1683; baseline -0.001 -14"><span class='ocrx_word' id='word_1_216' title='bbox 1965 1619 2071 1678; x_wconf 87' lang='lat' dir='ltr'><strong>est,</strong></span> <span class='ocrx_word' id='word_1_217' title='bbox 2117 1627 2246 1667; x_wconf 90' lang='lat' dir='ltr'><strong>ecce</strong></span> <span class='ocrx_word' id='word_1_218' title='bbox 2291 1612 2585 1668; x_wconf 68' lang='lat' dir='ltr'><strong>Dominicaa</strong></span> <span class='ocrx_word' id='word_1_219' title='bbox 2635 1611 2853 1682; x_wconf 87' lang='lat' dir='ltr'><strong>pietatis</strong></span> <span class='ocrx_word' id='word_1_220' title='bbox 2894 1612 3110 1682; x_wconf 77' lang='lat' dir='ltr'><strong>largitio</strong></span> <span class='ocrx_word' id='word_1_221' title='bbox 3157 1627 3244 1666; x_wconf 92' lang='lat' dir='ltr'><strong>me</strong></span> <span class='ocrx_word' id='word_1_222' title='bbox 3289 1611 3544 1683; x_wconf 57' lang='lat' dir='ltr'><strong>pretiosae</strong></span> 
     </span>
    </p>
   </div>
   <div class='ocr_carea' id='block_1_32' title="bbox 1965 1704 3543 1776">
    <p class='ocr_par' dir='ltr' id='par_1_32' title="bbox 1965 1704 3543 1776">
     <span class='ocr_line' id='line_1_32' title="bbox 1965 1704 3543 1776; baseline 0 -16"><span class='ocrx_word' id='word_1_223' title='bbox 1965 1705 2150 1762; x_wconf 90' lang='lat' dir='ltr'><strong>crucis</strong></span> <span class='ocrx_word' id='word_1_224' title='bbox 2179 1719 2245 1761; x_wconf 81' lang='lat' dir='ltr'><strong>ac</strong></span> <span class='ocrx_word' id='word_1_225' title='bbox 2275 1705 2481 1762; x_wconf 73' lang='lat' dir='ltr'><strong>festivae</strong></span> <span class='ocrx_word' id='word_1_226' title='bbox 2509 1706 2784 1761; x_wconf 90' lang='lat' dir='ltr'><strong>anastasis</strong></span> <span class='ocrx_word' id='word_1_227' title='bbox 2834 1712 3128 1776; x_wconf 84' lang='lat' dir='ltr'><strong>martyrem</strong></span> <span class='ocrx_word' id='word_1_228' title='bbox 3163 1705 3278 1760; x_wconf 88' lang='lat' dir='ltr'><strong>ﬁeri</strong></span> <span class='ocrx_word' id='word_1_229' title='bbox 3335 1704 3543 1760; x_wconf 83' lang='lat' dir='ltr'><strong>condo-</strong></span> 
     </span>
    </p>
   </div>
   <div class='ocr_carea' id='block_1_33' title="bbox 271 1786 3542 1869">
    <p class='ocr_par' dir='ltr' id='par_1_33' title="bbox 271 1786 3542 1869">
     <span class='ocr_line' id='line_1_33' title="bbox 271 1786 3542 1869; baseline 0.002 -25"><span class='ocrx_word' id='word_1_230' title='bbox 271 1791 422 1862; x_wconf 88' lang='lat' dir='ltr'><strong>quod</strong></span> <span class='ocrx_word' id='word_1_231' title='bbox 468 1792 572 1846; x_wconf 90' lang='lat' dir='ltr'><strong>sibi</strong></span> <span class='ocrx_word' id='word_1_232' title='bbox 621 1791 797 1848; x_wconf 83' lang='lat' dir='ltr'><strong>fuerat</strong></span> <span class='ocrx_word' id='word_1_233' title='bbox 843 1789 1172 1863; x_wconf 81' lang='lat' dir='ltr'><strong>iniunctum.</strong></span> <span class='ocrx_word' id='word_1_234' title='bbox 1227 1793 1384 1860; x_wconf 83' lang='lat' dir='ltr'><strong>Quod</strong></span> <span class='ocrx_word' id='word_1_235' title='bbox 1447 1792 1528 1847; x_wconf 92' lang='lat' dir='ltr'><strong>illi</strong></span> <span class='ocrx_word' id='word_1_236' title='bbox 1578 1791 1863 1847; x_wconf 86' lang='lat' dir='ltr'><strong>audientes</strong></span> <span class='ocrx_word' id='word_1_237' title='bbox 1895 1786 1936 1842; x_wconf 87' lang='grc' dir='ltr'><strong>Β</strong></span> <span class='ocrx_word' id='word_1_238' title='bbox 1965 1799 2136 1865; x_wconf 70' lang='lat' dir='ltr'><strong>navit,</strong></span> <span class='ocrx_word' id='word_1_239' title='bbox 2167 1799 2416 1854; x_wconf 75' lang='lat' dir='ltr'><strong>tribuens</strong></span> <span class='ocrx_word' id='word_1_240' title='bbox 2447 1813 2582 1853; x_wconf 65' lang='lat' dir='ltr'><strong>mea:</strong></span> <span class='ocrx_word' id='word_1_241' title='bbox 2613 1797 2887 1853; x_wconf 77' lang='lat' dir='ltr'><strong>devotioni</strong></span> <span class='ocrx_word' id='word_1_242' title='bbox 2913 1813 3026 1854; x_wconf 70' lang='lat' dir='ltr'><strong>sua:</strong></span> <span class='ocrx_word' id='word_1_243' title='bbox 3048 1797 3319 1869; x_wconf 79' lang='lat' dir='ltr'><strong>passionis</strong></span> <span class='ocrx_word' id='word_1_244' title='bbox 3339 1799 3542 1866; x_wconf 61' lang='lat' dir='ltr'><strong>jucuna»</strong></span> 
     </span>
    </p>
   </div>
   <div class='ocr_carea' id='block_1_34' title="bbox 271 1883 1858 1955">
    <p class='ocr_par' dir='ltr' id='par_1_34' title="bbox 271 1883 1858 1955">
     <span class='ocr_line' id='line_1_34' title="bbox 271 1883 1858 1955; baseline 0.001 -16"><span class='ocrx_word' id='word_1_245' title='bbox 271 1883 431 1939; x_wconf 92' lang='lat' dir='ltr'><strong>valde</strong></span> <span class='ocrx_word' id='word_1_246' title='bbox 485 1885 658 1955; x_wconf 77' lang='lat' dir='ltr'><strong>gavisi</strong></span> <span class='ocrx_word' id='word_1_247' title='bbox 710 1894 875 1950; x_wconf 91' lang='lat' dir='ltr'><strong>sunt,</strong></span> <span class='ocrx_word' id='word_1_248' title='bbox 934 1897 985 1942; x_wconf 92' lang='lat' dir='ltr'><strong>et</strong></span> <span class='ocrx_word' id='word_1_249' title='bbox 1043 1897 1388 1942; x_wconf 87' lang='lat' dir='ltr'><strong>assumentes</strong></span> <span class='ocrx_word' id='word_1_250' title='bbox 1429 1887 1662 1942; x_wconf 87' lang='lat' dir='ltr'><strong>latomos</strong></span> <span class='ocrx_word' id='word_1_251' title='bbox 1710 1885 1858 1940; x_wconf 89' lang='lat' dir='ltr'><strong>circa</strong></span> 
     </span>
    </p>
   </div>
   <div class='ocr_carea' id='block_1_35' title="bbox 273 1976 1858 2049">
    <p class='ocr_par' dir='ltr' id='par_1_35' title="bbox 273 1976 1858 2049">
     <span class='ocr_line' id='line_1_35' title="bbox 273 1976 1858 2049; baseline 0.001 -19"><span class='ocrx_word' id='word_1_252' title='bbox 273 1976 455 2031; x_wconf 83' lang='lat' dir='ltr'><strong>noctis</strong></span> <span class='ocrx_word' id='word_1_253' title='bbox 503 1977 667 2045; x_wconf 92' lang='lat' dir='ltr'><strong>hujus</strong></span> <span class='ocrx_word' id='word_1_254' title='bbox 693 1978 1020 2032; x_wconf 87' lang='lat' dir='ltr'><strong>matutinum</strong></span> <span class='ocrx_word' id='word_1_255' title='bbox 1054 1987 1269 2049; x_wconf 85' lang='lat' dir='ltr'><strong>tempus</strong></span> <span class='ocrx_word' id='word_1_256' title='bbox 1303 1985 1572 2033; x_wconf 90' lang='lat' dir='ltr'><strong>venerunt</strong></span> <span class='ocrx_word' id='word_1_257' title='bbox 1600 1979 1720 2033; x_wconf 90' lang='lat' dir='ltr'><strong>sine</strong></span> <span class='ocrx_word' id='word_1_258' title='bbox 1751 1978 1858 2032; x_wconf 87' lang='lat' dir='ltr'><strong>mi-</strong></span> 
     </span>
    </p>
   </div>
   <div class='ocr_carea' id='block_1_36' title="bbox 271 2069 1860 2142">
    <p class='ocr_par' dir='ltr' id='par_1_36' title="bbox 271 2069 1860 2142">
     <span class='ocr_line' id='line_1_36' title="bbox 271 2069 1860 2142; baseline 0.001 -19"><span class='ocrx_word' id='word_1_259' title='bbox 271 2069 465 2125; x_wconf 89' lang='lat' dir='ltr'><strong>litibus</strong></span> <span class='ocrx_word' id='word_1_260' title='bbox 502 2069 570 2124; x_wconf 92' lang='lat' dir='ltr'><strong>ad</strong></span> <span class='ocrx_word' id='word_1_261' title='bbox 610 2071 790 2125; x_wconf 90' lang='lat' dir='ltr'><strong>locum</strong></span> <span class='ocrx_word' id='word_1_262' title='bbox 826 2072 918 2142; x_wconf 90' lang='lat' dir='ltr'><strong>qui</strong></span> <span class='ocrx_word' id='word_1_263' title='bbox 952 2071 1059 2126; x_wconf 89' lang='lat' dir='ltr'><strong>sibi</strong></span> <span class='ocrx_word' id='word_1_264' title='bbox 1088 2070 1268 2127; x_wconf 87' lang='lat' dir='ltr'><strong>fuerat</strong></span> <span class='ocrx_word' id='word_1_265' title='bbox 1308 2077 1586 2127; x_wconf 89' lang='lat' dir='ltr'><strong>ostensus.</strong></span> <span class='ocrx_word' id='word_1_266' title='bbox 1624 2069 1722 2124; x_wconf 81' lang='lat' dir='ltr'><strong>Vir</strong></span> <span class='ocrx_word' id='word_1_267' title='bbox 1760 2083 1860 2125; x_wconf 83' lang='lat' dir='ltr'><strong>au-</strong></span> 
     </span>
    </p>
   </div>
   <div class='ocr_carea' id='block_1_37' title="bbox 271 2159 1858 2234">
    <p class='ocr_par' dir='ltr' id='par_1_37' title="bbox 271 2159 1858 2234">
     <span class='ocr_line' id='line_1_37' title="bbox 271 2159 1858 2234; baseline 0.001 -20"><span class='ocrx_word' id='word_1_268' title='bbox 271 2171 384 2215; x_wconf 87' lang='lat' dir='ltr'><strong>tem</strong></span> <span class='ocrx_word' id='word_1_269' title='bbox 445 2159 664 2217; x_wconf 87' lang='lat' dir='ltr'><strong>Domini</strong></span> <span class='ocrx_word' id='word_1_270' title='bbox 720 2163 850 2234; x_wconf 88' lang='lat' dir='ltr'><strong>vigil</strong></span> <span class='ocrx_word' id='word_1_271' title='bbox 906 2163 962 2218; x_wconf 91' lang='lat' dir='ltr'><strong>in</strong></span> <span class='ocrx_word' id='word_1_272' title='bbox 1031 2165 1283 2218; x_wconf 87' lang='lat' dir='ltr'><strong>oratione</strong></span> <span class='ocrx_word' id='word_1_273' title='bbox 1323 2171 1378 2217; x_wconf 89' lang='lat' dir='ltr'><strong>et</strong></span> <span class='ocrx_word' id='word_1_274' title='bbox 1427 2164 1631 2234; x_wconf 85' lang='lat' dir='ltr'><strong>vigiliis</strong></span> <span class='ocrx_word' id='word_1_275' title='bbox 1683 2169 1858 2218; x_wconf 86' lang='lat' dir='ltr'><strong>totam</strong></span> 
     </span>
    </p>
   </div>
   <div class='ocr_carea' id='block_1_38' title="bbox 271 2252 1860 2326">
    <p class='ocr_par' dir='ltr' id='par_1_38' title="bbox 271 2252 1860 2326">
     <span class='ocr_line' id='line_1_38' title="bbox 271 2252 1860 2326; baseline 0.001 -20"><span class='ocrx_word' id='word_1_276' title='bbox 271 2262 491 2308; x_wconf 90' lang='lat' dir='ltr'><strong>noctem</strong></span> <span class='ocrx_word' id='word_1_277' title='bbox 527 2252 834 2309; x_wconf 88' lang='lat' dir='ltr'><strong>insomnem</strong></span> <span class='ocrx_word' id='word_1_278' title='bbox 866 2253 1123 2310; x_wconf 88' lang='lat' dir='ltr'><strong>duxerat.</strong></span> <span class='ocrx_word' id='word_1_279' title='bbox 1153 2253 1224 2308; x_wconf 85' lang='lat' dir='ltr'><strong>At</strong></span> <span class='ocrx_word' id='word_1_280' title='bbox 1253 2253 1346 2310; x_wconf 91' lang='lat' dir='ltr'><strong>ubi</strong></span> <span class='ocrx_word' id='word_1_281' title='bbox 1377 2271 1567 2310; x_wconf 92' lang='lat' dir='ltr'><strong>eorum</strong></span> <span class='ocrx_word' id='word_1_282' title='bbox 1604 2254 1860 2326; x_wconf 89' lang='lat' dir='ltr'><strong>cognovit</strong></span> 
     </span>
    </p>
   </div>
   <div class='ocr_carea' id='block_1_39' title="bbox 271 2345 1859 2419">
    <p class='ocr_par' dir='ltr' id='par_1_39' title="bbox 271 2345 1859 2419">
     <span class='ocr_line' id='line_1_39' title="bbox 271 2345 1859 2419; baseline 0.002 -20"><span class='ocrx_word' id='word_1_283' title='bbox 271 2345 589 2410; x_wconf 84' lang='lat' dir='ltr'><strong>adventum,</strong></span> <span class='ocrx_word' id='word_1_284' title='bbox 624 2347 841 2402; x_wconf 89' lang='lat' dir='ltr'><strong>cunctis</strong></span> <span class='ocrx_word' id='word_1_285' title='bbox 871 2348 964 2419; x_wconf 90' lang='lat' dir='ltr'><strong>qui</strong></span> <span class='ocrx_word' id='word_1_286' title='bbox 997 2363 1184 2402; x_wconf 88' lang='lat' dir='ltr'><strong>secum</strong></span> <span class='ocrx_word' id='word_1_287' title='bbox 1213 2349 1441 2404; x_wconf 88' lang='lat' dir='ltr'><strong>aderant</strong></span> <span class='ocrx_word' id='word_1_288' title='bbox 1473 2362 1670 2419; x_wconf 89' lang='lat' dir='ltr'><strong>sopore</strong></span> <span class='ocrx_word' id='word_1_289' title='bbox 1703 2348 1859 2417; x_wconf 82' lang='lat' dir='ltr'><strong>quie-</strong></span> 
     </span>
    </p>
   </div>
   <div class='ocr_carea' id='block_1_40' title="bbox 270 2438 1858 2511">
    <p class='ocr_par' dir='ltr' id='par_1_40' title="bbox 270 2438 1858 2511">
     <span class='ocr_line' id='line_1_40' title="bbox 270 2438 1858 2511; baseline 0 -17"><span class='ocrx_word' id='word_1_290' title='bbox 270 2439 579 2504; x_wconf 89' lang='lat' dir='ltr'><strong>scentibus,</strong></span> <span class='ocrx_word' id='word_1_291' title='bbox 604 2439 750 2495; x_wconf 89' lang='lat' dir='ltr'><strong>lento</strong></span> <span class='ocrx_word' id='word_1_292' title='bbox 781 2438 951 2511; x_wconf 87' lang='lat' dir='ltr'><strong>gradu</strong></span> <span class='ocrx_word' id='word_1_293' title='bbox 1001 2440 1286 2510; x_wconf 81' lang='lat' dir='ltr'><strong>ingressus</strong></span> <span class='ocrx_word' id='word_1_294' title='bbox 1325 2447 1410 2496; x_wconf 89' lang='lat' dir='ltr'><strong>est</strong></span> <span class='ocrx_word' id='word_1_295' title='bbox 1455 2441 1510 2494; x_wconf 92' lang='lat' dir='ltr'><strong>in</strong></span> <span class='ocrx_word' id='word_1_296' title='bbox 1541 2439 1858 2494; x_wconf 88' lang='lat' dir='ltr'><strong>interiorem</strong></span> 
     </span>
    </p>
   </div>
   <div class='ocr_carea' id='block_1_41' title="bbox 268 2529 1854 2602">
    <p class='ocr_par' dir='ltr' id='par_1_41' title="bbox 268 2529 1854 2602">
     <span class='ocr_line' id='line_1_41' title="bbox 268 2529 1854 2602; baseline 0.002 -20"><span class='ocrx_word' id='word_1_297' title='bbox 268 2530 516 2586; x_wconf 72' lang='lat' dir='ltr'><strong>carceris</strong></span> <span class='ocrx_word' id='word_1_298' title='bbox 565 2539 796 2600; x_wconf 88' lang='lat' dir='ltr'><strong>partem.</strong></span> <span class='ocrx_word' id='word_1_299' title='bbox 846 2539 898 2585; x_wconf 90' lang='lat' dir='ltr'><strong>et</strong></span> <span class='ocrx_word' id='word_1_300' title='bbox 928 2529 1089 2600; x_wconf 83' lang='lat' dir='ltr'><strong>juxta</strong></span> <span class='ocrx_word' id='word_1_301' title='bbox 1138 2531 1448 2586; x_wconf 80' lang='lat' dir='ltr'><strong>condictam</strong></span> <span class='ocrx_word' id='word_1_302' title='bbox 1503 2531 1854 2602; x_wconf 85' lang='lat' dir='ltr'><strong>sponsionem</strong></span> 
     </span>
    </p>
   </div>
   <div class='ocr_carea' id='block_1_42' title="bbox 267 2621 1856 2694">
    <p class='ocr_par' dir='ltr' id='par_1_42' title="bbox 267 2621 1856 2694">
     <span class='ocr_line' id='line_1_42' title="bbox 267 2621 1856 2694; baseline 0.002 -19"><span class='ocrx_word' id='word_1_303' title='bbox 267 2633 473 2676; x_wconf 86' lang='lat' dir='ltr'><strong>sonum</strong></span> <span class='ocrx_word' id='word_1_304' title='bbox 531 2621 766 2677; x_wconf 87' lang='lat' dir='ltr'><strong>faciebat</strong></span> <span class='ocrx_word' id='word_1_305' title='bbox 816 2623 868 2676; x_wconf 91' lang='lat' dir='ltr'><strong>in</strong></span> <span class='ocrx_word' id='word_1_306' title='bbox 924 2623 1164 2692; x_wconf 87' lang='lat' dir='ltr'><strong>pariete;</strong></span> <span class='ocrx_word' id='word_1_307' title='bbox 1213 2639 1376 2694; x_wconf 90' lang='lat' dir='ltr'><strong>quem</strong></span> <span class='ocrx_word' id='word_1_308' title='bbox 1423 2623 1502 2678; x_wconf 90' lang='lat' dir='ltr'><strong>illi</strong></span> <span class='ocrx_word' id='word_1_309' title='bbox 1547 2622 1856 2679; x_wconf 88' lang='lat' dir='ltr'><strong>forinsecus</strong></span> 
     </span>
    </p>
   </div>
   <div class='ocr_carea' id='block_1_43' title="bbox 268 2715 1854 2788">
    <p class='ocr_par' dir='ltr' id='par_1_43' title="bbox 268 2715 1854 2788">
     <span class='ocr_line' id='line_1_43' title="bbox 268 2715 1854 2788; baseline 0.001 -20"><span class='ocrx_word' id='word_1_310' title='bbox 268 2715 599 2781; x_wconf 83' lang='lat' dir='ltr'><strong>audientes,</strong></span> <span class='ocrx_word' id='word_1_311' title='bbox 673 2716 818 2772; x_wconf 89' lang='lat' dir='ltr'><strong>facto</strong></span> <span class='ocrx_word' id='word_1_312' title='bbox 883 2716 1152 2772; x_wconf 87' lang='lat' dir='ltr'><strong>foramine</strong></span> <span class='ocrx_word' id='word_1_313' title='bbox 1219 2725 1585 2788; x_wconf 89' lang='lat' dir='ltr'><strong>susceperunt</strong></span> <span class='ocrx_word' id='word_1_314' title='bbox 1649 2716 1854 2772; x_wconf 89' lang='lat' dir='ltr'><strong>Christi</strong></span> 
     </span>
    </p>
   </div>
   <div class='ocr_carea' id='block_1_44' title="bbox 269 2807 1856 2872">
    <p class='ocr_par' dir='ltr' id='par_1_44' title="bbox 269 2807 1856 2872">
     <span class='ocr_line' id='line_1_44' title="bbox 269 2807 1856 2872; baseline 0.001 -13"><span class='ocrx_word' id='word_1_315' title='bbox 269 2807 535 2862; x_wconf 83' lang='lat' dir='ltr'><strong>athletam</strong></span> <span class='ocrx_word' id='word_1_316' title='bbox 593 2824 704 2864; x_wconf 90' lang='lat' dir='ltr'><strong>non</strong></span> <span class='ocrx_word' id='word_1_317' title='bbox 735 2822 874 2864; x_wconf 68' lang='lat' dir='ltr'><strong>terea</strong></span> <span class='ocrx_word' id='word_1_318' title='bbox 905 2807 1116 2872; x_wconf 89' lang='lat' dir='ltr'><strong>lorica,</strong></span> <span class='ocrx_word' id='word_1_319' title='bbox 1165 2809 1260 2864; x_wconf 91' lang='lat' dir='ltr'><strong>sed</strong></span> <span class='ocrx_word' id='word_1_320' title='bbox 1309 2809 1515 2864; x_wconf 87' lang='lat' dir='ltr'><strong>virtute</strong></span> <span class='ocrx_word' id='word_1_321' title='bbox 1560 2807 1856 2863; x_wconf 69' lang='lat' dir='ltr'><strong>Dominica:</strong></span> 
     </span>
    </p>
   </div>
   <div class='ocr_carea' id='block_1_45' title="bbox 267 2899 1848 2973">
    <p class='ocr_par' dir='ltr' id='par_1_45' title="bbox 267 2899 1848 2973">
     <span class='ocr_line' id='line_1_45' title="bbox 267 2899 1848 2973; baseline 0.001 -22"><span class='ocrx_word' id='word_1_322' title='bbox 267 2899 455 2955; x_wconf 90' lang='lat' dir='ltr'><strong>crucis</strong></span> <span class='ocrx_word' id='word_1_323' title='bbox 484 2899 725 2971; x_wconf 87' lang='lat' dir='ltr'><strong>undique</strong></span> <span class='ocrx_word' id='word_1_324' title='bbox 755 2904 1026 2958; x_wconf 90' lang='lat' dir='ltr'><strong>munitum</strong></span> <span class='ocrx_word' id='word_1_325' title='bbox 1049 2945 1063 2968; x_wconf 95' lang='lat'><strong>,</strong></span> <span class='ocrx_word' id='word_1_326' title='bbox 1100 2909 1460 2973; x_wconf 88' lang='lat' dir='ltr'><strong>paratumque</strong></span> <span class='ocrx_word' id='word_1_327' title='bbox 1510 2900 1734 2971; x_wconf 91' lang='lat' dir='ltr'><strong>implere</strong></span> <span class='ocrx_word' id='word_1_328' title='bbox 1767 2899 1848 2953; x_wconf 88' lang='lat' dir='ltr'><strong>di-</strong></span> 
     </span>
    </p>
   </div>
   <div class='ocr_carea' id='block_1_46' title="bbox 267 2991 1856 3066">
    <p class='ocr_par' dir='ltr' id='par_1_46' title="bbox 267 2991 1856 3066">
     <span class='ocr_line' id='line_1_46' title="bbox 267 2991 1856 3066; baseline 0 -22"><span class='ocrx_word' id='word_1_329' title='bbox 267 2991 456 3044; x_wconf 86' lang='lat' dir='ltr'><strong>vinum</strong></span> <span class='ocrx_word' id='word_1_330' title='bbox 490 3008 795 3048; x_wconf 75' lang='lat' dir='ltr'><strong>sermonem</strong></span> <span class='ocrx_word' id='word_1_331' title='bbox 831 2995 925 3066; x_wconf 88' lang='lat' dir='ltr'><strong>qui</strong></span> <span class='ocrx_word' id='word_1_332' title='bbox 971 2995 1102 3050; x_wconf 84' lang='lat' dir='ltr'><strong>dicit</strong></span> <span class='ocrx_word' id='word_1_333' title='bbox 1136 3012 1151 3050; x_wconf 86' lang='lat'><strong>:</strong></span> <span class='ocrx_word' id='word_1_334' title='bbox 1189 2993 1371 3047; x_wconf 81' lang='lat' dir='ltr'><strong>Nolite</strong></span> <span class='ocrx_word' id='word_1_335' title='bbox 1417 2993 1599 3047; x_wconf 80' lang='lat' dir='ltr'><strong>timere</strong></span> <span class='ocrx_word' id='word_1_336' title='bbox 1647 3007 1735 3046; x_wconf 79' lang='lat' dir='ltr'><strong>eos</strong></span> <span class='ocrx_word' id='word_1_337' title='bbox 1764 2993 1856 3062; x_wconf 82' lang='lat' dir='ltr'><strong>qui</strong></span> 
     </span>
    </p>
   </div>
   <div class='ocr_carea' id='block_1_47' title="bbox 267 3085 1854 3156">
    <p class='ocr_par' dir='ltr' id='par_1_47' title="bbox 267 3085 1854 3156">
     <span class='ocr_line' id='line_1_47' title="bbox 267 3085 1854 3156; baseline -0.001 -17"><span class='ocrx_word' id='word_1_338' title='bbox 267 3101 460 3155; x_wconf 79' lang='lat' dir='ltr'><strong>corpus</strong></span> <span class='ocrx_word' id='word_1_339' title='bbox 501 3086 766 3152; x_wconf 77' lang='lat' dir='ltr'><strong>occidunt,</strong></span> <span class='ocrx_word' id='word_1_340' title='bbox 825 3090 1060 3143; x_wconf 84' lang='lat' dir='ltr'><strong>animam</strong></span> <span class='ocrx_word' id='word_1_341' title='bbox 1109 3097 1284 3142; x_wconf 85' lang='lat' dir='ltr'><strong>autem</strong></span> <span class='ocrx_word' id='word_1_342' title='bbox 1325 3103 1426 3140; x_wconf 88' lang='lat' dir='ltr'><strong>non</strong></span> <span class='ocrx_word' id='word_1_343' title='bbox 1469 3095 1688 3156; x_wconf 81' lang='lat' dir='ltr'><strong>possunt</strong></span> <span class='ocrx_word' id='word_1_344' title='bbox 1713 3085 1854 3140; x_wconf 78' lang='lat' dir='ltr'><strong>occi-</strong></span> 
     </span>
    </p>
   </div>
   <div class='ocr_carea' id='block_1_48' title="bbox 265 3175 1853 3252">
    <p class='ocr_par' dir='ltr' id='par_1_48' title="bbox 265 3175 1853 3252">
     <span class='ocr_line' id='line_1_48' title="bbox 265 3175 1853 3252; baseline -0.001 -17"><span class='ocrx_word' id='word_1_345' title='bbox 265 3175 432 3245; x_wconf 75' lang='lat' dir='ltr'><strong>dere;</strong></span> <span class='ocrx_word' id='word_1_346' title='bbox 460 3181 549 3236; x_wconf 82' lang='lat' dir='ltr'><strong>sed</strong></span> <span class='ocrx_word' id='word_1_347' title='bbox 573 3184 750 3251; x_wconf 74' lang='lat' dir='ltr'><strong>potius</strong></span> <span class='ocrx_word' id='word_1_348' title='bbox 779 3199 899 3237; x_wconf 88' lang='lat' dir='ltr'><strong>eum</strong></span> <span class='ocrx_word' id='word_1_349' title='bbox 941 3183 1119 3236; x_wconf 81' lang='lat' dir='ltr'><strong>timete</strong></span> <span class='ocrx_word' id='word_1_350' title='bbox 1150 3183 1240 3252; x_wconf 83' lang='lat' dir='ltr'><strong>qui</strong></span> <span class='ocrx_word' id='word_1_351' title='bbox 1266 3189 1436 3251; x_wconf 75' lang='lat' dir='ltr'><strong>potest</strong></span> <span class='ocrx_word' id='word_1_352' title='bbox 1462 3189 1514 3234; x_wconf 88' lang='lat' dir='ltr'><strong>et</strong></span> <span class='ocrx_word' id='word_1_353' title='bbox 1543 3181 1778 3233; x_wconf 80' lang='lat' dir='ltr'><strong>animam</strong></span> <span class='ocrx_word' id='word_1_354' title='bbox 1803 3190 1853 3235; x_wconf 84' lang='lat' dir='ltr'><strong>et</strong></span> 
     </span>
    </p>
   </div>
   <div class='ocr_carea' id='block_1_49' title="bbox 273 3269 1854 3346">
    <p class='ocr_par' dir='ltr' id='par_1_49' title="bbox 273 3269 1854 3346">
     <span class='ocr_line' id='line_1_49' title="bbox 273 3269 1854 3346; baseline 0 -18"><span class='ocrx_word' id='word_1_355' title='bbox 273 3289 460 3343; x_wconf 80' lang='lat' dir='ltr'><strong>:orpus</strong></span> <span class='ocrx_word' id='word_1_356' title='bbox 491 3275 706 3343; x_wconf 84' lang='lat' dir='ltr'><strong>perdere</strong></span> <span class='ocrx_word' id='word_1_357' title='bbox 738 3276 793 3329; x_wconf 82' lang='lat' dir='ltr'><strong>in</strong></span> <span class='ocrx_word' id='word_1_358' title='bbox 823 3275 1133 3346; x_wconf 84' lang='lat' dir='ltr'><strong>gehennam.</strong></span> <span class='ocrx_word' id='word_1_359' title='bbox 1162 3272 1296 3327; x_wconf 80' lang='lat' dir='ltr'><strong>Mira</strong></span> <span class='ocrx_word' id='word_1_360' title='bbox 1331 3273 1451 3328; x_wconf 85' lang='lat' dir='ltr'><strong>res!</strong></span> <span class='ocrx_word' id='word_1_361' title='bbox 1480 3269 1612 3326; x_wconf 90' lang='lat' dir='ltr'><strong>Tam</strong></span> <span class='ocrx_word' id='word_1_362' title='bbox 1641 3273 1854 3328; x_wconf 84' lang='lat' dir='ltr'><strong>validus</strong></span> 
     </span>
    </p>
   </div>
   <div class='ocr_carea' id='block_1_50' title="bbox 267 3360 1849 3437">
    <p class='ocr_par' dir='ltr' id='par_1_50' title="bbox 267 3360 1849 3437">
     <span class='ocr_line' id='line_1_50' title="bbox 267 3360 1849 3437; baseline 0 -19"><span class='ocrx_word' id='word_1_363' title='bbox 267 3360 529 3420; x_wconf 88' lang='lat' dir='ltr'><strong>imbrium</strong></span> <span class='ocrx_word' id='word_1_364' title='bbox 561 3362 722 3424; x_wconf 78' lang='lat' dir='ltr'><strong>turbo</strong></span> <span class='ocrx_word' id='word_1_365' title='bbox 747 3367 1172 3437; x_wconf 87' lang='lat' dir='ltr'><strong>collisionesque</strong></span> <span class='ocrx_word' id='word_1_366' title='bbox 1202 3375 1491 3421; x_wconf 89' lang='lat' dir='ltr'><strong>ventorum</strong></span> <span class='ocrx_word' id='word_1_367' title='bbox 1547 3366 1602 3420; x_wconf 92' lang='lat' dir='ltr'><strong>in</strong></span> <span class='ocrx_word' id='word_1_368' title='bbox 1657 3365 1849 3420; x_wconf 86' lang='lat' dir='ltr'><strong>eadem</strong></span> 
     </span>
    </p>
   </div>
   <div class='ocr_carea' id='block_1_51' title="bbox 266 3457 1853 3530">
    <p class='ocr_par' dir='ltr' id='par_1_51' title="bbox 266 3457 1853 3530">
     <span class='ocr_line' id='line_1_51' title="bbox 266 3457 1853 3530; baseline -0.001 -18"><span class='ocrx_word' id='word_1_369' title='bbox 266 3467 555 3530; x_wconf 83' lang='lat' dir='ltr'><strong>strepuere</strong></span> <span class='ocrx_word' id='word_1_370' title='bbox 603 3466 786 3526; x_wconf 90' lang='lat' dir='ltr'><strong>nocte,</strong></span> <span class='ocrx_word' id='word_1_371' title='bbox 819 3471 882 3514; x_wconf 92' lang='lat' dir='ltr'><strong>ut</strong></span> <span class='ocrx_word' id='word_1_372' title='bbox 923 3472 1083 3514; x_wconf 80' lang='lat' dir='ltr'><strong>nemo</strong></span> <span class='ocrx_word' id='word_1_373' title='bbox 1114 3471 1303 3514; x_wconf 89' lang='lat' dir='ltr'><strong>eorum</strong></span> <span class='ocrx_word' id='word_1_374' title='bbox 1348 3458 1443 3527; x_wconf 89' lang='lat' dir='ltr'><strong>qui</strong></span> <span class='ocrx_word' id='word_1_375' title='bbox 1487 3457 1853 3513; x_wconf 84' lang='lat' dir='ltr'><strong>observabant</strong></span> 
     </span>
    </p>
   </div>
   <div class='ocr_carea' id='block_1_52' title="bbox 264 3549 1847 3622">
    <p class='ocr_par' dir='ltr' id='par_1_52' title="bbox 264 3549 1847 3622">
     <span class='ocr_line' id='line_1_52' title="bbox 264 3549 1847 3622; baseline -0.001 -16"><span class='ocrx_word' id='word_1_376' title='bbox 264 3552 518 3606; x_wconf 84' lang='lat' dir='ltr'><strong>carceris</strong></span> <span class='ocrx_word' id='word_1_377' title='bbox 561 3551 736 3618; x_wconf 88' lang='lat' dir='ltr'><strong>fores,</strong></span> <span class='ocrx_word' id='word_1_378' title='bbox 792 3560 978 3622; x_wconf 86' lang='lat' dir='ltr'><strong>posset</strong></span> <span class='ocrx_word' id='word_1_379' title='bbox 1028 3551 1217 3606; x_wconf 87' lang='lat' dir='ltr'><strong>audire</strong></span> <span class='ocrx_word' id='word_1_380' title='bbox 1274 3549 1564 3607; x_wconf 79' lang='lat' dir='ltr'><strong>eﬁodiendi</strong></span> <span class='ocrx_word' id='word_1_381' title='bbox 1629 3564 1847 3606; x_wconf 90' lang='lat' dir='ltr'><strong>sonum.</strong></span> 
     </span>
    </p>
   </div>
   <div class='ocr_carea' id='block_1_53' title="bbox 264 3643 1850 3718">
    <p class='ocr_par' dir='ltr' id='par_1_53' title="bbox 264 3643 1850 3718">
     <span class='ocr_line' id='line_1_53' title="bbox 264 3643 1850 3718; baseline 0.001 -19"><span class='ocrx_word' id='word_1_382' title='bbox 264 3643 759 3703; x_wconf 74' lang='lat' dir='ltr'><strong>Constantissimus</strong></span> <span class='ocrx_word' id='word_1_383' title='bbox 802 3653 982 3701; x_wconf 91' lang='lat' dir='ltr'><strong>autem</strong></span> <span class='ocrx_word' id='word_1_384' title='bbox 1033 3653 1238 3718; x_wconf 89' lang='lat' dir='ltr'><strong>martyr</strong></span> <span class='ocrx_word' id='word_1_385' title='bbox 1267 3647 1497 3717; x_wconf 86' lang='lat' dir='ltr'><strong>urgebat</strong></span> <span class='ocrx_word' id='word_1_386' title='bbox 1550 3643 1850 3700; x_wconf 87' lang='lat' dir='ltr'><strong>homicidas</strong></span> 
     </span>
    </p>
   </div>
   <div class='ocr_carea' id='block_1_54' title="bbox 263 3735 1848 3809">
    <p class='ocr_par' dir='ltr' id='par_1_54' title="bbox 263 3735 1848 3809">
     <span class='ocr_line' id='line_1_54' title="bbox 263 3735 1848 3809; baseline -0.001 -17"><span class='ocrx_word' id='word_1_387' title='bbox 263 3735 439 3792; x_wconf 91' lang='lat' dir='ltr'><strong>illos:</strong></span> <span class='ocrx_word' id='word_1_388' title='bbox 483 3736 691 3802; x_wconf 84' lang='lat' dir='ltr'><strong>Facite,</strong></span> <span class='ocrx_word' id='word_1_389' title='bbox 746 3739 1020 3808; x_wconf 85' lang='lat' dir='ltr'><strong>inquiens,</strong></span> <span class='ocrx_word' id='word_1_390' title='bbox 1058 3738 1205 3809; x_wconf 90' lang='lat' dir='ltr'><strong>quod</strong></span> <span class='ocrx_word' id='word_1_391' title='bbox 1257 3737 1458 3791; x_wconf 89' lang='lat' dir='ltr'><strong>facturi</strong></span> <span class='ocrx_word' id='word_1_392' title='bbox 1507 3736 1662 3800; x_wconf 90' lang='lat' dir='ltr'><strong>estis,</strong></span> <span class='ocrx_word' id='word_1_393' title='bbox 1697 3736 1848 3806; x_wconf 86' lang='lat' dir='ltr'><strong>prius</strong></span> 
     </span>
    </p>
   </div>
   <div class='ocr_carea' id='block_1_55' title="bbox 261 3831 1491 3904">
    <p class='ocr_par' dir='ltr' id='par_1_55' title="bbox 261 3831 1491 3904">
     <span class='ocr_line' id='line_1_55' title="bbox 261 3831 1491 3904; baseline -0.001 -18"><span class='ocrx_word' id='word_1_394' title='bbox 261 3847 429 3902; x_wconf 89' lang='lat' dir='ltr'><strong>quam</strong></span> <span class='ocrx_word' id='word_1_395' title='bbox 459 3831 564 3887; x_wconf 91' lang='lat' dir='ltr'><strong>hoc</strong></span> <span class='ocrx_word' id='word_1_396' title='bbox 593 3833 832 3888; x_wconf 90' lang='lat' dir='ltr'><strong>sentiant</strong></span> <span class='ocrx_word' id='word_1_397' title='bbox 856 3833 948 3904; x_wconf 93' lang='lat' dir='ltr'><strong>qui</strong></span> <span class='ocrx_word' id='word_1_398' title='bbox 972 3849 1058 3888; x_wconf 92' lang='lat' dir='ltr'><strong>me</strong></span> <span class='ocrx_word' id='word_1_399' title='bbox 1083 3833 1491 3888; x_wconf 87' lang='lat' dir='ltr'><strong>custodiebant.</strong></span> 
     </span>
    </p>
   </div>
   <div class='ocr_carea' id='block_1_56' title="bbox 333 3919 1846 3996">
    <p class='ocr_par' dir='ltr' id='par_1_56' title="bbox 333 3919 1846 3996">
     <span class='ocr_line' id='line_1_56' title="bbox 333 3919 1846 3996; baseline 0.001 -18"><span class='ocrx_word' id='word_1_400' title='bbox 333 3926 404 3978; x_wconf 88' lang='lat' dir='ltr'><strong>At</strong></span> <span class='ocrx_word' id='word_1_401' title='bbox 438 3925 516 3978; x_wconf 89' lang='lat' dir='ltr'><strong>illi</strong></span> <span class='ocrx_word' id='word_1_402' title='bbox 543 3926 798 3981; x_wconf 91' lang='lat' dir='ltr'><strong>tollentes</strong></span> <span class='ocrx_word' id='word_1_403' title='bbox 829 3942 952 3981; x_wconf 90' lang='lat' dir='ltr'><strong>eum</strong></span> <span class='ocrx_word' id='word_1_404' title='bbox 990 3926 1268 3981; x_wconf 86' lang='lat' dir='ltr'><strong>duxerunt</strong></span> <span class='ocrx_word' id='word_1_405' title='bbox 1302 3925 1355 3979; x_wconf 93' lang='lat' dir='ltr'><strong>in</strong></span> <span class='ocrx_word' id='word_1_406' title='bbox 1399 3926 1579 3982; x_wconf 91' lang='lat' dir='ltr'><strong>locum</strong></span> <span class='ocrx_word' id='word_1_407' title='bbox 1611 3925 1706 3996; x_wconf 90' lang='lat' dir='ltr'><strong>qui</strong></span> <span class='ocrx_word' id='word_1_408' title='bbox 1759 3919 1846 3980; x_wconf 83' lang='lat' dir='ltr'><strong>di-</strong></span> 
     </span>
    </p>
   </div>
   <div class='ocr_carea' id='block_1_57' title="bbox 261 4009 1846 4088">
    <p class='ocr_par' dir='ltr' id='par_1_57' title="bbox 261 4009 1846 4088">
     <span class='ocr_line' id='line_1_57' title="bbox 261 4009 1846 4088; baseline 0 -17"><span class='ocrx_word' id='word_1_409' title='bbox 261 4015 408 4072; x_wconf 90' lang='lat' dir='ltr'><strong>citur</strong></span> <span class='ocrx_word' id='word_1_410' title='bbox 440 4014 698 4083; x_wconf 87' lang='lat' dir='ltr'><strong>Bucolia,</strong></span> <span class='ocrx_word' id='word_1_411' title='bbox 732 4017 826 4070; x_wconf 92' lang='lat' dir='ltr'><strong>ubi</strong></span> <span class='ocrx_word' id='word_1_412' title='bbox 879 4025 935 4072; x_wconf 91' lang='lat' dir='ltr'><strong>et</strong></span> <span class='ocrx_word' id='word_1_413' title='bbox 988 4024 1216 4071; x_wconf 89' lang='lat' dir='ltr'><strong>sanctus</strong></span> <span class='ocrx_word' id='word_1_414' title='bbox 1269 4009 1488 4071; x_wconf 79' lang='lat' dir='ltr'><strong>Marcus</strong></span> <span class='ocrx_word' id='word_1_415' title='bbox 1521 4017 1846 4088; x_wconf 82' lang='lat' dir='ltr'><strong>martyrium</strong></span> 
     </span>
    </p>
   </div>
   <div class='ocr_carea' id='block_1_58' title="bbox 259 4106 1839 4179">
    <p class='ocr_par' dir='ltr' id='par_1_58' title="bbox 259 4106 1839 4179">
     <span class='ocr_line' id='line_1_58' title="bbox 259 4106 1839 4179; baseline 0.001 -19"><span class='ocrx_word' id='word_1_416' title='bbox 259 4122 362 4179; x_wconf 89' lang='lat' dir='ltr'><strong>pro</strong></span> <span class='ocrx_word' id='word_1_417' title='bbox 397 4106 618 4163; x_wconf 88' lang='lat' dir='ltr'><strong>Christo</strong></span> <span class='ocrx_word' id='word_1_418' title='bbox 652 4108 914 4179; x_wconf 87' lang='lat' dir='ltr'><strong>suscepit.</strong></span> <span class='ocrx_word' id='word_1_419' title='bbox 939 4107 1220 4179; x_wconf 90' lang='lat' dir='ltr'><strong>Stupenda</strong></span> <span class='ocrx_word' id='word_1_420' title='bbox 1260 4113 1578 4163; x_wconf 86' lang='lat' dir='ltr'><strong>sanctorum</strong></span> <span class='ocrx_word' id='word_1_421' title='bbox 1628 4107 1839 4164; x_wconf 88' lang='lat' dir='ltr'><strong>virtus!</strong></span> 
     </span>
    </p>
   </div>
   <div class='ocr_carea' id='block_1_59' title="bbox 258 4196 1842 4266">
    <p class='ocr_par' dir='ltr' id='par_1_59' title="bbox 258 4196 1842 4266">
     <span class='ocr_line' id='line_1_59' title="bbox 258 4196 1842 4266; baseline -0.003 -10"><span class='ocrx_word' id='word_1_422' title='bbox 258 4197 400 4256; x_wconf 88' lang='lat' dir='ltr'><strong>Cum</strong></span> <span class='ocrx_word' id='word_1_423' title='bbox 450 4215 574 4254; x_wconf 91' lang='lat' dir='ltr'><strong>eum</strong></span> <span class='ocrx_word' id='word_1_424' title='bbox 609 4200 892 4266; x_wconf 88' lang='lat' dir='ltr'><strong>ducerent,</strong></span> <span class='ocrx_word' id='word_1_425' title='bbox 943 4209 998 4257; x_wconf 89' lang='lat' dir='ltr'><strong>et</strong></span> <span class='ocrx_word' id='word_1_426' title='bbox 1041 4209 1248 4256; x_wconf 89' lang='lat' dir='ltr'><strong>tantam</strong></span> <span class='ocrx_word' id='word_1_427' title='bbox 1281 4196 1427 4255; x_wconf 85' lang='lat' dir='ltr'><strong>illius</strong></span> <span class='ocrx_word' id='word_1_428' title='bbox 1479 4198 1842 4254; x_wconf 87' lang='lat' dir='ltr'><strong>constantiam</strong></span> 
     </span>
    </p>
   </div>
   <div class='ocr_carea' id='block_1_60' title="bbox 257 4292 1845 4364">
    <p class='ocr_par' dir='ltr' id='par_1_60' title="bbox 257 4292 1845 4364">
     <span class='ocr_line' id='line_1_60' title="bbox 257 4292 1845 4364; baseline -0.002 -16"><span class='ocrx_word' id='word_1_429' title='bbox 257 4293 410 4348; x_wconf 89' lang='lat' dir='ltr'><strong>circa</strong></span> <span class='ocrx_word' id='word_1_430' title='bbox 451 4293 708 4350; x_wconf 89' lang='lat' dir='ltr'><strong>funereos</strong></span> <span class='ocrx_word' id='word_1_431' title='bbox 735 4309 898 4349; x_wconf 85' lang='lat' dir='ltr'><strong>casus</strong></span> <span class='ocrx_word' id='word_1_432' title='bbox 921 4302 1243 4364; x_wconf 78' lang='lat' dir='ltr'><strong>tantumque</strong></span> <span class='ocrx_word' id='word_1_433' title='bbox 1277 4292 1443 4348; x_wconf 89' lang='lat' dir='ltr'><strong>animi</strong></span> <span class='ocrx_word' id='word_1_434' title='bbox 1467 4292 1636 4346; x_wconf 89' lang='lat' dir='ltr'><strong>robur</strong></span> <span class='ocrx_word' id='word_1_435' title='bbox 1665 4292 1845 4362; x_wconf 69' lang='lat' dir='ltr'><strong>inspio</strong></span> 
     </span>
    </p>
   </div>
   <div class='ocr_carea' id='block_1_61' title="bbox 256 4387 1844 4458">
    <p class='ocr_par' dir='ltr' id='par_1_61' title="bbox 256 4387 1844 4458">
     <span class='ocr_line' id='line_1_61' title="bbox 256 4387 1844 4458; baseline -0.003 -18"><span class='ocrx_word' id='word_1_436' title='bbox 256 4392 489 4449; x_wconf 87' lang='lat' dir='ltr'><strong>eerent,</strong></span> <span class='ocrx_word' id='word_1_437' title='bbox 540 4387 722 4443; x_wconf 91' lang='lat' dir='ltr'><strong>subito</strong></span> <span class='ocrx_word' id='word_1_438' title='bbox 753 4387 1012 4442; x_wconf 89' lang='lat' dir='ltr'><strong>horridus</strong></span> <span class='ocrx_word' id='word_1_439' title='bbox 1043 4403 1212 4458; x_wconf 86' lang='lat' dir='ltr'><strong>pavor</strong></span> <span class='ocrx_word' id='word_1_440' title='bbox 1247 4387 1582 4455; x_wconf 88' lang='lat' dir='ltr'><strong>timidusque</strong></span> <span class='ocrx_word' id='word_1_441' title='bbox 1637 4393 1844 4439; x_wconf 88' lang='lat' dir='ltr'><strong>tremor</strong></span> 
     </span>
    </p>
   </div>
   <div class='ocr_carea' id='block_1_62' title="bbox 1960 1887 3542 1956">
    <p class='ocr_par' dir='ltr' id='par_1_62' title="bbox 1960 1887 3542 1956">
     <span class='ocr_line' id='line_1_62' title="bbox 1960 1887 3542 1956; baseline 0.001 -14"><span class='ocrx_word' id='word_1_442' title='bbox 1960 1889 2090 1942; x_wconf 92' lang='lat' dir='ltr'><strong>dum</strong></span> <span class='ocrx_word' id='word_1_443' title='bbox 2113 1887 2358 1953; x_wconf 92' lang='lat' dir='ltr'><strong>odorem,</strong></span> <span class='ocrx_word' id='word_1_444' title='bbox 2399 1896 2459 1942; x_wconf 91' lang='lat' dir='ltr'><strong>ut</strong></span> <span class='ocrx_word' id='word_1_445' title='bbox 2487 1895 2542 1944; x_wconf 91' lang='lat' dir='ltr'><strong>et</strong></span> <span class='ocrx_word' id='word_1_446' title='bbox 2576 1903 2678 1956; x_wconf 85' lang='lat' dir='ltr'><strong>ego</strong></span> <span class='ocrx_word' id='word_1_447' title='bbox 2710 1889 2946 1943; x_wconf 89' lang='lat' dir='ltr'><strong>hostiam</strong></span> <span class='ocrx_word' id='word_1_448' title='bbox 2980 1889 3085 1944; x_wconf 89' lang='lat' dir='ltr'><strong>mei</strong></span> <span class='ocrx_word' id='word_1_449' title='bbox 3118 1889 3332 1944; x_wconf 89' lang='lat' dir='ltr'><strong>cruoris</strong></span> <span class='ocrx_word' id='word_1_450' title='bbox 3369 1889 3542 1944; x_wconf 87' lang='lat' dir='ltr'><strong>libare</strong></span> 
     </span>
    </p>
   </div>
   <div class='ocr_carea' id='block_1_63' title="bbox 1961 1979 3540 2052">
    <p class='ocr_par' dir='ltr' id='par_1_63' title="bbox 1961 1979 3540 2052">
     <span class='ocr_line' id='line_1_63' title="bbox 1961 1979 3540 2052; baseline 0.003 -19"><span class='ocrx_word' id='word_1_451' title='bbox 1961 1979 2040 2034; x_wconf 91' lang='lat' dir='ltr'><strong>illi</strong></span> <span class='ocrx_word' id='word_1_452' title='bbox 2085 1981 2283 2052; x_wconf 89' lang='lat' dir='ltr'><strong>dignus</strong></span> <span class='ocrx_word' id='word_1_453' title='bbox 2329 1981 2551 2036; x_wconf 87' lang='lat' dir='ltr'><strong>eﬁiciar.</strong></span> <span class='ocrx_word' id='word_1_454' title='bbox 2601 1980 2668 2034; x_wconf 82' lang='lat' dir='ltr'><strong>Et</strong></span> <span class='ocrx_word' id='word_1_455' title='bbox 2720 1980 2848 2052; x_wconf 91' lang='lat' dir='ltr'><strong>quia</strong></span> <span class='ocrx_word' id='word_1_456' title='bbox 2895 1981 3209 2036; x_wconf 90' lang='lat' dir='ltr'><strong>istiusmodi</strong></span> <span class='ocrx_word' id='word_1_457' title='bbox 3260 1982 3540 2037; x_wconf 85' lang='lat' dir='ltr'><strong>libationis</strong></span> 
     </span>
    </p>
   </div>
   <div class='ocr_carea' id='block_1_64' title="bbox 1959 2073 3542 2143">
    <p class='ocr_par' dir='ltr' id='par_1_64' title="bbox 1959 2073 3542 2143">
     <span class='ocr_line' id='line_1_64' title="bbox 1959 2073 3542 2143; baseline 0.002 -17"><span class='ocrx_word' id='word_1_458' title='bbox 1959 2081 2116 2143; x_wconf 78' lang='lat' dir='ltr'><strong>urget</strong></span> <span class='ocrx_word' id='word_1_459' title='bbox 2146 2073 2433 2137; x_wconf 89' lang='lat' dir='ltr'><strong>articulus,</strong></span> <span class='ocrx_word' id='word_1_460' title='bbox 2467 2087 2564 2126; x_wconf 90' lang='lat' dir='ltr'><strong>ora</strong></span> <span class='ocrx_word' id='word_1_461' title='bbox 2619 2087 2717 2142; x_wconf 88' lang='lat' dir='ltr'><strong>pro</strong></span> <span class='ocrx_word' id='word_1_462' title='bbox 2768 2088 2855 2128; x_wconf 92' lang='lat' dir='ltr'><strong>me</strong></span> <span class='ocrx_word' id='word_1_463' title='bbox 2888 2079 2982 2136; x_wconf 90' lang='lat' dir='ltr'><strong>ut,</strong></span> <span class='ocrx_word' id='word_1_464' title='bbox 3016 2073 3200 2128; x_wconf 88' lang='lat' dir='ltr'><strong>divina</strong></span> <span class='ocrx_word' id='word_1_465' title='bbox 3239 2074 3542 2143; x_wconf 86' lang='lat' dir='ltr'><strong>epitulante</strong></span> 
     </span>
    </p>
   </div>
   <div class='ocr_carea' id='block_1_65' title="bbox 1959 2161 3541 2234">
    <p class='ocr_par' dir='ltr' id='par_1_65' title="bbox 1959 2161 3541 2234">
     <span class='ocr_line' id='line_1_65' title="bbox 1959 2161 3541 2234; baseline 0.001 -16"><span class='ocrx_word' id='word_1_466' title='bbox 1959 2163 2183 2228; x_wconf 90' lang='lat' dir='ltr'><strong>virtute,</strong></span> <span class='ocrx_word' id='word_1_467' title='bbox 2205 2163 2440 2219; x_wconf 85' lang='lat' dir='ltr'><strong>stadium</strong></span> <span class='ocrx_word' id='word_1_468' title='bbox 2475 2163 2638 2232; x_wconf 93' lang='lat' dir='ltr'><strong>hujus</strong></span> <span class='ocrx_word' id='word_1_469' title='bbox 2666 2163 2858 2234; x_wconf 89' lang='lat' dir='ltr'><strong>agonis</strong></span> <span class='ocrx_word' id='word_1_470' title='bbox 2888 2161 3053 2217; x_wconf 90' lang='lat' dir='ltr'><strong>corde</strong></span> <span class='ocrx_word' id='word_1_471' title='bbox 3085 2162 3314 2218; x_wconf 89' lang='lat' dir='ltr'><strong>robusto</strong></span> <span class='ocrx_word' id='word_1_472' title='bbox 3347 2177 3411 2217; x_wconf 91' lang='lat' dir='ltr'><strong>ac</strong></span> <span class='ocrx_word' id='word_1_473' title='bbox 3436 2163 3541 2219; x_wconf 86' lang='lat' dir='ltr'><strong>ﬁde</strong></span> 
     </span>
    </p>
   </div>
   <div class='ocr_carea' id='block_1_66' title="bbox 1959 2252 3538 2326">
    <p class='ocr_par' dir='ltr' id='par_1_66' title="bbox 1959 2252 3538 2326">
     <span class='ocr_line' id='line_1_66' title="bbox 1959 2252 3538 2326; baseline -0.003 -17"><span class='ocrx_word' id='word_1_474' title='bbox 1959 2255 2371 2326; x_wconf 85' lang='lat' dir='ltr'><strong>promptissima</strong></span> <span class='ocrx_word' id='word_1_475' title='bbox 2405 2254 2667 2326; x_wconf 89' lang='lat' dir='ltr'><strong>perﬁcere</strong></span> <span class='ocrx_word' id='word_1_476' title='bbox 2712 2268 2943 2308; x_wconf 86' lang='lat' dir='ltr'><strong>merear.</strong></span> <span class='ocrx_word' id='word_1_477' title='bbox 2999 2252 3342 2308; x_wconf 91' lang='lat' dir='ltr'><strong>Commendo</strong></span> <span class='ocrx_word' id='word_1_478' title='bbox 3373 2253 3538 2308; x_wconf 86' lang='lat' dir='ltr'><strong>etiam</strong></span> 
     </span>
    </p>
   </div>
   <div class='ocr_carea' id='block_1_67' title="bbox 1959 2344 3539 2418">
    <p class='ocr_par' dir='ltr' id='par_1_67' title="bbox 1959 2344 3539 2418">
     <span class='ocr_line' id='line_1_67' title="bbox 1959 2344 3539 2418; baseline -0.002 -16"><span class='ocrx_word' id='word_1_479' title='bbox 1959 2356 2066 2402; x_wconf 65' lang='lat' dir='ltr'><strong>tua:</strong></span> <span class='ocrx_word' id='word_1_480' title='bbox 2091 2345 2344 2418; x_wconf 72' lang='lat' dir='ltr'><strong>gloriosae</strong></span> <span class='ocrx_word' id='word_1_481' title='bbox 2395 2345 2709 2416; x_wconf 90' lang='lat' dir='ltr'><strong>paternitati</strong></span> <span class='ocrx_word' id='word_1_482' title='bbox 2735 2344 3126 2400; x_wconf 87' lang='lat' dir='ltr'><strong>Christicolum</strong></span> <span class='ocrx_word' id='word_1_483' title='bbox 3159 2360 3410 2416; x_wconf 87' lang='lat' dir='ltr'><strong>gregem,</strong></span> <span class='ocrx_word' id='word_1_484' title='bbox 3443 2345 3539 2415; x_wconf 85' lang='lat' dir='ltr'><strong>qui</strong></span> 
     </span>
    </p>
   </div>
   <div class='ocr_carea' id='block_1_68' title="bbox 1959 2437 3541 2511">
    <p class='ocr_par' dir='ltr' id='par_1_68' title="bbox 1959 2437 3541 2511">
     <span class='ocr_line' id='line_1_68' title="bbox 1959 2437 3541 2511; baseline -0.002 -16"><span class='ocrx_word' id='word_1_485' title='bbox 1959 2441 2094 2495; x_wconf 89' lang='lat' dir='ltr'><strong>mihi</strong></span> <span class='ocrx_word' id='word_1_486' title='bbox 2145 2438 2406 2511; x_wconf 87' lang='lat' dir='ltr'><strong>pastorali</strong></span> <span class='ocrx_word' id='word_1_487' title='bbox 2448 2438 2715 2509; x_wconf 90' lang='lat' dir='ltr'><strong>regimine</strong></span> <span class='ocrx_word' id='word_1_488' title='bbox 2749 2437 3078 2494; x_wconf 90' lang='lat' dir='ltr'><strong>commissus</strong></span> <span class='ocrx_word' id='word_1_489' title='bbox 3118 2444 3240 2505; x_wconf 89' lang='lat' dir='ltr'><strong>est;</strong></span> <span class='ocrx_word' id='word_1_490' title='bbox 3276 2437 3398 2501; x_wconf 86' lang='lat' dir='ltr'><strong>tibi,</strong></span> <span class='ocrx_word' id='word_1_491' title='bbox 3453 2439 3541 2492; x_wconf 80' lang='lat' dir='ltr'><strong>in-</strong></span> 
     </span>
    </p>
   </div>
   <div class='ocr_carea' id='block_1_69' title="bbox 1959 2530 3537 2604">
    <p class='ocr_par' dir='ltr' id='par_1_69' title="bbox 1959 2530 3537 2604">
     <span class='ocr_line' id='line_1_69' title="bbox 1959 2530 3537 2604; baseline -0.002 -17"><span class='ocrx_word' id='word_1_492' title='bbox 1959 2547 2148 2604; x_wconf 90' lang='lat' dir='ltr'><strong>quam,</strong></span> <span class='ocrx_word' id='word_1_493' title='bbox 2187 2548 2311 2588; x_wconf 88' lang='lat' dir='ltr'><strong>eum</strong></span> <span class='ocrx_word' id='word_1_494' title='bbox 2361 2531 2684 2602; x_wconf 87' lang='lat' dir='ltr'><strong>suppliciter</strong></span> <span class='ocrx_word' id='word_1_495' title='bbox 2733 2530 3086 2597; x_wconf 83' lang='lat' dir='ltr'><strong>commendo,</strong></span> <span class='ocrx_word' id='word_1_496' title='bbox 3139 2531 3234 2601; x_wconf 88' lang='lat' dir='ltr'><strong>qui</strong></span> <span class='ocrx_word' id='word_1_497' title='bbox 3291 2531 3537 2585; x_wconf 89' lang='lat' dir='ltr'><strong>omnium</strong></span> 
     </span>
    </p>
   </div>
   <div class='ocr_carea' id='block_1_70' title="bbox 1958 2623 3539 2698">
    <p class='ocr_par' dir='ltr' id='par_1_70' title="bbox 1958 2623 3539 2698">
     <span class='ocr_line' id='line_1_70' title="bbox 1958 2623 3539 2698; baseline -0.002 -16"><span class='ocrx_word' id='word_1_498' title='bbox 1958 2625 2381 2698; x_wconf 70' lang='lat' dir='ltr'><strong>praecedentium</strong></span> <span class='ocrx_word' id='word_1_499' title='bbox 2428 2641 2494 2680; x_wconf 90' lang='lat' dir='ltr'><strong>ac</strong></span> <span class='ocrx_word' id='word_1_500' title='bbox 2531 2625 2982 2694; x_wconf 89' lang='lat' dir='ltr'><strong>subsequentium</strong></span> <span class='ocrx_word' id='word_1_501' title='bbox 3015 2625 3072 2678; x_wconf 92' lang='lat' dir='ltr'><strong>in</strong></span> <span class='ocrx_word' id='word_1_502' title='bbox 3102 2624 3208 2680; x_wconf 93' lang='lat' dir='ltr'><strong>hoc</strong></span> <span class='ocrx_word' id='word_1_503' title='bbox 3237 2623 3539 2694; x_wconf 88' lang='lat' dir='ltr'><strong>pontiﬁcali</strong></span> 
     </span>
    </p>
   </div>
   <div class='ocr_carea' id='block_1_71' title="bbox 1960 2715 3540 2787">
    <p class='ocr_par' dir='ltr' id='par_1_71' title="bbox 1960 2715 3540 2787">
     <span class='ocr_line' id='line_1_71' title="bbox 1960 2715 3540 2787; baseline 0 -15"><span class='ocrx_word' id='word_1_504' title='bbox 1960 2719 2158 2775; x_wconf 89' lang='lat' dir='ltr'><strong>throno</strong></span> <span class='ocrx_word' id='word_1_505' title='bbox 2191 2726 2387 2774; x_wconf 90' lang='lat' dir='ltr'><strong>auctor</strong></span> <span class='ocrx_word' id='word_1_506' title='bbox 2423 2725 2588 2787; x_wconf 90' lang='lat' dir='ltr'><strong>atque</strong></span> <span class='ocrx_word' id='word_1_507' title='bbox 2634 2723 2784 2772; x_wconf 89' lang='lat' dir='ltr'><strong>tutor</strong></span> <span class='ocrx_word' id='word_1_508' title='bbox 2835 2731 2958 2772; x_wconf 89' lang='lat' dir='ltr'><strong>esse</strong></span> <span class='ocrx_word' id='word_1_509' title='bbox 3008 2715 3292 2786; x_wconf 89' lang='lat' dir='ltr'><strong>probaris,</strong></span> <span class='ocrx_word' id='word_1_510' title='bbox 3331 2716 3540 2786; x_wconf 80' lang='lat' dir='ltr'><strong>quique</strong></span> 
     </span>
    </p>
   </div>
   <div class='ocr_carea' id='block_1_72' title="bbox 1958 2806 3542 2882">
    <p class='ocr_par' dir='ltr' id='par_1_72' title="bbox 1958 2806 3542 2882">
     <span class='ocr_line' id='line_1_72' title="bbox 1958 2806 3542 2882; baseline -0.001 -16"><span class='ocrx_word' id='word_1_511' title='bbox 1958 2811 2122 2881; x_wconf 85' lang='lat' dir='ltr'><strong>hujus</strong></span> <span class='ocrx_word' id='word_1_512' title='bbox 2165 2811 2460 2882; x_wconf 86' lang='lat' dir='ltr'><strong>primatum</strong></span> <span class='ocrx_word' id='word_1_513' title='bbox 2493 2809 2722 2877; x_wconf 87' lang='lat' dir='ltr'><strong>habens,</strong></span> <span class='ocrx_word' id='word_1_514' title='bbox 2776 2823 2886 2864; x_wconf 88' lang='lat' dir='ltr'><strong>non</strong></span> <span class='ocrx_word' id='word_1_515' title='bbox 2937 2807 3198 2872; x_wconf 89' lang='lat' dir='ltr'><strong>hominis,</strong></span> <span class='ocrx_word' id='word_1_516' title='bbox 3233 2807 3327 2864; x_wconf 91' lang='lat' dir='ltr'><strong>sed</strong></span> <span class='ocrx_word' id='word_1_517' title='bbox 3357 2806 3452 2862; x_wconf 88' lang='lat' dir='ltr'><strong>Dei</strong></span> <span class='ocrx_word' id='word_1_518' title='bbox 3484 2813 3542 2864; x_wconf 59' lang='lat' dir='ltr'><strong>et</strong></span> 
     </span>
    </p>
   </div>
   <div class='ocr_carea' id='block_1_73' title="bbox 1957 2899 3540 2966">
    <p class='ocr_par' dir='ltr' id='par_1_73' title="bbox 1957 2899 3540 2966">
     <span class='ocr_line' id='line_1_73' title="bbox 1957 2899 3540 2966; baseline -0.003 -8"><span class='ocrx_word' id='word_1_519' title='bbox 1957 2902 2197 2960; x_wconf 88' lang='lat' dir='ltr'><strong>hominis</strong></span> <span class='ocrx_word' id='word_1_520' title='bbox 2218 2902 2350 2960; x_wconf 85' lang='lat' dir='ltr'><strong>Jesu</strong></span> <span class='ocrx_word' id='word_1_521' title='bbox 2375 2902 2602 2966; x_wconf 90' lang='lat' dir='ltr'><strong>Christi,</strong></span> <span class='ocrx_word' id='word_1_522' title='bbox 2623 2915 2916 2957; x_wconf 88' lang='lat' dir='ltr'><strong>successor</strong></span> <span class='ocrx_word' id='word_1_523' title='bbox 2941 2901 3184 2956; x_wconf 84' lang='lat' dir='ltr'><strong>exsistis.</strong></span> <span class='ocrx_word' id='word_1_524' title='bbox 3211 2899 3277 2954; x_wconf 86' lang='lat' dir='ltr'><strong>Et</strong></span> <span class='ocrx_word' id='word_1_525' title='bbox 3304 2900 3418 2954; x_wconf 60' lang='lat' dir='ltr'><strong>hare</strong></span> <span class='ocrx_word' id='word_1_526' title='bbox 3451 2899 3540 2953; x_wconf 80' lang='lat' dir='ltr'><strong>di—</strong></span> 
     </span>
    </p>
   </div>
   <div class='ocr_carea' id='block_1_74' title="bbox 1956 2994 3538 3066">
    <p class='ocr_par' dir='ltr' id='par_1_74' title="bbox 1956 2994 3538 3066">
     <span class='ocr_line' id='line_1_74' title="bbox 1956 2994 3538 3066; baseline -0.001 -16"><span class='ocrx_word' id='word_1_527' title='bbox 1956 3011 2109 3060; x_wconf 91' lang='lat' dir='ltr'><strong>cens,</strong></span> <span class='ocrx_word' id='word_1_528' title='bbox 2148 2995 2295 3051; x_wconf 90' lang='lat' dir='ltr'><strong>haud</strong></span> <span class='ocrx_word' id='word_1_529' title='bbox 2326 2996 2486 3066; x_wconf 88' lang='lat' dir='ltr'><strong>longe</strong></span> <span class='ocrx_word' id='word_1_530' title='bbox 2530 3009 2562 3049; x_wconf 89' lang='lat' dir='ltr'><strong>a</strong></span> <span class='ocrx_word' id='word_1_531' title='bbox 2609 3009 2769 3050; x_wconf 86' lang='lat' dir='ltr'><strong>sacro</strong></span> <span class='ocrx_word' id='word_1_532' title='bbox 2803 2994 3013 3048; x_wconf 90' lang='lat' dir='ltr'><strong>tumulo</strong></span> <span class='ocrx_word' id='word_1_533' title='bbox 3043 2994 3266 3048; x_wconf 87' lang='lat' dir='ltr'><strong>remotis</strong></span> <span class='ocrx_word' id='word_1_534' title='bbox 3294 2995 3538 3064; x_wconf 83' lang='lat' dir='ltr'><strong>vestigiis</strong></span> 
     </span>
    </p>
   </div>
   <div class='ocr_carea' id='block_1_75' title="bbox 1956 3086 3539 3158">
    <p class='ocr_par' dir='ltr' id='par_1_75' title="bbox 1956 3086 3539 3158">
     <span class='ocr_line' id='line_1_75' title="bbox 1956 3086 3539 3158; baseline -0.001 -18"><span class='ocrx_word' id='word_1_535' title='bbox 1956 3088 2322 3158; x_wconf 74' lang='lat' dir='ltr'><strong>manibusque</strong></span> <span class='ocrx_word' id='word_1_536' title='bbox 2352 3087 2407 3141; x_wconf 90' lang='lat' dir='ltr'><strong>in</strong></span> <span class='ocrx_word' id='word_1_537' title='bbox 2440 3087 2638 3142; x_wconf 75' lang='lat' dir='ltr'><strong>caelum</strong></span> <span class='ocrx_word' id='word_1_538' title='bbox 2667 3086 2934 3149; x_wconf 87' lang='lat' dir='ltr'><strong>extensis,</strong></span> <span class='ocrx_word' id='word_1_539' title='bbox 2960 3101 3093 3141; x_wconf 90' lang='lat' dir='ltr'><strong>voce</strong></span> <span class='ocrx_word' id='word_1_540' title='bbox 3123 3100 3319 3156; x_wconf 88' lang='lat' dir='ltr'><strong>magna</strong></span> <span class='ocrx_word' id='word_1_541' title='bbox 3352 3101 3539 3157; x_wconf 74' lang='lat' dir='ltr'><strong>precs-</strong></span> 
     </span>
    </p>
   </div>
   <div class='ocr_carea' id='block_1_76' title="bbox 1955 3176 3537 3250">
    <p class='ocr_par' dir='ltr' id='par_1_76' title="bbox 1955 3176 3537 3250">
     <span class='ocr_line' id='line_1_76' title="bbox 1955 3176 3537 3250; baseline 0.001 -18"><span class='ocrx_word' id='word_1_542' title='bbox 1955 3186 2044 3234; x_wconf 91' lang='lat' dir='ltr'><strong>tus</strong></span> <span class='ocrx_word' id='word_1_543' title='bbox 2079 3198 2094 3235; x_wconf 89' lang='lat'><strong>:</strong></span> <span class='ocrx_word' id='word_1_544' title='bbox 2131 3178 2440 3250; x_wconf 83' lang='lat' dir='ltr'><strong>Unigenite,</strong></span> <span class='ocrx_word' id='word_1_545' title='bbox 2467 3179 2666 3249; x_wconf 88' lang='lat' dir='ltr'><strong>inquit,</strong></span> <span class='ocrx_word' id='word_1_546' title='bbox 2695 3177 2932 3234; x_wconf 76' lang='lat' dir='ltr'><strong>Verbum</strong></span> <span class='ocrx_word' id='word_1_547' title='bbox 2964 3179 3153 3234; x_wconf 76' lang='lat' dir='ltr'><strong>:eterni</strong></span> <span class='ocrx_word' id='word_1_548' title='bbox 3192 3177 3372 3233; x_wconf 88' lang='lat' dir='ltr'><strong>Patris</strong></span> <span class='ocrx_word' id='word_1_549' title='bbox 3405 3176 3537 3235; x_wconf 78' lang='lat' dir='ltr'><strong>Jesu</strong></span> 
     </span>
    </p>
   </div>
   <div class='ocr_carea' id='block_1_77' title="bbox 1954 3270 3532 3342">
    <p class='ocr_par' dir='ltr' id='par_1_77' title="bbox 1954 3270 3532 3342">
     <span class='ocr_line' id='line_1_77' title="bbox 1954 3270 3532 3342; baseline -0.001 -16"><span class='ocrx_word' id='word_1_550' title='bbox 1954 3270 2193 3336; x_wconf 90' lang='lat' dir='ltr'><strong>Christe,</strong></span> <span class='ocrx_word' id='word_1_551' title='bbox 2209 3272 2405 3327; x_wconf 75' lang='lat' dir='ltr'><strong>exaudi</strong></span> <span class='ocrx_word' id='word_1_552' title='bbox 2426 3280 2677 3327; x_wconf 89' lang='lat' dir='ltr'><strong>metuam</strong></span> <span class='ocrx_word' id='word_1_553' title='bbox 2699 3271 3134 3342; x_wconf 87' lang='lat' dir='ltr'><strong>interpellantem</strong></span> <span class='ocrx_word' id='word_1_554' title='bbox 3154 3270 3532 3337; x_wconf 88' lang='lat' dir='ltr'><strong>clementiam;</strong></span> 
     </span>
    </p>
   </div>
   <div class='ocr_carea' id='block_1_78' title="bbox 1953 3362 3539 3435">
    <p class='ocr_par' dir='ltr' id='par_1_78' title="bbox 1953 3362 3539 3435">
     <span class='ocr_line' id='line_1_78' title="bbox 1953 3362 3539 3435; baseline -0.002 -15"><span class='ocrx_word' id='word_1_555' title='bbox 1953 3365 2203 3435; x_wconf 85' lang='lat' dir='ltr'><strong>pacifica,</strong></span> <span class='ocrx_word' id='word_1_556' title='bbox 2251 3380 2460 3435; x_wconf 82' lang='lat' dir='ltr'><strong>quaeso,</strong></span> <span class='ocrx_word' id='word_1_557' title='bbox 2513 3371 2894 3434; x_wconf 84' lang='lat' dir='ltr'><strong>tempestatem</strong></span> <span class='ocrx_word' id='word_1_558' title='bbox 2945 3362 3205 3419; x_wconf 73' lang='lat' dir='ltr'><strong>Ecclesiae</strong></span> <span class='ocrx_word' id='word_1_559' title='bbox 3239 3375 3364 3427; x_wconf 68' lang='lat' dir='ltr'><strong>tute,</strong></span> <span class='ocrx_word' id='word_1_560' title='bbox 3399 3362 3539 3418; x_wconf 82' lang='lat' dir='ltr'><strong>eﬁu-</strong></span> 
     </span>
    </p>
   </div>
   <div class='ocr_carea' id='block_1_79' title="bbox 1954 3455 3538 3528">
    <p class='ocr_par' dir='ltr' id='par_1_79' title="bbox 1954 3455 3538 3528">
     <span class='ocr_line' id='line_1_79' title="bbox 1954 3455 3538 3528; baseline -0.004 -13"><span class='ocrx_word' id='word_1_561' title='bbox 1954 3459 2109 3515; x_wconf 81' lang='lat' dir='ltr'><strong>sione</strong></span> <span class='ocrx_word' id='word_1_562' title='bbox 2139 3458 2423 3528; x_wconf 88' lang='lat' dir='ltr'><strong>sanguinis</strong></span> <span class='ocrx_word' id='word_1_563' title='bbox 2451 3457 2559 3512; x_wconf 91' lang='lat' dir='ltr'><strong>mei</strong></span> <span class='ocrx_word' id='word_1_564' title='bbox 2589 3457 2732 3512; x_wconf 89' lang='lat' dir='ltr'><strong>servi</strong></span> <span class='ocrx_word' id='word_1_565' title='bbox 2773 3457 2852 3511; x_wconf 92' lang='lat' dir='ltr'><strong>tui</strong></span> <span class='ocrx_word' id='word_1_566' title='bbox 2899 3456 3169 3512; x_wconf 91' lang='lat' dir='ltr'><strong>conclude</strong></span> <span class='ocrx_word' id='word_1_567' title='bbox 3199 3455 3538 3526; x_wconf 85' lang='lat' dir='ltr'><strong>persecutio-</strong></span> 
     </span>
    </p>
   </div>
   <div class='ocr_carea' id='block_1_80' title="bbox 1951 3547 3530 3621">
    <p class='ocr_par' dir='ltr' id='par_1_80' title="bbox 1951 3547 3530 3621">
     <span class='ocr_line' id='line_1_80' title="bbox 1951 3547 3530 3621; baseline -0.003 -16"><span class='ocrx_word' id='word_1_568' title='bbox 1951 3565 2075 3606; x_wconf 90' lang='lat' dir='ltr'><strong>nem</strong></span> <span class='ocrx_word' id='word_1_569' title='bbox 2116 3549 2303 3621; x_wconf 91' lang='lat' dir='ltr'><strong>populi</strong></span> <span class='ocrx_word' id='word_1_570' title='bbox 2353 3549 2456 3603; x_wconf 92' lang='lat' dir='ltr'><strong>tui.</strong></span> <span class='ocrx_word' id='word_1_571' title='bbox 2490 3547 2646 3604; x_wconf 90' lang='lat' dir='ltr'><strong>Tunc</strong></span> <span class='ocrx_word' id='word_1_572' title='bbox 2698 3548 2946 3620; x_wconf 68' lang='lat' dir='ltr'><strong>quaedam</strong></span> <span class='ocrx_word' id='word_1_573' title='bbox 2987 3547 3142 3618; x_wconf 88' lang='lat' dir='ltr'><strong>virgo</strong></span> <span class='ocrx_word' id='word_1_574' title='bbox 3186 3547 3298 3602; x_wconf 89' lang='lat' dir='ltr'><strong>Deo</strong></span> <span class='ocrx_word' id='word_1_575' title='bbox 3329 3548 3530 3612; x_wconf 89' lang='lat' dir='ltr'><strong>dicata,</strong></span> 
     </span>
    </p>
   </div>
   <div class='ocr_carea' id='block_1_81' title="bbox 1949 3641 3533 3713">
    <p class='ocr_par' dir='ltr' id='par_1_81' title="bbox 1949 3641 3533 3713">
     <span class='ocr_line' id='line_1_81' title="bbox 1949 3641 3533 3713; baseline 0.001 -16"><span class='ocrx_word' id='word_1_576' title='bbox 1949 3659 2073 3713; x_wconf 82' lang='lat' dir='ltr'><strong>quae</strong></span> <span class='ocrx_word' id='word_1_577' title='bbox 2143 3643 2525 3699; x_wconf 85' lang='lat' dir='ltr'><strong>asceteriolum</strong></span> <span class='ocrx_word' id='word_1_578' title='bbox 2580 3641 2747 3712; x_wconf 91' lang='lat' dir='ltr'><strong>hujus</strong></span> <span class='ocrx_word' id='word_1_579' title='bbox 2813 3641 3163 3712; x_wconf 81' lang='lat' dir='ltr'><strong>evangelistae</strong></span> <span class='ocrx_word' id='word_1_580' title='bbox 3217 3643 3533 3698; x_wconf 70' lang='lat' dir='ltr'><strong>cmmeterio</strong></span> 
     </span>
    </p>
   </div>
   <div class='ocr_carea' id='block_1_82' title="bbox 1949 3733 3530 3806">
    <p class='ocr_par' dir='ltr' id='par_1_82' title="bbox 1949 3733 3530 3806">
     <span class='ocr_line' id='line_1_82' title="bbox 1949 3733 3530 3806; baseline -0.002 -16"><span class='ocrx_word' id='word_1_581' title='bbox 1949 3737 2352 3792; x_wconf 88' lang='lat' dir='ltr'><strong>conterminum</strong></span> <span class='ocrx_word' id='word_1_582' title='bbox 2388 3734 2646 3799; x_wconf 86' lang='lat' dir='ltr'><strong>habebat,</strong></span> <span class='ocrx_word' id='word_1_583' title='bbox 2691 3741 3021 3806; x_wconf 88' lang='lat' dir='ltr'><strong>pernoctans</strong></span> <span class='ocrx_word' id='word_1_584' title='bbox 3052 3733 3108 3788; x_wconf 92' lang='lat' dir='ltr'><strong>in</strong></span> <span class='ocrx_word' id='word_1_585' title='bbox 3154 3736 3403 3789; x_wconf 89' lang='lat' dir='ltr'><strong>oratione</strong></span> <span class='ocrx_word' id='word_1_586' title='bbox 3427 3749 3530 3788; x_wconf 55' lang='lat' dir='ltr'><strong>aud</strong></span> 
     </span>
    </p>
   </div>
   <div class='ocr_carea' id='block_1_83' title="bbox 1948 3825 3530 3884">
    <p class='ocr_par' dir='ltr' id='par_1_83' title="bbox 1948 3825 3530 3884">
     <span class='ocr_line' id='line_1_83' title="bbox 1948 3825 3530 3884; baseline -0.002 0"><span class='ocrx_word' id='word_1_587' title='bbox 1948 3829 2086 3884; x_wconf 90' lang='lat' dir='ltr'><strong>divit</strong></span> <span class='ocrx_word' id='word_1_588' title='bbox 2138 3844 2324 3884; x_wconf 89' lang='lat' dir='ltr'><strong>vocem</strong></span> <span class='ocrx_word' id='word_1_589' title='bbox 2380 3829 2448 3884; x_wconf 92' lang='lat' dir='ltr'><strong>de</strong></span> <span class='ocrx_word' id='word_1_590' title='bbox 2508 3828 2648 3884; x_wconf 76' lang='lat' dir='ltr'><strong>coelo</strong></span> <span class='ocrx_word' id='word_1_591' title='bbox 2700 3827 2970 3883; x_wconf 90' lang='lat' dir='ltr'><strong>dicentem</strong></span> <span class='ocrx_word' id='word_1_592' title='bbox 3016 3825 3264 3882; x_wconf 88' lang='lat' dir='ltr'><strong>:Petrus</strong></span> <span class='ocrx_word' id='word_1_593' title='bbox 3315 3826 3530 3882; x_wconf 89' lang='lat' dir='ltr'><strong>initium</strong></span> 
     </span>
    </p>
   </div>
   <div class='ocr_carea' id='block_1_84' title="bbox 1948 3921 3530 3994">
    <p class='ocr_par' dir='ltr' id='par_1_84' title="bbox 1948 3921 3530 3994">
     <span class='ocr_line' id='line_1_84' title="bbox 1948 3921 3530 3994; baseline 0 -18"><span class='ocrx_word' id='word_1_594' title='bbox 1948 3922 2345 3994; x_wconf 89' lang='lat' dir='ltr'><strong>apostolorum,</strong></span> <span class='ocrx_word' id='word_1_595' title='bbox 2381 3921 2578 3978; x_wconf 89' lang='lat' dir='ltr'><strong>Petrus</strong></span> <span class='ocrx_word' id='word_1_596' title='bbox 2611 3921 2736 3978; x_wconf 88' lang='lat' dir='ltr'><strong>ﬁnis</strong></span> <span class='ocrx_word' id='word_1_597' title='bbox 2787 3929 3092 3993; x_wconf 86' lang='lat' dir='ltr'><strong>martyrum</strong></span> <span class='ocrx_word' id='word_1_598' title='bbox 3145 3921 3530 3991; x_wconf 87' lang='lat' dir='ltr'><strong>episcoporum</strong></span> 
     </span>
    </p>
   </div>
   <div class='ocr_carea' id='block_1_85' title="bbox 1945 4015 2310 4071">
    <p class='ocr_par' dir='ltr' id='par_1_85' title="bbox 1945 4015 2310 4071">
     <span class='ocr_line' id='line_1_85' title="bbox 1945 4015 2310 4071; baseline 0.008 -3"><span class='ocrx_word' id='word_1_599' title='bbox 1945 4015 2310 4071; x_wconf 60' lang='lat' dir='ltr'><strong>Alexandria}.</strong></span> 
     </span>
    </p>
   </div>
   <div class='ocr_carea' id='block_1_86' title="bbox 2018 4101 3531 4180">
    <p class='ocr_par' dir='ltr' id='par_1_86' title="bbox 2018 4101 3531 4180">
     <span class='ocr_line' id='line_1_86' title="bbox 2018 4101 3531 4180; baseline 0 -16"><span class='ocrx_word' id='word_1_600' title='bbox 2018 4108 2298 4180; x_wconf 87' lang='lat' dir='ltr'><strong>Completa</strong></span> <span class='ocrx_word' id='word_1_601' title='bbox 2357 4110 2609 4166; x_wconf 88' lang='lat' dir='ltr'><strong>oratione</strong></span> <span class='ocrx_word' id='word_1_602' title='bbox 2670 4109 3000 4166; x_wconf 79' lang='lat' dir='ltr'><strong>deoscula&#39;ns</strong></span> <span class='ocrx_word' id='word_1_603' title='bbox 3069 4108 3314 4164; x_wconf 88' lang='lat' dir='ltr'><strong>tumbam</strong></span> <span class='ocrx_word' id='word_1_604' title='bbox 3382 4101 3531 4164; x_wconf 85' lang='lat' dir='ltr'><strong>beati</strong></span> 
     </span>
    </p>
   </div>
   <div class='ocr_carea' id='block_1_87' title="bbox 1944 4201 3532 4274">
    <p class='ocr_par' dir='ltr' id='par_1_87' title="bbox 1944 4201 3532 4274">
     <span class='ocr_line' id='line_1_87' title="bbox 1944 4201 3532 4274; baseline -0.001 -18"><span class='ocrx_word' id='word_1_605' title='bbox 1944 4203 2290 4272; x_wconf 60' lang='lat' dir='ltr'><strong>evangelista:</strong></span> <span class='ocrx_word' id='word_1_606' title='bbox 2317 4209 2371 4257; x_wconf 92' lang='lat' dir='ltr'><strong>et</strong></span> <span class='ocrx_word' id='word_1_607' title='bbox 2403 4203 2740 4272; x_wconf 85' lang='lat' dir='ltr'><strong>reliquorum</strong></span> <span class='ocrx_word' id='word_1_608' title='bbox 2779 4203 3097 4274; x_wconf 82' lang='lat' dir='ltr'><strong>pontificum</strong></span> <span class='ocrx_word' id='word_1_609' title='bbox 3141 4203 3234 4272; x_wconf 93' lang='lat' dir='ltr'><strong>qui</strong></span> <span class='ocrx_word' id='word_1_610' title='bbox 3273 4201 3410 4257; x_wconf 89' lang='lat' dir='ltr'><strong>inibi</strong></span> <span class='ocrx_word' id='word_1_611' title='bbox 3442 4209 3532 4256; x_wconf 63' lang='lat' dir='ltr'><strong>tua</strong></span> 
     </span>
    </p>
   </div>
   <div class='ocr_carea' id='block_1_88' title="bbox 1944 4289 3528 4356">
    <p class='ocr_par' dir='ltr' id='par_1_88' title="bbox 1944 4289 3528 4356">
     <span class='ocr_line' id='line_1_88' title="bbox 1944 4289 3528 4356; baseline 0.001 -14"><span class='ocrx_word' id='word_1_612' title='bbox 1944 4289 2135 4344; x_wconf 80' lang='lat' dir='ltr'><strong>mulati</strong></span> <span class='ocrx_word' id='word_1_613' title='bbox 2161 4300 2339 4356; x_wconf 90' lang='lat' dir='ltr'><strong>erant,</strong></span> <span class='ocrx_word' id='word_1_614' title='bbox 2367 4291 2534 4347; x_wconf 88' lang='lat' dir='ltr'><strong>exivit</strong></span> <span class='ocrx_word' id='word_1_615' title='bbox 2571 4293 2640 4347; x_wconf 89' lang='lat' dir='ltr'><strong>ad</strong></span> <span class='ocrx_word' id='word_1_616' title='bbox 2667 4293 2940 4348; x_wconf 85' lang='lat' dir='ltr'><strong>tribunos.</strong></span> <span class='ocrx_word' id='word_1_617' title='bbox 2975 4293 3044 4346; x_wconf 90' lang='lat' dir='ltr'><strong>At</strong></span> <span class='ocrx_word' id='word_1_618' title='bbox 3068 4293 3144 4347; x_wconf 92' lang='lat' dir='ltr'><strong>illi</strong></span> <span class='ocrx_word' id='word_1_619' title='bbox 3174 4294 3419 4348; x_wconf 85' lang='lat' dir='ltr'><strong>videntes</strong></span> <span class='ocrx_word' id='word_1_620' title='bbox 3447 4291 3528 4345; x_wconf 83' lang='lat' dir='ltr'><strong>fa-</strong></span> 
     </span>
    </p>
   </div>
   <div class='ocr_carea' id='block_1_89' title="bbox 1945 4381 3525 4456">
    <p class='ocr_par' dir='ltr' id='par_1_89' title="bbox 1945 4381 3525 4456">
     <span class='ocr_line' id='line_1_89' title="bbox 1945 4381 3525 4456; baseline 0.003 -21"><span class='ocrx_word' id='word_1_621' title='bbox 1945 4381 2084 4435; x_wconf 90' lang='lat' dir='ltr'><strong>ciem</strong></span> <span class='ocrx_word' id='word_1_622' title='bbox 2109 4383 2230 4453; x_wconf 88' lang='lat' dir='ltr'><strong>ejns</strong></span> <span class='ocrx_word' id='word_1_623' title='bbox 2255 4391 2514 4455; x_wconf 86' lang='lat' dir='ltr'><strong>tanquam</strong></span> <span class='ocrx_word' id='word_1_624' title='bbox 2545 4384 2741 4439; x_wconf 90' lang='lat' dir='ltr'><strong>faciem</strong></span> <span class='ocrx_word' id='word_1_625' title='bbox 2783 4385 2983 4456; x_wconf 83' lang='lat' dir='ltr'><strong>angeli,</strong></span> <span class='ocrx_word' id='word_1_626' title='bbox 3017 4392 3228 4440; x_wconf 89' lang='lat' dir='ltr'><strong>terrore</strong></span> <span class='ocrx_word' id='word_1_627' title='bbox 3262 4384 3525 4455; x_wconf 89' lang='lat' dir='ltr'><strong>perculsi,</strong></span> 
     </span>
    </p>
   </div>
   <div class='ocr_carea' id='block_1_90' title="bbox 254 4473 3529 4546">
    <p class='ocr_par' dir='ltr' id='par_1_90' title="bbox 254 4473 3529 4546">
     <span class='ocr_line' id='line_1_90' title="bbox 254 4473 3529 4546; baseline -0.002 -12"><span class='ocrx_word' id='word_1_628' title='bbox 254 4493 355 4534; x_wconf 82' lang='lat' dir='ltr'><strong>eos</strong></span> <span class='ocrx_word' id='word_1_629' title='bbox 386 4479 587 4533; x_wconf 89' lang='lat' dir='ltr'><strong>invasit</strong></span> <span class='ocrx_word' id='word_1_630' title='bbox 618 4479 674 4532; x_wconf 92' lang='lat' dir='ltr'><strong>in</strong></span> <span class='ocrx_word' id='word_1_631' title='bbox 702 4487 916 4532; x_wconf 88' lang='lat' dir='ltr'><strong>tantum</strong></span> <span class='ocrx_word' id='word_1_632' title='bbox 967 4488 1027 4534; x_wconf 95' lang='lat' dir='ltr'><strong>ut</strong></span> <span class='ocrx_word' id='word_1_633' title='bbox 1069 4479 1254 4534; x_wconf 89' lang='lat' dir='ltr'><strong>nullus</strong></span> <span class='ocrx_word' id='word_1_634' title='bbox 1307 4494 1374 4532; x_wconf 84' lang='lat' dir='ltr'><strong>ex</strong></span> <span class='ocrx_word' id='word_1_635' title='bbox 1417 4478 1498 4533; x_wconf 91' lang='lat' dir='ltr'><strong>eis</strong></span> <span class='ocrx_word' id='word_1_636' title='bbox 1552 4477 1606 4530; x_wconf 92' lang='lat' dir='ltr'><strong>in</strong></span> <span class='ocrx_word' id='word_1_637' title='bbox 1644 4475 1836 4530; x_wconf 90' lang='lat' dir='ltr'><strong>faciem</strong></span> <span class='ocrx_word' id='word_1_638' title='bbox 1869 4481 1915 4535; x_wconf 86' lang='lat' dir='ltr'><strong>D</strong></span> <span class='ocrx_word' id='word_1_639' title='bbox 1945 4473 2277 4528; x_wconf 81' lang='lat' dir='ltr'><strong>verebantur</strong></span> <span class='ocrx_word' id='word_1_640' title='bbox 2321 4475 2370 4529; x_wconf 89' lang='lat' dir='ltr'><strong>ei</strong></span> <span class='ocrx_word' id='word_1_641' title='bbox 2403 4475 2606 4542; x_wconf 86' lang='lat' dir='ltr'><strong>aliquid</strong></span> <span class='ocrx_word' id='word_1_642' title='bbox 2641 4476 2709 4531; x_wconf 88' lang='lat' dir='ltr'><strong>de</strong></span> <span class='ocrx_word' id='word_1_643' title='bbox 2743 4476 2970 4532; x_wconf 87' lang='lat' dir='ltr'><strong>instanti</strong></span> <span class='ocrx_word' id='word_1_644' title='bbox 3011 4491 3186 4546; x_wconf 86' lang='lat' dir='ltr'><strong>agone</strong></span> <span class='ocrx_word' id='word_1_645' title='bbox 3219 4476 3389 4546; x_wconf 89' lang='lat' dir='ltr'><strong>loqui.</strong></span> <span class='ocrx_word' id='word_1_646' title='bbox 3428 4475 3529 4530; x_wconf 72' lang='lat' dir='ltr'><strong>Ve—</strong></span> 
     </span>
    </p>
   </div>
   <div class='ocr_carea' id='block_1_91' title="bbox 255 4569 1839 4642">
    <p class='ocr_par' dir='ltr' id='par_1_91' title="bbox 255 4569 1839 4642">
     <span class='ocr_line' id='line_1_91' title="bbox 255 4569 1839 4642; baseline -0.004 -16"><span class='ocrx_word' id='word_1_647' title='bbox 255 4571 379 4640; x_wconf 89' lang='lat' dir='ltr'><strong>ejus</strong></span> <span class='ocrx_word' id='word_1_648' title='bbox 427 4570 712 4626; x_wconf 90' lang='lat' dir='ltr'><strong>intendere</strong></span> <span class='ocrx_word' id='word_1_649' title='bbox 753 4571 1004 4626; x_wconf 89' lang='lat' dir='ltr'><strong>auderet.</strong></span> <span class='ocrx_word' id='word_1_650' title='bbox 1043 4569 1292 4642; x_wconf 83' lang='lat' dir='ltr'><strong>Rogabat</strong></span> <span class='ocrx_word' id='word_1_651' title='bbox 1340 4577 1601 4640; x_wconf 70' lang='lat' dir='ltr'><strong>praeterea</strong></span> <span class='ocrx_word' id='word_1_652' title='bbox 1632 4575 1839 4636; x_wconf 89' lang='lat' dir='ltr'><strong>martyr</strong></span> 
     </span>
    </p>
   </div>
   <div class='ocr_carea' id='block_1_92' title="bbox 255 4659 1840 4718">
    <p class='ocr_par' dir='ltr' id='par_1_92' title="bbox 255 4659 1840 4718">
     <span class='ocr_line' id='line_1_92' title="bbox 255 4659 1840 4718; baseline -0.002 -1"><span class='ocrx_word' id='word_1_653' title='bbox 255 4660 610 4717; x_wconf 80' lang='lat' dir='ltr'><strong>beatissimus</strong></span> <span class='ocrx_word' id='word_1_654' title='bbox 641 4669 702 4716; x_wconf 92' lang='lat' dir='ltr'><strong>ut</strong></span> <span class='ocrx_word' id='word_1_655' title='bbox 737 4662 982 4718; x_wconf 92' lang='lat' dir='ltr'><strong>sinerent</strong></span> <span class='ocrx_word' id='word_1_656' title='bbox 1012 4677 1135 4717; x_wconf 90' lang='lat' dir='ltr'><strong>eum</strong></span> <span class='ocrx_word' id='word_1_657' title='bbox 1165 4659 1232 4715; x_wconf 85' lang='lat' dir='ltr'><strong>ad</strong></span> <span class='ocrx_word' id='word_1_658' title='bbox 1267 4660 1443 4715; x_wconf 89' lang='lat' dir='ltr'><strong>sancti</strong></span> <span class='ocrx_word' id='word_1_659' title='bbox 1468 4659 1633 4714; x_wconf 84' lang='lat' dir='ltr'><strong>Marci</strong></span> <span class='ocrx_word' id='word_1_660' title='bbox 1673 4673 1840 4716; x_wconf 83' lang='lat' dir='ltr'><strong>evan-</strong></span> 
     </span>
    </p>
   </div>
   <div class='ocr_carea' id='block_1_93' title="bbox 255 4751 1840 4826">
    <p class='ocr_par' dir='ltr' id='par_1_93' title="bbox 255 4751 1840 4826">
     <span class='ocr_line' id='line_1_93' title="bbox 255 4751 1840 4826; baseline -0.004 -16"><span class='ocrx_word' id='word_1_661' title='bbox 255 4755 466 4826; x_wconf 75' lang='lat' dir='ltr'><strong>gelis‘tae</strong></span> <span class='ocrx_word' id='word_1_662' title='bbox 495 4754 813 4810; x_wconf 91' lang='lat' dir='ltr'><strong>memoriam</strong></span> <span class='ocrx_word' id='word_1_663' title='bbox 859 4754 970 4820; x_wconf 87' lang='lat' dir='ltr'><strong>ire;</strong></span> <span class='ocrx_word' id='word_1_664' title='bbox 1004 4753 1257 4824; x_wconf 90' lang='lat' dir='ltr'><strong>cupiebat</strong></span> <span class='ocrx_word' id='word_1_665' title='bbox 1299 4751 1444 4808; x_wconf 92' lang='lat' dir='ltr'><strong>enim</strong></span> <span class='ocrx_word' id='word_1_666' title='bbox 1479 4751 1599 4820; x_wconf 90' lang='lat' dir='ltr'><strong>ejus</strong></span> <span class='ocrx_word' id='word_1_667' title='bbox 1630 4766 1689 4806; x_wconf 92' lang='lat' dir='ltr'><strong>se</strong></span> <span class='ocrx_word' id='word_1_668' title='bbox 1741 4766 1840 4822; x_wconf 87' lang='lat' dir='ltr'><strong>pa-</strong></span> 
     </span>
    </p>
   </div>
   <div class='ocr_carea' id='block_1_94' title="bbox 251 4841 1839 4914">
    <p class='ocr_par' dir='ltr' id='par_1_94' title="bbox 251 4841 1839 4914">
     <span class='ocr_line' id='line_1_94' title="bbox 251 4841 1839 4914; baseline -0.002 -14"><span class='ocrx_word' id='word_1_669' title='bbox 251 4847 504 4902; x_wconf 86' lang='lat' dir='ltr'><strong>trociniis</strong></span> <span class='ocrx_word' id='word_1_670' title='bbox 547 4845 954 4903; x_wconf 89' lang='lat' dir='ltr'><strong>commendare.</strong></span> <span class='ocrx_word' id='word_1_671' title='bbox 1005 4844 1076 4899; x_wconf 88' lang='lat' dir='ltr'><strong>At</strong></span> <span class='ocrx_word' id='word_1_672' title='bbox 1112 4844 1191 4899; x_wconf 92' lang='lat' dir='ltr'><strong>illi</strong></span> <span class='ocrx_word' id='word_1_673' title='bbox 1222 4860 1335 4914; x_wconf 71' lang='lat' dir='ltr'><strong>prae</strong></span> <span class='ocrx_word' id='word_1_674' title='bbox 1377 4843 1606 4914; x_wconf 89' lang='lat' dir='ltr'><strong>pudoris</strong></span> <span class='ocrx_word' id='word_1_675' title='bbox 1645 4841 1839 4898; x_wconf 88' lang='lat' dir='ltr'><strong>confu-</strong></span> 
     </span>
    </p>
   </div>
   <div class='ocr_carea' id='block_1_95' title="bbox 252 4931 1833 5008">
    <p class='ocr_par' dir='ltr' id='par_1_95' title="bbox 252 4931 1833 5008">
     <span class='ocr_line' id='line_1_95' title="bbox 252 4931 1833 5008; baseline -0.004 -13"><span class='ocrx_word' id='word_1_676' title='bbox 252 4941 410 4995; x_wconf 87' lang='lat' dir='ltr'><strong>sione</strong></span> <span class='ocrx_word' id='word_1_677' title='bbox 435 4946 635 4994; x_wconf 90' lang='lat' dir='ltr'><strong>terram</strong></span> <span class='ocrx_word' id='word_1_678' title='bbox 663 4938 1072 5008; x_wconf 86' lang='lat' dir='ltr'><strong>despectantes,</strong></span> <span class='ocrx_word' id='word_1_679' title='bbox 1099 4931 1311 4998; x_wconf 86' lang='lat' dir='ltr'><strong>Facito,</strong></span> <span class='ocrx_word' id='word_1_680' title='bbox 1358 4934 1634 5004; x_wconf 90' lang='lat' dir='ltr'><strong>inquiunt,</strong></span> <span class='ocrx_word' id='word_1_681' title='bbox 1687 4934 1833 5005; x_wconf 90' lang='lat' dir='ltr'><strong>quod</strong></span> 
     </span>
    </p>
   </div>
   <div class='ocr_carea' id='block_1_96' title="bbox 251 5027 1836 5097">
    <p class='ocr_par' dir='ltr' id='par_1_96' title="bbox 251 5027 1836 5097">
     <span class='ocr_line' id='line_1_96' title="bbox 251 5027 1836 5097; baseline -0.001 -14"><span class='ocrx_word' id='word_1_682' title='bbox 251 5031 356 5096; x_wconf 89' lang='lat' dir='ltr'><strong>vis,</strong></span> <span class='ocrx_word' id='word_1_683' title='bbox 391 5039 603 5086; x_wconf 89' lang='lat' dir='ltr'><strong>tantum</strong></span> <span class='ocrx_word' id='word_1_684' title='bbox 634 5030 900 5086; x_wconf 84' lang='lat' dir='ltr'><strong>velocius.</strong></span> <span class='ocrx_word' id='word_1_685' title='bbox 951 5028 1238 5084; x_wconf 82' lang='lat' dir='ltr'><strong>Accedens</strong></span> <span class='ocrx_word' id='word_1_686' title='bbox 1289 5029 1472 5096; x_wconf 86' lang='lat' dir='ltr'><strong>itaque</strong></span> <span class='ocrx_word' id='word_1_687' title='bbox 1513 5027 1836 5097; x_wconf 82' lang='lat' dir='ltr'><strong>complexus</strong></span> 
     </span>
    </p>
   </div>
   <div class='ocr_carea' id='block_1_97' title="bbox 247 5117 1838 5193">
    <p class='ocr_par' dir='ltr' id='par_1_97' title="bbox 247 5117 1838 5193">
     <span class='ocr_line' id='line_1_97' title="bbox 247 5117 1838 5193; baseline -0.005 -14"><span class='ocrx_word' id='word_1_688' title='bbox 247 5132 337 5179; x_wconf 85' lang='lat' dir='ltr'><strong>est</strong></span> <span class='ocrx_word' id='word_1_689' title='bbox 360 5121 796 5178; x_wconf 73' lang='lat' dir='ltr'><strong>sacratissimum</strong></span> <span class='ocrx_word' id='word_1_690' title='bbox 832 5120 1183 5193; x_wconf 71' lang='lat' dir='ltr'><strong>evangelista:</strong></span> <span class='ocrx_word' id='word_1_691' title='bbox 1208 5120 1610 5183; x_wconf 75' lang='lat' dir='ltr'><strong>ccemeterium,</strong></span> <span class='ocrx_word' id='word_1_692' title='bbox 1643 5123 1697 5174; x_wconf 92' lang='lat' dir='ltr'><strong>et</strong></span> <span class='ocrx_word' id='word_1_693' title='bbox 1723 5117 1838 5174; x_wconf 80' lang='lat' dir='ltr'><strong>vel-</strong></span> 
     </span>
    </p>
   </div>
   <div class='ocr_carea' id='block_1_98' title="bbox 249 5211 1836 5286">
    <p class='ocr_par' dir='ltr' id='par_1_98' title="bbox 249 5211 1836 5286">
     <span class='ocr_line' id='line_1_98' title="bbox 249 5211 1836 5286; baseline -0.004 -15"><span class='ocrx_word' id='word_1_694' title='bbox 249 5220 326 5272; x_wconf 91' lang='lat' dir='ltr'><strong>uti</strong></span> <span class='ocrx_word' id='word_1_695' title='bbox 379 5217 436 5272; x_wconf 93' lang='lat' dir='ltr'><strong>in</strong></span> <span class='ocrx_word' id='word_1_696' title='bbox 477 5231 646 5272; x_wconf 89' lang='lat' dir='ltr'><strong>carne</strong></span> <span class='ocrx_word' id='word_1_697' title='bbox 682 5215 886 5271; x_wconf 85' lang='lat' dir='ltr'><strong>viventi</strong></span> <span class='ocrx_word' id='word_1_698' title='bbox 922 5223 1087 5286; x_wconf 91' lang='lat' dir='ltr'><strong>atque</strong></span> <span class='ocrx_word' id='word_1_699' title='bbox 1140 5213 1384 5270; x_wconf 89' lang='lat' dir='ltr'><strong>audienti</strong></span> <span class='ocrx_word' id='word_1_700' title='bbox 1430 5214 1694 5283; x_wconf 91' lang='lat' dir='ltr'><strong>loquens,</strong></span> <span class='ocrx_word' id='word_1_701' title='bbox 1729 5211 1836 5265; x_wconf 91' lang='lat' dir='ltr'><strong>hoc</strong></span> 
     </span>
    </p>
   </div>
   <div class='ocr_carea' id='block_1_99' title="bbox 246 5305 1835 5376">
    <p class='ocr_par' dir='ltr' id='par_1_99' title="bbox 246 5305 1835 5376">
     <span class='ocr_line' id='line_1_99' title="bbox 246 5305 1835 5376; baseline -0.003 -14"><span class='ocrx_word' id='word_1_702' title='bbox 246 5308 413 5363; x_wconf 85' lang='lat' dir='ltr'><strong>modo</strong></span> <span class='ocrx_word' id='word_1_703' title='bbox 447 5305 776 5376; x_wconf 88' lang='lat' dir='ltr'><strong>precabatur</strong></span> <span class='ocrx_word' id='word_1_704' title='bbox 808 5324 821 5360; x_wconf 90' lang='lat'>:</span> <span class='ocrx_word' id='word_1_705' title='bbox 859 5305 1021 5361; x_wconf 88' lang='lat' dir='ltr'><strong>Pater</strong></span> <span class='ocrx_word' id='word_1_706' title='bbox 1052 5305 1463 5366; x_wconf 87' lang='lat' dir='ltr'><strong>honestissime,</strong></span> <span class='ocrx_word' id='word_1_707' title='bbox 1515 5311 1570 5358; x_wconf 95' lang='lat' dir='ltr'><strong>tu</strong></span> <span class='ocrx_word' id='word_1_708' title='bbox 1599 5318 1835 5372; x_wconf 66' lang='lat' dir='ltr'><strong>evange«</strong></span> 
     </span>
    </p>
   </div>
   <div class='ocr_carea' id='block_1_100' title="bbox 247 5394 1832 5470">
    <p class='ocr_par' dir='ltr' id='par_1_100' title="bbox 247 5394 1832 5470">
     <span class='ocr_line' id='line_1_100' title="bbox 247 5394 1832 5470; baseline -0.004 -16"><span class='ocrx_word' id='word_1_709' title='bbox 247 5400 372 5454; x_wconf 71' lang='lat' dir='ltr'><strong>lists</strong></span> <span class='ocrx_word' id='word_1_710' title='bbox 394 5398 659 5470; x_wconf 89' lang='lat' dir='ltr'><strong>unigeniti</strong></span> <span class='ocrx_word' id='word_1_711' title='bbox 685 5395 1006 5464; x_wconf 87' lang='lat' dir='ltr'><strong>Salvatoris,</strong></span> <span class='ocrx_word' id='word_1_712' title='bbox 1037 5407 1096 5452; x_wconf 89' lang='lat' dir='ltr'><strong>tu</strong></span> <span class='ocrx_word' id='word_1_713' title='bbox 1122 5399 1281 5454; x_wconf 90' lang='lat' dir='ltr'><strong>testis</strong></span> <span class='ocrx_word' id='word_1_714' title='bbox 1313 5396 1631 5468; x_wconf 90' lang='lat' dir='ltr'><strong>passionum</strong></span> <span class='ocrx_word' id='word_1_715' title='bbox 1663 5394 1832 5459; x_wconf 89' lang='lat' dir='ltr'><strong>illius,</strong></span> 
     </span>
    </p>
   </div>
   <div class='ocr_carea' id='block_1_101' title="bbox 247 5483 1836 5561">
    <p class='ocr_par' dir='ltr' id='par_1_101' title="bbox 247 5483 1836 5561">
     <span class='ocr_line' id='line_1_101' title="bbox 247 5483 1836 5561; baseline -0.003 -17"><span class='ocrx_word' id='word_1_716' title='bbox 247 5500 299 5546; x_wconf 92' lang='lat' dir='ltr'><strong>te</strong></span> <span class='ocrx_word' id='word_1_717' title='bbox 345 5490 586 5561; x_wconf 88' lang='lat' dir='ltr'><strong>primum</strong></span> <span class='ocrx_word' id='word_1_718' title='bbox 641 5488 954 5561; x_wconf 85' lang='lat' dir='ltr'><strong>pontiﬁcem</strong></span> <span class='ocrx_word' id='word_1_719' title='bbox 1004 5497 1060 5545; x_wconf 92' lang='lat' dir='ltr'><strong>et</strong></span> <span class='ocrx_word' id='word_1_720' title='bbox 1117 5489 1518 5544; x_wconf 86' lang='lat' dir='ltr'><strong>ﬁrmamentum</strong></span> <span class='ocrx_word' id='word_1_721' title='bbox 1561 5483 1836 5542; x_wconf 66' lang='lat' dir='ltr'><strong>cathedrae</strong></span> 
     </span>
    </p>
   </div>
   <div class='ocr_carea' id='block_1_102' title="bbox 1944 4564 3524 4638">
    <p class='ocr_par' dir='ltr' id='par_1_102' title="bbox 1944 4564 3524 4638">
     <span class='ocr_line' id='line_1_102' title="bbox 1944 4564 3524 4638; baseline 0.002 -21"><span class='ocrx_word' id='word_1_722' title='bbox 1944 4571 2252 4621; x_wconf 85' lang='lat' dir='ltr'><strong>rumtamen</strong></span> <span class='ocrx_word' id='word_1_723' title='bbox 2275 4566 2404 4636; x_wconf 89' lang='lat' dir='ltr'><strong>quia</strong></span> <span class='ocrx_word' id='word_1_724' title='bbox 2433 4564 2576 4622; x_wconf 91' lang='lat' dir='ltr'><strong>Deus</strong></span> <span class='ocrx_word' id='word_1_725' title='bbox 2619 4584 2727 4622; x_wconf 93' lang='lat' dir='ltr'><strong>non</strong></span> <span class='ocrx_word' id='word_1_726' title='bbox 2779 4569 2986 4624; x_wconf 78' lang='lat' dir='ltr'><strong>deserit</strong></span> <span class='ocrx_word' id='word_1_727' title='bbox 3034 4575 3320 4638; x_wconf 85' lang='lat' dir='ltr'><strong>sperantes</strong></span> <span class='ocrx_word' id='word_1_728' title='bbox 3355 4569 3409 4621; x_wconf 90' lang='lat' dir='ltr'><strong>in</strong></span> <span class='ocrx_word' id='word_1_729' title='bbox 3443 4584 3524 4631; x_wconf 86' lang='lat' dir='ltr'><strong>se,</strong></span> 
     </span>
    </p>
   </div>
   <div class='ocr_carea' id='block_1_103' title="bbox 1943 4655 3526 4728">
    <p class='ocr_par' dir='ltr' id='par_1_103' title="bbox 1943 4655 3526 4728">
     <span class='ocr_line' id='line_1_103' title="bbox 1943 4655 3526 4728; baseline 0.002 -21"><span class='ocrx_word' id='word_1_730' title='bbox 1943 4655 2121 4709; x_wconf 86' lang='lat' dir='ltr'><strong>noluit</strong></span> <span class='ocrx_word' id='word_1_731' title='bbox 2158 4665 2453 4728; x_wconf 86' lang='lat' dir='ltr'><strong>martyrem</strong></span> <span class='ocrx_word' id='word_1_732' title='bbox 2484 4675 2644 4714; x_wconf 89' lang='lat' dir='ltr'><strong>suum</strong></span> <span class='ocrx_word' id='word_1_733' title='bbox 2675 4659 2730 4713; x_wconf 92' lang='lat' dir='ltr'><strong>in</strong></span> <span class='ocrx_word' id='word_1_734' title='bbox 2760 4660 2995 4714; x_wconf 86' lang='lat' dir='ltr'><strong>articulo</strong></span> <span class='ocrx_word' id='word_1_735' title='bbox 3025 4661 3162 4713; x_wconf 87' lang='lat' dir='ltr'><strong>tanti</strong></span> <span class='ocrx_word' id='word_1_736' title='bbox 3186 4657 3526 4713; x_wconf 88' lang='lat' dir='ltr'><strong>discriminis</strong></span> 
     </span>
    </p>
   </div>
   <div class='ocr_carea' id='block_1_104' title="bbox 1944 4747 3526 4822">
    <p class='ocr_par' dir='ltr' id='par_1_104' title="bbox 1944 4747 3526 4822">
     <span class='ocr_line' id='line_1_104' title="bbox 1944 4747 3526 4822; baseline 0.003 -21"><span class='ocrx_word' id='word_1_737' title='bbox 1944 4747 2151 4818; x_wconf 89' lang='lat' dir='ltr'><strong>absque</strong></span> <span class='ocrx_word' id='word_1_738' title='bbox 2186 4749 2384 4804; x_wconf 88' lang='lat' dir='ltr'><strong>solatio</strong></span> <span class='ocrx_word' id='word_1_739' title='bbox 2429 4751 2758 4822; x_wconf 84' lang='lat' dir='ltr'><strong>relinquere.</strong></span> <span class='ocrx_word' id='word_1_740' title='bbox 2790 4752 2932 4808; x_wconf 86' lang='lat' dir='ltr'><strong>Ecce</strong></span> <span class='ocrx_word' id='word_1_741' title='bbox 2983 4752 3205 4822; x_wconf 90' lang='lat' dir='ltr'><strong>quidam</strong></span> <span class='ocrx_word' id='word_1_742' title='bbox 3261 4766 3428 4806; x_wconf 88' lang='lat' dir='ltr'><strong>senex</strong></span> <span class='ocrx_word' id='word_1_743' title='bbox 3469 4757 3526 4806; x_wconf 90' lang='lat' dir='ltr'><strong>et</strong></span> 
     </span>
    </p>
   </div>
   <div class='ocr_carea' id='block_1_105' title="bbox 1943 4839 3528 4915">
    <p class='ocr_par' dir='ltr' id='par_1_105' title="bbox 1943 4839 3528 4915">
     <span class='ocr_line' id='line_1_105' title="bbox 1943 4839 3528 4915; baseline 0.003 -21"><span class='ocrx_word' id='word_1_744' title='bbox 1943 4839 2192 4911; x_wconf 64' lang='lat' dir='ltr'><strong>quaedam</strong></span> <span class='ocrx_word' id='word_1_745' title='bbox 2225 4842 2379 4912; x_wconf 83' lang='lat' dir='ltr'><strong>virgo</strong></span> <span class='ocrx_word' id='word_1_746' title='bbox 2417 4844 2595 4898; x_wconf 86' lang='lat' dir='ltr'><strong>vetula</strong></span> <span class='ocrx_word' id='word_1_747' title='bbox 2628 4844 2909 4900; x_wconf 90' lang='lat' dir='ltr'><strong>venientes</strong></span> <span class='ocrx_word' id='word_1_748' title='bbox 2947 4859 3018 4900; x_wconf 84' lang='lat' dir='ltr'><strong>ex</strong></span> <span class='ocrx_word' id='word_1_749' title='bbox 3067 4843 3285 4915; x_wconf 90' lang='lat' dir='ltr'><strong>oppidis</strong></span> <span class='ocrx_word' id='word_1_750' title='bbox 3317 4853 3528 4914; x_wconf 76' lang='lat' dir='ltr'><strong>prope—</strong></span> 
     </span>
    </p>
   </div>
   <div class='ocr_carea' id='block_1_106' title="bbox 1944 4933 3527 5008">
    <p class='ocr_par' dir='ltr' id='par_1_106' title="bbox 1944 4933 3527 5008">
     <span class='ocr_line' id='line_1_106' title="bbox 1944 4933 3527 5008; baseline 0.003 -20"><span class='ocrx_word' id='word_1_751' title='bbox 1944 4935 2138 4989; x_wconf 88' lang='lat' dir='ltr'><strong>rabant</strong></span> <span class='ocrx_word' id='word_1_752' title='bbox 2164 4933 2220 4990; x_wconf 89' lang='lat' dir='ltr'><strong>in</strong></span> <span class='ocrx_word' id='word_1_753' title='bbox 2253 4936 2551 5000; x_wconf 84' lang='lat' dir='ltr'><strong>civitatem,</strong></span> <span class='ocrx_word' id='word_1_754' title='bbox 2588 4953 2819 5007; x_wconf 89' lang='lat' dir='ltr'><strong>quorum</strong></span> <span class='ocrx_word' id='word_1_755' title='bbox 2864 4953 3006 4993; x_wconf 88' lang='lat' dir='ltr'><strong>unus</strong></span> <span class='ocrx_word' id='word_1_756' title='bbox 3035 4945 3272 5008; x_wconf 87' lang='lat' dir='ltr'><strong>quatuor</strong></span> <span class='ocrx_word' id='word_1_757' title='bbox 3303 4933 3527 4992; x_wconf 83' lang='lat' dir='ltr'><strong>venali-</strong></span> 
     </span>
    </p>
   </div>
   <div class='ocr_carea' id='block_1_107' title="bbox 1943 5023 3529 5100">
    <p class='ocr_par' dir='ltr' id='par_1_107' title="bbox 1943 5023 3529 5100">
     <span class='ocr_line' id='line_1_107' title="bbox 1943 5023 3529 5100; baseline 0.004 -20"><span class='ocrx_word' id='word_1_758' title='bbox 1943 5025 2060 5080; x_wconf 90' lang='lat' dir='ltr'><strong>cias</strong></span> <span class='ocrx_word' id='word_1_759' title='bbox 2091 5023 2370 5084; x_wconf 87' lang='lat' dir='ltr'><strong>deferebat</strong></span> <span class='ocrx_word' id='word_1_760' title='bbox 2405 5030 2596 5098; x_wconf 90' lang='lat' dir='ltr'><strong>pelles,</strong></span> <span class='ocrx_word' id='word_1_761' title='bbox 2649 5027 2818 5084; x_wconf 89' lang='lat' dir='ltr'><strong>altera</strong></span> <span class='ocrx_word' id='word_1_762' title='bbox 2868 5044 3085 5100; x_wconf 89' lang='lat' dir='ltr'><strong>quoque</strong></span> <span class='ocrx_word' id='word_1_763' title='bbox 3115 5031 3361 5100; x_wconf 83' lang='lat' dir='ltr'><strong>geminas</strong></span> <span class='ocrx_word' id='word_1_764' title='bbox 3395 5030 3529 5086; x_wconf 87' lang='lat' dir='ltr'><strong>sin-</strong></span> 
     </span>
    </p>
   </div>
   <div class='ocr_carea' id='block_1_108' title="bbox 1943 5117 3528 5194">
    <p class='ocr_par' dir='ltr' id='par_1_108' title="bbox 1943 5117 3528 5194">
     <span class='ocr_line' id='line_1_108' title="bbox 1943 5117 3528 5194; baseline 0.003 -21"><span class='ocrx_word' id='word_1_765' title='bbox 1943 5119 2135 5176; x_wconf 87' lang='lat' dir='ltr'><strong>dones.</strong></span> <span class='ocrx_word' id='word_1_766' title='bbox 2168 5117 2414 5177; x_wconf 73' lang='lat' dir='ltr'><strong>Cernetis</strong></span> <span class='ocrx_word' id='word_1_767' title='bbox 2442 5137 2538 5178; x_wconf 91' lang='lat' dir='ltr'><strong>eos</strong></span> <span class='ocrx_word' id='word_1_768' title='bbox 2570 5121 2762 5178; x_wconf 90' lang='lat' dir='ltr'><strong>beatus</strong></span> <span class='ocrx_word' id='word_1_769' title='bbox 2811 5124 3075 5190; x_wconf 85' lang='lat' dir='ltr'><strong>antistes,</strong></span> <span class='ocrx_word' id='word_1_770' title='bbox 3109 5123 3366 5194; x_wconf 87' lang='lat' dir='ltr'><strong>cognovit</strong></span> <span class='ocrx_word' id='word_1_771' title='bbox 3394 5138 3528 5194; x_wconf 78' lang='lat' dir='ltr'><strong>erga</strong></span> 
     </span>
    </p>
   </div>
   <div class='ocr_carea' id='block_1_109' title="bbox 1945 5213 3527 5288">
    <p class='ocr_par' dir='ltr' id='par_1_109' title="bbox 1945 5213 3527 5288">
     <span class='ocr_line' id='line_1_109' title="bbox 1945 5213 3527 5288; baseline 0.004 -22"><span class='ocrx_word' id='word_1_772' title='bbox 1945 5225 2005 5266; x_wconf 87' lang='lat' dir='ltr'><strong>se</strong></span> <span class='ocrx_word' id='word_1_773' title='bbox 2032 5213 2274 5269; x_wconf 91' lang='lat' dir='ltr'><strong>divinam</strong></span> <span class='ocrx_word' id='word_1_774' title='bbox 2315 5215 2798 5286; x_wconf 89' lang='lat' dir='ltr'><strong>dispensationem.</strong></span> <span class='ocrx_word' id='word_1_775' title='bbox 2846 5217 3000 5272; x_wconf 92' lang='lat' dir='ltr'><strong>lllico</strong></span> <span class='ocrx_word' id='word_1_776' title='bbox 3039 5223 3394 5288; x_wconf 83' lang='lat' dir='ltr'><strong>percontatus</strong></span> <span class='ocrx_word' id='word_1_777' title='bbox 3440 5228 3527 5273; x_wconf 78' lang='lat' dir='ltr'><strong>est</strong></span> 
     </span>
    </p>
   </div>
   <div class='ocr_carea' id='block_1_110' title="bbox 1945 5302 3526 5380">
    <p class='ocr_par' dir='ltr' id='par_1_110' title="bbox 1945 5302 3526 5380">
     <span class='ocr_line' id='line_1_110' title="bbox 1945 5302 3526 5380; baseline 0.006 -24"><span class='ocrx_word' id='word_1_778' title='bbox 1945 5302 2135 5359; x_wconf 89' lang='lat' dir='ltr'><strong>dicens</strong></span> <span class='ocrx_word' id='word_1_779' title='bbox 2166 5324 2180 5359; x_wconf 90' lang='lat'><strong>:</strong></span> <span class='ocrx_word' id='word_1_780' title='bbox 2210 5305 2510 5363; x_wconf 89' lang='lat' dir='ltr'><strong>Christiani</strong></span> <span class='ocrx_word' id='word_1_781' title='bbox 2541 5309 2720 5364; x_wconf 85' lang='lat' dir='ltr'><strong>estis?</strong></span> <span class='ocrx_word' id='word_1_782' title='bbox 2749 5309 2842 5380; x_wconf 91' lang='lat' dir='ltr'><strong>qui</strong></span> <span class='ocrx_word' id='word_1_783' title='bbox 2883 5309 3142 5366; x_wconf 89' lang='lat' dir='ltr'><strong>dixerunt</strong></span> <span class='ocrx_word' id='word_1_784' title='bbox 3177 5329 3190 5365; x_wconf 94' lang='lat'><strong>:</strong></span> <span class='ocrx_word' id='word_1_785' title='bbox 3224 5309 3422 5365; x_wconf 86' lang='lat' dir='ltr'><strong>Etiam.</strong></span> <span class='ocrx_word' id='word_1_786' title='bbox 3461 5308 3526 5366; x_wconf 88' lang='lat' dir='ltr'><strong>Et</strong></span> 
     </span>
    </p>
   </div>
   <div class='ocr_carea' id='block_1_111' title="bbox 1944 5394 3524 5474">
    <p class='ocr_par' dir='ltr' id='par_1_111' title="bbox 1944 5394 3524 5474">
     <span class='ocr_line' id='line_1_111' title="bbox 1944 5394 3524 5474; baseline 0.013 -28"><span class='ocrx_word' id='word_1_787' title='bbox 1944 5394 2040 5458; x_wconf 90' lang='lat' dir='ltr'><strong>ait,</strong></span> <span class='ocrx_word' id='word_1_788' title='bbox 2069 5408 2178 5466; x_wconf 90' lang='lat' dir='ltr'><strong>quo</strong></span> <span class='ocrx_word' id='word_1_789' title='bbox 2207 5399 2475 5470; x_wconf 84' lang='lat' dir='ltr'><strong>pergitis?</strong></span> <span class='ocrx_word' id='word_1_790' title='bbox 2505 5400 2572 5454; x_wconf 85' lang='lat' dir='ltr'><strong>Et</strong></span> <span class='ocrx_word' id='word_1_791' title='bbox 2603 5402 2679 5456; x_wconf 91' lang='lat' dir='ltr'><strong>illi</strong></span> <span class='ocrx_word' id='word_1_792' title='bbox 2722 5421 2735 5456; x_wconf 92' lang='lat'><strong>:</strong></span> <span class='ocrx_word' id='word_1_793' title='bbox 2779 5401 2861 5456; x_wconf 89' lang='lat' dir='ltr'><strong>Ad</strong></span> <span class='ocrx_word' id='word_1_794' title='bbox 2898 5402 3194 5468; x_wconf 87' lang='lat' dir='ltr'><strong>nundinas,</strong></span> <span class='ocrx_word' id='word_1_795' title='bbox 3243 5401 3524 5474; x_wconf 55' lang='lat' dir='ltr'><strong>inquiunt:</strong></span> 
     </span>
    </p>
   </div>
   <div class='ocr_carea' id='block_1_112' title="bbox 1943 5485 3528 5564">
    <p class='ocr_par' dir='ltr' id='par_1_112' title="bbox 1943 5485 3528 5564">
     <span class='ocr_line' id='line_1_112' title="bbox 1943 5485 3528 5564; baseline 0.006 -26"><span class='ocrx_word' id='word_1_796' title='bbox 1943 5485 2098 5542; x_wconf 88' lang='lat' dir='ltr'><strong>urbis</strong></span> <span class='ocrx_word' id='word_1_797' title='bbox 2127 5496 2188 5542; x_wconf 91' lang='lat' dir='ltr'><strong>ut</strong></span> <span class='ocrx_word' id='word_1_798' title='bbox 2213 5491 2588 5547; x_wconf 86' lang='lat' dir='ltr'><strong>venundemus</strong></span> <span class='ocrx_word' id='word_1_799' title='bbox 2622 5492 2738 5548; x_wconf 63' lang='lat' dir='ltr'><strong>hac</strong></span> <span class='ocrx_word' id='word_1_800' title='bbox 2767 5508 2888 5564; x_wconf 73' lang='lat' dir='ltr'><strong>qua:</strong></span> <span class='ocrx_word' id='word_1_801' title='bbox 2908 5493 3228 5551; x_wconf 85' lang='lat' dir='ltr'><strong>deferimus.</strong></span> <span class='ocrx_word' id='word_1_802' title='bbox 3256 5493 3528 5550; x_wconf 69' lang='lat' dir='ltr'><strong>Clemen—</strong></span> 
     </span>
    </p>
   </div>
   <div class='ocr_carea' id='block_1_113' title="bbox 315 5655 3526 5743">
    <p class='ocr_par' dir='ltr' id='par_1_113' title="bbox 315 5655 3526 5743">
     <span class='ocr_line' id='line_1_113' title="bbox 315 5655 3526 5743; baseline -0.003 -17"><span class='ocrx_word' id='word_1_803' title='bbox 315 5673 393 5743; x_wconf 88' lang='lat' dir='ltr'><strong>(a)</strong></span> <span class='ocrx_word' id='word_1_804' title='bbox 428 5673 576 5729; x_wconf 88' lang='lat' dir='ltr'><strong>Bene</strong></span> <span class='ocrx_word' id='word_1_805' title='bbox 629 5680 844 5743; x_wconf 48' lang='lat' dir='ltr'><strong>noster“</strong></span> <span class='ocrx_word' id='word_1_806' title='bbox 872 5685 976 5743; x_wconf 79' lang='lat' dir='ltr'><strong>per</strong></span> <span class='ocrx_word' id='word_1_807' title='bbox 996 5670 1143 5743; x_wconf 73' lang='lat' dir='ltr'><strong>hanc</strong></span> <span class='ocrx_word' id='word_1_808' title='bbox 1200 5668 1541 5726; x_wconf 87' lang='lat' dir='ltr'><strong>reticentiam</strong></span> <span class='ocrx_word' id='word_1_809' title='bbox 1603 5667 1734 5723; x_wconf 85' lang='lat' dir='ltr'><strong>vitat</strong></span> <span class='ocrx_word' id='word_1_810' title='bbox 1777 5667 2059 5724; x_wconf 90' lang='lat' dir='ltr'><strong>nominum</strong></span> <span class='ocrx_word' id='word_1_811' title='bbox 2093 5665 2560 5739; x_wconf 86' lang='lat' dir='ltr'><strong>perturbationem</strong></span> <span class='ocrx_word' id='word_1_812' title='bbox 2587 5679 2708 5735; x_wconf 72' lang='lat' dir='ltr'><strong>qua:</strong></span> <span class='ocrx_word' id='word_1_813' title='bbox 2732 5655 2976 5721; x_wconf 84' lang='lat' dir='ltr'><strong>occurrit</strong></span> <span class='ocrx_word' id='word_1_814' title='bbox 3005 5663 3062 5718; x_wconf 87' lang='lat' dir='ltr'><strong>in</strong></span> <span class='ocrx_word' id='word_1_815' title='bbox 3098 5662 3250 5718; x_wconf 82' lang='lat' dir='ltr'><strong>Actis</strong></span> <span class='ocrx_word' id='word_1_816' title='bbox 3286 5660 3526 5718; x_wconf 53' lang='lat' dir='ltr'><strong>Combe:</strong></span> 
     </span>
    </p>
   </div>
   <div class='ocr_carea' id='block_1_114' title="bbox 244 5740 1074 5802">
    <p class='ocr_par' dir='ltr' id='par_1_114' title="bbox 244 5740 1074 5802">
     <span class='ocr_line' id='line_1_114' title="bbox 244 5740 1074 5802; baseline -0.004 -4"><span class='ocrx_word' id='word_1_817' title='bbox 244 5740 455 5802; x_wconf 71' lang='lat' dir='ltr'><strong>ﬁstanis</strong></span> <span class='ocrx_word' id='word_1_818' title='bbox 475 5753 530 5801; x_wconf 89' lang='lat' dir='ltr'><strong>et</strong></span> <span class='ocrx_word' id='word_1_819' title='bbox 551 5745 608 5798; x_wconf 88' lang='lat' dir='ltr'><strong>in</strong></span> <span class='ocrx_word' id='word_1_820' title='bbox 639 5743 760 5799; x_wconf 90' lang='lat' dir='ltr'><strong>cod.</strong></span> <span class='ocrx_word' id='word_1_821' title='bbox 803 5740 924 5796; x_wconf 76' lang='lat' dir='ltr'><strong>Vat.</strong></span> <span class='ocrx_word' id='word_1_822' title='bbox 951 5741 1074 5796; x_wconf 70' lang='grc'><strong>629.</strong></span> 
     </span>
    </p>
   </div>
  </div>
