3862 6158
406 224 513 280 465

1423 218 1481 272 S.
1520 216 1723 272 PETRI
1764 215 2230 272 ALEXANDRINI
2272 213 2576 273 EPISCOPI

3530 220 3628 278 466

408 357 656 416 tissimus
683 363 862 412 autem
888 353 1052 409 Pater
1087 353 1370 424 subjunxit
1403 371 1418 408 :
1453 351 1633 408 Filioli
1687 353 1790 407 mei
1828 353 1974 407 iide—
2002 360 2046 414 Α
2144 354 2456 409 Convolans
2487 354 2689 408 interea
2740 367 2805 407 ex
2845 353 3110 425 populosa
3155 354 3291 410 urbe
3340 355 3628 426 promiscui

407 450 509 515 les,
546 448 688 504 Deus
725 463 823 503 vos
856 447 1181 510 destinavit,
1211 451 1551 516 perseverate
1598 457 1832 498 mecum.
1866 443 1972 510 Qui

410 543 660 615 protinus
689 556 812 597 eum
845 548 1222 611 agnoscentes,
1255 535 1513 590 dixerunt
1560 554 1576 590 :
1621 533 1689 589 Ut
1729 535 1968 605 jussisti,

408 636 646 691 domine.
700 632 766 687 Et
796 645 1093 687 conversus
1126 629 1191 684 ad
1222 629 1473 683 tribunos
1501 646 1514 682 :
1549 625 1645 680 Eia
1679 629 1843 698 agite,
1875 628 1973 682 in-

406 728 546 797 quit,
578 725 722 798 quod
753 724 926 780 acturi
963 723 1116 785 estis,
1151 722 1487 791 complentes
1517 720 1721 791 regiam
1751 719 1972 788 jussio—

406 834 564 881 nem,
617 817 873 888 quoniam
913 815 1030 870 dies
1081 814 1193 884 jam
1253 814 1574 868 illucescere
1625 813 1812 882 coepit.
1864 812 1970 883 ipsi

405 917 584 964 autem
616 908 688 964 ob
711 907 914 962 nefaria
949 906 1209 977 principis
1239 905 1455 959 decreta
1510 904 1666 974 quasi
1699 904 1806 958 vim
1857 919 1971 974 pa-

403 1001 622 1063 tientes,
649 1000 893 1054 tulerunt
921 1013 1045 1054 eum
1087 1011 1119 1054 e
1146 997 1368 1068 regione
1399 995 1695 1052 sanctuarii
1723 1010 1972 1066 evange-

404 1083 539 1147 lista
570 1091 624 1145 in
650 1091 843 1145 vallem
868 1089 1024 1159 juxta
1055 1089 1327 1158 sepulcra.
1356 1087 1422 1142 Et
1457 1097 1712 1146 sanctus:
1738 1087 1969 1160 Expan-

402 1182 534 1245 dite,
568 1181 764 1250 inquit,
786 1194 820 1236 o
849 1196 1029 1244 senes,
1060 1179 1230 1250 pelles
1258 1193 1395 1250 quas
1427 1179 1747 1243 advectatis,
1779 1180 1970 1236 simul-

399 1288 506 1342 que
538 1281 625 1335 tu,
666 1272 878 1332 vetula,
940 1271 1217 1326 sindones.
1263 1271 1474 1336 Quibus
1510 1273 1798 1342 expansis,
1863 1285 1968 1325 ro-

399 1364 751 1420 bustissimus
807 1372 1016 1433 martyr
1081 1363 1318 1432 desuper
1368 1362 1708 1427 ascendens,
1758 1363 1966 1433 palmas

399 1465 659 1525 utrasque
711 1470 930 1510 sursum
987 1455 1270 1516 extendit,
1323 1467 1387 1507 ac
1453 1453 1684 1522 proinde
1733 1455 1966 1525 p0plitcs

399 1545 550 1600 humi
592 1545 754 1607 ﬁxus,
787 1544 1025 1598 animum
1075 1558 1292 1613 quoque
1335 1543 1477 1597 calo
1519 1543 1782 1605 intentus,
1827 1558 1966 1613 gra-

396 1636 596 1690 tiarum
628 1635 871 1690 actiones
899 1633 1256 1704 omnipotenti
1305 1634 1644 1703 agonotheta
1679 1635 1960 1706 persolvit,

397 1728 755 1796 muniensque
789 1741 848 1782 se
889 1726 1068 1781 crucis
1101 1726 1383 1796 signaculo
1424 1725 1581 1793 dixit,
1607 1725 1799 1780 Amen.
1829 1725 1960 1780 Dein
1993 1700 2035 1761 Β

395 1818 775 1888 omophorium
805 1818 1058 1872 relaxans
1091 1832 1121 1871 a
1151 1817 1294 1871 collo
1314 1856 1330 1882 ,
1378 1817 1648 1872 cervicem
1688 1818 1915 1872 tetendit
1944 1837 1958 1874 :

394 1909 549 1976 Quod
580 1908 756 1971 vobis,
793 1908 1065 1980 inquiens,
1114 1908 1331 1979 jussum
1363 1916 1468 1975 est,
1513 1909 1780 1966 maturius
1812 1909 1963 1965 deli—

391 1999 598 2056 berate.

462 2089 832 2164 Obriguerunt
880 2091 1087 2147 interea
1136 2091 1481 2146 tribunorum
1530 2105 1759 2158 manus,
1800 2100 1962 2162 atque

391 2183 623 2239 invicem
679 2199 738 2239 se
782 2189 1127 2254 aspectantes
1167 2181 1237 2236 ad
1283 2182 1388 2236 hoc
1444 2180 1658 2239 facinus
1697 2197 1959 2251 provoca-

389 2275 551 2340 bant;
577 2274 672 2329 sed
718 2289 912 2329 omnes
957 2270 1249 2328 formidine
1279 2271 1426 2342 capti
1459 2271 1770 2340 stupebant.
1801 2269 1961 2326 Tan-

388 2367 508 2421 dem
539 2381 607 2421 ex
634 2381 902 2421 consensu
930 2364 1137 2434 placuit
1169 2369 1228 2417 ut
1249 2363 1316 2418 de
1344 2363 1618 2419 communi
1652 2378 1760 2418 are
1791 2363 1960 2418 inter-

387 2457 640 2512 fectionis
689 2457 972 2527 pramium
1001 2461 1386 2526 apponeretur,
1423 2463 1477 2508 et
1509 2455 1554 2508 si
1587 2454 1712 2524 quis
1763 2453 1956 2509 istius-

387 2548 533 2605 modi
568 2549 750 2604 scelus
774 2555 1086 2618 perpetrare
1115 2563 1284 2602 ausus
1313 2553 1480 2609 esset,
1529 2545 1644 2615 ipse
1675 2545 1955 2601 homicidii

387 2639 696 2694 lucraretur
757 2647 1048 2708 quastum.
1107 2635 1262 2691 Hand
1315 2651 1512 2704 mora;
1578 2635 1956 2706 unusquisque

384 2745 572 2785 eorum
600 2731 841 2800 quinque
869 2729 1097 2800 protulit
1129 2727 1356 2784 solidos.
1382 2725 1608 2794 Verum,
1638 2737 1698 2782 ut
1736 2729 1955 2799 gentilis

385 2820 462 2874 ait
490 2828 647 2891 poeta
673 2839 688 2876 :

684 2923 825 2991 Quid
864 2939 966 2977 non
995 2922 1245 2994 mortalia
1270 2931 1481 2993 pectora
1507 2923 1672 2994 cogis,

559 2995 695 3049 Auri
724 3010 880 3050 sacra
906 2995 1071 3063 fames
1096 2993 1117 3046 .'

383 3114 528 3155 unus
560 3115 627 3155 ex
658 3100 740 3156 eis
761 3100 870 3154 ritu
904 3098 1202 3170 proditoris
1245 3097 1418 3164 Juda,
1449 3097 1694 3170 pecunia
1723 3098 1951 3167 cupidi—

382 3201 494 3250 tate
509 3193 685 3249 audax
700 3192 948 3256 eﬂectus,
971 3201 1188 3247 exserto
1208 3191 1388 3263 gladio
1407 3191 1608 3247 Christi
1639 3191 1946 3261 pontiﬁcem

379 3283 557 3354 capite
590 3282 938 3340 obtruncavit
965 3281 1070 3336 sub
1107 3281 1196 3336 die
1231 3281 1443 3336 scilicet
1471 3295 1546 3335 vn
1581 3278 1946 3334 Kalendarum

381 3374 757 3431 Decembrium
785 3373 886 3446 (a),
917 3389 1041 3429 cum
1098 3372 1324 3427 haberet
1370 3372 1425 3426 in
1460 3369 1781 3442 pontificatu
1836 3384 1949 3423 an-

377 3480 481 3521 nos
512 3481 612 3529 xu,
645 3475 877 3535 quorum
908 3475 1018 3519 tres
1051 3471 1176 3518 ante
1205 3463 1664 3533 persecutionem,
1704 3462 1946 3532 reliquos

377 3573 508 3614 vero
540 3572 732 3612 novem
788 3557 847 3612 in
893 3555 1129 3611 diversis
1160 3554 1601 3625 persecutionum
1651 3554 1945 3624 generibus

376 3649 580 3718 exegit.
620 3646 832 3702 Exinde
881 3647 1100 3703 sublato
1159 3646 1228 3700 ab
1277 3645 1608 3715 spiculatore
1661 3645 1944 3716 sanguinis

376 3737 573 3807 pretio,
601 3738 729 3790 mali
773 3745 1049 3806 emptores
1077 3737 1160 3790 vel
1197 3737 1376 3806 potius
1408 3736 1620 3792 cruenti
1659 3734 1944 3790 homicida

377 3828 508 3882 cito-
533 3828 694 3884 citius
753 3835 1136 3892 recesserunt,
1191 3828 1506 3883 metuebant
1553 3827 1698 3883 enim
1755 3827 1941 3898 p0puli

375 3917 800 3982 multitudinem,
833 3933 1111 3987 quoniam,
1142 3919 1220 3972 uti
1265 3919 1546 3989 pralatum
1579 3925 1686 3984 est,
1736 3919 1942 3988 absque

374 4006 595 4062 militari
649 4007 904 4079 praesidio
938 4017 1118 4064 erant.
1150 4009 1362 4080 Corpus
1411 4018 1593 4064 autem
1636 4009 1937 4065 beatissimi

373 4097 651 4168 martyris,
705 4097 1163 4167 quemadmodum
1224 4106 1406 4168 patres
1458 4098 1799 4152 adﬁrmabant
1843 4099 1938 4169 qui

372 4187 503 4242 illuc
527 4187 688 4258 primi
719 4196 1106 4254 convenerant,
1127 4188 1428 4258 permansit
1458 4198 1649 4244 astans
1676 4195 1935 4258 tanquam

337 4279 603 4340 ,orationi
666 4279 1008 4342 incumbens,
1045 4279 1220 4334 donec
1274 4279 1493 4349 plurimi
1546 4289 1935 4334 concurrentes

2075 459 2239 500 sexus
2270 445 2661 500 innumerabile
2690 445 2904 515 vulgus,
2938 445 3159 515 plorans
3179 453 3232 500 et
3260 445 3474 514 ejulans
3504 448 3630 502 invi-

2072 549 2188 590 cem
2221 551 2279 590 se
2303 535 2688 590 sciscitabatur
2716 536 2975 606 ignorans
3005 537 3237 607 qualiter
3285 538 3390 594 hoc
3428 541 3631 594 evenis-

2073 631 2172 679 set.
2209 621 2415 679 Revera
2469 626 2612 679 enim
2662 640 2693 679 a
2734 627 2959 682 minimo
3006 643 3177 698 usque
3228 629 3293 683 ad
3341 633 3627 685 maximum

2073 717 2376 774 acerrinms
2422 718 2578 774 ﬂetus
2609 735 2798 776 onmes
2845 721 3073 792 rigabat.
3105 721 3358 778 Primarii
3403 739 3630 795 namque

2071 809 2309 866 civitatis
2337 826 2460 866 cum
2483 820 2771 867 cernerent
2803 814 3164 870 multitudinis
3197 815 3517 872 laudabilem
3540 818 3628 871 im-

2071 901 2482 970 portunitatem,
2508 903 2601 972 qui
2639 919 2828 959 sacras
2879 904 3000 973 ejus
3031 905 3256 961 exuvias
3299 907 3626 976 lipsanorum

2069 993 2243 1062 gratia
2290 993 2541 1050 scindere
2572 995 2913 1066 satagebant,
2955 996 3290 1052 involventes
3319 1013 3443 1054 eum
3485 999 3628 1069 pelli-

2069 1084 2174 1140 bus
2229 1094 2392 1157 atque
2437 1088 2760 1144 sindonibus
2803 1089 2911 1146 illis
2951 1090 3123 1146 tutius
3175 1093 3623 1160 perstrinxerunt.

2069 1175 2298 1249 Semper
2330 1179 2474 1234 enim
2504 1179 2890 1235 sanctissimus
2918 1180 3012 1236 Dei
3054 1183 3301 1237 minister
3330 1191 3510 1238 vestes
3547 1198 3628 1238 sa-

2067 1270 2370 1324 cerdotales
2401 1269 2508 1323 albi
2543 1270 2743 1326 coloris
2769 1281 2886 1325 erat
2936 1272 3189 1337 amictus,
3228 1273 3332 1328 hoc
3377 1284 3460 1329 est
3490 1274 3628 1329 tuni-

2066 1376 2188 1415 cam
2210 1369 2263 1415 et
2291 1361 2565 1416 colobium
2593 1375 2805 1416 necnon
2843 1370 2896 1416 et
2929 1363 3332 1432 onmphorium.
3360 1364 3489 1420 Post
3519 1365 3624 1420 hac

2067 1453 2232 1523 igitur
2265 1460 2386 1506 orta
2417 1463 2499 1507 est
2530 1453 2672 1507 inter
2696 1468 2792 1508 eos
2827 1469 2935 1507 non
2971 1468 3134 1524 parva
3170 1457 3480 1526 contentio;
3514 1458 3626 1528 qui-

2065 1541 2190 1597 dam
2222 1543 2367 1598 enim
2416 1543 2820 1598 sacratissimos
2858 1552 3012 1599 artus
3052 1543 3110 1599 in
3152 1546 3438 1602 ecclesiam
3467 1562 3625 1618 quam

2070 1635 2185 1705 ipse
2211 1633 2592 1698 adiﬁcaverat,
2615 1633 2706 1688 ubi
2735 1643 2790 1690 et
2823 1650 2970 1690 nunc
2996 1637 3312 1706 requiescit,
3345 1637 3626 1693 advectare

2063 1727 2409 1798 satagebant;
2441 1726 2533 1780 alii
2561 1733 2740 1782 autem
2766 1727 2833 1782 ad
2864 1731 3235 1784 sanctuarium
3257 1731 3617 1801 evangelista,

2063 1816 2155 1871 ubi
2185 1823 2241 1872 et
2268 1817 2515 1888 martyrii
2561 1824 2758 1872 metam
2787 1819 3095 1888 complevit,
3133 1820 3345 1877 deferre
3373 1823 3620 1876 niteban-

2061 1914 2151 1960 tur
2179 1925 2193 1961 :
2221 1913 2274 1962 et
2305 1906 2432 1961 dum
2464 1914 2660 1962 neutra
2689 1923 2817 1978 pars
2847 1909 3002 1964 alten’
3048 1911 3322 1974 cederent,
3349 1913 3623 1982 religionis

2059 1999 2382 2068 obsequium
2429 2007 2642 2054 vertere
2693 2011 2977 2070 caperunt
3023 2003 3080 2058 in
3132 2019 3324 2075 pugna
3372 2005 3620 2076 litigium.

2058 2091 2431 2158 Quorumdam
2478 2092 2686 2147 interea
2733 2102 3048 2149 senatorum
3082 2096 3327 2152 animosa
3366 2096 3620 2166 phalanx,

2056 2201 2123 2241 ex
2160 2185 2245 2241 bis
2267 2185 2359 2255 qui
2399 2199 2599 2239 cursus
2629 2183 2706 2255 (ά)
2742 2195 3026 2250 vocantur,
3055 2186 3300 2243 videntes
3332 2203 3454 2259 qua
3481 2190 3624 2244 acci-

2057 2278 2271 2342 derant,
2321 2293 2448 2331 nam
2496 2291 2655 2332 secus
2707 2294 2854 2333 mare
2904 2286 3095 2344 erant,
3129 2287 3458 2349 paraverunt
3502 2295 3621 2336 sca-

2057 2368 2243 2437 pham,
2278 2368 2570 2440 subitoque
2619 2369 2946 2440 arripientes
2977 2379 3195 2426 sanctas
3233 2372 3495 2442 reliquias
3523 2373 3623 2426 im-

2057 2469 2357 2530 posuerunt
2385 2461 2670 2528 navicula,
2709 2468 2764 2517 et
2790 2462 3146 2518 ascendentes
3176 2472 3321 2518 retro
3359 2461 3619 2527 Pharum,

2056 2566 2151 2622 per
2181 2551 2358 2606 locum
2409 2553 2497 2608 cui
2554 2552 2808 2609 Leucado
2837 2554 3160 2610 vocabulum
3208 2562 3325 2620 est,
3356 2563 3623 2611 venerunt

2055 2641 2110 2695 in
2152 2643 2438 2698 ecclesiam
2481 2643 2810 2700 beatissima
2851 2641 2942 2698 Dei
2973 2643 3263 2700 Genitricis
3299 2659 3622 2715 semperque

2054 2729 2281 2802 virginis
2320 2730 2523 2797 Maria,
2553 2747 2738 2802 quam,
2776 2739 2836 2786 ut
2882 2731 3064 2787 dicere
3109 2745 3470 2802 coeperamus,
3508 2733 3622 2804 ipse

2053 2824 2125 2879 ob
2161 2831 2463 2895 martyrum
2513 2824 2826 2880 camcteria
2865 2823 2934 2878 ad
2982 2822 3374 2879 occidentalem
3411 2833 3620 2896 partem

2052 2920 2109 2974 in
2137 2919 2372 2989 quodam
2407 2917 2650 2996 prosatio
2679 2915 2748 2987 (e)
2771 2924 3171 2972 construxerat.
3203 2916 3358 2972 Tunc
3385 2921 3621 2989 populo-

2053 3026 2172 3065 rum
2203 3009 2420 3081 agmina
2449 3023 2549 3064 ceu
2597 3016 2754 3080 rapto
2787 3007 2892 3063 sibi
2937 3009 3145 3064 calesti
3199 3008 3488 3075 thesauro,
3529 3011 3620 3066 alii

2053 3115 2149 3170 per
2179 3099 2398 3163 itinera,
2442 3097 2534 3152 alii
2586 3112 2682 3168 per
2714 3096 2869 3152 devia
2897 3112 3126 3168 quaque
3156 3097 3402 3167 properis
3438 3099 3621 3155 cursi-

2050 3191 2153 3245 bus
2188 3189 2570 3259 insequuntur.
2627 3187 2729 3252 Qui
2771 3187 2988 3243 tandem
3024 3188 3304 3244 venientes
3342 3203 3450 3243 non
3504 3191 3618 3261 jam

2049 3283 2138 3337 ubi
2171 3291 2464 3351 poneretur
2510 3280 2935 3342 altercabantur,
2971 3280 3065 3335 sed
3110 3281 3385 3335 communi
3416 3287 3472 3335 et
3509 3295 3619 3337 non

2049 3372 2408 3444 improbando
2451 3371 2712 3436 consilio,
2786 3371 2940 3442 prius
2976 3387 3100 3425 cum
3143 3371 3511 3427 decreverunt
3563 3373 3618 3427 in

2047 3478 2148 3520 sua
2199 3463 2457 3519 cathedra
2507 3476 2739 3533 ponere,
2809 3469 2864 3516 et
2918 3463 2997 3516 sic
3051 3463 3268 3518 demum
3322 3464 3619 3534 sepultura

2046 3557 2281 3611 tradere.
3044 3599 3049 3606 .

2116 3649 2182 3704 Et
2206 3650 2328 3713 hoc,
2354 3648 2776 3720 prudentissime
2803 3648 2994 3716 lector,
3029 3650 3155 3703 nolo
3183 3656 3440 3721 tanquam
3472 3653 3616 3708 otio-

2044 3757 2165 3796 sum
2201 3740 2617 3796 deliramentum
2670 3741 2950 3807 attendas;
2994 3742 3252 3811 quoniam
3302 3743 3346 3797 si
3386 3759 3615 3800 causam

2046 3831 2274 3900 hujusce
2306 3829 2564 3884 n0vitatis
2586 3826 2863 3893 didiceris,
2895 3828 3102 3882 mirans
3126 3827 3447 3882 laudabilem
3502 3844 3617 3900 po-

2041 3923 2154 3994 puli
2187 3922 2360 3978 zelum
2393 3918 2706 3989 factumque
2747 3919 3026 3989 probabis.
3079 3916 3178 3972 Hic
3225 3917 3369 3971 enim
3417 3917 3616 3973 beatus

2041 4013 2272 4068 antistes
2318 4011 2536 4081 quando
2569 4011 2737 4065 divini
2777 4009 3018 4080 mysterii
3058 4014 3395 4062 sacramenta
3451 4008 3614 4062 cele-

2040 4103 2256 4168 brabat,
2316 4117 2448 4167 non,
2510 4102 2655 4157 sicut
2701 4099 3107 4156 ecclesiasticus
3157 4113 3277 4153 mos
3325 4098 3513 4164 habet,
3557 4099 3612 4152 in

2041 4193 2342 4264 pontiﬁcali
2368 4193 2586 4254 throno,
2620 4191 2715 4246 sed
2742 4191 2794 4244 in
2825 4191 2946 4260 ejus
2977 4187 3322 4259 subpedaneo
3363 4189 3612 4243 scabello

2037 4285 2340 4353 residebat;
2395 4284 2538 4355 quod
2590 4282 2774 4356 populi
2820 4281 3181 4352 aspicientes,
3242 4295 3384 4350 agre
3446 4281 3614 4336 acci-

335 4414 338 4416 η
368 4371 674 4426 invenirent
715 4370 850 4425 illud
888 4369 1076 4426 eodem
1105 4371 1267 4426 modo
1299 4371 1642 4439 consistens;
1677 4370 1932 4425 nimirum
1970 4393 2013 4449 ι)
2039 4378 2278 4449 piabant,
2313 4387 2365 4432 et
2398 4382 2796 4446 conquerentes
2821 4372 3190 4427 acclamabant
3223 4389 3236 4424 :
3278 4370 3531 4440 Oportet,
3577 4385 3612 4424 o

366 4462 511 4531 quod
548 4463 740 4518 vivens
771 4464 970 4532 sapius
1022 4471 1230 4530 egerat,
1297 4477 1428 4518 caro
1459 4463 1621 4518 etiam
1667 4463 1936 4518 exanimis

367 4553 689 4608 testabatur.
726 4553 919 4608 Senem
956 4569 1172 4624 quoque
1191 4562 1354 4624 atque
1388 4570 1550 4608 auum
1589 4554 1734 4607 illam
1771 4567 1937 4622 repe—

365 4652 556 4699 rerunt
587 4645 947 4700 observantes
979 4661 1102 4700 cum
1134 4647 1282 4700 luctu
1319 4653 1372 4700 et
1405 4645 1609 4716 gemitu
1640 4643 1936 4712 pretiosis-

365 4737 566 4792 simum
623 4735 882 4790 Ecclesia
948 4737 1169 4792 monile.
1231 4734 1568 4791 Rcdinantcs
1618 4733 1692 4803 (b)
1751 4734 1934 4802 itaque

363 4824 689 4898 triumphale
731 4823 895 4880 funus
917 4864 932 4887 ,
981 4839 1310 4892 sacrumque
1342 4832 1504 4892 caput
1535 4819 1734 4874 cervici
1766 4833 1934 4887 oppo-

364 4925 592 4979 nentes,
653 4923 1053 4985 cooperueruut
1110 4913 1470 4978 sindonibus;
1542 4925 1759 4966 sacrum
1802 4920 1931 4962 vero

362 5020 614 5061 cruorem
658 5007 752 5076 qui
782 5021 942 5061 secus
991 5004 1294 5069 ailluxerat,
1322 5003 1574 5074 peniculo
1622 5007 1932 5056 reverenter

363 5098 700 5168 collegerunt
729 5098 800 5168 (ο)

433 5321 510 5388 (a)
547 5319 683 5376 Cod.
736 5327 846 5375 vat.
890 5319 1017 5384 622,
1069 5337 1210 5375 nona
1247 5331 1296 5374 et
1347 5321 1591 5375 vicesima
1638 5318 1731 5388 die;
1759 5315 1927 5388 Athyr

360 5387 598 5461 mensis.
633 5392 767 5445 Acta
808 5389 1106 5461 Combe!”
1155 5391 1411 5461 πέμπτην
1457 5392 1550 5444 ἐπὶ
1594 5387 1784 5442 εἰκάδα
1831 5387 1923 5440 τοῦ

357 5457 662 5529 Νοξμξρίου
686 5460 870 5529 μηνός.

428 5525 504 5660 $6;
531 5525 786 5581 Notemus
809 5528 1151 5585 vocabulum.

455 5608 483 5644 c
535 5591 612 5648 En
637 5611 832 5649 novum
871 5600 1146 5652 testimoni

455 5591 504 5655 c)
535 5591 612 5648 En
637 5611 832 5649 novum
871 5600 1243 5654 testimonium
1274 5599 1342 5655 de
1368 5605 1609 5653 veterum
1655 5596 1921 5652 Christia-

361 5674 554 5716 norum
582 5677 713 5719 cura
762 5664 954 5718 devota
997 5672 1315 5738 sanguinem
1351 5675 1650 5736 martyrum
1699 5683 1919 5722 conser-

2039 4467 2218 4533 Pater,
2262 4468 2318 4521 in
2347 4474 2440 4522 tua
2464 4475 2518 4522 te
2543 4465 2731 4522 sedere
2767 4463 3055 4531 cathedra;
3085 4473 3138 4517 et
3173 4477 3296 4516 cum
3324 4463 3529 4518 crebro
3556 4461 3614 4517 id

2037 4561 2215 4632 ipsum
2246 4565 2586 4629 repeterent,
2629 4571 2857 4626 surgens
2906 4553 3118 4610 Domini
3158 4554 3406 4608 minister
3456 4555 3613 4625 ejus-

2035 4654 2182 4709 modi
2241 4649 2490 4721 querelas
2539 4647 2832 4718 tranquilla
2861 4661 2993 4702 voce
3022 4645 3272 4708 sedabat,
3303 4651 3358 4698 et
3403 4644 3610 4700 iterum

2033 4746 2090 4801 in
2134 4743 2324 4799 eodem
2355 4740 2592 4796 scabello
2613 4738 2909 4794 residebat.
2949 4736 3173 4792 Cunctis
3210 4743 3390 4791 autem
3425 4735 3613 4790 humi-

2034 4837 2202 4893 litatis
2248 4833 2422 4905 gratia
2479 4833 2582 4886 hoc
2632 4832 2716 4902 agi
2776 4829 3080 4884 videbatur.
3128 4827 3372 4892 Quodam
3413 4815 3610 4881 autem

2032 4941 2240 4996 magna
2273 4923 2579 4980 festivitatis
2611 4923 2699 4978 die
2732 4936 2856 4976 cum
2883 4934 3052 4975 .sacra
3078 4919 3366 4973 missarum
3400 4917 3611 4972 solem-

2029 5021 2120 5075 nia
2154 5028 2361 5090 ageret,
2404 5025 2458 5072 et
2489 5016 2596 5070 tale
2640 5013 2771 5084 quid
2831 5012 3009 5067 facere
3035 5011 3214 5072 vellet,
3275 5023 3385 5064 non
3415 5009 3606 5063 solum

2028 5113 2284 5185 populus,
2312 5109 2406 5166 sed
2432 5108 2596 5162 etiam
2625 5106 2806 5160 clerus
2837 5115 3079 5159 consona
3110 5115 3243 5156 voce
3278 5099 3609 5154 inclaman-

2025 5319 2209 5384 vandi,
2244 5317 2312 5372 de
2351 5329 2458 5385 qua
2487 5327 2546 5366 re
2568 5307 2660 5361 diu
2688 5305 2965 5362 Boldettus
2991 5303 3045 5357 in
3085 5299 3400 5357 Cmmeterit's
3449 5296 3600 5353 Ml.

2025 5392 2118 5446 lib.
2154 5407 2194 5453 ι,
2226 5402 2344 5456 cap.
2371 5384 2452 5437 97
2485 5395 2635 5450 εθψι-
2788 5445 2802 5456 ,
2824 5445 2859 5456 .,
3076 5443 3088 5456 .
3116 5444 3126 5454 .

2094 5439 2437 5530 (άῖιιῖἱὲιιὶεθ
2467 5439 2687 5507 cursum
2715 5445 2990 5517 publicum
3013 5441 3372 5502 vehicularem
3395 5439 3480 5495 vel
3500 5451 3606 5493 ιιι-

1992 5524 1995 5525 ν
2023 5524 2336 5585 vicularem.

2091 5601 2160 5670 (e)
2189 5595 2538 5658 Gracismus,
2568 5604 2666 5661 pro
2699 5585 2968 5642 suburbio.
