3862 6158
235 305 340 363 465

1581 301 1764 360 ACTA
1797 301 2112 371 SINCERA.

3367 296 3468 353 t6?

236 435 323 484 tes
348 425 602 480 dixerunt
633 443 646 478 ε
700 423 836 480 Sede
880 425 935 479 in
973 424 1102 481 sede
1153 431 1248 478 tua
1269 465 1283 484 ,
1320 438 1354 479 ο
1397 423 1672 494 episcope.
1707 423 1800 479 Ille
1829 435 1876 486 Α
1903 423 2134 477 virtutes
2165 419 2276 476 ﬁeri
2335 435 2444 476 non
2473 418 2754 477 deﬁciunt.
2779 419 2878 473 Pia
2929 418 3129 476 etenim
3175 429 3301 476 vota
3330 420 3471 476 felici

234 529 441 582 autem,
491 517 775 588 cujusdam
827 518 1070 589 mysterii
1127 517 1412 582 conscius,
1465 517 1570 572 hoc
1614 515 1803 572 audire

235 613 647 679 dissimulavit;
713 611 949 682 datoque
1003 610 1266 667 reticendi
1321 610 1569 673 indicio,
1629 624 1805 680 neque

235 709 382 763 enim
430 707 476 762 ei
509 706 798 777 quisquam
852 705 1118 761 obsistere
1158 703 1494 774 pertinacius
1548 701 1802 766 audebat,

237 800 401 855 silere
435 813 628 854 omnes
673 796 838 862 fecit,
889 805 942 852 et
974 797 1330 853 nihilominus
1371 795 1613 867 ejusdem
1660 795 1806 850 sedis

236 890 475 946 scabello
499 888 773 955 subsedit;
797 887 1190 958 celebratisque
1227 902 1294 944 ex
1321 902 1472 941 more
1516 886 1804 941 missarum

237 983 558 1050 solemniis,
596 980 977 1051 unusquisque
1014 979 1253 1035 ﬁdelium
1290 979 1358 1034 ad
1394 979 1612 1050 propria
1639 993 1809 1048 repe-

234 1072 406 1128 dav".

308 1162 407 1217 Vir
459 1173 640 1219 autem
689 1159 928 1227 Domini,
979 1162 1196 1218 clericis
1246 1160 1554 1225 accersitis,
1615 1159 1806 1214 intima

236 1256 532 1310 serenitate
553 1254 902 1325 tranquillus,
928 1269 1162 1324 arguens
1183 1268 1278 1308 eos
1304 1253 1654 1309 temeritatis:
1675 1252 1806 1316 Cur,

235 1346 438 1416 inquit,
463 1347 732 1401 laicorum
758 1345 985 1400 vocibus
1014 1343 1234 1399 admisti
1260 1359 1346 1400 me
1373 1343 1665 1414 objurgare
1699 1356 1808 1396 non

235 1433 849 1490 erubuistis?Attamen
889 1432 1018 1504 quia
1059 1434 1184 1490 talis
1225 1434 1533 1505 objurgatio
1583 1448 1692 1487 non
1742 1432 1810 1488 de

232 1527 516 1598 jactantiae
548 1543 772 1584 caenoso
797 1517 1062 1594 torrente,
1096 1530 1191 1587 sed
1226 1530 1293 1585 de
1321 1531 1616 1601 purissimo
1663 1528 1811 1584 fonte

237 1619 556 1674 dilectionis
586 1620 844 1685 manavit,
878 1619 1118 1689 aperiam
1147 1619 1306 1674 vobis
1351 1619 1516 1689 hujus
1565 1619 1810 1691 mysterii

237 1718 536 1767 secretum.
568 1709 897 1782 Plerumque
918 1711 1064 1767 enim
1093 1728 1217 1768 cum
1262 1712 1459 1767 throno
1487 1714 1562 1768 illi
1598 1729 1812 1785 appro—

1903 513 2247 570 exauditione
2270 513 2539 577 laetantur,
2569 510 2962 568 inﬁrmantium
2991 511 3251 568 sanitates
3269 520 3476 568 restau-

1905 612 2114 667 rantur,
2139 604 2486 674 expulsiones
2531 602 2935 658 immundorum
2984 604 3297 674 spirituum,
3327 619 3474 658 mar-

1903 697 2040 768 tyris
2090 697 2342 752 meritum
2398 694 2780 753 testificantur.
2815 692 2940 749 llaec
2971 709 3217 760 munera,
3251 696 3474 751 Domine

1904 787 2067 853 .lesu,
2118 799 2207 843 tua
2247 796 2410 854 sunt,
2474 789 2561 847 cui
2618 788 3027 845 consuetudinis
3072 795 3158 844 est
3209 796 3475 860 martyres

1905 889 2030 938 tuos
2079 889 2204 952 post
2253 881 2444 936 mortis
2472 880 2695 936 exitium
2729 882 2808 936 sic
2840 880 3185 952 magniﬁcare
3225 880 3472 947 felicius;

1906 973 1998 1043 qui
2049 988 2174 1028 cum
2216 970 2376 1027 Patre
2419 979 2475 1026 et
2523 973 2970 1028 consubstantiali
3020 978 3211 1028 sancto
3270 970 3475 1043 Spiritu

1907 1064 2046 1120 vivis
2093 1071 2149 1119 et
2209 1078 2405 1134 regnas
2453 1077 2549 1133 per
2605 1062 2817 1120 inﬁnita
2870 1063 3068 1120 saecula
3129 1064 3472 1121 saeculorum.

1906 1156 2076 1212 Amen
2100 1154 2195 1227 (ι).

1980 1249 2112 1306 Post
2166 1249 2282 1303 haec
2314 1246 2546 1318 qualiter
2588 1246 2698 1302 doli
2751 1248 2944 1306 artifex
3002 1249 3194 1320 lupus,
3245 1248 3347 1303 hoc
3394 1255 3478 1303 est

1908 1340 2108 1408 Arius,
2174 1340 2336 1396 ovina
2396 1339 2534 1410 pelle
2577 1347 2906 1404 contectus,-
2943 1339 3284 1395 Dominicum
3337 1340 3480 1396 ovile

1909 1433 2173 1489 dilaniare
2211 1431 2514 1493 intraverit,
2551 1431 2633 1486 vel
2660 1448 2769 1500 quo
2805 1439 2964 1502 pacto
2984 1432 3274 1488 sacerdotii
3301 1430 3480 1504 digni-

1910 1532 2075 1581 tatem
2096 1539 2362 1594 usurpare
2389 1524 2636 1589 valuerit,
2661 1523 2810 1580 brevi
2849 1524 3022 1578 relatu
3055 1524 3336 1580 insinuare
3367 1532 3483 1578 sat-

1911 1633 2153 1690 agemus.
2187 1616 2255 1670 Et
2299 1617 2403 1673 hoc
2430 1633 2540 1673 non
2569 1618 2634 1672 ad
2669 1631 2856 1672 eorum
2907 1616 3340 1686 suggillationem
3385 1617 3480 1686 qui

1911 1711 2098 1766 lolium
2127 1709 2441 1781 apostaticae
2464 1710 2804 1783 contagionis
2841 1709 3051 1765 caelesti
3082 1707 3482 1790 ventilabroab

236 1805 448 1859 ximare
487 1804 633 1870 volo,
665 1805 823 1860 video
851 1806 1143 1876 quamdam
1190 1806 1245 1860 in
1294 1822 1360 1862 eo
1395 1807 1583 1863 sedere
1625 1811 1813 1864 virtu-
1843 1806 1884 1861 Β
1914 1803 2156 1859 Ecclesia
2181 1803 2481 1874 projectum
2511 1801 2578 1856 ad
2614 1817 2796 1858 aream
2825 1803 3120 1859 Dominicae
3156 1801 3352 1857 messis
3397 1814 3482 1856 re-

235 1905 344 1950 tem
376 1896 478 1966 (ο),
509 1897 716 1966 fulgore
743 1896 966 1953 luminis
996 1899 1287 1954 admodum
1335 1901 1654 1957 radiantem.
1690 1902 1812 1958 Mox

235 2001 368 2055 ergo
394 1986 538 2040 inter
568 1987 825 2058 gaudium
858 1995 912 2042 et
934 2003 1189 2058 pavorem
1221 2007 1553 2061 suspensus,
1578 2008 1813 2064 agnosco

238 2092 327 2131 me
381 2085 549 2132 tanta:
607 2079 874 2134 sessionis
926 2096 1154 2150 prorsus
1219 2083 1534 2156 indignum;
1589 2093 1643 2140 et
1704 2086 1812 2142 nisi

238 2164 492 2219 scandali
545 2167 900 2222 seminarium
963 2171 1168 2241 populo
1214 2172 1416 2229 inferre
1467 2176 1811 2241 titubassem,

223 2255 384 2311 haud
408 2256 633 2311 dubium
685 2258 814 2327 quin
843 2275 945 2316 nec
979 2262 1080 2331 ipsi
1110 2263 1347 2320 scabello
1375 2265 1616 2322 assidere
1649 2282 1814 2322 ausus

239 2348 489 2406 fuissem.
545 2349 676 2406 Inde
705 2359 808 2416 est,
859 2339 1318 2420 charissimi'ﬁlii,
1373 2357 1516 2428 quod
1559 2357 1715 2413 vobis
1759 2358 1813 2412 in

237 2440 340 2495 hoc
364 2441 730 2510 pontiﬁcalem
759 2445 1002 2514 regulam
1035 2445 1298 2501 excedere
1325 2447 1533 2502 videor.
1575 2449 1818 2504 Verum—

239 2542 425 2589 tamen
473 2534 754 2591 multoties
799 2536 1020 2607 quando
1065 2552 1186 2593 eam
1239 2548 1519 2595 vacantem
1583 2543 1812 2612 aspicio,

239 2628 386 2684 sicut
435 2628 539 2698 ipsi
572 2637 740 2685 testes
767 2630 1004 2697 adestis,
1036 2648 1191 2688 more
1220 2634 1383 2690 solito
1413 2634 1599 2692 sedere
1629 2638 1683 2691 in
1726 2637 1816 2692 illa

239 2737 349 2776 non
380 2721 588 2777 abnuo.
623 2721 966 2794 Quapropter
1019 2724 1333 2795 hujusmodi
1387 2729 1620 2784 scientes
1661 2744 1818 2784 arca-

240 2830 402 2876 num,
436 2821 492 2869 et
519 2830 620 2884 pro
647 2825 796 2871 certo
824 2825 1106 2886 expertum
1139 2817 1422 2884 habentes,
1453 2820 1580 2890 quia
1611 2820 1657 2877 si
1684 2822 1817 2878 mihi

242 2899 410 2956 fuerit
439 2903 732 2967 indultum,
771 2905 970 2961 sedebo
1001 2922 1165 2976 super
1192 2923 1311 2962 eam
1333 2950 1347 2973 ,
1395 2926 1503 2966 non
1533 2911 1820 2982 parvipen-

239 2990 381 3047 dens
414 2992 624 3048 ordinis
654 2993 992 3064 dignitatem,
1028 2997 1264 3054 omittite
1304 2998 1416 3067 jam
1466 3001 1818 3071 popularibus

1914 1909 2109 1950 vocare
2152 1903 2280 1950 sunt
2309 1894 2424 1950 ausi
2452 1911 2469 1962 ;
2515 1894 2569 1948 bi
2602 1895 2746 1950 enim
2774 1896 3064 1950 sanctitate
3102 1893 3291 1964 procul
3317 1892 3485 1949 dubio

1914 1989 2157 2058 insignes
2208 1987 2494 2050 habentur,
2536 1984 2631 2041 sed
2684 1995 2864 2043 tamen
2911 1993 3064 2040 tanto
3099 1986 3218 2040 viro
3262 1985 3487 2042 credere

1915 2077 2404 2149 parvipendentes,
2440 2077 2638 2133 divina
2679 2077 2945 2148 jussionis
2991 2077 3278 2154 interdicta
3305 2083 3482 2133 trans—

1913 2174 2085 2244 gressi
2121 2181 2269 2230 sunt.
2305 2173 2443 2240 Quid
2465 2174 2632 2246 ergo?
2683 2173 3133 2245 reprehendimus
3189 2173 3326 2228 eos?
3381 2174 3480 2228 mi-

1915 2267 2079 2321 nime.
2104 2265 2357 2331 Quandiu
2378 2266 2523 2322 enim
2554 2283 2654 2324 nos
2696 2267 2800 2321 hoc
2823 2265 3180 2336 corruptibile
3228 2271 3487 2335 aggravat

1915 2373 2116 2428 corpus
2170 2364 2224 2413 et
2283 2357 2538 2429 deprimit
2601 2367 2814 2414 terrena
2879 2359 3200 2414 inhabitatio
3264 2373 3484 2434 sensum

1915 2459 2116 2506 nostrae
2145 2450 2512 2514 inﬁrmitatis,
2567 2451 2724 2505 multi
2773 2451 3072 2522 cogitantes
3132 2449 3352 2505 facilius
3389 2449 3488 2504 fal-

1914 2544 2124 2608 luntur,
2164 2549 2418 2612 putantes
2474 2541 2680 2612 justum
2735 2557 2858 2598 esse
2889 2541 3035 2612 quod
3089 2549 3172 2597 est
3217 2541 3486 2612 iniquum,

1915 2640 2124 2692 castum
2154 2635 2300 2706 quod
2334 2640 2418 2689 est
2447 2634 2736 2690 incestum.
2767 2633 3080 2689 Gabaonitaa
3112 2634 3320 2690 caelesti
3343 2647 3493 2688 com-

1918 2726 2212 2783 minatione
2241 2725 2456 2796 penitus
2505 2725 2741 2792 delendi,
2791 2740 2916 2778 cum
2970 2724 3117 2780 aliud
3146 2725 3404 2780 haberent
3435 2723 3494 2778 in

1918 2828 2081 2884 voto,
2143 2826 2198 2873 et
2249 2816 2398 2872 aliud
2451 2817 2508 2872 in
2553 2831 2688 2872 voce
2740 2815 3037 2886 habituque
3073 2814 3488 2885 praetenderent,

1915 2909 2099 2966 Jesum
2136 2909 2576 2981 repromissionis
2610 2918 2769 2964 terra.
2795 2906 3161 2978 justissimum
3201 2905 3492 2960 divisorem

1919 3002 2152 3059 celerius
2183 3002 2368 3058 fallere
2388 3009 2704 3074 potuerunt.
2741 3000 2910 3056 David
2943 3015 3158 3072 quoque
3191 3000 3493 3071 prophetali

242 3083 477 3139 ulterius
507 3083 1202 3145 favereinclamationibus.
1234 3089 1358 3146 llaec
1381 3092 1633 3148 nimirum
1657 3093 1820 3150 Pater
1879 3164 1886 3165 ί
1921 3092 2138 3151 ﬁamine
2176 3096 2368 3165 plenus
2408 3110 2532 3150 cum
2566 3094 2728 3149 verba
2762 3093 3073 3150 mentientis
3104 3094 3256 3163 pueri
3290 3091 3358 3165 (c)
3393 3109 3493 3146 au-

243 3177 632 3233 sanctissimus
663 3178 790 3233 dum
823 3180 1002 3235 adhuc
1022 3181 1226 3239 viveret
1259 3184 1328 3239 ad
1367 3199 1583 3242 sacrum
1619 3189 1820 3243 clerum

1927 3185 2130 3251 disset;
2161 3164 2289 3241 licet
2319 3185 2682 3255 investigabili
2723 3184 2980 3255 justeque
3023 3183 3112 3240 Dei
3133 3183 3362 3256 judicio,
3412 3191 3494 3236 ta-

240 3277 472 3323 coactus
499 3267 770 3339 exposuit.

319 3354 530 3411 Horum
561 3372 688 3428 ergo
721 3357 924 3415 Christi
959 3357 1144 3416 ﬁdeles
1186 3360 1276 3431 pia
1323 3360 1608 3420 devotione
1663 3366 1829 3421 remi-

243 3447 551 3514 miscentes,
579 3449 823 3504 tulerunt
849 3450 969 3520 ejus
1021 3452 1454 3509 sacratissimum
1490 3472 1721 3526 corpus,
1775 3466 1829 3514 et

244 3538 545 3611 episc0pali
583 3540 721 3596 solio
759 3541 1116 3611 supersedere
1148 3542 1411 3600 fecerunt.
1455 3545 1626 3602 Tanta
1674 3548 1829 3604 deni-

245 3646 356 3700 que
388 3630 574 3685 laetitia
613 3638 872 3703 tantaque
905 3635 1197 3690 exsultatio
1231 3636 1448 3692 ccelitus
1481 3639 1680 3708 populo
1715 3641 1829 3696 col-

246 3719 360 3773 lata
393 3729 500 3783 est,
531 3734 595 3774 ac
628 3721 674 3776 si
701 3736 822 3775 eum
862 3723 1158 3778 animatum
1192 3739 1256 3780 ac
1290 3727 1561 3780 viventem
1589 3730 1834 3785 attende-

249 3819 396 3866 rent.
434 3810 637 3867 Deinde
679 3813 968 3870 odoriferis
1013 3815 1330 3873 condientes
1362 3819 1697 3876 aromatibus
1743 3821 1831 3874 in-

250 3900 494 3954 duerunt
553 3901 704 3954 illum
763 3903 957 3958 sericis
1014 3904 1393 3975 indumentis;
1460 3911 1834 3979 unusquisque

250 3991 403 4046 enim
459 3989 606 4062 quod
665 3992 967 4063 anticipare
1019 3992 1242 4050 ferendo
1274 4004 1516 4065 poterat,
1572 3997 1677 4054 hoc
1729 3998 1834 4053 sibi

251 4083 555 4138 maximum
605 4085 813 4139 lucrum
853 4086 1162 4157 deputabat.
1195 4087 1332 4144 Tum
1383 4090 1627 4146 victricia
1682 4091 1835 4163 signa

251 4177 466 4246 palmas
498 4184 770 4247 gerentes,
822 4178 1226 4237 ﬂammantibus
1259 4183 1466 4248 cereis,
1503 4198 1834 4255 concrepan-

255 4267 408 4323 tibus
441 4267 679 4341 hymnis,
712 4270 1172 4346 ﬁagrantibusque
1223 4274 1686 4347 thymiamatibus,
1725 4292 1837 4334 coe-

254 4359 414 4414 lestis
449 4360 690 4416 victoria:
713 4363 1048 4435 triumphum
1077 4367 1438 4434 celebrantes,
1467 4347 1846 4441 deposuerunt.

1927 3292 2050 3332 men
2095 3278 2253 3347 longe
2304 3276 2449 3331 aliud
2482 3278 2592 3347 egit
2623 3291 2783 3346 quam
2811 3291 2932 3332 esse
2962 3291 3051 3331 res
3093 3275 3300 3331 habuit.
3357 3275 3497 3342 Quid

1927 3369 2091 3424 etiam
2126 3369 2386 3439 apostolis
2437 3369 2745 3433 sublimius,
2789 3368 2879 3439 qui
2916 3384 2976 3424 se
3026 3383 3056 3422 a
3105 3378 3291 3423 nostra
3323 3367 3497 3423 imbe-

1929 3456 2152 3512 cillitate
2179 3465 2528 3528 sequestrate
2574 3456 2940 3512 nutaverunt?
2974 3453 3108 3509 Nam
3137 3471 3280 3510 unus
3308 3469 3497 3510 eorum

1928 3546 2188 3603 describit
2242 3565 2256 3604 :
2308 3546 2375 3602 In
2416 3546 2598 3602 multis
2649 3546 2958 3617 o/j‘endimus
3019 3561 3192 3600 omnes
3251 3546 3290 3598 ¹.
3351 3545 3498 3600 Alter

1931 3654 2181 3710 quoque:
2215 3639 2274 3695 Si
2317 3640 2630 3704 dixerimus,
2675 3638 2870 3708 inquit,
2915 3638 3043 3710 quia
3080 3646 3347 3707 peccatum
3396 3653 3498 3691 non

1931 3731 2200 3798 habemus,
2235 3733 2335 3802 ipsi
2362 3749 2457 3787 nos
2488 3730 2784 3786 seducimus
2833 3738 2884 3784 et
2915 3730 3105 3785 veritas
3131 3730 3186 3784 in
3213 3728 3362 3784 nobis
3397 3746 3501 3783 non

1931 3833 2009 3877 est
2038 3825 2080 3875 ⁸.
2119 3819 2224 3876 Sed
2265 3836 2388 3875 cum
2420 3821 2613 3875 horum
2645 3835 2748 3876 nos
2784 3818 3030 3890 poenitet,
3081 3825 3235 3874 tanto
3287 3817 3502 3873 facilius

1933 3914 2145 3969 veniam
2199 3928 2594 3983 promeremur,
2645 3911 2864 3984 quando
2913 3928 3022 3968 non
3071 3911 3350 3967 voluntate
3408 3911 3504 3966 sed

1934 4006 2242 4078 ignorantia
2268 4007 2352 4062 vel
2392 4005 2684 4077 fragilitate
2722 4006 3087 4076 peccavimus.
3119 4005 3185 4059 Et
3214 4013 3363 4060 certe
3403 4005 3503 4058 hu-

1930 4099 2171 4172 jusmodi
2198 4099 2402 4156 oﬁ‘ensa
2431 4117 2538 4156 non
2560 4099 2627 4155 de
2653 4099 3113 4171 praevaricationis
3143 4097 3335 4154 affectu
3355 4138 3369 4162 ,
3410 4097 3506 4153 sed

1934 4193 2002 4250 de
2031 4193 2425 4262 compassionis
2450 4191 2781 4263 indulgentia
2803 4192 3086 4261 processit.
3118 4189 3382 4246 Caterum
3412 4205 3506 4244 su-

1935 4300 2032 4355 per
2087 4284 2174 4340 his
2231 4285 2622 4356 apologeticum
2687 4284 2995 4340 describere
3055 4283 3178 4338 aliis
3247 4281 3510 4351 relinqui-

1935 4392 2059 4432 mus
2085 4376 2191 4448 (d);
2233 4393 2333 4433 nos
2356 4385 2534 4431 autem
2562 4377 2707 4446 quod
2741 4376 2908 4431 instat
2935 4391 3180 4446 agamus.
3212 4372 3507 4444 Postquam

256 4460 486 4559 sanctas
524 4454 803 4526 reliquias,
833 4465 888 4512 et
913 4458 1240 4528 sepelierunt
1285 4476 1380 4518 eas
1408 4463 1463 4516 in
1499 4465 1831 4530 coemeterio,
1864 4503 1909 4559 ι)
1939 4467 2105 4538 igitur
2138 4466 2460 4539 magniﬁcus
2511 4475 2880 4540 propugnator
2906 4463 3123 4530 Petrus,
3157 4464 3376 4520 nomine
3407 4477 3509 4518 suo

256 4542 406 4613 quod
451 4543 656 4600 dudum
707 4547 776 4602 ab
819 4564 884 4604 eo
931 4547 1106 4604 fuerat
1151 4560 1556 4619 constructum,
1617 4554 1709 4609 ubi
1765 4570 1833 4610 ex
1864 4542 1908 4559 υ
1935 4557 2154 4629 dignus,
2183 4573 2275 4628 per
2295 4558 2540 4629 martyrii
2561 4557 2984 4629 triumphum...

259 4643 394 4692 tunc
441 4645 498 4692 et
532 4653 704 4709 usque
759 4641 813 4694 in
870 4641 1189 4699 hodiernum
1251 4642 1394 4700 diem
1448 4646 1834 4703 miraculorum

333 4794 416 4936 Ea)
447 4793 690 4867 lntellige
713 4797 798 4853 vel
827 4798 1006 4868 ipsum
1036 4797 1204 4854 Deum
1235 4801 1319 4856 vel
1351 4803 1622 4872 angelum.

357 4865 409 4935 ὁ)
446 4865 578 4932 Quae
631 4880 934 4936 sequuntur
983 4870 1050 4924 de
1086 4870 1218 4926 Ario
1261 4870 1551 4926 infeliciter
1602 4888 1622 4926 a

357 4865 409 4935 ὁ)
446 4865 578 4932 Quae
630 4865 934 4938 sequuntur
983 4870 1050 4924 de
1086 4870 1218 4926 Ario
1261 4865 1551 4926 infeliciter
1602 4870 1841 4942 adipren

262 4936 603 5011 sbyteratum
639 4936 924 5011 assumpto
970 4955 999 4992 a
1042 4954 1361 4997 successore
1414 4942 1556 4998 Petri
1608 4936 1838 5011 Achilla,

227 5006 727 5130 Δῗῑὶέὲίυῐὲέἑηηιιίηο
775 5006 848 5063 ab
885 5010 1036 5064 Actis
1072 5011 1483 5069 Combeﬁsianis
1538 5021 1593 5068 et
1643 5027 1673 5066 a
1715 5006 1836 5068 cod'.

338 5147 418 5217 (ο)
443 5143 586 5202 Ρυιο
614 5148 697 5204 vel
727 5148 1080 5206 Absalomum
1106 5151 1190 5207 vel
1223 5148 1429 5219 Sibam,
1464 5147 1510 5206 Il
1549 5149 1681 5220 Reg.
1727 5170 1842 5220 xxv,

335 5303 352 5335 '
389 5299 515 5359 Jac.
541 5303 699 5371 111,2.
773 5306 795 5338 ⁸
830 5303 860 5360 Ι
893 5301 1053 5362 Joan.
1089 5323 1126 5374 ι,
1153 5307 1204 5364 8.

2395 4647 2618 4720 Reliqua
2667 4647 3053 4704 desiderantur.

1939 4804 2038 4869 3'5;
2064 4819 2172 4865 xvi,
2199 4805 2253 4858 5.

2011 4873 2090 4943 (ά)
2117 4873 2348 4929 Pulchra
2405 4888 2538 4930 sane
2585 4873 2867 4939 defensio;
2893 4888 2958 4928 ex
2989 4886 3096 4942 qua
3137 4872 3300 4943 etiam
3339 4871 3514 4943 conji-

1943 4940 2049 5015 cio,
2072 4940 2320 5015 Graecum
2360 4943 2506 5015 Petri
2554 4943 2913 5015 biographum
2941 4940 3128 5015 prope
3156 4940 3398 4996 abfuisse
3442 4941 3512 4995 ab

1943 5013 2187 5080 ejusdem
2221 5014 2576 5086 temporibus,
2605 5011 3263 5086 quan'doquidem'ipsius
3293 5025 3513 5086 succes-

1946 5086 2080 5150 sori,
2113 5083 2270 5153 quasi
2295 5081 2472 5139 adhuc
2515 5081 2747 5141 recentis
2784 5081 3075 5149 memoriae,
3110 5081 3235 5136 'tam
3269 5081 3514 5138 studiose

1944 5155 2340 5225 patrocinatur.
