3862 6158
386 309 487 387 ιϐῚ
1420 325 1478 382 S.
1514 321 1717 379 PETRI
1756 321 2228 379 ALEXANDRINI
2256 319 2565 378 EPISCOPI

3522 311 3630 367 ‘68

397 494 3625 546 ψ

1245 737 2021 925 SANCTI
2108 741 2761 920 PETRI

821 1081 1369 1182 EPISCOPI
1442 1081 2284 1173 ALEXANDRINI
2361 1079 2514 1169 ET
2583 1072 3207 1167 MARTYRIS

1251 1315 1951 1432 EPISTOLA
2044 1311 2828 1459 CANONICA,

844 1566 1160 1630 Theodori
1214 1563 1611 1627 Balsamonis
1644 1571 1703 1625 et
1743 1563 2012 1624 Ioannis
2045 1563 2310 1622 lanam:
2339 1559 2801 1621 commentariis
2832 1557 3182 1619 illustrata.

455 1734 545 1800 (S.
569 1731 716 1784 Petri
735 1728 1059 1782 Alexandrini
1082 1729 1306 1800 Canones
1333 1727 1780 1800 post‘Gallandium
1803 1723 1962 1800 edidit
1987 1721 2465 1800 .Ang.!Mai..Spicit,
2672 1721 2906 1800 in,
2923 1749 2985 1758 -—
3005 1721 3080 1772 Ex
3103 1723 3252 1772 variis
3282 1720 3589 1773 lectionibus

1165 1783 1386 1852 potiores
1407 1790 1714 1850 admisimus;
1743 1788 1964 1850 reliquas
1987 1783 2146 1838 textui
2171 1783 2483 1849 subjecimus.
2511 1787 2645 1836 Ent‘r.
2671 1783 2909 1847 Panos.)

395 2094 624 2161 nm"
695 2091 920 2149 PETRI
983 2086 2039 2161 ARCHIEPISCOPIHQLEXNEA

2092 2089 2200 2143 ιον
2251 2087 2647 2161 mmemor,
2669 2084 3272 2161 Αρκιβριειερῌρζ
3317 2082 3656 2161 έΑεξέα;

467 2163 689 2221 DRINI
764 2164 856 2218 ET
927 2162 1305 2218 MARTYRIS
1373 2158 1768 2216 CANONES.
1836 2157 1969 2225 QUI

472 2233 872 2290 FERUNTUR
917 2233 1002 2288 IN
1040 2231 1409 2294 SERMONE
1457 2229 1638 2289 EJUS
1678 2229 1776 2284 DE
1815 2229 1974 2287 PCE-

468 2305 867 2367 NITENTIA.

1034 2489 1264 2546 CANON‘
1290 2489 1332 2544 l.

473 2606 492 2639 ι
537 2585 808 2654 Quoniam
840 2593 1024 2640 autem
1067 2591 1326 2654 quartum
1380 2582 1592 2640 Pascha
1637 2581 1976 2652 persecutio-

2142 2159 2411 2211 ΔΡΕΙΑΣ
2431 2159 2720 2221 ΠΕΤΡΟΥ,
2735 2157 2868 2215 ΚΑΙ
2885 2157 3290 2216 ΜΑΡΤΥΡΟΣ,
3309 2155 3661 2208 ΚΑΝΟΝΕΣ

2134 2229 2670 2286 ΕΜΦΕΡΟΜΕΝΟΙ
2711 2228 2813 2281 ΕΝ
2861 2227 2944 2296 Τῼ
2995 2228 3175 2280 ΠΕΡΙ
3221 2223 3660 2284 ΜΕΤΑΝΟΙΛΣ

2141 2304 2187 2354 Α
2202 2301 2334 2353 rm
2348 2300 2392 2356 Υ
2425 2299 2642 2372 ΛΟΓῼ.

2703 2477 2941 2534 ΚΑΝΩΝ
2971 2477 3049 2529 Α’.

2149 2591 2166 2624 ι
2199 2572 2334 2625 Επεὶ
2366 2571 2545 2625 τοίνυν
2581 2569 2840 2642 τέταρτον
2881 2568 2981 2640 ἤδη
3034 2565 3224 2638 Πάσχα
3264 2562 3664 2634 ἐπικατείληφε

399 2696 420 2730 ι
468 2653 591 2733 nem
617 2678 729 2747 jam
758 2653 1136 2748 apprehendit,
1174 2675 1308 2730 satis
1339 2682 1424 2730 est
1474 2677 1532 2730 in
1576 2674 1644 2730 iis
1687 2673 1784 2744 qui
1809 2670 1974 2726 delati

2092 2683 2099 2716 ι
2137 2664 2226 2718 τὸν
2246 2663 2504 2734 διωγμὸν,
2524 2662 2809 2734 αὐτάρκως
2825 2660 2936 2731 ἔχει
2955 2661 3068 2722 τοῖς
3097 2657 3193 2728 μὲν
3220 2653 3662 2729 προσενεχθεῖσι,

401 2788 422 2824 ι
471 2769 690 2840 quidem
724 2769 925 2824 suntin
945 2767 1363 2837 custodiamque
1393 2767 1648 2837 conjecti,
1675 2771 1976 2820 tormenta-

403 2880 424 2914 ι
470 2877 577 2931 que
637 2876 747 2915 non
778 2859 1107 2924 sutl'erenda,
1138 2868 1193 2915 et
1238 2859 1600 2914 intolerabilia
1660 2856 1870 2928 ﬂagella
1921 2865 1977 2911 et

404 2972 423 3003 ι
473 2953 672 3006 multas
717 2952 854 3006 alias
907 2966 1102 3021 graves
1154 2951 1512 3007 necessitates
1569 2949 1972 3014 sustinuerunt,

405 3063 424 3096 ι
473 3055 662 3115 postea
690 3051 869 3100 autem
903 3052 1032 3099 sunt
1061 3059 1093 3098 a
1132 3045 1317 3098 carnis
1347 3041 1721 3098 imbecillitate
1751 3040 1973 3112 proditi,

405 3157 427 3194 ι
469 3138 690 3196 etiamsi
723 3153 834 3192 non
861 3137 929 3191 ab
957 3137 1114 3190 initio
1143 3135 1386 3205 suscepti
1436 3142 1564 3190 sunt
1609 3141 1833 3205 propter
1854 3148 1978 3204 gra-

401 3249 428 3293 σ
469 3246 590 3288 vem
625 3230 838 3300 lapsum
896 3237 1251 3284 consecutum
1287 3235 1512 3281 :tamen
1559 3225 1689 3296 quia
1744 3226 1975 3280 multum

2079 2777 2099 2810 ι
2140 2757 2236 2812 καλ⁸
2270 2755 2667 2828 φυλακισθεῖσι,
2703 2755 2965 2826 βασάνους
2994 2769 3053 2805 τε
3094 2750 3452 2811 ἀνυποίστους
3476 2749 3494 2778 ί
3526 2748 3667 2800 ὑπο-

2081 2869 2099 2902 ι
2147 2848 2500 2922 μεμενηκόσι,
2537 2849 2631 2902 καὶ
2660 2849 2964 2919 ἀφορήτους
2998 2845 3289 2915 μάστιγας,
3324 2840 3419 2894 καὶ
3455 2837 3666 2922 πολλὰς

2080 2961 2101 2996 ι
2136 2920 2322 3015 ἐτέρας
2347 2920 2598 3010 ἀνάγκας
2630 2940 2828 3003 δεινὰς,
2857 2938 3080 3008 ὕστερον
3103 2936 3159 2989 δὲ
3186 2920 3606 3005 προδεδομένοις
3626 2932 3666 2962 ¹⁶

2081 3055 2100 3088 ι
2143 3034 2247 3088 ὑπὸ
2289 3034 2388 3105 τῆς
2424 3033 2705 3093 ἀσθενείας
2747 3030 2847 3101 τῆς
2878 3028 3099 3098 σαρκὸς,
3143 3028 3192 3078 εἰ
3235 3025 3431 3096 καὶμὴ
3466 3023 3670 3096 ἑξάρ-

2082 3146 2102 3180 ι
2141 3128 2244 3198 χῆς
2277 3125 2685 3198 παρεδέχθησαν
2716 3123 2804 3177 διὰ
2851 3121 2948 3192 τὴν
2969 3117 3528 3190 παρακολουθήσασαν
3566 3135 3670 3187 με-

2083 3234 2102 3267 (
2143 3217 2334 3284 γίστην
2389 3213 2613 3277 πτῶσιν,
2671 3213 2821 3283 ὅμως
2851 3209 2940 3264 διὰ
2977 3209 3038 3262 τὸ
3065 3208 3233 3262 πολλὰ
3268 3207 3467 3270 αὐτοὺς
3495 3206 3674 3278 ἠθλη-

409 3342 430 3376 ι
477 3298 830 3377 decertarunt
852 3326 906 3374 et
939 3319 1032 3374 diu
1061 3318 1380 3374 restiterunt
1409 3337 1422 3372 :
1457 3332 1567 3372 non
1605 3317 1751 3373 enim
1785 3326 1979 3387 sponte

2092 3325 2102 3360 l
2143 3307 2296 3362 κέναι
2325 3305 2418 3360 καὶ
2445 3306 2538 3360 ἐπὶ
2561 3305 2694 3358 πολὺ
2722 3301 3185 3376 ἀντιμαχέσασθαι
3214 3303 3234 3332 ³
3270 3300 3350 3371 (ού
3381 3298 3493 3372 γὰρ
3523 3300 3672 3353 κατὰ

409 3433 428 3467 ι
477 3415 544 3468 ad
578 3429 640 3469 ea
663 3412 1021 3475 devenerunt,
1058 3410 1152 3466 sed
1181 3425 1210 3463 a
1237 3411 1421 3464 carnis
1451 3409 1826 3464 imbecillitate
1851 3423 1979 3478 pro-
2009 3447 2039 3501 Ε

2092 3419 2104 3452 ι
2147 3399 2462 3472 προαίρεσιν
2503 3399 2560 3450 ὲν
2608 3396 2780 3472 τούτῳ
2824 3393 3166 3470 ἐληλύθασιν,
3213 3390 3348 3452 ἀλλὰ
3375 3408 3669 3464 καταπρο-

2143 3491 2255 3501 --,
2419 3489 2592 3501 ..-
2669 3487 2755 3501 .,.
2861 3486 2871 3501 .
3001 3487 3022 3496 -

407 3528 425 3559 ι
469 3507 609 3561 diti:
638 3521 766 3561 nam
819 3513 874 3560 et
917 3505 1172 3574 stigmata
1211 3499 1343 3560 Jesu
1390 3501 1446 3555 in
1496 3502 1614 3557 suis
1656 3501 1980 3571 corporibus
2009 3481 2039 3501 u

2092 3511 2103 3544 ι
2140 3491 2380 3561 δοθέντες
2411 3489 2515 3542 ὑπὸ
2533 3490 2631 3566 τῆς
2658 3486 2940 3548 ἀσθενείας
2964 3487 3060 3555 τῆς
3085 3481 3328 3554 σαρκὸς),
3353 3481 3548 3552 ἐπειδὴ
3574 3483 3673 3535 καὶ

403 3618 423 3654 ι
471 3608 765 3660 ostentant,
798 3607 852 3653 et
899 3596 1146 3660 nonnulli
1195 3610 1340 3650 anno
1379 3594 1493 3663 jam
1537 3593 1700 3650 tertio
1730 3591 1924 3648 deﬂent
1961 3611 1976 3646 :

383 3695 425 3740 ἐ
474 3693 555 3746 eis
581 3690 649 3744 ab
686 3691 923 3751 adventu
955 3705 1051 3760 per
1103 3687 1507 3744 revocationem
1555 3687 1610 3740 in
1658 3685 1979 3743 memoriam

407 3801 430 3835 ι
477 3783 570 3838 alii
602 3783 966 3854 quadraginta
997 3783 1116 3838 dies
1148 3781 1527 3852 injungantur,
1561 3794 1700 3849 quos
1729 3794 1853 3835 cum
1887 3778 1975 3850 je-

404 3893 425 3929 ι
469 3876 719 3944 junasset
744 3874 1008 3937 Dominus
1037 3881 1091 3928 ct
1121 3872 1382 3928 Servator
1410 3879 1599 3928 noster
1628 3869 1789 3927 Jesus
1817 3870 1978 3926 Chri-

404 3987 426 4024 ι
475 3975 614 4030 stus,
639 3973 927 4036 postquam
961 3966 1271 4035 baptizatus
1311 3965 1510 4030 fuerat,
1547 3972 1790 4020 tentatus
1822 3969 1906 4018 est
1945 3977 1976 4016 a

407 4079 427 4110 ι
475 4058 713 4113 diabolo.
747 4057 804 4111 1n
838 4058 1040 4126 quibus
1071 4066 1124 4113 et
1169 4058 1272 4130 ipsi
1321 4073 1447 4112 cum
1493 4055 1652 4112 valde
1693 4053 1978 4110 exercitati

399 4167 426 4202 ιι
477 4147 698 4210 fuerint,
733 4155 788 4205 et
819 4147 1554 4218 constantiusjejunaverint
1581 4166 1594 4202 :
1623 4145 1882 4215 deinceps
1919 4146 1974 4198 in

406 4255 426 4292 ι
470 4238 812 4292 orationibus
847 4238 1524 4314 vigilabuntzmeditantes
1573 4238 1720 4309 quod
1769 4236 1977 4291 dictum

403 4347 425 4382 ι
469 4339 554 4385 est
580 4345 610 4384 a
637 4329 867 4391 Domino
895 4330 960 4384 ad
993 4345 1116 4385 eum
1159 4331 1251 4400 qui
1287 4331 1436 4385 illum
1461 4337 1648 4394 tentat,
1681 4333 1741 4382 ut
1795 4327 1978 4398 ipsum

403 4440 426 4481 ι
470 4424 661 4477 adoret
690 4441 701 4476 :
729 4421 830 4476 Abi
889 4437 1039 4491 pauc,
1086 4421 1288 4476 Satana
1329 4438 1348 4478 :
1387 4423 1641 4490 scriptum
1685 4430 1763 4475 est
1811 4419 1984 4478 enim;

405 4533 424 4566 ι
476 4514 757 4569 Dominum
792 4525 938 4568 tuum
971 4514 1244 4581 adorabis,
1281 4524 1328 4568 et
1362 4513 1445 4568 illi
1467 4513 1782 4576 soliaervies
1819 4523 1866 4566 α.
1916 4531 1936 4564 ›

2083 3603 2101 3636 ι
2146 3583 2418 3654 στίγματα
2446 3581 2539 3642 τοῦ
2582 3579 2758 3652 Ἰησοῦ
2794 3578 3150 3631 ἐνδείκνυνται
3179 3578 3232 3630 ἐν
3276 3577 3388 3637 τοῖς
3413 3573 3673 3644 σώμασιν
3721 3645 3726 3651 Ι

2082 3697 2100 3730 ι
2140 3675 2346 3736 ἑαυτῶν
2367 3677 2432 3742 ⁸⁸,
2453 3673 2547 3727 καὶ
2567 3672 2667 3742 ἤδη
2685 3670 2828 3734 τινὲς
2843 3669 3021 3741 τρίτον
3042 3667 3157 3730 ἔτος
3183 3666 3364 3737 ἔχουσι
3389 3681 3675 3718 καταπεν-

2083 3790 2102 3821 ι
2141 3769 2356 3832 θοῦντες
2378 3784 2390 3796 ·
2444 3763 2970 3836 προσεπιτιμηθῆναι
3000 3762 3181 3822 αὐτοῖς
3214 3759 3321 3812 ἀπὸ
3359 3757 3464 3826 τῆς
3500 3772 3676 3828 προσ-

2083 3881 2102 3914 (
2139 3860 2403 3929 ελεύσεως
2458 3857 2579 3912 καθ’
2643 3855 2948 3926 ὑπόμνησιν
3017 3852 3182 3914 ἄλλας
3251 3848 3675 3920 τεσσαράκοντα

2084 3976 2103 4008 ι
2144 3954 2375 4032 ἡμέρας,
2404 3951 2490 4016 ἃς,
2515 3951 2717 4021 καίπερ
2739 3945 3038 4018 νηστεύσας
3069 3947 3096 3997 ὁ
3125 3945 3329 4032 Κύριος
3353 3941 3447 3994 καὶ
3471 3940 3674 4032 θυτὴρ

2085 4066 2104 4098 ‹
2144 4027 2302 4120 ἡμῶν
2359 4040 2568 4114 Ἰησοῦς
2619 4037 2881 4110 Χριστὸς,
2955 4033 3094 4105 μετὰ
3141 4033 3201 4085 τὸ
3258 4027 3672 4102 βαπτισθῆναι,

2086 4159 2104 4191 ι
2143 4135 2442 4209 ὲπειράσθη
2490 4131 2595 4186 ὑπὸ
2644 4128 2736 4183 τοῦ
2783 4125 3025 4180 διαϐόλου
3053 4141 3067 4154 ’
3133 4125 3211 4186 εἰς
3251 4121 3319 4184 ἃς
3371 4121 3468 4174 καὶ
3508 4119 3672 4172 αύτοὶ

2087 4251 2105 4284 ι
2143 4230 2282 4286 κατὰ
2307 4228 2368 4287 τὸ
2397 4224 2650 4297 περισσὸν
2677 4218 3183 4292 διαγυμνασθέντες,
3207 4212 3575 4284 εύτονώτερόν
3606 4213 3671 4242 ⁸⁸·

2089 4345 2108 4378 ι
2146 4341 2208 4378 τε
2257 4320 2547 4396 νήψαντες,
2587 4315 3026 4388 γρηγορὴσουσιν
3087 4311 3166 4375 εἰς
3218 4306 3532 4380 προσευχὰς
3575 4303 3673 4358 τοῦ

2088 4435 2109 4471 ι
2145 4414 2354 4477 λοιποῦ,
2378 4405 2854 4482 καταμλετῶντες
2882 4403 2944 4456 τὸ
2969 4399 3291 4474 λελεγμένον
3317 4399 3408 4430 ¹⁹⁶⁶
3435 4397 3546 4450 ὑπὸ
3575 4396 3673 4450 τοῦ

2090 4525 2110 4559 ι
2147 4503 2350 4581 Κυρίου
2379 4500 2514 4572 πρὸς
2534 4498 2625 4552 τὸν
2645 4493 2971 4564 πειράζοντα
2997 4491 3177 4552 αὑτὸν,
3201 4491 3287 4548 ἵνα
3307 4491 3672 4561 προσκυνήσῃ

403 4629 425 4664 ι
459 4611 640 4682 αὐτῷ·
684 4612 902 4681 Ὕπαγε
946 4613 1137 4666 ὀπίσω
1183 4629 1327 4682 μου,
1357 4608 1620 4664 Σατανᾶ·
1667 4606 1987 4679 γέγραπται
2042 4603 2174 4674 γὰρ,
2217 4600 2436 4668 Κύριον
2503 4595 2610 4648 τὸν
2654 4591 2801 4646 Θεόν
2855 4605 2970 4643 σου
3028 4583 3500 4654 προσκυνήσεις,
3574 4583 3674 4638 καὶ

406 4725 426 4758 ι
466 4705 628 4771 αὐτῷ
651 4706 818 4774 μόνῳ
844 4707 1218 4774 λατρεύσεις.
1256 4725 1275 4758 ι

473 4802 634 4859 Bus.
662 4803 969 4861 Praesentes
998 4819 1242 4859 canones
1260 4811 1502 4859 tractant
1530 4803 1597 4858 de
1625 4802 1694 4859 iis
1729 4802 1820 4872 qui
1849 4815 1977 4870 pro-
2004 4803 2039 4860 C

2149 4789 2347 4845 ΒΑΛΣ.
2381 4788 2443 4842 Οἱ
2473 4784 2740 4856 παρόντες
2772 4780 2993 4844 κανόνες
3023 4778 3153 4850 περὶ
3184 4776 3292 4830 τῶν
3322 4776 3380 4828 ὲν
3405 4773 3673 4845 διωγμοῖς

401 4893 580 4963 priam
613 4893 774 4949 ﬁdem
807 4897 860 4948 in
887 4896 1365 4966 persecutionibus
1401 4903 1760 4966 negaverunt,
1783 4899 1837 4948 et
1857 4906 1980 4962 pm-

2092 4880 2477 4958 ὶρνησαμένων
2531 4879 2634 4948 τὴν
2671 4873 2879 4929 οἰκείαν
2928 4873 3128 4934 πίστιν,
3157 4868 3254 4923 καὶ
3302 4867 3672 4938 μετανοησάν-

403 4984 690 5037 nitentiam
715 4969 963 5055 egerunt.
998 4987 1064 5040 Et
1094 4987 1249 5057 jubet
1286 4987 1506 5058 quidem
1538 4987 1750 5056 primus
1779 4999 1979 5048 canon,

2081 4957 2212 5040 των,
2263 4970 2706 5044 διαλαμϐάνουσι.
2761 4968 2872 5020 Καὶ
2932 4963 3131 5019 αὐτίκα
3163 4963 3192 5015 ὁ
3219 4959 3435 5032 πρῶτος
3488 4957 3672 5012 κανὼν

403 5076 486 5134 eis
531 5078 626 5145 qui
672 5085 796 5147 post
840 5081 1013 5140 multa
1046 5051 1320 5142 tormenta
1344 5051 1747 5138 sacriﬁcarunt,
1779 5083 1839 5130 ut
1887 5075 1982 5146 qui

2092 5066 2478 5129 διακελεύεται,
2507 5062 2632 5124 τοὺς
2667 5058 2932 5121 θύσαντας
2964 5055 3100 5127 μετὰ
3145 5053 3414 5124 βασάνους
3445 5051 3672 5115 πολλὰς,

407 5177 630 5237 propter
667 5168 1094 5226 imbecillitatem
1145 5187 1496 5242 perseverare
1533 5188 1644 5227 nou
1683 5171 1981 5242 potuerint,

409 5263 462 5308 et
484 5257 539 5309 in
564 5258 886 5326 poenitentia
918 5270 1031 5317 tres
1060 5278 1235 5318 annos
1264 5264 1654 5333 transegerint,
1682 5263 1820 5318 alios
1846 5277 1996 5342 quo;

2087 5163 2162 5224 ὡς
2225 5160 2299 5232 μὴ
2335 5154 2660 5228 δυνηθέντας
2685 5151 2774 5205 διὰ
2804 5149 3086 5203 ἀσθένειαν
3125 5143 3557 5214 ἐγκαρτερῆσαι,
3580 5143 3668 5196 καὶ

2087 5253 2506 5315 διαϐιϐάσαντας
2547 5249 2676 5321 τρία
2719 5245 2812 5316 ἔτη
2837 5245 2894 5297 ὲν
2923 5243 2990 5318 τῇ
3038 5237 3316 5310 μετανοίᾳ,
3348 5251 3665 5307 προσεπιτι-

413 5362 517 5415 que
543 5325 904 5419 quadraginta
953 5353 1071 5408 dies
1115 5353 1347 5424 iniungi,
1378 5361 1432 5410 et
1455 5325 1536 5408 sic
1577 5325 1811 5408 admitti.
1846 5325 1996 5407 Nota.

2093 5345 2454 5419 μηθῆναικαὶ
2477 5341 2667 5415 ἐτέρας
2708 5333 3114 5406 τεσσαράκοντα
3139 5329 3371 5424 ἡμέρας,
3406 5327 3504 5424 καὶ
3529 5325 3671 5424 οὕτω

415 5448 710 5508 pnesentes
733 5456 995 5509 canones,
1041 5444 1136 5515 qui
1168 5446 1318 5500 varia
1353 5446 1600 5516 quaedam
1630 5453 1684 5501 et
1712 5444 1864 5500 utilia
1892 5444 1988 5498 de-

522 5604 548 5633 ι
573 5591 767 5649 Matth.
794 5609 869 5659 tv,
904 5595 993 5650 10.

2093 5415 2365 5510 θεγθῆναι.
2394 5435 2705 5507 Σημείωσαι
2733 5429 2858 5492 τοὺς
2888 5423 3158 5496 παρόντας
3180 5415 3416 5482 κανόνας
3441 5415 3669 5491 διοριζο-

1699 5705 1938 5762 VARIAE
1973 5701 2376 5762 LECTIONES.

522 5836 541 5874 ⁸
574 5835 926 5907 ἀνηκέστους.
1006 5838 1050 5871 ⁸*
1086 5839 1509 5910 προδιδομένοις.
1582 5844 1603 5876 ²
1627 5841 2041 5916 ἀντιμάχεσθαι.
2118 5843 2159 5874 ³⁸
2189 5838 2387 5900 αύτῶν.
2464 5839 2530 5870 ³⁶⁶
2565 5831 2934 5907 ἐντονώτερον.
3002 5828 3092 5862 "”
3125 5823 3440 5896 λεγόμενον.
