3862 6158
253 280 364 336 ὁεῖθ

1477 276 1814 334 EPISTOLA
1854 273 2222 334 CANONICA.

3397 273 3504 338 ‘70

259 392 457 467 μένους
501 389 734 462 διάφορά
765 406 888 444 τινα
913 390 1007 443 καὶ
1027 389 1319 458 ἀναγκαῖα,
1344 361 1501 460 χάριν
1534 389 1643 442 τῶν
1668 390 1837 460 ἀρνη-

1945 387 2139 442 ﬁniunt
2163 388 2218 442 in
2248 385 2478 457 gratiam
2502 400 2691 442 eorum
2728 384 2823 458 qui
2870 383 3042 440 Deum
3071 385 3430 456 abnegarunt,
3450 394 3506 440 et

260 485 456 540 σιθέων
481 481 785 555 ζητούντων
832 482 1140 553 μετάνοιαν,
1177 481 1271 535 καὶ
1310 483 1439 553 περὶ
1467 481 1572 535 τῶν
1603 482 1835 552 αύτομο-

256 576 540 648 λησάντων
585 577 666 638 εἰς
719 574 781 627 τὸ
816 573 1111 648 μαρτύριον
1139 575 1234 627 καὶ
1265 574 1717 636 ἐκπεπτωκότων,
1743 573 1835 626 καὶ

256 667 420 724 πάλιν
470 666 917 740 ὁμολογησάντων
973 665 1072 737 τὴν
1121 665 1322 729 πίστιν,
1360 665 1456 718 καὶ
1491 667 1619 736 περὶ
1661 665 1834 720 ἄλλων

254 758 420 811 τινῶν
480 755 757 809 τοιούτων.
810 756 971 824 Ζὴτει
1003 753 1316 824 ἀναγκαίως
1341 755 1434 808 καὶ
1468 756 1592 818 τοὺς
1621 754 1836 818 πλείους

253 851 491 914 κανόνας
514 849 616 919 τῆς
640 853 698 904 ὲν
743 847 987 921 Ἀγκύρςι
1015 847 1255 903 συνόδου.

327 942 574 998 ΖΩΝΛΡ.
620 942 923 1014 Διαιρέσεις
963 943 1196 996 ποιεῖται
1222 942 1251 995 ὁ
1288 941 1443 1010 ἆγιος
1477 933 1630 1006 οὗτος
1649 939 1836 1012 Πατὴρ

253 1037 366 1092 τῶν
396 1038 455 1091 ὲν
510 1036 768 1106 διωγμοῖς
816 1035 1210 1107 ἀρνησαμένων
1260 1035 1360 1106 τὴν
1409 1035 1592 1088 πίστιν
1622 1037 1720 1105 τὴν
1759 1035 1839 1086 οἰ-

254 1129 434 1193 κείαν,
467 1127 561 1182 καί
606 1144 790 1198 φησιν,
819 1129 900 1181 ὅτι
943 1131 1055 1192 τοῖς
1087 1126 1298 1198 ἀχθεῖσι
1337 1126 1472 1198 πρὸς
1493 1128 1619 1190 τοὺς
1639 1127 1836 1198 τυρόιν·⁵

220 1279 230 1284 ,
254 1239 402 1286 νους,
430 1223 526 1276 καὶ
549 1223 628 1285 εἰς
652 1221 898 1293 φυλακὴν
928 1221 1265 1293 ἐμϐληθεῖσι,
1285 1219 1546 1292 βασάνους
1569 1239 1626 1274 τε
1649 1219 1840 1291 ἀνηκέ-

258 1331 416 1377 στους
436 1312 899 1385 ὑπομεμενηκόσι,
922 1313 1021 1367 καὶ
1050 1313 1389 1385 ἀφρονήτους
1411 1311 1476 1383 (f.
1511 1310 1837 1384 ἀφορήτους)

257 1405 552 1477 μάστιγας,
567 1403 660 1457 καὶ
684 1403 866 1474 σχεδὸν
885 1403 1134 1466 ἀνιάτους
1158 1405 1252 1458 καὶ
1267 1403 1667 1476 ἀθεραπεύτους
1689 1403 1838 1473 (ἄκος

253 1497 365 1568 γὰρ
393 1499 426 1568 ἡ
453 1496 714 1568 θεραπεία
739 1495 876 1558 ἐστὶ,
901 1495 996 1549 καὶ
1021 1496 1315 1563 ἀνήκεστον
1335 1495 1395 1548 τὸ
1425 1493 1835 1566 ἀθεράπευτον),

253 1593 352 1646 καὶ
367 1589 534 1653 ἀλλοις
554 1589 814 1657 ἀνάγκας,
832 1588 928 1642 καὶ
952 1587 1090 1659 μετὰ
1114 1586 1284 1642 ταῦτα
1312 1586 1620 1657 ὑποκύψασι
1641 1587 1734 1641 καὶ
1755 1585 1841 1640 θύ-

257 1699 437 1744 σασιν,
462 1681 539 1745 ώς
573 1681 677 1734 ὑπὸ
707 1681 806 1753 τῆς
832 1678 1112 1743 ἀσθενείας
1135 1680 1235 1750 τῆς
1263 1679 1464 1751 σαρκὸς
1509 1679 1835 1753 προδοθεῖσι,

1935 479 2309 550 paenitentiam
2331 484 2544 550 petunt,
2574 487 2628 536 et
2651 480 2717 536 de
2747 480 2816 535 iis
2847 481 2940 552 qui
2971 478 3040 534 ad
3070 479 3388 550 martyrium
3424 480 3508 533 ul-

1936 583 2020 629 tro
2053 573 2400 641 advolarunt,
2434 583 2488 629 et
2517 575 2656 646 lapsi
2696 582 2846 642 sunt,
2879 582 2932 630 et
2962 590 3157 630 rursus
3186 575 3346 630 ﬁdem
3376 583 3507 630 sunt

1935 663 2196 730 confessi,
2218 673 2273 720 et
2306 665 2374 721 de
2426 665 2548 721 aliis
2599 667 2921 736 quibusdam
2970 665 3262 736 ejusmodi.
3316 665 3510 732 Quaere

1937 760 2099 815 etiam
2130 775 2241 814 non
2281 760 2488 830 absque
2519 757 2698 814 fructu
2730 759 2996 830 plurimos
3029 774 3269 815 canones
3311 760 3509 832 synodi

1937 850 2262 923 Ancyrante.

2010 943 2211 999 ΖοΝΑιι.
2246 943 2396 1000 lnter
2418 959 2512 1000 eos
2529 945 2622 1014 qui
2650 943 2980 999 turbulentis
3008 943 3346 1015 temporibus
3382 957 3511 1013 pro-

1938 1037 2112 1107 priam
2146 1034 2302 1090 ﬁdem
2334 1036 2693 1105 abnegarunt,
2711 1035 3004 1090 discrimen
3029 1042 3254 1090 sanctus
3279 1035 3372 1088 hic
3404 1033 3512 1088 Pa-

1939 1139 2024 1184 ter
2063 1127 2276 1190 statuit,
2320 1128 2525 1198 aitque,
2556 1128 2650 1198 qui
2683 1127 2749 1181 ad
2779 1135 3042 1199 tyrannos
3083 1128 3163 1182 rei
3207 1127 3316 1182 acti
3355 1137 3506 1192 sunt,

1939 1237 2004 1276 ac
2028 1223 2085 1277 in
2113 1220 2332 1275 vincula
2367 1219 2623 1290 conjecti,
2661 1227 3036 1290 tormentaque
3069 1219 3391 1290 gravissima
3413 1219 3510 1274 lla-

1940 1315 2188 1386 gellaque
2224 1313 2368 1368 haud
2399 1312 2726 1376 tolerabilia,
2761 1327 2988 1382 quaeque
3023 1313 3170 1367 nulla
3216 1329 3509 1384 propemo-

1939 1404 2068 1460 dum
2099 1417 2252 1467 cura,
2286 1411 2380 1457 aut
2406 1401 2677 1458 medicina
2709 1401 2889 1455 sanari
2925 1409 3148 1470 possent
3179 1399 3328 1470 (ἄκος
3356 1415 3515 1454 nam-

1939 1512 2045 1568 que
2086 1496 2412 1572 curationem
2454 1492 2759 1565 signiﬁcat,
2805 1499 2997 1564 estque
3034 1493 3331 1563 ἀνήκεστον
3367 1493 3508 1548 idem

1939 1587 2083 1659 quod
2106 1585 2535 1652 immedicabile),
2567 1585 2811 1654 aliasque
2842 1585 3200 1640 necessitates
3234 1584 3512 1639 sustinue-

1940 1687 2108 1746 runt;
2145 1691 2208 1732 ac
2235 1683 2424 1746 postea
2453 1675 2876 1730 succumbentes
2909 1674 3284 1738 immolarunt,
3319 1675 3511 1729 veluta

258 1775 334 1847 μὴ
384 1774 706 1846 δυνηθείσης
753 1773 915 1845 μέχρι
955 1772 1140 1836 τέλους
1169 1774 1572 1845 ἐγκαρτερῆσαι
1597 1777 1707 1838 τοῖς
1741 1773 1836 1827 ἀλ-

1944 1771 2122 1826 carnis
2161 1769 2534 1824 imbecillitate
2577 1766 2802 1839 proditi,
2849 1782 2968 1838 quae
3006 1767 3074 1821 ad
3128 1766 3289 1821 linem
3339 1781 3512 1835 usque

254 1869 474 1935 γεινοῖς,
507 1866 712 1938 ἀρκεῖὸ
744 1864 1026 1936 παρελθὼν
1058 1864 1247 1936 χρόνος
1269 1867 1348 1930 εἰς
1374 1866 1714 1938 ἐπιτίμησιν.
1739 1866 1838 1918 Τέ-

254 1973 455 2028 ταρτον
482 1956 592 2029 γάρ
614 1973 776 2028 φησιν
806 1956 908 2026 ἤδη
955 1956 1146 2027 Πάσχα
1173 1957 1595 2028 ὲπικατείληφεν
1613 1998 1628 2022 ,
1651 1957 1832 2024 ὲξότου

256 2049 580 2103 πεπτώκασι
622 2049 720 2122 τὴν
775 2049 1034 2121 μεγίστην
1085 2049 1311 2105 πτῶσιν.
1350 2052 1458 2104 Καὶ
1485 2052 1533 2103 εί
1575 2051 1716 2122 τάχα
1745 2051 1840 2104 καὶ

256 2139 318 2203 ὲξ
339 2139 540 2211 ἀρχῆς,
571 2141 658 2192 ὅτε
686 2136 988 2210 προσῆλθον
1019 2137 1468 2208 μεταμελόμενοι,
1487 2139 1588 2192 οὐκ
1614 2138 1838 2209 ἐδέχθη-

259 2249 389 2296 σαν,
420 2233 570 2304 ὅμως
606 2235 687 2286 ὅτι
715 2233 775 2286 ού
811 2233 951 2287 κατὰ
1009 2234 1326 2306 προαίρεσιν
1349 2227 1515 2302 ἦλθον
1548 2233 1628 2294 είς
1653 2230 1714 2283 τὸ
1747 2229 1840 2282 θῦ-

259 2337 374 2386 σαι,
409 2322 504 2376 καὶ
533 2323 867 2391 ἀντέστησαν
891 2323 1144 2386 ἐπιπολὺ,
1175 2323 1269 2377 καὶ
1304 2321 1580 2390 στίγματα
1610 2318 1702 2374 τοῦ
1739 2321 1840 2392 Ἰη-

260 2412 380 2477 σοῦ,
407 2414 572 2484 ἤγουν
611 2413 882 2485 μώλωπας
908 2415 1018 2468 τῶν
1039 2414 1392 2486 τραυμάτων,
1426 2405 1500 2466 ὧν
1529 2412 1839 2483 ὑπέστησαν

258 2508 402 2580 ὑπὲρ
428 2507 522 2562 τοῦ
551 2508 808 2580 Χριστοῦ,
829 2509 1044 2580 έχουσι,
1080 2510 1174 2562 καὶ
1207 2509 1306 2580 ἥδη
1334 2508 1516 2581 τρίτον
1547 2508 1666 2572 έτος
1695 2527 1838 2582 παρ·

257 2599 425 2670 ἦλθεν
454 2599 793 2654 πενθούντων
826 2600 1003 2654 αὐτῶν
1035 2600 1123 2654 διά
1145 2601 1242 2673 τὴν
1271 2601 1498 2665 πτῶσιν,
1519 2617 1836 2672 προσεπιτι-

263 2690 503 2763 μηθῆναι
549 2691 766 2763 ὥρισεν,
802 2692 922 2746 ἀντὶ
946 2692 1064 2757 τοῦ,
1110 2695 1202 2747 ἐπὶ
1241 2693 1400 2747 πλέον
1426 2692 1835 2764 ὲπιτιμηθῆναι,

257 2783 426 2847 ἄλλας
497 2782 908 2856 τεσσαράκοντα
976 2784 1189 2856 ἡμέρας
1277 2785 1460 2850 ἐξότου
1533 2783 1838 2855 προσῆλθον

259 2873 554 2946 ζητοῦντες
608 2875 898 2948 δεχθῆναι·
941 2877 1000 2929 ὲν
1044 2872 1133 2942 αἷς
1192 2879 1284 2931 ἐπὶ
1331 2877 1493 2932 πλέον
1532 2876 1838 2948 γυμνασίαν

259 2967 648 3035 ἐπιδείξαντες,
673 2971 765 3022 κα)⁵
790 2968 1148 3041 εὐτονώτερον
1169 2970 1454 3041 νήψαντες,
1478 2969 1644 3038 ἤγουν
1675 2985 1839 3022 σπου-

257 3058 538 3131 δαιότερον
593 3061 920 3132 προσχόντες
981 3063 1213 3125 ἑαυτοῖς,
1270 3063 1708 3132 γρηγορήσουσιν
1756 3062 1835 3123 είς

257 3151 570 3222 προσευχὰς
595 3193 609 3214 ,
660 3153 1169 3224 καταμελετῶντες,
1233 3154 1399 3224 ἤγουν
1481 3153 1720 3225 συνεχῶς
1776 3155 1832 3207 ὲν

257 3243 501 3313 φροντίδι
549 3243 882 3314 ποιούμενοι,
913 3245 1009 3298 καὶ
1051 3243 1314 3311 λέγοντες,
1342 3245 1378 3300 ἃ.
1402 3248 1430 3299 δ
1463 3245 1665 3317 Κύριος
1699 3245 1833 3316 πρὸς

254 3333 349 3387 τὸν
372 3335 699 3409 πειράζοντα
736 3331 907 3390 εἶπενο
942 3337 1158 3406 Ὕπαγε
1179 3338 1370 3392 ὀπίσω
1392 3355 1531 3407 μου,
1560 3335 1791 3391 Σατανᾶ
1814 3353 1830 3375 ν

256 3422 578 3494 τέτραπται
605 3424 715 3494 γάρ
732 3441 748 3458 ·
789 3427 1006 3494 Κύριον
1033 3428 1140 3480 τὸν
1169 3430 1318 3482 Θεόν
1347 3445 1463 3482 σου
1501 3426 1838 3497 προσκυνή-

255 3531 413 3582 σεις,
444 3515 542 3569 καὶ
570 3515 728 3582 αὐτῷ
753 3517 919 3586 μόκῳ
947 3519 1314 3586 λατρεύσεις.

873 3703 1112 3756 ΚΑΝΩΝ
1140 3703 1215 3757 B'.

335 3812 355 3844 ι
402 3793 529 3858 Τοῖς
552 3794 610 3848 δὲ
639 3795 776 3866 μετά
805 3795 865 3848 τὸ
899 3796 1292 3866 φυλακισθῆναι
1338 3797 1498 3862 μόνον
1529 3797 1550 3828 ³
1575 3797 1668 3850 καί¹
1701 3797 1834 3850 ὐπο-

264 3902 284 3935 r
321 3886 688 3957 μεμενηκέναι
730 3886 830 3951 τὰς
854 3889 912 3940 ὲν
943 3887 1020 3958 τῷ
1053 3888 1430 3960 δεσμωτηρίῳ,
1463 3888 1538 3952 ὡς
1562 3887 1627 3942 ἂν
1657 3892 1714 3942 ἐν
1740 3907 1836 3943 πο-

262 3992 285 4026 σ
321 3973 581 4048 impacta,-
631 3972 838 4046 θλίψεις
893 3995 950 4031 τε
1006 3979 1100 4032 καὶ
1155 3979 1445 4044 δυσωδίας,
1504 3979 1728 4053 ὕστερον
1780 3982 1837 4036 δὲ

261 4085 282 4120 ε
323 4069 497 4140 χωρὶς
518 4068 755 4139 πολέμου
784 4069 1030 4139 βασάνων
1048 4071 1359 4142 γενομένοις
1379 4074 1422 4105 ³⁹
1449 4073 1835 4144 αίχμαλώτοις,

262 4177 282 4211 ι
320 4159 466 4214 κατά
517 4161 716 4233 πολλὴν
770 4163 1040 4234 πτωχείαν
1077 4163 1378 4235 δυνάμεως,
1409 4167 1502 4219 καὶ
1538 4167 1680 4222 κατά
1721 4185 1839 4222 τινα

260 4268 282 4302 ι
321 4249 634 4321 τυφλότητα
708 4253 1164 4325 τεθραυσμένοις,
1232 4256 1526 4328 ἐπαρκέσει
1594 4258 1838 4323 ἐνιαυτὸς

260 4361 280 4395 ι
323 4341 464 4412 πρὸς
510 4341 588 4414 τῷ
631 4343 802 4416 ἑτέρῳ
833 4346 1036 4417 χρόνῳ’
1083 4346 1203 4400 ἐπεὶ
1240 4346 1376 4410 ὅλως
1413 4347 1506 4401 καὶ
1536 4349 1688 4402 αὐτοὶ
1717 4350 1837 4401 ὲπι-

259 4453 281 4487 ι
317 4433 616 4490 δεδώκασιν
671 4438 898 4502 ἑαυτοὺς
948 4440 1088 4510 ὑπὲρ
1112 4437 1206 4491 τοῦ
1265 4439 1529 4511 ὀνόματος
1564 4440 1658 4494 τοῦ
1700 4442 1838 4514 Χρι-

260 4546 282 4580 s
321 4527 452 4582 στοῦ
479 4527 504 4560 ⁸
528 4526 804 4599 θλιϐἧναι’
853 4533 900 4584 εί
943 4533 1037 4586 καὶ
1075 4529 1385 4586 ἀπέλαυσαν
1435 4533 1494 4584 ὲν
1533 4532 1609 4603 τῷ
1632 4533 1840 4604 δεσμω-

259 4639 280 4672 σ
317 4621 494 4692 τηρίῳ
532 4623 631 4691 τῆς
681 4622 832 4694 παρά
887 4623 996 4678 τῶν
1048 4624 1290 4694 ἀδελφῶν
1345 4624 1550 4696 πολλῆς
1597 4624 1841 4680 ἀναπαύ-

261 4732 282 4766 ‹
321 4729 481 4779 σεως.
511 4715 689 4788 "Amp
722 4716 1159 4771 πολλαπλασίονα
1201 4717 1574 4786 ἀποδώσουσι,
1617 4719 1842 4772 ποθοῦν-

266 4825 287 4856 ι
327 4823 418 4870 τες
469 4807 810 4879 λυτρωθῆναι
857 4809 966 4861 ἀπὸ
1017 4809 1118 4880 τῆς
1171 4811 1505 4881 πικροτάτης
1560 4809 1840 4880 αἰχμαλω-

264 4917 284 4951 ‹
325 4898 451 4963 σίας
473 4899 568 4952 τοῦ
594 4899 860 4963 διαϐόλου,
905 4903 1239 4974 μεμνημένοι
1275 4903 1508 4974 μάλιστα
1534 4902 1625 4956 τοῦ
1650 4903 1835 4972 λέγον-

261 5009 284 5044 (
321 5005 438 5056 τος·
459 4992 706 5062 Πνεῦμα
734 4994 841 5048 τοῦ
864 4993 909 5026 δ’
935 4997 1158 5062 Κυρίου
1180 4996 1271 5048 ἐπ’
1297 4996 1422 5066 ἐμὲ,
1449 4992 1520 5052 οὗ
1546 4996 1752 5050 ἕνεκεν
1771 5001 1836 5029 δ’·

265 5101 285 5134 ι
323 5080 537 5153 ἐχρισέ
552 5100 628 5152 με
653 5101 666 5113 ·
693 5085 1198 5153 εὐαγγελίσασθαι
1213 5087 1470 5156 πτωχοῖς
1495 5087 1840 5142 ἀπέσταλκέ

264 5191 284 5224 ι
318 5189 420 5242 με,
452 5173 706 5242 κηρύξαι
746 5172 1142 5243 αἰχμαλώτοις
1183 5175 1421 5245 ἄφεσιν,
1458 5177 1557 5233 καί
1588 5178 1839 5248 τυφλοῖς

262 5279 286 5316 ι
324 5259 682 5331 ἀνάϐλεψιν,
709 5263 1062 5318 ἀποστεῖλαι
1092 5267 1571 5336 τεθραυσμένους
1598 5267 1669 5321 ἐν
1694 5267 1838 5337 ἀερέ-
1879 5327 1884 5334 _

1940 1861 2211 1917 obdurare
2254 1861 2311 1913 in
2359 1859 2644 1914 doloribus
2697 1858 2864 1912 haud’
2891 1858 3152 1928 potuerit,
3186 1857 3254 1914 iis
3295 1857 3514 1911 mulctae

1939 1953 2162 2008 nomine
2207 1952 2501 2007 decursum
2549 1951 2664 2022 jam
2697 1959 2914 2020 tempus
2951 1949 3216 2006 suﬂicere.
3245 1947 3512 2015 Quartum

1941 2046 2234 2118 siquidem,
2270 2045 2468 2116 inquit,
2503 2044 2713 2099 Pascha
2743 2043 2856 2113 jam
2887 2050 3139 2099 exactum
3187 2051 3290 2107 est,
3314 2057 3380 2096 ex
3405 2056 3514 2110 quo

1941 2139 1997 2194 in
2021 2139 2404 2210 gravissimum
2442 2138 2586 2192 hunc
2639 2137 2879 2190 incidere
2933 2150 3144 2190 casum.
3184 2134 3263 2189 Ac
3298 2133 3514 2189 etiamsi

1938 2230 2082 2286 forte
2113 2230 2270 2284 initio
2304 2245 2428 2284 cum
2459 2227 2785 2298 pmnitentia
2813 2226 2962 2281 ducti
2997 2233 3373 2288 accesserunt,
3403 2239 3516 2277 non

1939 2330 2069 2380 sunt
2097 2321 2362 2392 suscepti,
2398 2327 2581 2375 tamen
2616 2318 2746 2388 quia
2791 2333 2902 2372 non
2955 2324 3151 2386 sponte
3194 2326 3516 2386 processere

1939 2412 2009 2467 ad
2053 2411 2446 2467 immolandum
2477 2410 2682 2480 diuque
2724 2417 3114 2478 repugnarunt,
3160 2422 3225 2462 ac
3258 2407 3514 2477 stigmata

1937 2507 2089 2572 Jesu,
2118 2507 2406 2561 vulnerum
2431 2520 2626 2574 nempe
2664 2518 2786 2572 quae
2815 2517 2913 2573 pro
2947 2501 3166 2556 Christo
3197 2501 3514 2557 sustinuere

1938 2597 2224 2653 cicatrices
2254 2603 2449 2668 gerunt
2475 2615 2487 2649 :
2520 2594 2825 2664 tertiusque
2848 2593 2962 2663 jam
2993 2591 3200 2647 emuxit
3229 2605 3406 2646 annus
3444 2608 3515 2647 ex

1937 2706 2047 2763 quo
2074 2689 2261 2760 lugent
2291 2688 2508 2759 lapsum
2535 2687 2710 2750 illum,
2731 2686 2956 2756 insuper
2979 2684 3254 2749 mulctari,
3281 2683 3385 2738 hoc
3409 2694 3512 2747 est,

1939 2782 2076 2838 alios
2095 2781 2273 2836 adhuc
2299 2775 2661 2850 quadraginta
2692 2775 2811 2832 dies
2842 2791 2909 2830 ex
2935 2790 3044 2845 quo
3074 2774 3142 2828 ad
3173 2773 3515 2828 communio-

1937 2888 2063 2930 nem
2099 2872 2312 2927 admitti
2359 2857 2703 2941 postulantes
2746 2873 3132 2931 accesserunt,
3163 2865 3382 2919 mulcta:
3409 2878 3512 2918 no-

1938 2965 2086 3020 mine
2116 2962 2484 3034 injungendos
2505 2976 2626 3018 esse
2647 2959 2914 3017 decernit.
2937 2957 2996 3012 In
3025 2957 3227 3029 quibus
3249 2955 3513 3026 majorem

1940 3055 2119 3110 adhuc
2162 3053 2515 3111 ostendentes
2562 3052 2891 3124 poenitentiae
2930 3048 3401 3113 exercitationem,
3459 3051 3514 3098 et

1939 3146 2226 3210 intentius,
2261 3146 2366 3202 hoc
2408 3153 2514 3209 est,
2551 3143 2841 3199 attentiore
2883 3155 3017 3196 cura
3063 3139 3400 3210 jejunantes,
3427 3147 3513 3190 at-

1940 3238 2225 3294 tendentes
2257 3235 2635 3305 sibimetipsis,
2655 3233 2878 3304 vigilent
2915 3232 2970 3285 in
3001 3228 3366 3293 orationibus,
3398 3243 3516 3281 me-

1939 3334 2198 3398 ditantes,
2231 3330 2336 3385 hoc
2387 3336 2471 3384 est
2504 3321 2687 3381 animo
2723 3333 2994 3397 perpetuo.
3014 3330 3320 3386 versantes,
3351 3335 3514 3377 voce-

1939 3442 2045 3499 que
2068 3431 2403 3494 usurpantes
2436 3434 2557 3491 quae
2588 3417 2855 3472 Dominus
2885 3413 2952 3469 ad
2984 3421 3308 3468 tentatorem
3334 3412 3468 3466 dixit
3495 3432 3510 3468 :

1938 3519 2038 3574 Abi
2069 3534 2198 3590 pone
2229 3533 2328 3581 me,
2373 3512 2579 3569 Satana
2604 3526 2623 3576 ,°
2659 3509 2911 3577 scriptum
2935 3515 3013 3561 est
3042 3505 3514 3560 enim:Dominum

1939 3613 2108 3667 Deum
2139 3622 2286 3664 tuum
2307 3605 2582 3670 adorabis,
2609 3612 2659 3656 et
2684 3602 2767 3655 illi
2793 3601 2894 3656 soli
2923 3599 3136 3654 servies.

2551 3693 2784 3753 CANON
2823 3692 2888 3748 ll.

2008 3813 2036 3846 4
2079 3793 2148 3850 lis
2177 3804 2355 3848 autem
2401 3791 2495 3861 qui
2540 3799 2831 3860 postquam
2879 3787 2937 3841 in
2974 3784 3279 3841 custodiam
3331 3780 3513 3837 traditi

1947 3907 1965 3939 ‹
2015 3897 2164 3953 sunt,
2191 3893 2245 3942 et
2279 3887 2335 3940 in
2367 3899 2608 3948 carcere,
2659 3891 2919 3954 tanquam
2970 3880 3028 3934 in
3079 3877 3385 3940 obsidione,
3431 3875 3516 3930 af-

1948 3997 1967 4030 (
2014 3976 2284 4032 ﬂictiones
2315 3988 2619 4046 gravesque
2659 3972 2859 4028 fetores
2908 3969 3058 4044 passi
3115 3976 3272 4035 sunt;
3324 3976 3516 4037 postea

1947 4088 1967 4122 ι
2014 4076 2198 4124 autem
2232 4067 2351 4122 sine
2382 4065 2524 4120 bello
2549 4071 2948 4120 tormentorum
2979 4061 3186 4132 captivi
3210 4059 3340 4115 facti
3362 4065 3513 4122 sunt,

1947 4180 1968 4216 ι
2011 4160 2178 4216 nimia
2201 4159 2399 4215 virium
2422 4159 2604 4229 inopia
2625 4167 2679 4212 et
2702 4155 2937 4228 quadam
2957 4157 3207 4212 caecitate
3224 4152 3513 4219 confracti,

1945 4271 1966 4305 ι
2011 4267 2192 4308 annus
2220 4251 2288 4306 ad
2331 4250 2478 4306 aliud
2520 4258 2738 4320 tempus
2768 4249 3047 4320 injunctus
3082 4247 3314 4305 sulliciet
3347 4260 3516 4304 :nam

1948 4363 1968 4396 ι
2015 4345 2122 4416 ipsi
2144 4359 2364 4415 quoque
2391 4359 2453 4400 se
2487 4343 2714 4400 omnino
2739 4357 2840 4414 pro
2872 4341 3092 4396 nomine
3144 4339 3350 4395 Christi
3379 4337 3518 4393 allii-

1949 4454 1968 4488 ι
2009 4433 2217 4508 gendos
2255 4432 2498 4490 dedere:
2543 4434 2590 4489 si
2621 4433 2787 4489 etiam
2817 4445 2849 4484 a
2896 4429 3156 4486 fratribus
3200 4431 3255 4485 in
3295 4445 3518 4486 carcere

1948 4548 1968 4582 ι
2014 4529 2239 4583 multam
2263 4524 2692 4583 consolationem
2738 4521 2977 4579 assecuti
3028 4527 3174 4576 sunt.
3229 4519 3361 4587 Quae
3395 4523 3518 4591 qui-

1949 4639 1968 4671 ι
2016 4621 2139 4676 dem
2171 4620 2534 4690 multiplicata
2572 4616 2835 4682 reddent,
2868 4616 3092 4670 liberari
3138 4615 3422 4684 cupientes
3449 4615 3518 4669 ab

1949 4732 1968 4765 ι
2015 4712 2374 4769 acerbissima
2397 4712 2714 4784 captivitate
2740 4709 2965 4775 diaboli,
3001 4708 3122 4779 ejus
3163 4707 3398 4761 maxime
3432 4720 3518 4759 re-

1950 4822 1969 4856 ι
2016 4803 2309 4860 cordantes
2341 4807 2434 4874 qui
2470 4804 2604 4858 dicit
2635 4821 2648 4856 :
2688 4800 2922 4872 Spiritus
2969 4798 3184 4854 Domini
3225 4812 3381 4866 super
3412 4813 3514 4861 me,

1947 4913 1966 4947 ι
2013 4912 2175 4966 quam
2219 4895 2282 4950 ob
2314 4910 2532 4949 causam
2560 4896 2716 4947 unxit
2760 4908 2841 4946 me
2871 4907 2890 4944 :
2919 4901 2976 4943 ut
3009 4888 3325 4959 pauperibus
3354 4905 3517 4942 evan-

1947 5006 1967 5039 ί
2013 4989 2298 5058 gelizarem
2326 4985 2469 5040 misit
2503 5001 2604 5050 me,
2638 4993 2687 5036 et
2725 4982 3100 5036 annuntiarem
3135 4979 3354 5049 captivis
3389 4979 3518 5034 libe-

1947 5100 1965 5134 ι
2017 5080 2295 5144 rationem,
2330 5087 2381 5132 et
2412 5077 2562 5132 caecis
2590 5077 2732 5131 visus
2771 5075 3238 5145 recuperationem,
3270 5081 3319 5127 et
3343 5073 3519 5132 mitte-

1949 5193 1968 5226 ι
2012 5189 2122 5229 rem
2175 5172 2376 5242 fractos
2435 5169 2490 5222 in
2541 5168 2924 5232 remissionem,
2979 5165 3268 5233 prwdicare
3319 5179 3516 5218 annum

1950 5287 1969 5318 ι
2018 5265 2234 5320 Domini
2267 5261 2662 5332 acceptabilem,
2686 5270 2736 5317 et
2758 5261 2897 5316 diem
2931 5260 3289 5316 retributionis
3314 5271 3362 5314 ε.
3397 5277 3416 5310 ι

263 5371 283 5404 ι
320 5370 439 5419 σει,
475 5356 728 5423 κηρύξαι
754 5357 1031 5413 ἐνιαυτὸν
1058 5361 1278 5429 Κυρίου
1308 5361 1540 5430 δεκτόν,
1575 5365 1672 5418 καὶ
1703 5364 1930 5434 ἡμέραν
1945 5362 2426 5426 ἀνταποδόσεωςο
2454 5380 2472 5413 ³

331 5523 356 5551 ι
390 5509 507 5567 lsa.
541 5528 656 5578 ιιι,
692 5515 831 5584 1,2;
857 5514 985 5571 Luc.
1018 5532 1092 5581 tv,
1133 5517 1222 5588 18,
1255 5519 1341 5574 l9.

1513 5630 1744 5687 VARIE
1783 5627 2184 5686 LECTIONES.

363 5769 389 5801 ⁸
413 5770 573 5838 μόνον
596 5786 704 5828 om.
779 5773 820 5805 "
853 5773 1176 5844 γενομένων.
1255 5775 1276 5808 ’⁵
1304 5773 1398 5828 τοῦ
1429 5773 1666 5844 Χριστοῦ
1693 5789 1802 5829 om.
1881 5773 1925 5806 ⁸⁵
1956 5771 2050 5828 τοῦ
2081 5788 2192 5830 om.

2269 5763 2334 5797 δ’*
2360 5773 2586 5828 εἵνεκεν.
