3862 6158
429 245 530 305 Ηί
1459 247 1515 305 S.
1551 249 1754 305 PETRI
1795 251 2264 310 ALEXANDRINI
2305 255 2612 313 EPISCOPI
3544 265 3641 319 47‘!

499 357 662 415 Βιιι.
689 356 789 414 Hic
814 374 989 415 canon
1020 361 1212 416 statuit
1241 371 1300 417 ut
1328 363 1420 434 qui
1447 363 1502 417 in
1534 362 1782 420 custodia
1815 366 1933 420 solu

2041 379 2068 435 ι
2164 368 2355 422 ΒΑΛΣ.
2389 361 2556 433 Οὗτος
2583 373 2611 424 ό
2631 369 2808 424 κανὼν
2832 371 3187 444 διαλαμϐάνει
3214 377 3340 439 τοὺς
3375 377 3531 447 μόνον
3550 399 3641 436 κα-

425 451 567 510 male
595 447 771 508 affecti
803 460 952 520 sunt,
987 464 1038 509 et
1060 454 1180 509 sine
1201 455 1488 511 tormentis
1515 455 1652 534 lapsi
1683 466 1829 526 sunt,
1866 474 1935 530 po

2091 458 2505 530 κοπαθήσαντας
2535 462 2592 512 ἐν
2623 462 2688 531 τῇ
2725 460 2935 534 φυλακῇ
2963 464 3057 515 καὶ
3075 466 3242 536 χωρὶς
3269 466 3515 536 βασάνων
3543 487 3642 524 πα-

423 539 716 598 triennium
753 541 892 597 alius
924 557 1140 612 quoque
1177 543 1305 597 anni
1359 558 1519 612 poma
1579 546 1896 614 puniantur.
1930 550 1935 600 Ι

2091 547 2535 616 ραπεπτωκότας,
2583 548 2932 619 ἐπιτιμᾶσθαι
2967 551 3104 621 μετά
3128 550 3220 605 τὸν
3252 555 3436 626 τριετῆ
3461 555 3641 627 χρόνον

421 630 564 686 forte
591 631 758 693 enim,
777 631 972 701 inquit,
999 631 1426 687 consolationem
1457 635 1696 689 assecuti
1727 645 1876 702 sunt,
1899 654 1932 691 u

2087 638 2178 692 καὶ
2209 640 2300 691 ἐπὶ
2323 640 2507 711 ἕτερον
2527 641 2788 694 ἐνιαυτόν.
2824 642 2886 694 Et
2921 644 3058 714 τάχα
3077 644 3366 716 γὰρ,φησὶ,
3406 648 3499 701 καὶ
3543 650 3640 702 ἀπ-

420 726 548 790 pote
576 719 851 790 aliquibus
886 720 1130 776 ﬁdelibus
1157 721 1282 777 vita:
1305 723 1552 778 subsidia
1593 727 1935 796 suppeditant

2085 730 2316 786 έλαυσαν
2361 733 2756 806 παρακλήσεως
2779 775 2792 798 ,
2827 735 2902 800 ὥς
2927 754 3086 791 τινων
3120 739 3326 793 πιστῶν
3351 743 3636 815 χορηγούν-

418 809 542 873 bus,
572 811 608 864 ii
641 827 856 881 quoque
889 813 1087 868 debent
1117 815 1331 870 veniam
1361 814 1625 882 obtinere,
1658 825 1717 872 ut
1741 819 1831 890 qui
1859 836 1935 892 gr:

2081 838 2190 875 των
2222 824 2403 888 αὐτοῖς
2445 826 2512 880 τὰ
2548 827 2682 898 πρὸς
2708 828 2994 901 διοίκησιν,
3039 830 3173 885 ἀλλά
3210 834 3303 886 καὶ
3328 809 3635 905 οὗτοι-ἀφείη

416 901 503 960 via
526 918 626 973 pro
659 903 762 958 ﬁde
788 905 936 974 passi
969 913 1116 961 sunt.

2081 913 2231 967 λουσι
2265 916 2590 990 συγγνώμης
2621 920 2897 987 ἀξιοῦσθαι
2924 922 3000 986 ὡς
3020 923 3158 996 ὑπὲρ
3182 925 3280 995 τῆς
3294 901 3634 992 πίστεωςκα-

2081 1004 2505 1078 κοπαθήσαντες.

485 1104 688 1162 Zomn.
731 1104 789 1161 In
825 1106 1069 1167 secundo
1103 1109 1296 1166 ordine
1328 1125 1422 1167 eos
1445 1111 1588 1167 locat
1612 1113 1705 1183 qui
1740 1122 1935 1171 tantun

2149 1098 2389 1155 ΖΩΝΑΡ.
2431 1101 2519 1153 Ἐν
2556 1100 2784 1173 δευτέρᾳ
2828 1101 2979 1168 τάξει
3012 1102 3192 1174 τίθησι
3211 1105 3338 1168 τοὺς
3362 1104 3519 1176 μόνον
3543 1123 3633 1176 φυ·

411 1197 573 1251 modo
605 1199 660 1253 in
692 1200 912 1254 vincula
943 1201 1378 1274 conjecti,atque
1408 1205 1461 1258 in
1487 1217 1708 1262 carcere
1731 1208 1871 1263 male
1905 1224 1934 1263 a

2076 1186 2446 1254 λακισθέντας,
2477 1193 2569 1248 καὶ
2613 1193 3098 1264 κακοπαθήσαντας
3119 1197 3176 1249 ἐν
3198 1199 3262 1267 τῇ
3288 1197 3520 1270 φυλακῇ,
3545 1201 3634 1256 καὶ

411 1285 538 1345 fecti
574 1297 723 1354 sunt,
757 1301 871 1346 tum
906 1292 1072 1346 nullis
1099 1294 1280 1347 vexati
1321 1295 1655 1352 cruciatibus
1709 1312 1935 1367 peccave

2074 1283 2242 1353 χωρὶς
2271 1282 2516 1352 βασάνων
2548 1286 3065 1354 παραπεπτωκότας·
3089 1283 3169 1351 οἷς
3188 1290 3429 1344 ἐνιαυτὸν
3448 1290 3632 1356 ἔταξαν

409 1388 570 1436 runt:
601 1381 801 1450 quibus
842 1390 1039 1454 praeter
1067 1383 1360 1440 decursum
1397 1394 1633 1457 tempus,
1678 1388 1935 1445 trienniut

2074 1372 2135 1442 (Ῑ.
2167 1373 2375 1445 ἔταξεν)
2393 1378 2472 1438 είς
2498 1378 2766 1448 ἐπιτίμιον
2795 1378 2932 1448 μετὰ
2959 1380 3048 1433 τὸν
3072 1379 3408 1450 παρελθόντα
3427 1384 3629 1454 χρόνον,

407 1469 661 1527 videlicet
707 1471 774 1528 de
815 1490 922 1544 quo
973 1490 1139 1546 supra
1189 1477 1392 1533 dictum
1442 1489 1548 1544 est,
1588 1481 1716 1535 anni
1756 1497 1935 1554 quoqu

2071 1466 2236 1536 ἤγουν
2268 1467 2364 1538 τὴν
2398 1469 2638 1538 τριετίαν
2660 1470 2727 1540 ἢν
2755 1470 2974 1542 εἴρηκεν
3001 1473 3129 1529 ἀνω.
3160 1475 3303 1528 Διότι
3331 1475 3425 1528 καὶ
3459 1476 3627 1542 αὐτοὶ,

406 1569 669 1634 praeterea
698 1564 862 1620 unius
893 1567 1148 1621 mulctam
1186 1569 1414 1641 irrogari
1440 1573 1636 1642 placet.
1701 1572 1935 1642 Quoniar

2072 1557 2252 1626 φησιν,
2269 1559 2408 1629 ὑπὲρ
2423 1560 2514 1612 τοῦ
2530 1563 2785 1631 ὀνόματος
2799 1562 2981 1635 ἐθλίϐη
2990 1581 3086 1618 σαν
3102 1565 3192 1619 τοῦ
3207 1566 3460 1638 Χριστοῦ,
3475 1571 3524 1621 εί
3539 1570 3630 1624 καὶ

403 1662 458 1710 et
489 1655 614 1726 ipsi,
648 1655 844 1726 inquit,
877 1673 974 1726 pro
1007 1657 1208 1714 Christi
1256 1664 1475 1718 nomine
1519 1664 1756 1721 divexati
1806 1673 1935 1720 sunt

2069 1649 2207 1718 τάχα
2233 1650 2540 1704 ἀπέλαυσαν
2576 1653 2635 1705 ἐν
2661 1651 2738 1724 τῷ
2773 1653 3125 1726 δεσμωτηρίῳ
3153 1657 3544 1729 παρακλήσεως
3568 1661 3628 1716 ἐκ

403 1746 614 1804 etiamsi
641 1745 783 1803 forte
811 1749 991 1803 solatii
1019 1751 1297 1821 quidpiam
1329 1754 1382 1808 in
1406 1770 1624 1810 carcere
1652 1772 1682 1810 a
1708 1755 1934 1813 fratribu

2041 1749 2043 1780 ι
2070 1742 2175 1794 τῶν
2207 1744 2465 1811 ἀδελφῶν.
2503 1744 2588 1808 Ὠς
2610 1744 2751 1799 ἔοικε
2782 1747 2910 1818 γὰρ,
2944 1750 2994 1800 oi
3025 1751 3223 1813 πιστοὶ,
3257 1752 3370 1804 ὅσοι
3406 1752 3468 1805 οὐ
3502 1769 3626 1807 συν-

401 1847 680 1894 consecuti
710 1849 858 1900 sunt.
894 1839 1183 1899 Probabile
1220 1845 1363 1900 enim
1387 1859 1469 1902 est
1499 1847 1706 1917 ﬁdeles,
1730 1852 1932 1922 quicun

2066 1833 2384 1905 εσχέθησαν,
2410 1837 2522 1899 τοῖς
2551 1838 2958 1910 κατειργμένοις
2989 1841 3286 1912 ἐχορήγουν
3309 1841 3377 1896 τὰ
3406 1845 3486 1906 είς
3503 1844 3629 1898 διοί-

401 1945 508 2000 que
539 1930 690 1984 nulla
711 1931 960 1988 custodia
996 1933 1403 2002 detinebantur,
1435 1940 1490 1994 in
1535 1942 1750 1996 vincula
1779 1943 1935 2013 conje

2066 1939 2244 1993 κησιν,
2286 1923 2378 1977 καὶ
2413 1925 2684 1978 ἀνέπαυον
2733 1926 2947 1990 αὐτούς.
2984 1928 3161 1999 Ἂπερ
3199 1928 3626 1986 πολλαπλασίονα

399 2020 505 2074 ctis
529 2020 654 2076 vitae
686 2021 930 2077 subsidia
975 2025 1350 2094 ministrasse,
1390 2029 1566 2100 iisque
1613 2033 1838 2102 proinde
1889 2034 1935 2088 le

2065 2016 2450 2083 ἀποδώσουσιν,
2478 2019 2597 2071 ἀντὶ
2616 2019 2730 2083 τοῦ,
2751 2018 2867 2074 ἀνθ’
2888 2013 2963 2072 ὦν
2997 2013 3313 2090 ἀπήλαυσαν
3345 2023 3402 2075 ἐν
3429 2024 3496 2093 τῇ
3528 2040 3627 2092 qiu-

398 2111 634 2168 vationis
660 2113 861 2183 aliquid
887 2117 1158 2173 attulisse.
1182 2117 1314 2185 Qua:
1340 2120 1558 2190 quidem
1602 2123 1935 2193 multiplicat,

2063 2103 2199 2177 λακῇ
2255 2108 2636 2176 μετανοοῦντες
2686 2109 2958 2178 θλίψουσιν
3018 2111 3244 2175 ἑαυτοὺς
3296 2112 3390 2168 καὶ
3444 2111 3626 2166 κακώσ-

397 2204 647 2268 reddent,
687 2220 786 2274 pro
814 2206 883 2261 iis
917 2207 1177 2263 nimirum
1213 2210 1414 2280 quibus
1449 2212 1502 2265 in
1531 2212 1779 2268 custodia
1813 2215 1935 2270 ohle

2064 2213 2214 2252 σουσι
2239 2198 2666 2263 πολλαπλασίως,
2702 2201 2748 2252 εί
2789 2199 3000 2254 θέλουσι
3022 2202 3360 2273 λυτρωθῆναι
3393 2203 3504 2258 ἀπὸ
3526 2204 3624 2274 τῆς

395 2297 527 2350 ctati
551 2304 698 2359 sunt.
727 2299 1104 2368 pmnitentiam
1141 2310 1362 2372 agentes
1394 2305 1670 2359 vexabunt
1699 2320 1756 2360 se
1788 2306 1935 2377 ipsos

2061 2289 2432 2359 αἰχμαλωσίας
2478 2290 2571 2347 τοῦ
2618 2292 2885 2358 διαϐόλου,
2939 2295 3274 2364 αἰχμάλωτοι
3312 2295 3407 2348 καὶ
3451 2294 3622 2350 δοῦλοι

395 2400 462 2444 ac
512 2389 701 2444 multis
734 2390 912 2446 modis
939 2391 1301 2462 aﬂlictabunt;
1338 2397 1386 2451 si
1417 2412 1480 2451 ex
1513 2412 1578 2452 eo
1609 2397 1754 2468 quod
1797 2399 1926 2453 Cbri

2059 2383 2341 2450 γεγονότες
2373 2382 2520 2455 αὐτῷ
2569 2383 2656 2437 διὰ
2695 2385 2794 2456 τὴν
2822 2386 3048 2457 ἄρνησιν
3075 2387 3168 2441 τοῦ
3208 2385 3462 2460 Χριστοῦ.
3493 2382 3623 2439 Εἶτα

394 2489 536 2534 stum
566 2481 939 2552 abnegarunt,
971 2499 1002 2537 a
1030 2483 1232 2540 diaboli
1262 2489 1575 2558 captivitate
1613 2490 1833 2545 liberari
1865 2506 1935 2546 vel

2059 2474 2252 2544 ἐπάγει
2277 2475 2345 2529 τὰ
2379 2476 2688 2548 προφητικά
2737 2479 2975 2549 ῥήματα,
3012 2478 3155 2549 ἆπερ
3181 2479 3245 2532 ἐκ
3275 2477 3372 2534 τοῦ
3404 2475 3620 2532 Ἡσαΐου

395 2569 514 2634 lint,
548 2571 695 2627 illius
724 2573 924 2643 captivi
963 2582 1019 2629 et
1053 2577 1197 2631 servi
1232 2577 1384 2633 facti.
1424 2577 1659 2649 Subjicit
1684 2596 1808 2635 mox
1832 2594 1935 2651 pro

2058 2567 2185 2632 είσὶ,
2215 2566 2385 2636 λέγων
2411 2568 2520 2624 δεῖν
2541 2567 2845 2640 μεμνῆσθαι
2879 2569 3094 2633 αὐτούς.

393 2661 566 2738 pheta:
594 2665 780 2727 verba,
812 2680 932 2734 qua:
961 2675 1165 2724 suntex
1196 2668 1337 2724 Isaia
1367 2671 1703 2745 deprompta,
1725 2687 1956 2743 quorum
2441 2671 2444 2676 ’

393 2752 708 2809 meminisse
734 2763 986 2826 oportere
1007 2758 1157 2827 ipsos
1190 2759 1443 2819 aﬁirmat.

997 2847 1227 2905 CANON
1266 2851 1354 2905 Ill.

2659 2838 2898 2892 ΚΑΝΩΝ
2924 2838 2964 2890 Γ
2963 2844 2976 2868 ⁸

466 2952 484 2985 ι
529 2932 603 2991 lis
643 2943 822 2991 autem
865 2938 958 3008 qui
1004 2940 1138 2994 nihil
1171 2941 1438 3009 ejusmodi
1485 2949 1632 3016 passi
1673 2958 1820 3016 sunt,
1851 2968 1935 3008 net

2127 2945 2146 2978 ι
2187 2927 2312 2990 Τοῖς
2349 2927 2406 2981 δὲ
2449 2928 2570 3000 μηδ’
2601 2929 2736 2993 ὅλως
2769 2928 2933 3000 μηδέν
2955 2945 3005 2983 τι
3041 2928 3278 2983 τοιοῦτον
3306 2928 3620 2999 πεπονθόσι,

394 3043 413 3078 ι
459 3023 579 3080 ﬁdei
623 3026 858 3083 fructum
907 3031 1295 3098 ostenderunt,
1327 3037 1421 3090 sed
1453 3039 1520 3092 ad
1561 3041 1752 3096 vitium
1808 3045 1935 3100 ultrt

394 3132 414 3140 -
457 3115 864 3140 ι-Α..-Δ¹.-..-..--..ι
927 3135 946 3140 Α
981 3131 1078 3140 κη-.
1112 3139 1119 3140 ,
1167 3133 1199 3140 ,.
1230 3127 1263 3140 ,ο
1331 3126 1342 3137 ο
1366 3124 1420 3140 ιο.
1471 3138 1477 3140 .
1666 3131 1699 3140 -.
1731 3133 1744 3140 -

2058 3039 2078 3072 ι
2121 3021 2252 3092 μηδὲ
2290 3020 2682 3091 ἐνδειξαμένοις
2721 3021 2926 3090 καρπὸν
2957 3020 3212 3084 πίστεως,
3245 3019 3357 3077 ἀλλ’
3386 3021 3621 3092 αὐτομοο

2058 3130 2075 3140 ι
2112 3112 2304 3140 πλη--.
2352 3113 2486 3140 _.-.).-
2526 3113 2624 3140 -.ιη
2674 3113 2868 3140 .,-.,ι-..
2946 3111 3348 3140 -Αλὲιιὶληλιιιη,
3384 3113 3486 3140 ,οι-λ
3525 3115 3595 3140 ᾖ...

387 3132 414 3175 e
457 3115 890 3189 transfugerunt,
925 3135 954 3174 a
980 3131 1122 3176 metu
1153 3133 1207 3178 et
1229 3124 1518 3182 timiditate
1549 3131 1935 3200 proditi;nun<

2057 3130 2075 3164 ι
2112 3112 2308 3184 λήσασι
2351 3113 2486 3182 πρὸς
2525 3113 2624 3184 τὴν
2674 3113 2890 3179 κακίαν,
2946 3111 3349 3186 προδεδομένοις
3384 3113 3490 3166 ὑπὸ
3523 3115 3622 3171 66t-

391 3227 411 3260 ι
459 3216 640 3264 autem
676 3211 900 3266 veniunt
943 3212 1011 3266 ad
1046 3215 1447 3284 prenitentiam,
1483 3235 1710 3278 necesse
1762 3231 1847 3279 est
1892 3233 1935 3282 et

2053 3223 2072 3256 ι
2108 3205 2226 3268 λίας
2245 3204 2338 3258 καὶ
2353 3205 2536 3274 φόϐου,
2555 3205 2650 3258 νῦν
2665 3205 2721 3260 δὲ
2738 3206 2816 3268 είς
2834 3205 3118 3276 μετάνοιαν
3138 3205 3468 3276 ἐρχομένοις,
3487 3207 3620 3261 ἁνα-

388 3319 408 3354 ι
453 3304 782 3360 conveniens
812 3304 1144 3376 infrug’ifera:
1195 3306 1330 3365 ﬁcus
1378 3313 1691 3380 parabolam
1741 3332 1935 3389 pr0po-

2051 3316 2071 3349 ι
2111 3297 2298 3366 γκαῖόν
2315 3300 2428 3351 ἐστι
2444 3299 2535 3350 καὶ
2549 3297 2782 3367 ἁρμόζον
2815 3297 2914 3371 τὴν
2939 3297 3036 3368 τῆς
3049 3296 3294 3368 ἀκάρπου
3323 3297 3494 3368 συκῆς
3511 3315 3616 3399 πα-

389 3414 406 3446 ι
453 3411 604 3461 nere,
657 3403 718 3450 ut
765 3392 1028 3452 Dominus
1079 3397 1211 3452 dicit
1263 3418 1276 3454 :
1337 3400 1575 3458 Habebat
1629 3407 1743 3476 quis
1784 3408 1935 3476 ﬁcum

2051 3408 2070 3440 ι
2111 3389 2341 3461 ραὸολὴν
2381 3389 2741 3463 παραθέσθαι,
2781 3390 2855 3453 ὡς
2883 3393 2912 3443 ὁ
2939 3389 3141 3462 Κύριος
3177 3390 3350 3458 λέγει’
3404 3389 3616 3458 Συκῆν

384 3505 403 3538 ι
449 3488 747 3555 plantatam
774 3489 831 3542 in
859 3505 956 3543 suo
986 3489 1156 3546 vineta
1187 3510 1204 3547 :
1236 3503 1287 3548 et
1327 3497 1461 3550 venit
1503 3515 1740 3568 quaerens
1788 3502 1842 3556 in
1882 3519 1935 3558 ea

2051 3498 2068 3532 ι
2102 3478 2229 3550 εἷχέ
2255 3499 2343 3548 τις
2384 3479 2836 3550 πεφυτευμένην
2865 3482 2934 3535 ἐν
2965 3481 3044 3546 τῷ
3075 3481 3378 3551 ἀμπελῶνι
3397 3483 3611 3537 αὐτοῦ’

2056 3591 2069 3594 -
2116 3572 2206 3594 --.Α
2250 3569 2389 3594 J’an-
2410 3570 2589 3594 Y..__".--
2621 3571 2849 3594 __._-_.1_-
2881 3573 2943 3594 ι--
2967 3571 3115 3594 ..ιι-..τ
3165 3573 3252 3594 “ut
3286 3568 3588 3594 _J._-T__--

386 3599 404 3630 ι
448 3581 702 3649 fructum,
748 3589 799 3635 et
840 3599 944 3636 non
994 3585 1211 3643 invenit.
1258 3587 1408 3642 Dixit
1460 3601 1634 3645 autem
1677 3593 1935 3650 vinitori:

2050 3591 2069 3623 ι
2112 3572 2207 3625 καὶ
2245 3569 2390 3642 ἦλθε
2404 3570 2590 3639 ζητῶν
2617 3571 2850 3641 καρπὸν
2874 3573 2943 3625 ἐν
2959 3571 3135 3640 αὐτῇ,
3159 3573 3255 3627 καὶ
3279 3575 3390 3642 οὐχ
3405 3569 3610 3641 εὗρεν.

2048 3681 2066 3713 ι
2103 3663 2249 3717 Eine
2259 3663 2326 3715 δὲ
2341 3663 2489 3729 πρὸς
2505 3663 2610 3716 τὸν
2623 3663 3054 3734 ἀμπελουρπύν·
3082 3663 3224 3717 Ἰδοὺ
3242 3665 3370 3731 τρία
3385 3664 3492 3731 ἐτη
3509 3665 3593 3732 ἀφ

2046 3773 2064 3806 ι
2097 3751 2168 3809 οὗ
2197 3755 2438 3823 ἔρχομαι
2457 3753 2639 3822 ζτιιτῶν
2658 3754 2888 3825 καρπὸν
2905 3755 2976 3808 ὲν
3002 3753 3076 3823 τῇ
3094 3754 3254 3823 συκῇ
3277 3757 3482 3824 ταύτῃ,
3507 3757 3607 3809 καὶ

2045 3866 2063 3898 ι
2103 3849 2214 3915 οὐχ
2247 3848 2538 3914 εὑρίσκωο
2593 3847 2858 3915 ἔκκοψον
2894 3846 3116 3912 αὐτὴν·
3168 3848 3322 3900 ινατί
3356 3848 3456 3901 καὶ
3493 3848 3611 3916 τὴν

2042 3959 2062 3992 ι
2095 3940 2210 4008 γῆν
2252 3939 2560 4008 καταργεῖ;
2596 3939 2648 3990 ’0
2695 3938 2762 3992 δὲ
2809 3939 3150 4006 ἀποκριθεὶς
3206 3939 3366 4009 λέγει
3405 3939 3606 4006 αὐτῷ·

2041 4051 2060 4086 ι
2100 4035 2295 4101 Κύριε,
2317 4032 2465 4102 ἄφες
2488 4031 2681 4100 αὐτὴν
2718 4030 2817 4085 καὶ
2849 4030 3023 4084 τοῦτο
3051 4031 3113 4083 τὸ
3140 4030 3294 4096 ἔτος,
3314 4031 3426 4096 ἕως
3461 4031 3609 4086 ὅτου

2039 4143 2059 4176 ι
2101 4124 2316 4192 σκάψω
2366 4122 2439 4176 τὰ
2474 4123 2604 4190 περὶ
2635 4121 2846 4189 αὐτὴν,
2878 4121 2974 4174 καὶ
3011 4119 3183 4184 ,βάλω
3206 4122 3451 4190 κόπριιν
3489 4123 3610 4176 κᾶν

2040 4233 2057 4266 ι
2091 4214 2209 4284 μὲν
2235 4211 2461 4281 ποιήσῃ
2491 4212 2723 4280 καρπόν
2742 4227 2755 4241 ο
2780 4214 2831 4264 εὶ
2862 4210 2929 4264 δὲ
2951 4210 3035 4281 μή
3058 4229 3147 4280 τε,
3173 4212 3261 4279 εὶς
3290 4212 3353 4264 τὸ
3365 4210 3608 4280 μέξλλον

2038 4327 2057 4360 ι
2095 4309 2372 4375 ἐκκόψει-ς
2397 4305 2587 4372 αὐτήν
2609 4323 2622 4336 ·
2656 4306 2723 4378 ἢν
2751 4305 2857 4377 πρὸ
2891 4304 3182 4375 ὀφθαλμῶν
3221 4304 3498 4369 λαϐόντες,
3521 4305 3607 4358 ἐν-

2039 4418 2056 4451 ι
2091 4399 2390 4470 δειξάμενοί
2421 4415 2481 4450 τε
2533 4397 2741 4469 καρπὸν
2773 4395 2920 4465 ἄξιον
2957 4397 3054 4467 τῆς
3095 4396 3404 4466 μετανοίας,
3440 4399 3503 4450 ἐν
3526 4395 3607 4470 τῷ

2040 4513 2058 4545 ι
2095 4492 2418 4563 διαστήματι
2470 4491 2565 4546 τοῦ
2606 4490 2860 4544 τοσούτου
2899 4490 3088 4562 χρόνου
3129 4489 3326 4560 μᾶλλον
3379 4491 3604 4564 ὠφελη-

386 3690 403 3722 ι
451 3669 584 3725 Ecce
607 3681 711 3726 tres
741 3690 928 3736 annos,
973 3692 1038 3730 ea:
1075 3695 1176 3748 quo
1228 3697 1320 3750 ego
1377 3683 1524 3738 venio
1557 3701 1792 3753 quaerens
1822 3686 1939 3756 [ru-

384 3781 403 3812 ι
454 3772 595 3816 ctum
624 3765 677 3817 in
704 3763 801 3820 hac
843 3767 968 3836 ficu,
1009 3777 1058 3821 et
1091 3787 1192 3824 non
1233 3773 1470 3839 invenio;
1500 3777 1742 3833 exscinde
1775 3795 1890 3833 eam
1921 3795 1940 3834 .'

383 3873 402 3904 ι
448 3871 541 3909 cur
575 3865 768 3910 terram
790 3859 1020 3914 inaniter
1042 3867 1304 3932 occupat?
1335 3864 1436 3921 Ille
1467 3885 1582 3922 vero
1621 3871 1937 3940 respondens

382 3968 401 4000 ι
441 3949 567 4004 dicit
592 3951 715 4007 illi:
755 3952 990 4020 Domine,
1015 3955 1220 4012 dimitte
1245 3959 1395 4013 illam
1425 3961 1519 4016 hoc
1542 3980 1743 4034 quoque
1774 3982 1932 4034 anno,

379 4059 400 4094 ε
442 4041 604 4097 donec
640 4044 783 4100 circa
828 4063 944 4101 eam
973 4047 1174 4117 fodero,
1219 4061 1268 4105 et
1309 4052 1550 4109 laztamen
1593 4054 1857 4126 injecero;
1890 4063 1937 4114 si

379 4151 397 4184 ι
443 4134 651 4206 quidem
679 4136 911 4207 fructum
945 4139 1163 4209 fecerit;
1201 4145 1284 4198 sin
1329 4145 1525 4212 minus,
1559 4163 1674 4204 eam
1709 4150 1763 4204 in
1786 4150 1935 4219 [utu-

375 4245 397 4279 ‹
442 4231 856 4288 rumexscindes
888 4247 912 4275 α
940 4254 952 4288 :
985 4250 1093 4305 qua
1125 4245 1251 4291 ante
1271 4238 1462 4292 oculos
1489 4251 1732 4313 accepta,
1759 4250 1812 4298 et
1838 4260 1931 4299 os-

375 4337 396 4371 ι
441 4328 599 4377 tenso
624 4323 787 4394 digno
813 4325 993 4381 fructu
1023 4329 1377 4398 poenitentiae,
1405 4330 1460 4385 in
1501 4340 1650 4388 tanto
1670 4337 1930 4406 temporis

372 4431 392 4469 ι
437 4413 724 4472 intervallo
753 4418 1296 4488 magisjuvabuntur.
1344 4441 1364 4474 ι
1961 4446 2008 4503 ι)

2039 4603 2056 4634 ι
2094 4584 2365 4655 θήσονται.
2399 4602 2418 4634 ι

432 4664 591 4722 ΒΑις.
636 4668 744 4722 Eos
772 4671 862 4737 qui
891 4680 1114 4741 propter
1142 4675 1317 4727 solum
1351 4684 1552 4729 metum
1582 4686 1635 4729 et
1665 4678 1928 4732 timidita-

2100 4676 2294 4730 ΒΑΛΣ.
2317 4677 2453 4740 Τοὺς
2482 4676 2662 4746 μέντοι
2687 4675 2773 4731 διὰ
2796 4675 2958 4745 φόϐον
2980 4675 3138 4745 μόνον
3159 4675 3252 4728 καὶ
3273 4671 3472 4726 δειλίαν
3499 4673 3602 4729 αὐ-

359 4767 468 4814 tem
496 4758 932 4830 transfugerunt,
967 4763 1031 4816 ad
1064 4763 1438 4833 paenitentiam
1469 4775 1646 4823 autem
1671 4783 1924 4840 respexe-

2041 4769 2451 4840 ιομολήσαντας,
2508 4764 2625 4822 εἶτα
2669 4770 2748 4830 είς
2803 4767 3086 4838 μετάνοιαν
3140 4765 3448 4829 ἀπιδόντας,
3507 4765 3599 4819 διὰ

359 4858 508 4917 runt,
536 4851 771 4907 triennio
802 4853 958 4921 punit
988 4869 1164 4908 canon
1188 4857 1488 4911 secundum
1518 4859 1832 4928 parabolam
1866 4861 1926 4916 ﬁ-

2041 4863 2269 4936 ιριετίας
2307 4862 2533 4931 ἐπιτιμᾷ
2563 4863 2592 4913 ὁ
2628 4859 2830 4925 κανὼν,
2861 4867 3000 4912 κατα
3025 4860 3123 4929 τὴν
3151 4860 3209 4912 ἐν
3242 4856 3598 4925 Εὑαγγελίοις

358 4956 458 4994 cus
483 4956 603 5010 quas
637 4951 722 4996 est
755 4943 811 4996 in
848 4943 1179 5014 Evangeliis.
1209 4946 1470 5004 Dominus
1516 4951 1662 5004 enim
1694 4952 1871 5023 inquit
1905 4974 1917 5008 :

2041 4937 2338 5026 παραϐολὴν
2358 4954 2455 5024 τῆς
2474 4954 2661 5023 συκῆς.
2681 4953 2737 5004 '0
2765 4950 2872 5022 γὰρ
2895 4950 3117 5019 Κύριος,
3153 4950 3289 5018 Τρία
3301 4949 3428 5016 ἐτη,
3455 4949 3597 5021 ἔφη-

355 5029 479 5084 Jam
512 5033 680 5088 tribus
712 5036 864 5089 annis
889 5034 957 5089 ad
990 5035 1124 5090 hanc
1157 5040 1302 5092 venio
1334 5056 1569 5110 quarens
1600 5041 1850 5110 fructum,
1874 5056 1921 5100 et

2041 5061 2135 5109 ιεν,
2185 5047 2427 5114 ἔρχομαι
2459 5043 2606 5111 πρὸς
2631 5041 2827 5110 αὐτὴν
2856 5039 3040 5108 ζητῶν
3070 5040 3321 5109 καρπὸν,
3345 5041 3443 5094 καὶ
3477 5043 3594 5107 οὐχ

357 5139 459 5178 non
489 5125 712 5180 invenio.
752 5125 966 5183 Vinitor
989 5123 1193 5192 autem,
1233 5129 1450 5188 Dimitte
1493 5133 1668 5199 illum,
1720 5135 1918 5206 inquit,

2041 5137 2304 5204 τῠρίσκω’
2348 5137 2377 5187 ό
2411 5135 2468 5189 δὲ
2494 5134 2890 5206 ἀμπελουργὸς,
2941 5136 3134 5203 Ἄφες,
3165 5129 3340 5196 εἶπεν,
3370 5132 3592 5201 αὐτὴν,

351 5227 397 5268 et
427 5215 523 5270 hoc
551 5234 710 5271 anno.

2041 5231 2211 5296 ϊύριε,
2242 5227 2340 5282 καὶ
2375 5227 2551 5281 τοῦτο
2576 5229 2642 5281 τὸ
2670 5229 2824 5292 ἔτος.

425 5305 632 5364 Zomn.
672 5308 994 5380 Quicunque
1039 5328 1190 5378 vero,
1245 5316 1442 5387 inquit,
1493 5319 1624 5373 nihil
1675 5321 1917 5391 perpessi

2085 5321 2326 5374 ΖΩΝΑΡ.
2383 5321 2556 5384 Ὅσοι,
2597 5319 2676 5384 δὲ,
2734 5318 2885 5389 φησὶ,
2925 5317 2998 5388 μή
3035 5333 3090 5370 τι
3126 5316 3456 5378 ὑποστάντες
3494 5315 3593 5368 ἀλ-

351 5397 633 5462 acerbum,
662 5399 731 5454 ob
753 5409 957 5454 metum
997 5403 1169 5458 solum
1199 5419 1263 5458 ac
1294 5407 1636 5464 timiditatem
1672 5411 1916 5466 transfu-

2041 5411 2214 5477 ἐινὸν,
2274 5409 2361 5462 διὰ
2411 5408 2572 5477 φόϐον
2616 5408 2773 5478 μόνον
2819 5409 2913 5461 καὶ
2953 5405 3154 5460 δειλίαν
3183 5406 3588 5477 ηὐτομόλησαν,

349 5496 567 5555 gerunt,
595 5503 695 5557 pro
726 5505 792 5544 eo
818 5492 966 5564 quod
1017 5493 1120 5563 ipsi
1175 5503 1374 5565 sponte
1420 5501 1738 5568 pravitatem
1786 5511 1914 5559 sunt

2041 5500 2135 5553 ιντὶ
2179 5499 2294 5562 τοῦ,
2324 5498 2477 5552 αὐτοὶ
2529 5497 2741 5560 ἑκόντες
2782 5495 3082 5567 προσῆλθον
3127 5498 3191 5565 τῇ
3233 5494 3419 5567 κακίᾳ,
3463 5490 3590 5548 εἶτα

351 5579 686 5648 consectati;
711 5596 836 5635 mox
856 5583 1100 5639 animum
1127 5586 1194 5641 ad
1231 5589 1608 5662 pmnitentiam
1639 5591 1905 5663 adjecere,

2046 5592 2094 5656 ίς
2142 5590 2424 5662 μετάνοιαν
2482 5588 2721 5654 ἀπεῖδον,
2770 5589 2879 5652 τοῖς
2917 5587 3175 5652 τοιούτοις
3203 5591 3236 5659 ἠ
3277 5587 3375 5660 τῆς
3413 5587 3591 5658 συκῆς

417 5728 442 5758 ι
494 5715 626 5772 Luc.
649 5732 774 5785 xm,
809 5715 918 5774 6-9.
