3862 6158
159 299 272 354 473

1393 281 1730 340 EPlSTOLA
1767 276 2133 338 CANONICA.

3304 257 3414 315 ιιι

156 416 392 490 ἁρμόσει
444 410 726 484 παραϐολὴ
780 407 920 464 κατὰ
957 407 1018 461 τὸ
1048 404 1408 475 Εὑαγγὲλιον·
1439 404 1508 475 ἥν
1543 401 1739 456 λαὸόν-

1865 414 1897 452 n
1924 409 2020 453 eos
2050 393 2306 466 parabola
2346 388 2658 460 evangelica
2701 384 2836 440 ﬁcus
2879 381 3168 454 quadrabit
3198 397 3213 434 :
3247 395 3412 450 quam

159 525 252 571 τες
314 506 422 578 πρὸ
456 501 768 572 ὀφθαλμῶν,
802 500 968 552 κόπον
1000 497 1146 562 ἄξιον
1189 497 1474 567 μετανοίας
1506 495 1598 548 ἐπὶ
1647 511 1738 546 το-

161 597 353 652 σοῦτον
384 599 572 668 χρόνον
630 594 810 656 δόντες
839 590 1302 662 ὠφεληθήσονται,
1331 589 1498 660 ἧγουν
1533 588 1624 640 ἐπὶ
1648 604 1740 640 τεά

157 690 438 764 τραετίαν.
487 687 546 742 '0
569 687 680 758 γὰρ
711 685 936 757 Κύριος,
995 684 1128 751 Τρία
1159 684 1284 751 ἐτη.
1327 681 1545 753 ἔφησεν,
1581 681 1743 748 ἐρχο-

154 801 265 854 μαι
301 782 452 850 πρὸς
475 776 878 846 αὑτὴν,ζητῶν
897 774 1160 844 καρπὸν,
1187 773 1287 830 καί
1314 775 1426 841 οὐχ
1461 773 1738 840 εὑρίσκωο

157 881 188 935 ὁ
215 877 273 932 δὲ
307 873 708 946 ἀμπελουργὸς,
747 872 922 941 Ἄφες
961 868 1176 938 αὐτὴν,
1210 863 1382 932 εἶπεν,
1416 867 1608 934 Κύριε,
1641 861 1740 916 καί

159 967 342 1022 τοῦτο
373 965 438 1018 τὸ
477 964 632 1030 ἔτος.

769 1049 1008 1105 ΚΑΝΩΝ
1039 1051 1111 1104 A'.

237 1167 258 1198 ε
299 1146 426 1210 Τοῖς
442 1145 550 1217 γὰρ
571 1143 912 1197 παντάπασιν
933 1138 1372 1210 ἀπεγνωσμένοις
1391 1136 1483 1190 καὶ
1497 1136 1520 1167 ⁸
1536 1135 1742 1205 ἀμετα-

163 1259 186 1292 s
228 1241 464 1310 νοήτοις,
486 1239 661 1309 δέρμα
692 1252 751 1288 τε
785 1232 1036 1296 Αἰθίοπος
1059 1229 1432 1302 άμετάσλητον
1466 1226 1740 1298 κεκτημέο

166 1353 186 1384 ι
226 1349 359 1398 νοις,
381 1329 475 1384 καὶ
501 1329 832 1399 ποικίλματα
858 1324 1192 1396 παρδάλεως,
1222 1321 1538 1392 λεχθήσεται
1564 1319 1625 1372 τὸ
1641 1319 1740 1390 τῆς

168 1442 188 1474 ι
223 1423 418 1494 ἐτέρας
482 1419 682 1489 συκῆςο
733 1415 954 1484 Μηκέτι
998 1415 1066 1468 ἐκ
1100 1411 1217 1467 σοῦ
1252 1411 1478 1480 καρπὸς
1501 1409 1742 1480 γένηται

168 1535 189 1567 ι
225 1518 316 1580 εις
363 1513 470 1566 τὸν
523 1511 739 1565 αίῶνα·
777 1507 857 1562 διὸ
897 1507 992 1560 καὶ
1017 1504 1358 1576 παραχρῆμα
1402 1502 1737 1574 ξηραίνεται.

167 1627 187 1658 ι
239 1605 680 1677 ’Δποπληροῦται
735 1603 864 1672 γοῦν
903 1601 990 1656 ἐπ’
1016 1600 1198 1661 αὐτοῖς
1243 1597 1336 1650 καὶ
1382 1596 1443 1649 τὸ
1493 1595 1596 1648 ὑπὸ
1648 1590 1740 1648 τοῦ

168 1716 189 1746 ι
234 1694 663 1766 Ἐκκλησιαστοῦ
695 1691 1011 1765 εἰρημένον⁸
1043 1685 1519 1757 Διεστραμμένον
1547 1687 1618 1740 οὺ
1646 1685 1744 1738 δύο

1841 503 1952 558 ρηε
1983 485 2158 540 oculis
2191 483 2475 543 habentes,
2509 479 2734 548 dignum
2789 474 3124 545 paenitentia:
3172 471 3412 558 laborem

1839 557 2033 642 aequali
2065 579 2307 640 tempore
2344 566 2686 626 exhibentes,
2712 561 3073 631 juvabuutur,
3106 558 3210 612 hoc
3238 565 3322 613 est
3345 557 3413 611 ad

1840 675 2090 736 quartum
2122 677 2297 732 usque
2325 673 2551 714 annum.
2581 656 2844 710 Dominus
2872 667 3130 724 namque,
3161 651 3286 706 Tres
3316 667 3416 703 an-

1840 773 1959 820 nos,
2001 755 2200 826 inquit,
2244 753 2390 808 venio
2421 750 2489 804 ad
2520 751 2712 819 ipsam,
2756 763 2994 817 quwrens
3027 745 3290 814 fructum,
3318 759 3416 798 nec

1840 849 2064 904 invenio.
2091 845 2346 917 Agricola
2373 859 2523 905 vero,
2557 841 2800 904 Dimitte,
2832 839 2928 905 ait,
2974 839 3149 902 illam,
3178 835 3414 901 domine,

1839 951 1890 997 et
1917 944 2012 995 hoc
2043 955 2202 993 anno.

2443 1024 2672 1082 CANON
2710 1023 2806 1082 lV.

1917 1163 1936 1198 ι
1986 1145 2058 1201 lis
2088 1142 2237 1199 enim
2264 1141 2358 1213 qui
2399 1151 2527 1195 sunt
2571 1140 2796 1194 omnino
2823 1137 3118 1208 desperati,
3149 1144 3204 1191 et
3233 1134 3414 1207 poeni-

1846 1257 1865 1290 ι
1912 1236 2138 1292 tentiam
2171 1250 2281 1289 non
2308 1240 2494 1303 agunt,
2525 1239 2576 1286 et
2610 1232 2803 1301 pellem
2849 1229 3122 1299 AithiOpis
3159 1230 3416 1282 immulao

1848 1349 1867 1381 ι
1913 1330 2074 1384 bilem
2111 1327 2394 1398 possident
2419 1335 2472 1380 et
2497 1325 2648 1396 pardi
2676 1324 2993 1388 varietates,
3015 1322 3251 1386 dicetur,
3269 1321 3416 1391 quod

1847 1440 1866 1474 ι
1912 1421 2003 1475 alii
2034 1420 2161 1475 ﬁcui
2195 1407 2399 1481 dictum
2431 1427 2561 1474 est:
2613 1416 2961 1489 Nequaquam
3010 1432 3075 1470 ea:
3123 1425 3170 1470 te
3211 1415 3417 1485 fruetus

1847 1531 1866 1564 ι
1913 1514 2010 1581 ﬁat
2044 1514 2098 1565 in
2130 1520 2384 1566 aeternum
2410 1522 2462 1570 α,
2493 1517 2548 1564 et
2575 1509 2697 1564 ideo
2744 1508 2928 1562 statim
2962 1520 3178 1575 quoque
3227 1519 3421 1560 exare-

1849 1622 1868 1654 ι
1918 1604 2041 1658 scit.
2090 1601 2148 1657 ln
2200 1602 2268 1658 iis
2322 1603 2469 1657 enim
2525 1603 2781 1672 impletur
2807 1600 2950 1671 quod
2985 1599 3054 1654 ab
3087 1599 3422 1653 Ecclesiaste

1851 1714 1870 1748 ι
1915 1696 2120 1750 dictum
2155 1703 2240 1750 est
2275 1714 2286 1748 :
2320 1693 2471 1760 Quod
2499 1709 2794 1763 perversum
2821 1703 2920 1754 est,
2969 1707 3071 1744 non
3101 1691 3290 1757 poterit
3327 1705 3423 1744 ax-

169 1809 188 1840 ι
225 1803 400 1840 ratae
427 1761 450 1820 δ
475 1761 970 1855 ἐπικοσμηθῆναι,
994 1783 1093 1839 καί
1133 1780 1440 1849 ὑστέρημα
1472 1783 1543 1834 οὐ
1566 1778 1744 1844 δυνή-

1860 1806 1871 1840 ι
1920 1789 2124 1853 ornari,
2172 1797 2221 1840 et
2275 1785 2506 1855 defectus
2534 1785 2805 1839 numerari
2858 1799 2961 1837 non
2995 1782 3185 1852 poterit
3221 1783 3268 1834 δ.
3303 1780 3421 1835 Nisi

169 1897 190 1930 c
234 1883 408 1932 σεται
446 1876 860 1946 ἀριθμηθῆναι.
897 1875 960 1928 Et
1009 1872 1082 1945 μὴ
1125 1873 1233 1944 γὰρ
1272 1872 1536 1944 πρότερον
1576 1869 1638 1922 τὸ
1667 1869 1745 1922 δι-

167 1987 189 2020 ¢
224 1967 604 2040 ἐστραμμένον
631 1965 918 2038 διορθωθῇ,
947 1964 1201 2018 ἀδύνατόν
1237 1964 1353 2017 ἐστι
1394 1962 1528 2016 αὐτὸ
1556 1965 1744 2016 ἐπικο-

167 2078 188 2112 c
224 2059 538 2131 σι,ι.·ηθ⁷ιίι.κιι⁸
583 2061 676 2112 καὶ
703 2061 752 2111 εί
789 2059 863 2129 μὴ
913 2057 1178 2129 πρότερον
1209 2056 1272 2109 τὸ
1302 2056 1584 2127 ὑστέρημα
1615 2057 1746 2109 ἁνα-

166 2170 187 2202 ι
224 2151 516 2222 πληρωθῇ,
539 2150 800 2204 ἀδύνατόν
827 2153 973 2203 ἐστιν
1005 2149 1135 2201 αὐτὸ
1168 2147 1556 2220 ἀριθμηθῆναι.
1584 2146 1742 2201 Ὅθεν

166 2262 186 2294 ι
220 2244 318 2297 καὶ
346 2244 442 2296 ἐπὶ
484 2242 671 2306 τέλους
719 2241 1056 2311 συμϐήσεται
1107 2241 1288 2302 αὐτοῖς
1317 2239 1378 2292 τὸ
1408 2239 1695 2309 λεγόμενον
1723 2239 1742 2270 ⁷

166 2355 186 2388 ι
223 2335 332 2388 ὑπὸ
361 2331 458 2389 τοῦ
511 2335 788 2406 προφήτου
847 2333 1098 2386 Ἡσαΐου·
1147 2332 1258 2386 Καὶ
1295 2331 1545 2400 ὄψονται
1565 2327 1676 2394 γὰρ
1699 2332 1740 2394 ³,

1854 1898 1872 1930 ι
1915 1879 2063 1934 enim
2094 1877 2236 1947 quod
2268 1891 2585 1948 perversum
2638 1884 2723 1930 est
2773 1875 2925 1944 prius
2976 1883 3185 1928 rectum
3236 1871 3420 1935 fuerit,

1855 1988 1874 2022 ι
1922 1969 2037 2023 ﬁeri
2069 1984 2176 2022 non
2203 1975 2382 2038 potest
2414 1973 2473 2020 ut
2506 1966 2559 2020 id
2579 1973 2910 2031 exornetur;
2945 1971 3000 2018 et
3022 1963 3127 2019 nisi
3154 1963 3305 2034 prior
3327 1962 3425 2018 de-

1855 2078 1875 2112 ι
1923 2059 2100 2115 fectus
2130 2059 2378 2128 expletus
2414 2057 2591 2122 fuerit,
2648 2058 2764 2111 ﬁeri
2805 2072 2912 2111 non
2952 2065 3131 2126 potest
3154 2057 3290 2129 utris
3321 2072 3425 2110 nu-

1853 2169 1874 2202 (
1920 2158 2178 2206 meretur.
2209 2148 2364 2204 Unde
2393 2160 2446 2203 et
2489 2149 2543 2203 in
2580 2149 2685 2207 ﬁne
2711 2149 2793 2204 eis
2817 2149 3029 2203 eveniet
3056 2149 3202 2219 quod
3231 2163 3262 2200 a
3293 2164 3422 2219 pro-

1854 2261 1873 2294 ι
1916 2242 2075 2312 pheta
2107 2244 2244 2297 Isaia
2273 2243 2474 2298 dicitur
2509 2264 2520 2296 :
2556 2240 2623 2294 Et
2663 2239 3000 2306 uidebuntur,
3032 2240 3230 2309 inquit,
3263 2255 3426 2293 mem-

1856 2351 1875 2384 ι
1921 2331 2017 2386 bra
2058 2348 2238 2386 eorum
2283 2331 2374 2403 qui
2414 2335 2735 2400 transgressi
2785 2337 2908 2382 sunt
2957 2327 3012 2381 in
3062 2343 3163 2381 me.
3221 2325 3423 2380 Vermis

166 2447 184 2478 ι
225 2429 384 2497 φησι,
411 2428 481 2480 τὰ
513 2426 677 2481 κῶλα
717 2424 835 2480 τῶν
865 2425 1192 2494 ἀνθρώπων
1213 2423 1331 2478 τῶν
1349 2425 1747 2493 παραϐεϐηκό-

1860 2440 1878 2474 ι
1925 2423 2063 2477 enim
2109 2424 2346 2492 ipsorum
2395 2439 2497 2476 non
2545 2422 2822 2484 morietur,
2856 2429 2906 2474 et
2933 2419 3070 2489 ignis
3102 2434 3283 2472 eorum
3320 2433 3424 2470 non

163 2539 184 2571 ι
217 2537 341 2572 των
360 2520 434 2573 ἐν
456 2520 587 2589 ἐμοί
610 2538 623 2551 ·
665 2523 698 2574 ό
727 2519 837 2590 γὰρ
859 2518 1107 2584 σκώληξ
1129 2515 1326 2572 αὐτῶν
1351 2521 1423 2572 οὺ
1468 2518 1746 2586 τελευτή-

1860 2535 1878 2569 ι
1923 2517 2282 2587 cxstinguetur
2309 2532 2326 2570 :
2353 2525 2400 2570 et
2426 2523 2578 2570 erunt
2595 2515 2648 2568 in
2673 2522 2937 2583 aspectum
2967 2511 3138 2566 omnis
3169 2511 3346 2565 carnis
3372 2522 3422 2565 ο.

166 2632 184 2662 ι
223 2629 347 2676 σει,
390 2611 490 2665 καί
531 2612 596 2665 τὸ
642 2611 762 2695 πῇρ
813 2609 1014 2665 αὐτῶν
1056 2610 1128 2664 οὐ
1172 2610 1593 2676 σϐεσθήσεται,
1647 2610 1747 2664 καί

1860 2626 1876 2660 ι
1923 2607 2395 2677 Quaiiquuidem,
2451 2613 2512 2659 ut
2561 2612 2616 2659 et
2651 2604 2720 2658 ab
2763 2603 2881 2672 ipso
2916 2600 3231 2672 praedictum
3280 2604 3365 2652 est
3407 2616 3422 2652 :

161 2721 182 2754 ι
224 2702 479 2756 ἔσονται
517 2704 604 2767 εις
643 2693 856 2769 ὅρασιν
895 2699 1062 2767 πάσῃ
1111 2699 1326 2766 σαρκί·
1379 2700 1500 2752 ἐπεὶ
1539 2701 1632 2754 καὶ
1672 2699 1748 2763 ὡς

1860 2719 1879 2752 ι
1930 2700 2130 2770 lnjusti
2157 2710 2330 2754 autem
2352 2699 2429 2753 sic
2459 2695 2816 2767 ﬂuctuabunt,
2876 2704 2924 2748 et
2973 2693 3290 2763 requiescere
3323 2706 3426 2744 non

162 2815 183 2846 c
214 2792 581 2864 ⁴ιτρολὲλεειιειται
610 2794 701 2847 ὑπ’
727 2793 914 2849 αὑτοῦ·
935 2796 1001 2847 Οἱ
1024 2793 1092 2846 δὲ
1121 2792 1331 2856 ἄδικοι,
1361 2793 1441 2856 ὼς
1469 2791 1749 2846 θάλασσα

1861 2811 1881 2844 ι
1927 2801 2192 2862 poterunt.
2224 2790 2347 2845 Non
2376 2800 2452 2846 est
2484 2789 2710 2862 gaudere
2739 2788 2938 2858 impiis,
2970 2787 3100 2839 dicit
3135 2784 3272 2838 Deus
3301 2782 3352 2837 ἀ.
3401 2801 3422 2834 ι

163 2909 185 2942 c
226 2887 723 2958 ἀνασεὸρασμένη
760 2889 828 2950 δ’,
859 2889 1011 2942 οὕτω
1037 2886 1652 2953 κλυδωνισθήσονται,
1681 2889 1779 2942 καὶ
1813 2889 2277 2945 ἀναπαύσασθαι
2299 2889 2370 2942 οὐ
2399 2887 2485 2957 μὴ
2518 2884 2887 2954 δυνήσονται
2911 2885 2932 2916 ⁹
2956 2883 3020 2954 (Ῑ.
3049 2878 3425 2952 δυνήσωνται).

163 3005 184 3039 ι
214 2987 343 3039 Οὐκ
371 2984 508 3038 ἐστι
536 2985 764 3052 χαίρειν
785 2984 908 3050 τοῖς
932 2985 1238 3049 ἀσεϐέσιν,
1270 2980 1441 3038 εἶπεν
1465 2987 1498 3038 ό
1525 2986 1686 3052 Θεός.
1725 3007 1742 3038 ι

200 3152 203 3154 γ
231 3078 439 3131 ΒΑΛΣ.
475 3079 543 3130 Ἀ
571 3078 667 3147 μὲν
697 3078 1022 3151 πρρείρηται
1053 3079 1183 3151 περὶ
1226 3080 1334 3132 τῶν
1363 3081 1749 3146 πεπτωκότων,

1929 3085 2086 3141 Βιιε.
2126 3084 2260 3152 Qua:
2291 3085 2444 3154 prius
2477 3081 2696 3153 quidem
2727 3077 2871 3133 dicta
2905 3083 3034 3132 sunt
3058 3075 3124 3129 de
3151 3073 3340 3145 lapsis,
3362 3073 3431 3128 de

157 3165 389 3237 εἴρηται
419 3164 515 3218 καὶ
549 3167 677 3236 περὶ
708 3165 1191 3236 μεταμελομένων
1229 3169 1372 3223 κατὰ
1399 3170 1456 3222 δὲ
1482 3170 1590 3224 τῶν
1623 3171 1754 3242 ἀμε-

158 3257 448 3327 τανοήτων
487 3255 588 3325 τὴν
642 3258 888 3328 κατάραν
933 3259 1035 3329 τῆς
1077 3262 1270 3331 ἐτέρας
1305 3263 1478 3333 συκῆς
1535 3263 1750 3332 ἐπάγει,

163 3349 310 3421 πρὸς
329 3348 402 3418 ἥν
435 3349 464 3401 6
515 3347 720 3420 Κύριος
748 3349 853 3420 ἔφη
882 3349 972 3406 διὰ
1017 3351 1078 3404 τὸ
1113 3351 1360 3425 ἄκαρπον
1384 3370 1398 3384 ο
1436 3354 1656 3422 Μηκέτι
1684 3357 1753 3410 ἐκ

160 3442 285 3498 σοῦ
312 3440 550 3511 καρπὸς
573 3443 836 3514 γένηται.

235 3617 489 3672 ΖΩΝΔΡ.
513 3618 579 3670 ’Δ
598 3618 696 3688 μὲν
712 3619 1030 3693 προείρηται
1050 3623 1177 3692 περὶ
1197 3621 1304 3676 τῶν
1319 3627 1756 3696 παραπεπτωκό-

165 3725 298 3772 των,
320 3708 548 3781 είρηται·
565 3712 659 3763 καὶ
680 3711 808 3783 [add
823 3753 836 3766 .
855 3713 1004 3784 περὶ]
1025 3714 1496 3785 μεταμελομένων.
1520 3719 1677 3773 Κατὰ
1698 3720 1756 3774 δὲ

166 3799 280 3852 τῶν
301 3802 690 3872 ὰμετανοήτων
720 3803 778 3866 ἐξ
798 3802 1213 3875 ἀπογνώσεωςῆ
1246 3809 1488 3878 πονηρᾶς
1510 3809 1753 3882 γνώμηςν

171 3894 343 3948 καὶτὸ
374 3893 435 3958 ἐξ
468 3894 741 3965 ἁμαρτίας
768 3895 1063 3966 μελάνωμα
1083 3896 1457 3970 ἀμετάϐλητον
1484 3901 1578 3955 καὶ
1605 3903 1759 3957 ἀνέκ-

173 3986 373 4039 πλυτον
402 3987 658 4056 ἐχόντων,
696 3988 773 4051 ὡς
815 3989 862 4040 οί
896 3988 1152 4053 Αἰθίοπες
1181 3991 1244 4042 τὸ
1274 3991 1500 4062 ζοφερὸν
1540 3994 1633 4047 τοῦ
1671 3994 1757 4048 δέ·

177 4091 406 4149 ρματος,
431 4077 528 4129 καὶ
557 4079 591 4148 ἡ
624 4077 888 4148 πάρδαλις
915 4081 985 4132 τὰ
1010 4080 1360 4151 ποικίλματα,
1389 4083 1489 4154 τὴν
1509 4084 1753 4157 κατάραν

171 4170 273 4238 τῆς
328 4168 526 4240 ἐτέρας
573 4169 744 4240 συκῆς
793 4171 1018 4240 ἐπάγει·
1056 4171 1192 4244 πρὸς
1243 4174 1308 4244 ἠν
1349 4176 1378 4226 ὁ
1421 4175 1624 4248 Κύριος
1653 4178 1755 4249 ἔφη

175 4263 262 4316 διὰ
293 4264 357 4316 τὸ
384 4264 665 4334 ἄκαρπονο
701 4264 924 4331 Μηκέτι
956 4266 1025 4318 ἐκ
1057 4266 1174 4318 σοῦ
1207 4268 1436 4335 καρπὸς
1474 4270 1714 4340 γένηται
1738 4289 1754 4302 ⁸

175 4352 268 4406 καὶ
296 4352 637 4424 πληροῦσθαί
677 4368 841 4422 φησιν
872 4352 960 4405 ἐπ’
987 4353 1171 4416 αὐτοῖς
1193 4355 1263 4407 τὰ
1306 4354 1400 4408 τοῦ
1434 4357 1755 4428 Ἐκκλησια-

1854 3176 2309 3249 resipiscentibus
2336 3174 2499 3230 etiam
2531 3173 2677 3230 dicta
2718 3178 2864 3225 sunt.
2895 3168 3171 3223 Adversus
3197 3182 3290 3222 eos
3325 3181 3429 3220 au-

1854 3278 1960 3322 tem
1993 3267 2087 3337 qui
2118 3267 2267 3321 nulla
2305 3263 2623 3335 pmnitentia
2677 3262 2975 3323 ducuntur,
3031 3259 3256 3313 alterius
3293 3257 3427 3313 ﬁcus

1853 3359 2286 3415 exsecrationem
2343 3355 2574 3416 inducit,
2638 3351 2704 3406 ad
2752 3367 2916 3422 quam
2982 3349 3245 3403 Dominus
3297 3348 3432 3402 dicit

1855 3458 2076 3520 propter
2108 3446 2500 3503 iufertilitatem
2533 3463 2546 3499 :
2611 3441 2846 3497 Fructus
2879 3441 3109 3510 amplius
3149 3455 3213 3492 ex
3240 3447 3287 3492 te
3326 3455 3431 3492 non

1855 3541 1972 3611 ﬁat.

1926 3632 2131 3687 Zonsn.
2167 3630 2298 3697 Qua:
2343 3629 2495 3699 prius
2525 3627 2741 3700 quidem
2790 3625 2857 3680 de
2908 3622 3075 3694 lapsis
3102 3621 3245 3676 dicta
3279 3627 3429 3684 sunt,

1856 3725 2005 3779 dicta
2036 3729 2166 3778 sunt
2202 3722 2368 3776 etiam
2421 3720 2488 3774 de
2529 3715 3003 3787 resipiscentihus.
3052 3711 3254 3767 Contra
3307 3710 3430 3763 illos

1855 3835 1984 3879 vero
2033 3817 2125 3886 qui
2169 3831 2234 3872 ex
2283 3811 2664 3884 desperatione
2713 3809 2797 3864 vel
2840 3808 3131 3876 depravata
3175 3803 3432 3874 opinione

1857 3905 2236 3980 paenitentiam
2281 3919 2388 3958 non
2422 3909 2612 3972 agunt,
2645 3914 2710 3978 ac
2758 3903 3025 3968 perpetuo
3075 3893 3431 3949 inhaerentem

1857 4016 1922 4055 ac
1951 3997 2294 4054 indelebilem
2323 3995 2532 4066 peccati
2561 3993 2837 4061 nigrorem
2868 3996 3106 4059 gestant,
3125 3994 3184 4040 ut
3217 3984 3434 4040 Ethio-

1857 4107 1953 4164 pes
1980 4092 2188 4146 l'uscam
2220 4090 2439 4159 pellem,
2479 4085 2792 4156 pardusque
2822 4081 3150 4142 varietates;
3202 4077 3433 4134 alterius

1859 4181 2459 4240 ﬁeusexsecrationem
2489 4177 2721 4233 inducit.
2772 4172 2854 4227 Ad
2877 4186 3042 4243 quam
3071 4169 3334 4224 Dominus
3361 4169 3434 4225 ob

1859 4277 2224 4336 sterilitatem,
2270 4271 2350 4326 Ne
2381 4271 2606 4340 fructus,
2640 4268 2838 4336 inquit,
2888 4264 3118 4333 amplius
3161 4277 3224 4315 ea:
3256 4269 3304 4315 te
3339 4278 3436 4312 na-

1860 4377 2062 4424 scatur.
2097 4367 2545 4436 lmplendumque
2578 4362 2654 4416 ait
2697 4361 2752 4413 in
2799 4359 2935 4430 ipsis
2973 4354 3107 4410 illud
3157 4353 3434 4407 Ecclesia-

175 4461 303 4497 στου
335 4445 402 4507 ",
431 4443 680 4510 λέγοντος
699 4460 712 4474 ·
763 4443 1238 4513 Διεστραμμένον
1303 4449 1376 4500 οὐ
1428 4447 1749 4515 δυνήσεται

1861 4467 1992 4524 stes,
2042 4457 2276 4512 dicentis
2309 4475 2322 4510 :
2361 4456 2513 4522 Quod
2538 4467 2832 4522 perversum
2851 4460 3046 4504 estnon
3075 4446 3263 4518 poterit
3279 4460 3434 4499 exor-

174 4532 677 4603 ἐπικοσμηθῆναι,
712 4533 810 4586 καὶ
848 4532 1156 4602 ὑστέρημα
1175 4535 1246 4586 οὐ
1278 4533 1606 4601 δυνήσεται
1625 4538 1752 4605 ἀρι-

172 4623 474 4692 θμηθῆναι
499 4641 514 4654 ·
544 4621 662 4678 εἶτα
709 4623 1009 4694 σαφηνίσας
1036 4624 1106 4678 τὰ
1140 4624 1280 4696 ῥητὰ
1313 4625 1507 4695 ταῦτα,
1537 4628 1758 4700 προστί-

178 4711 303 4782 θησι
329 4713 426 4766 καὶ
454 4710 523 4766 τὰ
549 4709 642 4766 τοῦ
683 4713 929 4766 Ἡσαΐου.

785 4804 1026 4858 ΚΑΝΩΝ
1058 4805 1134 4860 E’.

247 4913 273 4947 ‹
307 4896 436 4960 Τοῖς
466 4895 525 4950 δέ
555 4895 1108 4966 καθυποκριναμένοις
1142 4897 1283 4952 κατὰ
1311 4899 1402 4952 τὸν
1431 4897 1756 4968 ἐπιληπτευ-
1785 4900 1789 4902 ’

178 5006 197 5040 ι
236 4986 474 5058 σάμενον
494 4988 680 5052 Δαόὶδ,
708 4988 794 5041 ἵνα
841 4986 914 5058 μὴ
968 4988 1234 5062 ἀποθάνῃ,
1263 4989 1363 5043 οὐκ
1389 4989 1522 5044 ὅντα
1565 4989 1755 5062 ἐπίλη-

180 5098 202 5131 ι
239 5095 405 5132 πονο
441 5079 536 5132 καὶ
591 5079 664 5149 μὴ
718 5079 940 5149 γυμνῶς
985 5079 1466 5152 ἀπογραψαμένοις
1503 5079 1575 5133 τὰ
1617 5081 1756 5151 πρὸς

181 5187 200 5220 ο
237 5168 492 5239 ἄρνησιν,
540 5168 675 5222 ἀλλὰ
706 5168 1018 5234 διαπαίξασι
1062 5171 1201 5225 κατὰ
1252 5170 1450 5241 πολλὴν
1496 5188 1757 5241 στενοχω-

180 5278 202 5310 σ
246 5259 393 5330 ρίαν,
420 5259 496 5322 ὡς
523 5258 589 5313 ἂν
614 5260 800 5314 παιδία
828 5259 1147 5330 βουλευτικὰ
1179 5261 1425 5335 ἔμφρονα
1448 5265 1506 5317 ἐν
1529 5263 1758 5326 παιδίοις

179 5367 204 5400 ι
239 5347 464 5418 ἄφροσι,
494 5348 592 5411 τὰς
634 5349 742 5403 τῶν
791 5348 1000 5420 ἐχθρῶν
1031 5349 1340 5416 ἐπιϐουλὰς,
1387 5352 1505 5422 ἦτοι
1529 5353 1604 5417 ὡς
1623 5352 1762 5406 διελ-

1862 4551 2008 4613 nari,
2034 4561 2082 4604 et
2107 4549 2340 4618 defectus
2373 4545 2643 4600 numerari
2679 4560 2780 4596 non
2799 4541 2993 4610 poterit
3025 4555 3042 4592 :
3078 4538 3278 4609 quibus
3309 4551 3436 4590 mox

1860 4641 2168 4712 explicatis,
2193 4638 2350 4696 Isaiae
2379 4654 2598 4708 quoque
2629 4637 2793 4690 verba
2819 4632 3114 4704 subjungit.

2480 4794 2707 4851 CANON
2747 4791 2813 4849 ν.

1939 4909 1958 4943 ι
2004 4889 2075 4945 lis
2097 4899 2278 4945 autem
2313 4888 2406 4960 qui
2435 4888 2766 4943 simularunt
2795 4895 2939 4941 Sicut
2968 4893 3022 4941 et
3055 4884 3225 4940 David
3258 4896 3308 4948 ε,
3341 4885 3433 4954 qui

1871 5002 1889 5034 ι
1936 4998 1995 5038 se
2027 4982 2374 5052 epilepticum
2414 4979 2672 5048 ﬁngebat,
2706 4993 2776 5032 ne
2807 4986 3134 5040 moreretur,
3186 4975 3438 5047 quamvis

1869 5092 1888 5124 ι
1931 5089 1990 5128 re
2018 5089 2144 5128 vera
2165 5072 2488 5142 epilepticus
2511 5085 2621 5124 non
2644 5077 2824 5136 esset;
2855 5078 2911 5123 et
2951 5084 3058 5122 non
3087 5067 3231 5122 nude
3269 5083 3434 5139 nega-

1869 5185 1887 5218 ι
1935 5167 2134 5223 tionem
2163 5166 2582 5234 inscripserunt,
2609 5164 2704 5218 sed
2725 5163 2779 5216 in
2802 5162 2988 5216 multis
3008 5161 3295 5232 angustiis,
3324 5173 3437 5216 tan-

1869 5274 1890 5310 ι
1933 5272 2096 5328 quam
2129 5257 2282 5325 pueri
2316 5254 2550 5310 consilio
2593 5259 2649 5306 et
2694 5249 2984 5322 prudentia
3031 5251 3242 5321 praediti
3293 5252 3436 5305 inter

1870 5368 1889 5401 ι
1936 5365 2138 5420 pueros
2168 5350 2506 5419 insipientes,
2540 5344 2887 5400 inimicorum
2914 5343 3144 5400 insidias
3172 5343 3436 5400 ludiﬁcati

247 5480 274 5509 ι
304 5467 494 5521 Matth.
525 5483 640 5536 ιιι,
674 5468 755 5522 19.
828 5470 857 5510 b
887 5468 1113 5537 Eccl“,
1136 5471 1224 5527 15.
1301 5483 1323 5512 ε
1354 5471 1466 5528 lsa.
1496 5489 1645 5539 vai,
1675 5475 1745 5528 24

1860 5472 1869 5513 l
1905 5472 2017 5528 Isa.
2051 5487 2184 5538 LVII,
2213 5471 2304 5535 ΞΟ,
2332 5467 2424 5524 21.
2505 5477 2528 5506 ο
2562 5464 2590 5521 Ι
2619 5463 2742 5536 Reg.
2790 5479 2904 5528 ut,
2961 5463 3047 5518 15.

1439 5589 1671 5646 νΑΒυΕ
1728 5589 2128 5646 LECTIONES.

251 5679 535 5756 '__xa£_om.
611 5675 632 5706 ⁸
665 5675 1036 5754 δυνηθήσεται.
1125 5678 1143 5709 '
1177 5679 1518 5750 λελεγμένον.
1583 5684 1604 5715 ⁸
1637 5683 1788 5739 deest
1819 5683 1945 5756 γάρ.
2016 5685 2055 5717 ⁸·
2088 5683 2163 5746 ὼς
2195 5683 2434 5737 θάλασσα
2475 5673 2924 5747 ἁναϐεῆρατμένη
2958 5689 3067 5728 om.
3140 5672 3161 5703 ⁹
3187 5667 3278 5724 καί
3305 5668 3428 5726 add.

181 5745 226 5778 "
267 5745 807 5817 Ἐκκλησιαστικοῦζ,
