3862 6158
459 247 566 306 075

1529 251 1588 309 S.
1631 252 1838 308 PETRI
1878 251 2353 310 ALEXANDRINI
2391 254 2698 314 EPISCOPI

3615 265 3717 318 £76

462 386 485 415 ι
528 369 678 425 sunt,
717 363 801 416 vel
835 358 893 417 ut
925 364 1018 433 qui
1054 363 1250 452 altaria
1278 365 1642 436 pervaserint,
1665 368 1748 422 vel
1781 376 2036 438 tanquam

2149 388 2169 419 c
2206 369 2390 433 θόντες
2423 371 2464 402 ¹⁰
2499 370 2734 442 βωμοὺς,
2769 375 2886 444 ἦτοι
2919 377 2996 439 ὼς
3028 376 3577 449 χειρογραφήσαντες,
3601 382 3715 452 ἦτοι

463 470 484 505 ι
531 454 625 523 qui
660 441 1086 526 chirographum
1117 456 1391 522 dederint,
1435 457 1522 512 vel
1574 467 1635 512 ut
1688 459 1782 530 qui
1839 476 1936 531 pro
1981 476 2041 517 se

467 566 482 596 ι
530 548 786 602 ethnicos
840 547 1208 614 immiserint;
1241 549 1405 602 etiam
1456 548 1504 604 si
1553 551 1804 605 nonnulli
1847 566 2039 606 eorum

465 659 485 692 ι
529 641 623 711 qui
663 639 905 696 confessi
957 651 1109 705 sunt,
1158 650 1218 695 ut
1275 641 1480 706 audivi,
1533 643 1808 714 aliquibus
1849 661 2038 700 eorum

466 751 486 784 ι
535 733 883 804 ignoverunt.
929 733 1190 803 quoniam
1223 734 1462 788 maxima
1490 737 1746 792 cautione
1774 737 2038 806 vitarunt,

468 847 486 879 ι
531 843 598 881 ne
629 826 732 896 ipsi
769 827 885 882 suis
919 827 1172 882 manibus
1193 828 1371 898 ignem
1395 827 1660 890 facerent,
1685 837 1740 884 et
1764 830 2041 887 daemonas

468 935 485 967 ι
535 917 778 986 impuros
813 915 1060 970 suiﬁrent
1092 937 1104 970 :
1141 917 1267 970 licet
1322 933 1454 972 vero
1512 934 1580 972 ex
1631 920 1844 988 agentis
1886 920 2042 990 igno-

467 1027 486 1058 σ
533 1009 707 1062 rantia
760 1024 856 1063 eos
907 1009 1086 1075 latuit,
1143 1011 1428 1064 semestris
1473 1019 1656 1066 tamen
1707 1012 2041 1082 paenitentiae

469 1121 486 1151 ι
531 1117 687 1173 paena
719 1102 828 1158 illis
852 1103 1184 1172 imponetur.
1219 1102 1310 1158 Sic
1353 1105 1497 1159 enim
1531 1104 1634 1175 ipsi
1663 1119 1879 1175 quoque
1923 1119 2042 1158 ma-

467 1213 486 1245 ι
532 1197 614 1264 gis
640 1196 1010 1264 juvabuntur,
1055 1198 1336 1268 prophetas
1363 1199 1567 1253 dictum
1598 1199 1952 1264 meditantes,
1986 1206 2041 1255 et

467 1305 484 1334 ι
530 1285 774 1342 dicentes
809 1307 821 1340 :
859 1285 1077 1342 Puetlus
1097 1288 1304 1357 genitus
1333 1297 1412 1342 est
1435 1288 1608 1351 nobis,
1629 1289 1778 1358 ﬁlius
1807 1299 1856 1343 et
1882 1289 2039 1344 datus

465 1398 483 1429 ι
530 1387 608 1433 est
634 1379 809 1444 nobis,
840 1379 993 1442 cuius
1031 1381 1365 1448 principatus
1395 1389 1474 1434 est
1497 1381 1554 1434 in
1587 1379 1804 1435 humero
1849 1398 1966 1445 suo,
1989 1393 2040 1436 et

465 1491 484 1522 c
531 1482 748 1526 uocatur
769 1489 957 1526 nomen
979 1472 1116 1541 ejus,
1139 1472 1319 1542 magni
1350 1473 1561 1526 consilii
1583 1472 1810 1543 Angelus
1837 1484 1884 1524 ι.
1910 1472 2036 1540 Qui,

465 1579 485 1612 ι
531 1568 593 1616 ut
621 1562 796 1626 scitis,
823 1563 877 1615 in
901 1569 1057 1616 sexto
1093 1577 1280 1616 mense
1307 1563 1709 1633 conceptionis,
1742 1578 1866 1617 cum
1898 1564 2038 1620 alius

467 1673 487 1708 ι
533 1654 717 1710 infans
765 1654 1120 1726 praedicasset
1161 1665 1284 1709 ante
1309 1654 1591 1710 adventum
1628 1657 1741 1726 ejus
1784 1659 2038 1726 paeniten-

465 1766 484 1798 ι
534 1748 665 1800 tiam
687 1747 742 1800 in
770 1747 1131 1799 remissionem
1184 1757 1516 1814 peccatorum
1540 1747 1591 1812 ιι,
1623 1756 1920 1819 conceptus
1952 1757 2037 1804 est
2070 1722 2111 1780 Β

466 1859 484 1888 ι
531 1845 586 1893 et
638 1840 758 1908 ipse
814 1837 883 1892 ad
937 1838 1344 1909 praedicandam
1388 1839 1786 1907 paenitentiam.
1824 1840 2034 1895 Etenim

467 1951 484 1982 ι
536 1939 800 2003 utrosque
831 1931 1084 1988 audimus
1114 1932 1166 1985 in
1205 1931 1396 2001 primis
1419 1931 1776 2001 prredicantes
1809 1948 1919 1987 non
1948 1949 2040 1988 so-

467 2043 485 2074 ι
535 2024 646 2077 lum
679 2023 747 2079 de
780 2023 1130 2093 pmnitentia,
1162 2021 1258 2078 sed
1299 2033 1351 2077 et
1405 2022 1474 2078 de
1521 2039 1687 2094 regno
1719 2025 1980 2079 caelorum
2015 2045 2034 2080 .:

466 2137 484 2166 ι
531 2116 677 2186 quod
711 2117 955 2188 quidem,
990 2122 1051 2170 ut
1083 2115 1397 2184 didicimus,
1430 2119 1575 2171 intra
1605 2133 1698 2171 nos
1723 2127 1868 2183 este,
1893 2119 2038 2189 quod

466 2227 485 2259 ι
536 2224 694 2278 prope
718 2225 813 2263 nos
837 2209 905 2262 sit
931 2207 1143 2262 verbum
1177 2205 1328 2278 quod
1359 2210 1636 2265 credimus
1667 2211 1718 2264 in
1742 2228 1830 2266 ore
1855 2222 2035 2268 nostra

463 2321 483 2352 ι
532 2312 588 2358 et
617 2303 781 2358 corde
828 2310 1042 2365 nostro,
1078 2302 1225 2372 quod
1264 2302 1424 2358 Jesus
1453 2311 1538 2358 est
1566 2304 1822 2361 Christus
1861 2325 1874 2362 :
1923 2324 2036 2362 cre-

465 2413 486 2446 ι
531 2395 710 2450 dentes
731 2396 785 2448 in
815 2395 973 2450 corde
995 2405 1198 2458 nostro,
1227 2395 1367 2465 quod
1401 2395 1537 2450 Deus
1564 2396 1736 2465 ipsum
1764 2399 2036 2454 suscitavit

462 2506 483 2540 ι
529 2505 595 2543 ea:
625 2490 846 2543 mortuis
871 2504 890 2543 :
921 2496 981 2543 ut
1009 2488 1104 2558 qui
1143 2489 1372 2542 audiant
1423 2489 1567 2558 quod
1621 2491 1778 2544 corde
1827 2493 2036 2561 quidem

461 2597 482 2632 ι
530 2578 768 2634 creditur
800 2578 869 2633 ad
892 2578 1190 2649 justitiam,
1217 2595 1308 2632 ore
1356 2587 1533 2632 autem
1581 2580 1841 2648 confessio
1871 2583 1933 2651 ﬁt
1963 2583 2034 2636 ad

459 2687 482 2722 ο
523 2673 752 2727 salutem
774 2670 822 2726 ἀ.
873 2692 895 2726 ι

2149 479 2167 512 ι
2202 461 2279 526 ὡς
2338 463 2454 516 ἀνθ’
2509 465 2718 518 ἑαυτῶν
2753 466 3006 538 βαλόντες
3055 468 3322 532 ἑθνικοὺς,
3357 471 3405 521 εί
3450 471 3542 524 καί
3577 489 3714 526 τισιν

2147 572 2165 604 ι
2207 554 2385 608 αὑτῶν
2425 555 2808 629 συνεχώρησάν
2840 576 2983 623 τινες
3017 559 3125 614 τῶν
3155 560 3603 634 ὁμολογησάντων
3631 565 3712 625 η’.

2147 661 2165 693 ι
2207 644 2282 707 ὡς
2306 646 2512 716 ἤκουσα
2549 648 2692 718 (ἐπεὶ
2721 649 2953 718 μάλιστα
3011 653 3152 708 κατά
3191 652 3392 725 πολλὴν
3438 653 3714 707 εὐλάϐειαν

2147 754 2166 786 ι
2206 735 2468 806 ἐξέφυγον
2509 739 2823 811 αὐτόχειρες
2864 743 3116 810 γενέσθαι
3143 743 3237 798 τοῦ
3273 746 3442 816 πυρὸς
3479 746 3572 797 καὶ
3620 747 3710 816 τῆς

2147 847 2168 880 ι
2205 829 2618 902 ἀναθυμιάσεως
2643 833 2750 887 τῶν
2782 835 3104 908 ἀκαθάρτων
3123 837 3431 908 δαιμόνων)’
3462 840 3585 891 ἐπεὶ
3610 838 3712 891 τοί-

2147 937 2165 971 ι
2207 937 2301 973 νυν
2328 920 2514 975 ἑλαθεν
2546 923 2742 986 αὑτοὺς
2769 924 2924 994 ἀνοίᾳ
2945 924 3102 978 τοῦτο
3136 923 3446 996 πράξαντας
3475 927 3539 987 ¹¹,

2146 1029 2165 1063 ι
2204 1010 2471 1084 ἑξάμηνος
2499 1015 2681 1078 αὑτοῖς
2710 1015 3086 1086 ἑπιτεθήσεται
3107 1017 3206 1087 τῆς
3233 1018 3290 1069 ἑν
3317 1016 3575 1088 μετανοίᾳ
3597 1017 3710 1068 ἑπι-

2146 1121 2164 1154 ι
2203 1105 2460 1176 στροφῆς.
2493 1105 2646 1158 Οὕτω
2670 1106 2777 1179 γὰρ
2809 1107 3007 1177 μᾶλλον
3037 1107 3131 1160 καὶ
3165 1109 3318 1161 αὐτοὶ
3337 1107 3710 1179 ὠφεληθήσον-

2146 1216 2165 1249 ι
2200 1215 2310 1264 ται,
2375 1197 2852 1268 καταμελετῶντες
2899 1199 2961 1252 τὸ
3014 1199 3350 1272 προφητικὸν
3405 1198 3588 1271 ῥητὸν,
3622 1198 3709 1250 καὶ

2145 1313 2164 1343 ι
2199 1291 2478 1360 λέγοντες’
2509 1290 2757 1345 Παιδίον
2787 1289 3077 1360 ἐγεννήθη
3136 1290 3280 1361 ἡμῖν
3320 1290 3470 1356 υίὸς,
3530 1290 3707 1342 καὶίν

2145 1404 2165 1437 ι
2204 1385 2381 1454 ἐδόθη
2413 1384 2576 1454 ἡμῖν,
2597 1381 2670 1440 οὗ
2702 1386 2740 1453 νὴ
2765 1382 2920 1454 ἀρχὴ
2949 1385 3045 1438 ἐπὶ
3077 1383 3184 1438 τοῦ
3208 1382 3371 1453 ὤμου
3392 1381 3601 1445 αὑτοῦ,
3619 1381 3711 1434 καί

2145 1501 2164 1532 ι
2207 1480 2472 1535 καλεῖται
2497 1479 2562 1533 τὸ
2596 1480 2782 1549 ὄνομα
2807 1477 2993 1533 αὑτοῦ
3016 1477 3285 1548 μεγάλης
3311 1475 3552 1544 βουλῆς
3590 1477 3710 1542 Ἀτ-

2147 1593 2166 1626 e
2203 1577 2397 1644 γελος.
2439 1573 2615 1644 Ὅπερ
2646 1574 2755 1636 ¹¹⁹’,
2787 1572 2862 1636 ὼς
2900 1572 3032 1635 ῐστε,
3066 1573 3124 1626 ὲν
3155 1571 3231 1641 τῷ
3269 1571 3413 1639 ἕκτῳ
3447 1570 3580 1640 μηνὶ
3617 1569 3710 1638 τῆς

2147 1685 2167 1719 ι
2204 1665 2518 1738 συλλήψεως
2551 1665 2644 1719 τοῦ
2677 1665 2862 1737 ἑτέρου
2887 1664 3120 1730 παιδίου,
3155 1661 3249 1716 τοῦ
3273 1659 3710 1734 προκηρύξαντος

2147 1776 2166 1810 ι
2209 1758 2323 1826 πρὸ
2348 1756 2670 1825 προσώπου
2690 1755 2796 1824 τῆς
2815 1755 3056 1810 εἰσόδου
3077 1755 3263 1810 αὐτοῦ
3281 1754 3607 1824 μετάνοιαν
3628 1755 3710 1818 είς

2148 1870 2166 1902 ι
2201 1851 2422 1920 ἄφεσιν
2459 1850 2775 1920 ἁμαρτιῶν,
2809 1848 3111 1919 συνελήφθη
3140 1849 3232 1902 καὶ
3261 1846 3392 1901 αὑτὸ
3419 1849 3532 1878 ¹¹·“
3552 1847 3712 1918 κηρύ-

2147 1961 2166 1995 ‹
2211 1943 2299 2010 ξαι
2324 1943 2630 2014 μετάνοιαν.
2663 1942 2773 1995 Καὶ
2802 1941 2909 2015 γάρ
2934 1942 3027 1994 καὶ
3046 1941 3152 1995 τῶν
3177 1939 3500 2012 ἀμφοτέρων
3519 1938 3711 1992 ἀκούο-

2149 2057 2167 2088 ι
2203 2055 2302 2109 μεν
2347 2039 2404 2091 ἑν
2442 2035 2677 2107 πρώτοις
2709 2035 3082 2108 κηρυττόντων
3114 2035 3155 2068 ³³
3185 2037 3245 2088 οὑ
3281 2033 3436 2104 μόνον
3459 2031 3590 2104 περὶ
3623 2048 3714 2100 με·

2148 2148 2170 2182 ι
2204 2131 2442 2194 τανοίας,
2493 2129 2629 2182 ἀλλὰ
2659 2130 2754 2182 καὶ
2800 2130 2928 2200 περὶ
2961 2129 3233 2200 βασιλείας
3263 2125 3530 2199 οὐρανῶν,
3571 2125 3708 2195 ἥτις,

2149 2241 2168 2274 ι
2205 2221 2386 2286 καθὼς
2419 2223 2835 2294 μεμαθήκαμεν,
2857 2220 3032 2288 ἐντὸς
3048 2221 3217 2290 ἡμῶν
3241 2221 3396 2283 ἐστι,
3435 2218 3515 2289 τῷ
3539 2218 3711 2287 ἐγγὺς

2149 2333 2169 2365 ι
2202 2313 2372 2383 ἡμῶν
2388 2312 2541 2372 εἶναι
2568 2315 2635 2370 τὸ
2651 2314 2815 2386 ῥῆμα
2848 2315 2877 2367 ὃ
2915 2313 3240 2385 πιστεύομεν
3272 2314 3342 2366 ἐν
3360 2311 3440 2378 τῷ
3464 2313 3712 2381 στόματι

2150 2423 2169 2456 ι
2203 2402 2431 2458 ἑαυτῶν
2476 2405 2573 2458 καὶ
2627 2407 2685 2458 ὲν
2715 2408 2779 2476 τῇ
2825 2405 3018 2478 καρδία
3055 2403 3298 2457 ἑαυτῶνο
3334 2402 3458 2474 περὶ
3506 2396 3576 2473 ἦς
3626 2402 3712 2454 καὶ

2147 2515 2166 2547 ι
2207 2496 2362 2548 αὑτοὶ
2387 2496 2846 2568 ὑπομνησθέντες,
2875 2497 3207 2568 μαθήσονται
3235 2495 3518 2566 ὁμολογεῖν
3547 2497 3606 2548 ἑν
3639 2493 3709 2562 τῷ

2149 2609 2168 2641 ι
2211 2591 2440 2660 στόματι
2470 2589 2676 2644 ἑαυτῶν
2722 2590 2786 2656 ¹⁸,
2833 2593 2914 2645 ὃτι
2962 2589 3168 2662 Ἰησοῦς
3218 2589 3448 2661 Χριστός
3483 2588 3593 2659 (1)·
3627 2605 3710 2639 πι-

2151 2699 2169 2732 ι
2209 2683 2529 2749 στεύοντες
2555 2683 2625 2736 ἐν
2655 2681 2732 2751 τῇ
2753 2682 2963 2750 καρδίᾳ
2982 2679 3230 2745 ἑαυτῶν,
3260 2679 3347 2734 ὅτι
3374 2683 3407 2734 ό
3435 2680 3584 2745 Θεὸς
3615 2681 3711 2732 αὺ-

461 2784 482 2816 ι
521 2763 629 2818 τὸν
649 2763 886 2834 ἤγειρεν
910 2765 979 2817 ἐκ
1013 2762 1254 2831 νεκρῶν·
1289 2760 1383 2815 ἆτε
1415 2761 1479 2834 δὴ
1549 2755 1592 2790 ¹⁶
1637 2763 1947 2834 ἀκούοντες,
1972 2769 2054 2823 ὅτι
2080 2773 2294 2842 καρδίᾳ
2317 2774 2434 2844 μὲν
2464 2777 2803 2830 πιστεύεται
2836 2776 2880 2807 ³⁵
2910 2776 2999 2840 εὶς
3021 2772 3435 2840 δικαιοσύνην,
3462 2773 3709 2841 στόματι

464 2875 486 2910 ι
523 2857 590 2911 δὲ
619 2856 990 2927 ὁμολογεῖται
1013 2859 1100 2922 εὶς
1121 2856 1440 2924 σωτηρίαν.
1482 2875 1501 2908 ι

527 2951 689 3006 Bus.
733 2949 790 3005 Si
821 2951 913 3020 qui
948 2958 1126 3004 autem
1158 2949 1487 3004 simularunt
1538 2963 1597 3004 se
1649 2950 1716 3004 ad
1757 2965 1882 3006 aras
1907 2951 2027 3021 qui-

2207 2955 2402 3011 ΒΑΛΣ.
2447 2957 2510 3010 Ei
2566 2955 2624 3010 δέ
2681 2973 2824 3022 τινες
2857 2956 3236 3030 ὑπεκρίθησαν
3283 2959 3383 3030 μὲν
3425 2960 3708 3034 προσιέναι

455 3047 582 3102 dem
607 3045 889 3110 accedere,
925 3043 1009 3098 vel
1035 3043 1276 3098 scribere
1290 3043 1435 3113 quod
1472 3041 1628 3097 [idem
1661 3051 1893 3114 negant;
1917 3060 2028 3099 non

2146 3048 2250 3110 τοῖς
2285 3046 2505 3118 βωμοῖς,
2537 3049 2655 3118 ἤτοι
2679 3048 2908 3119 γράψαι,
2943 3048 3026 3102 ὅτι
3057 3049 3344 3122 ἀρνοῦνται
3375 3030 3486 3120 τὴν*
3509 3051 3706 3110 πίστιν,

459 3139 603 3194 nude
637 3145 818 3192 autem
847 3143 902 3190 et
933 3144 1119 3204 aperte
1150 3134 1253 3188 hoc
1280 3133 1550 3198 fecerunt,
1578 3134 1670 3189 sed
1696 3143 1812 3190 arte
1845 3135 2029 3206 aliqua

457 3247 555 3287 eos
586 3230 679 3300 qui
712 3228 819 3283 vim
843 3226 1167 3290 aﬁ‘erebant,
1200 3225 1524 3292 illuserunt;
1562 3224 1705 3280 sicut
1738 3224 1908 3280 David
1938 3227 2032 3297 qui

459 3339 520 3378 se
547 3321 810 3393 epilepsia
838 3326 1153 3389 correptum
1185 3318 1464 3372 simulavit
1490 3332 1612 3371 cum
1637 3316 1846 3387 fugeret
1895 3317 2034 3372 Sau-

458 3417 588 3484 lem,
617 3422 670 3470 et
697 3422 844 3470 esset
866 3412 1008 3482 apud
1039 3412 1410 3482 alienigenas;
1436 3418 1490 3464 et
1518 3409 1593 3463 ita
1637 3418 1866 3464 mortem
1908 3425 2036 3464 eva-

459 3507 532 3561 sit
561 3525 574 3561 :
605 3505 894 3559 illuserunt
929 3510 1110 3558 autem
1138 3501 1486 3555 inimicorum
1512 3500 1764 3567 insidias,
1793 3500 2035 3570 utpuelli

457 3599 694 3655 consilio
747 3597 1148 3669 prudentiaque
1209 3593 1420 3664 praediti
1467 3608 1669 3663 pueros
1715 3593 2036 3662 insipientes

456 3692 686 3747 eludunt
719 3709 730 3743 :
771 3689 968 3758 impios
989 3687 1135 3743 enim
1164 3686 1492 3748 fefellerunt,
1527 3684 1673 3755 quod
1723 3683 2037 3739 sacriﬁcare

457 3781 677 3852 quidem
720 3779 825 3833 visi
877 3785 1025 3841 sunt,
1057 3791 1168 3830 non
1210 3785 1390 3830 tamen
1420 3776 1844 3832 sacriﬁcarunt:
1894 3774 2036 3828 forte

458 3874 604 3928 enim
642 3887 739 3942 pro
780 3887 838 3926 se
869 3870 1118 3924 ethnicos
1160 3868 1246 3922 vel
1275 3867 1519 3922 infideles
1553 3867 1948 3930 submiserunt,
1980 3872 2034 3920 et

461 3980 559 4036 per
610 3965 734 4018 illos
781 3961 1095 4018 sacriﬁcare
1137 3961 1287 4032 ipsos
1318 3960 1706 4036 existimarunt
1743 3977 1757 4012 :
1791 3960 1892 4024 eis,
1949 3959 2033 4014 in-

438 4034 602 4128 ὀνκ,
649 4063 914 4112 semestre
963 4062 1176 4124 tempus
1219 4046 1446 4109 sufﬁciet
1499 4034 1575 4107 ad
1631 4051 2032 4123 pmnitentiam.

461 4150 580 4205 Etsi
605 4150 750 4205 enim
781 4163 889 4202 non
919 4145 1312 4207 sacriﬁcarunt,
1349 4145 1476 4214 quia
1509 4150 1693 4204 tamen
1723 4144 2037 4199 sacriﬁcare

462 4241 691 4314 polliciti
741 4247 892 4302 sunt,
929 4239 1017 4293 vel
1066 4237 1203 4293 alios
1258 4236 1656 4302 submiserunt,
1716 4235 2036 4305 ptenitenlia

462 4329 712 4400 indigere
744 4337 872 4384 sunt
904 4327 1238 4395 existimati;
1271 4327 1491 4383 etiamsi
1532 4326 1813 4382 nonnullis
1842 4341 2032 4382 eorum

461 4425 786 4496 ignoverunt
839 4422 1086 4491 quidam,
1128 4421 1220 4491 qui
1266 4436 1367 4492 pro
1397 4421 1500 4476 ﬁde
1537 4418 1913 4475 testimonium
1942 4418 2036 4471 de-

461 4518 615 4572 dere.
641 4512 749 4570 Eos
775 4522 956 4568 autem
992 4512 1180 4582 pueris
1209 4513 1428 4584 quidem
1457 4510 1689 4573 confert,
1725 4517 1784 4563 ut
1804 4511 1898 4579 qui
1926 4523 2035 4562 non

459 4611 690 4665 viriliter
716 4607 1022 4663 idololatris
1048 4607 1402 4672 restiterunt;
1424 4603 1786 4674 prudentibus
1811 4617 1962 4669 vero,
1977 4609 2037 4656 ut

461 4702 554 4773 qui
590 4699 822 4753 artiﬁcio
847 4696 1117 4753 sacriﬁcia
1138 4697 1504 4752 declinarunt.

535 4791 740 4847 ZONMI.
784 4787 842 4844 Si
883 4789 978 4860 qui
1028 4803 1158 4844 vero
1188 4787 1256 4842 ad
1286 4801 1410 4841 aras
1441 4787 1660 4857 quidem
1689 4801 1749 4843 se
1775 4781 2034 4840 accedere

465 4885 818 4949 simularunt,
843 4889 938 4935 aut
963 4881 1204 4936 scribere
1226 4878 1371 4950 quod
1395 4877 1556 4934 ﬁdem
1586 4887 1808 4949 negant,
1839 4892 2032 4932 verum

2139 3136 2202 3188 ού
2228 3136 2447 3208 γυμνῶς
2467 3137 2524 3190 δὲ
2564 3137 2658 3191 καὶ
2690 3138 2939 3211 φανερῶς
2964 3139 3124 3193 τοῦτο
3152 3140 3433 3212 ἐποίησαν,
3465 3141 3608 3195 ἀλλὰ
3629 3141 3710 3195 διά

2139 3245 2284 3291 τινος
2333 3228 2553 3299 μεθόδου
2580 3229 2855 3296 διέπαιξαν
2901 3233 3027 3294 τοὺς
3075 3231 3356 3302 βιάζοντας
3393 3233 3614 3298 αὑτοὺς,
3641 3235 3708 3296 ὡς

2138 3317 2167 3369 ό
2203 3318 2366 3372 Δαὸὶδ
2398 3320 2486 3372 ὅτε
2524 3321 2612 3374 τὸν
2641 3321 2937 3392 ἐπίληπτον
2993 3323 3282 3396 ὑπεκρίθη,
3333 3325 3555 3393 φεύγων
3627 3326 3708 3378 τὸν

2139 3411 2331 3474 Σαοὺλ,
2365 3412 2460 3464 καὶ
2504 3413 2640 3484 πρὸς
2681 3415 2806 3478 τοὺς
2868 3414 3195 3484 ἀλλοφύλους
3246 3416 3569 3486 γενόμενος,
3625 3417 3709 3470 καὶ

2137 3500 2279 3555 οὕτω
2306 3503 2395 3557 τὸν
2424 3503 2651 3557 θάνατον
2683 3506 3011 3575 διαπέφευγε
3031 3523 3044 3536 ·
3079 3507 3360 3573 διέπαιξαν
3389 3507 3444 3561 δὲ
3477 3509 3582 3572 τὰς
3609 3508 3709 3561 τῶν

2137 3593 2346 3666 ἑχθρῶν
2389 3594 2698 3659 ἐπιϐουλὰς,
2750 3596 2824 3660 ὡς
2875 3596 3073 3650 παιδία
3110 3597 3429 3668 βουλευτικά
3468 3599 3708 3670 ἔμφρονα

2135 3684 2506 3750 διαπαίζουσιν
2557 3686 2799 3758 ἄφρονας
2855 3686 3081 3749 παῖδας·
3110 3687 3400 3757 ἠπάτησαν
3443 3689 3560 3760 γὰρ
3591 3687 3708 3750 τοὺς

2137 3777 2374 3843 ἀσεϐεῖς,
2423 3777 2511 3831 διά
2549 3779 2608 3832 τὸ
2651 3779 2801 3846 δόξαι
2860 3779 2959 3849 μὲν
2988 3780 3157 3844 θύειν,
3197 3779 3270 3851 μὴ
3304 3779 3460 3834 θῦσαι
3492 3780 3554 3833 δέ
3575 3797 3590 3810 ο
3623 3797 3710 3832 cu-

2136 3868 2231 3939 χδν
2261 3869 2372 3942 γὰρ
2400 3869 2514 3922 ἀνθ’
2565 3871 2775 3924 ἑαυτῶν
2797 3870 3062 3926 ὑπέϐαλον
3091 3871 3333 3935 ἑθνικοὺς
3364 3871 3398 3942 ῆ
3428 3872 3706 3937 ἀπίστους,

2137 3961 2232 4013 καί
2257 3961 2324 4014 δι’
2358 3961 2578 4015 ἐκείνων
2627 3963 2884 4034 ἐνόμισαν
2931 3962 3248 4016 τεθυκέναι·
3282 3965 3393 4024 τοῖς
3429 3962 3709 4027 τοιούτοις,

2139 4053 2327 4122 φησιν,
2387 4051 2656 4124 ἑξάμηνος
2699 4053 2890 4126 καιρὸς
2916 4053 3124 4125 ἀρκέσῃ
3149 4054 3226 4118 είς
3254 4051 3567 4125 μετάνοιαν.
3599 4052 3709 4107 Κᾶν

2137 4145 2244 4216 γὰρ
2274 4147 2373 4198 οὑκ
2396 4144 2614 4211 ἔθυσαν,
2650 4145 2763 4198 ἀλλ’
2797 4146 2879 4199 ὅτι
2911 4145 3192 4200 συνέθεντο
3234 4145 3392 4200 θῦσαι
3423 4147 3457 4218 ἢ
3497 4146 3710 4217 ἑτέρους

2137 4239 2425 4301 ὑπέϐαλον,
2453 4238 2808 4310 ἐλογίσθησαν
2823 4237 3030 4292 δεῖσθαι
3055 4238 3362 4310 μετανοίας,
3387 4240 3436 4292 εί
3459 4239 3557 4292 καί
3575 4255 3709 4292 τισιν

2137 4329 2314 4383 αὑτῶν
2363 4329 2746 4401 συνεχώρησάν
2780 4346 2926 4392 τινες
2953 4330 3062 4382 τῶν
3091 4330 3559 4402 μαρτυρησάντων
3579 4329 3709 4399 ὑπὲρ

2138 4423 2238 4494 τῆς
2297 4423 2550 4486 πίστεως.
2620 4422 2932 4487 Ἀπεικάζει
2982 4422 3040 4476 δὲ
3081 4423 3300 4487 τούτους
3324 4422 3480 4475 παισὶ
3511 4423 3608 4493 μὲν
3641 4422 3709 4483 ὡς

2143 4514 2216 4586 μὴ
2260 4514 2527 4585 ἀνδρικῶς
2583 4515 3082 4579 ἀντικαταστάντας
3122 4519 3234 4579 τοῖς
3281 4514 3708 4585 εἰδωλολάτραις,

2139 4606 2372 4677 ἑμφροσι
2431 4606 2489 4659 δὲ
2534 4607 2609 4672 ὡς
2646 4607 2950 4679 εὑμεθόδως
2997 4608 3094 4678 τὴν
3127 4608 3316 4662 θυσίαν
3341 4608 3706 4667 ἑκκλὶναντας.

2209 4785 2454 4838 ΖΩΝΑΡ.
2478 4786 2540 4839 Εί
2591 4787 2649 4840 δέ
2701 4805 2844 4852 τινες
2882 4787 3259 4860 ὑπεκρίθησαν
3296 4786 3393 4857 μὲν
3432 4786 3708 4858 προσιέναι

2139 4881 2252 4942 τοῖς
2279 4877 2500 4949 βωμοῖς,
2527 4879 2645 4950 ἦτοι
2684 4881 2912 4951 γράψαι,
2948 4882 3031 4934 ὅτι
3064 4879 3350 4951 ἀρνοῦνται
3380 4877 3478 4950 τὴν
3511 4880 3708 4940 πίστιν,

536 5053 565 5083 ι
591 5038 704 5096 Isa.
738 5054 816 5104 ix,
841 5036 896 5093 6.
970 5020 1000 5076 Β
1029 5035 1157 5091 Luc.
1185 5050 1225 5100 ι,
1268 5033 1356 5099 76,
1393 5033 1478 5088 77.
1560 5044 1582 5072 ο
1608 5031 1738 5086 Luc.
1771 5031 2015 5093 “1.1.21.
2093 5031 2121 5072 ά
2151 5030 2300 5087 Rom.
2327 5050 2382 5098 χ,
2413 5033 2564 5089 8-10.

1735 5174 1969 5230 manu
2001 5133 2408 5231 moriones.

565 5320 610 5352 “
645 5317 1016 5382 διελθόντας...
1083 5318 1692 5388 χειρογραφήσαντας...
1747 5314 2024 5385 βαλόντας.

466 5391 619 5460 ἡμῖν,
653 5389 769 5451 υἱὸς
791 5389 921 5460 καίε
984 5387 1287 5460 ⁸¹“έ⁷ὃσπείρ.
1365 5388 1476 5460 ξ⁸”“
1507 5387 1689 5460 αὑτός.

465 5456 743 5530 ὁμολογεῖν
769 5462 826 5513 ἑν
855 5458 932 5528 τῷ
964 5459 1190 5528 στόματι
1221 5456 1428 5510 ἑαυτῶν
1465 5473 1575 5512 om.
1649 5457 1691 5488 “'
1720 5456 1797 5510 δέ.

532 5596 611 5667 ιι)
643 5597 759 5649 ’Ότι
799 5599 1028 5665 Ἰησοῦς
1059 5600 1333 5666 Χριστός.
1362 5596 1672 5653 Harduinns
1694 5600 1746 5653 in
1779 5613 1877 5653 sua
1905 5597 2041 5652 Con-

463 5669 976 5740 ciliorumieditjone
1026 5685 1114 5740 ex;
1141 5684 1244 5740 ms.
1292 5667 1461 5737 Regio
1509 5669 1669 5732 2058,
1713 5671 1793 5740 ὅτι
1839 5667 2041 5740 Κύριος

478 5737 803 5804 ἰησοῦς.5ἱι;
834 5735 1059 5805 Rom.x,
1089 5737 1140 5793 9.
1174 5735 1318 5794 Idem
1350 5735 1510 5809 paulo
1535 5748 1677 5810 post,
1707 5739 1800 5793 άτε
1835 5735 2041 5810 δηζΗίο

2127 5315 2191 5347 ¹⁶”
2231 5317 2603 5388 ὁμολογητῶν.
2715 5319 2754 5350 ¹¹

1769 5387 1810 5459 _“
1850 5383 2278 5459 κηρυσσόντων.’
2327 5383 2508 5459 “rte-p1
2532 5383 2598 5458 ἧς
2624 5388 2715 5441 καὶ
2740 5387 2890 5442 αὐτοὶ
2922 5383 3352 5458 ὑπομνησθέντες
3385 5383 3705 5457 μαθήσονται

1877 5457 1919 5486 ¹⁵
1947 5455 2297 5512 πιστεύετε...
2333 5455 2660 5529 ὁμολογεῖτε.

2805 5316 2897 5371 τοῦ
2951 5317 3271 5389 πράξαντος.
3387 5317 3452 5347 ¹¹⁹
3472 5315 3706 5389 ’ἐγενήθη

2145 5609 2324 5655 autem
2376 5598 2526 5654 locus
2559 5610 2734 5667 paulo
2783 5596 2936 5653 aliter
2977 5594 3199 5652 effertur
3245 5595 3303 5654 in
3359 5594 3489 5651 edit.
3540 5591 3703 5647 Paris.

2147 5671 2370 5727 Zonaras
2399 5677 2452 5726 et
2477 5666 2835 5725 Balsamonis.
