3862 6158
150 257 262 317 477

1398 256 1738 315 EPlSTOLA
1774 257 2147 316 CANONICA.

3307 259 3415 314 478

153 376 218 430 οὑ
259 375 483 460 γυμνῶς
531 376 589 428 δέ
627 375 684 428 τά
705 375 839 447 πρὸς
879 374 1108 447 ἄρνησιν
1146 373 1412 448 ἔγραψαν,
1465 377 1589 430 ἀντὶ
1639 375 1734 430 τοῦ

1856 393 1960 448 [ua
1983 377 2052 433 ad
2091 376 2506 449 abnegationem
2553 383 2805 448 spectant
2835 391 2946 431 non
2979 375 3124 432 nude
3177 375 3416 445 scripse-

152 467 256 522 οὑκ
301 465 818 538 ἀπαρακαλύπτως,
853 465 912 520 οὐ
966 467 1237 539 φανερῶς,
1285 467 1422 522 ἀλλὰ
1463 467 1553 523 διά
1599 479 1746 524 τινος

155 553 383 627 μεθόδου
411 553 692 621 διέπαιξαν
722 556 848 619 τοὺς
892 554 1175 626 βιάζοντας
1205 558 1420 624 αὐτοὺς,
1458 558 1535 622 ὼς
1571 560 1600 612 6
1635 561 1744 611 Δα-

155 643 244 697 ϐὶδ
285 645 375 698 ὅτε
401 645 494 698 τὸν
520 645 815 718 ἐπίληπτον
861 645 1126 719 ὑπεκρίθη
1180 647 1398 718 φεύγων
1427 647 1519 702 τὸν
1551 649 1743 712 Σαοὺλ,

155 738 253 791 καὶ
282 737 424 807 πρὸς
462 739 589 801 τοὺς
640 737 970 808 ἀλλοφύλους
998 739 1310 810 γενόμενος,
1343 740 1438 794 καὶ
1478 739 1622 794 οὑτω
1654 741 1745 794 τὸν

156 828 391 883 θάνατον
441 829 801 900 διαπέφευγε·
860 831 1145 898 διέπαιξαν
1198 832 1278 897 δέ,
1314 833 1469 903 φησὶ,
1503 833 1600 896 τὰς
1636 833 1744 888 τῶν

155 921 371 993 ἐχθρῶν
415 923 726 988 ἐπιϐουλὰς,
769 923 845 990 ὡς
873 925 1060 979 παιδία
1098 923 1441 996 βουλευτικὰ,
1474 924 1741 996 ἔμφρονα,

157 1014 420 1086 φρόνιμα,
443 1015 534 1069 καὶ
558 1015 795 1078 συνετῶς
811 1015 1012 1088 δηλαδὴ
1036 1016 1416 1088 βουλευόμενα,
1440 1014 1747 1082 διαπαίζουο

156 1123 244 1162 σιν
260 1109 321 1160 ἐν
335 1106 532 1179 ἄφροσι
548 1107 801 1171 παιδίοις.
812 1109 1084 1180 Ἐμφροσι
1097 1109 1153 1163 δέ
1169 1108 1456 1174 ἀπεικάζει
1471 1111 1597 1173 τοὺς
1609 1111 1748 1163 ἀπα-

155 1202 434 1270 ιτήσαντας
448 1201 575 1266 τοὺς
591 1201 825 1266 ἀσεϐεῖς,
850 1204 943 1256 καὶ
957 1203 1216 1270 δόξαντας
1237 1203 1335 1274 μὲν
1355 1202 1523 1268 θύειν,
1553 1204 1627 1274 μὴ
1653 1202 1747 1256 θύ-

160 1309 360 1355 σαντας
378 1292 456 1346 δέ·
487 1292 763 1364 ἔμφρονας
782 1295 879 1366 μὲν
893 1295 968 1360 ὡς
987 1294 1084 1367 τὴν
1106 1296 1294 1348 θυσίαν
1310 1295 1446 1358 τέως
1466 1294 1748 1349 ἐκκλίναν-

157 1400 258 1447 τεις
273 1384 341 1415 ¹⁸’
360 1401 374 1414 ’
403 1385 676 1450 παιδείους
693 1385 770 1450 δὲ,
791 1388 867 1451 ὡς
888 1387 962 1459 μὴ
980 1387 1182 1441 τέλειον
1199 1388 1292 1442 καὶ
1301 1387 1566 1460 ἀνδρῶδες
1578 1389 1745 1443 ἐνδει-

160 1475 226 1543 ξα
233 1477 428 1548 μένους
444 1477 718 1549 φρόνημα,
741 1480 834 1532 καὶ
849 1481 1111 1548 γενναίως
1123 1481 1621 1546 ἀντικαταστάντας
1636 1485 1747 1546 τοῖς

160 1569 597 1641 εἰδωλολάτραις,
633 1571 746 1624 ἀλλ’
771 1572 920 1643 ὅμως
965 1572 1328 1645 συνθεμένους
1359 1575 1542 1641 θῦσαι,
1577 1577 1625 1628 εἰ
1653 1575 1746 1629 καί

158 1679 306 1726 τινες
330 1664 421 1695 η’·
452 1663 568 1718 ἀνθ’
598 1664 806 1719 ἑαυτῶν
828 1664 1094 1720 ὑπέϐαλον
1122 1666 1390 1732 ἐθνικοὺς,
1420 1669 1587 1739 ἤγουν
1614 1668 1746 1723 ἀπί-

1849 477 1998 528 runt.
2025 470 2130 525 hoc
2160 477 2246 525 est
2268 485 2378 525 non
2399 470 2711 534 manifeste,
2738 485 2848 524 non
2873 476 3090 540 aperte;
3124 468 3220 524 sed
3248 469 3419 521 artill-

1846 561 1935 616 cio
1962 559 2200 632 quodam
2228 575 2323 616 eos
2352 561 2447 631 qui
2474 561 2581 615 vim
2615 559 2927 615 inferebant
2958 559 3220 614 ludiﬁcati
3243 565 3371 614 sunt
3399 574 3415 612 :

1847 667 1907 711 ut
1935 655 2126 720 David,
2159 656 2252 725 qui
2279 656 2408 709 dum
2439 653 2659 710 Saulem
2687 654 2917 726 fugeret,
2953 669 3019 708 ac
3061 653 3130 708 ad
3171 652 3423 723 alienige-

1844 765 1947 806 nas
1977 748 2308 812 devenisset,
2359 763 2420 804 se
2469 748 2817 819 epilepticum
2851 747 3030 812 ﬁnxit,
3057 760 3231 817 eoque
3260 753 3422 816 pacto

1845 850 2077 896 mortem
2105 841 2348 896 evitavit.
2375 839 2666 894 Lnditicati
2694 854 2856 910 porro
2887 847 3037 904 sunt,
3073 839 3272 909 inquit,
3310 838 3418 892 ini-

1844 931 2115 986 micorum
2145 931 2412 996 insidias;
2441 931 2609 986 veluti
2641 929 2794 1000 pueri
2830 929 3151 1000 prudentes,
3185 930 3420 984 consilio

1845 1017 2105 1074 nimirum
2137 1035 2201 1076 ac
2225 1020 2512 1092 prudentia
2547 1021 2783 1090 praediti,
2821 1020 3026 1090 quique
3075 1020 3286 1075 scilicet
3331 1034 3424 1075 so-

1845 1111 2013 1167 lerter
2044 1115 2336 1170 consilium
2370 1115 2672 1184 capientes,
2709 1113 3030 1183 insipientes
3056 1129 3256 1184 pueros
3295 1113 3423 1166 illu-

1846 1205 2005 1260 dunt.
2037 1204 2407 1262 Prudentibus
2454 1213 2634 1259 autem
2683 1213 2964 1274 comparat
2999 1220 3095 1259 eos
3143 1219 3173 1257 a
3221 1205 3423 1275 quibus

1846 1297 2059 1368 decepti
2094 1307 2221 1354 sunt
2244 1299 2420 1368 impii,
2445 1300 2650 1369 quique
2673 1315 2798 1354 cum
2826 1316 2935 1354 non
2965 1297 3421 1360 sacriﬁcaverint,

1848 1388 2166 1444 sacrificare
2193 1388 2556 1443 nihilominus
2583 1388 2686 1444 visi
2733 1396 2900 1455 sunt;
2956 1388 3255 1458 prudentes
3301 1387 3425 1456 qui-

1847 1480 1996 1542 dem,
2029 1485 2090 1532 ut
2110 1479 2202 1548 qui
2234 1478 2570 1535 sacriﬁcium
2603 1493 2848 1548 eousque
2888 1477 3208 1532 evitaverint
3243 1495 3256 1532 :
3291 1491 3425 1547 pue-

1848 1587 1940 1629 ros
1975 1582 2177 1636 autem,
2213 1571 2359 1642 quod
2392 1571 2696 1643 perfectum
2727 1585 2791 1626 ac
2824 1571 3038 1624 virilem
3069 1585 3290 1625 sensum
3324 1570 3426 1622 mi-

1847 1665 1996 1719 nime
2020 1663 2318 1728 induerint,
2358 1679 2462 1719 nec
2491 1677 2756 1735 generose
2801 1662 3073 1716 idolorum
3119 1660 3427 1716 cultoribus

162 1771 356 1819 στους,
412 1756 506 1808 καὶ
570 1755 792 1810 ἐκείνων
860 1757 1137 1812 θυσάντων
1189 1760 1550 1830 ἐνομίσθησαν
1598 1761 1750 1814 αὐτοὶ

1856 1756 2246 1828 repugnarint;
2282 1771 2472 1811 verum
2522 1769 2581 1810 se
2617 1753 3028 1810 sacrilicaturos
3081 1759 3210 1806 sunt
3258 1752 3425 1822 pacti;

159 1847 466 1901 τεθυκέναι.
533 1849 660 1911 Τοῖς
691 1849 972 1916 τοιούτοις,
1035 1853 1217 1921 φησὶν,
1249 1853 1520 1924 ἑξάμηνος
1558 1853 1748 1925 καιρὸς

162 1939 451 2011 ἐξαρκέσει
483 1941 564 2003 είς
619 1941 924 2010 μετάνοιαν.
970 1944 1088 1996 Κᾶν
1117 1944 1226 2017 γὰρ
1263 1945 1363 1998 οὑκ
1387 1945 1607 2010 ἔθυσαν,
1632 1945 1748 1999 ἀλλ’

159 2034 242 2085 ὅτι
293 2032 579 2086 συνέθεντο
630 2034 810 2100 θῦσαι,
856 2036 888 2108 ἢ
953 2039 1033 2091 ὅτι
1072 2039 1291 2109 ἐτέρους
1339 2039 1628 2104 ὑπέϐαλον,
1656 2041 1749 2093 καὶ

158 2121 350 2188 ἔδοξαν
381 2123 538 2176 αὐτοὶ
574 2123 753 2191 θῦσαι,
793 2125 1149 2198 ἐλογίσθησαν
1185 2129 1394 2183 δεῖσθαι
1438 2131 1747 2201 μετανοίας,

161 2213 211 2264 εἰ
237 2211 336 2265 καί
361 2229 504 2266 τισιν
542 2214 721 2268 αὑτῶν
751 2216 1135 2290 συνεχώρησάν
1161 2236 1306 2284 τινες
1340 2219 1448 2273 τῶν
1481 2220 1750 2292 ὁμολογηο

164 2303 398 2358 σάντων.
430 2305 588 2368 Τινὲς
611 2306 718 2378 γὰρ
735 2307 843 2361 τῶν
871 2312 1335 2382 μαρτυρησάντων
1355 2312 1450 2365 καλ⁵
1471 2312 1751 2368 παθόντων

162 2395 310 2466 ὑπὲρ
335 2396 436 2464 τῆς
489 2397 728 2463 πίστεως
767 2400 1152 2474 συνεχώρησαν
1193 2406 1308 2468 τοῖς
1349 2404 1438 2458 διὰ
1489 2406 1749 2476 μεθόδων,

159 2485 242 2550 ὡς
285 2487 523 2558 εἴρηται,
575 2490 649 2562 μὴ
681 2489 895 2556 θύσασι,
935 2493 1030 2547 καὶ
1063 2494 1310 2562 ἐδέξαντο
1356 2498 1552 2562 αὐτοὺς
1614 2497 1752 2568 μετὰ

161 2577 274 2632 τῶν
326 2580 557 2647 πιστῶν,
608 2583 691 2636 ὅτι
729 2583 991 2655 ἐξέφυγον
1023 2587 1378 2660 πολυτρόπως
1404 2590 1464 2643 τὸ
1497 2591 1751 2646 θυσιάσαι

162 2671 279 2732 τοῖς
306 2669 545 2740 δαίμοσι.
574 2671 672 2724 Διὰ
699 2672 756 2725 δέ
775 2672 874 2744 τὴν
915 2673 1184 2747 ἑξάμηνον
1222 2677 1562 2748 προθεσμίαν
1583 2679 1754 2750 ἐμνή-

166 2760 272 2832 σθη
322 2761 418 2816 τοῦ
481 2762 569 2818 διὰ
617 2764 857 2836 Γαϐριὴλ
903 2769 1237 2838 μηνύματος,
1279 2769 1373 2822 τοῦ
1408 2771 1466 2823 ἐν
1489 2769 1568 2842 τῷ
1609 2771 1753 2842 ἕκτῳ

168 2856 302 2925 μηνὶ
359 2856 462 2927 τῆς
517 2857 828 2930 συλλήψεως
872 2859 966 2914 τοῦ
1012 2861 1361 2934 Προδρόμου,
1429 2864 1487 2917 ἐν
1534 2857 1579 2931 ᾧ
1627 2880 1753 2917 συν-

164 2947 379 3019 ελήφθη
434 2952 464 3004 6
513 2949 738 3022 Κύριος.
799 2951 1079 3025 Ἐπιφέρει
1125 2953 1182 3007 δὲ
1224 2954 1318 3008 καὶ
1360 2955 1585 3027 ῥήματα
1610 2956 1751 3008 ἀπο-

169 3039 412 3093 πολικά·
809 3059 816 3068 ·

1849 1849 2012 1904 etiam
2031 1851 2074 1904 si
2095 1848 2358 1919 quosdam
2395 1861 2492 1918 pro
2537 1861 2597 1903 se
2628 1845 3006 1913 submiserint,
3029 1844 3303 1908 ethnicos,
3323 1843 3427 1898 hoc

1851 1946 1956 2004 est,
2008 1939 2278 2004 infideles,
2341 1939 2522 2011 iisque
2571 1939 3038 2001 sacriﬁcantibus,
3083 1937 3186 2009 ipsi
3218 1937 3430 1994 sacrifi-

1850 2046 2010 2088 casse
2031 2032 2331 2088 existimati
2368 2040 2517 2087 sunt.
2551 2031 2857 2102 Ejusmodi,
2890 2031 3086 2101 inquit,
3112 2028 3429 2084 hominibus

1851 2131 2119 2178 semestre
2147 2131 2363 2194 tempus
2390 2124 2456 2177 ad
2481 2123 2857 2193 pmnitentiam
2892 2121 3142 2177 sufﬁciet.
3166 2119 3301 2174 Nam
3324 2122 3427 2175 etsi

1851 2213 2078 2270 minime
2103 2214 2494 2282 immolarunt;
2539 2224 2718 2268 tamen
2768 2213 2896 2282 quia
2943 2227 3002 2267 se
3049 2211 3430 2265 immolaturos

1851 2313 1981 2363 sunt
2009 2307 2176 2377 pacti,
2209 2308 2290 2362 vel
2339 2305 2487 2377 quod
2543 2307 2682 2361 alios
2733 2305 3058 2370 submisere,
3091 2304 3306 2374 ipsique
3333 2301 3432 2355 im-

1853 2397 2090 2454 molasse
2145 2406 2274 2453 sunt
2333 2397 2460 2460 visi,
2517 2397 2840 2468 poenitentia
2891 2394 3137 2464 indigere
3196 2390 3430 2462 judicati

1853 2497 1984 2546 sunt
2021 2508 2034 2544 :
2071 2491 2177 2544 etsi
2209 2490 2538 2560 quibusdam
2573 2505 2641 2544 ex
2683 2489 2819 2559 ipsis
2868 2485 3118 2540 nonnulli
3145 2483 3431 2539 confesso-

1852 2599 1974 2638 rum
2004 2585 2282 2654 ignovere.
2314 2581 2518 2637 Eorum
2547 2597 2743 2652 nempe
2783 2579 3006 2650 quidam
3055 2580 3152 2649 qui
3201 2591 3261 2633 se
3306 2575 3430 2630 fidei

1853 2685 2023 2732 testes
2055 2676 2423 2732 exhibuerunt
2470 2690 2534 2728 ac
2568 2691 2666 2746 pro
2702 2673 2808 2729 fide
2852 2679 2982 2729 sunt
3012 2673 3183 2741 passi,
3237 2670 3306 2726 iis
3335 2669 3430 2739 qui

1854 2768 2090 2824 artificio
2119 2767 2383 2840 quodam,
2408 2775 2469 2822 ut
2504 2767 2711 2822 dictum
2741 2772 2846 2830 est,
2877 2779 2988 2818 non
3019 2761 3427 2822 sacrificarunt,

1853 2859 2138 2930 ignovere,
2170 2873 2236 2914 ac
2265 2858 2390 2912 illos
2423 2871 2549 2911 cum
2602 2855 2854 2912 fidelibus
2884 2853 2952 2909 ad
2985 2851 3429 2908 communionem

1855 2951 2149 3014 admisere,
2206 2948 2356 3020 quod
2404 2964 2476 3003 ne
2528 2946 2867 3002 daemonibus
2921 2943 3266 2999 immolarent
3315 2950 3476 2996 stu-'

1855 3045 2010 3100 diose
2031 3045 2364 3099 vitaverunt.
2395 3040 2567 3095 Porro
2589 3039 2754 3108 hujus
2786 3036 3066 3093 semestris
3094 3033 3316 3091 termini
3337 3048 3432 3087 oc-

166 3131 418 3196 casione,
455 3132 904 3191 Annnntiationis
937 3151 1036 3206 per
1061 3136 1369 3194 Gabrielem
1430 3137 1588 3194 facta:
1629 3137 1898 3202 meminit,
1937 3143 2095 3195 sexto
2125 3149 2314 3191 mense
2341 3131 2720 3202 conceptionis
2751 3127 3138 3192 Praecursoris,
3166 3140 3275 3196 quo
3296 3139 3430 3180 con-

167 3233 362 3297 ceptus
391 3237 475 3284 est
496 3227 780 3286 Dominus.
816 3229 954 3284 Tum
992 3233 1292 3301 apostolica
1316 3234 1482 3290 verba
1504 3233 1822 3305 subiungit:

780 3323 1018 3376 KANnN
1059 3325 1150 3390 cr.

245 3427 266 3462 ι
302 3411 431 3474 Τοῖς
474 3410 531 3464 δὲ
561 3411 780 3478 δούλους
821 3416 1181 3487 Χριστιανοὺς
1219 3415 1336 3469 ἀνθ’
1371 3417 1581 3470 ἑαυτῶν
1626 3419 1758 3471 ὑπο-

174 3520 195 3554 s
228 3501 577 3572 ϐεϐληκὸσιν,
614 3505 665 3557 οἱ
701 3505 797 3576 μὲν
818 3504 1014 3568 δοῦλοι,
1049 3506 1125 3570 ὼς
1149 3506 1215 3560 ἂν
1240 3507 1543 3583 ὑποχείριοι
1577 3507 1750 3575 ὄντες,

175 3613 196 3648 ί
232 3597 327 3649 καὶ
345 3596 547 3668 τρόπον
561 3597 685 3651 τινὰ
700 3600 793 3652 καὶ
815 3600 967 3653 αὐτοὶ
982 3599 1406 3668 φυλακισθέντες
1428 3603 1532 3656 ὑπὸ
1547 3603 1655 3656 τῶν
1676 3603 1756 3657 δε-

177 3709 194 3739 ¢
224 3688 461 3753 σποτῶν,
476 3690 966 3762 καταπειληθέντες
979 3694 1250 3746 τε¹⁵””⁶ὑπ’
1264 3694 1442 3747 αὐτῶν
1459 3696 1553 3748 καὶ⁵
1565 3695 1652 3749 διὰ
1667 3696 1756 3750 τὸν

177 3800 196 3832 ι
234 3781 402 3850 φόϐον
423 3782 603 3835 αὑτῶν
623 3784 704 3846 είς
722 3782 880 3836 τοῦτο
901 3783 1217 3855 ἐληλυθότες
1239 3787 1335 3838 καὶ
1353 3786 1754 3858 ὀλισθήσαντες,

176 3891 194 3921 ι
229 3873 290 3924 ἐν
324 3872 463 3903 ¹⁸·’⁴⁹
494 3872 724 3944 ἐνιαυτῷ
749 3873 818 3926 τὰ
851 3873 950 3944 τῆς
1001 3875 1286 3945 μετανοίας
1319 3875 1458 3949 ἔργα
1502 3875 1755 3940 δείξουσι,

176 3980 196 4013 ι
239 3964 603 4032 μανθάνοντες
623 3964 942 4030 τοῦλοιποῢ,
961 3966 1034 4030 ὡς
1057 3965 1230 4019 δοῦλοι
1248 3967 1486 4039 Χριστοῦ
1507 3972 1678 4022 ποιεῖν
1696 3970 1758 4022 τὸ

177 4075 197 4106 ι
237 4057 454 4127 θέλημα
489 4055 585 4110 τοῦ
617 4056 853 4128 Χριστοῦ
886 4057 1066 4122 ¹⁹·⁶“⁶,
1102 4062 1195 4112 καὶ
1241 4059 1523 4129 φοϐεῖσθαι
1557 4061 1752 4115 αὐτόν·

177 4165 196 4198 ι
232 4146 524 4210 ἀκούοντες
561 4146 813 4218 μάλιστα,
843 4148 924 4204 ὃτι
957 4131 1215 4213 ἕκαστος
1239 4148 1348 4202 ἐάν
1395 4147 1458 4220 [1.
1503 4149 1532 4202 ὃ
1564 4149 1654 4222 ἄν]
1702 4167 1759 4203 τι

176 4257 196 4290 ι
231 4238 462 4306 ποιήσῃ
495 4237 738 4306 ἀγαθὸν,
773 4239 947 4292 τοῦτο
974 4239 1280 4308 κομίσεται
1315 4240 1474 4309 παρὰ
1513 4243 1754 4310 Κυρίου,

175 4347 196 4379 ι
233 4327 357 4381 alte
389 4327 610 4394 δοῦλος
635 4329 755 4382 εἴτε
785 4330 1099 4398 ἐλεύθερός
1122 4331 1256 4384 ἐστι
1299 4333 1363 4385 ³⁸.
1403 4352 1422 4383 ι

242 4420 442 4474 ΒΔΛΣ.
472 4420 610 4484 Τοὺς
652 4420 794 4474 κατὰ
823 4422 1069 4478 κέλευσιν
1117 4425 1211 4478 καὶ
1251 4425 1480 4498 ἀπειλὴν
1522 4427 1631 4482 τῶν
1672 4427 1758 4482 δε-

173 4510 391 4566 σποτῶν
437 4510 704 4576 θύσαντας
745 4513 966 4579 δούλους
1009 4517 1102 4569 ἐπὶ
1153 4517 1398 4570 ἐνιαυτὸν
1450 4519 1680 4590 ἐπιτιμᾷ
1728 4520 1757 4572 6

172 4603 364 4675 Πατὴρ
399 4598 587 4668 οὗτος·
621 4605 697 4669 ὡς
739 4607 835 4677 μὲν
862 4607 970 4680 γὰρ
1003 4608 1268 4662 πεισθεῖσι
1316 4613 1432 4674 τοῖς
1469 4611 1756 4676 δεσπόταις

2467 3315 2700 3372 CANON
2725 3317 2819 3373 Vl.

1936 3435 1955 3469 ι
1992 3412 2032 3471 Ii
2056 3422 2237 3471 autem
2271 3413 2364 3485 qui
2413 3427 2602 3468 servos
2629 3409 2973 3466 Christianos
3023 3421 3124 3476 pro
3147 3420 3206 3461 se
3233 3404 3436 3462 submi-

1865 3528 1884 3562 ι
1918 3515 2128 3574 serunt,
2160 3506 2304 3562 servi
2356 3504 2603 3575 quidem,
2662 3511 2722 3557 ut
2753 3501 2846 3572 qui
2871 3500 2974 3571 ipsi
3013 3499 3117 3554 sub
3149 3512 3312 3552 manu
3345 3513 3435 3553 es-

1864 3621 1884 3654 ι
1915 3609 2057 3664 sent,
2087 3607 2142 3654 et
2171 3594 2574 3667 quodammodo
2597 3593 2702 3664 ipsi
2737 3606 2957 3662 quoque
2987 3591 3042 3644 in
3086 3588 3432 3643 dominorum

1864 3712 1884 3745 ‹
1923 3689 2174 3747 custodia
2196 3695 2402 3751 essent,
2434 3686 2706 3756 minisque
2738 3684 2810 3738 ab
2847 3683 2982 3752 ipsis
3004 3681 3200 3742 territi,
3224 3687 3278 3735 et
3308 3694 3436 3749 pro-

1865 3802 1884 3835 s
1919 3793 2039 3854 pter
2065 3795 2257 3836 eorum
2309 3784 2515 3833 metum
2567 3792 2632 3833 eo
2677 3774 2946 3846 compulsi
2981 3780 3036 3828 et
3088 3772 3248 3842 lapsi,
3289 3785 3434 3824 anno

1865 3894 1884 3927 ι
1918 3888 2084 3946 opera
2113 3871 2449 3943 poenitentiae
2491 3868 2800 3933 ostendent,
2831 3877 2884 3922 et
2927 3867 3186 3937 deinceps
3218 3864 3435 3920 discen.

1865 3987 1884 4020 ι
1915 3976 2018 4034 tes,
2043 3972 2104 4019 ut
2135 3963 2276 4020 servi
2301 3950 2532 4026 Christi,
2566 3961 2744 4017 facere
2774 3959 2981 4016 Christi
3017 3959 3354 4014 voluntatem
3378 3963 3433 4010 et

1865 4076 1884 4110 ι
1919 4071 2044 4113 eum
2079 4055 2271 4109 timere
2305 4071 2318 4107 :
2350 4053 2636 4108 audientes
2692 4051 2948 4114 maxime,
2971 4049 3116 4121 quod
3153 4048 3436 4116 unusquis-

1864 4167 1883 4201 ι
1924 4164 2045 4219 que,
2085 4147 2133 4200 si
2164 4146 2290 4217 quid
2340 4143 2461 4198 boni
2495 4144 2699 4212 fecerit,
2750 4142 2847 4196 hac
2901 4141 3033 4212 {erat
3082 4157 3116 4194 ο
3182 4140 3432 4204 Domino,

1864 4258 1885 4292 ι
1919 4239 2025 4294 sive
2045 4253 2224 4291 servus
2249 4235 2357 4290 sive
2389 4234 2519 4289 liber
2553 4235 2623 4288 sit
2648 4246 2698 4289 ιι.
2734 4252 2754 4287 ι

1927 4417 2091 4473 Βλιε.
2120 4415 2320 4473 Servos
2343 4414 2434 4485 qui
2469 4413 2814 4470 dominorum
2843 4413 3004 4484 jussu
3031 4427 3097 4466 ac
3149 4412 3317 4468 minis
3340 4427 3434 4469 sa-

1858 4512 2197 4578 crificarunt,
2223 4525 2368 4564 anno
2391 4507 2549 4578 punit
2577 4507 2666 4561 hic
2695 4504 2857 4560 Pater
2894 4523 2907 4559 :
2945 4511 3004 4559 ut
3040 4503 3133 4573 qui
3157 4503 3302 4559 enim
3330 4503 3433 4558 do-

1858 4603 2010 4658 mino
2038 4601 2342 4675 paruerint,
2375 4599 2630 4669 ignoscit,
2679 4608 2731 4653 et
2765 4611 2941 4668 grave
2965 4597 3293 4667 supplicium
3325 4612 3454 4652 non'

171 4699 570 4766 συγγνωμονεῖ,
593 4698 686 4751 καὶ
717 4697 936 4770 βαρεῖαν
973 4701 1074 4754 οὐκ
1094 4701 1290 4770 ἐπάγει
1314 4703 1530 4756 κόλασιν
1551 4719 1565 4733 ⁸
1597 4704 1672 4767 ὡς
1698 4703 1750 4756 δέ

1861 4695 2054 4766 inﬂigit
2086 4713 2099 4750 :
2134 4701 2194 4749 ut
2227 4694 2318 4762 qui
2350 4699 2530 4746 autem
2577 4691 2690 4746 sint
2710 4693 2885 4760 magis
2919 4687 3128 4744 Christi
3183 4688 3346 4752 servi,
3379 4696 3435 4742 et

169 4787 377 4851 δούλοις
393 4787 628 4859 Χριστοῦ
649 4789 846 4859 μᾶλλον
864 4787 1002 4857 οὖσι,
1021 4793 1270 4847 κάκεῖνον
1292 4793 1453 4847 πλέον
1471 4794 1750 4864 φοϐεῖσθαι

1859 4805 1983 4846 eum
2008 4789 2208 4845 debent
2234 4787 2409 4857 magis
2435 4793 2700 4848 metuere,
2725 4783 3055 4838 mediocrem
3085 4796 3302 4852 pmnam
3338 4781 3437 4834 im-

169 4878 466 4948 ὀφείλουσι,
482 4881 716 4952 μετρίως
731 4883 978 4954 ἐπιτιμᾷ.
997 4885 1289 4952 Ἕκαστος
1304 4886 1436 4956 γὰρ,
1455 4887 1588 4957 φησὶ
1610 4887 1750 4942 κατὰ

1856 4881 2024 4953 ponit.
2061 4878 2425 4950 Unusquisque
2439 4878 2598 4939 enim,
2623 4875 2824 4946 inquit,
2854 4873 3156 4930 secundum
3179 4888 3433 4944 magnum

170 4972 261 5026 τὸν
284 4972 458 5043 μέγαν
486 4975 716 5039 Παῦλον,
751 4975 783 5028 ὃ
809 4975 919 5029 ἐὰν
942 4975 1168 5047 ποιήσῃ
1193 4979 1436 5043 ἀγαθὸν,
1468 4979 1750 5047 κομιεῖται

1856 4973 2106 5036 Paulum,
2136 4970 2271 5042 quod
2297 4971 2475 5039 fecerit
2503 4968 2695 5024 bonum
2721 4985 2756 5022 a
2785 4966 3012 5022 Domino
3065 4966 3297 5036 recipiet,
3328 4968 3436 5020 sive

169 5064 348 5120 τοῦτο
377 5069 538 5134 παρά
570 5068 810 5135 Κυρίου,
839 5068 958 5122 εἴτε
991 5069 1212 5136 δοῦλος
1247 5071 1368 5124 εἴτε
1414 5071 1749 5139 ἐλεύθερος.

1856 5084 2033 5123 servus
2052 5068 2156 5121 sive
2182 5065 2332 5119 liber.

241 5157 489 5212 ΖΩΝΑΡ.
529 5159 684 5224 Τινὲς
715 5160 934 5225 δούλους
965 5162 1198 5227 οἰκείους
1236 5143 1607 5233 Χριστιανοὺς
1635 5162 1750 5216 ἀνθ’

1929 5159 2137 5214 Zama.
2163 5156 2423 5214 Nonnulli
2457 5169 2646 5212 servos
2680 5168 2812 5210 suos
2851 5151 3222 5216 Christianos,
3254 5165 3353 5221 pro
3377 5166 3437 5206 se

170 5249 379 5304 ἑαυτῶν
405 5251 501 5304 καὶ
527 5250 768 5308 ἀκόντων
785 5252 849 5326 [Ῑ.
865 5254 1400 5328 ἄκοντας]ὑπὲϐαλον
1427 5255 1592 5310 θύειν.
1618 5256 1750 5320 Τοὺς

1860 5253 2032 5324 ipsis,
2086 5251 2249 5308 etiam
2299 5250 2498 5305 invitos
2543 5247 2613 5302 ad
2671 5245 3062 5303 immolandum
3108 5244 3437 5302 submisere.

239 5417 267 5445 ι
295 5403 491 5475 Ephes.
517 5422 593 5474 v1,
623 5406 676 5464 8.

1513 5543 1751 5599 VARIAE
1803 5537 2208 5600 LECTIONES.

275 5707 345 5741 ”’
379 5708 744 5774 ἐκκλίνον-τας.
824 5710 912 5742 "“
941 5710 976 5779 ἢ
1005 5711 1097 5767 καὶ
1128 5711 1180 5768 εἴ
1198 5727 1358 5778 τινες.
1436 5707 1549 5745 ¹³⁹⁶⁹
1573 5729 1629 5769 τε
1659 5727 1769 5770 om.
1872 5712 2005 5744 ¹⁸⁴⁶⁶⁶
2035 5711 2094 5766 ἐν
2126 5712 2234 5768 om.
2316 5708 2470 5743 ¹⁶⁶⁶⁶⁶⁴
2503 5708 2658 5766 Θεοῦ.
2733 5710 2778 5745 ¹⁸
2809 5707 2961 5766 deest
2989 5707 3126 5765 ἐστί.
