3876 6168
500 277 607 335 8⁸79

1529 271 1587 330 S.
1628 272 1831 328 PETRI
1866 268 2334 330 ALEXANDBINI
2373 265 2683 325 EPISCOPI
3361 297 3364 303 ι
3627 265 3717 319 ιεο

500 367 677 423 Hasce
704 365 872 438 igitur
907 381 1120 431 servos,
1147 365 1400 435 quamvis
1453 365 1801 422 dominorum
1829 366 2082 436 iussione

2196 359 2423 423 ἰούλους,
2463 360 2512 412 εί
2541 361 2635 414 καὶ
2664 357 2912 413 κελεύσει
2945 355 3052 410 τῶν
3080 352 3351 408 δεσποτῶν
3390 352 3599 417 ἔθυσαν,
3625 355 3724 424 βια-

498 459 700 525 coacti,
731 475 838 514 non
876 465 1058 513 autem
1118 474 1218 513 sua
1263 457 1562 520 voluntate,
1626 457 2077 523 sacriﬁcaverint,

499 567 701 606 annum
730 551 785 606 in
817 551 1137 621 pmnitentia
1177 549 1374 619 degere
1408 549 1495 604 hic
1540 547 1702 605 Pater
1726 549 1880 620 jubet
1912 567 1927 604 :
1962 563 2077 604 me-

500 641 836 710 minisseque
869 655 929 695 se
963 654 1088 694 cum
1114 638 1224 695 sint
1252 637 1456 703 ﬁdeles,
1479 653 1602 694 esse
1631 637 1840 693 Christi
1869 653 2078 704 servos,
2115 699 2118 702 ,

501 743 742 799 eumque
774 729 949 798 magis
974 729 1168 782 timere
1189 735 1444 796 oportere
1481 745 1495 781 :
1549 742 1614 781 ac
1644 743 2079 800 unumquemque,

502 827 562 873 ut
592 835 822 890 magnus
849 819 927 873 ait
959 819 1275 889 Apostolus,
1311 823 1418 876 sive
1440 836 1671 888 servum,
1700 820 1805 875 sive
1837 818 2078 888 liberum,

499 928 616 983 quae
648 912 829 982 fecerit
854 921 1269 982 reportaturum.

1105 1001 1337 1059 CANON
1366 1003 1478 1060 ΥΠ.

579 1111 600 1146 ι
641 1091 821 1148 Liberi
859 1103 1044 1149 autem
1087 1095 1265 1150 tribus
1297 1096 1463 1152 annis
1512 1094 1568 1150 in
1616 1097 1937 1166 poenitentia
1959 1112 2084 1153 exa-

507 1201 528 1234 ι
574 1183 931 1237 minabuntur
962 1223 978 1250 ,
1035 1191 1149 1238 tum
1214 1185 1362 1254 quod
1409 1184 1911 1249 dissimulaverint,
1966 1196 2084 1243 tum

509 1292 527 1325 ι
566 1274 712 1344 quod
742 1274 1021 1330 eﬁecerint
1055 1283 1114 1330 ut
1149 1278 1399 1332 conservi
1465 1279 1858 1342 sacriﬁcarent,
1901 1287 1963 1333 ut
1989 1278 2083 1350 qui

508 1385 527 1417 ι
563 1367 824 1437 Apostolo
856 1383 968 1422 non
1005 1368 1337 1432 obedierint,
1371 1369 1465 1440 qui
1505 1370 1620 1424 vult
1651 1382 1676 1410 ι
1717 1370 1960 1425 dominos
1991 1387 2084 1426 ea-

509 1479 528 1510 ‹
569 1459 686 1514 dem
715 1460 885 1527 facere
908 1478 1026 1532 qua:
1045 1464 1200 1526 servi,
1242 1465 1563 1519 remittentes
1589 1465 1784 1518 minas.
1825 1463 2080 1532 Scientes,

509 1571 528 1603 ι
571 1552 768 1622 inquit,
798 1553 938 1623 quod
962 1565 1140 1608 noster
1165 1572 1368 1626 quoque
1392 1565 1441 1610 et
1459 1557 1693 1626 ipsorum
1721 1556 1978 1611 Dominus
2003 1566 2084 1612 est

508 1658 527 1691 ι
565 1641 622 1695 in
657 1642 822 1706 caalis,
855 1651 907 1696 et
930 1629 1036 1697 non
1067 1652 1145 1698 est
1182 1643 1323 1714 apud
1382 1662 1500 1700 eum
1533 1661 1881 1716 personarum
1929 1664 2082 1703 acce-

2183 449 2435 515 σθέντες,
2483 450 2596 504 ἀλλ’
2637 451 2738 504 οὐκ
2779 446 2838 513 ἐξ
2879 446 3078 501 οἰκείου
3127 444 3459 515 θελήματος,
3509 445 3722 498 ἐνιαυτὸν

2181 543 2239 596 ἐν
2262 539 2518 612 μετανοίᾳ
2544 539 2789 608 διάγεινὸ
2804 536 2993 610 Πατὴρ
3018 531 3172 598 οὗτος
3198 533 3503 605 διορίζεται,
3531 533 3618 587 καὶ
3638 551 3723 605 μα-

2181 633 2315 698 θεῖν,
2341 635 2443 699 ὃτι,
2478 633 2660 687 πιστοὶ
2687 632 2860 696 ὄντες,
2889 629 3123 703 Χριστοῦ
3147 626 3320 682 δοῦλοί
3353 628 3480 692 είσι,
3505 629 3723 683 κάκεῖνον

2185 726 2387 797 μᾶλλον
2417 723 2699 795 φοϐεῖσθαι
2733 723 3032 792 ὀφείλουσι·
3064 720 3159 774 καὶ
3197 720 3278 773 ὄτι
3317 719 3582 785 ἕκαστος,
3609 723 3722 774 κατὰ

2180 815 2271 868 τὸν
2296 816 2466 887 μέγαν
2509 815 2849 878 Ἀπόστολον,
2868 813 2899 867 ὃ
2928 813 3036 867 ἐὰν
3058 811 3282 880 ποιήσῃ
3309 809 3600 879 κομιεῖται,
3625 811 3722 865 εἶτε

2181 908 2403 976 δοῦλος
2436 909 2556 962 εἴτε
2587 909 2920 976 ἐλεύθερος.

2794 997 3032 1052 ΚΑΝΩΝ
3071 999 3144 1050 Z'.

2259 1109 2277 1141 ι
2316 1090 2378 1144 Οἱ
2418 1089 2475 1142 δὲ
2505 1088 2778 1162 ἐλεύθεροι
2813 1089 2871 1142 ἐν
2895 1087 3071 1160 τρισὶν
3104 1086 3278 1138 ἔτεσιν
3312 1081 3722 1154 ἐξετασθήσσνται

2189 1200 2206 1233 ι
2247 1183 2306 1235 ἐν
2333 1181 2609 1254 μετανοίᾳ,
2633 1184 2727 1236 καὶ
2748 1182 2822 1246 ὼς
2844 1180 3269 1252 ὑποκρινάμενοι
3288 1178 3375 1242 η’,
3394 1177 3486 1230 καὶ
3499 1176 3569 1239 ὡς
3585 1193 3724 1228 κατα-

2189 1290 2208 1324 ι
2243 1274 2614 1342 ναγκάσαντες
2639 1273 2764 1336 τοὺς
2792 1270 3113 1343 ὁμοδούλους
3137 1268 3314 1333 θῦσαι,
3341 1268 3435 1322 ἅτε
3461 1267 3545 1298 ¹⁶·’
3567 1266 3624 1337 δὴ
3644 1284 3722 1318 παρ

2189 1385 2206 1416 ι
2251 1366 2616 1436 ρακούσαντες
2659 1365 2752 1418 τοῦ
2809 1361 3129 1417 Ἀποστόλου
3184 1360 3257 1416 τὰ
3313 1361 3466 1414 αὐτὰ
3512 1357 3720 1418 θέλοντος

2189 1477 2207 1510 ι
2244 1457 2436 1513 ποιεῖν
2479 1456 2622 1522 τοὺς
2666 1455 2966 1521 δεσπότας
3016 1452 3140 1519 τοῖς
3180 1450 3441 1516 δούλοις,
3485 1448 3723 1513 ἀνιέντας

2189 1570 2208 1604 ι
2248 1551 2361 1620 τὴν
2393 1547 2686 1615 ἀπειλήν*
2734 1547 2960 1612 ειδότες
2999 1546 3061 1610 ¹⁷,
3106 1544 3290 1613 φησὶν,
3337 1541 3427 1595 ὅτι
3462 1541 3558 1595 καὶ
3587 1539 3725 1610 ἡμῶν

2190 1659 2207 1690 ι
2251 1640 2349 1693 καὶ
2380 1638 2577 1692 αὐτῶν
2607 1638 2672 1669 ¹⁷”
2693 1639 2726 1692 ό
2749 1637 2962 1705 Κύριός
2986 1633 3156 1688 ἐστιν
3179 1633 3222 1664 ¹⁸
3246 1633 3315 1685 ἐν
3340 1629 3622 1698 οὐρανοῖς,
3647 1629 3723 1682 καί

509 1750 528 1784 ι
563 1733 694 1802 ptio.
727 1731 784 1787 Si
811 1741 980 1790 unum
1005 1745 1188 1791 autem
1248 1753 1440 1792 onmes
1467 1739 1733 1796 habemus
1765 1739 2079 1806 Dominum,

2196 1752 2208 1786 ι
2248 1731 2732 1802 προσωποληψία
2763 1728 2898 1797 παρ’
2931 1724 3090 1792 αὐτῷ
3117 1728 3227 1780 οὐκ
3259 1726 3448 1779 ἔστιν.
3485 1724 3545 1776 Ei
3579 1722 3628 1776 δέ
3649 1722 3726 1773 ἕνα

509 1842 528 1874 ι
565 1823 704 1893 apud
753 1841 906 1897 quem
935 1843 1040 1881 non
1091 1837 1169 1881 est
1201 1844 1556 1898 personarum
1587 1831 1820 1899 acceptio
1852 1831 1914 1900 ι);
1947 1847 2084 1903 qut»

509 1933 528 1967 ι
567 1916 716 1971 niam
738 1927 787 1972 et
818 1919 1020 1982 omnia,
1054 1929 1104 1974 et
1133 1921 1188 1974 in
1213 1921 1452 1976 omnibus
1477 1931 1556 1977 est
1579 1921 1845 1990 Christus,
1869 1925 1924 1979 in
1955 1925 2086 1979 Bar-

511 2025 530 2059 ι
573 2007 718 2064 buris
757 2018 807 2065 et
836 2009 1072 2082 Scythis,
1105 2014 1267 2068 servis
1301 2024 1350 2068 et
1383 2013 1558 2069 liberis
1598 2026 1621 2054 ο
1658 2035 1671 2071 :
1723 2016 1924 2073 debent
1949 2032 2084 2073 con-

513 2119 532 2152 t
575 2101 822 2160 siderare
877 2105 1024 2174 quod
1055 2103 1326 2170 fecerunt,
1357 2106 1601 2164 volentes
1653 2124 1810 2164 suam
1837 2110 2081 2181 ipsorum

511 2213 530 2244 ι
571 2197 810 2250 animam
863 2211 1119 2268 servare;
1155 2201 1248 2271 qui
1308 2217 1604 2258 conservos
1642 2214 1864 2260 nostros
1901 2213 2084 2263 traxe~

512 2303 536 2338 ι
565 2297 694 2342 runt
716 2289 784 2343 ad
815 2290 1200 2357 idololatriam,
1218 2292 1312 2362 qui
1337 2301 1590 2363 poterant
1611 2305 1666 2352 et
1687 2296 1792 2367 ipsi
1822 2297 2078 2369 effugere.

512 2394 532 2427 ι
563 2378 609 2433 si
636 2377 728 2448 jus
759 2387 813 2434 et
839 2381 1204 2450 aequalitatem
1227 2382 1364 2453 ipsis
1384 2383 1747 2453 praebuissent
1789 2390 1850 2439 ut
1887 2399 2082 2441 rursus

511 2487 530 2521 ι
567 2469 700 2525 dicit
720 2470 1037 2541 Apostolus.
1077 2491 1095 2524 ι

576 2642 740 2700 Βιιε.
788 2643 1003 2704 Liberis
1035 2654 1219 2703 autem
1253 2663 1351 2704 seu
1394 2649 1631 2706 dominis
1671 2667 1956 2708 servorum
1989 2667 2081 2709 sa-

507 2736 758 2792 criﬁcare
783 2747 1124 2805 coactorum,
1157 2740 1382 2796 triennii
1404 2757 1623 2813 poenam
1653 2743 1910 2814 injungit,
1935 2745 2082 2815 quod

499 2834 564 2882 et
593 2827 907 2885 sacriﬁcare
957 2830 1308 2901 simularunt,
1365 2845 1416 2890 et
1453 2837 1677 2890 omnino
1711 2851 1953 2893 annuere
1981 2836 2084 2892 visi

509 2927 663 2983 sunt,
697 2930 754 2976 et
802 2923 948 2992 quod
982 2940 1278 2982 conservos
1309 2928 1622 2983 sacriﬁcare
1668 2936 1987 3000 coegerunt,
2030 2939 2086 2986 et

510 3011 660 3082 quod
689 3013 955 3084 Apostolo
979 3033 1088 3072 non
1136 3029 1435 3088 paruerunt
1458 3019 1674 3088 jubenti
1718 3022 1881 3076 servis
1911 3024 2084 3078 minus

2192 1848 2210 1880 ι
2253 1828 2453 1900 Κύριον
2503 1826 2714 1896 ἔχωμεν
2746 1823 2788 1854 ¹⁹
2819 1823 2867 1876 οἱ
2903 1822 3122 1884 πάντες,
3167 1819 3726 1886 ἁπροσωπόληπτον,

2192 1939 2211 1972 ι
2251 1920 2372 1974 ἐπεὶ
2399 1919 2496 1974 καὶ
2532 1916 2729 1971 πάντα
2767 1915 2867 1969 καὶ
2919 1914 2990 1967 ἐν
3015 1911 3205 1966 πᾶσιν
3231 1911 3404 1964 ἐστιν
3425 1911 3457 1962 ό
3487 1906 3724 1975 Χριστός,

2192 2032 2210 2064 ι
2248 2013 2319 2067 ἓν
2372 2029 2437 2066 τε
2478 2008 2807 2079 βαρϐάροις
2859 2005 2958 2060 καὶ
3015 2005 3271 2068 Σκύθαις
3294 2042 3308 2064 ,
3365 2000 3596 2066 δούλοις
3648 1999 3725 2051 καὶ

2190 2122 2209 2156 t
2249 2101 2617 2172 ἐλευθέροις,
2659 2101 2883 2154 σκοπεῖν
2933 2097 3236 2168 ὀφείλουσιν
3265 2094 3295 2147 ὃ
3343 2093 3727 2165 κατειργάσαντο

2193 2217 2210 2248 ι
2249 2195 2571 2267 θελήσαντες
2603 2193 2701 2265 τὴν
2729 2191 2905 2262 ψυχὴν
2933 2188 3138 2243 ἑαυτῶν
3170 2187 3343 2240 σῶσαι
3365 2184 3433 2249 ’⁸,
3455 2188 3571 2250 τοὺς
3609 2184 3724 2238 δέ¹⁶⁹

2191 2307 2208 2340 ι
2248 2286 2564 2350 συνδούλους
2581 2283 2787 2341 ἑαυτῶν
2799 2284 2842 2316 ’ί
2855 2282 3180 2344 ἑλκύσαντες
3195 2279 3289 2334 ἐπὶ
3307 2273 3724 2346 είδωλολατρείαν,

2192 2397 2210 2430 ι
2249 2378 2584 2449 δυναμένους
2611 2376 2704 2429 καὶ
2732 2375 2926 2437 αὑτοὺς
2955 2373 3236 2443 ἐκφυγεῖν,
3267 2372 3316 2423 εί
3351 2368 3409 2422 τὺ
3435 2368 3623 2422 δίκαιον
3651 2363 3724 2417 καὶ

2193 2487 2210 2520 ι
2253 2468 2350 2539 τήν
2389 2467 2610 2535 ἰσότητα
2639 2462 2780 2536 ἦσαν
2828 2465 3009 2528 αὑτοῖς
3043 2459 3419 2536 παρασχόντες
3444 2498 3458 2522 ,
3498 2458 3568 2521 ὡς
3598 2455 3727 2509 πάλιν

2193 2580 2211 2613 ι
2250 2563 2279 2616 ό
2313 2557 2633 2622 Ἀπὸστολος
2663 2558 2832 2626 λέγει.
2867 2576 2884 2609 ι

2256 2653 2453 2706 ΒΑΛΣ.
2486 2653 2611 2714 Τοῖς
2642 2651 2697 2704 δὲ
2729 2649 3053 2721 ἐλευθέροις,
3072 2649 3190 2718 ἦτοι
3211 2648 3324 2710 τοῖς
3351 2643 3621 2704 δεσπόταις
3643 2638 3725 2692 τῶν

2188 2747 2519 2817 βιασθέντων
2547 2744 2707 2799 θῦσαι
2735 2743 2955 2806 δούλων,
2989 2742 3082 2795 ἐπὶ
3114 2741 3357 2813 τριετίαν
3395 2736 3634 2807 ἐπιτιμᾷ·
3661 2733 3723 2785 ὅτι

2185 2853 2247 2890 τε
2282 2835 2656 2908 ὑπεκρίθησαν
2685 2832 2870 2898 θῦσαι,
2904 2833 2998 2888 καὶ
3026 2831 3162 2894 ὅλως
3194 2829 3382 2896 ἔδοξαν
3414 2825 3722 2881 κατανεῦσαι,

2189 2929 2284 2984 καὶ
2313 2931 2394 2983 ὅτι
2427 2931 2552 2993 τοὺς
2599 2926 2919 2990 συνδούλους
2970 2924 3286 2995 ἠνάγκασαν
3320 2921 3508 2983 θῦσαι,
3542 2916 3626 2972 καὶ
3661 2915 3724 2968 ὅτι

2191 3022 2546 3093 παρήκουσαν
2574 3024 2667 3074 τοῦ
2703 3019 3024 3074 Ἀποστόλου
3051 3014 3366 3078 κελεύοντος
3390 3010 3606 3068 ἀνιέναι
3630 3006 3725 3071 τοῖς

509 3105 808 3172 remittere;
839 3117 1029 3178 utpote
1061 3125 1186 3167 cum
1217 3112 1322 3182 ipsi
1352 3127 1571 3182 quoque
1599 3112 1808 3168 domini
1849 3113 1943 3170 Dei
1970 3130 2085 3171 ser-

2196 3081 2435 3180 δούλοις
2463 3113 2577 3182 τὴν
2610 3112 2891 3182 ἀπειλὴν,
2941 3111 3017 3174 ὡς
3061 3110 3155 3163 καὶ
3199 3107 3310 3162 τῶν
3346 3105 3604 3161 δεσποτῶν
3635 3099 3727 3156 δού-

511 3195 564 3248 vi
588 3196 720 3259 sint,
756 3206 810 3252 et
842 3197 1172 3255 famulorum
1206 3201 1479 3256 conservi.
1515 3201 1693 3271 Atque
1722 3201 1826 3272 ipsi
1867 3202 2088 3273 quidem

511 3284 841 3343 festinarunt
869 3304 1025 3345 suam
1049 3307 1268 3348 servare
1300 3292 1558 3356 animam,
1588 3308 1885 3350 conservos
1905 3303 2087 3350 autem

509 3398 641 3439 suos
671 3382 742 3438 ad
761 3382 1125 3442 idololatriam
1138 3388 1652 3460 compulerunt,qui
1682 3398 1934 3460 poterant
1955 3389 2092 3451 etru-

506 3489 654 3546 gere.

581 3565 786 3624 Zonm.
818 3567 1034 3625 Liberis
1056 3581 1256 3636 autem,
1288 3570 1394 3626 hoc
1429 3579 1514 3628 est
1540 3571 1777 3628 dominis
1807 3588 2089 3630 servorum

511 3661 606 3729 qui
642 3661 957 3718 sacriﬁcare
992 3671 1124 3719 sunt
1172 3664 1372 3728 coacti,
1406 3664 1628 3720 triennii
1654 3679 1871 3735 ptenam
1907 3666 2093 3736 injun-

508 3752 588 3822 git
619 3771 633 3806 :
671 3760 788 3807 tum
820 3754 950 3824 quia
1009 3754 1322 3810 sacriﬁcare
1369 3771 1429 3811 se
1471 3757 1824 3823 simularunt,
1861 3771 1927 3812 ac
1964 3771 2090 3812 suc-

508 3847 770 3899 cumbere
821 3846 1047 3902 omnino
1080 3847 1181 3902 visi
1231 3854 1406 3902 sunt:
1443 3857 1556 3902 tum
1618 3849 1746 3920 quia
1792 3865 2090 3907 conservos

509 3946 805 4006 coegerunt
829 3946 888 3993 ut
917 3939 1290 4007 immolarent;
1317 3956 1419 3995 nec
1478 3941 1923 4012 obtemperarunt
1951 3943 2094 4013 Apo-

509 4029 652 4084 stolo
671 4029 886 4098 jubenti
917 4032 1084 4086 servis
1134 4033 1305 4088 minas
1330 4034 1627 4097 remittere;
1660 4049 1786 4088 cum
1820 4034 1924 4104 ipsi
1957 4051 2092 4104 quo-

515 4137 622 4191 que
641 4121 849 4178 domini
905 4125 1015 4180 sint
1042 4123 1134 4179 Dei
1159 4126 1324 4190 servi,
1359 4135 1414 4181 et
1444 4125 1772 4181 famulorum
1812 4128 2088 4186 consenvi.

510 4213 593 4268 Ac
619 4213 721 4283 ipsi
753 4215 974 4285 quidem
1014 4217 1346 4274 festinarunt
1394 4233 1550 4274 suam
1585 4233 1804 4274 servare
1825 4218 2087 4284 animam,

510 4318 806 4360 conservos
830 4319 1032 4372 autem,
1081 4309 1175 4379 qui
1199 4308 1436 4380 eﬁ'ugere
1458 4316 1710 4380 poterant
1757 4307 1826 4364 ad
1858 4308 2090 4364 idolola-

512 4397 672 4451 triam
707 4399 1113 4469 compulerunt.

1106 4488 1333 4546 CANON
1373 4489 1510 4547 VIII.

591 4601 610 4632 ι
650 4581 721 4635 lis
745 4590 923 4637 autem
951 4581 1042 4652 qui
1067 4581 1266 4653 proditi
1298 4591 1447 4650 sunt,
1476 4591 1532 4638 et
1553 4583 1893 4648 exciderunt,
1923 4585 2014 4655 qui
2041 4595 2096 4641 et

516 4693 535 4728 ι
572 4676 671 4745 ipsi
697 4676 766 4730 ad
808 4684 1082 4731 certamen
1114 4686 1486 4742 accesserunt,
1516 4692 1576 4732 se
1607 4692 1729 4732 esse
1755 4676 2094 4736 Christianos

517 4786 536 4818 ι
572 4768 914 4831 conﬁtentes,
934 4777 987 4822 et
1011 4767 1063 4821 in
1089 4769 1388 4824 custodiam
1413 4784 1538 4823 cum
1563 4769 1847 4826 tormentis
1863 4771 2091 4842 conjecti

517 4880 535 4912 ι
568 4870 729 4917 sunt:
773 4876 989 4931 aequum
1030 4869 1116 4915 cst
1153 4862 1206 4916 in
1239 4862 1600 4918 exsultatione
1629 4863 1813 4921 cordis
1836 4865 1979 4921 vires
2013 4868 2090 4921 si-

517 4974 536 5007 ι
569 4957 681 5010 mul
707 4955 924 5020 addere,
952 4964 1008 5010 et
1027 4956 1109 5011 eis
1133 4956 1186 5010 in
1215 4957 1472 5012 omnibus
1498 4961 1916 5025 communicare,
1951 4971 2004 5017 et
2036 4963 2088 5016 in

521 5064 538 5096 ι
569 5045 933 5109 orationibus,
969 5058 1024 5099 et.
1072 5046 1125 5099 in
1157 5046 1568 5117 participatione
1605 5049 1851 5119 corporis
1884 5059 1938 5105 ct
1964 5067 2092 5106 san-

471 5181 476 5184 .
521 5156 538 5187 ‹
571 5137 754 5207 guinis
803 5135 1047 5199 Christi,
1101 5147 1153 5192 et
1208 5137 1476 5192 sermonis
1527 5137 1905 5196 adhortatione
1963 5155 1975 5192 :
2034 5152 2093 5196 ut

590 5289 612 5317 II
646 5275 839 5349 Ephes.
874 5297 948 5348 v1,
985 5281 1040 5338 9.
1116 5284 1144 5324 δ
1169 5282 1319 5339 Rom.
1347 5300 1408 5352 ιι,
1448 5285 1532 5341 ll.

1613 5297 1635 5326 ο
1661 5284 1870 5342 Coloss.
1900 5301 1986 5352 ιιι,
2019 5285 2105 5341 Η.

2191 3203 2300 3258 λων
2346 3203 2514 3259 ὄντων
2547 3204 2624 3275 τῷ
2658 3205 2868 3276 Κυρίῳ,
2906 3203 3000 3257 καὶ
3030 3205 3144 3265 τοῖς
3171 3199 3410 3264 οἰκέταις
3450 3197 3721 3280 συνδούλων.

2192 3298 2303 3352 Καὶ
2345 3298 2497 3352 αὑτοὶ
2537 3298 2634 3368 μέν
2676 3296 2946 3350 ἔσπευσαν
2975 3295 3072 3366 τὴν
3109 3291 3319 3346 οἰκείαν
3352 3291 3518 3345 σῶσαι
3549 3287 3724 3359 ψυχὴν.

2191 3390 2318 3454 τοὺς
2348 3391 2406 3444 δὲ
2440 3388 2755 3452 συνδούλους
2800 3389 2892 3442 ἐπὶ
2925 3385 3370 3458 εἰδωλολατρείαν
3415 3385 3724 3454 κατήπειγον.

2192 3480 2522 3551 δυναμένους
2550 3481 2828 3548 ἐκφυγεῖν.

2263 3573 2504 3626 ΖΩΝΑΡ.
2557 3572 2682 3636 Τοῖς
2721 3571 2777 3624 δὲ
2821 3569 3145 3642 ἐλευθέροις,
3193 3569 3314 3640 ἦτοι
3342 3571 3450 3632 τοῖς
3485 3563 3726 3624 δεσπόταις

2191 3665 2300 3721 τῶν
2320 3664 2648 3737 βιασθέντων
2672 3662 2830 3717 θῦσαι
2859 3661 3082 3724 δούλων,
3115 3661 3210 3714 ἐπὶ
3236 3661 3475 3732 τριετίαν
3501 3654 3723 3726 ἐπιτιμᾷο

2191 3759 2274 3813 ὅτι
2299 3777 2360 3814 τε
2381 3756 2751 3829 ὑπεκρίθησαν
2774 3755 2954 3820 θῦσαι,
2982 3755 3078 3809 καὶ
3103 3753 3240 3818 ὅλως
3262 3755 3445 3821 ἔδοξαν
3474 3749 3723 3817 ὑποκύψαι.

2193 3855 2292 3910 καὶ
2323 3854 2405 3906 ὅτι
2443 3851 2536 3904 καὶ
2582 3850 2710 3912 τοὺς
2754 3846 3068 3911 συνδούλους
3113 3846 3434 3916 ἠνάγκασαν
3463 3843 3626 3902 θῦσαι,
3655 3836 3726 3890 καὶ

2193 3948 2276 4000 ὅτι
2304 3946 2660 4015 παρήκουσαν
2687 3939 2783 3993 τοῦ
2829 3938 3151 3992 Ἀποστόλου
3191 3937 3502 3999 κελεύοντος
3537 3930 3726 3987 ἀνιέναι

2193 4037 2317 4104 τοῖς
2354 4036 2595 4101 δούλοις
2625 4031 2741 4102 τὴν
2788 4029 3077 4098 ἀπειλὴν,
3113 4029 3188 4094 ὡς
3228 4029 3325 4084 καὶ
3362 4027 3467 4081 τῶν
3496 4017 3726 4078 δεσποτῶν

2194 4129 2396 4184 δούλων
2437 4127 2606 4182 ὄντων
2644 4123 2858 4198 Κυρίῳ,
2895 4123 2989 4177 καὶ
3016 4125 3128 4186 τοῖς
3173 4122 3415 4184 οἰκέταις
3452 4114 3723 4173 συνδούλων.

2194 4218 2307 4272 Καὶ
2331 4215 2485 4280 αὑτοὶ
2527 4214 2624 4285 μὲν
2664 4213 2935 4267 ἔσπευσαν
2982 4213 3082 4284 τὴν
3115 4212 3322 4267 οἰκείαν
3356 4211 3519 4264 σῶσαι
3562 4201 3723 4276 ψυχὴν,

2157 4296 2159 4298 ’
2194 4309 2321 4372 τοὺς
2367 4308 2424 4361 δὲ
2458 4305 2772 4370 συνδούλους
2801 4306 2895 4359 ἐπὶ
2942 4303 3384 4376 είδωλολατρείαν
3424 4293 3725 4360 κατέπειξαν,

2195 4400 2527 4472 δυναμένους
2549 4401 2827 4470 ἐκφυγεῖν.

2793 4489 3034 4543 ΚΑΝΩΝ
3085 4487 3171 4542 Η’.

2267 4606 2286 4639 ι
2326 4586 2449 4649 Τοῖς
2468 4583 2525 4638 δὲ
2558 4582 3011 4655 παραδεδομένοις
3040 4582 3134 4635 καὶ
3155 4583 3200 4612 ”
3225 4577 3608 4639 ἐκπεπτωκόσι,
3637 4572 3722 4632 τοῖς

2195 4696 2215 4728 ι
2250 4693 2310 4728 τε
2334 4675 2513 4737 αὐτοῖς
2536 4673 2580 4705 ⁸³
2605 4672 3060 4746 προσεληλυθόσιν
3088 4673 3169 4736 είς
3195 4673 3287 4726 τὸν
3317 4670 3496 4740 ἀγῶνα
3516 4668 3600 4723 καὶ
3624 4669 3726 4734 ὀμο-

2196 4783 2214 4816 r
2253 4763 2503 4832 λογοῦσιν
2527 4757 2666 4816 εἶναι
2696 4761 3060 4832 Χριστιανοῖς,
3088 4757 3507 4830 ἐμϐεϐλημένοις
3529 4769 3583 4806 τε
3605 4753 3653 4803 ἐν
3671 4747 3721 4815 τῇ

2196 4875 2215 4908 t
2257 4854 2467 4926 φυλακῇ
2496 4853 2634 4924 μετὰ
2665 4854 2933 4924 βασάνων,
2961 4851 3180 4920 εὔλογόν
3205 4853 3350 4905 ἐστιν
3376 4853 3432 4903 ἐν
3453 4840 3723 4915 ἀγαλλιάσει

2197 4969 2214 5001 ⁸
2256 4949 2477 5020 καρδίας
2507 4947 2882 5019 συνεπισχύειν
2915 4950 3008 5000 καὶ
3036 4948 3312 5000 κοινωνεῖν
3341 4945 3398 4998 ἐν
3421 4943 3589 5001 πᾶσιν,
3611 4934 3658 4986 ἐν
3676 4943 3721 4983 τε

2194 5062 2212 5092 ί
2251 5046 2369 5106 ταῖς
2396 5045 2727 5114 προσευχαῖς
2755 5040 2850 5094 καὶ
2877 5043 2942 5112 τῇ
2973 5037 3269 5111 μεταλήψει
3288 5036 3382 5090 τοῦ
3405 5033 3628 5102 σώματος
3647 5021 3722 5120 tu}

2193 5153 2210 5186 ι
2255 5134 2348 5188 τοῦ
2373 5135 2597 5205 αἵματος
2628 5132 2722 5186 τοῦ
2757 5135 2993 5205 Χριστοῦ
3018 5132 3085 5196 ³⁸,
3107 5131 3201 5185 καὶ
3225 5132 3291 5202 τῇ
3313 5123 3626 5196 παρακλήσει
3647 5129 3719 5167 του

1759 5439 1994 5498 VARUE
2029 5438 2434 5496 LECTIONES.

1217 5600 1302 5630 ““
1330 5601 1432 5653 ὅτι.

591 5595 654 5670 ’ξ’
685 5598 1119 5670 ὑποκρινόμενοι.
1217 5600 1302 5630 ⁸⁸⁵⁸
1330 5601 1432 5653 ὅτι.
1549 5602 1588 5632 ι’
1618 5599 1846 5664 εἰδότας.

517 5667 583 5698 ’⁸⁸
611 5668 666 5723 δέ
696 5685 805 5724 οιιι.

1965 5601 2029 5672 ¹⁷έ
2061 5601 2212 5672 ὑμῶν
2242 5590 2442 5672 αὐτῶν.

917 5675 956 5703 ἰ
987 5671 1158 5741 ἡμῶν.
1236 5674 1278 5702 ²²
1307 5671 1398 5724 καί
1427 5687 1534 5729 om.
1614 5673 1658 5703 ’³
1691 5673 1920 5736 ἑαυτοῖς.
1988 5671 2031 5704 ²³
2059 5669 2150 5725 τοῦ
2189 5669 2423 5742 Χριστοῦ
2459 5684 2566 5724 0m-

2559 5599 2600 5630 "
2625 5597 2773 5657 dces!
2817 5600 2986 5654 ἐστιν.
