  <div class='ocr_page' id='page_1' title='image "/cluster/home/n/w/nwhite01/storage/ocr_20150623/18/nnc1.0046978550/248.png"; bbox 0 0 3862 6158; ppageno 0'>
   <div class='ocr_carea' id='block_1_1' title="bbox 148 290 247 350">
    <p class='ocr_par' dir='ltr' id='par_1_1' title="bbox 148 290 247 350">
     <span class='ocr_line' id='line_1_1' title="bbox 148 290 247 350; baseline -0.04 0"><span class='ocrx_word' id='word_1_1' title='bbox 148 290 247 350; x_wconf 65' lang='grc'><strong>681</strong></span> 
     </span>
    </p>
   </div>
   <div class='ocr_carea' id='block_1_2' title="bbox 1270 280 2130 350">
    <p class='ocr_par' dir='ltr' id='par_1_2' title="bbox 1270 280 2130 350">
     <span class='ocr_line' id='line_1_2' title="bbox 1270 280 2130 350; baseline 0 -3"><span class='ocrx_word' id='word_1_2' title='bbox 1270 319 1277 323; x_wconf 94' lang='grc'><strong><em>-</em></strong></span> <span class='ocrx_word' id='word_1_3' title='bbox 1365 291 1723 348; x_wconf 70' lang='grc' dir='ltr'>-εΡιετοιΑ</span> <span class='ocrx_word' id='word_1_4' title='bbox 1761 280 2130 350; x_wconf 71' lang='grc' dir='ltr'>οΑΝοΝιοΑ.</span> 
     </span>
    </p>
   </div>
   <div class='ocr_carea' id='block_1_3' title="bbox 3299 301 3407 356">
    <p class='ocr_par' dir='ltr' id='par_1_3' title="bbox 3299 301 3407 356">
     <span class='ocr_line' id='line_1_3' title="bbox 3299 301 3407 356; baseline 0 0"><span class='ocrx_word' id='word_1_5' title='bbox 3299 301 3407 356; x_wconf 67' lang='grc'><strong>482</strong></span> 
     </span>
    </p>
   </div>
   <div class='ocr_carea' id='block_1_4' title="bbox 153 403 1730 480">
    <p class='ocr_par' dir='ltr' id='par_1_4' title="bbox 153 403 1730 479">
     <span class='ocr_line' id='line_1_4' title="bbox 153 403 1730 479; baseline 0.004 -23"><span class='ocrx_word' id='word_1_6' title='bbox 153 423 173 456; x_wconf 77' lang='grc' dir='ltr'><strong>ι</strong></span> <span class='ocrx_word' id='word_1_7' title='bbox 211 403 392 474; x_wconf 83' lang='grc' dir='ltr'>λόγου·</span> <span class='ocrx_word' id='word_1_8' title='bbox 420 403 508 457; x_wconf 87' lang='grc' dir='ltr'><strong>ῖνα</strong></span> <span class='ocrx_word' id='word_1_9' title='bbox 529 403 885 475; x_wconf 74' lang='grc' dir='ltr'><strong>εὐτονώτερον</strong></span> <span class='ocrx_word' id='word_1_10' title='bbox 912 403 1328 479; x_wconf 80' lang='grc' dir='ltr'><strong>ἀγωνισάμενοι,</strong></span> <span class='ocrx_word' id='word_1_11' title='bbox 1353 407 1730 473; x_wconf 84' lang='grc' dir='ltr'>καταξιωθῶσι</span> 
     </span>
    </p>
   </div>
   <div class='ocr_carea' id='block_1_5' title="bbox 1836 403 3404 480">
    <p class='ocr_par' dir='ltr' id='par_1_5' title="bbox 1839 405 3404 480">
     <span class='ocr_line' id='line_1_5' title="bbox 1839 405 3404 480; baseline 0.005 -22"><span class='ocrx_word' id='word_1_12' title='bbox 1839 425 1858 458; x_wconf 77' lang='grc' dir='ltr'><strong>ι</strong></span> <span class='ocrx_word' id='word_1_13' title='bbox 1899 406 1994 478; x_wconf 86' lang='lat' dir='ltr'><strong>qui</strong></span> <span class='ocrx_word' id='word_1_14' title='bbox 2022 407 2367 464; x_wconf 87' lang='lat' dir='ltr'><strong>constantius</strong></span> <span class='ocrx_word' id='word_1_15' title='bbox 2407 405 2832 471; x_wconf 88' lang='lat' dir='ltr'><strong>decertaverint,</strong></span> <span class='ocrx_word' id='word_1_16' title='bbox 2863 407 2968 479; x_wconf 86' lang='lat' dir='ltr'><strong>ipsi</strong></span> <span class='ocrx_word' id='word_1_17' title='bbox 2994 424 3210 480; x_wconf 91' lang='lat' dir='ltr'><strong>quoque</strong></span> <span class='ocrx_word' id='word_1_18' title='bbox 3231 427 3404 479; x_wconf 78' lang='lat' dir='ltr'><strong>super-</strong></span> 
     </span>
    </p>
   </div>
   <div class='ocr_carea' id='block_1_6' title="bbox 152 495 1727 568">
    <p class='ocr_par' dir='ltr' id='par_1_6' title="bbox 152 495 1727 568">
     <span class='ocr_line' id='line_1_6' title="bbox 152 495 1727 568; baseline 0.004 -18"><span class='ocrx_word' id='word_1_19' title='bbox 152 514 172 550; x_wconf 77' lang='grc' dir='ltr'><strong>ι</strong></span> <span class='ocrx_word' id='word_1_20' title='bbox 211 495 307 551; x_wconf 72' lang='grc' dir='ltr'><strong>καὶ</strong></span> <span class='ocrx_word' id='word_1_21' title='bbox 345 497 499 550; x_wconf 72' lang='grc' dir='ltr'>αὐτοὶ</span> <span class='ocrx_word' id='word_1_22' title='bbox 533 495 638 551; x_wconf 81' lang='grc' dir='ltr'>τσῦ</span> <span class='ocrx_word' id='word_1_23' title='bbox 663 495 948 565; x_wconf 72' lang='grc' dir='ltr'>,βραϐείου</span> <span class='ocrx_word' id='word_1_24' title='bbox 983 496 1094 566; x_wconf 81' lang='grc' dir='ltr'>τῆς</span> <span class='ocrx_word' id='word_1_25' title='bbox 1121 497 1242 553; x_wconf 79' lang='grc' dir='ltr'><strong>ἅνω</strong></span> <span class='ocrx_word' id='word_1_26' title='bbox 1282 499 1578 568; x_wconf 78' lang='grc' dir='ltr'><strong>κλήσεως.</strong></span> <span class='ocrx_word' id='word_1_27' title='bbox 1617 503 1727 556; x_wconf 78' lang='grc' dir='ltr'><strong>Καὶ</strong></span> 
     </span>
    </p>
   </div>
   <div class='ocr_carea' id='block_1_7' title="bbox 151 587 1726 661">
    <p class='ocr_par' dir='ltr' id='par_1_7' title="bbox 151 587 1726 661">
     <span class='ocr_line' id='line_1_7' title="bbox 151 587 1726 661; baseline 0.003 -19"><span class='ocrx_word' id='word_1_28' title='bbox 151 607 171 642; x_wconf 75' lang='grc' dir='ltr'><strong>ι</strong></span> <span class='ocrx_word' id='word_1_29' title='bbox 208 589 322 661; x_wconf 82' lang='grc' dir='ltr'>γὰρ</span> <span class='ocrx_word' id='word_1_30' title='bbox 353 587 620 652; x_wconf 75' lang='grc' dir='ltr'>ἑπτάκις,</span> <span class='ocrx_word' id='word_1_31' title='bbox 653 590 806 661; x_wconf 77' lang='grc' dir='ltr'>φησὶ,</span> <span class='ocrx_word' id='word_1_32' title='bbox 839 589 1107 645; x_wconf 82' lang='grc' dir='ltr'><strong>πεσεῖται</strong></span> <span class='ocrx_word' id='word_1_33' title='bbox 1135 594 1168 646; x_wconf 81' lang='grc' dir='ltr'><em>ὀ</em></span> <span class='ocrx_word' id='word_1_34' title='bbox 1195 591 1423 658; x_wconf 81' lang='grc' dir='ltr'>δίκαιος</span> <span class='ocrx_word' id='word_1_35' title='bbox 1447 593 1545 647; x_wconf 82' lang='grc' dir='ltr'>καὶ</span> <span class='ocrx_word' id='word_1_36' title='bbox 1582 595 1726 648; x_wconf 81' lang='grc' dir='ltr'><strong>ἀνα-</strong></span> 
     </span>
    </p>
   </div>
   <div class='ocr_carea' id='block_1_8' title="bbox 149 681 1728 753">
    <p class='ocr_par' dir='ltr' id='par_1_8' title="bbox 149 681 1728 753">
     <span class='ocr_line' id='line_1_8' title="bbox 149 681 1728 753; baseline 0.002 -18"><span class='ocrx_word' id='word_1_37' title='bbox 149 700 171 735; x_wconf 77' lang='grc' dir='ltr'><strong>ι</strong></span> <span class='ocrx_word' id='word_1_38' title='bbox 209 683 539 747; x_wconf 79' lang='grc' dir='ltr'>στήσεται·</span> <span class='ocrx_word' id='word_1_39' title='bbox 583 681 721 753; x_wconf 85' lang='grc' dir='ltr'>ὅπερ</span> <span class='ocrx_word' id='word_1_40' title='bbox 758 682 806 734; x_wconf 90' lang='grc' dir='ltr'><strong>εί</strong></span> <span class='ocrx_word' id='word_1_41' title='bbox 839 681 935 735; x_wconf 72' lang='grc' dir='ltr'><strong>καὶ</strong></span> <span class='ocrx_word' id='word_1_42' title='bbox 975 681 1178 747; x_wconf 87' lang='grc' dir='ltr'>πάντες</span> <span class='ocrx_word' id='word_1_43' title='bbox 1218 683 1269 736; x_wconf 78' lang='lat' dir='ltr'><strong>oi</strong></span> <span class='ocrx_word' id='word_1_44' title='bbox 1311 684 1728 750; x_wconf 82' lang='grc' dir='ltr'>ἐκπεπτωκότες</span> 
     </span>
    </p>
   </div>
   <div class='ocr_carea' id='block_1_9' title="bbox 149 773 1729 849">
    <p class='ocr_par' dir='ltr' id='par_1_9' title="bbox 149 773 1729 849">
     <span class='ocr_line' id='line_1_9' title="bbox 149 773 1729 849; baseline 0.002 -21"><span class='ocrx_word' id='word_1_45' title='bbox 149 795 170 828; x_wconf 74' lang='grc' dir='ltr'><strong>ι</strong></span> <span class='ocrx_word' id='word_1_46' title='bbox 211 777 608 845; x_wconf 74' lang='grc' dir='ltr'><strong>πεποιήκεσαν,</strong></span> <span class='ocrx_word' id='word_1_47' title='bbox 635 773 979 846; x_wconf 78' lang='grc' dir='ltr'><strong>τελειοτάτην</strong></span> <span class='ocrx_word' id='word_1_48' title='bbox 1011 773 1160 848; x_wconf 85' lang='lat' dir='ltr'><strong>[add.</strong></span> <span class='ocrx_word' id='word_1_49' title='bbox 1189 774 1278 848; x_wconf 87' lang='grc' dir='ltr'>ἂν]</span> <span class='ocrx_word' id='word_1_50' title='bbox 1302 776 1397 829; x_wconf 79' lang='grc' dir='ltr'>καὶ</span> <span class='ocrx_word' id='word_1_51' title='bbox 1418 775 1729 849; x_wconf 88' lang='grc' dir='ltr'>όλοκάρδιον</span> 
     </span>
    </p>
   </div>
   <div class='ocr_carea' id='block_1_10' title="bbox 148 867 942 939">
    <p class='ocr_par' dir='ltr' id='par_1_10' title="bbox 148 867 942 939">
     <span class='ocr_line' id='line_1_10' title="bbox 148 867 942 939; baseline -0.001 -18"><span class='ocrx_word' id='word_1_52' title='bbox 148 887 168 921; x_wconf 81' lang='grc' dir='ltr'><strong>ι</strong></span> <span class='ocrx_word' id='word_1_53' title='bbox 213 870 504 939; x_wconf 86' lang='grc' dir='ltr'>μετάνοιαν</span> <span class='ocrx_word' id='word_1_54' title='bbox 535 867 887 932; x_wconf 83' lang='grc' dir='ltr'>ἐνεδείξαντο.</span> <span class='ocrx_word' id='word_1_55' title='bbox 924 886 942 920; x_wconf 77' lang='grc' dir='ltr'><strong>ι</strong></span> 
     </span>
    </p>
   </div>
   <div class='ocr_carea' id='block_1_11' title="bbox 215 959 1728 1034">
    <p class='ocr_par' dir='ltr' id='par_1_11' title="bbox 215 959 1728 1034">
     <span class='ocr_line' id='line_1_11' title="bbox 215 959 1728 1034; baseline 0.001 -21"><span class='ocrx_word' id='word_1_56' title='bbox 215 961 414 1013; x_wconf 79' lang='grc' dir='ltr'>ΒΑΛΣ.</span> <span class='ocrx_word' id='word_1_57' title='bbox 458 962 612 1026; x_wconf 87' lang='grc' dir='ltr'>Τινὲς</span> <span class='ocrx_word' id='word_1_58' title='bbox 666 959 1148 1033; x_wconf 75' lang='grc' dir='ltr'><strong>προσηγγέλθησαν</strong></span> <span class='ocrx_word' id='word_1_59' title='bbox 1206 960 1301 1014; x_wconf 73' lang='grc' dir='ltr'>καὶ</span> <span class='ocrx_word' id='word_1_60' title='bbox 1357 962 1728 1034; x_wconf 74' lang='grc' dir='ltr'><strong>παρεδόθησαν</strong></span> 
     </span>
    </p>
   </div>
   <div class='ocr_carea' id='block_1_12' title="bbox 141 1051 1730 1126">
    <p class='ocr_par' dir='ltr' id='par_1_12' title="bbox 141 1051 1730 1126">
     <span class='ocr_line' id='line_1_12' title="bbox 141 1051 1730 1126; baseline 0.001 -21"><span class='ocrx_word' id='word_1_61' title='bbox 141 1053 254 1114; x_wconf 82' lang='grc' dir='ltr'>τοῖς</span> <span class='ocrx_word' id='word_1_62' title='bbox 283 1053 586 1125; x_wconf 83' lang='grc' dir='ltr'><strong>τυράννοις,</strong></span> <span class='ocrx_word' id='word_1_63' title='bbox 620 1053 651 1124; x_wconf 81' lang='grc' dir='ltr'>ἢ</span> <span class='ocrx_word' id='word_1_64' title='bbox 686 1052 779 1106; x_wconf 76' lang='grc' dir='ltr'><strong>καὶ</strong></span> <span class='ocrx_word' id='word_1_65' title='bbox 805 1051 1066 1116; x_wconf 80' lang='grc' dir='ltr'>ἑκουσίως</span> <span class='ocrx_word' id='word_1_66' title='bbox 1096 1053 1280 1116; x_wconf 81' lang='grc' dir='ltr'>αὐτοῖς</span> <span class='ocrx_word' id='word_1_67' title='bbox 1319 1054 1544 1118; x_wconf 76' lang='grc' dir='ltr'>ἐαυτοὺς</span> <span class='ocrx_word' id='word_1_68' title='bbox 1594 1071 1730 1126; x_wconf 89' lang='grc' dir='ltr'>παρ-</span> 
     </span>
    </p>
   </div>
   <div class='ocr_carea' id='block_1_13' title="bbox 143 1143 1726 1216">
    <p class='ocr_par' dir='ltr' id='par_1_13' title="bbox 143 1143 1726 1216">
     <span class='ocr_line' id='line_1_13' title="bbox 143 1143 1726 1216; baseline 0.001 -19"><span class='ocrx_word' id='word_1_69' title='bbox 143 1143 376 1208; x_wconf 73' lang='grc' dir='ltr'>έδωκαν,</span> <span class='ocrx_word' id='word_1_70' title='bbox 404 1145 728 1216; x_wconf 77' lang='grc' dir='ltr'>ἡττηθέντες</span> <span class='ocrx_word' id='word_1_71' title='bbox 757 1143 814 1197; x_wconf 83' lang='grc' dir='ltr'>δὲ</span> <span class='ocrx_word' id='word_1_72' title='bbox 838 1143 942 1197; x_wconf 83' lang='grc' dir='ltr'><strong>ὑπὸ</strong></span> <span class='ocrx_word' id='word_1_73' title='bbox 973 1143 1081 1197; x_wconf 83' lang='grc' dir='ltr'><strong>τῶν</strong></span> <span class='ocrx_word' id='word_1_74' title='bbox 1108 1143 1403 1209; x_wconf 82' lang='grc' dir='ltr'>κολάσεων,</span> <span class='ocrx_word' id='word_1_75' title='bbox 1438 1147 1726 1199; x_wconf 83' lang='grc' dir='ltr'>ἐκπεπτώ-</span> 
     </span>
    </p>
   </div>
   <div class='ocr_carea' id='block_1_14' title="bbox 144 1229 1730 1308">
    <p class='ocr_par' dir='ltr' id='par_1_14' title="bbox 144 1229 1730 1308">
     <span class='ocr_line' id='line_1_14' title="bbox 144 1229 1730 1308; baseline 0.001 -19"><span class='ocrx_word' id='word_1_76' title='bbox 144 1254 272 1290; x_wconf 84' lang='grc' dir='ltr'>κασι</span> <span class='ocrx_word' id='word_1_77' title='bbox 301 1235 403 1305; x_wconf 73' lang='grc' dir='ltr'>τῆς</span> <span class='ocrx_word' id='word_1_78' title='bbox 437 1235 770 1308; x_wconf 80' lang='grc' dir='ltr'>μαρτυρίας·</span> <span class='ocrx_word' id='word_1_79' title='bbox 814 1229 934 1290; x_wconf 68' lang='grc' dir='ltr'>εἶτα</span> <span class='ocrx_word' id='word_1_80' title='bbox 979 1235 1444 1307; x_wconf 72' lang='grc' dir='ltr'>μεταμεληθέντες</span> <span class='ocrx_word' id='word_1_81' title='bbox 1477 1237 1571 1291; x_wconf 73' lang='grc' dir='ltr'>καὶ</span> <span class='ocrx_word' id='word_1_82' title='bbox 1611 1239 1730 1292; x_wconf 86' lang='grc' dir='ltr'>ἐπι-</span> 
     </span>
    </p>
   </div>
   <div class='ocr_carea' id='block_1_15' title="bbox 140 1323 1725 1401">
    <p class='ocr_par' dir='ltr' id='par_1_15' title="bbox 140 1323 1725 1401">
     <span class='ocr_line' id='line_1_15' title="bbox 140 1323 1725 1401; baseline 0.001 -19"><span class='ocrx_word' id='word_1_83' title='bbox 140 1327 366 1398; x_wconf 76' lang='grc' dir='ltr'>γνόντες</span> <span class='ocrx_word' id='word_1_84' title='bbox 402 1328 462 1380; x_wconf 74' lang='grc' dir='ltr'>τὸ</span> <span class='ocrx_word' id='word_1_85' title='bbox 505 1328 741 1396; x_wconf 75' lang='grc' dir='ltr'>ἀγαθὸν,</span> <span class='ocrx_word' id='word_1_86' title='bbox 785 1327 1140 1400; x_wconf 74' lang='grc' dir='ltr'>ὡμολόγησαν</span> <span class='ocrx_word' id='word_1_87' title='bbox 1187 1323 1328 1383; x_wconf 74' lang='grc' dir='ltr'>εἶναι</span> <span class='ocrx_word' id='word_1_88' title='bbox 1377 1331 1725 1401; x_wconf 74' lang='grc' dir='ltr'>Χριστιανοὶ,</span> 
     </span>
    </p>
   </div>
   <div class='ocr_carea' id='block_1_16' title="bbox 141 1417 1728 1489">
    <p class='ocr_par' dir='ltr' id='par_1_16' title="bbox 141 1417 1728 1489">
     <span class='ocr_line' id='line_1_16' title="bbox 141 1417 1728 1489; baseline 0.001 -17"><span class='ocrx_word' id='word_1_89' title='bbox 141 1419 286 1473; x_wconf 84' lang='grc' dir='ltr'>ὥστε</span> <span class='ocrx_word' id='word_1_90' title='bbox 320 1420 415 1473; x_wconf 78' lang='grc' dir='ltr'><strong>καὶ</strong></span> <span class='ocrx_word' id='word_1_91' title='bbox 437 1421 515 1482; x_wconf 86' lang='grc' dir='ltr'><strong>είς</strong></span> <span class='ocrx_word' id='word_1_92' title='bbox 546 1417 789 1488; x_wconf 78' lang='grc' dir='ltr'>φυλακὰς</span> <span class='ocrx_word' id='word_1_93' title='bbox 817 1417 1148 1489; x_wconf 73' lang='grc' dir='ltr'>ἐμϐληθῆναι</span> <span class='ocrx_word' id='word_1_94' title='bbox 1179 1419 1272 1470; x_wconf 70' lang='grc' dir='ltr'>καὶ</span> <span class='ocrx_word' id='word_1_95' title='bbox 1306 1417 1566 1488; x_wconf 84' lang='grc' dir='ltr'>βασάνους</span> <span class='ocrx_word' id='word_1_96' title='bbox 1597 1419 1728 1473; x_wconf 86' lang='grc' dir='ltr'>ὑπο-</span> 
     </span>
    </p>
   </div>
   <div class='ocr_carea' id='block_1_17' title="bbox 144 1507 1728 1584">
    <p class='ocr_par' dir='ltr' id='par_1_17' title="bbox 144 1507 1728 1584">
     <span class='ocr_line' id='line_1_17' title="bbox 144 1507 1728 1584; baseline -0.001 -18"><span class='ocrx_word' id='word_1_97' title='bbox 144 1513 360 1584; x_wconf 77' lang='grc' dir='ltr'>στῆναι.</span> <span class='ocrx_word' id='word_1_98' title='bbox 397 1513 537 1575; x_wconf 77' lang='grc' dir='ltr'>Τοὺς</span> <span class='ocrx_word' id='word_1_99' title='bbox 574 1511 846 1575; x_wconf 83' lang='grc' dir='ltr'>τοιούτους</span> <span class='ocrx_word' id='word_1_100' title='bbox 887 1507 977 1564; x_wconf 84' lang='grc' dir='ltr'><strong>οὖν</strong></span> <span class='ocrx_word' id='word_1_101' title='bbox 1017 1510 1239 1580; x_wconf 76' lang='grc' dir='ltr'>εὔλογον</span> <span class='ocrx_word' id='word_1_102' title='bbox 1283 1511 1460 1584; x_wconf 84' lang='grc' dir='ltr'>κρίνει</span> <span class='ocrx_word' id='word_1_103' title='bbox 1510 1514 1539 1564; x_wconf 85' lang='grc' dir='ltr'>ὁ</span> <span class='ocrx_word' id='word_1_104' title='bbox 1573 1512 1728 1580; x_wconf 79' lang='grc' dir='ltr'>ἅγιος</span> 
     </span>
    </p>
   </div>
   <div class='ocr_carea' id='block_1_18' title="bbox 146 1602 1726 1676">
    <p class='ocr_par' dir='ltr' id='par_1_18' title="bbox 146 1602 1726 1676">
     <span class='ocr_line' id='line_1_18' title="bbox 146 1602 1726 1676; baseline 0.001 -20"><span class='ocrx_word' id='word_1_105' title='bbox 146 1605 284 1674; x_wconf 81' lang='grc' dir='ltr'>μετὰ</span> <span class='ocrx_word' id='word_1_106' title='bbox 321 1603 586 1676; x_wconf 79' lang='grc' dir='ltr'>θυμηδίας</span> <span class='ocrx_word' id='word_1_107' title='bbox 619 1602 870 1674; x_wconf 81' lang='grc' dir='ltr'>δέχεσθαι</span> <span class='ocrx_word' id='word_1_108' title='bbox 901 1604 995 1658; x_wconf 77' lang='grc' dir='ltr'><strong>καὶ</strong></span> <span class='ocrx_word' id='word_1_109' title='bbox 1034 1602 1424 1676; x_wconf 76' lang='grc' dir='ltr'>ἐπιρῤωννύειν</span> <span class='ocrx_word' id='word_1_110' title='bbox 1463 1603 1601 1674; x_wconf 77' lang='grc' dir='ltr'>πρὸς</span> <span class='ocrx_word' id='word_1_111' title='bbox 1628 1603 1726 1675; x_wconf 75' lang='grc' dir='ltr'><strong>τὴν</strong></span> 
     </span>
    </p>
   </div>
   <div class='ocr_carea' id='block_1_19' title="bbox 140 1698 1726 1774">
    <p class='ocr_par' dir='ltr' id='par_1_19' title="bbox 140 1698 1726 1774">
     <span class='ocr_line' id='line_1_19' title="bbox 140 1698 1726 1774; baseline -0.001 -21"><span class='ocrx_word' id='word_1_112' title='bbox 140 1700 426 1774; x_wconf 77' lang='grc' dir='ltr'>ὀρθόδοξον</span> <span class='ocrx_word' id='word_1_113' title='bbox 457 1700 656 1767; x_wconf 83' lang='grc' dir='ltr'>πίστιν,</span> <span class='ocrx_word' id='word_1_114' title='bbox 689 1701 784 1754; x_wconf 73' lang='grc' dir='ltr'><strong>καὶ</strong></span> <span class='ocrx_word' id='word_1_115' title='bbox 821 1703 1096 1754; x_wconf 83' lang='grc' dir='ltr'>κοινωνεῖν</span> <span class='ocrx_word' id='word_1_116' title='bbox 1138 1700 1322 1762; x_wconf 77' lang='grc' dir='ltr'>αὐτοῖς</span> <span class='ocrx_word' id='word_1_117' title='bbox 1364 1698 1421 1752; x_wconf 78' lang='grc' dir='ltr'><strong>ἐν</strong></span> <span class='ocrx_word' id='word_1_118' title='bbox 1457 1715 1516 1751; x_wconf 91' lang='grc' dir='ltr'><strong>τε</strong></span> <span class='ocrx_word' id='word_1_119' title='bbox 1558 1715 1726 1771; x_wconf 65' lang='grc' dir='ltr'>προσέ</span> 
     </span>
    </p>
   </div>
   <div class='ocr_carea' id='block_1_20' title="bbox 1843 497 3407 568">
    <p class='ocr_par' dir='ltr' id='par_1_20' title="bbox 1843 497 3407 568">
     <span class='ocr_line' id='line_1_20' title="bbox 1843 497 3407 568; baseline 0.003 -18"><span class='ocrx_word' id='word_1_120' title='bbox 1843 515 1864 550; x_wconf 74' lang='grc' dir='ltr'><strong>ι</strong></span> <span class='ocrx_word' id='word_1_121' title='bbox 1901 513 1983 550; x_wconf 76' lang='lat' dir='ltr'><strong>me</strong></span> <span class='ocrx_word' id='word_1_122' title='bbox 2042 498 2332 552; x_wconf 80' lang='lat' dir='ltr'><strong>vocationis</strong></span> <span class='ocrx_word' id='word_1_123' title='bbox 2387 497 2573 551; x_wconf 85' lang='lat' dir='ltr'><strong>brabio</strong></span> <span class='ocrx_word' id='word_1_124' title='bbox 2645 509 2671 538; x_wconf 77' lang='grc' dir='ltr'>ι</span> <span class='ocrx_word' id='word_1_125' title='bbox 2727 497 3039 568; x_wconf 75' lang='lat' dir='ltr'><strong>dignentur.</strong></span> <span class='ocrx_word' id='word_1_126' title='bbox 3096 497 3308 555; x_wconf 85' lang='lat' dir='ltr'><strong>Etenim</strong></span> <span class='ocrx_word' id='word_1_127' title='bbox 3331 517 3407 555; x_wconf 80' lang='lat' dir='ltr'><strong>se-</strong></span> 
     </span>
    </p>
   </div>
   <div class='ocr_carea' id='block_1_21' title="bbox 1834 589 3406 664">
    <p class='ocr_par' dir='ltr' id='par_1_21' title="bbox 1834 589 3406 664">
     <span class='ocr_line' id='line_1_21' title="bbox 1834 589 3406 664; baseline 0.004 -23"><span class='ocrx_word' id='word_1_128' title='bbox 1834 608 1853 641; x_wconf 83' lang='grc' dir='ltr'><strong>ι</strong></span> <span class='ocrx_word' id='word_1_129' title='bbox 1888 590 2046 659; x_wconf 82' lang='lat' dir='ltr'><strong>pties,</strong></span> <span class='ocrx_word' id='word_1_130' title='bbox 2079 590 2276 660; x_wconf 86' lang='lat' dir='ltr'><strong>inquit,</strong></span> <span class='ocrx_word' id='word_1_131' title='bbox 2303 589 2456 643; x_wconf 82' lang='lat' dir='ltr'><strong>cadet</strong></span> <span class='ocrx_word' id='word_1_132' title='bbox 2474 589 2656 658; x_wconf 79' lang='lat' dir='ltr'><strong>justus</strong></span> <span class='ocrx_word' id='word_1_133' title='bbox 2672 598 2720 644; x_wconf 88' lang='lat' dir='ltr'><strong>et</strong></span> <span class='ocrx_word' id='word_1_134' title='bbox 2752 599 2988 660; x_wconf 81' lang='lat' dir='ltr'><strong>resurget</strong></span> <span class='ocrx_word' id='word_1_135' title='bbox 3021 590 3078 658; x_wconf 72' lang='lat' dir='ltr'><strong>b;</strong></span> <span class='ocrx_word' id='word_1_136' title='bbox 3115 590 3262 661; x_wconf 90' lang='lat' dir='ltr'><strong>quod</strong></span> <span class='ocrx_word' id='word_1_137' title='bbox 3289 609 3406 664; x_wconf 75' lang='lat' dir='ltr'><strong>qut-</strong></span> 
     </span>
    </p>
   </div>
   <div class='ocr_carea' id='block_1_22' title="bbox 1833 679 3404 751">
    <p class='ocr_par' dir='ltr' id='par_1_22' title="bbox 1833 679 3404 751">
     <span class='ocr_line' id='line_1_22' title="bbox 1833 679 3404 751; baseline 0.003 -18"><span class='ocrx_word' id='word_1_138' title='bbox 1833 697 1852 733; x_wconf 82' lang='grc' dir='ltr'><strong>ι</strong></span> <span class='ocrx_word' id='word_1_139' title='bbox 1893 681 2016 736; x_wconf 90' lang='lat' dir='ltr'><strong>dem</strong></span> <span class='ocrx_word' id='word_1_140' title='bbox 2049 681 2096 736; x_wconf 90' lang='lat' dir='ltr'><strong>si</strong></span> <span class='ocrx_word' id='word_1_141' title='bbox 2118 695 2309 736; x_wconf 89' lang='lat' dir='ltr'><strong>omnes</strong></span> <span class='ocrx_word' id='word_1_142' title='bbox 2341 696 2558 751; x_wconf 89' lang='lat' dir='ltr'><strong>quoque</strong></span> <span class='ocrx_word' id='word_1_143' title='bbox 2591 681 2730 750; x_wconf 89' lang='lat' dir='ltr'><strong>lapsi</strong></span> <span class='ocrx_word' id='word_1_144' title='bbox 2758 679 3040 745; x_wconf 79' lang='lat' dir='ltr'><strong>fecissent,</strong></span> <span class='ocrx_word' id='word_1_145' title='bbox 3071 681 3404 750; x_wconf 69' lang='lat' dir='ltr'><strong>perfectissi-</strong></span> 
     </span>
    </p>
   </div>
   <div class='ocr_carea' id='block_1_23' title="bbox 1833 770 3402 842">
    <p class='ocr_par' dir='ltr' id='par_1_23' title="bbox 1833 770 3402 842">
     <span class='ocr_line' id='line_1_23' title="bbox 1833 770 3402 842; baseline 0.005 -20"><span class='ocrx_word' id='word_1_146' title='bbox 1833 788 1853 822; x_wconf 79' lang='grc' dir='ltr'><strong>ι</strong></span> <span class='ocrx_word' id='word_1_147' title='bbox 1883 787 2027 826; x_wconf 89' lang='lat' dir='ltr'><strong>mam</strong></span> <span class='ocrx_word' id='word_1_148' title='bbox 2055 780 2109 828; x_wconf 90' lang='lat' dir='ltr'><strong>et</strong></span> <span class='ocrx_word' id='word_1_149' title='bbox 2135 779 2249 826; x_wconf 92' lang='lat' dir='ltr'><strong>toto</strong></span> <span class='ocrx_word' id='word_1_150' title='bbox 2278 770 2444 827; x_wconf 92' lang='lat' dir='ltr'><strong>corde</strong></span> <span class='ocrx_word' id='word_1_151' title='bbox 2467 779 2777 842; x_wconf 87' lang='lat' dir='ltr'><strong>susceptam</strong></span> <span class='ocrx_word' id='word_1_152' title='bbox 2805 774 3182 842; x_wconf 82' lang='lat' dir='ltr'><strong>paenitentiam</strong></span> <span class='ocrx_word' id='word_1_153' title='bbox 3212 783 3402 830; x_wconf 89' lang='lat' dir='ltr'><strong>osten-</strong></span> 
     </span>
    </p>
   </div>
   <div class='ocr_carea' id='block_1_24' title="bbox 1831 863 2188 918">
    <p class='ocr_par' dir='ltr' id='par_1_24' title="bbox 1831 863 2188 918">
     <span class='ocr_line' id='line_1_24' title="bbox 1831 863 2188 918; baseline 0.003 -4"><span class='ocrx_word' id='word_1_154' title='bbox 1831 879 1851 914; x_wconf 75' lang='grc' dir='ltr'><strong>ι</strong></span> <span class='ocrx_word' id='word_1_155' title='bbox 1893 863 2127 918; x_wconf 88' lang='lat' dir='ltr'><strong>dissent.</strong></span> <span class='ocrx_word' id='word_1_156' title='bbox 2169 881 2188 915; x_wconf 71' lang='grc' dir='ltr'><strong>ι</strong></span> 
     </span>
    </p>
   </div>
   <div class='ocr_carea' id='block_1_25' title="bbox 1900 953 3402 1026">
    <p class='ocr_par' dir='ltr' id='par_1_25' title="bbox 1900 953 3402 1026">
     <span class='ocr_line' id='line_1_25' title="bbox 1900 953 3402 1026; baseline 0.001 -18"><span class='ocrx_word' id='word_1_157' title='bbox 1900 956 2061 1011; x_wconf 71' lang='lat' dir='ltr'><strong>BALs.</strong></span> <span class='ocrx_word' id='word_1_158' title='bbox 2092 953 2324 1021; x_wconf 86' lang='lat' dir='ltr'><strong>Quidam</strong></span> <span class='ocrx_word' id='word_1_159' title='bbox 2348 955 2598 1024; x_wconf 81' lang='lat' dir='ltr'><strong>tyrannis</strong></span> <span class='ocrx_word' id='word_1_160' title='bbox 2627 953 2794 1009; x_wconf 85' lang='lat' dir='ltr'><strong>delati</strong></span> <span class='ocrx_word' id='word_1_161' title='bbox 2843 964 2898 1009; x_wconf 88' lang='lat' dir='ltr'><strong>et</strong></span> <span class='ocrx_word' id='word_1_162' title='bbox 2928 955 3131 1026; x_wconf 88' lang='lat' dir='ltr'><strong>proditi</strong></span> <span class='ocrx_word' id='word_1_163' title='bbox 3163 955 3402 1021; x_wconf 78' lang='lat' dir='ltr'><strong>fuerant,</strong></span> 
     </span>
    </p>
   </div>
   <div class='ocr_carea' id='block_1_26' title="bbox 1827 1047 3404 1118">
    <p class='ocr_par' dir='ltr' id='par_1_26' title="bbox 1827 1047 3404 1118">
     <span class='ocr_line' id='line_1_26' title="bbox 1827 1047 3404 1118; baseline 0.001 -16"><span class='ocrx_word' id='word_1_164' title='bbox 1827 1049 1913 1102; x_wconf 93' lang='lat' dir='ltr'><strong>vel</strong></span> <span class='ocrx_word' id='word_1_165' title='bbox 1969 1049 2133 1102; x_wconf 87' lang='lat' dir='ltr'><strong>etiam</strong></span> <span class='ocrx_word' id='word_1_166' title='bbox 2179 1047 2283 1116; x_wconf 87' lang='lat' dir='ltr'><strong>ipsi</strong></span> <span class='ocrx_word' id='word_1_167' title='bbox 2315 1063 2374 1102; x_wconf 92' lang='lat' dir='ltr'><strong>se</strong></span> <span class='ocrx_word' id='word_1_168' title='bbox 2399 1047 2553 1117; x_wconf 87' lang='lat' dir='ltr'><strong>ipsos</strong></span> <span class='ocrx_word' id='word_1_169' title='bbox 2613 1048 2722 1102; x_wconf 88' lang='lat' dir='ltr'><strong>illis</strong></span> <span class='ocrx_word' id='word_1_170' title='bbox 2773 1056 2969 1118; x_wconf 87' lang='lat' dir='ltr'><strong>sponte</strong></span> <span class='ocrx_word' id='word_1_171' title='bbox 3016 1049 3404 1104; x_wconf 86' lang='lat' dir='ltr'><strong>tradiderant:</strong></span> 
     </span>
    </p>
   </div>
   <div class='ocr_carea' id='block_1_27' title="bbox 1827 1136 3407 1193">
    <p class='ocr_par' dir='ltr' id='par_1_27' title="bbox 1827 1136 3407 1193">
     <span class='ocr_line' id='line_1_27' title="bbox 1827 1136 3407 1193; baseline -0.001 0"><span class='ocrx_word' id='word_1_172' title='bbox 1827 1139 1955 1193; x_wconf 90' lang='lat' dir='ltr'><strong>victi</strong></span> <span class='ocrx_word' id='word_1_173' title='bbox 1980 1147 2159 1192; x_wconf 88' lang='lat' dir='ltr'><strong>autem</strong></span> <span class='ocrx_word' id='word_1_174' title='bbox 2186 1137 2475 1191; x_wconf 88' lang='lat' dir='ltr'><strong>tormentis</strong></span> <span class='ocrx_word' id='word_1_175' title='bbox 2494 1136 2812 1191; x_wconf 88' lang='lat' dir='ltr'><strong>testimonio</strong></span> <span class='ocrx_word' id='word_1_176' title='bbox 2841 1137 3162 1192; x_wconf 80' lang='lat' dir='ltr'><strong>exciderunt</strong></span> <span class='ocrx_word' id='word_1_177' title='bbox 3195 1156 3208 1191; x_wconf 93' lang='lat'>:</span> <span class='ocrx_word' id='word_1_178' title='bbox 3252 1137 3407 1193; x_wconf 89' lang='lat' dir='ltr'><strong>dein-</strong></span> 
     </span>
    </p>
   </div>
   <div class='ocr_carea' id='block_1_28' title="bbox 1829 1224 3405 1299">
    <p class='ocr_par' dir='ltr' id='par_1_28' title="bbox 1829 1224 3405 1299">
     <span class='ocr_line' id='line_1_28' title="bbox 1829 1224 3405 1299; baseline -0.002 -15"><span class='ocrx_word' id='word_1_179' title='bbox 1829 1224 2050 1285; x_wconf 58' lang='lat' dir='ltr'><strong>de&#39;cum</strong></span> <span class='ocrx_word' id='word_1_180' title='bbox 2111 1228 2432 1299; x_wconf 77' lang='lat' dir='ltr'><strong>pmnitentia</strong></span> <span class='ocrx_word' id='word_1_181' title='bbox 2467 1229 2614 1282; x_wconf 87' lang='lat' dir='ltr'><strong>ducti</strong></span> <span class='ocrx_word' id='word_1_182' title='bbox 2659 1235 2862 1290; x_wconf 79' lang='lat' dir='ltr'><strong>essent,</strong></span> <span class='ocrx_word' id='word_1_183' title='bbox 2919 1237 2973 1283; x_wconf 91' lang='lat' dir='ltr'><strong>et</strong></span> <span class='ocrx_word' id='word_1_184' title='bbox 3025 1227 3169 1298; x_wconf 81' lang='lat' dir='ltr'><strong>quod</strong></span> <span class='ocrx_word' id='word_1_185' title='bbox 3202 1229 3405 1283; x_wconf 87' lang='lat' dir='ltr'><strong>bonum</strong></span> 
     </span>
    </p>
   </div>
   <div class='ocr_carea' id='block_1_29' title="bbox 1826 1319 3403 1392">
    <p class='ocr_par' dir='ltr' id='par_1_29' title="bbox 1826 1319 3403 1392">
     <span class='ocr_line' id='line_1_29' title="bbox 1826 1319 3403 1392; baseline -0.003 -15"><span class='ocrx_word' id='word_1_186' title='bbox 1826 1329 1932 1386; x_wconf 90' lang='lat' dir='ltr'><strong>est,</strong></span> <span class='ocrx_word' id='word_1_187' title='bbox 1962 1322 2334 1392; x_wconf 79' lang='lat' dir='ltr'><strong>agnovissent,</strong></span> <span class='ocrx_word' id='word_1_188' title='bbox 2363 1335 2420 1374; x_wconf 89' lang='lat' dir='ltr'><strong>se</strong></span> <span class='ocrx_word' id='word_1_189' title='bbox 2442 1335 2564 1374; x_wconf 88' lang='lat' dir='ltr'><strong>esse</strong></span> <span class='ocrx_word' id='word_1_190' title='bbox 2593 1319 2939 1375; x_wconf 86' lang='lat' dir='ltr'><strong>Christianos</strong></span> <span class='ocrx_word' id='word_1_191' title='bbox 2964 1322 3204 1376; x_wconf 82' lang='lat' dir='ltr'><strong>confessi</strong></span> <span class='ocrx_word' id='word_1_192' title='bbox 3238 1328 3403 1386; x_wconf 85' lang='lat' dir='ltr'><strong>sunt;</strong></span> 
     </span>
    </p>
   </div>
   <div class='ocr_carea' id='block_1_30' title="bbox 1829 1412 3405 1483">
    <p class='ocr_par' dir='ltr' id='par_1_30' title="bbox 1829 1412 3405 1483">
     <span class='ocr_line' id='line_1_30' title="bbox 1829 1412 3405 1483; baseline 0 -15"><span class='ocrx_word' id='word_1_193' title='bbox 1829 1414 1964 1468; x_wconf 81' lang='lat' dir='ltr'><strong>adeo</strong></span> <span class='ocrx_word' id='word_1_194' title='bbox 1995 1423 2052 1467; x_wconf 93' lang='lat' dir='ltr'><strong>ut</strong></span> <span class='ocrx_word' id='word_1_195' title='bbox 2107 1413 2161 1466; x_wconf 86' lang='lat' dir='ltr'><strong>in</strong></span> <span class='ocrx_word' id='word_1_196' title='bbox 2192 1412 2498 1467; x_wconf 88' lang='lat' dir='ltr'><strong>custodiam</strong></span> <span class='ocrx_word' id='word_1_197' title='bbox 2559 1412 2821 1482; x_wconf 89' lang='lat' dir='ltr'><strong>conjecti,</strong></span> <span class='ocrx_word' id='word_1_198' title='bbox 2885 1421 3154 1472; x_wconf 86' lang='lat' dir='ltr'><strong>tormenta</strong></span> <span class='ocrx_word' id='word_1_199' title='bbox 3189 1429 3405 1483; x_wconf 82' lang='lat' dir='ltr'><strong>quoque</strong></span> 
     </span>
    </p>
   </div>
   <div class='ocr_carea' id='block_1_31' title="bbox 1829 1501 3402 1572">
    <p class='ocr_par' dir='ltr' id='par_1_31' title="bbox 1829 1501 3402 1572">
     <span class='ocr_line' id='line_1_31' title="bbox 1829 1501 3402 1572; baseline -0.003 -12"><span class='ocrx_word' id='word_1_200' title='bbox 1829 1504 2212 1560; x_wconf 88' lang='lat' dir='ltr'><strong>sustinuerint.</strong></span> <span class='ocrx_word' id='word_1_201' title='bbox 2240 1501 2347 1557; x_wconf 87' lang='lat' dir='ltr'><strong>Eos</strong></span> <span class='ocrx_word' id='word_1_202' title='bbox 2384 1518 2514 1572; x_wconf 78' lang='lat' dir='ltr'><strong>ergo</strong></span> <span class='ocrx_word' id='word_1_203' title='bbox 2550 1517 2766 1572; x_wconf 63' lang='lat' dir='ltr'><strong>aequum</strong></span> <span class='ocrx_word' id='word_1_204' title='bbox 2813 1511 3000 1557; x_wconf 86' lang='lat' dir='ltr'><strong>censet</strong></span> <span class='ocrx_word' id='word_1_205' title='bbox 3041 1512 3266 1558; x_wconf 76' lang='lat' dir='ltr'><strong>sanctus</strong></span> <span class='ocrx_word' id='word_1_206' title='bbox 3307 1503 3402 1556; x_wconf 75' lang='lat' dir='ltr'><strong>la:-</strong></span> 
     </span>
    </p>
   </div>
   <div class='ocr_carea' id='block_1_32' title="bbox 1827 1593 3404 1663">
    <p class='ocr_par' dir='ltr' id='par_1_32' title="bbox 1827 1593 3404 1663">
     <span class='ocr_line' id='line_1_32' title="bbox 1827 1593 3404 1663; baseline -0.003 -12"><span class='ocrx_word' id='word_1_207' title='bbox 1827 1597 1967 1651; x_wconf 84' lang='lat' dir='ltr'><strong>tanti</strong></span> <span class='ocrx_word' id='word_1_208' title='bbox 2003 1597 2184 1650; x_wconf 88' lang='lat' dir='ltr'><strong>animo</strong></span> <span class='ocrx_word' id='word_1_209' title='bbox 2236 1594 2538 1663; x_wconf 81' lang='lat' dir='ltr'><strong>suscipere,</strong></span> <span class='ocrx_word' id='word_1_210' title='bbox 2599 1602 2654 1648; x_wconf 91' lang='lat' dir='ltr'><strong>et</strong></span> <span class='ocrx_word' id='word_1_211' title='bbox 2714 1593 2782 1646; x_wconf 89' lang='lat' dir='ltr'><strong>ad</strong></span> <span class='ocrx_word' id='word_1_212' title='bbox 2835 1593 2992 1648; x_wconf 88' lang='lat' dir='ltr'><strong>ﬁdem</strong></span> <span class='ocrx_word' id='word_1_213' title='bbox 3044 1594 3404 1649; x_wconf 82' lang='lat' dir='ltr'><strong>orthodoxam</strong></span> 
     </span>
    </p>
   </div>
   <div class='ocr_carea' id='block_1_33' title="bbox 1829 1685 3406 1750">
    <p class='ocr_par' dir='ltr' id='par_1_33' title="bbox 1829 1685 3406 1750">
     <span class='ocr_line' id='line_1_33' title="bbox 1829 1685 3406 1750; baseline -0.001 -9"><span class='ocrx_word' id='word_1_214' title='bbox 1829 1687 2176 1750; x_wconf 89' lang='lat' dir='ltr'><strong>conﬁrmare,</strong></span> <span class='ocrx_word' id='word_1_215' title='bbox 2211 1693 2265 1740; x_wconf 90' lang='lat' dir='ltr'><strong>et</strong></span> <span class='ocrx_word' id='word_1_216' title='bbox 2298 1687 2380 1740; x_wconf 89' lang='lat' dir='ltr'><strong>eis</strong></span> <span class='ocrx_word' id='word_1_217' title='bbox 2443 1685 2852 1740; x_wconf 85' lang='lat' dir='ltr'><strong>communicare</strong></span> <span class='ocrx_word' id='word_1_218' title='bbox 2883 1692 2938 1739; x_wconf 91' lang='lat' dir='ltr'><strong>et</strong></span> <span class='ocrx_word' id='word_1_219' title='bbox 2981 1685 3035 1738; x_wconf 87' lang='lat' dir='ltr'><strong>in</strong></span> <span class='ocrx_word' id='word_1_220' title='bbox 3063 1685 3406 1740; x_wconf 82' lang='lat' dir='ltr'><strong>orationibus</strong></span> 
     </span>
    </p>
   </div>
   <div class='ocr_carea' id='block_1_34' title="bbox 142 1771 1730 1863">
    <p class='ocr_par' dir='ltr' id='par_1_34' title="bbox 142 1771 1722 1863">
     <span class='ocr_line' id='line_1_34' title="bbox 142 1771 1722 1863; baseline -0.002 -19"><span class='ocrx_word' id='word_1_221' title='bbox 142 1771 332 1863; x_wconf 82' lang='grc' dir='ltr'>ευχαῖς</span> <span class='ocrx_word' id='word_1_222' title='bbox 365 1791 459 1844; x_wconf 79' lang='grc' dir='ltr'><strong>καὶ</strong></span> <span class='ocrx_word' id='word_1_223' title='bbox 499 1788 563 1862; x_wconf 82' lang='grc' dir='ltr'>τῇ</span> <span class='ocrx_word' id='word_1_224' title='bbox 600 1790 898 1862; x_wconf 72' lang='grc' dir='ltr'>μεταλήψει</span> <span class='ocrx_word' id='word_1_225' title='bbox 944 1790 1048 1843; x_wconf 84' lang='grc' dir='ltr'><strong>τῶν</strong></span> <span class='ocrx_word' id='word_1_226' title='bbox 1081 1788 1458 1859; x_wconf 84' lang='grc' dir='ltr'>ἁγιασμάτων,</span> <span class='ocrx_word' id='word_1_227' title='bbox 1494 1789 1587 1841; x_wconf 77' lang='grc' dir='ltr'><strong>καὶ</strong></span> <span class='ocrx_word' id='word_1_228' title='bbox 1635 1787 1722 1841; x_wconf 79' lang='grc' dir='ltr'>διὰ</span> 
     </span>
    </p>
   </div>
   <div class='ocr_carea' id='block_1_35' title="bbox 1836 1771 3406 1863">
    <p class='ocr_par' dir='ltr' id='par_1_35' title="bbox 1836 1771 3406 1846">
     <span class='ocr_line' id='line_1_35' title="bbox 1836 1771 3406 1846; baseline -0.004 -14"><span class='ocrx_word' id='word_1_229' title='bbox 1836 1787 1886 1832; x_wconf 88' lang='lat' dir='ltr'><strong>et</strong></span> <span class='ocrx_word' id='word_1_230' title='bbox 1916 1786 2387 1832; x_wconf 84' lang='lat' dir='ltr'><strong>sacramentorum</strong></span> <span class='ocrx_word' id='word_1_231' title='bbox 2415 1775 2854 1846; x_wconf 80' lang='lat' dir='ltr'><strong>participatione,</strong></span> <span class='ocrx_word' id='word_1_232' title='bbox 2894 1773 3184 1842; x_wconf 80' lang='lat' dir='ltr'><strong>verbisque</strong></span> <span class='ocrx_word' id='word_1_233' title='bbox 3213 1771 3406 1827; x_wconf 86' lang='lat' dir='ltr'><strong>adhor-</strong></span> 
     </span>
    </p>
   </div>
   <div class='ocr_carea' id='block_1_36' title="bbox 141 1880 1724 1956">
    <p class='ocr_par' dir='ltr' id='par_1_36' title="bbox 141 1880 1724 1956">
     <span class='ocr_line' id='line_1_36' title="bbox 141 1880 1724 1956; baseline -0.001 -20"><span class='ocrx_word' id='word_1_234' title='bbox 141 1881 303 1952; x_wconf 87' lang='grc' dir='ltr'>λόγου</span> <span class='ocrx_word' id='word_1_235' title='bbox 339 1884 707 1956; x_wconf 85' lang='grc' dir='ltr'>παρακαλεῖν,</span> <span class='ocrx_word' id='word_1_236' title='bbox 739 1884 824 1936; x_wconf 78' lang='grc' dir='ltr'><strong>ἵνα</strong></span> <span class='ocrx_word' id='word_1_237' title='bbox 867 1883 1002 1955; x_wconf 76' lang='grc' dir='ltr'>πρὸς</span> <span class='ocrx_word' id='word_1_238' title='bbox 1035 1883 1126 1937; x_wconf 74' lang='grc' dir='ltr'>τὸν</span> <span class='ocrx_word' id='word_1_239' title='bbox 1157 1880 1343 1950; x_wconf 79' lang='grc' dir='ltr'>ἀγῶνα</span> <span class='ocrx_word' id='word_1_240' title='bbox 1375 1880 1724 1954; x_wconf 83' lang='grc' dir='ltr'>εὐτονώτεροι</span> 
     </span>
    </p>
   </div>
   <div class='ocr_carea' id='block_1_37' title="bbox 141 1971 1724 2044">
    <p class='ocr_par' dir='ltr' id='par_1_37' title="bbox 141 1971 1724 2044">
     <span class='ocr_line' id='line_1_37' title="bbox 141 1971 1724 2044; baseline -0.003 -16"><span class='ocrx_word' id='word_1_241' title='bbox 141 1976 451 2044; x_wconf 83' lang='grc' dir='ltr'>γένωνται,</span> <span class='ocrx_word' id='word_1_242' title='bbox 498 1976 591 2029; x_wconf 76' lang='grc' dir='ltr'><strong>καὶ</strong></span> <span class='ocrx_word' id='word_1_243' title='bbox 634 1973 1009 2041; x_wconf 84' lang='grc' dir='ltr'>καταξιωθῶσι</span> <span class='ocrx_word' id='word_1_244' title='bbox 1052 1973 1152 2044; x_wconf 81' lang='grc' dir='ltr'>τῆς</span> <span class='ocrx_word' id='word_1_245' title='bbox 1201 1972 1523 2044; x_wconf 76' lang='grc' dir='ltr'>ἐπουρανίου</span> <span class='ocrx_word' id='word_1_246' title='bbox 1569 1971 1724 2042; x_wconf 84' lang='grc' dir='ltr'>βασι-</span> 
     </span>
    </p>
   </div>
   <div class='ocr_carea' id='block_1_38' title="bbox 140 2063 1726 2139">
    <p class='ocr_par' dir='ltr' id='par_1_38' title="bbox 140 2063 1726 2139">
     <span class='ocr_line' id='line_1_38' title="bbox 140 2063 1726 2139; baseline -0.003 -18"><span class='ocrx_word' id='word_1_247' title='bbox 140 2067 316 2132; x_wconf 81' lang='grc' dir='ltr'>λείας.</span> <span class='ocrx_word' id='word_1_248' title='bbox 348 2069 466 2122; x_wconf 86' lang='grc' dir='ltr'>Ἵνα</span> <span class='ocrx_word' id='word_1_249' title='bbox 493 2068 550 2122; x_wconf 82' lang='grc' dir='ltr'>δὲ</span> <span class='ocrx_word' id='word_1_250' title='bbox 581 2067 676 2139; x_wconf 82' lang='grc' dir='ltr'><strong>μὴ,</strong></span> <span class='ocrx_word' id='word_1_251' title='bbox 707 2067 838 2120; x_wconf 85' lang='grc' dir='ltr'>διότι</span> <span class='ocrx_word' id='word_1_252' title='bbox 866 2065 1207 2129; x_wconf 81' lang='grc' dir='ltr'>πεπτώκασι,</span> <span class='ocrx_word' id='word_1_253' title='bbox 1234 2063 1560 2137; x_wconf 78' lang='grc' dir='ltr'>νομίζωνταί</span> <span class='ocrx_word' id='word_1_254' title='bbox 1586 2081 1726 2117; x_wconf 90' lang='grc' dir='ltr'>τισιν</span> 
     </span>
    </p>
   </div>
   <div class='ocr_carea' id='block_1_39' title="bbox 141 2153 1722 2228">
    <p class='ocr_par' dir='ltr' id='par_1_39' title="bbox 141 2153 1722 2228">
     <span class='ocr_line' id='line_1_39' title="bbox 141 2153 1722 2228; baseline -0.005 -14"><span class='ocrx_word' id='word_1_255' title='bbox 141 2161 382 2224; x_wconf 73' lang='grc' dir='ltr'>ἄδεκτοι,</span> <span class='ocrx_word' id='word_1_256' title='bbox 419 2158 612 2227; x_wconf 82' lang='grc' dir='ltr'>ἐπάγει</span> <span class='ocrx_word' id='word_1_257' title='bbox 642 2159 736 2212; x_wconf 76' lang='grc' dir='ltr'>καὶ</span> <span class='ocrx_word' id='word_1_258' title='bbox 777 2157 1082 2228; x_wconf 81' lang='grc' dir='ltr'>μαρτυρίαν</span> <span class='ocrx_word' id='word_1_259' title='bbox 1108 2156 1214 2210; x_wconf 85' lang='grc' dir='ltr'>ἀπὸ</span> <span class='ocrx_word' id='word_1_260' title='bbox 1242 2157 1342 2227; x_wconf 80' lang='grc' dir='ltr'>τῆς</span> <span class='ocrx_word' id='word_1_261' title='bbox 1376 2154 1616 2227; x_wconf 84' lang='grc' dir='ltr'>Γραφῆς,</span> <span class='ocrx_word' id='word_1_262' title='bbox 1643 2153 1722 2206; x_wconf 62' lang='grc' dir='ltr'>τόδ</span> 
     </span>
    </p>
   </div>
   <div class='ocr_carea' id='block_1_40' title="bbox 151 2246 1723 2316">
    <p class='ocr_par' dir='ltr' id='par_1_40' title="bbox 151 2246 1723 2316">
     <span class='ocr_line' id='line_1_40' title="bbox 151 2246 1723 2316; baseline -0.004 -12"><span class='ocrx_word' id='word_1_263' title='bbox 151 2249 456 2316; x_wconf 76' lang='grc' dir='ltr'>Ἐπτάκις,</span> <span class='ocrx_word' id='word_1_264' title='bbox 485 2249 604 2303; x_wconf 74' lang='grc' dir='ltr'>ἀντὶ</span> <span class='ocrx_word' id='word_1_265' title='bbox 641 2249 760 2314; x_wconf 82' lang='grc' dir='ltr'>τοῦ,</span> <span class='ocrx_word' id='word_1_266' title='bbox 793 2247 1072 2312; x_wconf 84' lang='grc' dir='ltr'>πολλάκις,</span> <span class='ocrx_word' id='word_1_267' title='bbox 1105 2249 1372 2302; x_wconf 83' lang='grc' dir='ltr'>πεσεῖται</span> <span class='ocrx_word' id='word_1_268' title='bbox 1406 2250 1440 2301; x_wconf 84' lang='grc' dir='ltr'><em>ὁ</em></span> <span class='ocrx_word' id='word_1_269' title='bbox 1475 2246 1723 2310; x_wconf 78' lang='grc' dir='ltr'>δίκαιος,</span> 
     </span>
    </p>
   </div>
   <div class='ocr_carea' id='block_1_41' title="bbox 143 2337 1728 2410">
    <p class='ocr_par' dir='ltr' id='par_1_41' title="bbox 143 2337 1728 2410">
     <span class='ocr_line' id='line_1_41' title="bbox 143 2337 1728 2410; baseline -0.004 -14"><span class='ocrx_word' id='word_1_270' title='bbox 143 2342 244 2396; x_wconf 78' lang='grc' dir='ltr'>καὶ</span> <span class='ocrx_word' id='word_1_271' title='bbox 285 2340 716 2406; x_wconf 76' lang='grc' dir='ltr'>ἀναστήσεται.</span> <span class='ocrx_word' id='word_1_272' title='bbox 745 2339 916 2394; x_wconf 76' lang='grc' dir='ltr'>Τοῦτο</span> <span class='ocrx_word' id='word_1_273' title='bbox 945 2338 1033 2402; x_wconf 82' lang='grc' dir='ltr'><strong>δὲ,</strong></span> <span class='ocrx_word' id='word_1_274' title='bbox 1081 2339 1244 2410; x_wconf 76' lang='grc' dir='ltr'>φησὶν</span> <span class='ocrx_word' id='word_1_275' title='bbox 1263 2379 1278 2403; x_wconf 97' lang='grc'><strong>,</strong></span> <span class='ocrx_word' id='word_1_276' title='bbox 1309 2341 1358 2392; x_wconf 86' lang='grc' dir='ltr'><strong>εί</strong></span> <span class='ocrx_word' id='word_1_277' title='bbox 1406 2338 1500 2392; x_wconf 67' lang='grc' dir='ltr'>καὶ</span> <span class='ocrx_word' id='word_1_278' title='bbox 1528 2337 1728 2401; x_wconf 84' lang='grc' dir='ltr'>πάντες</span> 
     </span>
    </p>
   </div>
   <div class='ocr_carea' id='block_1_42' title="bbox 141 2431 1728 2506">
    <p class='ocr_par' dir='ltr' id='par_1_42' title="bbox 141 2431 1728 2506">
     <span class='ocr_line' id='line_1_42' title="bbox 141 2431 1728 2506; baseline -0.003 -19"><span class='ocrx_word' id='word_1_279' title='bbox 141 2435 193 2487; x_wconf 87' lang='grc' dir='ltr'><strong>οί</strong></span> <span class='ocrx_word' id='word_1_280' title='bbox 220 2435 325 2506; x_wconf 83' lang='grc' dir='ltr'>τῆς</span> <span class='ocrx_word' id='word_1_281' title='bbox 351 2433 641 2504; x_wconf 81' lang='grc' dir='ltr'>ὁμολογίας</span> <span class='ocrx_word' id='word_1_282' title='bbox 673 2433 1089 2497; x_wconf 81' lang='grc' dir='ltr'>ἐκπεπτωκότες</span> <span class='ocrx_word' id='word_1_283' title='bbox 1113 2433 1398 2503; x_wconf 89' lang='grc' dir='ltr'>ἐποίησαν,</span> <span class='ocrx_word' id='word_1_284' title='bbox 1426 2431 1487 2484; x_wconf 80' lang='grc' dir='ltr'><strong>τὸ</strong></span> <span class='ocrx_word' id='word_1_285' title='bbox 1515 2432 1728 2485; x_wconf 77' lang='grc' dir='ltr'>ἀναπαι-</span> 
     </span>
    </p>
   </div>
   <div class='ocr_carea' id='block_1_43' title="bbox 141 2523 1751 2596">
    <p class='ocr_par' dir='ltr' id='par_1_43' title="bbox 141 2523 1751 2596">
     <span class='ocr_line' id='line_1_43' title="bbox 141 2523 1751 2596; baseline -0.002 -17"><span class='ocrx_word' id='word_1_286' title='bbox 141 2526 331 2580; x_wconf 87' lang='grc' dir='ltr'>λαῖσαι</span> <span class='ocrx_word' id='word_1_287' title='bbox 355 2527 454 2596; x_wconf 82' lang='grc' dir='ltr'>τὴν</span> <span class='ocrx_word' id='word_1_288' title='bbox 486 2524 714 2589; x_wconf 84' lang='grc' dir='ltr'>πτῶσιν,</span> <span class='ocrx_word' id='word_1_289' title='bbox 745 2524 838 2577; x_wconf 66' lang='grc' dir='ltr'><strong>καὶ</strong></span> <span class='ocrx_word' id='word_1_290' title='bbox 865 2523 1093 2578; x_wconf 86' lang='grc' dir='ltr'>ἐνώπιον</span> <span class='ocrx_word' id='word_1_291' title='bbox 1135 2523 1246 2577; x_wconf 87' lang='grc' dir='ltr'><strong>τῶν</strong></span> <span class='ocrx_word' id='word_1_292' title='bbox 1288 2525 1565 2594; x_wconf 86' lang='grc' dir='ltr'>τυράννων</span> <span class='ocrx_word' id='word_1_293' title='bbox 1596 2523 1751 2594; x_wconf 85' lang='grc' dir='ltr'>Χρι-.</span> 
     </span>
    </p>
   </div>
   <div class='ocr_carea' id='block_1_44' title="bbox 146 2613 1726 2689">
    <p class='ocr_par' dir='ltr' id='par_1_44' title="bbox 146 2613 1726 2689">
     <span class='ocr_line' id='line_1_44' title="bbox 146 2613 1726 2689; baseline -0.004 -17"><span class='ocrx_word' id='word_1_294' title='bbox 146 2619 399 2682; x_wconf 71' lang='grc' dir='ltr'>στιανοίις</span> <span class='ocrx_word' id='word_1_295' title='bbox 429 2617 760 2689; x_wconf 77' lang='grc' dir='ltr'>ὁμολογῆσαι</span> <span class='ocrx_word' id='word_1_296' title='bbox 792 2617 1037 2682; x_wconf 81' lang='grc' dir='ltr'>ἑαυτοὺς,</span> <span class='ocrx_word' id='word_1_297' title='bbox 1079 2615 1408 2682; x_wconf 77' lang='grc' dir='ltr'>ἐνεδείξαντο</span> <span class='ocrx_word' id='word_1_298' title='bbox 1435 2613 1502 2668; x_wconf 74' lang='grc' dir='ltr'><strong>ἂν</strong></span> <span class='ocrx_word' id='word_1_299' title='bbox 1523 2613 1726 2667; x_wconf 88' lang='grc' dir='ltr'>τελειο-</span> 
     </span>
    </p>
   </div>
   <div class='ocr_carea' id='block_1_45' title="bbox 143 2704 1728 2782">
    <p class='ocr_par' dir='ltr' id='par_1_45' title="bbox 143 2704 1728 2782">
     <span class='ocr_line' id='line_1_45' title="bbox 143 2704 1728 2782; baseline -0.004 -18"><span class='ocrx_word' id='word_1_300' title='bbox 143 2712 320 2782; x_wconf 77' lang='grc' dir='ltr'>τάτην</span> <span class='ocrx_word' id='word_1_301' title='bbox 349 2712 655 2782; x_wconf 85' lang='grc' dir='ltr'>μετάνοιαν.</span> <span class='ocrx_word' id='word_1_302' title='bbox 689 2709 930 2782; x_wconf 78' lang='grc' dir='ltr'>Διαφορὰ</span> <span class='ocrx_word' id='word_1_303' title='bbox 958 2707 1089 2778; x_wconf 75' lang='grc' dir='ltr'>γοῦν</span> <span class='ocrx_word' id='word_1_304' title='bbox 1113 2710 1228 2761; x_wconf 83' lang='grc' dir='ltr'>ἐστι</span> <span class='ocrx_word' id='word_1_305' title='bbox 1259 2706 1366 2761; x_wconf 81' lang='grc' dir='ltr'><strong>τῶν</strong></span> <span class='ocrx_word' id='word_1_306' title='bbox 1391 2707 1450 2759; x_wconf 85' lang='grc' dir='ltr'><strong>ἐν</strong></span> <span class='ocrx_word' id='word_1_307' title='bbox 1475 2704 1553 2777; x_wconf 77' lang='grc' dir='ltr'><strong>τῷ</strong></span> <span class='ocrx_word' id='word_1_308' title='bbox 1585 2723 1728 2777; x_wconf 85' lang='grc' dir='ltr'>παρ-</span> 
     </span>
    </p>
   </div>
   <div class='ocr_carea' id='block_1_46' title="bbox 143 2797 1730 2875">
    <p class='ocr_par' dir='ltr' id='par_1_46' title="bbox 143 2797 1730 2875">
     <span class='ocr_line' id='line_1_46' title="bbox 143 2797 1730 2875; baseline -0.004 -17"><span class='ocrx_word' id='word_1_309' title='bbox 143 2806 258 2858; x_wconf 81' lang='grc' dir='ltr'>όντι</span> <span class='ocrx_word' id='word_1_310' title='bbox 315 2805 502 2859; x_wconf 86' lang='grc' dir='ltr'>κανόνι</span> <span class='ocrx_word' id='word_1_311' title='bbox 558 2803 954 2875; x_wconf 85' lang='grc' dir='ltr'>διειλημμένων</span> <span class='ocrx_word' id='word_1_312' title='bbox 1007 2803 1100 2856; x_wconf 75' lang='grc' dir='ltr'><strong>καὶ</strong></span> <span class='ocrx_word' id='word_1_313' title='bbox 1146 2799 1255 2854; x_wconf 82' lang='grc' dir='ltr'><strong>τῶν</strong></span> <span class='ocrx_word' id='word_1_314' title='bbox 1299 2800 1356 2854; x_wconf 85' lang='grc' dir='ltr'>ὲν</span> <span class='ocrx_word' id='word_1_315' title='bbox 1398 2798 1474 2870; x_wconf 79' lang='grc' dir='ltr'><strong>τῷ</strong></span> <span class='ocrx_word' id='word_1_316' title='bbox 1529 2797 1730 2871; x_wconf 79' lang='grc' dir='ltr'>πρώτῳ</span> 
     </span>
    </p>
   </div>
   <div class='ocr_carea' id='block_1_47' title="bbox 146 2891 1729 2972">
    <p class='ocr_par' dir='ltr' id='par_1_47' title="bbox 146 2891 1729 2972">
     <span class='ocr_line' id='line_1_47' title="bbox 146 2891 1729 2972; baseline -0.006 -19"><span class='ocrx_word' id='word_1_317' title='bbox 146 2900 337 2954; x_wconf 85' lang='grc' dir='ltr'>κανόνι</span> <span class='ocrx_word' id='word_1_318' title='bbox 369 2897 776 2972; x_wconf 80' lang='grc' dir='ltr'>περιεχομένων</span> <span class='ocrx_word' id='word_1_319' title='bbox 819 2895 956 2967; x_wconf 78' lang='grc' dir='ltr'>αὕτη</span> <span class='ocrx_word' id='word_1_320' title='bbox 978 2937 992 2960; x_wconf 92' lang='grc'><strong>,</strong></span> <span class='ocrx_word' id='word_1_321' title='bbox 1035 2896 1114 2948; x_wconf 83' lang='grc' dir='ltr'><strong>ὅτι</strong></span> <span class='ocrx_word' id='word_1_322' title='bbox 1147 2893 1262 2948; x_wconf 85' lang='grc' dir='ltr'>ἐκεῖ</span> <span class='ocrx_word' id='word_1_323' title='bbox 1289 2893 1384 2964; x_wconf 85' lang='grc' dir='ltr'>μὲν</span> <span class='ocrx_word' id='word_1_324' title='bbox 1423 2893 1470 2945; x_wconf 84' lang='grc' dir='ltr'>οἱ</span> <span class='ocrx_word' id='word_1_325' title='bbox 1512 2891 1599 2945; x_wconf 81' lang='grc' dir='ltr'>διὰ</span> <span class='ocrx_word' id='word_1_326' title='bbox 1631 2891 1729 2955; x_wconf 84' lang='grc' dir='ltr'><strong>τὰς</strong></span> 
     </span>
    </p>
   </div>
   <div class='ocr_carea' id='block_1_48' title="bbox 149 2980 1730 3062">
    <p class='ocr_par' dir='ltr' id='par_1_48' title="bbox 149 2980 1730 3062">
     <span class='ocr_line' id='line_1_48' title="bbox 149 2980 1730 3062; baseline -0.006 -17"><span class='ocrx_word' id='word_1_327' title='bbox 149 2990 420 3062; x_wconf 84' lang='grc' dir='ltr'>βασάνους</span> <span class='ocrx_word' id='word_1_328' title='bbox 463 2985 882 3049; x_wconf 78' lang='grc' dir='ltr'>ἐκπεπτωκότες</span> <span class='ocrx_word' id='word_1_329' title='bbox 927 2986 986 3038; x_wconf 83' lang='grc' dir='ltr'><strong>ού</strong></span> <span class='ocrx_word' id='word_1_330' title='bbox 1024 2984 1474 3056; x_wconf 82' lang='grc' dir='ltr'>μετεστράφησαν</span> <span class='ocrx_word' id='word_1_331' title='bbox 1502 2980 1730 3036; x_wconf 84' lang='grc' dir='ltr'>ἐνώπιον</span> 
     </span>
    </p>
   </div>
   <div class='ocr_carea' id='block_1_49' title="bbox 1831 1862 3404 1933">
    <p class='ocr_par' dir='ltr' id='par_1_49' title="bbox 1831 1862 3404 1933">
     <span class='ocr_line' id='line_1_49' title="bbox 1831 1862 3404 1933; baseline -0.006 -7"><span class='ocrx_word' id='word_1_332' title='bbox 1831 1871 1936 1926; x_wconf 91' lang='lat' dir='ltr'><strong>tari</strong></span> <span class='ocrx_word' id='word_1_333' title='bbox 1970 1879 2030 1926; x_wconf 92' lang='lat' dir='ltr'><strong>ut</strong></span> <span class='ocrx_word' id='word_1_334' title='bbox 2059 1871 2171 1926; x_wconf 89' lang='lat' dir='ltr'><strong>sint</strong></span> <span class='ocrx_word' id='word_1_335' title='bbox 2213 1871 2280 1926; x_wconf 91' lang='lat' dir='ltr'><strong>ad</strong></span> <span class='ocrx_word' id='word_1_336' title='bbox 2315 1880 2593 1925; x_wconf 75' lang='lat' dir='ltr'><strong>certamen</strong></span> <span class='ocrx_word' id='word_1_337' title='bbox 2637 1868 3062 1933; x_wconf 87' lang='lat' dir='ltr'><strong>constantiores,</strong></span> <span class='ocrx_word' id='word_1_338' title='bbox 3111 1873 3165 1920; x_wconf 89' lang='lat' dir='ltr'><strong>et</strong></span> <span class='ocrx_word' id='word_1_339' title='bbox 3195 1862 3404 1919; x_wconf 70' lang='lat' dir='ltr'><strong>cmlesti</strong></span> 
     </span>
    </p>
   </div>
   <div class='ocr_carea' id='block_1_50' title="bbox 1830 1955 3407 2033">
    <p class='ocr_par' dir='ltr' id='par_1_50' title="bbox 1830 1955 3407 2033">
     <span class='ocr_line' id='line_1_50' title="bbox 1830 1955 3407 2033; baseline -0.005 -16"><span class='ocrx_word' id='word_1_340' title='bbox 1830 1978 1999 2033; x_wconf 80' lang='lat' dir='ltr'><strong>regno</strong></span> <span class='ocrx_word' id='word_1_341' title='bbox 2056 1961 2207 2033; x_wconf 75' lang='lat' dir='ltr'><strong>digni</strong></span> <span class='ocrx_word' id='word_1_342' title='bbox 2253 1963 2584 2018; x_wconf 87' lang='lat' dir='ltr'><strong>habeantur.</strong></span> <span class='ocrx_word' id='word_1_343' title='bbox 2643 1959 2721 2014; x_wconf 76' lang='lat' dir='ltr'><strong>Ne</strong></span> <span class='ocrx_word' id='word_1_344' title='bbox 2777 1967 2958 2014; x_wconf 90' lang='lat' dir='ltr'><strong>autem</strong></span> <span class='ocrx_word' id='word_1_345' title='bbox 2991 1973 3056 2013; x_wconf 77' lang='lat' dir='ltr'><strong>eo</strong></span> <span class='ocrx_word' id='word_1_346' title='bbox 3088 1955 3235 2028; x_wconf 88' lang='lat' dir='ltr'><strong>quod</strong></span> <span class='ocrx_word' id='word_1_347' title='bbox 3269 1955 3407 2026; x_wconf 89' lang='lat' dir='ltr'><strong>lapsi</strong></span> 
     </span>
    </p>
   </div>
   <div class='ocr_carea' id='block_1_51' title="bbox 1831 2049 3404 2124">
    <p class='ocr_par' dir='ltr' id='par_1_51' title="bbox 1831 2049 3404 2124">
     <span class='ocr_line' id='line_1_51' title="bbox 1831 2049 3404 2124; baseline -0.006 -14"><span class='ocrx_word' id='word_1_348' title='bbox 1831 2063 1994 2118; x_wconf 89' lang='lat' dir='ltr'><strong>sunt,</strong></span> <span class='ocrx_word' id='word_1_349' title='bbox 2041 2055 2267 2109; x_wconf 91' lang='lat' dir='ltr'><strong>minime</strong></span> <span class='ocrx_word' id='word_1_350' title='bbox 2297 2053 2640 2124; x_wconf 89' lang='lat' dir='ltr'><strong>suscipiendi</strong></span> <span class='ocrx_word' id='word_1_351' title='bbox 2683 2050 2992 2114; x_wconf 86' lang='lat' dir='ltr'><strong>videantur,</strong></span> <span class='ocrx_word' id='word_1_352' title='bbox 3037 2049 3404 2104; x_wconf 85' lang='lat' dir='ltr'><strong>testimonium</strong></span> 
     </span>
    </p>
   </div>
   <div class='ocr_carea' id='block_1_52' title="bbox 1830 2135 3405 2218">
    <p class='ocr_par' dir='ltr' id='par_1_52' title="bbox 1830 2135 3405 2218">
     <span class='ocr_line' id='line_1_52' title="bbox 1830 2135 3405 2218; baseline -0.004 -18"><span class='ocrx_word' id='word_1_353' title='bbox 1830 2163 2050 2218; x_wconf 85' lang='lat' dir='ltr'><strong>quoque</strong></span> <span class='ocrx_word' id='word_1_354' title='bbox 2081 2163 2148 2203; x_wconf 79' lang='lat' dir='ltr'><strong>ex</strong></span> <span class='ocrx_word' id='word_1_355' title='bbox 2182 2135 2466 2217; x_wconf 85' lang='lat' dir='ltr'><strong>Scriptura</strong></span> <span class='ocrx_word' id='word_1_356' title='bbox 2495 2145 2729 2209; x_wconf 89' lang='lat' dir='ltr'><strong>inducit,</strong></span> <span class='ocrx_word' id='word_1_357' title='bbox 2759 2143 2907 2214; x_wconf 89' lang='lat' dir='ltr'><strong>quod</strong></span> <span class='ocrx_word' id='word_1_358' title='bbox 2950 2152 3052 2208; x_wconf 88' lang='lat' dir='ltr'><strong>est,</strong></span> <span class='ocrx_word' id='word_1_359' title='bbox 3086 2139 3310 2210; x_wconf 74' lang='lat' dir='ltr'><strong>Septies,</strong></span> <span class='ocrx_word' id='word_1_360' title='bbox 3351 2140 3405 2194; x_wconf 87' lang='lat' dir='ltr'><strong>id</strong></span> 
     </span>
    </p>
   </div>
   <div class='ocr_carea' id='block_1_53' title="bbox 1829 2229 3407 2309">
    <p class='ocr_par' dir='ltr' id='par_1_53' title="bbox 1829 2229 3407 2309">
     <span class='ocr_line' id='line_1_53' title="bbox 1829 2229 3407 2309; baseline -0.006 -16"><span class='ocrx_word' id='word_1_361' title='bbox 1829 2246 1914 2294; x_wconf 83' lang='lat' dir='ltr'><strong>est</strong></span> <span class='ocrx_word' id='word_1_362' title='bbox 1946 2251 2108 2309; x_wconf 70' lang='lat' dir='ltr'><strong>saepe,</strong></span> <span class='ocrx_word' id='word_1_363' title='bbox 2150 2237 2301 2291; x_wconf 86' lang='lat' dir='ltr'><strong>cadet</strong></span> <span class='ocrx_word' id='word_1_364' title='bbox 2331 2237 2507 2299; x_wconf 76' lang='lat' dir='ltr'><strong>iustus</strong></span> <span class='ocrx_word' id='word_1_365' title='bbox 2545 2244 2596 2290; x_wconf 87' lang='lat' dir='ltr'><strong>et</strong></span> <span class='ocrx_word' id='word_1_366' title='bbox 2645 2243 2900 2305; x_wconf 78' lang='lat' dir='ltr'><strong>resurget.</strong></span> <span class='ocrx_word' id='word_1_367' title='bbox 2959 2231 3073 2288; x_wconf 84' lang='lat' dir='ltr'><strong>Hoc</strong></span> <span class='ocrx_word' id='word_1_368' title='bbox 3131 2240 3335 2296; x_wconf 90' lang='lat' dir='ltr'><strong>autem,</strong></span> <span class='ocrx_word' id='word_1_369' title='bbox 3358 2229 3407 2283; x_wconf 89' lang='lat' dir='ltr'><strong>si</strong></span> 
     </span>
    </p>
   </div>
   <div class='ocr_carea' id='block_1_54' title="bbox 1829 2322 3400 2399">
    <p class='ocr_par' dir='ltr' id='par_1_54' title="bbox 1829 2322 3400 2399">
     <span class='ocr_line' id='line_1_54' title="bbox 1829 2322 3400 2399; baseline -0.006 -15"><span class='ocrx_word' id='word_1_370' title='bbox 1829 2329 2019 2394; x_wconf 89' lang='lat' dir='ltr'><strong>etiam,</strong></span> <span class='ocrx_word' id='word_1_371' title='bbox 2053 2329 2253 2399; x_wconf 87' lang='lat' dir='ltr'><strong>inquit,</strong></span> <span class='ocrx_word' id='word_1_372' title='bbox 2286 2345 2477 2384; x_wconf 86' lang='lat' dir='ltr'><strong>omnes</strong></span> <span class='ocrx_word' id='word_1_373' title='bbox 2504 2327 2598 2398; x_wconf 90' lang='lat' dir='ltr'><strong>qui</strong></span> <span class='ocrx_word' id='word_1_374' title='bbox 2629 2343 2658 2380; x_wconf 91' lang='lat' dir='ltr'><strong>a</strong></span> <span class='ocrx_word' id='word_1_375' title='bbox 2683 2325 3028 2382; x_wconf 83' lang='lat' dir='ltr'><strong>confessione</strong></span> <span class='ocrx_word' id='word_1_376' title='bbox 3055 2322 3400 2382; x_wconf 79' lang='lat' dir='ltr'><strong>exciderunt,</strong></span> 
     </span>
    </p>
   </div>
   <div class='ocr_carea' id='block_1_55' title="bbox 1833 2417 3401 2488">
    <p class='ocr_par' dir='ltr' id='par_1_55' title="bbox 1833 2417 3401 2488">
     <span class='ocr_line' id='line_1_55' title="bbox 1833 2417 3401 2488; baseline -0.006 -13"><span class='ocrx_word' id='word_1_377' title='bbox 1833 2421 2112 2484; x_wconf 89' lang='lat' dir='ltr'><strong>fecissent,</strong></span> <span class='ocrx_word' id='word_1_378' title='bbox 2143 2427 2202 2475; x_wconf 91' lang='lat' dir='ltr'><strong>ut</strong></span> <span class='ocrx_word' id='word_1_379' title='bbox 2225 2421 2437 2475; x_wconf 85' lang='lat' dir='ltr'><strong>scilicet</strong></span> <span class='ocrx_word' id='word_1_380' title='bbox 2491 2417 2630 2488; x_wconf 89' lang='lat' dir='ltr'><strong>lapsi</strong></span> <span class='ocrx_word' id='word_1_381' title='bbox 2672 2417 3095 2480; x_wconf 87' lang='lat' dir='ltr'><strong>reluctarentur,</strong></span> <span class='ocrx_word' id='word_1_382' title='bbox 3132 2423 3186 2468; x_wconf 92' lang='lat' dir='ltr'><strong>et</strong></span> <span class='ocrx_word' id='word_1_383' title='bbox 3217 2427 3277 2468; x_wconf 87' lang='lat' dir='ltr'><strong>se</strong></span> <span class='ocrx_word' id='word_1_384' title='bbox 3306 2426 3401 2466; x_wconf 89' lang='lat' dir='ltr'><strong>co-</strong></span> 
     </span>
    </p>
   </div>
   <div class='ocr_carea' id='block_1_56' title="bbox 1831 2501 3407 2582">
    <p class='ocr_par' dir='ltr' id='par_1_56' title="bbox 1831 2501 3407 2582">
     <span class='ocr_line' id='line_1_56' title="bbox 1831 2501 3407 2582; baseline -0.007 -17"><span class='ocrx_word' id='word_1_385' title='bbox 1831 2526 1949 2565; x_wconf 88' lang='lat' dir='ltr'><strong>ram</strong></span> <span class='ocrx_word' id='word_1_386' title='bbox 1997 2510 2248 2582; x_wconf 82' lang='lat' dir='ltr'><strong>tyrannis</strong></span> <span class='ocrx_word' id='word_1_387' title='bbox 2300 2510 2645 2565; x_wconf 86' lang='lat' dir='ltr'><strong>Christianos</strong></span> <span class='ocrx_word' id='word_1_388' title='bbox 2683 2508 3007 2570; x_wconf 87' lang='lat' dir='ltr'><strong>faterentur,</strong></span> <span class='ocrx_word' id='word_1_389' title='bbox 3064 2501 3407 2575; x_wconf 87' lang='lat' dir='ltr'><strong>perfectissi-</strong></span> 
     </span>
    </p>
   </div>
   <div class='ocr_carea' id='block_1_57' title="bbox 1829 2597 3408 2674">
    <p class='ocr_par' dir='ltr' id='par_1_57' title="bbox 1829 2597 3408 2674">
     <span class='ocr_line' id='line_1_57' title="bbox 1829 2597 3408 2674; baseline -0.003 -15"><span class='ocrx_word' id='word_1_390' title='bbox 1829 2619 1975 2659; x_wconf 87' lang='lat' dir='ltr'><strong>mam</strong></span> <span class='ocrx_word' id='word_1_391' title='bbox 2002 2603 2376 2674; x_wconf 87' lang='lat' dir='ltr'><strong>poenitentiam</strong></span> <span class='ocrx_word' id='word_1_392' title='bbox 2405 2601 2797 2656; x_wconf 84' lang='lat' dir='ltr'><strong>ostendissent.</strong></span> <span class='ocrx_word' id='word_1_393' title='bbox 2823 2597 3091 2653; x_wconf 78' lang='lat' dir='ltr'><strong>Differunt</strong></span> <span class='ocrx_word' id='word_1_394' title='bbox 3133 2611 3262 2667; x_wconf 78' lang='lat' dir='ltr'><strong>ergo</strong></span> <span class='ocrx_word' id='word_1_395' title='bbox 3285 2612 3408 2668; x_wconf 69' lang='lat' dir='ltr'><strong>quae</strong></span> 
     </span>
    </p>
   </div>
   <div class='ocr_carea' id='block_1_58' title="bbox 1830 2688 3407 2761">
    <p class='ocr_par' dir='ltr' id='par_1_58' title="bbox 1830 2688 3407 2761">
     <span class='ocr_line' id='line_1_58' title="bbox 1830 2688 3407 2761; baseline -0.003 -15"><span class='ocrx_word' id='word_1_396' title='bbox 1830 2692 1886 2746; x_wconf 93' lang='lat' dir='ltr'><strong>in</strong></span> <span class='ocrx_word' id='word_1_397' title='bbox 1938 2692 2043 2747; x_wconf 89' lang='lat' dir='ltr'><strong>hoc</strong></span> <span class='ocrx_word' id='word_1_398' title='bbox 2095 2707 2306 2748; x_wconf 88' lang='lat' dir='ltr'><strong>canone</strong></span> <span class='ocrx_word' id='word_1_399' title='bbox 2347 2689 2743 2761; x_wconf 87' lang='lat' dir='ltr'><strong>comprehensa</strong></span> <span class='ocrx_word' id='word_1_400' title='bbox 2800 2693 2952 2750; x_wconf 90' lang='lat' dir='ltr'><strong>sunt,</strong></span> <span class='ocrx_word' id='word_1_401' title='bbox 3002 2688 3072 2742; x_wconf 88' lang='lat' dir='ltr'><strong>ab</strong></span> <span class='ocrx_word' id='word_1_402' title='bbox 3111 2688 3178 2743; x_wconf 91' lang='lat' dir='ltr'><strong>iis</strong></span> <span class='ocrx_word' id='word_1_403' title='bbox 3206 2703 3324 2758; x_wconf 77' lang='lat' dir='ltr'><strong>qua-</strong></span> <span class='ocrx_word' id='word_1_404' title='bbox 3349 2689 3407 2742; x_wconf 85' lang='lat' dir='ltr'><strong>in</strong></span> 
     </span>
    </p>
   </div>
   <div class='ocr_carea' id='block_1_59' title="bbox 1832 2779 3405 2855">
    <p class='ocr_par' dir='ltr' id='par_1_59' title="bbox 1832 2779 3405 2855">
     <span class='ocr_line' id='line_1_59' title="bbox 1832 2779 3405 2855; baseline -0.002 -18"><span class='ocrx_word' id='word_1_405' title='bbox 1832 2785 2007 2855; x_wconf 89' lang='lat' dir='ltr'><strong>primo</strong></span> <span class='ocrx_word' id='word_1_406' title='bbox 2060 2797 2273 2839; x_wconf 89' lang='lat' dir='ltr'><strong>canone</strong></span> <span class='ocrx_word' id='word_1_407' title='bbox 2301 2783 2672 2847; x_wconf 86' lang='lat' dir='ltr'><strong>continentur,</strong></span> <span class='ocrx_word' id='word_1_408' title='bbox 2718 2780 2864 2850; x_wconf 89' lang='lat' dir='ltr'><strong>quod</strong></span> <span class='ocrx_word' id='word_1_409' title='bbox 2908 2779 3019 2834; x_wconf 89' lang='lat' dir='ltr'><strong>illic</strong></span> <span class='ocrx_word' id='word_1_410' title='bbox 3044 2779 3264 2849; x_wconf 89' lang='lat' dir='ltr'><strong>quidem</strong></span> <span class='ocrx_word' id='word_1_411' title='bbox 3313 2781 3405 2850; x_wconf 92' lang='lat' dir='ltr'><strong>qui</strong></span> 
     </span>
    </p>
   </div>
   <div class='ocr_carea' id='block_1_60' title="bbox 1829 2868 3407 2944">
    <p class='ocr_par' dir='ltr' id='par_1_60' title="bbox 1829 2868 3407 2944">
     <span class='ocr_line' id='line_1_60' title="bbox 1829 2868 3407 2944; baseline -0.001 -19"><span class='ocrx_word' id='word_1_412' title='bbox 1829 2881 2048 2944; x_wconf 86' lang='lat' dir='ltr'><strong>propter</strong></span> <span class='ocrx_word' id='word_1_413' title='bbox 2077 2880 2344 2928; x_wconf 89' lang='lat' dir='ltr'><strong>tormenta</strong></span> <span class='ocrx_word' id='word_1_414' title='bbox 2378 2871 2514 2942; x_wconf 88' lang='lat' dir='ltr'><strong>lapsi</strong></span> <span class='ocrx_word' id='word_1_415' title='bbox 2548 2881 2696 2936; x_wconf 91' lang='lat' dir='ltr'><strong>sunt,</strong></span> <span class='ocrx_word' id='word_1_416' title='bbox 2733 2869 2804 2924; x_wconf 89' lang='lat' dir='ltr'><strong>ad</strong></span> <span class='ocrx_word' id='word_1_417' title='bbox 2831 2868 3407 2944; x_wconf 63' lang='lat' dir='ltr'><strong>conﬁtendamcoram</strong></span> 
     </span>
    </p>
   </div>
   <div class='ocr_carea' id='block_1_61' title="bbox 1829 2960 3410 3036">
    <p class='ocr_par' dir='ltr' id='par_1_61' title="bbox 1829 2960 3410 3036">
     <span class='ocr_line' id='line_1_61' title="bbox 1829 2960 3410 3036; baseline -0.003 -17"><span class='ocrx_word' id='word_1_418' title='bbox 1829 2965 2078 3036; x_wconf 88' lang='lat' dir='ltr'><strong>tyrannis</strong></span> <span class='ocrx_word' id='word_1_419' title='bbox 2121 2965 2282 3020; x_wconf 83' lang='lat' dir='ltr'><strong>fidem</strong></span> <span class='ocrx_word' id='word_1_420' title='bbox 2314 2978 2660 3034; x_wconf 84' lang='lat' dir='ltr'><strong>nequaquam</strong></span> <span class='ocrx_word' id='word_1_421' title='bbox 2689 2961 2938 3018; x_wconf 89' lang='lat' dir='ltr'><strong>conversi</strong></span> <span class='ocrx_word' id='word_1_422' title='bbox 2990 2968 3158 3016; x_wconf 89' lang='lat' dir='ltr'><strong>sunt:</strong></span> <span class='ocrx_word' id='word_1_423' title='bbox 3193 2960 3282 3015; x_wconf 82' lang='lat' dir='ltr'><strong>hic</strong></span> <span class='ocrx_word' id='word_1_424' title='bbox 3309 2975 3410 3016; x_wconf 85' lang='lat' dir='ltr'><strong>au-</strong></span> 
     </span>
    </p>
   </div>
   <div class='ocr_carea' id='block_1_62' title="bbox 144 3053 1730 3168">
    <p class='ocr_par' dir='ltr' id='par_1_62' title="bbox 144 3053 1729 3154">
     <span class='ocr_line' id='line_1_62' title="bbox 144 3053 1729 3154; baseline -0.007 -17"><span class='ocrx_word' id='word_1_425' title='bbox 144 3053 259 3137; x_wconf 71' lang='grc' dir='ltr'>τῶν</span> <span class='ocrx_word' id='word_1_426' title='bbox 294 3083 573 3154; x_wconf 88' lang='grc' dir='ltr'>τυράννων</span> <span class='ocrx_word' id='word_1_427' title='bbox 620 3083 700 3144; x_wconf 83' lang='grc' dir='ltr'><strong>είς</strong></span> <span class='ocrx_word' id='word_1_428' title='bbox 735 3079 830 3151; x_wconf 75' lang='grc' dir='ltr'><strong>τὴν</strong></span> <span class='ocrx_word' id='word_1_429' title='bbox 865 3053 1152 3150; x_wconf 81' lang='grc' dir='ltr'>ὁμολογίαν</span> <span class='ocrx_word' id='word_1_430' title='bbox 1202 3053 1303 3145; x_wconf 85' lang='grc' dir='ltr'>τῆς</span> <span class='ocrx_word' id='word_1_431' title='bbox 1334 3053 1602 3137; x_wconf 74' lang='grc' dir='ltr'>πίστεωςο</span> <span class='ocrx_word' id='word_1_432' title='bbox 1642 3075 1729 3126; x_wconf 87' lang='grc' dir='ltr'>ἐν-</span> 
     </span>
    </p>
   </div>
   <div class='ocr_carea' id='block_1_63' title="bbox 1836 3053 3411 3168">
    <p class='ocr_par' dir='ltr' id='par_1_63' title="bbox 1836 3053 3411 3168">
     <span class='ocr_line' id='line_1_63' title="bbox 1836 3053 3411 3127; baseline -0.004 -15"><span class='ocrx_word' id='word_1_433' title='bbox 1836 3065 1940 3112; x_wconf 89' lang='lat' dir='ltr'><strong>lem</strong></span> <span class='ocrx_word' id='word_1_434' title='bbox 1967 3058 2061 3127; x_wconf 93' lang='lat' dir='ltr'><strong>qui</strong></span> <span class='ocrx_word' id='word_1_435' title='bbox 2090 3063 2310 3127; x_wconf 87' lang='lat' dir='ltr'><strong>propter</strong></span> <span class='ocrx_word' id='word_1_436' title='bbox 2367 3063 2639 3110; x_wconf 87' lang='lat' dir='ltr'><strong>tormenta</strong></span> <span class='ocrx_word' id='word_1_437' title='bbox 2687 3054 2824 3124; x_wconf 86' lang='lat' dir='ltr'><strong>lapsi</strong></span> <span class='ocrx_word' id='word_1_438' title='bbox 2859 3063 3008 3118; x_wconf 88' lang='lat' dir='ltr'><strong>sunt,</strong></span> <span class='ocrx_word' id='word_1_439' title='bbox 3032 3069 3101 3107; x_wconf 82' lang='lat' dir='ltr'><strong>ex</strong></span> <span class='ocrx_word' id='word_1_440' title='bbox 3126 3053 3268 3107; x_wconf 89' lang='lat' dir='ltr'><strong>bona</strong></span> <span class='ocrx_word' id='word_1_441' title='bbox 3291 3066 3411 3123; x_wconf 69' lang='lat' dir='ltr'><strong>pc-</strong></span> 
     </span>
     <span class='ocr_line' id='line_1_64' title="bbox 1836 3142 3374 3168; baseline 0 0"><span class='ocrx_word' id='word_1_442' title='bbox 1836 3148 2057 3168; x_wconf 74' lang='lat'><strong>_:.-_.:..</strong></span> <span class='ocrx_word' id='word_1_443' title='bbox 2090 3147 2184 3168; x_wconf 79' lang='lat' dir='ltr'><strong>_--I._</strong></span> <span class='ocrx_word' id='word_1_444' title='bbox 2220 3147 2464 3168; x_wconf 65' lang='lat'><strong>.--_-.._:-</strong></span> <span class='ocrx_word' id='word_1_445' title='bbox 2496 3145 2779 3168; x_wconf 50' lang='lat' dir='ltr'><strong>n.._.-:.........</strong></span> <span class='ocrx_word' id='word_1_446' title='bbox 2809 3142 3042 3168; x_wconf 56' lang='lat' dir='ltr'><strong>A-..l&#39;...-:</strong></span> <span class='ocrx_word' id='word_1_447' title='bbox 3072 3147 3198 3168; x_wconf 62' lang='grc' dir='ltr'>-.ι-ιο</span> <span class='ocrx_word' id='word_1_448' title='bbox 3224 3159 3236 3168; x_wconf 89' lang='grc'><strong>.</strong></span> <span class='ocrx_word' id='word_1_449' title='bbox 3279 3155 3374 3168; x_wconf 65' lang='grc' dir='ltr'><strong>ιιι-ιη</strong></span> 
     </span>
    </p>
   </div>
   <div class='ocr_carea' id='block_1_64' title="bbox 146 3164 1728 3239">
    <p class='ocr_par' dir='ltr' id='par_1_64' title="bbox 146 3164 1728 3239">
     <span class='ocr_line' id='line_1_65' title="bbox 146 3164 1728 3239; baseline -0.008 -9"><span class='ocrx_word' id='word_1_450' title='bbox 146 3174 328 3231; x_wconf 85' lang='grc' dir='ltr'>ταῦθα</span> <span class='ocrx_word' id='word_1_451' title='bbox 357 3174 418 3228; x_wconf 79' lang='grc' dir='ltr'>δὲ</span> <span class='ocrx_word' id='word_1_452' title='bbox 453 3176 502 3227; x_wconf 87' lang='grc' dir='ltr'><strong>οί</strong></span> <span class='ocrx_word' id='word_1_453' title='bbox 549 3170 962 3234; x_wconf 61' lang='grc' dir='ltr'>ἐκπεπτωκότες</span> <span class='ocrx_word' id='word_1_454' title='bbox 1003 3169 1091 3222; x_wconf 85' lang='grc' dir='ltr'>διὰ</span> <span class='ocrx_word' id='word_1_455' title='bbox 1121 3167 1406 3239; x_wconf 87' lang='grc' dir='ltr'>βασάνους,</span> <span class='ocrx_word' id='word_1_456' title='bbox 1437 3166 1498 3231; x_wconf 80' lang='grc' dir='ltr'>ἐξ</span> <span class='ocrx_word' id='word_1_457' title='bbox 1524 3164 1728 3234; x_wconf 81' lang='grc' dir='ltr'>ἀγαθοῦ</span> 
     </span>
    </p>
   </div>
   <div class='ocr_carea' id='block_1_65' title="bbox 153 3257 1734 3340">
    <p class='ocr_par' dir='ltr' id='par_1_65' title="bbox 153 3257 1734 3340">
     <span class='ocr_line' id='line_1_66' title="bbox 153 3257 1734 3340; baseline -0.008 -16"><span class='ocrx_word' id='word_1_458' title='bbox 153 3266 464 3340; x_wconf 82' lang='grc' dir='ltr'>μεταμέλου</span> <span class='ocrx_word' id='word_1_459' title='bbox 509 3265 604 3318; x_wconf 73' lang='grc' dir='ltr'><strong>ἐπὶ</strong></span> <span class='ocrx_word' id='word_1_460' title='bbox 633 3264 741 3318; x_wconf 81' lang='grc' dir='ltr'><strong>τῶν</strong></span> <span class='ocrx_word' id='word_1_461' title='bbox 773 3263 1048 3334; x_wconf 81' lang='grc' dir='ltr'>τυράννων</span> <span class='ocrx_word' id='word_1_462' title='bbox 1090 3261 1180 3314; x_wconf 81' lang='grc' dir='ltr'><strong>τὸν</strong></span> <span class='ocrx_word' id='word_1_463' title='bbox 1213 3259 1417 3332; x_wconf 84' lang='grc' dir='ltr'>Κύριον</span> <span class='ocrx_word' id='word_1_464' title='bbox 1453 3257 1734 3330; x_wconf 82' lang='grc' dir='ltr'>ὡμολόγη-</span> 
     </span>
    </p>
   </div>
   <div class='ocr_carea' id='block_1_66' title="bbox 151 3352 1502 3424">
    <p class='ocr_par' dir='ltr' id='par_1_66' title="bbox 151 3352 1502 3424">
     <span class='ocr_line' id='line_1_67' title="bbox 151 3352 1502 3424; baseline -0.007 -9"><span class='ocrx_word' id='word_1_465' title='bbox 151 3377 272 3424; x_wconf 85' lang='grc' dir='ltr'>σαν,</span> <span class='ocrx_word' id='word_1_466' title='bbox 304 3359 400 3413; x_wconf 75' lang='grc' dir='ltr'><strong>καὶ</strong></span> <span class='ocrx_word' id='word_1_467' title='bbox 429 3357 517 3411; x_wconf 80' lang='grc' dir='ltr'><strong>διὰ</strong></span> <span class='ocrx_word' id='word_1_468' title='bbox 541 3356 700 3413; x_wconf 78' lang='grc' dir='ltr'>τοῦτο</span> <span class='ocrx_word' id='word_1_469' title='bbox 733 3355 852 3408; x_wconf 74' lang='grc' dir='ltr'>οὐδὲ</span> <span class='ocrx_word' id='word_1_470' title='bbox 890 3352 1196 3422; x_wconf 77' lang='grc' dir='ltr'>λογίζονται</span> <span class='ocrx_word' id='word_1_471' title='bbox 1226 3353 1502 3406; x_wconf 87' lang='grc' dir='ltr'>ἐκπεσεῖν.</span> 
     </span>
    </p>
   </div>
   <div class='ocr_carea' id='block_1_67' title="bbox 222 3459 1732 3539">
    <p class='ocr_par' dir='ltr' id='par_1_67' title="bbox 222 3459 1732 3539">
     <span class='ocr_line' id='line_1_68' title="bbox 222 3459 1732 3539; baseline -0.01 -12"><span class='ocrx_word' id='word_1_472' title='bbox 222 3473 467 3528; x_wconf 78' lang='grc' dir='ltr'><strong>ΖΩΝᾹΡ.</strong></span> <span class='ocrx_word' id='word_1_473' title='bbox 508 3471 576 3525; x_wconf 81' lang='grc' dir='ltr'><strong>Εἴ</strong></span> <span class='ocrx_word' id='word_1_474' title='bbox 612 3487 756 3534; x_wconf 88' lang='grc' dir='ltr'>τινες</span> <span class='ocrx_word' id='word_1_475' title='bbox 786 3470 862 3534; x_wconf 86' lang='grc' dir='ltr'><strong>δέ,</strong></span> <span class='ocrx_word' id='word_1_476' title='bbox 904 3468 1058 3539; x_wconf 78' lang='grc' dir='ltr'>φησὶ,</span> <span class='ocrx_word' id='word_1_477' title='bbox 1105 3463 1592 3538; x_wconf 81' lang='grc' dir='ltr'>προσηγγέλθησαν</span> <span class='ocrx_word' id='word_1_478' title='bbox 1639 3459 1732 3514; x_wconf 71' lang='grc' dir='ltr'><strong>καὶ</strong></span> 
     </span>
    </p>
   </div>
   <div class='ocr_carea' id='block_1_68' title="bbox 150 3555 1732 3639">
    <p class='ocr_par' dir='ltr' id='par_1_68' title="bbox 150 3555 1732 3639">
     <span class='ocr_line' id='line_1_69' title="bbox 150 3555 1732 3639; baseline -0.009 -21"><span class='ocrx_word' id='word_1_479' title='bbox 150 3563 529 3639; x_wconf 81' lang='grc' dir='ltr'>παρεδόθησαν</span> <span class='ocrx_word' id='word_1_480' title='bbox 551 3564 667 3625; x_wconf 86' lang='grc' dir='ltr'>τοῖς</span> <span class='ocrx_word' id='word_1_481' title='bbox 701 3556 1076 3633; x_wconf 76' lang='grc' dir='ltr'>τυραννοῦσιν,</span> <span class='ocrx_word' id='word_1_482' title='bbox 1100 3557 1133 3628; x_wconf 78' lang='grc' dir='ltr'>ἦ</span> <span class='ocrx_word' id='word_1_483' title='bbox 1162 3557 1314 3610; x_wconf 74' lang='grc' dir='ltr'>αὐτοὶ</span> <span class='ocrx_word' id='word_1_484' title='bbox 1342 3555 1568 3615; x_wconf 78' lang='grc' dir='ltr'>ἑαυτοὺς</span> <span class='ocrx_word' id='word_1_485' title='bbox 1591 3567 1732 3622; x_wconf 89' lang='grc' dir='ltr'>παρ-</span> 
     </span>
    </p>
   </div>
   <div class='ocr_carea' id='block_1_69' title="bbox 152 3642 1734 3722">
    <p class='ocr_par' dir='ltr' id='par_1_69' title="bbox 152 3642 1734 3722">
     <span class='ocr_line' id='line_1_70' title="bbox 152 3642 1734 3722; baseline -0.012 -10"><span class='ocrx_word' id='word_1_486' title='bbox 152 3658 360 3712; x_wconf 80' lang='grc' dir='ltr'>έδωκαν</span> <span class='ocrx_word' id='word_1_487' title='bbox 380 3695 398 3720; x_wconf 93' lang='grc'><strong>,</strong></span> <span class='ocrx_word' id='word_1_488' title='bbox 450 3654 546 3709; x_wconf 80' lang='grc' dir='ltr'>καὶ</span> <span class='ocrx_word' id='word_1_489' title='bbox 573 3650 960 3707; x_wconf 82' lang='grc' dir='ltr'>ἐκπεπτώκασι</span> <span class='ocrx_word' id='word_1_490' title='bbox 989 3650 1088 3722; x_wconf 80' lang='grc' dir='ltr'><strong>τῆς</strong></span> <span class='ocrx_word' id='word_1_491' title='bbox 1121 3647 1443 3720; x_wconf 87' lang='grc' dir='ltr'>μαρτυρίας,</span> <span class='ocrx_word' id='word_1_492' title='bbox 1475 3642 1734 3715; x_wconf 75' lang='grc' dir='ltr'>ἡττηθέν-</span> 
     </span>
    </p>
   </div>
   <div class='ocr_carea' id='block_1_70' title="bbox 150 3729 1735 3814">
    <p class='ocr_par' dir='ltr' id='par_1_70' title="bbox 150 3729 1735 3814">
     <span class='ocr_line' id='line_1_71' title="bbox 150 3729 1735 3814; baseline -0.011 -10"><span class='ocrx_word' id='word_1_493' title='bbox 150 3767 243 3814; x_wconf 85' lang='grc' dir='ltr'><strong>τες</strong></span> <span class='ocrx_word' id='word_1_494' title='bbox 280 3748 390 3803; x_wconf 84' lang='grc' dir='ltr'>τῶν</span> <span class='ocrx_word' id='word_1_495' title='bbox 448 3747 722 3802; x_wconf 88' lang='grc' dir='ltr'>κολάσεων</span> <span class='ocrx_word' id='word_1_496' title='bbox 743 3784 758 3810; x_wconf 89' lang='grc'><strong>,</strong></span> <span class='ocrx_word' id='word_1_497' title='bbox 816 3745 910 3798; x_wconf 72' lang='grc' dir='ltr'><strong>καὶ</strong></span> <span class='ocrx_word' id='word_1_498' title='bbox 960 3743 1035 3814; x_wconf 84' lang='grc' dir='ltr'>μὴ</span> <span class='ocrx_word' id='word_1_499' title='bbox 1062 3741 1319 3813; x_wconf 75' lang='grc' dir='ltr'>φέροντες</span> <span class='ocrx_word' id='word_1_500' title='bbox 1366 3737 1466 3802; x_wconf 82' lang='grc' dir='ltr'>τὰς</span> <span class='ocrx_word' id='word_1_501' title='bbox 1509 3738 1568 3790; x_wconf 90' lang='grc' dir='ltr'><strong>ἐν</strong></span> <span class='ocrx_word' id='word_1_502' title='bbox 1615 3729 1735 3800; x_wconf 86' lang='grc' dir='ltr'>ταῖς</span> 
     </span>
    </p>
   </div>
   <div class='ocr_carea' id='block_1_71' title="bbox 153 3825 1734 3914">
    <p class='ocr_par' dir='ltr' id='par_1_71' title="bbox 153 3825 1734 3914">
     <span class='ocr_line' id='line_1_72' title="bbox 153 3825 1734 3914; baseline -0.012 -16"><span class='ocrx_word' id='word_1_503' title='bbox 153 3843 426 3914; x_wconf 76' lang='grc' dir='ltr'>φυλακαῖς</span> <span class='ocrx_word' id='word_1_504' title='bbox 465 3838 763 3908; x_wconf 84' lang='grc' dir='ltr'>κακουχίας</span> <span class='ocrx_word' id='word_1_505' title='bbox 801 3837 895 3890; x_wconf 79' lang='grc' dir='ltr'><strong>καὶ</strong></span> <span class='ocrx_word' id='word_1_506' title='bbox 934 3835 1034 3898; x_wconf 82' lang='grc' dir='ltr'>τὰς</span> <span class='ocrx_word' id='word_1_507' title='bbox 1065 3831 1353 3904; x_wconf 83' lang='grc' dir='ltr'>βασάνους,</span> <span class='ocrx_word' id='word_1_508' title='bbox 1381 3825 1498 3882; x_wconf 78' lang='grc' dir='ltr'>εἶτα</span> <span class='ocrx_word' id='word_1_509' title='bbox 1530 3825 1734 3881; x_wconf 84' lang='grc' dir='ltr'>ἀνεπά-</span> 
     </span>
    </p>
   </div>
   <div class='ocr_carea' id='block_1_72' title="bbox 151 3917 1736 4005">
    <p class='ocr_par' dir='ltr' id='par_1_72' title="bbox 151 3917 1736 4005">
     <span class='ocr_line' id='line_1_73' title="bbox 151 3917 1736 4005; baseline -0.012 -16"><span class='ocrx_word' id='word_1_510' title='bbox 151 3936 347 3990; x_wconf 82' lang='grc' dir='ltr'>λαισαν</span> <span class='ocrx_word' id='word_1_511' title='bbox 372 3934 473 4005; x_wconf 83' lang='grc' dir='ltr'>τὴν</span> <span class='ocrx_word' id='word_1_512' title='bbox 507 3931 734 3994; x_wconf 85' lang='grc' dir='ltr'>πτῶσιν,</span> <span class='ocrx_word' id='word_1_513' title='bbox 772 3929 867 3983; x_wconf 72' lang='grc' dir='ltr'>καὶ</span> <span class='ocrx_word' id='word_1_514' title='bbox 905 3925 1266 3998; x_wconf 86' lang='grc' dir='ltr'>ὡμολόγησαν</span> <span class='ocrx_word' id='word_1_515' title='bbox 1311 3917 1449 3975; x_wconf 77' lang='grc' dir='ltr'>εἶναι</span> <span class='ocrx_word' id='word_1_516' title='bbox 1478 3920 1736 3991; x_wconf 84' lang='grc' dir='ltr'>Χριστια-</span> 
     </span>
    </p>
   </div>
   <div class='ocr_carea' id='block_1_73' title="bbox 151 4012 1735 4091">
    <p class='ocr_par' dir='ltr' id='par_1_73' title="bbox 151 4012 1735 4091">
     <span class='ocr_line' id='line_1_74' title="bbox 151 4012 1735 4091; baseline -0.011 -10"><span class='ocrx_word' id='word_1_517' title='bbox 151 4029 254 4091; x_wconf 74' lang='grc' dir='ltr'>νοὶ,</span> <span class='ocrx_word' id='word_1_518' title='bbox 298 4025 440 4080; x_wconf 82' lang='grc' dir='ltr'>ὥστε</span> <span class='ocrx_word' id='word_1_519' title='bbox 474 4024 568 4078; x_wconf 80' lang='grc' dir='ltr'>καὶ</span> <span class='ocrx_word' id='word_1_520' title='bbox 594 4025 671 4086; x_wconf 84' lang='grc' dir='ltr'><strong>εἰς</strong></span> <span class='ocrx_word' id='word_1_521' title='bbox 703 4019 948 4091; x_wconf 81' lang='grc' dir='ltr'>φυλακὰς</span> <span class='ocrx_word' id='word_1_522' title='bbox 979 4015 1315 4089; x_wconf 77' lang='grc' dir='ltr'>ἐμϐληθῆναι</span> <span class='ocrx_word' id='word_1_523' title='bbox 1343 4015 1438 4068; x_wconf 74' lang='grc' dir='ltr'><strong>καὶ</strong></span> <span class='ocrx_word' id='word_1_524' title='bbox 1473 4012 1735 4084; x_wconf 89' lang='grc' dir='ltr'>βασάνους</span> 
     </span>
    </p>
   </div>
   <div class='ocr_carea' id='block_1_74' title="bbox 152 4105 1736 4179">
    <p class='ocr_par' dir='ltr' id='par_1_74' title="bbox 152 4105 1736 4179">
     <span class='ocr_line' id='line_1_75' title="bbox 152 4105 1736 4179; baseline -0.011 -7"><span class='ocrx_word' id='word_1_525' title='bbox 152 4118 483 4179; x_wconf 78' lang='grc' dir='ltr'>ὑποστῆναι’</span> <span class='ocrx_word' id='word_1_526' title='bbox 533 4115 660 4178; x_wconf 80' lang='grc' dir='ltr'>τοὺς</span> <span class='ocrx_word' id='word_1_527' title='bbox 715 4111 988 4175; x_wconf 85' lang='grc' dir='ltr'>τοιούτους</span> <span class='ocrx_word' id='word_1_528' title='bbox 1038 4109 1257 4177; x_wconf 83' lang='grc' dir='ltr'>εῠλογον</span> <span class='ocrx_word' id='word_1_529' title='bbox 1309 4106 1482 4178; x_wconf 87' lang='grc' dir='ltr'>κρίνει</span> <span class='ocrx_word' id='word_1_530' title='bbox 1514 4107 1542 4159; x_wconf 91' lang='grc' dir='ltr'><strong>ό</strong></span> <span class='ocrx_word' id='word_1_531' title='bbox 1583 4105 1736 4173; x_wconf 75' lang='grc' dir='ltr'>ἅγιος</span> 
     </span>
    </p>
   </div>
   <div class='ocr_carea' id='block_1_75' title="bbox 156 4191 1734 4280">
    <p class='ocr_par' dir='ltr' id='par_1_75' title="bbox 156 4191 1734 4280">
     <span class='ocr_line' id='line_1_76' title="bbox 156 4191 1734 4280; baseline -0.011 -18"><span class='ocrx_word' id='word_1_532' title='bbox 156 4207 300 4280; x_wconf 71' lang='grc' dir='ltr'>μετὰ</span> <span class='ocrx_word' id='word_1_533' title='bbox 339 4205 604 4278; x_wconf 85' lang='grc' dir='ltr'>θυμηδίας</span> <span class='ocrx_word' id='word_1_534' title='bbox 648 4201 930 4272; x_wconf 76' lang='grc' dir='ltr'>δέχεσθαι,</span> <span class='ocrx_word' id='word_1_535' title='bbox 981 4199 1074 4252; x_wconf 79' lang='grc' dir='ltr'><strong>καὶ</strong></span> <span class='ocrx_word' id='word_1_536' title='bbox 1107 4196 1417 4266; x_wconf 85' lang='grc' dir='ltr'>ἐπισχύειν,</span> <span class='ocrx_word' id='word_1_537' title='bbox 1468 4193 1588 4249; x_wconf 76' lang='grc' dir='ltr'>ἀντὶ</span> <span class='ocrx_word' id='word_1_538' title='bbox 1617 4191 1734 4260; x_wconf 82' lang='grc' dir='ltr'>τοῦ,</span> 
     </span>
    </p>
   </div>
   <div class='ocr_carea' id='block_1_76' title="bbox 147 4288 1736 4372">
    <p class='ocr_par' dir='ltr' id='par_1_76' title="bbox 147 4288 1736 4372">
     <span class='ocr_line' id='line_1_77' title="bbox 147 4288 1736 4372; baseline -0.008 -19"><span class='ocrx_word' id='word_1_539' title='bbox 147 4297 568 4372; x_wconf 70' lang='grc' dir='ltr'>ἐπιρρωννύειν,</span> <span class='ocrx_word' id='word_1_540' title='bbox 604 4293 933 4364; x_wconf 83' lang='grc' dir='ltr'>ἐνδυναμοῦν</span> <span class='ocrx_word' id='word_1_541' title='bbox 981 4290 1076 4345; x_wconf 69' lang='grc' dir='ltr'>καὶ</span> <span class='ocrx_word' id='word_1_542' title='bbox 1119 4288 1561 4362; x_wconf 71' lang='grc' dir='ltr'>παραθαρρύνειν</span> <span class='ocrx_word' id='word_1_543' title='bbox 1601 4288 1736 4360; x_wconf 84' lang='grc' dir='ltr'>πρὸς</span> 
     </span>
    </p>
   </div>
   <div class='ocr_carea' id='block_1_77' title="bbox 151 4380 1736 4463">
    <p class='ocr_par' dir='ltr' id='par_1_77' title="bbox 151 4380 1736 4463">
     <span class='ocr_line' id='line_1_78' title="bbox 151 4380 1736 4463; baseline -0.007 -20"><span class='ocrx_word' id='word_1_544' title='bbox 151 4391 253 4463; x_wconf 80' lang='grc' dir='ltr'><strong>τὴν</strong></span> <span class='ocrx_word' id='word_1_545' title='bbox 278 4388 567 4462; x_wconf 69' lang='grc' dir='ltr'>ὁμολογίαν</span> <span class='ocrx_word' id='word_1_546' title='bbox 587 4404 600 4417; x_wconf 71' lang='grc'><strong>⁸</strong></span> <span class='ocrx_word' id='word_1_547' title='bbox 643 4385 737 4440; x_wconf 66' lang='grc' dir='ltr'><strong>καὶ</strong></span> <span class='ocrx_word' id='word_1_548' title='bbox 766 4385 1042 4439; x_wconf 86' lang='grc' dir='ltr'>κοινωνεῖν</span> <span class='ocrx_word' id='word_1_549' title='bbox 1079 4383 1262 4445; x_wconf 82' lang='grc' dir='ltr'>αὐτοῖς</span> <span class='ocrx_word' id='word_1_550' title='bbox 1287 4382 1344 4435; x_wconf 87' lang='grc' dir='ltr'><strong>ἐν</strong></span> <span class='ocrx_word' id='word_1_551' title='bbox 1373 4381 1558 4446; x_wconf 81' lang='grc' dir='ltr'>πᾶσιν,</span> <span class='ocrx_word' id='word_1_552' title='bbox 1591 4380 1647 4435; x_wconf 75' lang='grc' dir='ltr'><strong>ἐν</strong></span> <span class='ocrx_word' id='word_1_553' title='bbox 1674 4397 1736 4432; x_wconf 86' lang='grc' dir='ltr'><strong>τε</strong></span> 
     </span>
    </p>
   </div>
   <div class='ocr_carea' id='block_1_78' title="bbox 1833 3142 3407 3218">
    <p class='ocr_par' dir='ltr' id='par_1_78' title="bbox 1833 3142 3407 3218">
     <span class='ocr_line' id='line_1_79' title="bbox 1833 3142 3407 3218; baseline -0.004 -16"><span class='ocrx_word' id='word_1_554' title='bbox 1833 3148 2062 3202; x_wconf 89' lang='lat' dir='ltr'><strong>nitentia</strong></span> <span class='ocrx_word' id='word_1_555' title='bbox 2087 3147 2191 3202; x_wconf 90' lang='lat' dir='ltr'><strong>sub</strong></span> <span class='ocrx_word' id='word_1_556' title='bbox 2220 3147 2467 3218; x_wconf 83' lang='lat' dir='ltr'><strong>tyrannis</strong></span> <span class='ocrx_word' id='word_1_557' title='bbox 2494 3145 2782 3200; x_wconf 90' lang='lat' dir='ltr'><strong>Dominum</strong></span> <span class='ocrx_word' id='word_1_558' title='bbox 2807 3142 3045 3199; x_wconf 81' lang='lat' dir='ltr'><strong>confessi</strong></span> <span class='ocrx_word' id='word_1_559' title='bbox 3071 3147 3240 3209; x_wconf 86' lang='lat' dir='ltr'><strong>sunt;</strong></span> <span class='ocrx_word' id='word_1_560' title='bbox 3275 3155 3407 3212; x_wconf 86' lang='lat' dir='ltr'><strong>pro-</strong></span> 
     </span>
    </p>
   </div>
   <div class='ocr_carea' id='block_1_79' title="bbox 1832 3237 2904 3311">
    <p class='ocr_par' dir='ltr' id='par_1_79' title="bbox 1832 3237 2904 3311">
     <span class='ocr_line' id='line_1_80' title="bbox 1832 3237 2904 3311; baseline -0.001 -18"><span class='ocrx_word' id='word_1_561' title='bbox 1832 3248 2015 3311; x_wconf 87' lang='lat' dir='ltr'><strong>pterea</strong></span> <span class='ocrx_word' id='word_1_562' title='bbox 2046 3255 2222 3310; x_wconf 90' lang='lat' dir='ltr'><strong>neque</strong></span> <span class='ocrx_word' id='word_1_563' title='bbox 2277 3240 2544 3295; x_wconf 86' lang='lat' dir='ltr'><strong>cecidisse</strong></span> <span class='ocrx_word' id='word_1_564' title='bbox 2566 3237 2904 3308; x_wconf 71' lang='lat' dir='ltr'><strong>Judicantur.</strong></span> 
     </span>
    </p>
   </div>
   <div class='ocr_carea' id='block_1_80' title="bbox 1904 3423 3408 3512">
    <p class='ocr_par' dir='ltr' id='par_1_80' title="bbox 1904 3423 3408 3512">
     <span class='ocr_line' id='line_1_81' title="bbox 1904 3423 3408 3512; baseline -0.006 -14"><span class='ocrx_word' id='word_1_565' title='bbox 1904 3444 2108 3499; x_wconf 68' lang='grc' dir='ltr'>Ζοιυιι.</span> <span class='ocrx_word' id='word_1_566' title='bbox 2143 3441 2203 3497; x_wconf 82' lang='lat' dir='ltr'><strong>Si</strong></span> <span class='ocrx_word' id='word_1_567' title='bbox 2235 3423 2337 3512; x_wconf 68' lang='grc' dir='ltr'><strong>(ιιιῖ</strong></span> <span class='ocrx_word' id='word_1_568' title='bbox 2361 3456 2511 3506; x_wconf 87' lang='lat' dir='ltr'><strong>vero,</strong></span> <span class='ocrx_word' id='word_1_569' title='bbox 2570 3439 2768 3510; x_wconf 89' lang='lat' dir='ltr'><strong>inquit,</strong></span> <span class='ocrx_word' id='word_1_570' title='bbox 2817 3439 2883 3495; x_wconf 90' lang='lat' dir='ltr'><strong>ad</strong></span> <span class='ocrx_word' id='word_1_571' title='bbox 2943 3447 3207 3511; x_wconf 88' lang='lat' dir='ltr'><strong>tyrannos</strong></span> <span class='ocrx_word' id='word_1_572' title='bbox 3241 3435 3408 3493; x_wconf 88' lang='lat' dir='ltr'><strong>delati</strong></span> 
     </span>
    </p>
   </div>
   <div class='ocr_carea' id='block_1_81' title="bbox 1832 3531 3408 3608">
    <p class='ocr_par' dir='ltr' id='par_1_81' title="bbox 1832 3531 3408 3608">
     <span class='ocr_line' id='line_1_82' title="bbox 1832 3531 3408 3608; baseline -0.004 -18"><span class='ocrx_word' id='word_1_573' title='bbox 1832 3551 1896 3592; x_wconf 90' lang='lat' dir='ltr'><strong>ac</strong></span> <span class='ocrx_word' id='word_1_574' title='bbox 1921 3536 2120 3608; x_wconf 89' lang='lat' dir='ltr'><strong>proditi</strong></span> <span class='ocrx_word' id='word_1_575' title='bbox 2152 3535 2419 3598; x_wconf 85' lang='lat' dir='ltr'><strong>sunt,&#39;vel</strong></span> <span class='ocrx_word' id='word_1_576' title='bbox 2447 3532 2551 3602; x_wconf 91' lang='lat' dir='ltr'><strong>ipsi</strong></span> <span class='ocrx_word' id='word_1_577' title='bbox 2583 3547 2705 3588; x_wconf 88' lang='lat' dir='ltr'><strong>sese</strong></span> <span class='ocrx_word' id='word_1_578' title='bbox 2739 3532 2874 3602; x_wconf 88' lang='lat' dir='ltr'><strong>ipsis</strong></span> <span class='ocrx_word' id='word_1_579' title='bbox 2937 3531 3284 3594; x_wconf 88' lang='lat' dir='ltr'><strong>dediderunt,</strong></span> <span class='ocrx_word' id='word_1_580' title='bbox 3311 3545 3408 3585; x_wconf 78' lang='lat' dir='ltr'><strong>ex-</strong></span> 
     </span>
    </p>
   </div>
   <div class='ocr_carea' id='block_1_82' title="bbox 1834 3622 3405 3699">
    <p class='ocr_par' dir='ltr' id='par_1_82' title="bbox 1834 3622 3405 3699">
     <span class='ocr_line' id='line_1_83' title="bbox 1834 3622 3405 3699; baseline -0.004 -15"><span class='ocrx_word' id='word_1_581' title='bbox 1834 3629 2193 3699; x_wconf 86' lang='lat' dir='ltr'><strong>cideruntque</strong></span> <span class='ocrx_word' id='word_1_582' title='bbox 2225 3641 2256 3680; x_wconf 86' lang='lat' dir='ltr'><strong>a</strong></span> <span class='ocrx_word' id='word_1_583' title='bbox 2285 3625 2603 3681; x_wconf 90' lang='lat' dir='ltr'><strong>testimonio</strong></span> <span class='ocrx_word' id='word_1_584' title='bbox 2630 3624 2681 3677; x_wconf 90' lang='lat' dir='ltr'><strong>vi</strong></span> <span class='ocrx_word' id='word_1_585' title='bbox 2712 3631 3113 3679; x_wconf 88' lang='lat' dir='ltr'><strong>tormentorum</strong></span> <span class='ocrx_word' id='word_1_586' title='bbox 3139 3622 3405 3693; x_wconf 82' lang='lat' dir='ltr'><strong>superati,</strong></span> 
     </span>
    </p>
   </div>
   <div class='ocr_carea' id='block_1_83' title="bbox 1834 3714 3408 3790">
    <p class='ocr_par' dir='ltr' id='par_1_83' title="bbox 1834 3714 3408 3790">
     <span class='ocr_line' id='line_1_84' title="bbox 1834 3714 3408 3790; baseline -0.004 -14"><span class='ocrx_word' id='word_1_587' title='bbox 1834 3736 1936 3777; x_wconf 91' lang='lat' dir='ltr'><strong>nec</strong></span> <span class='ocrx_word' id='word_1_588' title='bbox 1963 3734 2236 3776; x_wconf 64' lang='lat' dir='ltr'><strong>aerumnas</strong></span> <span class='ocrx_word' id='word_1_589' title='bbox 2260 3719 2462 3790; x_wconf 89' lang='lat' dir='ltr'><strong>quibus</strong></span> <span class='ocrx_word' id='word_1_590' title='bbox 2500 3716 2558 3770; x_wconf 87' lang='lat' dir='ltr'><strong>in</strong></span> <span class='ocrx_word' id='word_1_591' title='bbox 2606 3730 2829 3771; x_wconf 89' lang='lat' dir='ltr'><strong>carcere</strong></span> <span class='ocrx_word' id='word_1_592' title='bbox 2853 3714 3252 3770; x_wconf 77' lang='lat' dir='ltr'><strong>afﬂictabantur</strong></span> <span class='ocrx_word' id='word_1_593' title='bbox 3284 3729 3408 3769; x_wconf 80' lang='lat' dir='ltr'><strong>cru—</strong></span> 
     </span>
    </p>
   </div>
   <div class='ocr_carea' id='block_1_84' title="bbox 1834 3807 3408 3884">
    <p class='ocr_par' dir='ltr' id='par_1_84' title="bbox 1834 3807 3408 3884">
     <span class='ocr_line' id='line_1_85' title="bbox 1834 3807 3408 3884; baseline -0.005 -13"><span class='ocrx_word' id='word_1_594' title='bbox 1834 3817 2121 3884; x_wconf 89' lang='lat' dir='ltr'><strong>ciatusque</strong></span> <span class='ocrx_word' id='word_1_595' title='bbox 2148 3812 2520 3884; x_wconf 87' lang='lat' dir='ltr'><strong>perferentes;</strong></span> <span class='ocrx_word' id='word_1_596' title='bbox 2560 3824 2686 3864; x_wconf 77' lang='lat' dir='ltr'><strong>mox</strong></span> <span class='ocrx_word' id='word_1_597' title='bbox 2733 3818 2990 3864; x_wconf 86' lang='lat' dir='ltr'><strong>revocato</strong></span> <span class='ocrx_word' id='word_1_598' title='bbox 3019 3807 3318 3863; x_wconf 88' lang='lat' dir='ltr'><strong>certamine</strong></span> <span class='ocrx_word' id='word_1_599' title='bbox 3346 3823 3408 3863; x_wconf 86' lang='lat' dir='ltr'><strong>se</strong></span> 
     </span>
    </p>
   </div>
   <div class='ocr_carea' id='block_1_85' title="bbox 1833 3897 3408 3969">
    <p class='ocr_par' dir='ltr' id='par_1_85' title="bbox 1833 3897 3408 3969">
     <span class='ocr_line' id='line_1_86' title="bbox 1833 3897 3408 3969; baseline -0.008 -5"><span class='ocrx_word' id='word_1_600' title='bbox 1833 3906 2174 3964; x_wconf 87' lang='lat' dir='ltr'><strong>Christianos</strong></span> <span class='ocrx_word' id='word_1_601' title='bbox 2204 3919 2328 3961; x_wconf 84' lang='lat' dir='ltr'><strong>esse</strong></span> <span class='ocrx_word' id='word_1_602' title='bbox 2362 3901 2603 3956; x_wconf 87' lang='lat' dir='ltr'><strong>confessi</strong></span> <span class='ocrx_word' id='word_1_603' title='bbox 2633 3907 2868 3963; x_wconf 77' lang='lat' dir='ltr'><strong>sunt,ex</strong></span> <span class='ocrx_word' id='word_1_604' title='bbox 2895 3913 3005 3969; x_wconf 92' lang='lat' dir='ltr'><strong>quo</strong></span> <span class='ocrx_word' id='word_1_605' title='bbox 3027 3904 3082 3953; x_wconf 91' lang='lat' dir='ltr'><strong>et</strong></span> <span class='ocrx_word' id='word_1_606' title='bbox 3107 3898 3162 3951; x_wconf 89' lang='lat' dir='ltr'><strong>in</strong></span> <span class='ocrx_word' id='word_1_607' title='bbox 3192 3897 3408 3953; x_wconf 86' lang='lat' dir='ltr'><strong>vincula</strong></span> 
     </span>
    </p>
   </div>
   <div class='ocr_carea' id='block_1_86' title="bbox 1835 3989 3408 4070">
    <p class='ocr_par' dir='ltr' id='par_1_86' title="bbox 1835 3989 3408 4070">
     <span class='ocr_line' id='line_1_87' title="bbox 1835 3989 3408 4070; baseline -0.008 -14"><span class='ocrx_word' id='word_1_608' title='bbox 1835 3999 2092 4070; x_wconf 77' lang='lat' dir='ltr'><strong>coniecti,</strong></span> <span class='ocrx_word' id='word_1_609' title='bbox 2125 4004 2178 4054; x_wconf 87' lang='lat' dir='ltr'><strong>et</strong></span> <span class='ocrx_word' id='word_1_610' title='bbox 2210 3995 2550 4051; x_wconf 86' lang='lat' dir='ltr'><strong>cruciatibus</strong></span> <span class='ocrx_word' id='word_1_611' title='bbox 2582 4001 2714 4049; x_wconf 90' lang='lat' dir='ltr'><strong>sunt</strong></span> <span class='ocrx_word' id='word_1_612' title='bbox 2739 3991 2918 4047; x_wconf 71' lang='lat' dir='ltr'><strong>affecti</strong></span> <span class='ocrx_word' id='word_1_613' title='bbox 2950 4009 2966 4044; x_wconf 88' lang='lat'><strong>:</strong></span> <span class='ocrx_word' id='word_1_614' title='bbox 2999 3989 3270 4059; x_wconf 87' lang='lat' dir='ltr'><strong>ejusmodi</strong></span> <span class='ocrx_word' id='word_1_615' title='bbox 3303 3989 3408 4044; x_wconf 87' lang='lat' dir='ltr'><strong>ho-</strong></span> 
     </span>
    </p>
   </div>
   <div class='ocr_carea' id='block_1_87' title="bbox 1835 4080 3408 4155">
    <p class='ocr_par' dir='ltr' id='par_1_87' title="bbox 1835 4080 3408 4155">
     <span class='ocr_line' id='line_1_88' title="bbox 1835 4080 3408 4155; baseline -0.01 -6"><span class='ocrx_word' id='word_1_616' title='bbox 1835 4094 2011 4148; x_wconf 89' lang='lat' dir='ltr'><strong>mines</strong></span> <span class='ocrx_word' id='word_1_617' title='bbox 2035 4107 2160 4146; x_wconf 89' lang='lat' dir='ltr'><strong>cum</strong></span> <span class='ocrx_word' id='word_1_618' title='bbox 2219 4088 2584 4146; x_wconf 76' lang='lat' dir='ltr'><strong>exsultatione</strong></span> <span class='ocrx_word' id='word_1_619' title='bbox 2624 4085 2802 4155; x_wconf 81' lang='lat' dir='ltr'><strong>excipi</strong></span> <span class='ocrx_word' id='word_1_620' title='bbox 2847 4093 3072 4140; x_wconf 82' lang='lat' dir='ltr'><strong>sanctus</strong></span> <span class='ocrx_word' id='word_1_621' title='bbox 3097 4081 3185 4135; x_wconf 84' lang='lat' dir='ltr'><strong>hic</strong></span> <span class='ocrx_word' id='word_1_622' title='bbox 3211 4080 3408 4134; x_wconf 89' lang='lat' dir='ltr'><strong>rationi</strong></span> 
     </span>
    </p>
   </div>
   <div class='ocr_carea' id='block_1_88' title="bbox 1835 4173 3407 4251">
    <p class='ocr_par' dir='ltr' id='par_1_88' title="bbox 1835 4173 3407 4251">
     <span class='ocr_line' id='line_1_89' title="bbox 1835 4173 3407 4251; baseline -0.01 -11"><span class='ocrx_word' id='word_1_623' title='bbox 1835 4191 2263 4240; x_wconf 87' lang='lat' dir='ltr'><strong>consentaneum</strong></span> <span class='ocrx_word' id='word_1_624' title='bbox 2284 4179 2496 4251; x_wconf 84' lang='lat' dir='ltr'><strong>judicat</strong></span> <span class='ocrx_word' id='word_1_625' title='bbox 2521 4197 2534 4232; x_wconf 95' lang='lat'>:</span> <span class='ocrx_word' id='word_1_626' title='bbox 2560 4185 2677 4233; x_wconf 89' lang='lat' dir='ltr'><strong>tum</strong></span> <span class='ocrx_word' id='word_1_627' title='bbox 2704 4177 2966 4231; x_wconf 89' lang='lat' dir='ltr'><strong>roborare</strong></span> <span class='ocrx_word' id='word_1_628' title='bbox 2988 4175 3160 4243; x_wconf 87' lang='lat' dir='ltr'><strong>ipsos,</strong></span> <span class='ocrx_word' id='word_1_629' title='bbox 3180 4173 3284 4227; x_wconf 89' lang='lat' dir='ltr'><strong>hoc</strong></span> <span class='ocrx_word' id='word_1_630' title='bbox 3299 4179 3407 4235; x_wconf 91' lang='lat' dir='ltr'><strong>est,</strong></span> 
     </span>
    </p>
   </div>
   <div class='ocr_carea' id='block_1_89' title="bbox 1837 4263 3410 4341">
    <p class='ocr_par' dir='ltr' id='par_1_89' title="bbox 1837 4263 3410 4341">
     <span class='ocr_line' id='line_1_90' title="bbox 1837 4263 3410 4341; baseline -0.008 -13"><span class='ocrx_word' id='word_1_631' title='bbox 1837 4277 2007 4340; x_wconf 86' lang='lat' dir='ltr'><strong>vires,</strong></span> <span class='ocrx_word' id='word_1_632' title='bbox 2033 4275 2266 4337; x_wconf 88' lang='lat' dir='ltr'><strong>animos,</strong></span> <span class='ocrx_word' id='word_1_633' title='bbox 2295 4272 2655 4341; x_wconf 87' lang='lat' dir='ltr'><strong>ﬁduciamque</strong></span> <span class='ocrx_word' id='word_1_634' title='bbox 2677 4267 2876 4323; x_wconf 86' lang='lat' dir='ltr'><strong>addere</strong></span> <span class='ocrx_word' id='word_1_635' title='bbox 2891 4281 2999 4337; x_wconf 90' lang='lat' dir='ltr'><strong>quo</strong></span> <span class='ocrx_word' id='word_1_636' title='bbox 3028 4263 3410 4335; x_wconf 83' lang='lat' dir='ltr'><strong>proﬁterentur</strong></span> 
     </span>
    </p>
   </div>
   <div class='ocr_carea' id='block_1_90' title="bbox 1837 4350 3410 4432">
    <p class='ocr_par' dir='ltr' id='par_1_90' title="bbox 1837 4350 3410 4432">
     <span class='ocr_line' id='line_1_91' title="bbox 1837 4350 3410 4432; baseline -0.01 -12"><span class='ocrx_word' id='word_1_637' title='bbox 1837 4365 2032 4432; x_wconf 84' lang='lat' dir='ltr'><strong>fidem;</strong></span> <span class='ocrx_word' id='word_1_638' title='bbox 2061 4378 2124 4417; x_wconf 92' lang='lat' dir='ltr'><strong>ac</strong></span> <span class='ocrx_word' id='word_1_639' title='bbox 2141 4363 2348 4418; x_wconf 85' lang='lat' dir='ltr'><strong>eisdem</strong></span> <span class='ocrx_word' id='word_1_640' title='bbox 2379 4363 2434 4416; x_wconf 91' lang='lat' dir='ltr'><strong>in</strong></span> <span class='ocrx_word' id='word_1_641' title='bbox 2457 4358 2715 4415; x_wconf 88' lang='lat' dir='ltr'><strong>omnibus</strong></span> <span class='ocrx_word' id='word_1_642' title='bbox 2739 4353 3168 4416; x_wconf 84' lang='lat' dir='ltr'><strong>communicare,</strong></span> <span class='ocrx_word' id='word_1_643' title='bbox 3207 4357 3320 4406; x_wconf 91' lang='lat' dir='ltr'><strong>tum</strong></span> <span class='ocrx_word' id='word_1_644' title='bbox 3354 4350 3410 4404; x_wconf 91' lang='lat' dir='ltr'><strong>in</strong></span> 
     </span>
    </p>
   </div>
   <div class='ocr_carea' id='block_1_91' title="bbox 153 4449 1730 4556">
    <p class='ocr_par' dir='ltr' id='par_1_91' title="bbox 153 4449 1730 4556">
     <span class='ocr_line' id='line_1_92' title="bbox 153 4449 1730 4556; baseline -0.01 -17"><span class='ocrx_word' id='word_1_645' title='bbox 153 4449 485 4556; x_wconf 72' lang='grc' dir='ltr'>προσευχαῖς</span> <span class='ocrx_word' id='word_1_646' title='bbox 515 4480 608 4534; x_wconf 76' lang='grc' dir='ltr'><strong>καὶ</strong></span> <span class='ocrx_word' id='word_1_647' title='bbox 642 4481 710 4549; x_wconf 79' lang='grc' dir='ltr'>τῇ</span> <span class='ocrx_word' id='word_1_648' title='bbox 756 4474 1053 4548; x_wconf 73' lang='grc' dir='ltr'>μεταλήψει</span> <span class='ocrx_word' id='word_1_649' title='bbox 1080 4473 1187 4527; x_wconf 82' lang='grc' dir='ltr'><strong>τῶν</strong></span> <span class='ocrx_word' id='word_1_650' title='bbox 1221 4473 1593 4544; x_wconf 83' lang='grc' dir='ltr'>ἀγιασμάτων,</span> <span class='ocrx_word' id='word_1_651' title='bbox 1642 4471 1730 4524; x_wconf 57' lang='grc' dir='ltr'><strong>καὶ</strong></span> 
     </span>
    </p>
   </div>
   <div class='ocr_carea' id='block_1_92' title="bbox 1836 4449 3408 4556">
    <p class='ocr_par' dir='ltr' id='par_1_92' title="bbox 1839 4449 3408 4556">
     <span class='ocr_line' id='line_1_93' title="bbox 1839 4449 3408 4529; baseline -0.012 -16"><span class='ocrx_word' id='word_1_652' title='bbox 1839 4457 2271 4529; x_wconf 88' lang='lat' dir='ltr'><strong>precationibus,</strong></span> <span class='ocrx_word' id='word_1_653' title='bbox 2289 4465 2403 4508; x_wconf 89' lang='lat' dir='ltr'><strong>tum</strong></span> <span class='ocrx_word' id='word_1_654' title='bbox 2430 4453 2486 4508; x_wconf 90' lang='lat' dir='ltr'><strong>in</strong></span> <span class='ocrx_word' id='word_1_655' title='bbox 2515 4449 2868 4523; x_wconf 90' lang='lat' dir='ltr'><strong>perceptione</strong></span> <span class='ocrx_word' id='word_1_656' title='bbox 2901 4454 3408 4508; x_wconf 78' lang='lat' dir='ltr'><strong>sacramentorum;</strong></span> 
     </span>
     <span class='ocr_line' id='line_1_94' title="bbox 1945 4534 3404 4556; baseline 0 0"><span class='ocrx_word' id='word_1_657' title='bbox 1945 4550 1992 4556; x_wconf 83' lang='lat'><strong>..</strong></span> <span class='ocrx_word' id='word_1_658' title='bbox 2217 4546 2250 4556; x_wconf 75' lang='grc' dir='ltr'><strong>ι.</strong></span> <span class='ocrx_word' id='word_1_659' title='bbox 2344 4553 2353 4556; x_wconf 42' lang='grc' dir='ltr'><em>Α</em></span> <span class='ocrx_word' id='word_1_660' title='bbox 2429 4546 2440 4556; x_wconf 87' lang='grc'><em>.</em></span> <span class='ocrx_word' id='word_1_661' title='bbox 2499 4544 2513 4556; x_wconf 75' lang='grc' dir='ltr'>ι</span> <span class='ocrx_word' id='word_1_662' title='bbox 2696 4547 2710 4556; x_wconf 75' lang='grc'><strong>.</strong></span> <span class='ocrx_word' id='word_1_663' title='bbox 2781 4539 2925 4556; x_wconf 25' lang='grc' dir='ltr'>ατί--</span> <span class='ocrx_word' id='word_1_664' title='bbox 2957 4537 3018 4556; x_wconf 70' lang='grc'><strong>-.1</strong></span> <span class='ocrx_word' id='word_1_665' title='bbox 3049 4534 3404 4556; x_wconf 58' lang='lat' dir='ltr'><strong>-,.L£L-_-J-....</strong></span> 
     </span>
    </p>
   </div>
   <div class='ocr_carea' id='block_1_93' title="bbox 152 4561 1736 4641">
    <p class='ocr_par' dir='ltr' id='par_1_93' title="bbox 152 4561 1736 4641">
     <span class='ocr_line' id='line_1_95' title="bbox 152 4561 1736 4641; baseline -0.011 -11"><span class='ocrx_word' id='word_1_666' title='bbox 152 4575 247 4630; x_wconf 78' lang='grc' dir='ltr'>διὰ</span> <span class='ocrx_word' id='word_1_667' title='bbox 297 4573 459 4640; x_wconf 89' lang='grc' dir='ltr'>λόγου</span> <span class='ocrx_word' id='word_1_668' title='bbox 511 4566 882 4641; x_wconf 83' lang='grc' dir='ltr'>παρακαλεῖν,</span> <span class='ocrx_word' id='word_1_669' title='bbox 924 4565 1043 4636; x_wconf 72' lang='grc' dir='ltr'>ἦτοι</span> <span class='ocrx_word' id='word_1_670' title='bbox 1091 4562 1375 4635; x_wconf 88' lang='grc' dir='ltr'>διεγείρειν</span> <span class='ocrx_word' id='word_1_671' title='bbox 1413 4562 1610 4624; x_wconf 80' lang='grc' dir='ltr'>αὐτοὺς</span> <span class='ocrx_word' id='word_1_672' title='bbox 1656 4561 1736 4623; x_wconf 90' lang='grc' dir='ltr'><strong>είς</strong></span> 
     </span>
    </p>
   </div>
   <div class='ocr_carea' id='block_1_94' title="bbox 152 4652 1735 4741">
    <p class='ocr_par' dir='ltr' id='par_1_94' title="bbox 152 4652 1735 4741">
     <span class='ocr_line' id='line_1_96' title="bbox 152 4652 1735 4741; baseline -0.011 -20"><span class='ocrx_word' id='word_1_673' title='bbox 152 4668 257 4741; x_wconf 82' lang='grc' dir='ltr'>τὴν</span> <span class='ocrx_word' id='word_1_674' title='bbox 299 4663 605 4737; x_wconf 85' lang='grc' dir='ltr'>μαρτυρίαν</span> <span class='ocrx_word' id='word_1_675' title='bbox 628 4700 644 4724; x_wconf 95' lang='grc'><strong>,</strong></span> <span class='ocrx_word' id='word_1_676' title='bbox 696 4659 784 4712; x_wconf 85' lang='grc' dir='ltr'>ἵνα</span> <span class='ocrx_word' id='word_1_677' title='bbox 835 4657 971 4729; x_wconf 80' lang='grc' dir='ltr'>πρὸς</span> <span class='ocrx_word' id='word_1_678' title='bbox 1017 4655 1108 4708; x_wconf 80' lang='grc' dir='ltr'><strong>τὸν</strong></span> <span class='ocrx_word' id='word_1_679' title='bbox 1155 4653 1343 4722; x_wconf 83' lang='grc' dir='ltr'>ἀγῶνα</span> <span class='ocrx_word' id='word_1_680' title='bbox 1389 4652 1735 4724; x_wconf 84' lang='grc' dir='ltr'>εὑτονώτεροι</span> 
     </span>
    </p>
   </div>
   <div class='ocr_carea' id='block_1_95' title="bbox 155 4739 1728 4828">
    <p class='ocr_par' dir='ltr' id='par_1_95' title="bbox 155 4739 1728 4828">
     <span class='ocr_line' id='line_1_97' title="bbox 155 4739 1728 4828; baseline -0.013 -16"><span class='ocrx_word' id='word_1_681' title='bbox 155 4739 444 4828; x_wconf 70' lang='grc' dir='ltr'>γένωνται.</span> <span class='ocrx_word' id='word_1_682' title='bbox 480 4754 575 4806; x_wconf 82' lang='grc' dir='ltr'><strong>καὶ</strong></span> <span class='ocrx_word' id='word_1_683' title='bbox 616 4750 714 4819; x_wconf 84' lang='grc' dir='ltr'>τῆς</span> <span class='ocrx_word' id='word_1_684' title='bbox 743 4745 1070 4817; x_wconf 80' lang='grc' dir='ltr'>ἐπουρανίου</span> <span class='ocrx_word' id='word_1_685' title='bbox 1106 4742 1382 4813; x_wconf 77' lang='grc' dir='ltr'>βασιλείας</span> <span class='ocrx_word' id='word_1_686' title='bbox 1409 4739 1728 4805; x_wconf 82' lang='grc' dir='ltr'>ἀξιωθῶσιν.</span> 
     </span>
    </p>
   </div>
   <div class='ocr_carea' id='block_1_96' title="bbox 158 4829 1735 4917">
    <p class='ocr_par' dir='ltr' id='par_1_96' title="bbox 158 4829 1735 4917">
     <span class='ocr_line' id='line_1_98' title="bbox 158 4829 1735 4917; baseline -0.015 -12"><span class='ocrx_word' id='word_1_687' title='bbox 158 4853 282 4905; x_wconf 79' lang='grc' dir='ltr'>ἰνα</span> <span class='ocrx_word' id='word_1_688' title='bbox 313 4848 371 4901; x_wconf 80' lang='grc' dir='ltr'>δὲ</span> <span class='ocrx_word' id='word_1_689' title='bbox 409 4845 504 4917; x_wconf 76' lang='grc' dir='ltr'>μὴ,</span> <span class='ocrx_word' id='word_1_690' title='bbox 535 4843 668 4896; x_wconf 86' lang='grc' dir='ltr'>διότι</span> <span class='ocrx_word' id='word_1_691' title='bbox 717 4837 1038 4892; x_wconf 81' lang='grc' dir='ltr'>πεπτώκασι</span> <span class='ocrx_word' id='word_1_692' title='bbox 1087 4833 1347 4896; x_wconf 83' lang='grc' dir='ltr'>θύσαντες</span> <span class='ocrx_word' id='word_1_693' title='bbox 1367 4872 1381 4896; x_wconf 97' lang='grc'><strong>,</strong></span> <span class='ocrx_word' id='word_1_694' title='bbox 1410 4829 1735 4903; x_wconf 76' lang='grc' dir='ltr'>νομίζωνται</span> 
     </span>
    </p>
   </div>
   <div class='ocr_carea' id='block_1_97' title="bbox 156 4924 1732 5003">
    <p class='ocr_par' dir='ltr' id='par_1_97' title="bbox 156 4924 1732 5003">
     <span class='ocr_line' id='line_1_99' title="bbox 156 4924 1732 5003; baseline -0.015 -6"><span class='ocrx_word' id='word_1_695' title='bbox 156 4961 300 4997; x_wconf 88' lang='grc' dir='ltr'>τισιν</span> <span class='ocrx_word' id='word_1_696' title='bbox 327 4940 562 5001; x_wconf 80' lang='grc' dir='ltr'>άδεκτοι,</span> <span class='ocrx_word' id='word_1_697' title='bbox 592 4934 786 5003; x_wconf 82' lang='grc' dir='ltr'>ἐπάγει</span> <span class='ocrx_word' id='word_1_698' title='bbox 812 4932 907 4986; x_wconf 77' lang='grc' dir='ltr'><strong>καὶ</strong></span> <span class='ocrx_word' id='word_1_699' title='bbox 941 4928 1244 5002; x_wconf 84' lang='grc' dir='ltr'>μαρτυρίαν</span> <span class='ocrx_word' id='word_1_700' title='bbox 1274 4927 1337 4979; x_wconf 79' lang='grc' dir='ltr'><strong>ἐκ</strong></span> <span class='ocrx_word' id='word_1_701' title='bbox 1363 4924 1462 4995; x_wconf 80' lang='grc' dir='ltr'>τῆς</span> <span class='ocrx_word' id='word_1_702' title='bbox 1489 4924 1732 4995; x_wconf 77' lang='grc' dir='ltr'>Γραφῆς,</span> 
     </span>
    </p>
   </div>
   <div class='ocr_carea' id='block_1_98' title="bbox 158 5015 1734 5095">
    <p class='ocr_par' dir='ltr' id='par_1_98' title="bbox 158 5015 1734 5095">
     <span class='ocr_line' id='line_1_100' title="bbox 158 5015 1734 5095; baseline -0.014 -6"><span class='ocrx_word' id='word_1_703' title='bbox 158 5034 237 5089; x_wconf 67' lang='grc' dir='ltr'>τό*</span> <span class='ocrx_word' id='word_1_704' title='bbox 267 5029 560 5095; x_wconf 80' lang='grc' dir='ltr'>Ἑπτάκις,</span> <span class='ocrx_word' id='word_1_705' title='bbox 581 5027 701 5079; x_wconf 78' lang='grc' dir='ltr'>ἀντὶ</span> <span class='ocrx_word' id='word_1_706' title='bbox 725 5023 840 5085; x_wconf 81' lang='grc' dir='ltr'>τοῦ,</span> <span class='ocrx_word' id='word_1_707' title='bbox 855 5020 1136 5086; x_wconf 88' lang='grc' dir='ltr'>πολλάκις,</span> <span class='ocrx_word' id='word_1_708' title='bbox 1153 5017 1420 5072; x_wconf 80' lang='grc' dir='ltr'>πεσεῖται</span> <span class='ocrx_word' id='word_1_709' title='bbox 1441 5019 1473 5070; x_wconf 86' lang='grc' dir='ltr'><strong>ό</strong></span> <span class='ocrx_word' id='word_1_710' title='bbox 1485 5015 1734 5082; x_wconf 79' lang='grc' dir='ltr'>δίκαιος,</span> 
     </span>
    </p>
   </div>
   <div class='ocr_carea' id='block_1_99' title="bbox 161 5105 1735 5187">
    <p class='ocr_par' dir='ltr' id='par_1_99' title="bbox 161 5105 1735 5187">
     <span class='ocr_line' id='line_1_101' title="bbox 161 5105 1735 5187; baseline -0.015 -7"><span class='ocrx_word' id='word_1_711' title='bbox 161 5125 258 5180; x_wconf 80' lang='grc' dir='ltr'>καὶ</span> <span class='ocrx_word' id='word_1_712' title='bbox 295 5119 724 5187; x_wconf 79' lang='grc' dir='ltr'>ἀναστήσεται.</span> <span class='ocrx_word' id='word_1_713' title='bbox 755 5115 927 5168; x_wconf 81' lang='grc' dir='ltr'>Τοῦτο</span> <span class='ocrx_word' id='word_1_714' title='bbox 965 5112 1045 5174; x_wconf 85' lang='grc' dir='ltr'>δὲ,</span> <span class='ocrx_word' id='word_1_715' title='bbox 1083 5111 1278 5182; x_wconf 77' lang='grc' dir='ltr'>φησὶν,</span> <span class='ocrx_word' id='word_1_716' title='bbox 1311 5109 1362 5162; x_wconf 85' lang='grc' dir='ltr'><strong>εί</strong></span> <span class='ocrx_word' id='word_1_717' title='bbox 1410 5108 1504 5160; x_wconf 72' lang='grc' dir='ltr'>καὶ</span> <span class='ocrx_word' id='word_1_718' title='bbox 1536 5105 1735 5169; x_wconf 82' lang='grc' dir='ltr'>πάντες</span> 
     </span>
    </p>
   </div>
   <div class='ocr_carea' id='block_1_100' title="bbox 159 5199 1735 5286">
    <p class='ocr_par' dir='ltr' id='par_1_100' title="bbox 159 5199 1735 5286">
     <span class='ocr_line' id='line_1_102' title="bbox 159 5199 1735 5286; baseline -0.015 -14"><span class='ocrx_word' id='word_1_719' title='bbox 159 5221 207 5272; x_wconf 81' lang='grc' dir='ltr'>οἱ</span> <span class='ocrx_word' id='word_1_720' title='bbox 239 5215 340 5286; x_wconf 77' lang='grc' dir='ltr'>τῆς</span> <span class='ocrx_word' id='word_1_721' title='bbox 366 5211 655 5285; x_wconf 87' lang='grc' dir='ltr'>ὁμολογίας</span> <span class='ocrx_word' id='word_1_722' title='bbox 682 5204 1096 5267; x_wconf 84' lang='grc' dir='ltr'>ἐκπεπτωκότες</span> <span class='ocrx_word' id='word_1_723' title='bbox 1121 5202 1404 5272; x_wconf 87' lang='grc' dir='ltr'>ἐποίησαν,</span> <span class='ocrx_word' id='word_1_724' title='bbox 1435 5199 1496 5252; x_wconf 74' lang='grc' dir='ltr'>τὸ</span> <span class='ocrx_word' id='word_1_725' title='bbox 1527 5200 1735 5252; x_wconf 84' lang='grc' dir='ltr'>ἀναπα-</span> 
     </span>
    </p>
   </div>
   <div class='ocr_carea' id='block_1_101' title="bbox 159 5291 1734 5377">
    <p class='ocr_par' dir='ltr' id='par_1_101' title="bbox 159 5291 1734 5377">
     <span class='ocr_line' id='line_1_103' title="bbox 159 5291 1734 5377; baseline -0.015 -13"><span class='ocrx_word' id='word_1_726' title='bbox 159 5312 343 5365; x_wconf 84' lang='grc' dir='ltr'>λαίσαι</span> <span class='ocrx_word' id='word_1_727' title='bbox 374 5305 474 5377; x_wconf 79' lang='grc' dir='ltr'>τὴν</span> <span class='ocrx_word' id='word_1_728' title='bbox 507 5303 737 5366; x_wconf 82' lang='grc' dir='ltr'>πτῶσιν,</span> <span class='ocrx_word' id='word_1_729' title='bbox 775 5299 868 5353; x_wconf 76' lang='grc' dir='ltr'>καὶ</span> <span class='ocrx_word' id='word_1_730' title='bbox 892 5295 1122 5351; x_wconf 84' lang='grc' dir='ltr'>ἐνώπιον</span> <span class='ocrx_word' id='word_1_731' title='bbox 1149 5294 1258 5347; x_wconf 82' lang='grc' dir='ltr'><strong>τῶν</strong></span> <span class='ocrx_word' id='word_1_732' title='bbox 1283 5291 1560 5362; x_wconf 84' lang='grc' dir='ltr'>τυράννων</span> <span class='ocrx_word' id='word_1_733' title='bbox 1599 5291 1734 5362; x_wconf 84' lang='grc' dir='ltr'>Χρι-</span> 
     </span>
    </p>
   </div>
   <div class='ocr_carea' id='block_1_102' title="bbox 162 5379 1737 5464">
    <p class='ocr_par' dir='ltr' id='par_1_102' title="bbox 162 5379 1737 5464">
     <span class='ocr_line' id='line_1_104' title="bbox 162 5379 1737 5464; baseline -0.015 -8"><span class='ocrx_word' id='word_1_734' title='bbox 162 5398 410 5460; x_wconf 78' lang='grc' dir='ltr'>στιανοὺς</span> <span class='ocrx_word' id='word_1_735' title='bbox 447 5391 782 5464; x_wconf 82' lang='grc' dir='ltr'>ὁμολογῆσαι</span> <span class='ocrx_word' id='word_1_736' title='bbox 815 5387 1064 5449; x_wconf 78' lang='grc' dir='ltr'>ἑαυτοὺς,</span> <span class='ocrx_word' id='word_1_737' title='bbox 1097 5381 1438 5447; x_wconf 80' lang='grc' dir='ltr'>ἀνεόείξαντο</span> <span class='ocrx_word' id='word_1_738' title='bbox 1471 5380 1537 5454; x_wconf 77' lang='grc' dir='ltr'><strong>[Ῑ.</strong></span> <span class='ocrx_word' id='word_1_739' title='bbox 1571 5379 1737 5453; x_wconf 78' lang='grc' dir='ltr'>ἐνεὸ-]</span> 
     </span>
    </p>
   </div>
   <div class='ocr_carea' id='block_1_103' title="bbox 160 5482 943 5556">
    <p class='ocr_par' dir='ltr' id='par_1_103' title="bbox 160 5482 943 5556">
     <span class='ocr_line' id='line_1_105' title="bbox 160 5482 943 5556; baseline -0.02 -7"><span class='ocrx_word' id='word_1_740' title='bbox 160 5495 226 5549; x_wconf 81' lang='grc' dir='ltr'>ἂν</span> <span class='ocrx_word' id='word_1_741' title='bbox 251 5486 600 5556; x_wconf 81' lang='grc' dir='ltr'>τελειοτάτην</span> <span class='ocrx_word' id='word_1_742' title='bbox 636 5482 943 5555; x_wconf 87' lang='grc' dir='ltr'>μετάνοιαν.</span> 
     </span>
    </p>
   </div>
   <div class='ocr_carea' id='block_1_104' title="bbox 263 5680 1404 5792">
    <p class='ocr_par' dir='ltr' id='par_1_104' title="bbox 263 5680 1404 5792">
     <span class='ocr_line' id='line_1_106' title="bbox 263 5680 1404 5792; baseline -0.011 -8"><span class='ocrx_word' id='word_1_743' title='bbox 263 5729 286 5756; x_wconf 79' lang='grc'><em>³</em></span> <span class='ocrx_word' id='word_1_744' title='bbox 313 5727 548 5792; x_wconf 82' lang='lat' dir='ltr'><strong>Philipp.</strong></span> <span class='ocrx_word' id='word_1_745' title='bbox 579 5737 663 5789; x_wconf 87' lang='grc' dir='ltr'>ιιι,</span> <span class='ocrx_word' id='word_1_746' title='bbox 700 5721 786 5776; x_wconf 70' lang='grc'><strong>14.</strong></span> <span class='ocrx_word' id='word_1_747' title='bbox 864 5720 891 5761; x_wconf 73' lang='lat' dir='ltr'><strong>b</strong></span> <span class='ocrx_word' id='word_1_748' title='bbox 926 5718 1084 5775; x_wconf 84' lang='lat' dir='ltr'><strong>Prov.</strong></span> <span class='ocrx_word' id='word_1_749' title='bbox 1116 5732 1262 5782; x_wconf 69' lang='lat' dir='ltr'><strong>xxxv,</strong></span> <span class='ocrx_word' id='word_1_750' title='bbox 1296 5680 1404 5772; x_wconf 29' lang='lat'><strong>16..</strong></span> 
     </span>
    </p>
   </div>
   <div class='ocr_carea' id='block_1_105' title="bbox 1843 4534 3408 4618">
    <p class='ocr_par' dir='ltr' id='par_1_105' title="bbox 1843 4534 3408 4618">
     <span class='ocr_line' id='line_1_107' title="bbox 1843 4534 3408 4618; baseline -0.012 -14"><span class='ocrx_word' id='word_1_751' title='bbox 1843 4550 2136 4618; x_wconf 89' lang='lat' dir='ltr'><strong>verbisque</strong></span> <span class='ocrx_word' id='word_1_752' title='bbox 2166 4546 2465 4610; x_wconf 88' lang='lat' dir='ltr'><strong>adhortari,</strong></span> <span class='ocrx_word' id='word_1_753' title='bbox 2499 4544 2604 4597; x_wconf 90' lang='lat' dir='ltr'><strong>hoc</strong></span> <span class='ocrx_word' id='word_1_754' title='bbox 2632 4547 2736 4603; x_wconf 92' lang='lat' dir='ltr'><strong>est,</strong></span> <span class='ocrx_word' id='word_1_755' title='bbox 2779 4539 2930 4609; x_wconf 87' lang='lat' dir='ltr'><strong>ipsos</strong></span> <span class='ocrx_word' id='word_1_756' title='bbox 2954 4537 3021 4591; x_wconf 89' lang='lat' dir='ltr'><strong>ad</strong></span> <span class='ocrx_word' id='word_1_757' title='bbox 3041 4534 3408 4590; x_wconf 74' lang='lat' dir='ltr'><strong>exhibendum</strong></span> 
     </span>
    </p>
   </div>
   <div class='ocr_carea' id='block_1_106' title="bbox 1843 4625 3409 4698">
    <p class='ocr_par' dir='ltr' id='par_1_106' title="bbox 1843 4625 3409 4698">
     <span class='ocr_line' id='line_1_108' title="bbox 1843 4625 3409 4698; baseline -0.011 -2"><span class='ocrx_word' id='word_1_758' title='bbox 1843 4640 1968 4696; x_wconf 88' lang='lat' dir='ltr'><strong>ﬁdei</strong></span> <span class='ocrx_word' id='word_1_759' title='bbox 1995 4637 2369 4694; x_wconf 88' lang='lat' dir='ltr'><strong>testimonium</strong></span> <span class='ocrx_word' id='word_1_760' title='bbox 2399 4636 2659 4698; x_wconf 82' lang='lat' dir='ltr'><strong>excitare,</strong></span> <span class='ocrx_word' id='word_1_761' title='bbox 2690 4640 2748 4686; x_wconf 90' lang='lat' dir='ltr'><strong>ut</strong></span> <span class='ocrx_word' id='word_1_762' title='bbox 2783 4630 3188 4684; x_wconf 87' lang='lat' dir='ltr'><strong>constantiores</strong></span> <span class='ocrx_word' id='word_1_763' title='bbox 3211 4627 3325 4682; x_wconf 86' lang='lat' dir='ltr'><strong>sint</strong></span> <span class='ocrx_word' id='word_1_764' title='bbox 3351 4625 3409 4678; x_wconf 85' lang='lat' dir='ltr'><strong>in</strong></span> 
     </span>
    </p>
   </div>
   <div class='ocr_carea' id='block_1_107' title="bbox 1838 4715 3406 4798">
    <p class='ocr_par' dir='ltr' id='par_1_107' title="bbox 1838 4715 3406 4798">
     <span class='ocr_line' id='line_1_109' title="bbox 1838 4715 3406 4798; baseline -0.013 -9"><span class='ocrx_word' id='word_1_765' title='bbox 1838 4733 2157 4798; x_wconf 87' lang='lat' dir='ltr'><strong>certamine,</strong></span> <span class='ocrx_word' id='word_1_766' title='bbox 2190 4743 2254 4784; x_wconf 90' lang='lat' dir='ltr'><strong>ac</strong></span> <span class='ocrx_word' id='word_1_767' title='bbox 2275 4727 2488 4783; x_wconf 63' lang='lat' dir='ltr'><strong>caelesti</strong></span> <span class='ocrx_word' id='word_1_768' title='bbox 2517 4739 2686 4796; x_wconf 71' lang='lat' dir='ltr'><strong>regno</strong></span> <span class='ocrx_word' id='word_1_769' title='bbox 2717 4715 3406 4793; x_wconf 80' lang='lat' dir='ltr'><strong>dignihabeantur.Verum</strong></span> 
     </span>
    </p>
   </div>
   <div class='ocr_carea' id='block_1_108' title="bbox 1838 4809 3408 4892">
    <p class='ocr_par' dir='ltr' id='par_1_108' title="bbox 1838 4809 3408 4892">
     <span class='ocr_line' id='line_1_110' title="bbox 1838 4809 3408 4892; baseline -0.01 -12"><span class='ocrx_word' id='word_1_770' title='bbox 1838 4840 1908 4880; x_wconf 88' lang='lat' dir='ltr'><strong>ne</strong></span> <span class='ocrx_word' id='word_1_771' title='bbox 1939 4840 2004 4878; x_wconf 78' lang='lat' dir='ltr'><strong>ex</strong></span> <span class='ocrx_word' id='word_1_772' title='bbox 2043 4838 2108 4878; x_wconf 90' lang='lat' dir='ltr'><strong>eo</strong></span> <span class='ocrx_word' id='word_1_773' title='bbox 2141 4821 2285 4892; x_wconf 82' lang='lat' dir='ltr'><strong>quod</strong></span> <span class='ocrx_word' id='word_1_774' title='bbox 2311 4819 2448 4890; x_wconf 87' lang='lat' dir='ltr'><strong>lapsi</strong></span> <span class='ocrx_word' id='word_1_775' title='bbox 2471 4825 2601 4873; x_wconf 88' lang='lat' dir='ltr'><strong>sunt</strong></span> <span class='ocrx_word' id='word_1_776' title='bbox 2638 4816 3035 4875; x_wconf 82' lang='lat' dir='ltr'><strong>sacriﬁcantes,</strong></span> <span class='ocrx_word' id='word_1_777' title='bbox 3066 4810 3217 4865; x_wconf 89' lang='lat' dir='ltr'><strong>nullo</strong></span> <span class='ocrx_word' id='word_1_778' title='bbox 3247 4809 3408 4864; x_wconf 80' lang='lat' dir='ltr'><strong>mod.)</strong></span> 
     </span>
    </p>
   </div>
   <div class='ocr_carea' id='block_1_109' title="bbox 1841 4901 3408 4983">
    <p class='ocr_par' dir='ltr' id='par_1_109' title="bbox 1841 4901 3408 4983">
     <span class='ocr_line' id='line_1_111' title="bbox 1841 4901 3408 4983; baseline -0.011 -12"><span class='ocrx_word' id='word_1_779' title='bbox 1841 4915 2156 4972; x_wconf 86' lang='lat' dir='ltr'><strong>admittendi</strong></span> <span class='ocrx_word' id='word_1_780' title='bbox 2182 4915 2251 4969; x_wconf 92' lang='lat' dir='ltr'><strong>ab</strong></span> <span class='ocrx_word' id='word_1_781' title='bbox 2283 4912 2558 4983; x_wconf 87' lang='lat' dir='ltr'><strong>aliquibus</strong></span> <span class='ocrx_word' id='word_1_782' title='bbox 2590 4909 2991 4972; x_wconf 81' lang='lat' dir='ltr'><strong>existimentur,</strong></span> <span class='ocrx_word' id='word_1_783' title='bbox 3035 4901 3408 4959; x_wconf 89' lang='lat' dir='ltr'><strong>testimonium</strong></span> 
     </span>
    </p>
   </div>
   <div class='ocr_carea' id='block_1_110' title="bbox 1842 4993 3410 5080">
    <p class='ocr_par' dir='ltr' id='par_1_110' title="bbox 1842 4993 3410 5080">
     <span class='ocr_line' id='line_1_112' title="bbox 1842 4993 3410 5080; baseline -0.012 -16"><span class='ocrx_word' id='word_1_784' title='bbox 1842 5025 2060 5080; x_wconf 87' lang='lat' dir='ltr'><strong>quoque</strong></span> <span class='ocrx_word' id='word_1_785' title='bbox 2090 5007 2221 5062; x_wconf 90' lang='lat' dir='ltr'><strong>illud</strong></span> <span class='ocrx_word' id='word_1_786' title='bbox 2247 5022 2313 5062; x_wconf 80' lang='lat' dir='ltr'><strong>ex</strong></span> <span class='ocrx_word' id='word_1_787' title='bbox 2341 5005 2516 5061; x_wconf 91' lang='lat' dir='ltr'><strong>sacris</strong></span> <span class='ocrx_word' id='word_1_788' title='bbox 2546 5001 2744 5056; x_wconf 85' lang='lat' dir='ltr'><strong>litteris</strong></span> <span class='ocrx_word' id='word_1_789' title='bbox 2773 4999 2980 5071; x_wconf 89' lang='lat' dir='ltr'><strong>profert</strong></span> <span class='ocrx_word' id='word_1_790' title='bbox 3005 5014 3018 5050; x_wconf 91' lang='lat'>:</span> <span class='ocrx_word' id='word_1_791' title='bbox 3048 4995 3270 5064; x_wconf 82' lang='lat' dir='ltr'><strong>Septies,</strong></span> <span class='ocrx_word' id='word_1_792' title='bbox 3305 4993 3410 5046; x_wconf 87' lang='lat' dir='ltr'><strong>bue</strong></span> 
     </span>
    </p>
   </div>
   <div class='ocr_carea' id='block_1_111' title="bbox 1844 5083 3410 5171">
    <p class='ocr_par' dir='ltr' id='par_1_111' title="bbox 1844 5083 3410 5171">
     <span class='ocr_line' id='line_1_113' title="bbox 1844 5083 3410 5171; baseline -0.013 -14"><span class='ocrx_word' id='word_1_793' title='bbox 1844 5111 1926 5157; x_wconf 89' lang='lat' dir='ltr'><strong>est</strong></span> <span class='ocrx_word' id='word_1_794' title='bbox 1960 5101 2182 5171; x_wconf 67' lang='lat' dir='ltr'><strong>saepius,</strong></span> <span class='ocrx_word' id='word_1_795' title='bbox 2214 5097 2362 5152; x_wconf 86' lang='lat' dir='ltr'><strong>cadet</strong></span> <span class='ocrx_word' id='word_1_796' title='bbox 2382 5096 2584 5166; x_wconf 84' lang='lat' dir='ltr'><strong>justus,</strong></span> <span class='ocrx_word' id='word_1_797' title='bbox 2619 5111 2682 5147; x_wconf 89' lang='lat' dir='ltr'><strong>ac</strong></span> <span class='ocrx_word' id='word_1_798' title='bbox 2716 5100 2969 5160; x_wconf 86' lang='lat' dir='ltr'><strong>resurget.</strong></span> <span class='ocrx_word' id='word_1_799' title='bbox 2995 5087 3108 5143; x_wconf 82' lang='lat' dir='ltr'><strong>[ioc</strong></span> <span class='ocrx_word' id='word_1_800' title='bbox 3133 5100 3283 5148; x_wconf 90' lang='lat' dir='ltr'><strong>vero,</strong></span> <span class='ocrx_word' id='word_1_801' title='bbox 3329 5083 3410 5137; x_wconf 92' lang='lat' dir='ltr'><strong>in-</strong></span> 
     </span>
    </p>
   </div>
   <div class='ocr_carea' id='block_1_112' title="bbox 1843 5177 3413 5263">
    <p class='ocr_par' dir='ltr' id='par_1_112' title="bbox 1843 5177 3413 5263">
     <span class='ocr_line' id='line_1_114' title="bbox 1843 5177 3413 5263; baseline -0.014 -14"><span class='ocrx_word' id='word_1_802' title='bbox 1843 5193 1985 5263; x_wconf 88' lang='lat' dir='ltr'><strong>quit,</strong></span> <span class='ocrx_word' id='word_1_803' title='bbox 2039 5192 2086 5247; x_wconf 91' lang='lat' dir='ltr'><strong>si</strong></span> <span class='ocrx_word' id='word_1_804' title='bbox 2143 5189 2235 5244; x_wconf 88' lang='lat' dir='ltr'><strong>alii</strong></span> <span class='ocrx_word' id='word_1_805' title='bbox 2284 5203 2475 5243; x_wconf 92' lang='lat' dir='ltr'><strong>omnes</strong></span> <span class='ocrx_word' id='word_1_806' title='bbox 2523 5185 2682 5256; x_wconf 88' lang='lat' dir='ltr'><strong>quia</strong></span> <span class='ocrx_word' id='word_1_807' title='bbox 2711 5180 3060 5238; x_wconf 85' lang='lat' dir='ltr'><strong>confessione</strong></span> <span class='ocrx_word' id='word_1_808' title='bbox 3089 5177 3413 5234; x_wconf 83' lang='lat' dir='ltr'><strong>exciderunt</strong></span> 
     </span>
    </p>
   </div>
   <div class='ocr_carea' id='block_1_113' title="bbox 1845 5274 3415 5350">
    <p class='ocr_par' dir='ltr' id='par_1_113' title="bbox 1845 5274 3415 5350">
     <span class='ocr_line' id='line_1_115' title="bbox 1845 5274 3415 5350; baseline -0.011 -11"><span class='ocrx_word' id='word_1_809' title='bbox 1845 5284 2125 5346; x_wconf 84' lang='lat' dir='ltr'><strong>fecissent,</strong></span> <span class='ocrx_word' id='word_1_810' title='bbox 2162 5290 2223 5334; x_wconf 90' lang='lat' dir='ltr'><strong>ut</strong></span> <span class='ocrx_word' id='word_1_811' title='bbox 2252 5289 2374 5350; x_wconf 89' lang='lat' dir='ltr'><strong>post</strong></span> <span class='ocrx_word' id='word_1_812' title='bbox 2425 5279 2635 5348; x_wconf 91' lang='lat' dir='ltr'><strong>lapsum</strong></span> <span class='ocrx_word' id='word_1_813' title='bbox 2671 5281 2953 5330; x_wconf 89' lang='lat' dir='ltr'><strong>certamen</strong></span> <span class='ocrx_word' id='word_1_814' title='bbox 2993 5274 3317 5341; x_wconf 90' lang='lat' dir='ltr'><strong>repeterent,</strong></span> <span class='ocrx_word' id='word_1_815' title='bbox 3349 5279 3415 5322; x_wconf 82' lang='lat' dir='ltr'><strong>ac</strong></span> 
     </span>
    </p>
   </div>
   <div class='ocr_carea' id='block_1_114' title="bbox 1845 5362 3416 5446">
    <p class='ocr_par' dir='ltr' id='par_1_114' title="bbox 1845 5362 3416 5446">
     <span class='ocr_line' id='line_1_116' title="bbox 1845 5362 3416 5446; baseline -0.013 -12"><span class='ocrx_word' id='word_1_816' title='bbox 1845 5393 1904 5433; x_wconf 90' lang='lat' dir='ltr'><strong>se</strong></span> <span class='ocrx_word' id='word_1_817' title='bbox 1936 5377 2085 5446; x_wconf 91' lang='lat' dir='ltr'><strong>ipsos</strong></span> <span class='ocrx_word' id='word_1_818' title='bbox 2115 5389 2296 5429; x_wconf 90' lang='lat' dir='ltr'><strong>coram</strong></span> <span class='ocrx_word' id='word_1_819' title='bbox 2322 5382 2569 5445; x_wconf 86' lang='lat' dir='ltr'><strong>tyramns</strong></span> <span class='ocrx_word' id='word_1_820' title='bbox 2621 5367 2962 5425; x_wconf 80' lang='lat' dir='ltr'><strong>Christianos</strong></span> <span class='ocrx_word' id='word_1_821' title='bbox 3008 5362 3416 5436; x_wconf 86' lang='lat' dir='ltr'><strong>proﬁterentur,</strong></span> 
     </span>
    </p>
   </div>
   <div class='ocr_carea' id='block_1_115' title="bbox 1847 5459 3321 5539">
    <p class='ocr_par' dir='ltr' id='par_1_115' title="bbox 1847 5459 3321 5539">
     <span class='ocr_line' id='line_1_117' title="bbox 1847 5459 3321 5539; baseline -0.012 -15"><span class='ocrx_word' id='word_1_822' title='bbox 1847 5469 2154 5526; x_wconf 85' lang='lat' dir='ltr'><strong>absolutam</strong></span> <span class='ocrx_word' id='word_1_823' title='bbox 2191 5465 2566 5539; x_wconf 68' lang='lat' dir='ltr'><strong>pmnitentiam</strong></span> <span class='ocrx_word' id='word_1_824' title='bbox 2601 5459 3014 5517; x_wconf 79' lang='lat' dir='ltr'><strong>iudicavissent.</strong></span> <span class='ocrx_word' id='word_1_825' title='bbox 3318 5469 3321 5471; x_wconf 94' lang='grc'><strong>·</strong></span> 
     </span>
    </p>
   </div>
  </div>
