3862 6158
485 245 598 306 485

1093 367 1326 424 CANON
1366 370 1452 424 IX.

559 478 581 513 ι
622 457 696 516 lis
721 477 940 533 quoque
961 463 1058 533 qui
1094 472 1354 534 tanquam
1389 479 1453 518 ex
1481 477 1676 519 somno
1708 463 1810 534 ipsi
1842 463 1910 518 ad
1941 479 2058 519 cer-

486 571 509 606 ¢
553 563 737 609 tamen
769 556 1103 626 parturiens,
1122 564 1177 611 et
1199 555 1413 611 trahere
1441 555 1725 618 differens,
1751 555 2062 626 prosiliunt,

487 665 507 699 ι
555 647 660 704 sibi
688 657 867 703 autem
899 663 1094 718 pugnae
1138 649 1461 712 maritimae.
1505 657 1560 702 et
1590 648 1776 704 multae
1812 648 2061 712 ﬂuxuum

485 759 506 793 ι
553 741 926 797 inundationis
980 742 1341 796 tentationem
1393 743 1712 807 attrahunt,
1752 744 1835 798 vel
1879 743 2062 814 potius

489 851 508 883 ι
556 831 818 886 fratribus
849 842 1195 902 peccatorum
1224 833 1520 888 carbonem
1566 833 1894 899 accendunt,
1926 836 2064 905 ipsis

487 943 506 975 ι
557 940 775 995 quoque
821 925 1338 979 communicandum
1370 933 1476 991 est,
1523 935 1583 980 ut
1615 928 1706 996 qui
1739 927 1792 982 in
1840 929 2060 984 nomine

489 1034 509 1067 ι
556 1016 763 1071 Christi
801 1016 869 1070 ad
910 1015 959 1069 id
996 1016 1219 1071 veniant
1249 1035 1261 1070 :
1297 1017 1401 1072 etsi
1429 1019 1596 1072 verba
1627 1020 1748 1088 ejus
1777 1035 1885 1075 non
1938 1021 2060 1075 ani-

483 1125 503 1158 ι
550 1105 899 1161 madvertant
933 1145 948 1169 ,
982 1107 1076 1176 qui
1107 1107 1270 1162 docet
1324 1123 1479 1161 orare
1504 1123 1566 1161 ne
1613 1109 1976 1179 ingrediantur
2003 1111 2060 1164 in

479 1218 499 1251 ι
547 1201 885 1254 tentationem
915 1211 942 1241 ι
979 1241 995 1264 ,
1047 1208 1101 1255 et
1138 1215 1262 1255 eum
1292 1215 1489 1256 rursus
1521 1202 1578 1255 in
1604 1201 1853 1257 oratione
1909 1200 2057 1256 Patri

477 1309 498 1343 ι
542 1292 747 1358 dicere,
769 1292 838 1346 Et
856 1309 918 1348 ne
945 1309 1039 1346 nos
1069 1292 1292 1348 inducas
1320 1294 1375 1347 in
1403 1294 1866 1358 tentationem,sed
1894 1295 2060 1350 libera

478 1404 500 1434 ο
535 1402 638 1440 nos
661 1403 694 1440 a
721 1386 866 1440 malo
893 1386 943 1439 ιι.
971 1383 1133 1440 Forte
1153 1395 1334 1440 autem
1353 1385 1518 1440 etiam
1545 1388 1795 1458 ignorant
1819 1396 2059 1458 patrem-

477 1498 496 1530 ι
546 1477 780 1534 familias
805 1487 858 1533 et
891 1477 1178 1532 Dominum
1216 1485 1488 1543 nostrum,
1545 1495 1688 1550 sape
1735 1481 1805 1535 ab
1851 1480 1920 1536 iis
1961 1481 2055 1550 qui

476 1588 496 1622 ι
541 1571 618 1625 illi
643 1570 890 1624 insidiari
923 1569 1198 1632 volebant,
1230 1570 1548 1633 secessisse,
1564 1579 1618 1625 et
1638 1571 1785 1642 quod
1805 1571 2054 1642 quando-

1513 253 1572 309 S.
1616 253 1823 310 PETRI
1859 252 2331 311 ALEXANDRINI
2364 254 2671 312 EPISCOPI

3650 267 3750 325 481

2788 371 3028 427 ΚΑΝΩΝ
3064 373 3144 430 Θθ.

2242 480 2260 513 ι
2302 463 2413 516 Καὶ
2433 465 2547 527 τοῖς
2579 462 2634 516 δὲ
2663 463 2812 518 ώσὰν
2850 465 2911 530 ἐξ
2948 465 3115 520 ὕπνου
3156 468 3382 532 ἑαυτοὺς
3407 463 3453 500 ⁸⁸
3489 485 3745 542 παραπη-

2170 570 2188 604 ι
2225 553 2391 608 δῶσιν
2415 557 2492 618 εἰς
2521 556 2610 608 τὸν
2639 556 2827 625 ἀγῶνα
2867 557 3124 612 ὠδίνοντα
3160 560 3255 614 καὶ
3284 560 3547 631 μέλλοντα
3587 562 3743 617 ἐλκῦ-

2169 665 2187 696 ι
2228 663 2339 710 σαι,
2376 648 2590 712 ἑαυτοῖς
2611 648 2670 702 δὲ
2703 651 3008 722 πειρασμὸν
3047 653 3517 724 ὲπισπασαμένοις
3550 655 3745 708 θαλατο

2169 756 2188 790 ι
2225 739 2494 809 τομαχίας
2524 740 2620 793 καὶ
2649 740 2850 810 πολλῆς
2889 741 3278 813 κυματώσεως,
3309 743 3507 814 μᾶλλον
3545 744 3603 798 δὲ
3653 745 3744 800 καὶ

2167 845 2188 878 ι
2223 831 2337 892 τοῖς
2367 830 2617 900 ἀδελφοῖς
2664 833 3120 903 προσεκκαίουσιν
3140 832 3386 904 ἄνθρακα
3408 835 3454 866 ²⁶
3485 837 3742 907 ἁμαρτω-

2167 933 2187 966 (
2227 917 2335 971 λῶν
2354 935 2368 948 ο
2399 919 2493 971 καὶ
2518 920 2700 984 αὐτοῖς
2729 923 3103 994 κοινωνητέον,
3135 923 3230 976 ἅτε
3257 923 3320 995 δὴ
3344 924 3410 956 ²⁶⁶
3439 926 3497 978 ὲν
3521 925 3742 996 ὀνόματι

2166 1023 2185 1056 ι
2223 1007 2459 1077 Χριστοῦ
2482 1010 2911 1081 παρερχομένοις
2930 1013 3009 1076 εἰς
3023 1012 3264 1078 τοῦτο,εί
3295 1015 3387 1068 καὶ
3414 1015 3488 1088 μὴ
3505 1017 3592 1048 ’⁸⁸⁸
3619 1033 3745 1088 προ-

2169 1114 2188 1147 ι
2226 1099 2473 1168 σέχουσιν
2495 1099 2660 1154 αὐτοῦ
2684 1102 2795 1166 τοῖς
2827 1101 3022 1172 λόγοις,
3045 1103 3385 1170 διδάσκοντος
3417 1109 3741 1177 προσεύχε-

2165 1207 2184 1240 ι
2225 1193 2364 1244 σθαι
2391 1191 2473 1261 μὴ
2499 1193 2796 1248 εἰσελθεῖν
2818 1197 2906 1260 εις
2930 1197 3262 1267 πειρασμὸν
3289 1199 3422 1266 ²⁶“”⁶,
3454 1200 3548 1252 καὶ
3579 1200 3739 1254 πάλιν

2165 1303 2183 1336 ι
2225 1287 2284 1338 ἐν
2308 1287 2439 1358 εὐχῇ
2458 1287 2635 1355 λέγειν
2661 1287 2740 1358 τῷ
2758 1287 2950 1360 Πατρίο
2980 1289 3088 1343 Kal
3105 1288 3193 1358 μὴ
3218 1290 3565 1361 εἰσενέγκῃς
3585 1289 3742 1361 ἡμᾶς

2164 1394 2183 1428 ι
2219 1381 2307 1443 εὶς
2327 1379 2680 1448 πειρασμὸν,
2707 1379 2869 1434 ἀλλὰ
2886 1380 3072 1448 ῥῦσαι
3101 1379 3258 1450 ἡμᾶς
3286 1383 3402 1436 ἀπὸ
3433 1382 3540 1436 τοῦ
3562 1400 3742 1452 πονη-

2164 1487 2183 1519 ι
2215 1468 2352 1536 ροῦ.
2389 1471 2548 1533 Ἴσως
2579 1469 2636 1522 δὲ
2661 1471 2754 1523 καὶ
2786 1469 3038 1538 ἀγνοοῦσι
3075 1470 3174 1534 τὰς
3207 1469 3466 1534 πολλάκις
3519 1470 3737 1543 γινομέ⁹

2163 1575 2182 1610 ι
2221 1576 2317 1622 νας
2331 1559 2443 1591 ²⁶⁶“
2455 1567 2467 1582 ’
2483 1560 2863 1634 ἀναχωρήσεις
2879 1559 2972 1614 τοῦ
2991 1559 3364 1614 οἰκοδεσπότου
3381 1562 3473 1613 καὶ
3486 1561 3738 1614 διδασκά-

473 1682 492 1714 s
538 1678 644 1732 que
679 1663 842 1717 etiam
876 1661 1044 1716 libere
1065 1659 1207 1731 apud
1226 1675 1322 1716 eos
1359 1676 1468 1715 non
1495 1661 1804 1726 incedebat,
1828 1669 1883 1717 et
1907 1663 2037 1732 quot

2163 1669 2182 1703 ι
2222 1651 2313 1706 λου
2339 1655 2371 1723 ἡ
2381 1652 2497 1724 μῶν
2535 1653 2643 1706 ἀπὸ
2669 1653 2778 1706 τῶν
2806 1653 3066 1708 θελόντων
3094 1653 3485 1719 ἐπιϐουλεύειν,
3515 1655 3611 1708 καὶ
3657 1656 3736 1708 ὅτι

473 1775 494 1806 ι
535 1755 698 1810 etiam
749 1753 968 1824 quando
1010 1755 1286 1823 passionis
1320 1761 1536 1824 tempus
1573 1755 2037 1828 appropinquavit.

2160 1764 2178 1796 ι
2217 1744 2327 1798 ἐσθ’
2358 1746 2448 1798 ὅτε
2471 1745 2590 1799 ουδὲ
2623 1747 2666 1777 ’⁷
2711 1746 2994 1818 παρρησίᾳ
3038 1746 3360 1818 περιεπάτει
3402 1747 3469 1800 δι’
3514 1746 3735 1812 αὐτοὺς,

471 1865 490 1898 ι
541 1862 648 1902 non
685 1862 743 1901 se
780 1849 960 1916 ipsum
996 1845 1238 1910 tradidit,
1265 1845 1358 1902 sed
1398 1849 1734 1916 exspectavit
1775 1847 1948 1902 donec
1985 1847 2037 1901 ac

2160 1856 2179 1888 ι
2217 1838 2311 1890 καὶ
2333 1837 2416 1890 ὅτι
2447 1838 2542 1892 καλ⁸
2564 1839 2610 1870 ’⁸
2639 1839 2729 1892 ὅτε
2749 1840 2778 1891 ό
2809 1838 3000 1910 καιρὸς
3023 1839 3116 1892 τοῦ
3147 1841 3350 1905 πάθους
3374 1842 3538 1895 αὑτοῦ
3563 1857 3739 1913 προσ⁵

473 1959 492 1992 ι
539 1957 664 1996 eum
692 1942 943 1994 venirent
971 1955 1094 1994 cum
1119 1938 1316 2009 gladiis
1367 1947 1424 1993 et
1463 1939 1720 1995 fustibus.
1747 1939 1890 1994 Dicit
1918 1956 2037 2011 ergt

2159 1947 2176 1979 ι
2217 1930 2466 2000 ήγγισεν,
2496 1931 2595 2001 οὐχ
2637 1930 2830 1984 ἑαυτὸν
2869 1931 3206 2002 παρέδωκεν,
3231 1932 3346 1985 ἀλλ’
3381 1932 3597 1997 ἐδέξατο
3630 1935 3736 1997 ἓως

471 2051 491 2084 ι
538 2034 657 2086 eis:
692 2029 968 2102 Tanquam
1005 2029 1074 2084 ad
1099 2029 1360 2084 latronem
1383 2030 1590 2084 exiistis
1618 2046 1736 2084 cum
1769 2030 1964 2101 gladiis
2000 2046 2037 2084 et

2157 2040 2177 2072 ι
2214 2017 2378 2092 ἦλθον
2410 2023 2496 2075 ἐπ’
2527 2023 2691 2076 αὐτὸν
2727 2023 2864 2094 μετὰ
2903 2025 3186 2098 μαχαιρῶν
3210 2024 3303 2078 καὶ
3333 2025 3524 2092 ξύλων.
3567 2026 3734 2093 Λέγει

469 2142 490 2176 ι
531 2123 760 2193 fustibus
817 2121 886 2174 ad
931 2137 1012 2175 me
1055 2118 1596 2189 comprehendendum
1635 2130 1682 2175 ε.
1734 2120 1838 2186 Qui
1885 2129 2037 2176 etiam

2153 2128 2172 2162 ι
2212 2110 2341 2179 γοῦν
2367 2111 2435 2142 ’δ’
2469 2112 2604 2184 πρὸς
2631 2115 2858 2178 αὐτούς·
2913 2111 3004 2182 Ὦς
3033 2117 3131 2170 ἐπὶ
3169 2115 3412 2185 λῃστὴν
3444 2115 3737 2181 ἐξήλθετε

469 2234 487 2277 ᾳ
537 2213 870 2268 tradiderunt
899 2213 1094 2282 ipsum,
1127 2211 1326 2281 inquit,
1351 2209 1531 2264 Pilato
1563 2209 1615 2266 ά.
1655 2209 1737 2264 Ad
1767 2211 1886 2280 ejus
1905 2224 2043 2280 quo-

467 2327 485 2358 ι
532 2321 638 2376 que
667 2305 1076 2360 similitudinem
1111 2305 1178 2360 iis
1212 2303 1434 2367 accidit,
1485 2304 1582 2374 qui
1636 2301 1759 2372 ejus
1817 2317 2044 2372 scopum

465 2415 484 2447 s
533 2397 637 2451 sibi
669 2404 1031 2468 proponentes
1082 2397 1368 2461 incedunt,
1405 2395 1720 2451 divinorum
1771 2394 1893 2464 ejus
1918 2409 2046 2448 ver-

465 2507 484 2540 ι
530 2489 723 2543 borum
755 2489 1050 2556 recordati,
1085 2490 1288 2560 quibus
1319 2503 1422 2544 nos
1453 2487 1810 2545 confirmans.
1841 2486 1908 2541 de
1925 2500 2043 2554 per-

465 2597 484 2631 ι
531 2580 904 2636 secutionibus
943 2579 1126 2636 dicit:
1187 2579 1457 2634 Attendite
1483 2578 1626 2633 vobis
1667 2579 1802 2647 ipsis
1834 2591 1853 2629 :
1928 2587 2040 2629 tra-

462 2687 484 2721 ι
527 2668 654 2723 dent
676 2671 814 2724 enim
839 2688 928 2726 vos
958 2671 1012 2724 in
1033 2670 1279 2734 concilia,
1303 2680 1354 2724 et
1394 2671 1450 2724 in
1490 2670 1601 2724 suis
1639 2669 1922 2740 synagogis
1949 2684 2037 2722 vos

463 2778 484 2812 ι
529 2761 873 2829 flagellabunt
911 2771 958 2816 θ.
997 2760 1229 2815 Tradent
1270 2768 1490 2826 autem,
1549 2760 1710 2825 dixit,
1757 2776 1888 2827 non,
1936 2775 2036 2815 vos

2153 2220 2171 2254 ι
2203 2204 2355 2272 μετὰ
2381 2203 2692 2273 μαχαιρῶν
2720 2206 2819 2258 καὶ
2849 2207 3050 2272 ξύλων
3079 2207 3415 2262 συλλαϐεῖν
3433 2202 3613 2277 με.οἶ
3639 2205 3734 2260 καὶ

2151 2312 2170 2345 ι
2210 2295 2560 2364 παρέδωκαν
2591 2297 2813 2363 αὐτὸν,
2850 2300 3004 2371 φησὶ,
3047 2299 3305 2366 Πιλάτῳ.
3356 2297 3495 2354 Καθ’
3546 2297 3731 2371 ὁμοιό-

2149 2403 2167 2436 t
2203 2402 2342 2458 τητα
2359 2386 2490 2456 γοῦν
2511 2387 2698 2453 αὑτοῦ,
2714 2390 2806 2443 καὶ
2824 2391 2873 2442 οἱ
2891 2389 3032 2443 κατὰ
3054 2391 3253 2460 σκοπὸν
3271 2389 3434 2444 αὑτοῦ
3453 2391 3730 2462 βαίνοντες

2148 2496 2166 2530 ι
2205 2479 2525 2546 πεπόνθασι,
2562 2483 2897 2553 μεμνημένοι
2943 2482 3053 2537 τῶν
3100 2483 3260 2538 θείων
3305 2484 3469 2538 αὐτοῦ
3509 2482 3688 2554 λόγων
3712 2526 3726 2544 .

2145 2588 2165 2620 t
2205 2570 2272 2623 δι’
2302 2563 2377 2625 ὧν
2405 2573 2770 2644 ἐπιστηρίζων
2789 2576 2936 2645 ἡμᾶς
2965 2577 3093 2648 περὶ
3121 2575 3230 2630 τῶν
3258 2576 3512 2647 διωγμῶν
3540 2576 3724 2646 λέγει·

2145 2679 2164 2712 ι
2206 2664 2542 2732 Προσέχετε
2578 2666 2622 2696 ²⁹
2663 2665 2897 2733 ἑαυτοῖς
2920 2684 2933 2697 ·
2968 2668 3394 2736 παραδώσουσι
3426 2669 3536 2738 γὰρ
3568 2670 3726 2739 ὑμᾶς

2143 2773 2162 2804 ι
2200 2759 2286 2822 εἰς
2305 2756 2612 2826 συνέδρια,
2636 2759 2734 2811 καὶ
2760 2759 2830 2811 ἐν
2857 2759 2986 2826 ταῖς
3006 2760 3381 2830 συναγωγαῖς
3399 2760 3600 2815 αὐτῶν
3612 2780 3727 2832 μα-

463 2869 483 2902 ι
530 2851 679 2920 ipsos
711 2850 977 2905 tradetis:
1013 2861 1061 2903 et
1089 2851 1158 2904 ad
1205 2852 1464 2919 principes
1507 2857 1558 2904 et
1602 2866 1745 2920 reges
1771 2849 2035 2904 ducemini

2146 2867 2161 2898 ι
2199 2848 2608 2920 στιγώσουσιν
2644 2849 2820 2919 ὑμᾶς.
2845 2851 3278 2920 Παραδώσουσι
3300 2853 3376 2916 δὲ,
3407 2849 3584 2919 εἷπεν,
3607 2855 3724 2908 ἀλλ’

461 2964 482 2995 ι
527 2955 737 3014 propter
767 2960 954 2997 nomen
983 2960 1154 2998 meum
1191 2943 1236 3005 τ,
1270 2929 1400 3007 nan,
1449 2958 1549 2998 vos
1597 2941 1746 3012 ipsos
1795 2941 2029 2997 ducetis.

2146 2957 2160 2990 ι
2201 2939 2323 3010 οὐχὶ
2348 2941 2414 2971 ³³*
2442 2941 2670 3004 ἑαυτοὺς
2699 2941 3069 3013 παραδώσετε·
3096 2943 3193 2996 καὶ
3215 2943 3312 2997 ἐπὶ
3335 2940 3639 3014 ἡγεμόνας
3656 2944 3725 2999 δὲ

461 3055 481 3086 ι
525 3033 661 3088 Nam
689 3050 790 3090 nos
825 3049 1044 3105 quoque
1073 3034 1241 3089 vulta
1272 3035 1392 3089 loco
1424 3035 1479 3088 in
1513 3035 1696 3088 locum
1731 3033 2027 3098 transilire,

2146 3053 2159 3085 ι
2200 3035 2297 3088 καὶ
2320 3035 2604 3102 ,Βασιλεῖς
2623 3037 2967 3106 ἀχθήσεσθε
3005 3039 3104 3094 διὰ
3132 3039 3194 3093 τό
3227 3040 3413 3110 ὄνομά
3431 3060 3575 3111 μου,
3605 3038 3722 3096 ἀλλ’

460 3147 479 3178 ι
526 3128 653 3182 dum
699 3136 827 3182 sunt
861 3128 952 3198 qui
1002 3143 1102 3183 nos
1141 3136 1546 3197 persequuntur
1573 3134 1796 3196 propter
1827 3141 2026 3181 nomen

2146 3143 2154 3175 τ
2196 3125 2317 3195 οὐχὶ
2341 3127 2452 3191 ²⁹“,
2479 3128 2705 3191 ἑαυτοὺς
2731 3129 2887 3196 ἄξετε
2907 3147 2920 3160 ·
2958 3130 3080 3184 ἐπεὶ
3113 3131 3204 3183 καὶ
3228 3133 3542 3204 μεταπηδᾷν
3571 3135 3723 3204 ἡμεῖς

460 3233 478 3267 ι
525 3216 664 3285 ejus.
703 3214 858 3270 Sicut
909 3232 1102 3272 rursus
1131 3232 1256 3271 eum
1287 3217 1557 3272 dicentem
1598 3216 1891 3272 audimus:
1958 3215 2030 3285 Et

2146 3235 2158 3268 r
2199 3217 2445 3288 βούλεται
2488 3220 2596 3274 ἀπὸ
2636 3221 2800 3273 τόπου
2839 3222 2920 3284 εἰς
2961 3223 3124 3274 τόπον
3147 3222 3190 3253 ³⁰
3231 3216 3595 3293 διωκομένους
3630 3223 3723 3279 διὰ

459 3328 478 3360 ι
517 3309 724 3380 quando
754 3325 842 3363 vos
873 3308 938 3362 ab
970 3308 1068 3363 hac
1089 3310 1301 3363 civitate
1329 3309 1590 3372 persecuti
1611 3308 1832 3378 fuerint,
1859 3309 2030 3379 fugite

2146 3327 2155 3361 ι
2193 3309 2252 3363 τὸ
2281 3311 2450 3383 ὄνομα
2478 3312 2642 3366 αὐτοῦ
2669 3331 2680 3344 υ
2710 3313 2785 3378 ὡς
2829 3315 2988 3368 πάλιν
3017 3313 3286 3384 ἀκούομεν
3320 3315 3484 3368 αὐτοῦ
3527 3316 3722 3386 λέγον-

457 3419 478 3451 s
523 3403 576 3454 in
611 3401 776 3455 aliam
813 3403 859 3456 ε.
887 3400 1005 3456 Non
1035 3402 1146 3456 vult
1171 3401 1317 3456 enim
1353 3416 1456 3456 nos
1505 3399 1575 3454 ad
1597 3399 1818 3454 ‘diaboli
1853 3400 2028 3471 stipa-

457 3514 476 3546 ι
521 3502 666 3549 tores
718 3496 1088 3566 satellitesque
1137 3493 1468 3565 confugere,
1541 3508 1610 3548 ne
1637 3491 1774 3562 ipsis
1804 3505 2025 3562 quoque

454 3607 474 3638 s
522 3586 832 3642 multifaria
862 3586 1058 3642 mortis
1089 3599 1259 3641 causa
1293 3585 1489 3646 simus,
1521 3591 1582 3638 ut
1604 3585 1698 3654 qui
1759 3584 1939 3654 ipsos,
1971 3594 2025 3640 et

453 3697 474 3730 ι
521 3681 828 3750 asperiores
855 3693 978 3734 esse
1007 3692 1298 3749 cogamus,
1329 3684 1383 3731 ct
1413 3690 1575 3746 opera
1594 3675 1871 3730 mortifera
1901 3691 2026 3745 per-

456 3789 474 3821 ι
523 3785 684 3840 agere
713 3788 728 3824 :
783 3770 874 3825 sed
926 3777 1270 3839 exspectare,
1305 3777 1359 3822 et
1390 3768 1550 3823 nobis
1581 3781 1798 3832 cavere,
1834 3767 2025 3837 vigila-

455 3880 474 3911 ι
526 3875 678 3930 reque
705 3867 754 3913 et
785 3876 960 3924 orare,
1011 3876 1074 3913 ne
1125 3859 1380 3913 intremus
1410 3859 1464 3911 in
1491 3858 1834 3912 tentationem
1859 3854 1909 3912 ι’.
1945 3858 2023 3912 lta

453 3971 474 4004 ι
525 3951 835 4024 Stephanus
859 3951 1091 4022 primus,
1121 3951 1242 4021 ejus
1273 3951 1521 4022 vestigiis
1551 3952 1837 4015 insistens,
1877 3965 2024 4004 mar-

453 4063 471 4096 ι
515 4044 716 4116 tyrium
745 4058 962 4115 passus,
980 4041 1372 4114 Hierosolymis
1394 4043 1462 4097 ab
1486 4042 1689 4113 iniquis
1711 4050 2018 4113 correptus,

453 4158 473 4191 ι
521 4149 576 4194 et
608 4139 662 4192 in
687 4138 981 4192 concilium
1009 4135 1229 4200 ductus,
1263 4135 1537 4208 lapidibus
1565 4136 1816 4197 obrutus,
1844 4136 1900 4191 in
1930 4151 2022 4191 no-

450 4244 470 4279 ι
517 4225 664 4279 mine
701 4224 904 4279 Christi
935 4223 1273 4294 glorificatus
1293 4231 1400 4290 est,
1445 4239 1666 4294 rogans,
1701 4233 1753 4280 et
1779 4225 1968 4281 dicens
2001 4243 2015 4277 :

447 4337 467 4369 ι
517 4317 756 4382 Domine,
781 4333 843 4371 ne
865 4325 1072 4370 statuas
1102 4315 1211 4370 illis
1240 4315 1335 4370 hoc
1365 4326 1637 4386 peccatum
1681 4319 1725 4371 i.
1759 4315 1839 4370 Ita
1865 4312 2020 4371 Jaco-

447 4433 468 4464 ι
515 4413 619 4469 bus
646 4410 923 4468 secundus
977 4411 1046 4466 ab
1077 4409 1293 4465 Herode
1325 4409 1778 4480 comprehensus,
1836 4408 2018 4480 gladio

446 4526 464 4558 ι
513 4506 690 4577 capite
719 4511 1010 4559 truncatus
1036 4511 1135 4559 est.
1171 4503 1249 4558 Ita
1280 4501 1477 4558 Petrus
1499 4502 1872 4572 apostolorum
1897 4503 2011 4572 pri-
2044 4481 2090 4541 Π

445 4615 464 4648 ι
511 4592 653 4660 mus,
690 4611 833 4667 saepe
872 4595 1336 4665 comprehensus,
1381 4600 1434 4648 et
1457 4593 1725 4648 custodiae
1753 4591 2008 4655 traditus,

442 4705 459 4739 ι
505 4686 914 4759 ignominiaque
968 4686 1215 4749 affectus,
1248 4693 1528 4756 postremo
1556 4683 1742 4738 Romae
1788 4681 2010 4737 cruciﬁ-

441 4803 460 4834 ‹
511 4799 614 4839 xus
641 4791 746 4838 est.
783 4781 1046 4836 Similiter
1081 4790 1136 4837 et
1179 4782 1422 4852 inclytus
1456 4779 1682 4844 Paulus,
1713 4794 1856 4849 sape
1897 4789 2012 4834 tra-

455 4895 473 4928 ι
522 4875 692 4939 ditus,
724 4882 779 4929 et
806 4873 874 4928 ad
909 4882 1141 4928 mortem
1164 4887 1340 4942 usque
1399 4871 1454 4924 in
1494 4870 1800 4940 periculum
1837 4868 2008 4924 addu-

441 4989 461 5022 ι
507 4976 650 5032 ctus,
669 4968 838 5021 multa
868 4968 1011 5022 mala
1033 4981 1349 5038 perpessus,
1371 4973 1426 5020 et
1447 4965 1502 5020 in
1528 4964 1716 5020 multis
1749 4979 2008 5034 persecu-

2135 3418 2155 3452 ι
2191 3417 2316 3464 τος·
2353 3401 2468 3455 Καὶ
2493 3401 2632 3457 ὅθεν
2663 3404 2737 3475 (2)
2759 3403 3049 3457 διώκωσιν
3070 3404 3220 3474 ὑμᾶς
3251 3405 3318 3458 ἐκ
3350 3404 3459 3474 τῆς
3477 3410 3722 3477 πόλεως

2133 3511 2154 3545 ι
2193 3495 2412 3562 ταύτης
2432 3496 2498 3561 ³¹,
2533 3497 2781 3567 φεύγετε
2806 3499 2894 3563 εις
2919 3496 3034 3565 τὴν
3055 3495 3296 3564 ἑτέραν
3331 3499 3392 3552 οὐ
3425 3499 3535 3571 γάρ
3571 3500 3721 3554 θέλει

2134 3603 2153 3636 ι
2190 3586 2508 3657 αὐτομολεῖν
2545 3589 2691 3659 ἡμᾶς
2722 3587 2860 3659 πρὸς
2912 3590 3038 3652 τοὺς
3067 3588 3159 3642 τοῦ
3193 3589 3438 3644 διαϐόλου
3471 3593 3722 3647 ὑπασπι-

2133 3693 2152 3726 ι
2195 3676 2324 3740 στὰς
2352 3677 2444 3730 καὶ
2472 3676 2822 3750 δορυφόρους,
2854 3679 3002 3741 ὅπως
3037 3678 3110 3750 μὴ
3142 3681 3234 3732 καὶ
3258 3681 3516 3735 πλειόνων
3546 3683 3722 3738 θανά-

2131 3787 2151 3820 (
2191 3786 2299 3823 των
2331 3770 2492 3824 αἴτιοι
2519 3772 2703 3834 αὐτοῖς
2729 3771 3008 3842 γινώμεθα
3037 3773 3127 3837 ³¹¹,
3158 3773 3231 3839 ὡς
3260 3773 3324 3827 ἂν
3359 3779 3721 3843 καταναγκὰι

2129 3879 2149 3912 ι
2189 3860 2370 3925 ζοντες
2398 3863 2593 3926 αὐτοὺς
2631 3862 2829 3934 μᾶλλον
2872 3865 3378 3936 κατατραχύνεσθαι
3417 3866 3512 3920 καὶ
3554 3867 3718 3921 τελε-

2129 3969 2149 4003 ι
2193 3956 2462 4023 σιουργεῖν
2509 3954 2578 4008 τὰ
2618 3953 2967 4028 θανατηφόρα
3012 3955 3180 4029 ἔργα⁸
3231 3955 3344 4009 ἀλλ’
3392 3957 3718 4027 ἐκδέχεσθαι

2129 4063 2147 4096 ι
2189 4045 2284 4099 καὶ
2313 4045 2598 4117 προσέχειν
2638 4047 2881 4110 ἑαυτοῖς,
2913 4047 3222 4116 γρηγορεῖν
3259 4065 3322 4102 τε
3371 4048 3466 4100 καὶ
3514 4061 3718 4117 προσ--

2128 4156 2147 4188 ι
2186 4139 2489 4208 εὔχεσθαι,
2522 4139 2624 4192 ἵνα
2661 4137 2748 4207 μὴ
2793 4137 3153 4208 εἰσέλθωμεν
3197 4140 3284 4204 εὶς
3343 4141 3713 4209 πειρασμόν.

2127 4247 2146 4281 ι
2187 4225 2343 4283 Οὕτω
2360 4230 2626 4300 Στέφανος
2647 4232 2880 4302 πρῶτος,
2901 4231 3018 4283 κατ’
3049 4231 3192 4301 ἴχνος
3215 4229 3378 4284 αὐτοῦ
3402 4231 3716 4302 μαρτύριον

2126 4338 2146 4372 ι
2186 4320 2598 4393 ἀναδεξάμενος,
2627 4322 2685 4375 ὲν
2733 4321 3123 4394 Ἱεροσολύμοις
3161 4322 3561 4393 συναρπασθεὶς
3595 4324 3715 4378 ὑπὸ

2125 4432 2145 4465 ι
2183 4413 2290 4467 τῶν
2319 4414 2681 4486 παρανόμων,
2714 4415 2808 4467 καὶ
2847 4414 3032 4486 ἀχθεὶς
3060 4415 3119 4467 ὲν
3149 4414 3226 4484 τῷ
3247 4415 3526 4486 συνεδρίῳ,
3556 4413 3716 4469 λιθο-

2124 4520 2144 4556 ι
2181 4503 2503 4576 6ολούμενος
2543 4507 2599 4558 ὲν
2628 4505 2853 4577 ὀνόματι
2893 4505 3130 4577 Χριστοῦ
3177 4505 3470 4577 ἐδοξάσθη,
3512 4525 3715 4579 Rapa-

2123 4615 2144 4647 ι
2184 4597 2362 4652 καλῶν
2412 4599 2506 4653 καὶ
2552 4597 2756 4668 λέγων’
2810 4601 2982 4666 Κύριε
3005 4639 3019 4662 ,
3065 4599 3150 4669 μὴ
3207 4599 3446 4669 στήσῃς
3492 4602 3714 4667 αὐτοῖς

2123 4705 2142 4738 ι
2180 4689 2406 4755 ταύτην
2434 4687 2526 4718 ³¹¹⁶
2553 4686 2669 4755 τὴν
2688 4688 3000 4756 ἁμαρτίαν.
3020 4687 3206 4751 Οὕτως
3231 4686 3484 4751 Ἰάκωϐος
3515 4686 3715 4739 δεύτε-

2121 4797 2140 4830 ι
2187 4797 2275 4852 ρος
2299 4779 2620 4850 συλληφθεὶς
2641 4781 2746 4834 ὑπὸ
2774 4779 3033 4851 Ἡρώδου,
3065 4781 3310 4852 μαχαίρᾳ
3331 4779 3430 4851 τὴν
3453 4779 3711 4850 κεφαλὴν

2121 4890 2140 4922 ι
2181 4872 2492 4944 ἀπετμήθη.
2521 4872 2707 4934 Οὕτως
2731 4874 2759 4926 ὁ
2788 4873 3079 4945 πρόκριτος
3105 4872 3214 4926 τῶν
3247 4871 3564 4927 ἀποστόλων
3594 4873 3710 4924 Πέ‹

2123 4981 2141 5015 ι
2181 4981 2306 5036 τρος
2331 5003 2348 5028 ,
2394 4964 2652 5028 πολλάκις
2685 4963 3007 5038 συλληφθεὶς
3061 4964 3157 5020 καὶ
3200 4964 3551 5034 φυλακισθεὶς
3603 4965 3705 5017 καὶ

504 5098 528 5128 ο
557 5085 752 5140 Matth.
786 5098 935 5150 xxvt,
959 5085 1048 5139 M.
1125 5084 1154 5125 ιι
1186 5081 1381 5139 Matth.
1416 5099 1493 5146 vr,
1527 5083 1681 5153 15.ίο
1717 5081 1914 5138 Matth.
1951 5099 2102 5148 xxvr,
2139 5082 2227 5138 55.
2294 5082 2322 5123 τι
2353 5082 2548 5138 Matth.
2579 5083 2833 5153 xxvn,2.
2877 5095 2901 5124 ε
2926 5083 3118 5138 Matth.
3144 5095 3200 5150 ι,
3229 5084 3315 5138 l7.
3377 5083 3398 5122 τ
3431 5083 3568 5138 ibid.
3605 5083 3700 5141 l8.

431 5166 458 5204 σ
491 5155 686 5212 Matth.
713 5172 769 5222 ι,
799 5156 892 5212 25.
969 5157 996 5196 ιι
1031 5153 1226 5210 Matth.
1275 5171 1424 5218 mn,
1451 5153 1540 5208 47.
1621 5152 1639 5191 ί
1673 5154 1793 5208 Act.
1855 5169 1949 5218 vn,
1995 5153 2086 5208 59.

1763 5274 1999 5331 VARIA‘J
2045 5272 2446 5331 LECTIONES.

500 5389 811 5461 ’⁸,ξαυτοϊς.
889 5390 936 5421 ’⁸
965 5388 1417 5461 προσεκκαίοντες
1457 5388 1779 5461 ἄνθρακαςῆ
1844 5389 1914 5422 ’θ’

433 5458 695 5519 εἰσελθεῖν
722 5462 805 5522 είς
827 5458 1134 5532 πειρασμόν
1155 5461 1320 5516 deest.
1416 5458 1882 5530 ¹⁶“’“’γενομένας
1899 5459 2179 5522 πολλάκις.
2252 5458 2297 5492 ¹⁷
2317 5458 2464 5514 οὔτε.

433 5528 500 5563 ’⁸⁵
535 5529 654 5598 οὐχ.
732 5530 824 5561 ³⁸⁸⁸
850 5531 969 5600 οὐχ.
1043 5531 1088 5561 ³⁸
1113 5531 1292 5585 τόπων
1323 5533 1410 5594 εἰς,
1435 5529 1653 5594 τόπους.
1729 5530 1771 5561 ³¹
1805 5531 1999 5584 ὃτανω
2037 5532 2095 5584 ὲν
2124 5533 2189 5602 τῇ
2220 5531 2373 5584 πόλει
2398 5530 2501 5586 ταῦ

1805 5547 1999 5584 οτανω
2037 5547 2095 5584 εν
2124 5547 2189 5602 τῃ
2220 5547 2373 5584 ποΛει
2398 5548 2594 5604 ταυτῃ.

433 5528 500 5563 η-
535 5529 654 5598 οδχ,
732 5530 824 5561 ﬂ“
850 5528 969 5600 οὐχ,
1043 5531 1088 5561 ³⁸
1113 5531 1292 5585 τόπων
1323 5533 1410 5594 εἰς,
1435 5529 1653 5594 τόπους.

499 5644 578 5715 (2)
607 5645 718 5699 Καὶ
757 5645 915 5719 (ὅθεν.
971 5645 1028 5700 In
1058 5647 1322 5719 ms._cod.
1376 5649 1703 5719 bombycino
1736 5649 2012 5719 amplissi-

426 5717 503 5774 mi
539 5717 810 5773 senatoris
854 5715 1119 5773 Bernardi
1171 5717 1329 5788 Nani,
1386 5718 1481 5774 fol.
1518 5715 1645 5787 2'08,
1671 5719 1762 5774 ubi
1793 5715 2013 5777 sistant

2127 5389 2217 5421 ""
2252 5390 2329 5492 μή
2360 5390 2536 5446 deest.
2641 5391 2752 5423 W“
2781 5390 3130 5480 διδάσκοντος
3163 5387 3567 5462 προσεύχεσθαι
3614 5388 3705 5464 μὴ

2127 5477 2179 5516 ης.
2325 5459 2464 5514 οὔτε.
2546 5459 2591 5498 ³⁸
2613 5460 2765 5516 deest
2797 5479 2911 5516 και,
2978 5462 3047 5494 ”‘
3069 5477 3183 5514 ουν.
3261 5462 3306 5492 ³⁸
3337 5459 3698 5516 προσέγεται.

2325 5475 2464 5514 ουτε.
2546 5475 2591 5498 ιε’
2613 5475 2765 5516 aeeSt
2797 5475 2911 5516 και,
2978 5475 3047 5494 ι’-
3069 5475 3183 5514 ουν.
3261 5475 3306 5492 ⁸·
3337 5475 3698 5532 προσέχεται.

2325 5549 2373 5584 ει
2398 5530 2594 5602 ταῦτῃ.
2673 5531 2740 5563 ³³⁸
2774 5529 3076 5602 γενώμεθα.
3152 5532 3242 5562 ³¹⁹⁸
3268 5529 3478 5602 ταύτην
3503 5545 3616 5586 om.

2119 5664 2360 5722 canones
2407 5649 2595 5722 9,_l0,
2639 5650 2730 5714 12,
2766 5650 2978 5722 15,14,
3025 5649 3117 5706 hic
3165 5649 3364 5722 legitur
3412 5649 3507 5705 καὶ
3533 5649 3706 5719 ὅταν,

2119 5727 2178 5777 ut
2207 5721 2262 5776 in
2294 5727 2448 5778 textu
2480 5720 2670 5779 Matth.
2703 5739 2758 5792 χ,
2783 5721 2874 5778 95.
