  <div class='ocr_page' id='page_1' title='image "/cluster/home/n/w/nwhite01/storage/ocr_20150623/18/nnc1.0046978550/250.png"; bbox 0 0 3862 6158; ppageno 0'>
   <div class='ocr_carea' id='block_1_1' title="bbox 156 272 262 328">
    <p class='ocr_par' dir='ltr' id='par_1_1' title="bbox 156 272 262 328">
     <span class='ocr_line' id='line_1_1' title="bbox 156 272 262 328; baseline -0.038 0"><span class='ocrx_word' id='word_1_1' title='bbox 156 272 262 328; x_wconf 64' lang='lat'><strong>‘85</strong></span> 
     </span>
    </p>
   </div>
   <div class='ocr_carea' id='block_1_2' title="bbox 1377 279 2116 342">
    <p class='ocr_par' dir='ltr' id='par_1_2' title="bbox 1377 279 2116 342">
     <span class='ocr_line' id='line_1_2' title="bbox 1377 279 2116 342; baseline 0.008 -7"><span class='ocrx_word' id='word_1_2' title='bbox 1377 279 1710 336; x_wconf 73' lang='lat' dir='ltr'><strong>EPISTOLA</strong></span> <span class='ocrx_word' id='word_1_3' title='bbox 1751 283 2116 342; x_wconf 75' lang='lat' dir='ltr'><strong>CANONICA.</strong></span> 
     </span>
    </p>
   </div>
   <div class='ocr_carea' id='block_1_3' title="bbox 3291 293 3396 350">
    <p class='ocr_par' dir='ltr' id='par_1_3' title="bbox 3291 293 3396 350">
     <span class='ocr_line' id='line_1_3' title="bbox 3291 293 3396 350; baseline 0.029 -3"><span class='ocrx_word' id='word_1_4' title='bbox 3291 293 3396 350; x_wconf 72' lang='grc' dir='ltr'>ιεσ</span> 
     </span>
    </p>
   </div>
   <div class='ocr_carea' id='block_1_4' title="bbox 157 396 1702 478">
    <p class='ocr_par' dir='ltr' id='par_1_4' title="bbox 157 396 1702 473">
     <span class='ocr_line' id='line_1_4' title="bbox 157 396 1702 473; baseline 0.006 -25"><span class='ocrx_word' id='word_1_5' title='bbox 157 411 180 448; x_wconf 72' lang='grc' dir='ltr'><strong>ι</strong></span> <span class='ocrx_word' id='word_1_6' title='bbox 218 396 560 467; x_wconf 85' lang='grc' dir='ltr'>ἀτιμασθεὶς,</span> <span class='ocrx_word' id='word_1_7' title='bbox 586 396 808 469; x_wconf 74' lang='grc' dir='ltr'>ὕστερον</span> <span class='ocrx_word' id='word_1_8' title='bbox 837 399 895 451; x_wconf 88' lang='grc' dir='ltr'><strong>ἐν</strong></span> <span class='ocrx_word' id='word_1_9' title='bbox 921 397 1105 471; x_wconf 82' lang='grc' dir='ltr'>Ῥώμη</span> <span class='ocrx_word' id='word_1_10' title='bbox 1122 399 1438 473; x_wconf 74' lang='grc' dir='ltr'><strong>ἐσταυρώθη</strong></span> <span class='ocrx_word' id='word_1_11' title='bbox 1461 402 1702 472; x_wconf 77' lang='grc' dir='ltr'><strong>(5).³²Κα</strong></span> 
     </span>
    </p>
   </div>
   <div class='ocr_carea' id='block_1_5' title="bbox 1810 396 3400 478">
    <p class='ocr_par' dir='ltr' id='par_1_5' title="bbox 1841 405 3400 478">
     <span class='ocr_line' id='line_1_5' title="bbox 1841 405 3400 478; baseline 0.005 -22"><span class='ocrx_word' id='word_1_12' title='bbox 1841 422 1858 456; x_wconf 76' lang='grc' dir='ltr'><strong>ι</strong></span> <span class='ocrx_word' id='word_1_13' title='bbox 1909 405 2150 462; x_wconf 90' lang='lat' dir='ltr'><strong>tionibus</strong></span> <span class='ocrx_word' id='word_1_14' title='bbox 2200 405 2700 478; x_wconf 69' lang='lat' dir='ltr'><strong>afﬂictionibusque</strong></span> <span class='ocrx_word' id='word_1_15' title='bbox 2757 406 3039 477; x_wconf 74' lang='lat' dir='ltr'><strong>gloriatus,</strong></span> <span class='ocrx_word' id='word_1_16' title='bbox 3102 409 3155 463; x_wconf 92' lang='lat' dir='ltr'><strong>in</strong></span> <span class='ocrx_word' id='word_1_17' title='bbox 3211 409 3400 465; x_wconf 88' lang='lat' dir='ltr'><strong>eadem</strong></span> 
     </span>
    </p>
   </div>
   <div class='ocr_carea' id='block_1_6' title="bbox 154 488 1724 564">
    <p class='ocr_par' dir='ltr' id='par_1_6' title="bbox 154 488 1724 564">
     <span class='ocr_line' id='line_1_6' title="bbox 154 488 1724 564; baseline 0.004 -23"><span class='ocrx_word' id='word_1_18' title='bbox 154 504 180 542; x_wconf 68' lang='grc' dir='ltr'><strong><em>ι</em></strong></span> <span class='ocrx_word' id='word_1_19' title='bbox 211 488 242 542; x_wconf 82' lang='grc' dir='ltr'><strong><em>ὁ</em></strong></span> <span class='ocrx_word' id='word_1_20' title='bbox 285 488 610 560; x_wconf 78' lang='grc' dir='ltr'>περιϐόητος</span> <span class='ocrx_word' id='word_1_21' title='bbox 640 489 887 556; x_wconf 81' lang='grc' dir='ltr'><strong>Παῦλος,</strong></span> <span class='ocrx_word' id='word_1_22' title='bbox 931 490 1218 556; x_wconf 82' lang='grc' dir='ltr'>πλεονάκις</span> <span class='ocrx_word' id='word_1_23' title='bbox 1259 493 1580 564; x_wconf 76' lang='grc' dir='ltr'><strong>παραδοθεὶς</strong></span> <span class='ocrx_word' id='word_1_24' title='bbox 1631 497 1724 548; x_wconf 82' lang='grc' dir='ltr'><strong>καὶ</strong></span> 
     </span>
    </p>
   </div>
   <div class='ocr_carea' id='block_1_7' title="bbox 155 580 1724 660">
    <p class='ocr_par' dir='ltr' id='par_1_7' title="bbox 155 580 1724 660">
     <span class='ocr_line' id='line_1_7' title="bbox 155 580 1724 660; baseline 0.006 -26"><span class='ocrx_word' id='word_1_25' title='bbox 155 598 181 634; x_wconf 75' lang='grc' dir='ltr'>ι</span> <span class='ocrx_word' id='word_1_26' title='bbox 215 580 326 646; x_wconf 68' lang='grc' dir='ltr'>ἕως</span> <span class='ocrx_word' id='word_1_27' title='bbox 369 581 602 636; x_wconf 89' lang='grc' dir='ltr'>θανάτου</span> <span class='ocrx_word' id='word_1_28' title='bbox 628 585 1002 650; x_wconf 84' lang='grc' dir='ltr'><strong>κινδυνεύσας,</strong></span> <span class='ocrx_word' id='word_1_29' title='bbox 1033 587 1202 642; x_wconf 86' lang='grc' dir='ltr'>πολλά</span> <span class='ocrx_word' id='word_1_30' title='bbox 1241 605 1300 640; x_wconf 89' lang='grc' dir='ltr'><strong>τε</strong></span> <span class='ocrx_word' id='word_1_31' title='bbox 1342 589 1582 660; x_wconf 77' lang='grc' dir='ltr'><strong>ἀθλήσας</strong></span> <span class='ocrx_word' id='word_1_32' title='bbox 1629 592 1724 643; x_wconf 62' lang='grc' dir='ltr'><strong>καὶ⁸</strong></span> 
     </span>
    </p>
   </div>
   <div class='ocr_carea' id='block_1_8' title="bbox 153 671 1718 746">
    <p class='ocr_par' dir='ltr' id='par_1_8' title="bbox 153 671 1718 746">
     <span class='ocr_line' id='line_1_8' title="bbox 153 671 1718 746; baseline 0.001 -20"><span class='ocrx_word' id='word_1_33' title='bbox 153 689 178 726; x_wconf 73' lang='lat'><strong>0</strong></span> <span class='ocrx_word' id='word_1_34' title='bbox 213 671 634 743; x_wconf 71' lang='grc' dir='ltr'>καυχησάμενος</span> <span class='ocrx_word' id='word_1_35' title='bbox 674 675 730 726; x_wconf 90' lang='grc' dir='ltr'><strong>ἐν</strong></span> <span class='ocrx_word' id='word_1_36' title='bbox 771 673 982 737; x_wconf 80' lang='grc' dir='ltr'><strong>πολλοῖς</strong></span> <span class='ocrx_word' id='word_1_37' title='bbox 1024 676 1281 746; x_wconf 83' lang='grc' dir='ltr'><strong>διωγμοῖς</strong></span> <span class='ocrx_word' id='word_1_38' title='bbox 1326 677 1419 730; x_wconf 75' lang='grc' dir='ltr'><strong>καὶ</strong></span> <span class='ocrx_word' id='word_1_39' title='bbox 1451 675 1718 746; x_wconf 73' lang='grc' dir='ltr'>θλίψεσιν,</span> 
     </span>
    </p>
   </div>
   <div class='ocr_carea' id='block_1_9' title="bbox 152 766 1720 840">
    <p class='ocr_par' dir='ltr' id='par_1_9' title="bbox 152 766 1720 840">
     <span class='ocr_line' id='line_1_9' title="bbox 152 766 1720 840; baseline 0.003 -24"><span class='ocrx_word' id='word_1_40' title='bbox 152 781 175 816; x_wconf 75' lang='grc' dir='ltr'><strong>ι</strong></span> <span class='ocrx_word' id='word_1_41' title='bbox 214 766 274 817; x_wconf 82' lang='grc' dir='ltr'><strong>ἐν</strong></span> <span class='ocrx_word' id='word_1_42' title='bbox 301 769 369 836; x_wconf 81' lang='grc' dir='ltr'>τῇ</span> <span class='ocrx_word' id='word_1_43' title='bbox 406 767 541 836; x_wconf 83' lang='grc' dir='ltr'>αὐτῇ</span> <span class='ocrx_word' id='word_1_44' title='bbox 582 766 733 819; x_wconf 88' lang='grc' dir='ltr'>πόλει</span> <span class='ocrx_word' id='word_1_45' title='bbox 768 767 862 820; x_wconf 77' lang='grc' dir='ltr'><strong>καὶ</strong></span> <span class='ocrx_word' id='word_1_46' title='bbox 898 767 1058 830; x_wconf 77' lang='grc' dir='ltr'>αὐτὸς</span> <span class='ocrx_word' id='word_1_47' title='bbox 1089 768 1332 840; x_wconf 73' lang='grc' dir='ltr'>μαχαίρᾳ</span> <span class='ocrx_word' id='word_1_48' title='bbox 1355 768 1452 839; x_wconf 84' lang='grc' dir='ltr'>τὴν</span> <span class='ocrx_word' id='word_1_49' title='bbox 1480 769 1720 840; x_wconf 78' lang='grc' dir='ltr'>κεφαλὴν</span> 
     </span>
    </p>
   </div>
   <div class='ocr_carea' id='block_1_10' title="bbox 153 849 1720 928">
    <p class='ocr_par' dir='ltr' id='par_1_10' title="bbox 153 849 1720 928">
     <span class='ocr_line' id='line_1_10' title="bbox 153 849 1720 928; baseline 0.004 -25"><span class='ocrx_word' id='word_1_50' title='bbox 153 869 174 902; x_wconf 69' lang='grc' dir='ltr'><strong>ε</strong></span> <span class='ocrx_word' id='word_1_51' title='bbox 211 851 527 924; x_wconf 81' lang='grc' dir='ltr'><strong>ἀπετμήθη·</strong></span> <span class='ocrx_word' id='word_1_52' title='bbox 556 853 614 916; x_wconf 85' lang='grc' dir='ltr'>ὃς</span> <span class='ocrx_word' id='word_1_53' title='bbox 638 855 695 906; x_wconf 89' lang='grc' dir='ltr'><strong>ἐν</strong></span> <span class='ocrx_word' id='word_1_54' title='bbox 732 849 812 917; x_wconf 76' lang='grc' dir='ltr'><strong>οἷς</strong></span> <span class='ocrx_word' id='word_1_55' title='bbox 839 855 1200 927; x_wconf 79' lang='grc' dir='ltr'>ἐκαυχήσατο,</span> <span class='ocrx_word' id='word_1_56' title='bbox 1234 857 1493 928; x_wconf 78' lang='grc' dir='ltr'>κατέληξε</span> <span class='ocrx_word' id='word_1_57' title='bbox 1521 859 1608 889; x_wconf 71' lang='grc'><strong>³⁸⁸·</strong></span> <span class='ocrx_word' id='word_1_58' title='bbox 1638 859 1720 910; x_wconf 85' lang='grc' dir='ltr'>ὅτι</span> 
     </span>
    </p>
   </div>
   <div class='ocr_carea' id='block_1_11' title="bbox 151 945 1719 1020">
    <p class='ocr_par' dir='ltr' id='par_1_11' title="bbox 151 945 1719 1020">
     <span class='ocr_line' id='line_1_11' title="bbox 151 945 1719 1020; baseline 0.005 -26"><span class='ocrx_word' id='word_1_59' title='bbox 151 962 170 992; x_wconf 71' lang='grc' dir='ltr'><strong>ι</strong></span> <span class='ocrx_word' id='word_1_60' title='bbox 213 946 311 996; x_wconf 74' lang='grc' dir='ltr'>καὶ</span> <span class='ocrx_word' id='word_1_61' title='bbox 340 945 430 976; x_wconf 80' lang='grc'>³²⁶⁶</span> <span class='ocrx_word' id='word_1_62' title='bbox 455 947 513 997; x_wconf 86' lang='grc' dir='ltr'><strong>ἐν</strong></span> <span class='ocrx_word' id='word_1_63' title='bbox 532 947 806 1016; x_wconf 86' lang='grc' dir='ltr'>Δαμασκῷ</span> <span class='ocrx_word' id='word_1_64' title='bbox 829 949 1045 1019; x_wconf 83' lang='grc' dir='ltr'>σπυρίδι</span> <span class='ocrx_word' id='word_1_65' title='bbox 1066 949 1336 1020; x_wconf 84' lang='grc' dir='ltr'>ἐχαλάσθη</span> <span class='ocrx_word' id='word_1_66' title='bbox 1377 950 1464 1004; x_wconf 88' lang='grc' dir='ltr'><strong>διά</strong></span> <span class='ocrx_word' id='word_1_67' title='bbox 1487 951 1580 1004; x_wconf 84' lang='grc' dir='ltr'><strong>τοῦ</strong></span> <span class='ocrx_word' id='word_1_68' title='bbox 1613 951 1719 1002; x_wconf 84' lang='grc' dir='ltr'>τεί-</span> 
     </span>
    </p>
   </div>
   <div class='ocr_carea' id='block_1_12' title="bbox 150 1036 1716 1112">
    <p class='ocr_par' dir='ltr' id='par_1_12' title="bbox 150 1036 1716 1112">
     <span class='ocr_line' id='line_1_12' title="bbox 150 1036 1716 1112; baseline 0.004 -26"><span class='ocrx_word' id='word_1_69' title='bbox 150 1053 170 1086; x_wconf 74' lang='grc' dir='ltr'><strong>σ</strong></span> <span class='ocrx_word' id='word_1_70' title='bbox 208 1051 336 1105; x_wconf 84' lang='grc' dir='ltr'>χους</span> <span class='ocrx_word' id='word_1_71' title='bbox 358 1036 571 1100; x_wconf 79' lang='grc' dir='ltr'>νυκτὸς,</span> <span class='ocrx_word' id='word_1_72' title='bbox 604 1038 698 1090; x_wconf 71' lang='grc' dir='ltr'><strong>καὶ</strong></span> <span class='ocrx_word' id='word_1_73' title='bbox 723 1038 950 1107; x_wconf 75' lang='grc' dir='ltr'><strong>ἐξέφυγε</strong></span> <span class='ocrx_word' id='word_1_74' title='bbox 977 1039 1075 1102; x_wconf 83' lang='grc' dir='ltr'>τὰς</span> <span class='ocrx_word' id='word_1_75' title='bbox 1109 1044 1296 1111; x_wconf 88' lang='grc' dir='ltr'>χεῖρας</span> <span class='ocrx_word' id='word_1_76' title='bbox 1315 1040 1407 1094; x_wconf 84' lang='grc' dir='ltr'>τοῦ</span> <span class='ocrx_word' id='word_1_77' title='bbox 1432 1039 1716 1112; x_wconf 76' lang='grc' dir='ltr'><strong>ζητοῦντος</strong></span> 
     </span>
    </p>
   </div>
   <div class='ocr_carea' id='block_1_13' title="bbox 147 1129 1715 1206">
    <p class='ocr_par' dir='ltr' id='par_1_13' title="bbox 147 1129 1715 1206">
     <span class='ocr_line' id='line_1_13' title="bbox 147 1129 1715 1206; baseline 0.005 -26"><span class='ocrx_word' id='word_1_78' title='bbox 147 1144 170 1180; x_wconf 69' lang='grc' dir='ltr'><strong>ι</strong></span> <span class='ocrx_word' id='word_1_79' title='bbox 206 1129 374 1182; x_wconf 79' lang='grc' dir='ltr'>αὐτὸν</span> <span class='ocrx_word' id='word_1_80' title='bbox 428 1130 640 1184; x_wconf 85' lang='grc' dir='ltr'>πιάσαι.</span> <span class='ocrx_word' id='word_1_81' title='bbox 675 1131 748 1184; x_wconf 82' lang='grc' dir='ltr'>Τδ</span> <span class='ocrx_word' id='word_1_82' title='bbox 795 1131 903 1205; x_wconf 86' lang='grc' dir='ltr'><strong>γὰρ</strong></span> <span class='ocrx_word' id='word_1_83' title='bbox 941 1135 1297 1205; x_wconf 80' lang='grc' dir='ltr'>προκείμενον</span> <span class='ocrx_word' id='word_1_84' title='bbox 1321 1131 1388 1206; x_wconf 85' lang='grc' dir='ltr'>ἦν</span> <span class='ocrx_word' id='word_1_85' title='bbox 1421 1136 1621 1199; x_wconf 83' lang='grc' dir='ltr'>αὐτοῖς,</span> <span class='ocrx_word' id='word_1_86' title='bbox 1659 1137 1715 1188; x_wconf 91' lang='grc' dir='ltr'><strong>ἐν</strong></span> 
     </span>
    </p>
   </div>
   <div class='ocr_carea' id='block_1_14' title="bbox 148 1219 1713 1299">
    <p class='ocr_par' dir='ltr' id='par_1_14' title="bbox 148 1219 1713 1299">
     <span class='ocr_line' id='line_1_14' title="bbox 148 1219 1713 1299; baseline 0.008 -29"><span class='ocrx_word' id='word_1_87' title='bbox 148 1237 167 1268; x_wconf 74' lang='grc' dir='ltr'><strong>ι</strong></span> <span class='ocrx_word' id='word_1_88' title='bbox 205 1219 445 1291; x_wconf 81' lang='grc' dir='ltr'><strong>πρώτοις</strong></span> <span class='ocrx_word' id='word_1_89' title='bbox 468 1223 909 1291; x_wconf 77' lang='grc' dir='ltr'>εὐαγγελίζεσθαι</span> <span class='ocrx_word' id='word_1_90' title='bbox 934 1226 1028 1279; x_wconf 72' lang='grc' dir='ltr'>καὶ</span> <span class='ocrx_word' id='word_1_91' title='bbox 1054 1227 1322 1282; x_wconf 85' lang='grc' dir='ltr'><strong>διδάσκειν</strong></span> <span class='ocrx_word' id='word_1_92' title='bbox 1343 1228 1416 1299; x_wconf 77' lang='grc'><strong>(4)</strong></span> <span class='ocrx_word' id='word_1_93' title='bbox 1444 1228 1534 1281; x_wconf 85' lang='grc' dir='ltr'>τὸν</span> <span class='ocrx_word' id='word_1_94' title='bbox 1560 1228 1713 1297; x_wconf 82' lang='grc' dir='ltr'>λόγον</span> 
     </span>
    </p>
   </div>
   <div class='ocr_carea' id='block_1_15' title="bbox 147 1311 1714 1388">
    <p class='ocr_par' dir='ltr' id='par_1_15' title="bbox 147 1311 1714 1388">
     <span class='ocr_line' id='line_1_15' title="bbox 147 1311 1714 1388; baseline 0.005 -24"><span class='ocrx_word' id='word_1_95' title='bbox 147 1332 165 1363; x_wconf 80' lang='grc' dir='ltr'><strong>ι</strong></span> <span class='ocrx_word' id='word_1_96' title='bbox 206 1313 304 1366; x_wconf 79' lang='grc' dir='ltr'>τοῦ</span> <span class='ocrx_word' id='word_1_97' title='bbox 333 1314 491 1381; x_wconf 77' lang='grc' dir='ltr'>Θεοῦ,</span> <span class='ocrx_word' id='word_1_98' title='bbox 520 1317 579 1368; x_wconf 83' lang='grc' dir='ltr'><strong>ἐν</strong></span> <span class='ocrx_word' id='word_1_99' title='bbox 615 1311 697 1379; x_wconf 73' lang='grc' dir='ltr'>οἷς</span> <span class='ocrx_word' id='word_1_100' title='bbox 720 1317 1198 1385; x_wconf 81' lang='grc' dir='ltr'><strong>ἐπιστηρίζοντες</strong></span> <span class='ocrx_word' id='word_1_101' title='bbox 1235 1318 1375 1385; x_wconf 83' lang='grc' dir='ltr'>τοὺς</span> <span class='ocrx_word' id='word_1_102' title='bbox 1411 1318 1714 1388; x_wconf 69' lang='grc' dir='ltr'>ἀδελφοὺς</span> 
     </span>
    </p>
   </div>
   <div class='ocr_carea' id='block_1_16' title="bbox 143 1405 1712 1479">
    <p class='ocr_par' dir='ltr' id='par_1_16' title="bbox 143 1405 1712 1479">
     <span class='ocr_line' id='line_1_16' title="bbox 143 1405 1712 1479; baseline 0.006 -23"><span class='ocrx_word' id='word_1_103' title='bbox 143 1422 166 1456; x_wconf 74' lang='lat' dir='ltr'><strong>c</strong></span> <span class='ocrx_word' id='word_1_104' title='bbox 201 1405 484 1475; x_wconf 76' lang='grc' dir='ltr'>ἐμμένειν</span> <span class='ocrx_word' id='word_1_105' title='bbox 511 1408 581 1462; x_wconf 76' lang='grc' dir='ltr'>ἐν</span> <span class='ocrx_word' id='word_1_106' title='bbox 610 1407 685 1477; x_wconf 79' lang='grc' dir='ltr'>τῇ</span> <span class='ocrx_word' id='word_1_107' title='bbox 719 1411 937 1472; x_wconf 81' lang='grc' dir='ltr'>πίστει,</span> <span class='ocrx_word' id='word_1_108' title='bbox 962 1409 1054 1463; x_wconf 75' lang='grc' dir='ltr'><strong>καὶ</strong></span> <span class='ocrx_word' id='word_1_109' title='bbox 1078 1410 1238 1463; x_wconf 85' lang='grc' dir='ltr'>τοῦτο</span> <span class='ocrx_word' id='word_1_110' title='bbox 1263 1410 1466 1479; x_wconf 78' lang='grc' dir='ltr'>ἔλεγον,</span> <span class='ocrx_word' id='word_1_111' title='bbox 1499 1410 1590 1464; x_wconf 84' lang='grc' dir='ltr'>ὅτι</span> <span class='ocrx_word' id='word_1_112' title='bbox 1615 1410 1712 1465; x_wconf 79' lang='grc' dir='ltr'>διὰ</span> 
     </span>
    </p>
   </div>
   <div class='ocr_carea' id='block_1_17' title="bbox 144 1498 1709 1570">
    <p class='ocr_par' dir='ltr' id='par_1_17' title="bbox 144 1498 1709 1570">
     <span class='ocr_line' id='line_1_17' title="bbox 144 1498 1709 1570; baseline 0.006 -23"><span class='ocrx_word' id='word_1_113' title='bbox 144 1514 164 1547; x_wconf 72' lang='grc' dir='ltr'><strong>ι</strong></span> <span class='ocrx_word' id='word_1_114' title='bbox 201 1498 453 1552; x_wconf 72' lang='grc' dir='ltr'>πολλῶν</span> <span class='ocrx_word' id='word_1_115' title='bbox 493 1501 756 1569; x_wconf 72' lang='grc' dir='ltr'><strong>θλίψεων</strong></span> <span class='ocrx_word' id='word_1_116' title='bbox 784 1500 880 1554; x_wconf 84' lang='grc' dir='ltr'><strong>δεῖ</strong></span> <span class='ocrx_word' id='word_1_117' title='bbox 911 1501 1204 1555; x_wconf 69' lang='grc' dir='ltr'>εἰσελθεῖν</span> <span class='ocrx_word' id='word_1_118' title='bbox 1250 1505 1337 1567; x_wconf 84' lang='grc' dir='ltr'>εὶς</span> <span class='ocrx_word' id='word_1_119' title='bbox 1381 1501 1497 1570; x_wconf 81' lang='grc' dir='ltr'><strong>τὴν</strong></span> <span class='ocrx_word' id='word_1_120' title='bbox 1527 1502 1709 1566; x_wconf 82' lang='grc' dir='ltr'>,Βασι-</span> 
     </span>
    </p>
   </div>
   <div class='ocr_carea' id='block_1_18' title="bbox 144 1592 1708 1665">
    <p class='ocr_par' dir='ltr' id='par_1_18' title="bbox 144 1592 1708 1665">
     <span class='ocr_line' id='line_1_18' title="bbox 144 1592 1708 1665; baseline 0.004 -23"><span class='ocrx_word' id='word_1_121' title='bbox 144 1607 164 1641; x_wconf 74' lang='lat' dir='ltr'><strong>c</strong></span> <span class='ocrx_word' id='word_1_122' title='bbox 201 1592 379 1644; x_wconf 75' lang='grc' dir='ltr'><strong>λείαν</strong></span> <span class='ocrx_word' id='word_1_123' title='bbox 411 1593 515 1646; x_wconf 84' lang='grc' dir='ltr'>τοῦ</span> <span class='ocrx_word' id='word_1_124' title='bbox 544 1593 710 1647; x_wconf 86' lang='grc' dir='ltr'><strong>Θεοῦ.</strong></span> <span class='ocrx_word' id='word_1_125' title='bbox 750 1593 999 1662; x_wconf 80' lang='grc' dir='ltr'><strong>Ἐζήτουν</strong></span> <span class='ocrx_word' id='word_1_126' title='bbox 1024 1593 1134 1664; x_wconf 87' lang='grc' dir='ltr'><strong>γὰρ</strong></span> <span class='ocrx_word' id='word_1_127' title='bbox 1160 1595 1221 1646; x_wconf 88' lang='grc' dir='ltr'>οὐ</span> <span class='ocrx_word' id='word_1_128' title='bbox 1247 1593 1308 1646; x_wconf 88' lang='grc' dir='ltr'>τὸ</span> <span class='ocrx_word' id='word_1_129' title='bbox 1343 1594 1546 1648; x_wconf 84' lang='grc' dir='ltr'>ἑαυτῶν</span> <span class='ocrx_word' id='word_1_130' title='bbox 1572 1612 1708 1665; x_wconf 88' lang='grc' dir='ltr'>συμ-</span> 
     </span>
    </p>
   </div>
   <div class='ocr_carea' id='block_1_19' title="bbox 141 1684 1707 1768">
    <p class='ocr_par' dir='ltr' id='par_1_19' title="bbox 141 1684 1707 1768">
     <span class='ocr_line' id='line_1_19' title="bbox 141 1684 1707 1768; baseline 0.005 -33"><span class='ocrx_word' id='word_1_131' title='bbox 141 1700 164 1735; x_wconf 72' lang='grc' dir='ltr'><strong>σ</strong></span> <span class='ocrx_word' id='word_1_132' title='bbox 204 1684 390 1754; x_wconf 82' lang='grc' dir='ltr'>φέρον,</span> <span class='ocrx_word' id='word_1_133' title='bbox 421 1685 556 1738; x_wconf 88' lang='grc' dir='ltr'><strong>ἀλλά</strong></span> <span class='ocrx_word' id='word_1_134' title='bbox 584 1685 645 1738; x_wconf 83' lang='grc' dir='ltr'>τὸ</span> <span class='ocrx_word' id='word_1_135' title='bbox 687 1685 794 1768; x_wconf 82' lang='grc' dir='ltr'><strong>τῶν</strong></span> <span class='ocrx_word' id='word_1_136' title='bbox 837 1685 1074 1751; x_wconf 84' lang='grc' dir='ltr'>πολλῶν,</span> <span class='ocrx_word' id='word_1_137' title='bbox 1107 1687 1194 1739; x_wconf 86' lang='grc' dir='ltr'>ἴνα</span> <span class='ocrx_word' id='word_1_138' title='bbox 1230 1687 1474 1751; x_wconf 83' lang='grc' dir='ltr'>σωθῶσι,</span> <span class='ocrx_word' id='word_1_139' title='bbox 1507 1689 1600 1742; x_wconf 73' lang='grc' dir='ltr'><strong>καὶ</strong></span> <span class='ocrx_word' id='word_1_140' title='bbox 1639 1686 1707 1761; x_wconf 82' lang='grc' dir='ltr'>ἦν</span> 
     </span>
    </p>
   </div>
   <div class='ocr_carea' id='block_1_20' title="bbox 1837 498 3403 571">
    <p class='ocr_par' dir='ltr' id='par_1_20' title="bbox 1837 498 3403 571">
     <span class='ocr_line' id='line_1_20' title="bbox 1837 498 3403 571; baseline 0.004 -22"><span class='ocrx_word' id='word_1_141' title='bbox 1837 516 1856 549; x_wconf 76' lang='grc' dir='ltr'><strong>ι</strong></span> <span class='ocrx_word' id='word_1_142' title='bbox 1905 498 2038 553; x_wconf 83' lang='lat' dir='ltr'><strong>urbe</strong></span> <span class='ocrx_word' id='word_1_143' title='bbox 2068 498 2186 566; x_wconf 84' lang='lat' dir='ltr'><strong>ipse</strong></span> <span class='ocrx_word' id='word_1_144' title='bbox 2215 514 2432 569; x_wconf 90' lang='lat' dir='ltr'><strong>quoque</strong></span> <span class='ocrx_word' id='word_1_145' title='bbox 2460 499 2644 570; x_wconf 78' lang='lat' dir='ltr'><strong>gladio</strong></span> <span class='ocrx_word' id='word_1_146' title='bbox 2678 501 2857 570; x_wconf 89' lang='lat' dir='ltr'><strong>capite</strong></span> <span class='ocrx_word' id='word_1_147' title='bbox 2883 501 3143 556; x_wconf 86' lang='lat' dir='ltr'><strong>multatus</strong></span> <span class='ocrx_word' id='word_1_148' title='bbox 3163 510 3247 558; x_wconf 90' lang='lat' dir='ltr'><strong>est</strong></span> <span class='ocrx_word' id='word_1_149' title='bbox 3277 503 3403 571; x_wconf 85' lang='lat' dir='ltr'><strong>;qul</strong></span> 
     </span>
    </p>
   </div>
   <div class='ocr_carea' id='block_1_21' title="bbox 1835 590 3400 663">
    <p class='ocr_par' dir='ltr' id='par_1_21' title="bbox 1835 590 3400 663">
     <span class='ocr_line' id='line_1_21' title="bbox 1835 590 3400 663; baseline 0.005 -22"><span class='ocrx_word' id='word_1_150' title='bbox 1835 608 1854 641; x_wconf 76' lang='grc' dir='ltr'><strong>ι</strong></span> <span class='ocrx_word' id='word_1_151' title='bbox 1904 590 1957 643; x_wconf 89' lang='lat' dir='ltr'><strong>in</strong></span> <span class='ocrx_word' id='word_1_152' title='bbox 1990 591 2190 659; x_wconf 89' lang='lat' dir='ltr'><strong>quibus</strong></span> <span class='ocrx_word' id='word_1_153' title='bbox 2246 592 2512 662; x_wconf 79' lang='lat' dir='ltr'><strong>gloriatus</strong></span> <span class='ocrx_word' id='word_1_154' title='bbox 2544 601 2652 655; x_wconf 84' lang='lat' dir='ltr'><strong>est,</strong></span> <span class='ocrx_word' id='word_1_155' title='bbox 2686 594 2802 663; x_wconf 89' lang='lat' dir='ltr'><strong>ipse</strong></span> <span class='ocrx_word' id='word_1_156' title='bbox 2845 595 2898 648; x_wconf 88' lang='lat' dir='ltr'><strong>in</strong></span> <span class='ocrx_word' id='word_1_157' title='bbox 2933 595 3000 649; x_wconf 90' lang='lat' dir='ltr'><strong>iis</strong></span> <span class='ocrx_word' id='word_1_158' title='bbox 3025 593 3190 648; x_wconf 88' lang='lat' dir='ltr'><strong>vitam</strong></span> <span class='ocrx_word' id='word_1_159' title='bbox 3223 595 3400 662; x_wconf 81' lang='lat' dir='ltr'><strong>ﬁniit;</strong></span> 
     </span>
    </p>
   </div>
   <div class='ocr_carea' id='block_1_22' title="bbox 1833 681 3399 755">
    <p class='ocr_par' dir='ltr' id='par_1_22' title="bbox 1833 681 3399 755">
     <span class='ocr_line' id='line_1_22' title="bbox 1833 681 3399 755; baseline 0.006 -24"><span class='ocrx_word' id='word_1_160' title='bbox 1833 699 1851 731; x_wconf 85' lang='grc'><strong><em>‹</em></strong></span> <span class='ocrx_word' id='word_1_161' title='bbox 1897 689 1951 735; x_wconf 92' lang='lat' dir='ltr'><strong>et</strong></span> <span class='ocrx_word' id='word_1_162' title='bbox 1982 681 2127 750; x_wconf 87' lang='lat' dir='ltr'><strong>quod</strong></span> <span class='ocrx_word' id='word_1_163' title='bbox 2157 681 2403 737; x_wconf 84' lang='lat' dir='ltr'><strong>Damasci</strong></span> <span class='ocrx_word' id='word_1_164' title='bbox 2434 684 2489 736; x_wconf 89' lang='lat' dir='ltr'><strong>iu</strong></span> <span class='ocrx_word' id='word_1_165' title='bbox 2517 692 2704 752; x_wconf 89' lang='lat' dir='ltr'><strong>sporta</strong></span> <span class='ocrx_word' id='word_1_166' title='bbox 2739 693 2906 738; x_wconf 89' lang='lat' dir='ltr'><strong>noctu</strong></span> <span class='ocrx_word' id='word_1_167' title='bbox 2935 701 3031 755; x_wconf 85' lang='lat' dir='ltr'><strong>per</strong></span> <span class='ocrx_word' id='word_1_168' title='bbox 3059 700 3274 739; x_wconf 91' lang='lat' dir='ltr'><strong>murum</strong></span> <span class='ocrx_word' id='word_1_169' title='bbox 3303 685 3399 741; x_wconf 87' lang='lat' dir='ltr'><strong>de-</strong></span> 
     </span>
    </p>
   </div>
   <div class='ocr_carea' id='block_1_23' title="bbox 1831 773 3364 847">
    <p class='ocr_par' dir='ltr' id='par_1_23' title="bbox 1831 773 3364 847">
     <span class='ocr_line' id='line_1_23' title="bbox 1831 773 3364 847; baseline 0.006 -24"><span class='ocrx_word' id='word_1_170' title='bbox 1831 790 1850 823; x_wconf 74' lang='grc' dir='ltr'><strong>ι</strong></span> <span class='ocrx_word' id='word_1_171' title='bbox 1898 773 2099 828; x_wconf 87' lang='lat' dir='ltr'><strong>missus</strong></span> <span class='ocrx_word' id='word_1_172' title='bbox 2121 781 2224 837; x_wconf 88' lang='lat' dir='ltr'><strong>est,</strong></span> <span class='ocrx_word' id='word_1_173' title='bbox 2259 783 2310 828; x_wconf 89' lang='lat' dir='ltr'><strong>et</strong></span> <span class='ocrx_word' id='word_1_174' title='bbox 2342 774 2531 845; x_wconf 77' lang='lat' dir='ltr'><strong>effugit</strong></span> <span class='ocrx_word' id='word_1_175' title='bbox 2560 775 2682 844; x_wconf 90' lang='lat' dir='ltr'><strong>ejus</strong></span> <span class='ocrx_word' id='word_1_176' title='bbox 2711 791 2907 832; x_wconf 89' lang='lat' dir='ltr'><strong>manus</strong></span> <span class='ocrx_word' id='word_1_177' title='bbox 2938 777 3030 847; x_wconf 88' lang='lat' dir='ltr'><strong>qui</strong></span> <span class='ocrx_word' id='word_1_178' title='bbox 3071 793 3196 832; x_wconf 90' lang='lat' dir='ltr'><strong>eum</strong></span> <span class='ocrx_word' id='word_1_179' title='bbox 3227 793 3364 832; x_wconf 83' lang='lat' dir='ltr'><strong>cuna</strong></span> 
     </span>
    </p>
   </div>
   <div class='ocr_carea' id='block_1_24' title="bbox 1831 865 3398 940">
    <p class='ocr_par' dir='ltr' id='par_1_24' title="bbox 1831 865 3398 940">
     <span class='ocr_line' id='line_1_24' title="bbox 1831 865 3398 940; baseline 0.006 -25"><span class='ocrx_word' id='word_1_180' title='bbox 1831 883 1849 915; x_wconf 76' lang='grc' dir='ltr'><strong>ι</strong></span> <span class='ocrx_word' id='word_1_181' title='bbox 1898 865 2060 920; x_wconf 89' lang='lat' dir='ltr'><strong>batur</strong></span> <span class='ocrx_word' id='word_1_182' title='bbox 2088 867 2414 935; x_wconf 88' lang='lat' dir='ltr'><strong>opprimere.</strong></span> <span class='ocrx_word' id='word_1_183' title='bbox 2449 868 2575 922; x_wconf 84' lang='lat' dir='ltr'><strong>Erat</strong></span> <span class='ocrx_word' id='word_1_184' title='bbox 2603 867 2748 924; x_wconf 90' lang='lat' dir='ltr'><strong>enim</strong></span> <span class='ocrx_word' id='word_1_185' title='bbox 2778 868 2860 922; x_wconf 85' lang='lat' dir='ltr'><strong>eis</strong></span> <span class='ocrx_word' id='word_1_186' title='bbox 2896 869 2949 921; x_wconf 90' lang='lat' dir='ltr'><strong>in</strong></span> <span class='ocrx_word' id='word_1_187' title='bbox 2980 869 3172 937; x_wconf 87' lang='lat' dir='ltr'><strong>primis</strong></span> <span class='ocrx_word' id='word_1_188' title='bbox 3198 885 3398 940; x_wconf 83' lang='lat' dir='ltr'><strong>propo-</strong></span> 
     </span>
    </p>
   </div>
   <div class='ocr_carea' id='block_1_25' title="bbox 1829 954 3396 1024">
    <p class='ocr_par' dir='ltr' id='par_1_25' title="bbox 1829 954 3396 1024">
     <span class='ocr_line' id='line_1_25' title="bbox 1829 954 3396 1024; baseline 0.003 -18"><span class='ocrx_word' id='word_1_189' title='bbox 1829 973 1848 1006; x_wconf 73' lang='grc' dir='ltr'><strong>ι</strong></span> <span class='ocrx_word' id='word_1_190' title='bbox 1898 955 2063 1010; x_wconf 88' lang='lat' dir='ltr'><strong>situm</strong></span> <span class='ocrx_word' id='word_1_191' title='bbox 2095 955 2491 1024; x_wconf 77' lang='lat' dir='ltr'><strong>evangelizare,</strong></span> <span class='ocrx_word' id='word_1_192' title='bbox 2523 962 2578 1008; x_wconf 89' lang='lat' dir='ltr'><strong>et</strong></span> <span class='ocrx_word' id='word_1_193' title='bbox 2629 955 2856 1009; x_wconf 80' lang='lat' dir='ltr'><strong>verbum</strong></span> <span class='ocrx_word' id='word_1_194' title='bbox 2900 954 2996 1010; x_wconf 81' lang='lat' dir='ltr'><strong>Dei</strong></span> <span class='ocrx_word' id='word_1_195' title='bbox 3046 958 3288 1010; x_wconf 89' lang='lat' dir='ltr'><strong>docere:</strong></span> <span class='ocrx_word' id='word_1_196' title='bbox 3337 957 3396 1010; x_wconf 86' lang='lat' dir='ltr'><strong>in</strong></span> 
     </span>
    </p>
   </div>
   <div class='ocr_carea' id='block_1_26' title="bbox 1835 1046 3394 1116">
    <p class='ocr_par' dir='ltr' id='par_1_26' title="bbox 1835 1046 3394 1116">
     <span class='ocr_line' id='line_1_26' title="bbox 1835 1046 3394 1116; baseline 0.003 -19"><span class='ocrx_word' id='word_1_197' title='bbox 1835 1065 1852 1097; x_wconf 76' lang='grc' dir='ltr'><strong>ι</strong></span> <span class='ocrx_word' id='word_1_198' title='bbox 1903 1047 2106 1115; x_wconf 85' lang='lat' dir='ltr'><strong>quibus</strong></span> <span class='ocrx_word' id='word_1_199' title='bbox 2137 1046 2334 1113; x_wconf 78' lang='lat' dir='ltr'><strong>fratres</strong></span> <span class='ocrx_word' id='word_1_200' title='bbox 2351 1047 2724 1116; x_wconf 78' lang='lat' dir='ltr'><strong>conﬁrmantes</strong></span> <span class='ocrx_word' id='word_1_201' title='bbox 2753 1057 2811 1100; x_wconf 84' lang='lat' dir='ltr'><strong>ut</strong></span> <span class='ocrx_word' id='word_1_202' title='bbox 2833 1057 3097 1101; x_wconf 85' lang='lat' dir='ltr'><strong>manerent</strong></span> <span class='ocrx_word' id='word_1_203' title='bbox 3126 1049 3180 1100; x_wconf 78' lang='lat' dir='ltr'><strong>in</strong></span> <span class='ocrx_word' id='word_1_204' title='bbox 3206 1048 3310 1116; x_wconf 83' lang='lat' dir='ltr'><strong>ﬁde</strong></span> <span class='ocrx_word' id='word_1_205' title='bbox 3341 1061 3394 1112; x_wconf 76' lang='grc' dir='ltr'>ι,</span> 
     </span>
    </p>
   </div>
   <div class='ocr_carea' id='block_1_27' title="bbox 1827 1138 3398 1210">
    <p class='ocr_par' dir='ltr' id='par_1_27' title="bbox 1827 1138 3398 1210">
     <span class='ocr_line' id='line_1_27' title="bbox 1827 1138 3398 1210; baseline 0.003 -21"><span class='ocrx_word' id='word_1_206' title='bbox 1827 1158 1846 1189; x_wconf 71' lang='grc' dir='ltr'><strong>ι</strong></span> <span class='ocrx_word' id='word_1_207' title='bbox 1893 1138 2244 1210; x_wconf 87' lang='lat' dir='ltr'><strong>hoc-quoque</strong></span> <span class='ocrx_word' id='word_1_208' title='bbox 2276 1138 2550 1202; x_wconf 85' lang='lat' dir='ltr'><strong>dicebant,</strong></span> <span class='ocrx_word' id='word_1_209' title='bbox 2608 1139 2744 1208; x_wconf 87' lang='lat' dir='ltr'><strong>quod</strong></span> <span class='ocrx_word' id='word_1_210' title='bbox 2773 1155 2864 1209; x_wconf 85' lang='lat' dir='ltr'><strong>per</strong></span> <span class='ocrx_word' id='word_1_211' title='bbox 2893 1139 3086 1194; x_wconf 80' lang='lat' dir='ltr'><strong>multas</strong></span> <span class='ocrx_word' id='word_1_212' title='bbox 3144 1140 3398 1209; x_wconf 77' lang='lat' dir='ltr'><strong>afﬂictio-</strong></span> 
     </span>
    </p>
   </div>
   <div class='ocr_carea' id='block_1_28' title="bbox 1825 1229 3394 1300">
    <p class='ocr_par' dir='ltr' id='par_1_28' title="bbox 1825 1229 3394 1300">
     <span class='ocr_line' id='line_1_28' title="bbox 1825 1229 3394 1300; baseline 0.002 -18"><span class='ocrx_word' id='word_1_213' title='bbox 1825 1249 1844 1282; x_wconf 78' lang='grc' dir='ltr'><strong>ι</strong></span> <span class='ocrx_word' id='word_1_214' title='bbox 1897 1247 1985 1284; x_wconf 81' lang='lat' dir='ltr'><strong>nes</strong></span> <span class='ocrx_word' id='word_1_215' title='bbox 2004 1240 2205 1300; x_wconf 76' lang='lat' dir='ltr'><strong>oportet</strong></span> <span class='ocrx_word' id='word_1_216' title='bbox 2229 1232 2282 1284; x_wconf 80' lang='lat' dir='ltr'><strong>in</strong></span> <span class='ocrx_word' id='word_1_217' title='bbox 2307 1247 2522 1300; x_wconf 82' lang='lat' dir='ltr'><strong>regnum</strong></span> <span class='ocrx_word' id='word_1_218' title='bbox 2543 1229 2639 1283; x_wconf 84' lang='lat' dir='ltr'><strong>Dei</strong></span> <span class='ocrx_word' id='word_1_219' title='bbox 2661 1229 2882 1300; x_wconf 82' lang='lat' dir='ltr'><strong>ingredi.</strong></span> <span class='ocrx_word' id='word_1_220' title='bbox 2903 1229 3229 1296; x_wconf 61' lang='lat' dir='ltr'><strong>Quaerebam</strong></span> <span class='ocrx_word' id='word_1_221' title='bbox 3245 1231 3394 1286; x_wconf 84' lang='lat' dir='ltr'><strong>enim</strong></span> 
     </span>
    </p>
   </div>
   <div class='ocr_carea' id='block_1_29' title="bbox 1823 1319 3393 1392">
    <p class='ocr_par' dir='ltr' id='par_1_29' title="bbox 1823 1319 3393 1392">
     <span class='ocr_line' id='line_1_29' title="bbox 1823 1319 3393 1392; baseline 0 -18"><span class='ocrx_word' id='word_1_222' title='bbox 1823 1342 1842 1374; x_wconf 74' lang='grc' dir='ltr'><strong>ι</strong></span> <span class='ocrx_word' id='word_1_223' title='bbox 1892 1339 1998 1378; x_wconf 89' lang='lat' dir='ltr'><strong>non</strong></span> <span class='ocrx_word' id='word_1_224' title='bbox 2027 1322 2175 1392; x_wconf 85' lang='lat' dir='ltr'><strong>quod</strong></span> <span class='ocrx_word' id='word_1_225' title='bbox 2210 1323 2313 1377; x_wconf 88' lang='lat' dir='ltr'><strong>sibi</strong></span> <span class='ocrx_word' id='word_1_226' title='bbox 2339 1328 2458 1376; x_wconf 89' lang='lat' dir='ltr'><strong>erat</strong></span> <span class='ocrx_word' id='word_1_227' title='bbox 2483 1319 2634 1382; x_wconf 87' lang='lat' dir='ltr'><strong>utile,</strong></span> <span class='ocrx_word' id='word_1_228' title='bbox 2662 1320 2758 1374; x_wconf 91' lang='lat' dir='ltr'><strong>sed</strong></span> <span class='ocrx_word' id='word_1_229' title='bbox 2789 1321 2936 1390; x_wconf 91' lang='lat' dir='ltr'><strong>quod</strong></span> <span class='ocrx_word' id='word_1_230' title='bbox 2970 1321 3175 1381; x_wconf 88' lang='lat' dir='ltr'><strong>multis,</strong></span> <span class='ocrx_word' id='word_1_231' title='bbox 3193 1327 3252 1374; x_wconf 88' lang='lat' dir='ltr'><strong>ut</strong></span> <span class='ocrx_word' id='word_1_232' title='bbox 3281 1337 3393 1376; x_wconf 82' lang='lat' dir='ltr'><strong>ser-</strong></span> 
     </span>
    </p>
   </div>
   <div class='ocr_carea' id='block_1_30' title="bbox 1823 1405 3390 1482">
    <p class='ocr_par' dir='ltr' id='par_1_30' title="bbox 1823 1405 3390 1482">
     <span class='ocr_line' id='line_1_30' title="bbox 1823 1405 3390 1482; baseline 0 -16"><span class='ocrx_word' id='word_1_233' title='bbox 1823 1434 1840 1466; x_wconf 74' lang='grc' dir='ltr'><strong>ι</strong></span> <span class='ocrx_word' id='word_1_234' title='bbox 1889 1423 2170 1479; x_wconf 86' lang='lat' dir='ltr'><strong>varentur,</strong></span> <span class='ocrx_word' id='word_1_235' title='bbox 2198 1424 2252 1470; x_wconf 88' lang='lat' dir='ltr'><strong>et</strong></span> <span class='ocrx_word' id='word_1_236' title='bbox 2281 1414 2450 1467; x_wconf 88' lang='lat' dir='ltr'><strong>multa</strong></span> <span class='ocrx_word' id='word_1_237' title='bbox 2486 1412 2621 1482; x_wconf 86' lang='lat' dir='ltr'><strong>ipsis</strong></span> <span class='ocrx_word' id='word_1_238' title='bbox 2655 1405 2856 1466; x_wconf 74' lang='lat' dir='ltr'><strong>liceret</strong></span> <span class='ocrx_word' id='word_1_239' title='bbox 2889 1412 2954 1465; x_wconf 90' lang='lat' dir='ltr'><strong>ad</strong></span> <span class='ocrx_word' id='word_1_240' title='bbox 2986 1411 3101 1467; x_wconf 63' lang='lat' dir='ltr'><strong>haec</strong></span> <span class='ocrx_word' id='word_1_241' title='bbox 3135 1411 3390 1466; x_wconf 81' lang='lat' dir='ltr'><strong>facientia</strong></span> 
     </span>
    </p>
   </div>
   <div class='ocr_carea' id='block_1_31' title="bbox 1821 1500 3384 1566">
    <p class='ocr_par' dir='ltr' id='par_1_31' title="bbox 1821 1500 3384 1566">
     <span class='ocr_line' id='line_1_31' title="bbox 1821 1500 3384 1566; baseline 0.001 -11"><span class='ocrx_word' id='word_1_242' title='bbox 1821 1521 1840 1555; x_wconf 80' lang='grc' dir='ltr'><strong>ι</strong></span> <span class='ocrx_word' id='word_1_243' title='bbox 1886 1503 2102 1566; x_wconf 88' lang='lat' dir='ltr'><strong>dicere,</strong></span> <span class='ocrx_word' id='word_1_244' title='bbox 2165 1509 2226 1556; x_wconf 90' lang='lat' dir='ltr'><strong>ut</strong></span> <span class='ocrx_word' id='word_1_245' title='bbox 2284 1502 2449 1557; x_wconf 87' lang='lat' dir='ltr'><strong>verbo</strong></span> <span class='ocrx_word' id='word_1_246' title='bbox 2509 1501 2602 1556; x_wconf 90' lang='lat' dir='ltr'><strong>Dei</strong></span> <span class='ocrx_word' id='word_1_247' title='bbox 2663 1501 3048 1555; x_wconf 88' lang='lat' dir='ltr'><strong>convenienter</strong></span> <span class='ocrx_word' id='word_1_248' title='bbox 3102 1500 3384 1556; x_wconf 86' lang='lat' dir='ltr'><strong>facerent:</strong></span> 
     </span>
    </p>
   </div>
   <div class='ocr_carea' id='block_1_32' title="bbox 1819 1593 3393 1664">
    <p class='ocr_par' dir='ltr' id='par_1_32' title="bbox 1819 1593 3393 1664">
     <span class='ocr_line' id='line_1_32' title="bbox 1819 1593 3393 1664; baseline 0.001 -16"><span class='ocrx_word' id='word_1_249' title='bbox 1819 1615 1838 1648; x_wconf 72' lang='grc' dir='ltr'><strong>ι</strong></span> <span class='ocrx_word' id='word_1_250' title='bbox 1891 1595 2032 1658; x_wconf 79' lang='lat' dir='ltr'><strong>Nisi,</strong></span> <span class='ocrx_word' id='word_1_251' title='bbox 2051 1603 2109 1649; x_wconf 91' lang='lat' dir='ltr'><strong>ut</strong></span> <span class='ocrx_word' id='word_1_252' title='bbox 2146 1594 2280 1649; x_wconf 88' lang='lat' dir='ltr'><strong>dicit</strong></span> <span class='ocrx_word' id='word_1_253' title='bbox 2298 1593 2610 1664; x_wconf 85' lang='lat' dir='ltr'><strong>Apostolus,</strong></span> <span class='ocrx_word' id='word_1_254' title='bbox 2642 1610 2735 1647; x_wconf 84' lang='lat' dir='ltr'><strong>nos</strong></span> <span class='ocrx_word' id='word_1_255' title='bbox 2764 1604 2964 1663; x_wconf 78' lang='lat' dir='ltr'><strong>tempus</strong></span> <span class='ocrx_word' id='word_1_256' title='bbox 3006 1601 3282 1648; x_wconf 76' lang='lat' dir='ltr'><strong>narrantes</strong></span> <span class='ocrx_word' id='word_1_257' title='bbox 3299 1595 3393 1649; x_wconf 83' lang='lat' dir='ltr'><strong>de-</strong></span> 
     </span>
    </p>
   </div>
   <div class='ocr_carea' id='block_1_33' title="bbox 1817 1688 2166 1758">
    <p class='ocr_par' dir='ltr' id='par_1_33' title="bbox 1817 1688 2166 1758">
     <span class='ocr_line' id='line_1_33' title="bbox 1817 1688 2166 1758; baseline -0.003 -18"><span class='ocrx_word' id='word_1_258' title='bbox 1817 1708 1835 1740; x_wconf 74' lang='grc' dir='ltr'><strong>ι</strong></span> <span class='ocrx_word' id='word_1_259' title='bbox 1881 1691 2055 1758; x_wconf 79' lang='lat' dir='ltr'><strong>ﬁceret</strong></span> <span class='ocrx_word' id='word_1_260' title='bbox 2073 1688 2121 1742; x_wconf 76' lang='grc' dir='ltr'><strong>ι).</strong></span> <span class='ocrx_word' id='word_1_261' title='bbox 2146 1706 2166 1739; x_wconf 75' lang='grc' dir='ltr'><strong>ι</strong></span> 
     </span>
    </p>
   </div>
   <div class='ocr_carea' id='block_1_34' title="bbox 142 1778 3384 1858">
    <p class='ocr_par' dir='ltr' id='par_1_34' title="bbox 142 1778 3384 1858">
     <span class='ocr_line' id='line_1_34' title="bbox 142 1778 3384 1858; baseline 0.001 -29"><span class='ocrx_word' id='word_1_262' title='bbox 142 1795 163 1829; x_wconf 75' lang='grc' dir='ltr'><strong>ι</strong></span> <span class='ocrx_word' id='word_1_263' title='bbox 204 1779 376 1832; x_wconf 83' lang='grc' dir='ltr'>πολλά</span> <span class='ocrx_word' id='word_1_264' title='bbox 403 1780 580 1847; x_wconf 82' lang='grc' dir='ltr'>λέγειν</span> <span class='ocrx_word' id='word_1_265' title='bbox 604 1782 786 1845; x_wconf 86' lang='grc' dir='ltr'>αὐτοῖς</span> <span class='ocrx_word' id='word_1_266' title='bbox 810 1784 889 1845; x_wconf 81' lang='grc' dir='ltr'><strong>εἰς</strong></span> <span class='ocrx_word' id='word_1_267' title='bbox 916 1781 1090 1835; x_wconf 79' lang='grc' dir='ltr'>ταῦτα</span> <span class='ocrx_word' id='word_1_268' title='bbox 1116 1783 1252 1853; x_wconf 83' lang='grc' dir='ltr'>πρὸς</span> <span class='ocrx_word' id='word_1_269' title='bbox 1289 1782 1350 1835; x_wconf 79' lang='grc' dir='ltr'>τὸ</span> <span class='ocrx_word' id='word_1_270' title='bbox 1391 1783 1533 1836; x_wconf 87' lang='grc' dir='ltr'><strong>κατά</strong></span> <span class='ocrx_word' id='word_1_271' title='bbox 1561 1783 1716 1854; x_wconf 88' lang='grc' dir='ltr'>λόγον</span> <span class='ocrx_word' id='word_1_272' title='bbox 1755 1785 2040 1858; x_wconf 81' lang='grc' dir='ltr'>πράσσειν,</span> <span class='ocrx_word' id='word_1_273' title='bbox 2063 1787 2111 1838; x_wconf 75' lang='grc' dir='ltr'>εἰ</span> <span class='ocrx_word' id='word_1_274' title='bbox 2129 1781 2332 1851; x_wconf 81' lang='grc' dir='ltr'>μὴ,ὼς</span> <span class='ocrx_word' id='word_1_275' title='bbox 2353 1781 2501 1852; x_wconf 82' lang='grc' dir='ltr'>λέγει</span> <span class='ocrx_word' id='word_1_276' title='bbox 2526 1784 2554 1836; x_wconf 85' lang='grc' dir='ltr'><strong>ὁ</strong></span> <span class='ocrx_word' id='word_1_277' title='bbox 2583 1781 2924 1847; x_wconf 81' lang='grc' dir='ltr'>’Δπόστολος,</span> <span class='ocrx_word' id='word_1_278' title='bbox 2941 1781 3207 1836; x_wconf 72' lang='grc' dir='ltr'>ἐπιλίποι</span> <span class='ocrx_word' id='word_1_279' title='bbox 3224 1779 3271 1812; x_wconf 85' lang='grc'><strong><em>⁸³</em></strong></span> <span class='ocrx_word' id='word_1_280' title='bbox 3331 1778 3384 1832; x_wconf 77' lang='grc' dir='ltr'>δ’</span> 
     </span>
    </p>
   </div>
   <div class='ocr_carea' id='block_1_35' title="bbox 143 1870 1294 1944">
    <p class='ocr_par' dir='ltr' id='par_1_35' title="bbox 143 1870 1294 1944">
     <span class='ocr_line' id='line_1_35' title="bbox 143 1870 1294 1944; baseline 0.003 -20"><span class='ocrx_word' id='word_1_281' title='bbox 143 1889 161 1922; x_wconf 75' lang='grc' dir='ltr'><strong>ε</strong></span> <span class='ocrx_word' id='word_1_282' title='bbox 200 1870 277 1926; x_wconf 78' lang='grc' dir='ltr'><strong>ἂν</strong></span> <span class='ocrx_word' id='word_1_283' title='bbox 304 1872 460 1942; x_wconf 78' lang='grc' dir='ltr'>ἡμᾶς</span> <span class='ocrx_word' id='word_1_284' title='bbox 492 1873 920 1944; x_wconf 71' lang='grc' dir='ltr'>διηγουμένους</span> <span class='ocrx_word' id='word_1_285' title='bbox 949 1879 982 1930; x_wconf 82' lang='grc' dir='ltr'><strong>ό</strong></span> <span class='ocrx_word' id='word_1_286' title='bbox 1009 1877 1246 1944; x_wconf 79' lang='grc' dir='ltr'><strong>χρόνος.</strong></span> <span class='ocrx_word' id='word_1_287' title='bbox 1276 1895 1294 1928; x_wconf 70' lang='grc' dir='ltr'><strong>ι</strong></span> 
     </span>
    </p>
   </div>
   <div class='ocr_carea' id='block_1_36' title="bbox 207 1988 1702 2065">
    <p class='ocr_par' dir='ltr' id='par_1_36' title="bbox 207 1989 1702 2065">
     <span class='ocr_line' id='line_1_36' title="bbox 207 1989 1702 2065; baseline 0.004 -25"><span class='ocrx_word' id='word_1_288' title='bbox 207 1989 406 2043; x_wconf 74' lang='grc' dir='ltr'><strong>ΒΑΛΣ.</strong></span> <span class='ocrx_word' id='word_1_289' title='bbox 442 1991 505 2042; x_wconf 79' lang='grc' dir='ltr'><strong>Οἱ</strong></span> <span class='ocrx_word' id='word_1_290' title='bbox 534 1989 658 2062; x_wconf 79' lang='grc' dir='ltr'>ἄρτι</span> <span class='ocrx_word' id='word_1_291' title='bbox 683 1990 775 2044; x_wconf 80' lang='grc' dir='ltr'><strong>τοῦ</strong></span> <span class='ocrx_word' id='word_1_292' title='bbox 812 1989 978 2044; x_wconf 74' lang='grc' dir='ltr'>ὕπνου</span> <span class='ocrx_word' id='word_1_293' title='bbox 1007 1991 1432 2065; x_wconf 80' lang='grc' dir='ltr'>ἐξανιστάμενοι,</span> <span class='ocrx_word' id='word_1_294' title='bbox 1457 1994 1549 2046; x_wconf 73' lang='grc' dir='ltr'><strong>καὶ</strong></span> <span class='ocrx_word' id='word_1_295' title='bbox 1580 1994 1702 2065; x_wconf 81' lang='grc' dir='ltr'>μᾶλ-</span> 
     </span>
    </p>
   </div>
   <div class='ocr_carea' id='block_1_37' title="bbox 1810 1988 3383 2065">
    <p class='ocr_par' dir='ltr' id='par_1_37' title="bbox 1884 1988 3383 2058">
     <span class='ocr_line' id='line_1_37' title="bbox 1884 1988 3383 2058; baseline 0.001 -16"><span class='ocrx_word' id='word_1_296' title='bbox 1884 1988 2045 2044; x_wconf 70' lang='grc' dir='ltr'>ΒΑιε.</span> <span class='ocrx_word' id='word_1_297' title='bbox 2085 1988 2187 2056; x_wconf 85' lang='lat' dir='ltr'><strong>Qui</strong></span> <span class='ocrx_word' id='word_1_298' title='bbox 2210 2006 2240 2044; x_wconf 92' lang='lat' dir='ltr'><strong>e</strong></span> <span class='ocrx_word' id='word_1_299' title='bbox 2267 2003 2460 2044; x_wconf 87' lang='lat' dir='ltr'><strong>somno</strong></span> <span class='ocrx_word' id='word_1_300' title='bbox 2517 1988 2679 2044; x_wconf 90' lang='lat' dir='ltr'><strong>modo</strong></span> <span class='ocrx_word' id='word_1_301' title='bbox 2710 1997 3032 2058; x_wconf 81' lang='lat' dir='ltr'><strong>exsurgunt,</strong></span> <span class='ocrx_word' id='word_1_302' title='bbox 3067 1996 3120 2044; x_wconf 89' lang='lat' dir='ltr'><strong>et</strong></span> <span class='ocrx_word' id='word_1_303' title='bbox 3145 1988 3383 2044; x_wconf 78' lang='lat' dir='ltr'><strong>maxime</strong></span> 
     </span>
    </p>
   </div>
   <div class='ocr_carea' id='block_1_38' title="bbox 134 2077 1707 2157">
    <p class='ocr_par' dir='ltr' id='par_1_38' title="bbox 134 2077 1707 2157">
     <span class='ocr_line' id='line_1_38' title="bbox 134 2077 1707 2157; baseline 0.004 -25"><span class='ocrx_word' id='word_1_304' title='bbox 134 2081 223 2134; x_wconf 88' lang='grc' dir='ltr'><strong>λον</strong></span> <span class='ocrx_word' id='word_1_305' title='bbox 260 2085 312 2136; x_wconf 89' lang='grc' dir='ltr'>εἰ</span> <span class='ocrx_word' id='word_1_306' title='bbox 345 2082 623 2152; x_wconf 83' lang='grc' dir='ltr'>ὠμόῦπνοι</span> <span class='ocrx_word' id='word_1_307' title='bbox 655 2077 783 2146; x_wconf 86' lang='grc' dir='ltr'>εἷεν,</span> <span class='ocrx_word' id='word_1_308' title='bbox 816 2083 876 2135; x_wconf 91' lang='grc' dir='ltr'><strong>οὐ</strong></span> <span class='ocrx_word' id='word_1_309' title='bbox 914 2083 1285 2154; x_wconf 75' lang='grc' dir='ltr'>καθεστηκότα</span> <span class='ocrx_word' id='word_1_310' title='bbox 1326 2085 1415 2139; x_wconf 75' lang='grc' dir='ltr'><strong>τὸν</strong></span> <span class='ocrx_word' id='word_1_311' title='bbox 1451 2086 1707 2157; x_wconf 85' lang='grc' dir='ltr'>λογισμὸν</span> 
     </span>
    </p>
   </div>
   <div class='ocr_carea' id='block_1_39' title="bbox 135 2173 1707 2246">
    <p class='ocr_par' dir='ltr' id='par_1_39' title="bbox 135 2173 1707 2246">
     <span class='ocr_line' id='line_1_39' title="bbox 135 2173 1707 2246; baseline 0.005 -21"><span class='ocrx_word' id='word_1_312' title='bbox 135 2173 370 2242; x_wconf 78' lang='grc' dir='ltr'>ἔχουσιν,</span> <span class='ocrx_word' id='word_1_313' title='bbox 406 2173 539 2228; x_wconf 86' lang='grc' dir='ltr'><strong>ἀλλά</strong></span> <span class='ocrx_word' id='word_1_314' title='bbox 587 2177 987 2246; x_wconf 85' lang='grc' dir='ltr'>τεταραγμένον</span> <span class='ocrx_word' id='word_1_315' title='bbox 1029 2177 1122 2229; x_wconf 70' lang='grc' dir='ltr'><strong>καὶ</strong></span> <span class='ocrx_word' id='word_1_316' title='bbox 1161 2178 1562 2232; x_wconf 69' lang='grc' dir='ltr'>ἀκατάστατονσ</span> <span class='ocrx_word' id='word_1_317' title='bbox 1597 2198 1707 2233; x_wconf 87' lang='grc' dir='ltr'>τοι-</span> 
     </span>
    </p>
   </div>
   <div class='ocr_carea' id='block_1_40' title="bbox 132 2263 1706 2344">
    <p class='ocr_par' dir='ltr' id='par_1_40' title="bbox 132 2263 1706 2344">
     <span class='ocr_line' id='line_1_40' title="bbox 132 2263 1706 2344; baseline 0.006 -26"><span class='ocrx_word' id='word_1_318' title='bbox 132 2265 311 2330; x_wconf 80' lang='grc' dir='ltr'>ούτοις</span> <span class='ocrx_word' id='word_1_319' title='bbox 359 2267 691 2338; x_wconf 81' lang='grc' dir='ltr'>παρείκασεν</span> <span class='ocrx_word' id='word_1_320' title='bbox 719 2270 746 2321; x_wconf 89' lang='grc' dir='ltr'>ὁ</span> <span class='ocrx_word' id='word_1_321' title='bbox 795 2269 1121 2340; x_wconf 77' lang='grc' dir='ltr'>ἱερομάρτυς</span> <span class='ocrx_word' id='word_1_322' title='bbox 1161 2263 1314 2334; x_wconf 74' lang='grc' dir='ltr'>οὗτος</span> <span class='ocrx_word' id='word_1_323' title='bbox 1360 2273 1478 2336; x_wconf 81' lang='grc' dir='ltr'>τοὺς</span> <span class='ocrx_word' id='word_1_324' title='bbox 1526 2291 1706 2344; x_wconf 87' lang='grc' dir='ltr'>παρα-</span> 
     </span>
    </p>
   </div>
   <div class='ocr_carea' id='block_1_41' title="bbox 133 2360 1707 2436">
    <p class='ocr_par' dir='ltr' id='par_1_41' title="bbox 133 2360 1707 2436">
     <span class='ocr_line' id='line_1_41' title="bbox 133 2360 1707 2436; baseline 0.003 -25"><span class='ocrx_word' id='word_1_325' title='bbox 133 2360 420 2430; x_wconf 73' lang='grc' dir='ltr'>πηδῶντας</span> <span class='ocrx_word' id='word_1_326' title='bbox 446 2361 526 2422; x_wconf 80' lang='grc' dir='ltr'><strong>εἰς</strong></span> <span class='ocrx_word' id='word_1_327' title='bbox 570 2360 660 2412; x_wconf 77' lang='grc' dir='ltr'><strong>τὸν</strong></span> <span class='ocrx_word' id='word_1_328' title='bbox 703 2360 916 2429; x_wconf 83' lang='grc' dir='ltr'>ἀγῶνα,</span> <span class='ocrx_word' id='word_1_329' title='bbox 945 2362 1109 2432; x_wconf 79' lang='grc' dir='ltr'>ήγουν</span> <span class='ocrx_word' id='word_1_330' title='bbox 1152 2363 1278 2426; x_wconf 78' lang='grc' dir='ltr'>τοὺς</span> <span class='ocrx_word' id='word_1_331' title='bbox 1328 2363 1400 2436; x_wconf 79' lang='grc' dir='ltr'>μὴ</span> <span class='ocrx_word' id='word_1_332' title='bbox 1432 2365 1707 2429; x_wconf 71' lang='grc' dir='ltr'>εὐτάκτοις</span> 
     </span>
    </p>
   </div>
   <div class='ocr_carea' id='block_1_42' title="bbox 133 2451 1706 2524">
    <p class='ocr_par' dir='ltr' id='par_1_42' title="bbox 133 2451 1706 2524">
     <span class='ocr_line' id='line_1_42' title="bbox 133 2451 1706 2524; baseline 0.004 -20"><span class='ocrx_word' id='word_1_333' title='bbox 133 2452 266 2504; x_wconf 83' lang='grc' dir='ltr'><strong>ἀλλά</strong></span> <span class='ocrx_word' id='word_1_334' title='bbox 291 2451 536 2522; x_wconf 85' lang='grc' dir='ltr'>θρασέως</span> <span class='ocrx_word' id='word_1_335' title='bbox 555 2453 648 2506; x_wconf 74' lang='grc' dir='ltr'>καὶ</span> <span class='ocrx_word' id='word_1_336' title='bbox 669 2453 1084 2524; x_wconf 82' lang='grc' dir='ltr'>ἀπερισκέπτως</span> <span class='ocrx_word' id='word_1_337' title='bbox 1103 2453 1458 2518; x_wconf 75' lang='grc' dir='ltr'>εἰσωθοῢντας</span> <span class='ocrx_word' id='word_1_338' title='bbox 1485 2458 1706 2521; x_wconf 84' lang='grc' dir='ltr'>ἐαυτοὺς</span> 
     </span>
    </p>
   </div>
   <div class='ocr_carea' id='block_1_43' title="bbox 129 2543 1706 2615">
    <p class='ocr_par' dir='ltr' id='par_1_43' title="bbox 129 2543 1706 2615">
     <span class='ocr_line' id='line_1_43' title="bbox 129 2543 1706 2615; baseline 0.002 -18"><span class='ocrx_word' id='word_1_339' title='bbox 129 2545 209 2607; x_wconf 70' lang='grc' dir='ltr'>εἰς</span> <span class='ocrx_word' id='word_1_340' title='bbox 234 2545 328 2597; x_wconf 78' lang='grc' dir='ltr'>τὸν</span> <span class='ocrx_word' id='word_1_341' title='bbox 357 2543 572 2612; x_wconf 80' lang='grc' dir='ltr'>ἀγῶνα,</span> <span class='ocrx_word' id='word_1_342' title='bbox 605 2545 858 2598; x_wconf 75' lang='grc' dir='ltr'>ὠδίνοντα</span> <span class='ocrx_word' id='word_1_343' title='bbox 888 2546 981 2598; x_wconf 80' lang='grc' dir='ltr'><strong>καὶ</strong></span> <span class='ocrx_word' id='word_1_344' title='bbox 1017 2545 1274 2615; x_wconf 88' lang='grc' dir='ltr'>μέλλοντα</span> <span class='ocrx_word' id='word_1_345' title='bbox 1306 2547 1550 2611; x_wconf 84' lang='grc' dir='ltr'>ἐλκῦσαι,</span> <span class='ocrx_word' id='word_1_346' title='bbox 1585 2549 1706 2602; x_wconf 72' lang='grc' dir='ltr'>ἀντὶ</span> 
     </span>
    </p>
   </div>
   <div class='ocr_carea' id='block_1_44' title="bbox 130 2636 1703 2710">
    <p class='ocr_par' dir='ltr' id='par_1_44' title="bbox 130 2636 1703 2710">
     <span class='ocr_line' id='line_1_44' title="bbox 130 2636 1703 2710; baseline 0.003 -22"><span class='ocrx_word' id='word_1_347' title='bbox 130 2636 247 2699; x_wconf 81' lang='grc' dir='ltr'>τοῦ,</span> <span class='ocrx_word' id='word_1_348' title='bbox 276 2639 442 2706; x_wconf 82' lang='grc' dir='ltr'>μήπω</span> <span class='ocrx_word' id='word_1_349' title='bbox 459 2637 539 2698; x_wconf 70' lang='grc' dir='ltr'>εἰς</span> <span class='ocrx_word' id='word_1_350' title='bbox 568 2636 795 2706; x_wconf 81' lang='grc' dir='ltr'>φανερὸν</span> <span class='ocrx_word' id='word_1_351' title='bbox 825 2637 1304 2708; x_wconf 68' lang='grc' dir='ltr'>ἐκραγῆναι,εάλλά</span> <span class='ocrx_word' id='word_1_352' title='bbox 1332 2638 1703 2710; x_wconf 81' lang='grc' dir='ltr'>μελετώμενον</span> 
     </span>
    </p>
   </div>
   <div class='ocr_carea' id='block_1_45' title="bbox 130 2725 1702 2797">
    <p class='ocr_par' dir='ltr' id='par_1_45' title="bbox 130 2725 1702 2797">
     <span class='ocr_line' id='line_1_45' title="bbox 130 2725 1702 2797; baseline 0.003 -19"><span class='ocrx_word' id='word_1_353' title='bbox 130 2726 222 2779; x_wconf 67' lang='grc' dir='ltr'><strong>καὶ</strong></span> <span class='ocrx_word' id='word_1_354' title='bbox 248 2725 530 2795; x_wconf 85' lang='grc' dir='ltr'>μέλλοντα,</span> <span class='ocrx_word' id='word_1_355' title='bbox 557 2726 672 2796; x_wconf 74' lang='grc' dir='ltr'>ἢτοι</span> <span class='ocrx_word' id='word_1_356' title='bbox 711 2725 1034 2796; x_wconf 80' lang='grc' dir='ltr'>βραδύνοντα</span> <span class='ocrx_word' id='word_1_357' title='bbox 1077 2727 1298 2782; x_wconf 80' lang='grc' dir='ltr'>ἐλκῦσαι</span> <span class='ocrx_word' id='word_1_358' title='bbox 1332 2730 1456 2793; x_wconf 86' lang='grc' dir='ltr'><strong>τούς</strong></span> <span class='ocrx_word' id='word_1_359' title='bbox 1501 2731 1702 2797; x_wconf 88' lang='grc' dir='ltr'>ἀγωνι-</span> 
     </span>
    </p>
   </div>
   <div class='ocr_carea' id='block_1_46' title="bbox 130 2815 1700 2890">
    <p class='ocr_par' dir='ltr' id='par_1_46' title="bbox 130 2815 1700 2890">
     <span class='ocr_line' id='line_1_46' title="bbox 130 2815 1700 2890; baseline 0.004 -22"><span class='ocrx_word' id='word_1_360' title='bbox 130 2815 409 2886; x_wconf 73' lang='grc' dir='ltr'>ζομένους,</span> <span class='ocrx_word' id='word_1_361' title='bbox 470 2817 664 2879; x_wconf 82' lang='grc' dir='ltr'>οἵτινες</span> <span class='ocrx_word' id='word_1_362' title='bbox 705 2817 913 2881; x_wconf 78' lang='grc' dir='ltr'>ἑαυτοῖς</span> <span class='ocrx_word' id='word_1_363' title='bbox 971 2819 1272 2890; x_wconf 76' lang='grc' dir='ltr'>πειρασμὸν</span> <span class='ocrx_word' id='word_1_364' title='bbox 1323 2821 1700 2884; x_wconf 82' lang='grc' dir='ltr'>ἐπισπῶνται,</span> 
     </span>
    </p>
   </div>
   <div class='ocr_carea' id='block_1_47' title="bbox 129 2907 1702 2981">
    <p class='ocr_par' dir='ltr' id='par_1_47' title="bbox 129 2907 1702 2981">
     <span class='ocr_line' id='line_1_47' title="bbox 129 2907 1702 2981; baseline 0.005 -23"><span class='ocrx_word' id='word_1_365' title='bbox 129 2907 296 2975; x_wconf 75' lang='grc' dir='ltr'>ήγουν</span> <span class='ocrx_word' id='word_1_366' title='bbox 323 2909 404 2970; x_wconf 76' lang='grc' dir='ltr'>εἰς</span> <span class='ocrx_word' id='word_1_367' title='bbox 435 2907 661 2970; x_wconf 74' lang='grc' dir='ltr'>ἐαυτοῦς</span> <span class='ocrx_word' id='word_1_368' title='bbox 685 2907 900 2962; x_wconf 78' lang='grc' dir='ltr'>ἕλκουσι</span> <span class='ocrx_word' id='word_1_369' title='bbox 934 2911 1256 2981; x_wconf 86' lang='grc' dir='ltr'>πειρασμόν.</span> <span class='ocrx_word' id='word_1_370' title='bbox 1287 2912 1502 2965; x_wconf 80' lang='grc' dir='ltr'>Μᾶλλον</span> <span class='ocrx_word' id='word_1_371' title='bbox 1529 2912 1584 2966; x_wconf 89' lang='grc' dir='ltr'><strong>δέ</strong></span> <span class='ocrx_word' id='word_1_372' title='bbox 1609 2913 1702 2966; x_wconf 78' lang='grc' dir='ltr'><strong>καὶ</strong></span> 
     </span>
    </p>
   </div>
   <div class='ocr_carea' id='block_1_48' title="bbox 128 2999 1703 3076">
    <p class='ocr_par' dir='ltr' id='par_1_48' title="bbox 128 2999 1703 3076">
     <span class='ocr_line' id='line_1_48' title="bbox 128 2999 1703 3076; baseline 0.005 -24"><span class='ocrx_word' id='word_1_373' title='bbox 128 2999 308 3062; x_wconf 77' lang='grc' dir='ltr'>ἄλλοις</span> <span class='ocrx_word' id='word_1_374' title='bbox 336 3003 546 3064; x_wconf 81' lang='grc' dir='ltr'>πιστοῖς</span> <span class='ocrx_word' id='word_1_375' title='bbox 577 3000 901 3054; x_wconf 81' lang='grc' dir='ltr'>ἀνάπτουσιν</span> <span class='ocrx_word' id='word_1_376' title='bbox 924 3001 1198 3073; x_wconf 81' lang='grc' dir='ltr'>ἄνθρακας</span> <span class='ocrx_word' id='word_1_377' title='bbox 1225 3004 1580 3076; x_wconf 83' lang='grc' dir='ltr'>ἁμαρτωλῶν,</span> <span class='ocrx_word' id='word_1_378' title='bbox 1604 3007 1703 3070; x_wconf 85' lang='grc' dir='ltr'><strong>τάς</strong></span> 
     </span>
    </p>
   </div>
   <div class='ocr_carea' id='block_1_49' title="bbox 129 3090 1703 3164">
    <p class='ocr_par' dir='ltr' id='par_1_49' title="bbox 129 3090 1703 3164">
     <span class='ocr_line' id='line_1_49' title="bbox 129 3090 1703 3164; baseline 0.003 -19"><span class='ocrx_word' id='word_1_379' title='bbox 129 3092 192 3145; x_wconf 73' lang='grc' dir='ltr'><strong>ἐκ</strong></span> <span class='ocrx_word' id='word_1_380' title='bbox 241 3091 352 3145; x_wconf 89' lang='grc' dir='ltr'><strong>τῶν</strong></span> <span class='ocrx_word' id='word_1_381' title='bbox 401 3093 680 3162; x_wconf 86' lang='grc' dir='ltr'>τυράννων</span> <span class='ocrx_word' id='word_1_382' title='bbox 730 3092 966 3164; x_wconf 88' lang='grc' dir='ltr'>δηλονότι</span> <span class='ocrx_word' id='word_1_383' title='bbox 1021 3094 1290 3158; x_wconf 89' lang='grc' dir='ltr'>κολάσεις.</span> <span class='ocrx_word' id='word_1_384' title='bbox 1330 3090 1473 3149; x_wconf 57' lang='grc' dir='ltr'><strong>ἈλλΊῖ</strong></span> <span class='ocrx_word' id='word_1_385' title='bbox 1520 3100 1566 3150; x_wconf 75' lang='grc' dir='ltr'>εἰ</span> <span class='ocrx_word' id='word_1_386' title='bbox 1609 3099 1703 3150; x_wconf 78' lang='grc' dir='ltr'>καὶ</span> 
     </span>
    </p>
   </div>
   <div class='ocr_carea' id='block_1_50' title="bbox 129 3183 1702 3253">
    <p class='ocr_par' dir='ltr' id='par_1_50' title="bbox 129 3183 1702 3253">
     <span class='ocr_line' id='line_1_50' title="bbox 129 3183 1702 3253; baseline 0.004 -18"><span class='ocrx_word' id='word_1_387' title='bbox 129 3185 370 3236; x_wconf 77' lang='grc' dir='ltr'>αἰτιᾶται</span> <span class='ocrx_word' id='word_1_388' title='bbox 402 3185 526 3246; x_wconf 77' lang='grc' dir='ltr'>τοὺς</span> <span class='ocrx_word' id='word_1_389' title='bbox 559 3183 701 3236; x_wconf 73' lang='grc' dir='ltr'>οὕτω</span> <span class='ocrx_word' id='word_1_390' title='bbox 725 3183 1027 3248; x_wconf 74' lang='grc' dir='ltr'>ποιοῦντας,</span> <span class='ocrx_word' id='word_1_391' title='bbox 1059 3189 1330 3239; x_wconf 84' lang='grc' dir='ltr'>κοινωνεῖν</span> <span class='ocrx_word' id='word_1_392' title='bbox 1357 3188 1493 3252; x_wconf 89' lang='grc' dir='ltr'>τέως</span> <span class='ocrx_word' id='word_1_393' title='bbox 1524 3191 1702 3253; x_wconf 90' lang='grc' dir='ltr'>αὐτοῖς</span> 
     </span>
    </p>
   </div>
   <div class='ocr_carea' id='block_1_51' title="bbox 129 3275 1703 3350">
    <p class='ocr_par' dir='ltr' id='par_1_51' title="bbox 129 3275 1703 3350">
     <span class='ocr_line' id='line_1_51' title="bbox 129 3275 1703 3350; baseline 0.004 -24"><span class='ocrx_word' id='word_1_394' title='bbox 129 3275 253 3338; x_wconf 76' lang='grc' dir='ltr'>τοὺς</span> <span class='ocrx_word' id='word_1_395' title='bbox 277 3276 500 3337; x_wconf 83' lang='grc' dir='ltr'>πιστοὺς</span> <span class='ocrx_word' id='word_1_396' title='bbox 526 3275 885 3342; x_wconf 84' lang='grc' dir='ltr'>διατάττεται,</span> <span class='ocrx_word' id='word_1_397' title='bbox 919 3278 1000 3330; x_wconf 86' lang='grc' dir='ltr'>ὅτι</span> <span class='ocrx_word' id='word_1_398' title='bbox 1032 3278 1116 3332; x_wconf 80' lang='grc' dir='ltr'><strong>διὰ</strong></span> <span class='ocrx_word' id='word_1_399' title='bbox 1150 3279 1238 3332; x_wconf 76' lang='grc' dir='ltr'><strong>τὸν</strong></span> <span class='ocrx_word' id='word_1_400' title='bbox 1255 3278 1487 3350; x_wconf 85' lang='grc' dir='ltr'>Χριστὸν</span> <span class='ocrx_word' id='word_1_401' title='bbox 1515 3281 1703 3334; x_wconf 89' lang='grc' dir='ltr'>ὐπεισ-</span> 
     </span>
    </p>
   </div>
   <div class='ocr_carea' id='block_1_52' title="bbox 1808 2080 3380 2152">
    <p class='ocr_par' dir='ltr' id='par_1_52' title="bbox 1808 2080 3380 2152">
     <span class='ocr_line' id='line_1_52' title="bbox 1808 2080 3380 2152; baseline -0.001 -16"><span class='ocrx_word' id='word_1_402' title='bbox 1808 2082 1854 2136; x_wconf 90' lang='lat' dir='ltr'><strong>si</strong></span> <span class='ocrx_word' id='word_1_403' title='bbox 1882 2081 2052 2136; x_wconf 89' lang='lat' dir='ltr'><strong>crudo</strong></span> <span class='ocrx_word' id='word_1_404' title='bbox 2081 2081 2462 2152; x_wconf 79' lang='lat' dir='ltr'><strong>profundoque</strong></span> <span class='ocrx_word' id='word_1_405' title='bbox 2491 2095 2684 2136; x_wconf 89' lang='lat' dir='ltr'><strong>somno</strong></span> <span class='ocrx_word' id='word_1_406' title='bbox 2707 2080 3119 2150; x_wconf 86' lang='lat' dir='ltr'><strong>premebantur,</strong></span> <span class='ocrx_word' id='word_1_407' title='bbox 3149 2096 3260 2135; x_wconf 88' lang='lat' dir='ltr'><strong>non</strong></span> <span class='ocrx_word' id='word_1_408' title='bbox 3282 2080 3380 2134; x_wconf 86' lang='lat' dir='ltr'><strong>ha-</strong></span> 
     </span>
    </p>
   </div>
   <div class='ocr_carea' id='block_1_53' title="bbox 1805 2172 3372 2241">
    <p class='ocr_par' dir='ltr' id='par_1_53' title="bbox 1805 2172 3372 2241">
     <span class='ocr_line' id='line_1_53' title="bbox 1805 2172 3372 2241; baseline -0.001 -13"><span class='ocrx_word' id='word_1_409' title='bbox 1805 2174 1934 2228; x_wconf 87' lang='lat' dir='ltr'><strong>bent</strong></span> <span class='ocrx_word' id='word_1_410' title='bbox 1971 2180 2313 2228; x_wconf 86' lang='lat' dir='ltr'><strong>constantem</strong></span> <span class='ocrx_word' id='word_1_411' title='bbox 2343 2173 2632 2234; x_wconf 86' lang='lat' dir='ltr'><strong>rationem,</strong></span> <span class='ocrx_word' id='word_1_412' title='bbox 2679 2172 2773 2227; x_wconf 89' lang='lat' dir='ltr'><strong>sed</strong></span> <span class='ocrx_word' id='word_1_413' title='bbox 2806 2173 3176 2241; x_wconf 83' lang='lat' dir='ltr'><strong>perturbatam</strong></span> <span class='ocrx_word' id='word_1_414' title='bbox 3203 2181 3258 2229; x_wconf 86' lang='lat' dir='ltr'><strong>et</strong></span> <span class='ocrx_word' id='word_1_415' title='bbox 3285 2174 3372 2226; x_wconf 90' lang='lat' dir='ltr'><strong>in-</strong></span> 
     </span>
    </p>
   </div>
   <div class='ocr_carea' id='block_1_54' title="bbox 1807 2263 3379 2320">
    <p class='ocr_par' dir='ltr' id='par_1_54' title="bbox 1807 2263 3379 2320">
     <span class='ocr_line' id='line_1_54' title="bbox 1807 2263 3379 2320; baseline -0.001 0"><span class='ocrx_word' id='word_1_416' title='bbox 1807 2264 2057 2320; x_wconf 86' lang='lat' dir='ltr'><strong>stabilem</strong></span> <span class='ocrx_word' id='word_1_417' title='bbox 2096 2283 2109 2317; x_wconf 89' lang='lat'><strong>:</strong></span> <span class='ocrx_word' id='word_1_418' title='bbox 2143 2265 2343 2318; x_wconf 85' lang='lat' dir='ltr'><strong>talibus</strong></span> <span class='ocrx_word' id='word_1_419' title='bbox 2377 2263 2646 2318; x_wconf 88' lang='lat' dir='ltr'><strong>assimilat</strong></span> <span class='ocrx_word' id='word_1_420' title='bbox 2693 2273 3080 2318; x_wconf 87' lang='lat' dir='ltr'><strong>sacrosanctus</strong></span> <span class='ocrx_word' id='word_1_421' title='bbox 3115 2265 3203 2318; x_wconf 88' lang='lat' dir='ltr'><strong>hic</strong></span> <span class='ocrx_word' id='word_1_422' title='bbox 3232 2281 3379 2318; x_wconf 91' lang='lat' dir='ltr'><strong>mar-</strong></span> 
     </span>
    </p>
   </div>
   <div class='ocr_carea' id='block_1_55' title="bbox 1807 2353 3376 2427">
    <p class='ocr_par' dir='ltr' id='par_1_55' title="bbox 1807 2353 3376 2427">
     <span class='ocr_line' id='line_1_55' title="bbox 1807 2353 3376 2427; baseline 0 -18"><span class='ocrx_word' id='word_1_423' title='bbox 1807 2364 1894 2427; x_wconf 82' lang='lat' dir='ltr'><strong>tyr</strong></span> <span class='ocrx_word' id='word_1_424' title='bbox 1919 2371 2014 2411; x_wconf 92' lang='lat' dir='ltr'><strong>eos</strong></span> <span class='ocrx_word' id='word_1_425' title='bbox 2055 2356 2145 2426; x_wconf 92' lang='lat' dir='ltr'><strong>qui</strong></span> <span class='ocrx_word' id='word_1_426' title='bbox 2179 2372 2285 2409; x_wconf 91' lang='lat' dir='ltr'><strong>non</strong></span> <span class='ocrx_word' id='word_1_427' title='bbox 2337 2355 2610 2418; x_wconf 87' lang='lat' dir='ltr'><strong>ordinate,</strong></span> <span class='ocrx_word' id='word_1_428' title='bbox 2645 2353 2740 2408; x_wconf 88' lang='lat' dir='ltr'><strong>sed</strong></span> <span class='ocrx_word' id='word_1_429' title='bbox 2775 2355 3064 2409; x_wconf 87' lang='lat' dir='ltr'><strong>temerarie</strong></span> <span class='ocrx_word' id='word_1_430' title='bbox 3097 2361 3151 2408; x_wconf 89' lang='lat' dir='ltr'><strong>et</strong></span> <span class='ocrx_word' id='word_1_431' title='bbox 3185 2355 3376 2410; x_wconf 88' lang='lat' dir='ltr'><strong>incon-</strong></span> 
     </span>
    </p>
   </div>
   <div class='ocr_carea' id='block_1_56' title="bbox 1806 2446 3375 2515">
    <p class='ocr_par' dir='ltr' id='par_1_56' title="bbox 1806 2446 3375 2515">
     <span class='ocr_line' id='line_1_56' title="bbox 1806 2446 3375 2515; baseline -0.002 -12"><span class='ocrx_word' id='word_1_432' title='bbox 1806 2448 2042 2504; x_wconf 90' lang='lat' dir='ltr'><strong>siderate</strong></span> <span class='ocrx_word' id='word_1_433' title='bbox 2075 2464 2134 2504; x_wconf 90' lang='lat' dir='ltr'><strong>se</strong></span> <span class='ocrx_word' id='word_1_434' title='bbox 2163 2447 2218 2501; x_wconf 90' lang='lat' dir='ltr'><strong>in</strong></span> <span class='ocrx_word' id='word_1_435' title='bbox 2247 2455 2522 2501; x_wconf 89' lang='lat' dir='ltr'><strong>certamen</strong></span> <span class='ocrx_word' id='word_1_436' title='bbox 2571 2446 2858 2500; x_wconf 89' lang='lat' dir='ltr'><strong>intrudunt</strong></span> <span class='ocrx_word' id='word_1_437' title='bbox 2894 2463 2909 2512; x_wconf 90' lang='lat'><strong>;</strong></span> <span class='ocrx_word' id='word_1_438' title='bbox 2959 2446 3291 2515; x_wconf 89' lang='lat' dir='ltr'><strong>parturiens,</strong></span> <span class='ocrx_word' id='word_1_439' title='bbox 3320 2455 3375 2501; x_wconf 90' lang='lat' dir='ltr'><strong>et</strong></span> 
     </span>
    </p>
   </div>
   <div class='ocr_carea' id='block_1_57' title="bbox 1805 2537 3372 2609">
    <p class='ocr_par' dir='ltr' id='par_1_57' title="bbox 1805 2537 3372 2609">
     <span class='ocr_line' id='line_1_57' title="bbox 1805 2537 3372 2609; baseline -0.001 -15"><span class='ocrx_word' id='word_1_440' title='bbox 1805 2540 2024 2595; x_wconf 87' lang='lat' dir='ltr'><strong>trahere</strong></span> <span class='ocrx_word' id='word_1_441' title='bbox 2052 2537 2329 2604; x_wconf 83' lang='lat' dir='ltr'><strong>diﬂ‘erens,</strong></span> <span class='ocrx_word' id='word_1_442' title='bbox 2362 2554 2460 2609; x_wconf 91' lang='lat' dir='ltr'><strong>pro</strong></span> <span class='ocrx_word' id='word_1_443' title='bbox 2493 2553 2558 2594; x_wconf 91' lang='lat' dir='ltr'><strong>eo</strong></span> <span class='ocrx_word' id='word_1_444' title='bbox 2589 2538 2733 2608; x_wconf 91' lang='lat' dir='ltr'><strong>quod</strong></span> <span class='ocrx_word' id='word_1_445' title='bbox 2764 2539 3007 2591; x_wconf 90' lang='lat' dir='ltr'><strong>nondum</strong></span> <span class='ocrx_word' id='word_1_446' title='bbox 3040 2539 3095 2591; x_wconf 91' lang='lat' dir='ltr'><strong>in</strong></span> <span class='ocrx_word' id='word_1_447' title='bbox 3128 2545 3372 2608; x_wconf 88' lang='lat' dir='ltr'><strong>apertum</strong></span> 
     </span>
    </p>
   </div>
   <div class='ocr_carea' id='block_1_58' title="bbox 1804 2626 3374 2700">
    <p class='ocr_par' dir='ltr' id='par_1_58' title="bbox 1804 2626 3374 2700">
     <span class='ocr_line' id='line_1_58' title="bbox 1804 2626 3374 2700; baseline -0.003 -14"><span class='ocrx_word' id='word_1_448' title='bbox 1804 2631 2004 2700; x_wconf 90' lang='lat' dir='ltr'><strong>erupit,</strong></span> <span class='ocrx_word' id='word_1_449' title='bbox 2052 2629 2147 2686; x_wconf 92' lang='lat' dir='ltr'><strong>sed</strong></span> <span class='ocrx_word' id='word_1_450' title='bbox 2181 2630 2475 2684; x_wconf 90' lang='lat' dir='ltr'><strong>meditatur</strong></span> <span class='ocrx_word' id='word_1_451' title='bbox 2506 2635 2560 2684; x_wconf 89' lang='lat' dir='ltr'><strong>et</strong></span> <span class='ocrx_word' id='word_1_452' title='bbox 2585 2627 2786 2692; x_wconf 84' lang='lat' dir='ltr'><strong>differt,</strong></span> <span class='ocrx_word' id='word_1_453' title='bbox 2822 2643 2918 2682; x_wconf 88' lang='lat' dir='ltr'><strong>seu</strong></span> <span class='ocrx_word' id='word_1_454' title='bbox 2966 2635 3257 2682; x_wconf 86' lang='lat' dir='ltr'><strong>cunctatur</strong></span> <span class='ocrx_word' id='word_1_455' title='bbox 3277 2626 3374 2682; x_wconf 86' lang='lat' dir='ltr'><strong>de-</strong></span> 
     </span>
    </p>
   </div>
   <div class='ocr_carea' id='block_1_59' title="bbox 1805 2720 3371 2792">
    <p class='ocr_par' dir='ltr' id='par_1_59' title="bbox 1805 2720 3371 2792">
     <span class='ocr_line' id='line_1_59' title="bbox 1805 2720 3371 2792; baseline -0.002 -15"><span class='ocrx_word' id='word_1_456' title='bbox 1805 2733 2076 2778; x_wconf 87' lang='lat' dir='ltr'><strong>certantes</strong></span> <span class='ocrx_word' id='word_1_457' title='bbox 2104 2723 2341 2785; x_wconf 87' lang='lat' dir='ltr'><strong>trahere,</strong></span> <span class='ocrx_word' id='word_1_458' title='bbox 2361 2721 2687 2792; x_wconf 88' lang='lat' dir='ltr'><strong>quisibimet</strong></span> <span class='ocrx_word' id='word_1_459' title='bbox 2719 2720 3074 2776; x_wconf 89' lang='lat' dir='ltr'><strong>tentationem</strong></span> <span class='ocrx_word' id='word_1_460' title='bbox 3103 2721 3371 2784; x_wconf 88' lang='lat' dir='ltr'><strong>alliciunt,</strong></span> 
     </span>
    </p>
   </div>
   <div class='ocr_carea' id='block_1_60' title="bbox 1805 2811 3366 2885">
    <p class='ocr_par' dir='ltr' id='par_1_60' title="bbox 1805 2811 3366 2885">
     <span class='ocr_line' id='line_1_60' title="bbox 1805 2811 3366 2885; baseline -0.002 -15"><span class='ocrx_word' id='word_1_461' title='bbox 1805 2816 1920 2871; x_wconf 87' lang='lat' dir='ltr'><strong>sive</strong></span> <span class='ocrx_word' id='word_1_462' title='bbox 1953 2817 2008 2870; x_wconf 92' lang='lat' dir='ltr'><strong>in</strong></span> <span class='ocrx_word' id='word_1_463' title='bbox 2035 2831 2094 2870; x_wconf 89' lang='lat' dir='ltr'><strong>se</strong></span> <span class='ocrx_word' id='word_1_464' title='bbox 2131 2815 2279 2885; x_wconf 90' lang='lat' dir='ltr'><strong>ipsos</strong></span> <span class='ocrx_word' id='word_1_465' title='bbox 2331 2815 2688 2869; x_wconf 88' lang='lat' dir='ltr'><strong>tentationem</strong></span> <span class='ocrx_word' id='word_1_466' title='bbox 2737 2813 2980 2866; x_wconf 80' lang='lat' dir='ltr'><strong>trahtmt.</strong></span> <span class='ocrx_word' id='word_1_467' title='bbox 3015 2811 3245 2867; x_wconf 74' lang='lat' dir='ltr'><strong>Maxime</strong></span> <span class='ocrx_word' id='word_1_468' title='bbox 3275 2827 3366 2867; x_wconf 80' lang='lat' dir='ltr'><strong>au-</strong></span> 
     </span>
    </p>
   </div>
   <div class='ocr_carea' id='block_1_61' title="bbox 1803 2901 3375 2974">
    <p class='ocr_par' dir='ltr' id='par_1_61' title="bbox 1803 2901 3375 2974">
     <span class='ocr_line' id='line_1_61' title="bbox 1803 2901 3375 2974; baseline -0.002 -15"><span class='ocrx_word' id='word_1_469' title='bbox 1803 2915 1933 2970; x_wconf 90' lang='lat' dir='ltr'><strong>tem,</strong></span> <span class='ocrx_word' id='word_1_470' title='bbox 1964 2913 2018 2960; x_wconf 88' lang='lat' dir='ltr'><strong>et</strong></span> <span class='ocrx_word' id='word_1_471' title='bbox 2041 2905 2162 2960; x_wconf 91' lang='lat' dir='ltr'><strong>aliis</strong></span> <span class='ocrx_word' id='word_1_472' title='bbox 2191 2903 2437 2959; x_wconf 77' lang='lat' dir='ltr'><strong>fidelibus</strong></span> <span class='ocrx_word' id='word_1_473' title='bbox 2482 2909 2830 2974; x_wconf 86' lang='lat' dir='ltr'><strong>peccatorum</strong></span> <span class='ocrx_word' id='word_1_474' title='bbox 2861 2901 3129 2956; x_wconf 89' lang='lat' dir='ltr'><strong>carbones</strong></span> <span class='ocrx_word' id='word_1_475' title='bbox 3181 2915 3375 2957; x_wconf 80' lang='lat' dir='ltr'><strong>accen-</strong></span> 
     </span>
    </p>
   </div>
   <div class='ocr_carea' id='block_1_62' title="bbox 1804 2992 3372 3068">
    <p class='ocr_par' dir='ltr' id='par_1_62' title="bbox 1804 2992 3372 3068">
     <span class='ocr_line' id='line_1_62' title="bbox 1804 2992 3372 3068; baseline -0.001 -17"><span class='ocrx_word' id='word_1_476' title='bbox 1804 2997 1962 3061; x_wconf 90' lang='lat' dir='ltr'><strong>dunt,</strong></span> <span class='ocrx_word' id='word_1_477' title='bbox 1995 3013 2024 3050; x_wconf 92' lang='lat' dir='ltr'><strong>a</strong></span> <span class='ocrx_word' id='word_1_478' title='bbox 2056 2997 2297 3068; x_wconf 86' lang='lat' dir='ltr'><strong>tyrannis</strong></span> <span class='ocrx_word' id='word_1_479' title='bbox 2352 2997 2561 3051; x_wconf 87' lang='lat' dir='ltr'><strong>scilicet</strong></span> <span class='ocrx_word' id='word_1_480' title='bbox 2611 2995 2943 3065; x_wconf 90' lang='lat' dir='ltr'><strong>punitiones.</strong></span> <span class='ocrx_word' id='word_1_481' title='bbox 2992 2992 3097 3049; x_wconf 87' lang='lat' dir='ltr'><strong>Sed</strong></span> <span class='ocrx_word' id='word_1_482' title='bbox 3140 2996 3243 3050; x_wconf 89' lang='lat' dir='ltr'><strong>etsi</strong></span> <span class='ocrx_word' id='word_1_483' title='bbox 3277 3009 3372 3050; x_wconf 87' lang='lat' dir='ltr'><strong>eos</strong></span> 
     </span>
    </p>
   </div>
   <div class='ocr_carea' id='block_1_63' title="bbox 1804 3085 3371 3157">
    <p class='ocr_par' dir='ltr' id='par_1_63' title="bbox 1804 3085 3371 3157">
     <span class='ocr_line' id='line_1_63' title="bbox 1804 3085 3371 3157; baseline -0.001 -15"><span class='ocrx_word' id='word_1_484' title='bbox 1804 3089 1896 3157; x_wconf 90' lang='lat' dir='ltr'><strong>qui</strong></span> <span class='ocrx_word' id='word_1_485' title='bbox 1925 3089 2006 3144; x_wconf 88' lang='lat' dir='ltr'><strong>sic</strong></span> <span class='ocrx_word' id='word_1_486' title='bbox 2035 3087 2263 3152; x_wconf 88' lang='lat' dir='ltr'><strong>faciunt,</strong></span> <span class='ocrx_word' id='word_1_487' title='bbox 2315 3087 2663 3157; x_wconf 84' lang='lat' dir='ltr'><strong>reprehendit</strong></span> <span class='ocrx_word' id='word_1_488' title='bbox 2693 3104 2708 3153; x_wconf 91' lang='lat'><strong>;</strong></span> <span class='ocrx_word' id='word_1_489' title='bbox 2745 3086 2902 3155; x_wconf 87' lang='lat' dir='ltr'><strong>jubet</strong></span> <span class='ocrx_word' id='word_1_490' title='bbox 2953 3093 3135 3140; x_wconf 87' lang='lat' dir='ltr'><strong>tamen</strong></span> <span class='ocrx_word' id='word_1_491' title='bbox 3186 3085 3371 3141; x_wconf 82' lang='lat' dir='ltr'><strong>fideles</strong></span> 
     </span>
    </p>
   </div>
   <div class='ocr_carea' id='block_1_64' title="bbox 1803 3175 3366 3247">
    <p class='ocr_par' dir='ltr' id='par_1_64' title="bbox 1803 3175 3366 3247">
     <span class='ocr_line' id='line_1_64' title="bbox 1803 3175 3366 3247; baseline -0.003 -13"><span class='ocrx_word' id='word_1_492' title='bbox 1803 3180 1885 3234; x_wconf 92' lang='lat' dir='ltr'><strong>eis</strong></span> <span class='ocrx_word' id='word_1_493' title='bbox 1918 3179 2088 3232; x_wconf 91' lang='lat' dir='ltr'><strong>nihilo</strong></span> <span class='ocrx_word' id='word_1_494' title='bbox 2117 3178 2294 3232; x_wconf 91' lang='lat' dir='ltr'><strong>secius</strong></span> <span class='ocrx_word' id='word_1_495' title='bbox 2333 3177 2770 3240; x_wconf 87' lang='lat' dir='ltr'><strong>communicare,</strong></span> <span class='ocrx_word' id='word_1_496' title='bbox 2801 3177 2929 3245; x_wconf 88' lang='lat' dir='ltr'><strong>quia</strong></span> <span class='ocrx_word' id='word_1_497' title='bbox 2962 3187 3184 3247; x_wconf 87' lang='lat' dir='ltr'><strong>propter</strong></span> <span class='ocrx_word' id='word_1_498' title='bbox 3205 3175 3366 3231; x_wconf 85' lang='lat' dir='ltr'><strong>Chri-</strong></span> 
     </span>
    </p>
   </div>
   <div class='ocr_carea' id='block_1_65' title="bbox 1807 3268 3367 3337">
    <p class='ocr_par' dir='ltr' id='par_1_65' title="bbox 1807 3268 3367 3337">
     <span class='ocr_line' id='line_1_65' title="bbox 1807 3268 3367 3337; baseline -0.001 -13"><span class='ocrx_word' id='word_1_499' title='bbox 1807 3277 1950 3324; x_wconf 90' lang='lat' dir='ltr'><strong>stum</strong></span> <span class='ocrx_word' id='word_1_500' title='bbox 1975 3277 2249 3325; x_wconf 88' lang='lat' dir='ltr'><strong>certamen</strong></span> <span class='ocrx_word' id='word_1_501' title='bbox 2272 3268 2578 3330; x_wconf 87' lang='lat' dir='ltr'><strong>subierunt,</strong></span> <span class='ocrx_word' id='word_1_502' title='bbox 2607 3268 2858 3337; x_wconf 90' lang='lat' dir='ltr'><strong>quamvis</strong></span> <span class='ocrx_word' id='word_1_503' title='bbox 2891 3268 3038 3321; x_wconf 89' lang='lat' dir='ltr'><strong>illius</strong></span> <span class='ocrx_word' id='word_1_504' title='bbox 3061 3269 3367 3322; x_wconf 84' lang='lat' dir='ltr'><strong>doctrinam</strong></span> 
     </span>
    </p>
   </div>
   <div class='ocr_carea' id='block_1_66' title="bbox 127 3360 1702 3441">
    <p class='ocr_par' dir='ltr' id='par_1_66' title="bbox 127 3367 1702 3441">
     <span class='ocr_line' id='line_1_66' title="bbox 127 3367 1702 3441; baseline -0.001 -18"><span class='ocrx_word' id='word_1_505' title='bbox 127 3367 292 3438; x_wconf 72' lang='grc' dir='ltr'>ἦλθον</span> <span class='ocrx_word' id='word_1_506' title='bbox 337 3369 425 3420; x_wconf 72' lang='grc' dir='ltr'>τὸν</span> <span class='ocrx_word' id='word_1_507' title='bbox 458 3367 679 3435; x_wconf 87' lang='grc' dir='ltr'>ἀγῶνα,</span> <span class='ocrx_word' id='word_1_508' title='bbox 731 3367 832 3422; x_wconf 68' lang='grc' dir='ltr'>κᾶν</span> <span class='ocrx_word' id='word_1_509' title='bbox 880 3369 1153 3440; x_wconf 73' lang='grc' dir='ltr'>ἠγνόησαν</span> <span class='ocrx_word' id='word_1_510' title='bbox 1190 3369 1287 3441; x_wconf 83' lang='grc' dir='ltr'>τὴν</span> <span class='ocrx_word' id='word_1_511' title='bbox 1317 3371 1524 3424; x_wconf 86' lang='grc' dir='ltr'>ἐκείνου</span> <span class='ocrx_word' id='word_1_512' title='bbox 1561 3370 1702 3424; x_wconf 88' lang='grc' dir='ltr'>διδα-</span> 
     </span>
    </p>
   </div>
   <div class='ocr_carea' id='block_1_67' title="bbox 1810 3360 3368 3441">
    <p class='ocr_par' dir='ltr' id='par_1_67' title="bbox 1810 3360 3368 3432">
     <span class='ocr_line' id='line_1_67' title="bbox 1810 3360 3368 3432; baseline -0.001 -15"><span class='ocrx_word' id='word_1_513' title='bbox 1810 3363 2124 3432; x_wconf 63' lang='lat' dir='ltr'><strong>ignorarunt</strong></span> <span class='ocrx_word' id='word_1_514' title='bbox 2156 3381 2168 3415; x_wconf 87' lang='lat'>:</span> <span class='ocrx_word' id='word_1_515' title='bbox 2204 3361 2296 3430; x_wconf 91' lang='lat' dir='ltr'><strong>qui</strong></span> <span class='ocrx_word' id='word_1_516' title='bbox 2331 3360 2488 3414; x_wconf 89' lang='lat' dir='ltr'><strong>docet</strong></span> <span class='ocrx_word' id='word_1_517' title='bbox 2517 3369 2698 3429; x_wconf 88' lang='lat' dir='ltr'><strong>petere</strong></span> <span class='ocrx_word' id='word_1_518' title='bbox 2727 3375 2796 3414; x_wconf 89' lang='lat' dir='ltr'><strong>ne</strong></span> <span class='ocrx_word' id='word_1_519' title='bbox 2821 3368 3114 3424; x_wconf 86' lang='lat' dir='ltr'><strong>tentemur,</strong></span> <span class='ocrx_word' id='word_1_520' title='bbox 3137 3367 3192 3414; x_wconf 89' lang='lat' dir='ltr'><strong>et</strong></span> <span class='ocrx_word' id='word_1_521' title='bbox 3221 3361 3368 3430; x_wconf 87' lang='lat' dir='ltr'><strong>quod</strong></span> 
     </span>
    </p>
   </div>
   <div class='ocr_carea' id='block_1_68' title="bbox 129 3459 1700 3533">
    <p class='ocr_par' dir='ltr' id='par_1_68' title="bbox 129 3459 1700 3533">
     <span class='ocr_line' id='line_1_68' title="bbox 129 3459 1700 3533; baseline 0.001 -20"><span class='ocrx_word' id='word_1_522' title='bbox 129 3460 379 3523; x_wconf 82' lang='grc' dir='ltr'>σκαλίαν,</span> <span class='ocrx_word' id='word_1_523' title='bbox 409 3459 752 3523; x_wconf 77' lang='grc' dir='ltr'>διδάσκοντος</span> <span class='ocrx_word' id='word_1_524' title='bbox 779 3461 949 3513; x_wconf 79' lang='grc' dir='ltr'>αἰτεῖν</span> <span class='ocrx_word' id='word_1_525' title='bbox 981 3460 1054 3531; x_wconf 86' lang='grc' dir='ltr'>μὴ</span> <span class='ocrx_word' id='word_1_526' title='bbox 1085 3461 1466 3533; x_wconf 79' lang='grc' dir='ltr'>πειρασθῆναι,</span> <span class='ocrx_word' id='word_1_527' title='bbox 1499 3463 1591 3516; x_wconf 71' lang='grc' dir='ltr'>καὶ</span> <span class='ocrx_word' id='word_1_528' title='bbox 1618 3463 1700 3516; x_wconf 85' lang='grc' dir='ltr'>ὅτι</span> 
     </span>
    </p>
   </div>
   <div class='ocr_carea' id='block_1_69' title="bbox 125 3550 1698 3624">
    <p class='ocr_par' dir='ltr' id='par_1_69' title="bbox 125 3550 1698 3624">
     <span class='ocr_line' id='line_1_69' title="bbox 125 3550 1698 3624; baseline -0.001 -18"><span class='ocrx_word' id='word_1_529' title='bbox 125 3551 243 3606; x_wconf 71' lang='grc' dir='ltr'>οὐδὲ</span> <span class='ocrx_word' id='word_1_530' title='bbox 296 3550 488 3604; x_wconf 76' lang='grc' dir='ltr'>ἐαυτὸν</span> <span class='ocrx_word' id='word_1_531' title='bbox 541 3550 851 3622; x_wconf 83' lang='grc' dir='ltr'>παρέδωκεν</span> <span class='ocrx_word' id='word_1_532' title='bbox 875 3592 889 3616; x_wconf 93' lang='grc'><strong>,</strong></span> <span class='ocrx_word' id='word_1_533' title='bbox 940 3551 1074 3605; x_wconf 85' lang='grc' dir='ltr'>ἀλλὰ</span> <span class='ocrx_word' id='word_1_534' title='bbox 1122 3553 1424 3623; x_wconf 85' lang='grc' dir='ltr'>παρεδόθη·</span> <span class='ocrx_word' id='word_1_535' title='bbox 1471 3553 1570 3606; x_wconf 75' lang='grc' dir='ltr'><strong>καὶ</strong></span> <span class='ocrx_word' id='word_1_536' title='bbox 1625 3553 1698 3624; x_wconf 81' lang='grc' dir='ltr'><strong>μὴ</strong></span> 
     </span>
    </p>
   </div>
   <div class='ocr_carea' id='block_1_70' title="bbox 126 3641 1697 3714">
    <p class='ocr_par' dir='ltr' id='par_1_70' title="bbox 126 3641 1697 3714">
     <span class='ocr_line' id='line_1_70' title="bbox 126 3641 1697 3714; baseline 0.001 -19"><span class='ocrx_word' id='word_1_537' title='bbox 126 3642 445 3712; x_wconf 76' lang='grc' dir='ltr'>αὐτομολεῖν</span> <span class='ocrx_word' id='word_1_538' title='bbox 474 3641 608 3713; x_wconf 82' lang='grc' dir='ltr'>πρὸς</span> <span class='ocrx_word' id='word_1_539' title='bbox 635 3643 760 3705; x_wconf 83' lang='grc' dir='ltr'>τοὺς</span> <span class='ocrx_word' id='word_1_540' title='bbox 797 3641 1082 3706; x_wconf 82' lang='grc' dir='ltr'>κολαστάς,</span> <span class='ocrx_word' id='word_1_541' title='bbox 1114 3643 1200 3696; x_wconf 83' lang='grc' dir='ltr'>ἵνα</span> <span class='ocrx_word' id='word_1_542' title='bbox 1231 3644 1303 3714; x_wconf 86' lang='grc' dir='ltr'>μὴ</span> <span class='ocrx_word' id='word_1_543' title='bbox 1333 3643 1492 3696; x_wconf 76' lang='grc' dir='ltr'>αἴτιοι</span> <span class='ocrx_word' id='word_1_544' title='bbox 1517 3645 1697 3706; x_wconf 91' lang='grc' dir='ltr'>αὐτοῖς</span> 
     </span>
    </p>
   </div>
   <div class='ocr_carea' id='block_1_71' title="bbox 126 3731 1698 3810">
    <p class='ocr_par' dir='ltr' id='par_1_71' title="bbox 126 3731 1698 3810">
     <span class='ocr_line' id='line_1_71' title="bbox 126 3731 1698 3810; baseline 0.001 -25"><span class='ocrx_word' id='word_1_545' title='bbox 126 3733 357 3801; x_wconf 73' lang='grc' dir='ltr'>γίνοιντο</span> <span class='ocrx_word' id='word_1_546' title='bbox 390 3731 648 3810; x_wconf 81' lang='grc' dir='ltr'>πλειόνων</span> <span class='ocrx_word' id='word_1_547' title='bbox 687 3733 860 3802; x_wconf 86' lang='grc' dir='ltr'>φόνων</span> <span class='ocrx_word' id='word_1_548' title='bbox 883 3774 898 3797; x_wconf 92' lang='grc'><strong>,</strong></span> <span class='ocrx_word' id='word_1_549' title='bbox 932 3732 1121 3805; x_wconf 80' lang='grc' dir='ltr'>ὥσπερ</span> <span class='ocrx_word' id='word_1_550' title='bbox 1160 3733 1567 3805; x_wconf 85' lang='grc' dir='ltr'>παραθήγοντες</span> <span class='ocrx_word' id='word_1_551' title='bbox 1599 3735 1698 3787; x_wconf 90' lang='grc' dir='ltr'>αὐ-</span> 
     </span>
    </p>
   </div>
   <div class='ocr_carea' id='block_1_72' title="bbox 124 3827 1698 3900">
    <p class='ocr_par' dir='ltr' id='par_1_72' title="bbox 124 3827 1698 3900">
     <span class='ocr_line' id='line_1_72' title="bbox 124 3827 1698 3900; baseline 0 -18"><span class='ocrx_word' id='word_1_552' title='bbox 124 3830 247 3891; x_wconf 77' lang='grc' dir='ltr'>τοὺς</span> <span class='ocrx_word' id='word_1_553' title='bbox 275 3830 356 3890; x_wconf 74' lang='grc' dir='ltr'>εἰς</span> <span class='ocrx_word' id='word_1_554' title='bbox 383 3828 484 3892; x_wconf 86' lang='grc' dir='ltr'>τὰς</span> <span class='ocrx_word' id='word_1_555' title='bbox 531 3827 672 3882; x_wconf 84' lang='grc' dir='ltr'><strong>κατά</strong></span> <span class='ocrx_word' id='word_1_556' title='bbox 708 3827 816 3879; x_wconf 88' lang='grc' dir='ltr'><strong>τῶν</strong></span> <span class='ocrx_word' id='word_1_557' title='bbox 858 3827 1096 3880; x_wconf 74' lang='grc' dir='ltr'>εὐσεϐῶν</span> <span class='ocrx_word' id='word_1_558' title='bbox 1134 3829 1420 3900; x_wconf 81' lang='grc' dir='ltr'>τιμωρίας.</span> <span class='ocrx_word' id='word_1_559' title='bbox 1475 3827 1698 3897; x_wconf 83' lang='grc' dir='ltr'>Ἐπάγει</span> 
     </span>
    </p>
   </div>
   <div class='ocr_carea' id='block_1_73' title="bbox 124 3917 1588 3991">
    <p class='ocr_par' dir='ltr' id='par_1_73' title="bbox 124 3917 1588 3991">
     <span class='ocr_line' id='line_1_73' title="bbox 124 3917 1588 3991; baseline -0.001 -17"><span class='ocrx_word' id='word_1_560' title='bbox 124 3921 179 3974; x_wconf 80' lang='grc' dir='ltr'>δὲ</span> <span class='ocrx_word' id='word_1_561' title='bbox 212 3922 310 3974; x_wconf 74' lang='grc' dir='ltr'><strong>καὶ</strong></span> <span class='ocrx_word' id='word_1_562' title='bbox 339 3920 573 3991; x_wconf 69' lang='grc' dir='ltr'>διάφορα</span> <span class='ocrx_word' id='word_1_563' title='bbox 603 3918 1018 3991; x_wconf 86' lang='grc' dir='ltr'>παραδείγματα</span> <span class='ocrx_word' id='word_1_564' title='bbox 1050 3920 1302 3990; x_wconf 81' lang='grc' dir='ltr'>Γραφικὰ</span> <span class='ocrx_word' id='word_1_565' title='bbox 1329 3923 1357 3973; x_wconf 85' lang='grc' dir='ltr'>ὁ</span> <span class='ocrx_word' id='word_1_566' title='bbox 1386 3917 1588 3974; x_wconf 80' lang='grc' dir='ltr'>κανών.</span> 
     </span>
    </p>
   </div>
   <div class='ocr_carea' id='block_1_74' title="bbox 195 4011 1698 4084">
    <p class='ocr_par' dir='ltr' id='par_1_74' title="bbox 195 4011 1698 4084">
     <span class='ocr_line' id='line_1_74' title="bbox 195 4011 1698 4084; baseline -0.002 -17"><span class='ocrx_word' id='word_1_567' title='bbox 195 4015 442 4067; x_wconf 79' lang='grc' dir='ltr'><strong>ΖΩΝΑΡ.</strong></span> <span class='ocrx_word' id='word_1_568' title='bbox 493 4013 556 4067; x_wconf 81' lang='grc' dir='ltr'><strong>Οἱ</strong></span> <span class='ocrx_word' id='word_1_569' title='bbox 603 4012 727 4084; x_wconf 81' lang='grc' dir='ltr'>ἄρτι</span> <span class='ocrx_word' id='word_1_570' title='bbox 771 4011 866 4066; x_wconf 80' lang='grc' dir='ltr'>τοῦ</span> <span class='ocrx_word' id='word_1_571' title='bbox 909 4013 1075 4066; x_wconf 77' lang='grc' dir='ltr'>ὕπνου</span> <span class='ocrx_word' id='word_1_572' title='bbox 1124 4011 1561 4082; x_wconf 80' lang='grc' dir='ltr'>ἐξανιστάμενοι,</span> <span class='ocrx_word' id='word_1_573' title='bbox 1605 4011 1698 4064; x_wconf 76' lang='grc' dir='ltr'><strong>καὶ</strong></span> 
     </span>
    </p>
   </div>
   <div class='ocr_carea' id='block_1_75' title="bbox 127 4099 1697 4174">
    <p class='ocr_par' dir='ltr' id='par_1_75' title="bbox 127 4099 1697 4174">
     <span class='ocr_line' id='line_1_75' title="bbox 127 4099 1697 4174; baseline -0.001 -17"><span class='ocrx_word' id='word_1_574' title='bbox 127 4105 325 4174; x_wconf 73' lang='grc' dir='ltr'>μᾶλλον</span> <span class='ocrx_word' id='word_1_575' title='bbox 373 4107 422 4157; x_wconf 75' lang='grc' dir='ltr'><strong>ει</strong></span> <span class='ocrx_word' id='word_1_576' title='bbox 463 4103 740 4173; x_wconf 84' lang='grc' dir='ltr'>ὠμόῦπνοι</span> <span class='ocrx_word' id='word_1_577' title='bbox 786 4099 923 4165; x_wconf 79' lang='grc' dir='ltr'>εἶεν,</span> <span class='ocrx_word' id='word_1_578' title='bbox 971 4103 1030 4155; x_wconf 90' lang='grc' dir='ltr'><strong>οὐ</strong></span> <span class='ocrx_word' id='word_1_579' title='bbox 1067 4101 1438 4172; x_wconf 85' lang='grc' dir='ltr'>καθεστηκότα</span> <span class='ocrx_word' id='word_1_580' title='bbox 1474 4102 1564 4156; x_wconf 84' lang='grc' dir='ltr'>τὸν</span> <span class='ocrx_word' id='word_1_581' title='bbox 1608 4101 1697 4155; x_wconf 88' lang='grc' dir='ltr'><strong>λο-</strong></span> 
     </span>
    </p>
   </div>
   <div class='ocr_carea' id='block_1_76' title="bbox 124 4193 1697 4265">
    <p class='ocr_par' dir='ltr' id='par_1_76' title="bbox 124 4193 1697 4265">
     <span class='ocr_line' id='line_1_76' title="bbox 124 4193 1697 4265; baseline -0.001 -17"><span class='ocrx_word' id='word_1_582' title='bbox 124 4194 321 4265; x_wconf 75' lang='grc' dir='ltr'>γισμὸν</span> <span class='ocrx_word' id='word_1_583' title='bbox 358 4193 590 4264; x_wconf 72' lang='grc' dir='ltr'>ἔχουσιν,</span> <span class='ocrx_word' id='word_1_584' title='bbox 624 4193 757 4247; x_wconf 87' lang='grc' dir='ltr'><strong>ἀλλά</strong></span> <span class='ocrx_word' id='word_1_585' title='bbox 797 4193 1221 4264; x_wconf 78' lang='grc' dir='ltr'>τεταραγμένον,</span> <span class='ocrx_word' id='word_1_586' title='bbox 1254 4194 1347 4246; x_wconf 76' lang='grc' dir='ltr'>καὶ</span> <span class='ocrx_word' id='word_1_587' title='bbox 1388 4194 1697 4246; x_wconf 84' lang='grc' dir='ltr'>ἀκατάστα-</span> 
     </span>
    </p>
   </div>
   <div class='ocr_carea' id='block_1_77' title="bbox 124 4280 1697 4357">
    <p class='ocr_par' dir='ltr' id='par_1_77' title="bbox 124 4280 1697 4357">
     <span class='ocr_line' id='line_1_77' title="bbox 124 4280 1697 4357; baseline -0.003 -15"><span class='ocrx_word' id='word_1_588' title='bbox 124 4305 234 4342; x_wconf 87' lang='grc' dir='ltr'>τον.</span> <span class='ocrx_word' id='word_1_589' title='bbox 269 4286 547 4350; x_wconf 88' lang='grc' dir='ltr'>Τοιούτοις</span> <span class='ocrx_word' id='word_1_590' title='bbox 589 4286 918 4356; x_wconf 79' lang='grc' dir='ltr'>παρείκασεν</span> <span class='ocrx_word' id='word_1_591' title='bbox 947 4287 974 4337; x_wconf 82' lang='grc' dir='ltr'>ὁ</span> <span class='ocrx_word' id='word_1_592' title='bbox 1013 4285 1338 4357; x_wconf 82' lang='grc' dir='ltr'>ἱερομάρτυς</span> <span class='ocrx_word' id='word_1_593' title='bbox 1377 4280 1529 4350; x_wconf 76' lang='grc' dir='ltr'>οὗτος</span> <span class='ocrx_word' id='word_1_594' title='bbox 1572 4288 1697 4349; x_wconf 74' lang='grc' dir='ltr'>τοὺς</span> 
     </span>
    </p>
   </div>
   <div class='ocr_carea' id='block_1_78' title="bbox 123 4376 1695 4452">
    <p class='ocr_par' dir='ltr' id='par_1_78' title="bbox 123 4376 1695 4452">
     <span class='ocr_line' id='line_1_78' title="bbox 123 4376 1695 4452; baseline -0.001 -19"><span class='ocrx_word' id='word_1_595' title='bbox 123 4379 564 4452; x_wconf 79' lang='grc' dir='ltr'>παραπηδῶντας</span> <span class='ocrx_word' id='word_1_596' title='bbox 608 4381 686 4440; x_wconf 71' lang='grc' dir='ltr'>εἰς</span> <span class='ocrx_word' id='word_1_597' title='bbox 714 4377 840 4440; x_wconf 83' lang='grc' dir='ltr'>τοὺς</span> <span class='ocrx_word' id='word_1_598' title='bbox 871 4376 1107 4445; x_wconf 85' lang='grc' dir='ltr'>ἀγῶνας,</span> <span class='ocrx_word' id='word_1_599' title='bbox 1138 4377 1304 4448; x_wconf 74' lang='grc' dir='ltr'>ἤγουν</span> <span class='ocrx_word' id='word_1_600' title='bbox 1327 4379 1453 4440; x_wconf 81' lang='grc' dir='ltr'>τοὺς</span> <span class='ocrx_word' id='word_1_601' title='bbox 1497 4377 1569 4448; x_wconf 84' lang='grc' dir='ltr'>μὴ</span> <span class='ocrx_word' id='word_1_602' title='bbox 1604 4378 1695 4431; x_wconf 85' lang='grc' dir='ltr'>εὐ-</span> 
     </span>
    </p>
   </div>
   <div class='ocr_carea' id='block_1_79' title="bbox 121 4470 1694 4543">
    <p class='ocr_par' dir='ltr' id='par_1_79' title="bbox 121 4470 1694 4543">
     <span class='ocr_line' id='line_1_79' title="bbox 121 4470 1694 4543; baseline -0.002 -18"><span class='ocrx_word' id='word_1_603' title='bbox 121 4474 336 4536; x_wconf 85' lang='grc' dir='ltr'>τάκτως</span> <span class='ocrx_word' id='word_1_604' title='bbox 366 4472 501 4524; x_wconf 88' lang='grc' dir='ltr'><strong>ἀλλά</strong></span> <span class='ocrx_word' id='word_1_605' title='bbox 526 4471 769 4543; x_wconf 86' lang='grc' dir='ltr'>θρασέως</span> <span class='ocrx_word' id='word_1_606' title='bbox 790 4473 882 4524; x_wconf 75' lang='grc' dir='ltr'>καὶ</span> <span class='ocrx_word' id='word_1_607' title='bbox 904 4471 1320 4543; x_wconf 82' lang='grc' dir='ltr'>ἀπερισκέπτως</span> <span class='ocrx_word' id='word_1_608' title='bbox 1337 4470 1694 4534; x_wconf 78' lang='grc' dir='ltr'>εἰσωθοῦντας</span> 
     </span>
    </p>
   </div>
   <div class='ocr_carea' id='block_1_80' title="bbox 122 4560 1697 4632">
    <p class='ocr_par' dir='ltr' id='par_1_80' title="bbox 122 4560 1697 4632">
     <span class='ocr_line' id='line_1_80' title="bbox 122 4560 1697 4632; baseline -0.004 -14"><span class='ocrx_word' id='word_1_609' title='bbox 122 4565 352 4628; x_wconf 74' lang='grc' dir='ltr'>ἑαυτοὺς</span> <span class='ocrx_word' id='word_1_610' title='bbox 380 4565 459 4626; x_wconf 83' lang='grc' dir='ltr'>εἰς</span> <span class='ocrx_word' id='word_1_611' title='bbox 489 4563 579 4615; x_wconf 81' lang='grc' dir='ltr'>τὸν</span> <span class='ocrx_word' id='word_1_612' title='bbox 599 4562 802 4632; x_wconf 83' lang='grc' dir='ltr'>ἀγῶνα,</span> <span class='ocrx_word' id='word_1_613' title='bbox 837 4562 1090 4615; x_wconf 85' lang='grc' dir='ltr'>ὠδίνοντα</span> <span class='ocrx_word' id='word_1_614' title='bbox 1121 4563 1214 4615; x_wconf 70' lang='grc' dir='ltr'>καὶ</span> <span class='ocrx_word' id='word_1_615' title='bbox 1248 4561 1508 4632; x_wconf 87' lang='grc' dir='ltr'>μέλλοντα</span> <span class='ocrx_word' id='word_1_616' title='bbox 1541 4560 1697 4614; x_wconf 81' lang='grc' dir='ltr'>ἐλκῦ-</span> 
     </span>
    </p>
   </div>
   <div class='ocr_carea' id='block_1_81' title="bbox 124 4651 1692 4726">
    <p class='ocr_par' dir='ltr' id='par_1_81' title="bbox 124 4651 1692 4726">
     <span class='ocr_line' id='line_1_81' title="bbox 124 4651 1692 4726; baseline -0.004 -17"><span class='ocrx_word' id='word_1_617' title='bbox 124 4674 233 4719; x_wconf 87' lang='grc' dir='ltr'>σαι,</span> <span class='ocrx_word' id='word_1_618' title='bbox 277 4656 400 4708; x_wconf 71' lang='grc' dir='ltr'>ἀντὶ</span> <span class='ocrx_word' id='word_1_619' title='bbox 446 4653 540 4707; x_wconf 80' lang='grc' dir='ltr'><strong>τοῦ</strong></span> <span class='ocrx_word' id='word_1_620' title='bbox 590 4656 753 4726; x_wconf 87' lang='grc' dir='ltr'>μήπω</span> <span class='ocrx_word' id='word_1_621' title='bbox 797 4655 876 4717; x_wconf 77' lang='grc' dir='ltr'>εἰς</span> <span class='ocrx_word' id='word_1_622' title='bbox 925 4653 1153 4725; x_wconf 83' lang='grc' dir='ltr'>φανερὸν</span> <span class='ocrx_word' id='word_1_623' title='bbox 1195 4653 1523 4724; x_wconf 83' lang='grc' dir='ltr'>ἐκραγέντα,</span> <span class='ocrx_word' id='word_1_624' title='bbox 1559 4651 1692 4704; x_wconf 88' lang='grc' dir='ltr'><strong>ἀλλά</strong></span> 
     </span>
    </p>
   </div>
   <div class='ocr_carea' id='block_1_82' title="bbox 1801 3451 3368 3522">
    <p class='ocr_par' dir='ltr' id='par_1_82' title="bbox 1801 3451 3368 3522">
     <span class='ocr_line' id='line_1_82' title="bbox 1801 3451 3368 3522; baseline -0.001 -13"><span class='ocrx_word' id='word_1_625' title='bbox 1801 3471 1869 3509; x_wconf 87' lang='lat' dir='ltr'><strong>ne</strong></span> <span class='ocrx_word' id='word_1_626' title='bbox 1895 3469 1954 3509; x_wconf 91' lang='lat' dir='ltr'><strong>se</strong></span> <span class='ocrx_word' id='word_1_627' title='bbox 1985 3454 2161 3522; x_wconf 90' lang='lat' dir='ltr'><strong>ipsum</strong></span> <span class='ocrx_word' id='word_1_628' title='bbox 2194 3453 2413 3522; x_wconf 86' lang='lat' dir='ltr'><strong>quidem</strong></span> <span class='ocrx_word' id='word_1_629' title='bbox 2462 3451 2710 3515; x_wconf 90' lang='lat' dir='ltr'><strong>tradidit,</strong></span> <span class='ocrx_word' id='word_1_630' title='bbox 2743 3451 2838 3506; x_wconf 91' lang='lat' dir='ltr'><strong>sed</strong></span> <span class='ocrx_word' id='word_1_631' title='bbox 2873 3453 3110 3507; x_wconf 87' lang='lat' dir='ltr'><strong>traditus</strong></span> <span class='ocrx_word' id='word_1_632' title='bbox 3156 3460 3278 3518; x_wconf 89' lang='lat' dir='ltr'><strong>est;</strong></span> <span class='ocrx_word' id='word_1_633' title='bbox 3311 3461 3368 3508; x_wconf 92' lang='lat' dir='ltr'><strong>et</strong></span> 
     </span>
    </p>
   </div>
   <div class='ocr_carea' id='block_1_83' title="bbox 1799 3543 3363 3614">
    <p class='ocr_par' dir='ltr' id='par_1_83' title="bbox 1799 3543 3363 3614">
     <span class='ocr_line' id='line_1_83' title="bbox 1799 3543 3363 3614; baseline 0.002 -16"><span class='ocrx_word' id='word_1_634' title='bbox 1799 3560 1909 3598; x_wconf 81' lang='lat' dir='ltr'><strong>non</strong></span> <span class='ocrx_word' id='word_1_635' title='bbox 1940 3560 2062 3599; x_wconf 91' lang='lat' dir='ltr'><strong>esse</strong></span> <span class='ocrx_word' id='word_1_636' title='bbox 2110 3544 2176 3597; x_wconf 90' lang='lat' dir='ltr'><strong>ad</strong></span> <span class='ocrx_word' id='word_1_637' title='bbox 2235 3555 2469 3599; x_wconf 87' lang='lat' dir='ltr'><strong>tortores</strong></span> <span class='ocrx_word' id='word_1_638' title='bbox 2519 3543 2976 3614; x_wconf 84' lang='lat' dir='ltr'><strong>confugiendum,</strong></span> <span class='ocrx_word' id='word_1_639' title='bbox 3009 3560 3079 3599; x_wconf 89' lang='lat' dir='ltr'><strong>ne</strong></span> <span class='ocrx_word' id='word_1_640' title='bbox 3114 3545 3363 3614; x_wconf 87' lang='lat' dir='ltr'><strong>pluribus</strong></span> 
     </span>
    </p>
   </div>
   <div class='ocr_carea' id='block_1_84' title="bbox 1800 3634 3362 3704">
    <p class='ocr_par' dir='ltr' id='par_1_84' title="bbox 1800 3634 3362 3704">
     <span class='ocr_line' id='line_1_84' title="bbox 1800 3634 3362 3704; baseline -0.001 -13"><span class='ocrx_word' id='word_1_641' title='bbox 1800 3652 1859 3691; x_wconf 90' lang='lat' dir='ltr'><strong>se</strong></span> <span class='ocrx_word' id='word_1_642' title='bbox 1909 3635 2148 3690; x_wconf 62' lang='lat' dir='ltr'><strong>caedibus</strong></span> <span class='ocrx_word' id='word_1_643' title='bbox 2195 3634 2606 3688; x_wconf 89' lang='lat' dir='ltr'><strong>contaminandi</strong></span> <span class='ocrx_word' id='word_1_644' title='bbox 2671 3635 2807 3704; x_wconf 87' lang='lat' dir='ltr'><strong>ipsis</strong></span> <span class='ocrx_word' id='word_1_645' title='bbox 2870 3648 3050 3688; x_wconf 63' lang='lat' dir='ltr'><strong>causae</strong></span> <span class='ocrx_word' id='word_1_646' title='bbox 3105 3635 3256 3700; x_wconf 89' lang='lat' dir='ltr'><strong>sint;</strong></span> <span class='ocrx_word' id='word_1_647' title='bbox 3304 3643 3362 3690; x_wconf 92' lang='lat' dir='ltr'><strong>ut</strong></span> 
     </span>
    </p>
   </div>
   <div class='ocr_carea' id='block_1_85' title="bbox 1797 3724 3359 3798">
    <p class='ocr_par' dir='ltr' id='par_1_85' title="bbox 1797 3724 3359 3798">
     <span class='ocr_line' id='line_1_85' title="bbox 1797 3724 3359 3798; baseline -0.003 -16"><span class='ocrx_word' id='word_1_648' title='bbox 1797 3727 1891 3798; x_wconf 75' lang='lat' dir='ltr'><strong>qui</strong></span> <span class='ocrx_word' id='word_1_649' title='bbox 1942 3742 2036 3782; x_wconf 84' lang='lat' dir='ltr'><strong>eos</strong></span> <span class='ocrx_word' id='word_1_650' title='bbox 2088 3726 2315 3781; x_wconf 87' lang='lat' dir='ltr'><strong>incitent</strong></span> <span class='ocrx_word' id='word_1_651' title='bbox 2377 3726 2443 3780; x_wconf 91' lang='lat' dir='ltr'><strong>ad</strong></span> <span class='ocrx_word' id='word_1_652' title='bbox 2503 3725 2767 3781; x_wconf 89' lang='lat' dir='ltr'><strong>sumenda</strong></span> <span class='ocrx_word' id='word_1_653' title='bbox 2813 3724 2879 3780; x_wconf 87' lang='lat' dir='ltr'><strong>de</strong></span> <span class='ocrx_word' id='word_1_654' title='bbox 2918 3725 3021 3794; x_wconf 90' lang='lat' dir='ltr'><strong>piis</strong></span> <span class='ocrx_word' id='word_1_655' title='bbox 3072 3725 3359 3797; x_wconf 87' lang='lat' dir='ltr'><strong>supplic-ia.</strong></span> 
     </span>
    </p>
   </div>
   <div class='ocr_carea' id='block_1_86' title="bbox 1797 3815 3363 3888">
    <p class='ocr_par' dir='ltr' id='par_1_86' title="bbox 1797 3815 3363 3888">
     <span class='ocr_line' id='line_1_86' title="bbox 1797 3815 3363 3888; baseline 0 -16"><span class='ocrx_word' id='word_1_656' title='bbox 1797 3817 1964 3873; x_wconf 87' lang='lat' dir='ltr'><strong>Infert</strong></span> <span class='ocrx_word' id='word_1_657' title='bbox 1995 3826 2174 3873; x_wconf 89' lang='lat' dir='ltr'><strong>autem</strong></span> <span class='ocrx_word' id='word_1_658' title='bbox 2205 3825 2258 3873; x_wconf 89' lang='lat' dir='ltr'><strong>et</strong></span> <span class='ocrx_word' id='word_1_659' title='bbox 2299 3817 2514 3873; x_wconf 87' lang='lat' dir='ltr'><strong>diversa</strong></span> <span class='ocrx_word' id='word_1_660' title='bbox 2543 3830 2715 3873; x_wconf 86' lang='lat' dir='ltr'><strong>sacrae</strong></span> <span class='ocrx_word' id='word_1_661' title='bbox 2769 3815 3067 3886; x_wconf 74' lang='lat' dir='ltr'><strong>Scriptura:</strong></span> <span class='ocrx_word' id='word_1_662' title='bbox 3115 3816 3363 3888; x_wconf 76' lang='lat' dir='ltr'><strong>exempla</strong></span> 
     </span>
    </p>
   </div>
   <div class='ocr_carea' id='block_1_87' title="bbox 1796 3925 1997 3964">
    <p class='ocr_par' dir='ltr' id='par_1_87' title="bbox 1796 3925 1997 3964">
     <span class='ocr_line' id='line_1_87' title="bbox 1796 3925 1997 3964; baseline 0 0"><span class='ocrx_word' id='word_1_663' title='bbox 1796 3925 1997 3964; x_wconf 89' lang='lat' dir='ltr'><strong>canon.</strong></span> 
     </span>
    </p>
   </div>
   <div class='ocr_carea' id='block_1_88' title="bbox 1869 3999 3364 4070">
    <p class='ocr_par' dir='ltr' id='par_1_88' title="bbox 1869 3999 3364 4070">
     <span class='ocr_line' id='line_1_88' title="bbox 1869 3999 3364 4070; baseline 0 -15"><span class='ocrx_word' id='word_1_664' title='bbox 1869 4001 2070 4055; x_wconf 67' lang='lat' dir='ltr'><strong>Zomn.</strong></span> <span class='ocrx_word' id='word_1_665' title='bbox 2121 3999 2224 4067; x_wconf 88' lang='lat' dir='ltr'><strong>Qui</strong></span> <span class='ocrx_word' id='word_1_666' title='bbox 2271 4014 2301 4054; x_wconf 89' lang='lat' dir='ltr'><strong>a</strong></span> <span class='ocrx_word' id='word_1_667' title='bbox 2337 4013 2530 4055; x_wconf 91' lang='lat' dir='ltr'><strong>somno</strong></span> <span class='ocrx_word' id='word_1_668' title='bbox 2560 4005 2810 4053; x_wconf 86' lang='lat' dir='ltr'><strong>recentes</strong></span> <span class='ocrx_word' id='word_1_669' title='bbox 2842 4006 3165 4069; x_wconf 80' lang='lat' dir='ltr'><strong>exsurgunt,</strong></span> <span class='ocrx_word' id='word_1_670' title='bbox 3223 4015 3364 4070; x_wconf 71' lang='lat' dir='ltr'><strong>prae-</strong></span> 
     </span>
    </p>
   </div>
   <div class='ocr_carea' id='block_1_89' title="bbox 1796 4074 3364 4162">
    <p class='ocr_par' dir='ltr' id='par_1_89' title="bbox 1796 4074 3364 4162">
     <span class='ocr_line' id='line_1_89' title="bbox 1796 4074 3364 4162; baseline -0.002 -15"><span class='ocrx_word' id='word_1_671' title='bbox 1796 4093 1982 4148; x_wconf 87' lang='lat' dir='ltr'><strong>sertim</strong></span> <span class='ocrx_word' id='word_1_672' title='bbox 2017 4092 2063 4145; x_wconf 84' lang='lat' dir='ltr'><strong>si</strong></span> <span class='ocrx_word' id='word_1_673' title='bbox 2111 4092 2358 4162; x_wconf 76' lang='lat' dir='ltr'><strong>graviore</strong></span> <span class='ocrx_word' id='word_1_674' title='bbox 2392 4105 2585 4144; x_wconf 90' lang='lat' dir='ltr'><strong>somno</strong></span> <span class='ocrx_word' id='word_1_675' title='bbox 2643 4074 3122 4159; x_wconf 75' lang='lat' dir='ltr'><strong>opprimebantur,</strong></span> <span class='ocrx_word' id='word_1_676' title='bbox 3151 4091 3364 4145; x_wconf 85' lang='lat' dir='ltr'><strong>ratione</strong></span> 
     </span>
    </p>
   </div>
   <div class='ocr_carea' id='block_1_90' title="bbox 1795 4181 3362 4254">
    <p class='ocr_par' dir='ltr' id='par_1_90' title="bbox 1795 4181 3362 4254">
     <span class='ocr_line' id='line_1_90' title="bbox 1795 4181 3362 4254; baseline -0.001 -16"><span class='ocrx_word' id='word_1_677' title='bbox 1795 4185 2214 4254; x_wconf 83' lang='lat' dir='ltr'><strong>haudquaquam</strong></span> <span class='ocrx_word' id='word_1_678' title='bbox 2235 4183 2442 4245; x_wconf 89' lang='lat' dir='ltr'><strong>sedata,</strong></span> <span class='ocrx_word' id='word_1_679' title='bbox 2459 4183 2551 4236; x_wconf 92' lang='lat' dir='ltr'><strong>sed</strong></span> <span class='ocrx_word' id='word_1_680' title='bbox 2571 4181 2890 4251; x_wconf 89' lang='lat' dir='ltr'><strong>perturbata</strong></span> <span class='ocrx_word' id='word_1_681' title='bbox 2920 4181 3362 4251; x_wconf 88' lang='lat' dir='ltr'><strong>inconstantique</strong></span> 
     </span>
    </p>
   </div>
   <div class='ocr_carea' id='block_1_91' title="bbox 1794 4272 3360 4344">
    <p class='ocr_par' dir='ltr' id='par_1_91' title="bbox 1794 4272 3360 4344">
     <span class='ocr_line' id='line_1_91' title="bbox 1794 4272 3360 4344; baseline -0.003 -14"><span class='ocrx_word' id='word_1_682' title='bbox 1794 4284 2042 4330; x_wconf 91' lang='lat' dir='ltr'><strong>utuntur.</strong></span> <span class='ocrx_word' id='word_1_683' title='bbox 2080 4272 2360 4344; x_wconf 88' lang='lat' dir='ltr'><strong>Ejusmodi</strong></span> <span class='ocrx_word' id='word_1_684' title='bbox 2409 4273 2722 4328; x_wconf 90' lang='lat' dir='ltr'><strong>hominibus</strong></span> <span class='ocrx_word' id='word_1_685' title='bbox 2776 4281 3002 4328; x_wconf 89' lang='lat' dir='ltr'><strong>sanctus</strong></span> <span class='ocrx_word' id='word_1_686' title='bbox 3036 4273 3124 4326; x_wconf 88' lang='lat' dir='ltr'><strong>hic</strong></span> <span class='ocrx_word' id='word_1_687' title='bbox 3155 4281 3360 4344; x_wconf 81' lang='lat' dir='ltr'><strong>martyr</strong></span> 
     </span>
    </p>
   </div>
   <div class='ocr_carea' id='block_1_92' title="bbox 1795 4365 3360 4435">
    <p class='ocr_par' dir='ltr' id='par_1_92' title="bbox 1795 4365 3360 4435">
     <span class='ocr_line' id='line_1_92' title="bbox 1795 4365 3360 4435; baseline -0.004 -11"><span class='ocrx_word' id='word_1_688' title='bbox 1795 4370 2000 4424; x_wconf 89' lang='lat' dir='ltr'><strong>similes</strong></span> <span class='ocrx_word' id='word_1_689' title='bbox 2023 4383 2118 4424; x_wconf 87' lang='lat' dir='ltr'><strong>eos</strong></span> <span class='ocrx_word' id='word_1_690' title='bbox 2157 4366 2358 4427; x_wconf 88' lang='lat' dir='ltr'><strong>asserit</strong></span> <span class='ocrx_word' id='word_1_691' title='bbox 2391 4366 2484 4435; x_wconf 88' lang='lat' dir='ltr'><strong>qui</strong></span> <span class='ocrx_word' id='word_1_692' title='bbox 2535 4365 2592 4419; x_wconf 91' lang='lat' dir='ltr'><strong>in</strong></span> <span class='ocrx_word' id='word_1_693' title='bbox 2625 4373 2900 4420; x_wconf 86' lang='lat' dir='ltr'><strong>certamen</strong></span> <span class='ocrx_word' id='word_1_694' title='bbox 2929 4373 3222 4435; x_wconf 89' lang='lat' dir='ltr'><strong>proruunt,</strong></span> <span class='ocrx_word' id='word_1_695' title='bbox 3259 4365 3360 4418; x_wconf 90' lang='lat' dir='ltr'><strong>hoc</strong></span> 
     </span>
    </p>
   </div>
   <div class='ocr_carea' id='block_1_93' title="bbox 1793 4456 3357 4524">
    <p class='ocr_par' dir='ltr' id='par_1_93' title="bbox 1793 4456 3357 4524">
     <span class='ocr_line' id='line_1_93' title="bbox 1793 4456 3357 4524; baseline -0.004 -9"><span class='ocrx_word' id='word_1_696' title='bbox 1793 4467 1898 4522; x_wconf 89' lang='lat' dir='ltr'><strong>est,</strong></span> <span class='ocrx_word' id='word_1_697' title='bbox 1956 4475 2064 4513; x_wconf 89' lang='lat' dir='ltr'><strong>non</strong></span> <span class='ocrx_word' id='word_1_698' title='bbox 2094 4458 2342 4512; x_wconf 92' lang='lat' dir='ltr'><strong>ordinate</strong></span> <span class='ocrx_word' id='word_1_699' title='bbox 2372 4457 2466 4511; x_wconf 89' lang='lat' dir='ltr'><strong>sed</strong></span> <span class='ocrx_word' id='word_1_700' title='bbox 2495 4456 2686 4511; x_wconf 87' lang='lat' dir='ltr'><strong>audaci</strong></span> <span class='ocrx_word' id='word_1_701' title='bbox 2741 4471 2803 4510; x_wconf 89' lang='lat' dir='ltr'><strong>ac</strong></span> <span class='ocrx_word' id='word_1_702' title='bbox 2830 4456 3124 4510; x_wconf 83' lang='lat' dir='ltr'><strong>temerario</strong></span> <span class='ocrx_word' id='word_1_703' title='bbox 3155 4456 3357 4524; x_wconf 87' lang='lat' dir='ltr'><strong>impetu</strong></span> 
     </span>
    </p>
   </div>
   <div class='ocr_carea' id='block_1_94' title="bbox 1795 4547 3362 4621">
    <p class='ocr_par' dir='ltr' id='par_1_94' title="bbox 1795 4547 3362 4621">
     <span class='ocr_line' id='line_1_94' title="bbox 1795 4547 3362 4621; baseline -0.004 -14"><span class='ocrx_word' id='word_1_704' title='bbox 1795 4567 1853 4607; x_wconf 88' lang='lat' dir='ltr'><strong>se</strong></span> <span class='ocrx_word' id='word_1_705' title='bbox 1883 4553 2032 4621; x_wconf 88' lang='lat' dir='ltr'><strong>ipsos</strong></span> <span class='ocrx_word' id='word_1_706' title='bbox 2065 4550 2353 4605; x_wconf 88' lang='lat' dir='ltr'><strong>intrudunt</strong></span> <span class='ocrx_word' id='word_1_707' title='bbox 2383 4550 2436 4602; x_wconf 91' lang='lat' dir='ltr'><strong>in</strong></span> <span class='ocrx_word' id='word_1_708' title='bbox 2459 4557 2735 4603; x_wconf 89' lang='lat' dir='ltr'><strong>certamen</strong></span> <span class='ocrx_word' id='word_1_709' title='bbox 2763 4565 2778 4614; x_wconf 88' lang='lat'><strong>;</strong></span> <span class='ocrx_word' id='word_1_710' title='bbox 2804 4547 3131 4617; x_wconf 88' lang='lat' dir='ltr'><strong>parturiens,</strong></span> <span class='ocrx_word' id='word_1_711' title='bbox 3167 4561 3233 4600; x_wconf 89' lang='lat' dir='ltr'><strong>ac</strong></span> <span class='ocrx_word' id='word_1_712' title='bbox 3254 4553 3362 4600; x_wconf 78' lang='lat' dir='ltr'><strong>tra—</strong></span> 
     </span>
    </p>
   </div>
   <div class='ocr_carea' id='block_1_95' title="bbox 1797 4638 3357 4712">
    <p class='ocr_par' dir='ltr' id='par_1_95' title="bbox 1797 4638 3357 4712">
     <span class='ocr_line' id='line_1_95' title="bbox 1797 4638 3357 4712; baseline -0.004 -16"><span class='ocrx_word' id='word_1_713' title='bbox 1797 4643 1923 4698; x_wconf 89' lang='lat' dir='ltr'><strong>bere</strong></span> <span class='ocrx_word' id='word_1_714' title='bbox 1956 4642 2234 4704; x_wconf 84' lang='lat' dir='ltr'><strong>diﬂ&#39;erens,</strong></span> <span class='ocrx_word' id='word_1_715' title='bbox 2283 4657 2382 4712; x_wconf 88' lang='lat' dir='ltr'><strong>pro</strong></span> <span class='ocrx_word' id='word_1_716' title='bbox 2429 4655 2496 4695; x_wconf 86' lang='lat' dir='ltr'><strong>eo</strong></span> <span class='ocrx_word' id='word_1_717' title='bbox 2535 4639 2679 4709; x_wconf 88' lang='lat' dir='ltr'><strong>quod</strong></span> <span class='ocrx_word' id='word_1_718' title='bbox 2736 4639 2978 4692; x_wconf 91' lang='lat' dir='ltr'><strong>nondum</strong></span> <span class='ocrx_word' id='word_1_719' title='bbox 3014 4638 3070 4692; x_wconf 89' lang='lat' dir='ltr'><strong>in</strong></span> <span class='ocrx_word' id='word_1_720' title='bbox 3110 4645 3357 4706; x_wconf 88' lang='lat' dir='ltr'><strong>apertum</strong></span> 
     </span>
    </p>
   </div>
   <div class='ocr_carea' id='block_1_96' title="bbox 124 4729 1702 4815">
    <p class='ocr_par' dir='ltr' id='par_1_96' title="bbox 124 4740 1692 4815">
     <span class='ocr_line' id='line_1_96' title="bbox 124 4740 1692 4815; baseline -0.003 -18"><span class='ocrx_word' id='word_1_721' title='bbox 124 4743 498 4815; x_wconf 81' lang='grc' dir='ltr'>μελετώμενον</span> <span class='ocrx_word' id='word_1_722' title='bbox 543 4743 635 4796; x_wconf 76' lang='grc' dir='ltr'><strong>καὶ</strong></span> <span class='ocrx_word' id='word_1_723' title='bbox 665 4743 942 4814; x_wconf 83' lang='grc' dir='ltr'>μέλλοντα,</span> <span class='ocrx_word' id='word_1_724' title='bbox 969 4743 1084 4813; x_wconf 77' lang='grc' dir='ltr'>ἦτοι</span> <span class='ocrx_word' id='word_1_725' title='bbox 1116 4741 1442 4813; x_wconf 82' lang='grc' dir='ltr'>βραδύνοντα</span> <span class='ocrx_word' id='word_1_726' title='bbox 1471 4740 1692 4794; x_wconf 84' lang='grc' dir='ltr'>ἐλκῦσαι</span> 
     </span>
    </p>
   </div>
   <div class='ocr_carea' id='block_1_97' title="bbox 1810 4729 3360 4815">
    <p class='ocr_par' dir='ltr' id='par_1_97' title="bbox 1810 4729 3360 4806">
     <span class='ocr_line' id='line_1_97' title="bbox 1810 4729 3360 4806; baseline -0.006 -14"><span class='ocrx_word' id='word_1_727' title='bbox 1810 4737 1994 4806; x_wconf 66' lang='grc' dir='ltr'>πυρὴ,</span> <span class='ocrx_word' id='word_1_728' title='bbox 2031 4735 2126 4790; x_wconf 92' lang='lat' dir='ltr'><strong>sed</strong></span> <span class='ocrx_word' id='word_1_729' title='bbox 2157 4733 2466 4801; x_wconf 88' lang='lat' dir='ltr'><strong>meditatur,</strong></span> <span class='ocrx_word' id='word_1_730' title='bbox 2497 4740 2550 4788; x_wconf 88' lang='lat' dir='ltr'><strong>et</strong></span> <span class='ocrx_word' id='word_1_731' title='bbox 2576 4731 2755 4786; x_wconf 81' lang='lat' dir='ltr'><strong>differt</strong></span> <span class='ocrx_word' id='word_1_732' title='bbox 2784 4732 2898 4786; x_wconf 90' lang='lat' dir='ltr'><strong>sive</strong></span> <span class='ocrx_word' id='word_1_733' title='bbox 2944 4737 3235 4786; x_wconf 88' lang='lat' dir='ltr'><strong>cunctatur</strong></span> <span class='ocrx_word' id='word_1_734' title='bbox 3263 4729 3360 4783; x_wconf 90' lang='lat' dir='ltr'><strong>de-</strong></span> 
     </span>
    </p>
   </div>
   <div class='ocr_carea' id='block_1_98' title="bbox 121 4831 1689 4904">
    <p class='ocr_par' dir='ltr' id='par_1_98' title="bbox 121 4831 1689 4904">
     <span class='ocr_line' id='line_1_98' title="bbox 121 4831 1689 4904; baseline -0.003 -16"><span class='ocrx_word' id='word_1_735' title='bbox 121 4836 248 4899; x_wconf 75' lang='grc' dir='ltr'><strong>τούς</strong></span> <span class='ocrx_word' id='word_1_736' title='bbox 270 4834 703 4904; x_wconf 79' lang='grc' dir='ltr'>ἀγωνιζομένους</span> <span class='ocrx_word' id='word_1_737' title='bbox 725 4850 738 4862; x_wconf 89' lang='grc'><strong>·</strong></span> <span class='ocrx_word' id='word_1_738' title='bbox 771 4833 963 4896; x_wconf 80' lang='grc' dir='ltr'>οἵτινες</span> <span class='ocrx_word' id='word_1_739' title='bbox 1003 4832 1305 4903; x_wconf 80' lang='grc' dir='ltr'>πειρασμὸν</span> <span class='ocrx_word' id='word_1_740' title='bbox 1333 4831 1689 4895; x_wconf 82' lang='grc' dir='ltr'>ἐπισπῶνται,</span> 
     </span>
    </p>
   </div>
   <div class='ocr_carea' id='block_1_99' title="bbox 120 4923 1694 4999">
    <p class='ocr_par' dir='ltr' id='par_1_99' title="bbox 120 4923 1694 4999">
     <span class='ocr_line' id='line_1_99' title="bbox 120 4923 1694 4999; baseline -0.003 -21"><span class='ocrx_word' id='word_1_741' title='bbox 120 4929 288 4999; x_wconf 77' lang='grc' dir='ltr'>ήγουν</span> <span class='ocrx_word' id='word_1_742' title='bbox 320 4929 400 4990; x_wconf 80' lang='grc' dir='ltr'>εἰς</span> <span class='ocrx_word' id='word_1_743' title='bbox 434 4927 655 4988; x_wconf 76' lang='grc' dir='ltr'>ἑαυτοὺς</span> <span class='ocrx_word' id='word_1_744' title='bbox 688 4924 904 4978; x_wconf 71' lang='grc' dir='ltr'>ἕλκουσι</span> <span class='ocrx_word' id='word_1_745' title='bbox 936 4923 1257 4994; x_wconf 81' lang='grc' dir='ltr'>πειρασμὸν,</span> <span class='ocrx_word' id='word_1_746' title='bbox 1286 4923 1479 4994; x_wconf 78' lang='grc' dir='ltr'>μᾶλλον</span> <span class='ocrx_word' id='word_1_747' title='bbox 1506 4923 1561 4975; x_wconf 83' lang='grc' dir='ltr'><strong>δέ</strong></span> <span class='ocrx_word' id='word_1_748' title='bbox 1599 4923 1694 4976; x_wconf 79' lang='grc' dir='ltr'><strong>καὶ</strong></span> 
     </span>
    </p>
   </div>
   <div class='ocr_carea' id='block_1_100' title="bbox 119 5013 1691 5088">
    <p class='ocr_par' dir='ltr' id='par_1_100' title="bbox 119 5013 1691 5088">
     <span class='ocr_line' id='line_1_100' title="bbox 119 5013 1691 5088; baseline -0.005 -14"><span class='ocrx_word' id='word_1_749' title='bbox 119 5020 300 5083; x_wconf 67' lang='grc' dir='ltr'>ἄλλοις</span> <span class='ocrx_word' id='word_1_750' title='bbox 353 5021 564 5082; x_wconf 88' lang='grc' dir='ltr'>πιστοῖς</span> <span class='ocrx_word' id='word_1_751' title='bbox 613 5017 942 5071; x_wconf 86' lang='grc' dir='ltr'>ἀνάπτουσιν</span> <span class='ocrx_word' id='word_1_752' title='bbox 997 5015 1270 5088; x_wconf 81' lang='grc' dir='ltr'>ἄνθρακας</span> <span class='ocrx_word' id='word_1_753' title='bbox 1321 5013 1654 5088; x_wconf 85' lang='grc' dir='ltr'>ἁμαρτωλῶν</span> <span class='ocrx_word' id='word_1_754' title='bbox 1677 5053 1691 5074; x_wconf 90' lang='grc'><strong>,</strong></span> 
     </span>
    </p>
   </div>
   <div class='ocr_carea' id='block_1_101' title="bbox 226 5167 1158 5237">
    <p class='ocr_par' dir='ltr' id='par_1_101' title="bbox 226 5167 1158 5237">
     <span class='ocr_line' id='line_1_101' title="bbox 226 5167 1158 5237; baseline -0.006 -9"><span class='ocrx_word' id='word_1_755' title='bbox 226 5186 254 5215; x_wconf 78' lang='grc' dir='ltr'>ι</span> <span class='ocrx_word' id='word_1_756' title='bbox 279 5174 398 5228; x_wconf 75' lang='lat' dir='ltr'><strong>Act.</strong></span> <span class='ocrx_word' id='word_1_757' title='bbox 426 5188 537 5237; x_wconf 80' lang='lat' dir='ltr'><strong>xw,</strong></span> <span class='ocrx_word' id='word_1_758' title='bbox 565 5170 656 5226; x_wconf 71' lang='lat'><strong>21.</strong></span> <span class='ocrx_word' id='word_1_759' title='bbox 731 5170 760 5210; x_wconf 70' lang='grc' dir='ltr'>δ</span> <span class='ocrx_word' id='word_1_760' title='bbox 794 5169 1047 5233; x_wconf 80' lang='lat' dir='ltr'><strong>Hebr.xt,</strong></span> <span class='ocrx_word' id='word_1_761' title='bbox 1071 5167 1158 5223; x_wconf 74' lang='grc'><strong>52.</strong></span> 
     </span>
    </p>
   </div>
   <div class='ocr_carea' id='block_1_102' title="bbox 1799 4823 3360 4896">
    <p class='ocr_par' dir='ltr' id='par_1_102' title="bbox 1799 4823 3360 4896">
     <span class='ocr_line' id='line_1_102' title="bbox 1799 4823 3360 4896; baseline -0.005 -15"><span class='ocrx_word' id='word_1_762' title='bbox 1799 4837 2072 4882; x_wconf 86' lang='lat' dir='ltr'><strong>certantes</strong></span> <span class='ocrx_word' id='word_1_763' title='bbox 2105 4828 2320 4881; x_wconf 89' lang='lat' dir='ltr'><strong>trahere</strong></span> <span class='ocrx_word' id='word_1_764' title='bbox 2347 4845 2358 4880; x_wconf 97' lang='lat'>:</span> <span class='ocrx_word' id='word_1_765' title='bbox 2404 4825 2498 4896; x_wconf 91' lang='lat' dir='ltr'><strong>qui</strong></span> <span class='ocrx_word' id='word_1_766' title='bbox 2531 4823 2747 4894; x_wconf 88' lang='lat' dir='ltr'><strong>quidem</strong></span> <span class='ocrx_word' id='word_1_767' title='bbox 2790 4824 3142 4878; x_wconf 85' lang='lat' dir='ltr'><strong>tentationem</strong></span> <span class='ocrx_word' id='word_1_768' title='bbox 3174 4836 3360 4876; x_wconf 80' lang='lat' dir='ltr'><strong>accer-</strong></span> 
     </span>
    </p>
   </div>
   <div class='ocr_carea' id='block_1_103' title="bbox 1800 4912 3360 4988">
    <p class='ocr_par' dir='ltr' id='par_1_103' title="bbox 1800 4912 3360 4988">
     <span class='ocr_line' id='line_1_103' title="bbox 1800 4912 3360 4988; baseline -0.008 -12"><span class='ocrx_word' id='word_1_769' title='bbox 1800 4929 1950 4986; x_wconf 90' lang='lat' dir='ltr'><strong>sunt,</strong></span> <span class='ocrx_word' id='word_1_770' title='bbox 1975 4920 2078 4974; x_wconf 90' lang='lat' dir='ltr'><strong>hoc</strong></span> <span class='ocrx_word' id='word_1_771' title='bbox 2110 4927 2213 4982; x_wconf 89' lang='lat' dir='ltr'><strong>est,</strong></span> <span class='ocrx_word' id='word_1_772' title='bbox 2246 4919 2311 4972; x_wconf 88' lang='lat' dir='ltr'><strong>ad</strong></span> <span class='ocrx_word' id='word_1_773' title='bbox 2363 4935 2422 4973; x_wconf 91' lang='lat' dir='ltr'><strong>se</strong></span> <span class='ocrx_word' id='word_1_774' title='bbox 2469 4918 2615 4988; x_wconf 85' lang='lat' dir='ltr'><strong>ipsos</strong></span> <span class='ocrx_word' id='word_1_775' title='bbox 2666 4916 3020 4970; x_wconf 89' lang='lat' dir='ltr'><strong>tentationem</strong></span> <span class='ocrx_word' id='word_1_776' title='bbox 3058 4912 3360 4983; x_wconf 83' lang='lat' dir='ltr'><strong>pelliciunt,</strong></span> 
     </span>
    </p>
   </div>
   <div class='ocr_carea' id='block_1_104' title="bbox 1799 5005 3360 5084">
    <p class='ocr_par' dir='ltr' id='par_1_104' title="bbox 1799 5005 3360 5084">
     <span class='ocr_line' id='line_1_104' title="bbox 1799 5005 3360 5084; baseline -0.004 -17"><span class='ocrx_word' id='word_1_777' title='bbox 1799 5013 1931 5084; x_wconf 89' lang='lat' dir='ltr'><strong>quin</strong></span> <span class='ocrx_word' id='word_1_778' title='bbox 1961 5013 2142 5083; x_wconf 87' lang='lat' dir='ltr'><strong>potius</strong></span> <span class='ocrx_word' id='word_1_779' title='bbox 2164 5010 2287 5066; x_wconf 86' lang='lat' dir='ltr'><strong>aliis</strong></span> <span class='ocrx_word' id='word_1_780' title='bbox 2319 5009 2569 5066; x_wconf 81' lang='lat' dir='ltr'><strong>fidelibus</strong></span> <span class='ocrx_word' id='word_1_781' title='bbox 2606 5006 2914 5062; x_wconf 84' lang='lat' dir='ltr'><strong>accendunt</strong></span> <span class='ocrx_word' id='word_1_782' title='bbox 2942 5005 3208 5060; x_wconf 87' lang='lat' dir='ltr'><strong>carbones</strong></span> <span class='ocrx_word' id='word_1_783' title='bbox 3235 5019 3360 5073; x_wconf 88' lang='lat' dir='ltr'><strong>pec-</strong></span> 
     </span>
    </p>
   </div>
   <div class='ocr_carea' id='block_1_105' title="bbox 1379 5298 2062 5359">
    <p class='ocr_par' dir='ltr' id='par_1_105' title="bbox 1379 5298 2062 5359">
     <span class='ocr_line' id='line_1_105' title="bbox 1379 5298 2062 5359; baseline -0.009 0"><span class='ocrx_word' id='word_1_784' title='bbox 1379 5301 1612 5359; x_wconf 71' lang='lat' dir='ltr'><strong>VARUE</strong></span> <span class='ocrx_word' id='word_1_785' title='bbox 1655 5298 2062 5354; x_wconf 81' lang='lat' dir='ltr'><strong>LECTIONES.</strong></span> 
     </span>
    </p>
   </div>
   <div class='ocr_carea' id='block_1_106' title="bbox 187 5453 1524 5533">
    <p class='ocr_par' dir='ltr' id='par_1_106' title="bbox 187 5453 1524 5533">
     <span class='ocr_line' id='line_1_106' title="bbox 187 5453 1524 5533; baseline -0.01 -16"><span class='ocrx_word' id='word_1_786' title='bbox 187 5461 236 5495; x_wconf 77' lang='grc'>⁸²</span> <span class='ocrx_word' id='word_1_787' title='bbox 266 5461 472 5533; x_wconf 72' lang='grc' dir='ltr'>ὁμοίως</span> <span class='ocrx_word' id='word_1_788' title='bbox 498 5460 624 5515; x_wconf 89' lang='lat' dir='ltr'><strong>add.</strong></span> <span class='ocrx_word' id='word_1_789' title='bbox 702 5461 767 5492; x_wconf 76' lang='grc'><strong>³³⁸</strong></span> <span class='ocrx_word' id='word_1_790' title='bbox 798 5455 1102 5522; x_wconf 80' lang='grc' dir='ltr'>κατέλεξεν.</span> <span class='ocrx_word' id='word_1_791' title='bbox 1175 5454 1266 5487; x_wconf 74' lang='grc'><strong><em>⁸⁸⁸⁵</em></strong></span> <span class='ocrx_word' id='word_1_792' title='bbox 1303 5453 1396 5506; x_wconf 79' lang='grc' dir='ltr'>καὶ</span> <span class='ocrx_word' id='word_1_793' title='bbox 1424 5453 1524 5506; x_wconf 84' lang='grc' dir='ltr'>ὅτι.</span> 
     </span>
    </p>
   </div>
   <div class='ocr_carea' id='block_1_107' title="bbox 189 5592 1665 5670">
    <p class='ocr_par' dir='ltr' id='par_1_107' title="bbox 189 5592 1665 5670">
     <span class='ocr_line' id='line_1_107' title="bbox 189 5592 1665 5670; baseline -0.008 -13"><span class='ocrx_word' id='word_1_794' title='bbox 189 5599 266 5669; x_wconf 82' lang='grc'><strong>(⁸5)</strong></span> <span class='ocrx_word' id='word_1_795' title='bbox 299 5604 582 5670; x_wconf 66' lang='grc' dir='ltr'>Ἐστιιιιρ.</span> <span class='ocrx_word' id='word_1_796' title='bbox 622 5601 752 5656; x_wconf 79' lang='lat' dir='ltr'><strong>Kal.</strong></span> <span class='ocrx_word' id='word_1_797' title='bbox 783 5597 860 5654; x_wconf 83' lang='lat' dir='ltr'><strong>Id.</strong></span> <span class='ocrx_word' id='word_1_798' title='bbox 909 5601 1080 5653; x_wconf 77' lang='lat' dir='ltr'><strong>codex</strong></span> <span class='ocrx_word' id='word_1_799' title='bbox 1131 5595 1298 5670; x_wconf 65' lang='lat' dir='ltr'><strong>Nam,</strong></span> <span class='ocrx_word' id='word_1_800' title='bbox 1347 5592 1665 5666; x_wconf 84' lang='grc' dir='ltr'>ἐσταυρώθη</span> 
     </span>
    </p>
   </div>
   <div class='ocr_carea' id='block_1_108' title="bbox 133 5668 1394 5745">
    <p class='ocr_par' dir='ltr' id='par_1_108' title="bbox 133 5668 1394 5745">
     <span class='ocr_line' id='line_1_108' title="bbox 133 5668 1394 5745; baseline -0.01 -16"><span class='ocrx_word' id='word_1_801' title='bbox 133 5668 356 5745; x_wconf 79' lang='grc' dir='ltr'>ὀμοίως</span> <span class='ocrx_word' id='word_1_802' title='bbox 385 5672 503 5745; x_wconf 76' lang='grc' dir='ltr'>καί.</span> <span class='ocrx_word' id='word_1_803' title='bbox 524 5668 656 5725; x_wconf 64' lang='lat' dir='ltr'><strong>Mox</strong></span> <span class='ocrx_word' id='word_1_804' title='bbox 685 5670 940 5745; x_wconf 67' lang='grc' dir='ltr'><strong>⁴πολλάκις</strong></span> <span class='ocrx_word' id='word_1_805' title='bbox 963 5685 1061 5740; x_wconf 91' lang='lat' dir='ltr'><strong>pro</strong></span> <span class='ocrx_word' id='word_1_806' title='bbox 1076 5668 1394 5745; x_wconf 69' lang='grc' dir='ltr'>πλεονάκιῇ</span> 
     </span>
    </p>
   </div>
   <div class='ocr_carea' id='block_1_109' title="bbox 188 5734 1685 5812">
    <p class='ocr_par' dir='ltr' id='par_1_109' title="bbox 188 5734 1685 5812">
     <span class='ocr_line' id='line_1_109' title="bbox 188 5734 1685 5812; baseline -0.008 -12"><span class='ocrx_word' id='word_1_807' title='bbox 188 5734 264 5812; x_wconf 63' lang='grc' dir='ltr'><strong>ξι)</strong></span> <span class='ocrx_word' id='word_1_808' title='bbox 303 5734 651 5799; x_wconf 70' lang='grc' dir='ltr'>Δίδὰσκειν.</span> <span class='ocrx_word' id='word_1_809' title='bbox 689 5740 768 5796; x_wconf 85' lang='lat' dir='ltr'><strong>1d.</strong></span> <span class='ocrx_word' id='word_1_810' title='bbox 804 5734 979 5803; x_wconf 47' lang='lat' dir='ltr'><strong>cod..&#39;</strong></span> <span class='ocrx_word' id='word_1_811' title='bbox 1003 5739 1310 5804; x_wconf 81' lang='grc' dir='ltr'>φυλάττειν.</span> <span class='ocrx_word' id='word_1_812' title='bbox 1355 5734 1523 5790; x_wconf 85' lang='lat' dir='ltr'><strong>Paulo</strong></span> <span class='ocrx_word' id='word_1_813' title='bbox 1565 5739 1685 5803; x_wconf 82' lang='lat' dir='ltr'><strong>post</strong></span> 
     </span>
    </p>
   </div>
   <div class='ocr_carea' id='block_1_110' title="bbox 1618 5448 1964 5524">
    <p class='ocr_par' dir='ltr' id='par_1_110' title="bbox 1618 5448 1964 5524">
     <span class='ocr_line' id='line_1_110' title="bbox 1618 5448 1964 5524; baseline 0 -20"><span class='ocrx_word' id='word_1_814' title='bbox 1618 5450 1663 5481; x_wconf 76' lang='grc'>³³</span> <span class='ocrx_word' id='word_1_815' title='bbox 1695 5448 1964 5524; x_wconf 70' lang='grc' dir='ltr'>ἐπιλείψει.</span> 
     </span>
    </p>
   </div>
   <div class='ocr_carea' id='block_1_111' title="bbox 1793 5581 3358 5662">
    <p class='ocr_par' dir='ltr' id='par_1_111' title="bbox 1793 5581 3358 5662">
     <span class='ocr_line' id='line_1_111' title="bbox 1793 5581 3358 5662; baseline -0.003 -17"><span class='ocrx_word' id='word_1_816' title='bbox 1793 5592 2050 5662; x_wconf 77' lang='grc' dir='ltr'>ἐμμένειν</span> <span class='ocrx_word' id='word_1_817' title='bbox 2075 5591 2139 5660; x_wconf 82' lang='grc' dir='ltr'>τῇ</span> <span class='ocrx_word' id='word_1_818' title='bbox 2177 5587 2377 5662; x_wconf 63' lang='lat' dir='ltr'><strong>artaret,</strong></span> <span class='ocrx_word' id='word_1_819' title='bbox 2413 5586 2619 5662; x_wconf 79' lang='lat' dir='ltr'><strong>omissa</strong></span> <span class='ocrx_word' id='word_1_820' title='bbox 2670 5585 3070 5662; x_wconf 65' lang='lat' dir='ltr'><strong>praepositione.</strong></span> <span class='ocrx_word' id='word_1_821' title='bbox 3120 5582 3242 5638; x_wconf 78' lang='lat' dir='ltr'><strong>Mox</strong></span> <span class='ocrx_word' id='word_1_822' title='bbox 3274 5581 3358 5640; x_wconf 72' lang='grc' dir='ltr'><strong>δεῖ</strong></span> 
     </span>
    </p>
   </div>
   <div class='ocr_carea' id='block_1_112' title="bbox 1792 5659 2866 5733">
    <p class='ocr_par' dir='ltr' id='par_1_112' title="bbox 1792 5659 2866 5733">
     <span class='ocr_line' id='line_1_112' title="bbox 1792 5659 2866 5733; baseline -0.008 -15"><span class='ocrx_word' id='word_1_823' title='bbox 1792 5659 1939 5733; x_wconf 73' lang='grc' dir='ltr'>ἡμᾶς</span> <span class='ocrx_word' id='word_1_824' title='bbox 1968 5663 2094 5726; x_wconf 63' lang='lat' dir='ltr'><strong>sim,</strong></span> <span class='ocrx_word' id='word_1_825' title='bbox 2116 5659 2186 5715; x_wconf 74' lang='grc' dir='ltr'>ω</span> <span class='ocrx_word' id='word_1_826' title='bbox 2223 5659 2278 5714; x_wconf 87' lang='lat' dir='ltr'><strong>in</strong></span> <span class='ocrx_word' id='word_1_827' title='bbox 2311 5665 2460 5714; x_wconf 78' lang='lat' dir='ltr'><strong>textu</strong></span> <span class='ocrx_word' id='word_1_828' title='bbox 2488 5660 2605 5712; x_wconf 83' lang='lat' dir='ltr'><strong>Act.</strong></span> <span class='ocrx_word' id='word_1_829' title='bbox 2639 5673 2746 5724; x_wconf 74' lang='lat' dir='ltr'><strong>xlv,</strong></span> <span class='ocrx_word' id='word_1_830' title='bbox 2779 5659 2866 5710; x_wconf 74' lang='grc'><strong>21.</strong></span> 
     </span>
    </p>
   </div>
  </div>
