3862 6158
158 214 172 234 ⁸
227 246 336 304 tsa

1458 251 1796 306 EPISTOLA
1833 252 2198 310 CANONICA.

3352 266 3456 323 480

231 379 251 412 ι
293 361 487 424 οἵτινες
510 361 668 414 πλέον
696 361 949 416 ἁπάντων
968 359 1234 433 αἰσχύνην
1245 364 1348 415 καὶ
1376 362 1573 426 ὄνειδος
1593 364 1790 430 ἕξουσι,

1901 381 1921 415 ι
1965 373 2019 420 et
2043 365 2394 436 ignominiam
2412 365 2986 434 habebuntz'sicutille
3017 376 3113 444 qui
3138 373 3459 433 fundamen-

231 470 250 502 ι
293 452 412 503 κατ’
445 452 649 505 ἐκεῖνον
682 453 771 505 τὸν
805 453 1086 508 τεθεικότα
1111 453 1377 525 θεμέλιον,
1405 453 1498 508 καὶ
1541 455 1614 527 μὴ
1647 455 1794 526 ἰσχύ-

231 561 250 594 ι
292 561 461 598 σαντα
505 545 804 600 ἐκτελέσαι·
839 546 1151 616 Ἀρξονται
1179 548 1305 620 γὰρ,
1349 550 1542 620 φησιν,
1575 549 1797 616 πάντες

231 655 251 687 ι
291 640 343 691 οι
375 642 920 709 παραπορευόμενοι
950 641 1248 712 ἐμπαίᾷιν
1266 646 1468 708 αὐτὸν,
1493 644 1791 715 λέγοντες·

231 746 250 778 ι
293 725 482 795 Οὗτος
505 733 536 781 ὁ
561 731 868 800 ἄνθρωπος
917 733 1193 802 θεμέλιον
1233 735 1410 804 ἔθηκε
1449 737 1514 801 ³³,
1557 737 1652 790 καὶ
1685 740 1794 791 οὐκ

233 836 254 871 ι
295 821 556 888 ῑσχυσεν
583 822 912 878 ἐκτελέσαι.
949 845 966 877 ι

300 911 494 964 ΒΑΛΣ.
537 914 673 983 Περὶ
719 917 1200 989 αὐτομολησάντων
1232 923 1310 985 εἰς
1348 923 1436 974 τὸν
1469 921 1561 975 τοῦ
1596 940 1797 992 μαρτυ-

228 1003 349 1075 ρίου
378 1005 563 1073 ἀγῶνα
589 1006 887 1078 διαλεχθεὶς
918 1013 945 1064 ὁ
973 1013 1184 1084 Πατὴρ,
1222 1014 1316 1068 νῦν
1356 1016 1447 1068 καὶ
1491 1017 1616 1088 περὶ
1663 1017 1796 1088 κλη-

231 1096 400 1168 ρικῶν
427 1097 679 1151 τοιούτων
706 1101 796 1152 τὸν
823 1099 977 1168 λόγον
1005 1109 1261 1158 ποιεῖται’
1295 1107 1388 1160 καί
1419 1125 1599 1180 φησιν,
1625 1111 1718 1174 ὼς,
1749 1114 1797 1164 ει

227 1185 489 1258 κληρικὸς
507 1190 898 1260 ηὐτομόλησεν,
930 1191 1046 1248 εἶτα
1072 1197 1144 1269 μὴ
1173 1198 1377 1266 στέγων
1405 1200 1502 1264 τὰς
1533 1204 1798 1275 τιμωρίας

227 1275 572 1342 ὲκπὲπτωκε,
605 1282 698 1333 καὶ
729 1279 884 1344 αὖθις
924 1286 1000 1348 εἰς
1038 1287 1228 1340 ἑαυτὸν
1253 1290 1558 1360 γενόμενος,
1595 1293 1796 1346 ἀνεπά-

227 1367 383 1421 λαισε
431 1370 528 1440 τὴν
573 1372 777 1425 οἰκείαν
812 1373 1049 1441 πτῶσιν,
1099 1379 1193 1430 καὶ
1237 1379 1560 1450 Χριστιανὸν
1609 1383 1798 1436 ἑαυτὸν

226 1459 573 1531 ὡμολόγησεν
599 1463 826 1517 ἐνώπιον
852 1465 957 1518 τῶν
987 1467 1282 1538 τυράννων,
1309 1472 1336 1523 ὁ
1358 1472 1595 1536 τοιοῦτος
1616 1474 1798 1527 οὐκέτι

230 1552 289 1605 ἐν
313 1554 376 1622 τῇ
409 1551 716 1625 λειτουργίᾳ
740 1555 912 1619 ἔσται,
937 1557 1070 1612 διότι
1094 1561 1445 1614 καταλέλοιπε
1467 1563 1526 1616 τὸ
1551 1565 1797 1635 ποίμνιον

228 1643 322 1697 τοῦ
353 1645 559 1716 Κυρίου
578 1663 590 1675 ·
627 1649 721 1700 καὶ
743 1648 832 1702 διὰ
861 1650 921 1702 τὸ
948 1652 1316 1723 αὐτομολῆσαι
1363 1657 1454 1708 καὶ
1495 1657 1568 1728 μὴ
1598 1675 1791 1730 καρτε·

1902 475 1922 508 ι
1968 467 2079 512 tum
2112 457 2330 527 posuit,
2378 467 2431 512 et
2466 476 2572 514 non
2614 464 2787 532 potuit
2831 463 3137 536 perﬁcere:
3197 465 3458 537 Incipient

1903 567 1920 598 ι
1959 548 2342 619 enim,inquit,
2375 566 2550 606 omnes
2581 555 2671 624 qui
2685 559 3196 628 praetergredientur,
3223 576 3340 614 eum
3389 563 3457 614 ili

1903 655 1921 690 ι
1968 639 2162 704 ludere,
2193 640 2453 695 dicentes:
2484 642 2586 696 Hic
2601 645 2752 699 homo
2771 649 2948 718 posuit
2969 648 3388 718 fundamentum,
3407 661 3457 707 et

1903 749 1921 780 ι
1966 733 2257 801 noupotuit
2284 734 2531 802 per/icere
2566 747 2613 789 α.
2658 753 2676 786 ι

1968 907 2127 964 Βλιε.
2174 908 2246 964 De
2276 910 2344 964 iis
2374 909 2467 980 qui
2505 926 2596 966 sua
2644 920 2834 981 sponte
2873 910 2940 964 ad
2990 913 3238 983 martyrii
3279 921 3458 968 certa~

1897 1017 2020 1056 men
2047 1001 2386 1072 confugiunt,
2411 1003 2627 1062 locutus
2643 1003 2822 1071 Pater,
2840 1019 2988 1060 nunc
3003 1005 3069 1060 de
3087 1003 3303 1060 clericis
3319 1021 3457 1076 quo-

1897 1111 2002 1164 que
2030 1095 2122 1164 qui
2159 1103 2287 1150 sunt
2319 1095 2588 1164 ejusmodi
2635 1096 2878 1168 loquitur
2913 1115 2928 1152 :
2983 1105 3038 1152 et
3066 1097 3200 1152 dicit
3230 1098 3376 1168 quod
3410 1097 3458 1153 si

1897 1187 2130 1242 clericus
2172 1187 2237 1240 ad
2271 1194 2542 1243 certamen
2591 1203 2690 1243 sua
2725 1195 2919 1257 sponte
2966 1187 3230 1260 profugit,
3263 1188 3460 1244 deinde

1897 1292 2021 1330 cum
2053 1293 2160 1331 non
2185 1288 2362 1348 posset
2395 1277 2536 1333 ferre
2551 1286 2840 1344 tormenta,
2863 1280 3086 1348 excidit,
3108 1288 3162 1335 et
3187 1296 3311 1334 cum
3336 1295 3458 1334 rur-

1898 1385 1993 1424 sus
2023 1371 2087 1425 ad
2120 1387 2178 1427 se
2207 1369 2484 1435 rediisset,
2530 1371 2739 1440 lapsum
2773 1387 2932 1428 suum
2983 1374 3280 1439 revocavit,
3313 1379 3368 1429 et
3398 1381 3462 1428 se’

1897 1477 2083 1516 coram
2118 1462 2367 1532 tyrannis
2397 1461 2773 1517 Christianum
2805 1463 3094 1522 confessus
3127 1475 3240 1534 est;
3270 1467 3318 1521 is
3348 1482 3459 1521 non

1895 1552 2128 1621 amplius
2157 1567 2314 1607 sacra
2329 1553 2628 1608 ministeria
2651 1553 2840 1617 obibit,
2867 1569 2933 1607 eo
2947 1554 3091 1625 quod
3122 1570 3336 1624 gregem
3353 1555 3462 1608 Do-

1897 1642 2030 1697 mini
2058 1644 2338 1713 reliquerit
2362 1662 2376 1710 ;
2413 1652 2466 1700 et
2493 1660 2558 1700 eo
2587 1645 2730 1715 quod
2757 1660 2880 1699 cum
2913 1661 3011 1700 sua
3033 1647 3252 1716 quidem
3267 1656 3460 1718 spOnte

237 1736 396 1807 ρῆσαι
426 1739 522 1800 τὰς
550 1738 834 1807 βασάνους,
869 1742 1057 1813 μῶμον
1097 1749 1463 1817 προσήνεγκεν
1502 1727 1698 1821 ἑαυτῷγ.
1727 1746 1796 1804 Τὸ

1899 1727 2220 1800 confugerit,
2251 1740 2304 1785 et
2327 1738 2597 1787 tormenta
2629 1731 2858 1788 sufferre
2900 1749 3007 1788 non
3045 1737 3304 1804 potuerit,
3355 1738 3461 1792 sibi

231 1829 288 1882 δὲ
317 1830 726 1901 καταφρονῆσαι
757 1834 856 1904 τῆς
887 1835 1233 1901 διδασκαλίας
1265 1840 1358 1893 τοῦ
1388 1839 1516 1894 λαοῦ
1546 1839 1638 1896 καὶ
1666 1861 1799 1914 προ⁶

227 1923 565 1992 τιμήσασθαι
614 1925 675 1978 τὸ
713 1926 889 1997 ἑαυτῷ
917 1930 1224 2000 συμφέρον,
1277 1932 1394 1986 οὐδὲ
1429 1937 1474 1987 οἱ
1515 1935 1797 1991 ἀπόστολοι

229 2016 609 2085 πεποιήκασιν.
647 2017 705 2070 '0
738 2017 846 2089 γὰρ
874 2019 1045 2089 μέγας
1079 2022 1306 2089 Παῦλος,
1337 2026 1472 2094 μετὰ
1514 2027 1573 2079 τὸ
1601 2027 1798 2094 πολλὰς

233 2102 501 2172 βασάνους
541 2109 849 2179 ὑπομεῖναι,
878 2114 1220 2184 κατανοήσας
1247 2119 1495 2188 κρεῖττον
1527 2115 1663 2174 εἶναι
1708 2109 1798 2175 τον

231 2191 346 2262 βίον
379 2196 662 2252 ἀπολιπεῖν
685 2238 699 2261 ,
735 2205 1137 2275 προετιμήσατο
1168 2203 1266 2277 ζῇν
1297 2208 1389 2260 καὶ
1421 2208 1796 2278 βασανίζεσθαι

228 2283 318 2337 διὰ
348 2286 446 2358 τὴν
481 2291 750 2361 σωτηρίαν
782 2295 872 2346 καὶ
908 2293 1252 2351 διδασκαλίαν
1269 2297 1371 2353 τοῦ
1419 2299 1570 2356 λαοῦ.
1625 2301 1798 2357 Ἀναξ-

233 2374 420 2446 σθητοι
456 2379 586 2446 γοῦν
621 2384 755 2436 εἰσιν
789 2385 837 2436 οἰ
875 2386 1150 2452 αἰτοῦντες
1195 2388 1290 2461 τὴν
1333 2390 1689 2462 λειτουργίαν,
1730 2389 1800 2465 ἦς

230 2466 507 2552 ἐθελονταὶ
553 2474 958 2530 ὲκπεπτὼκασι.
994 2479 1118 2542 Πῶς
1159 2479 1268 2552 γὰρ
1307 2482 1546 2536 αἰτοῦσιν
1599 2483 1628 2535 ὃ
1665 2501 1800 2538 κατ-

229 2547 458 2623 ἐλιπονξ
483 2561 766 2634 δυνάμενοι
813 2570 923 2631 τοῖς
963 2569 1205 2639 ἀδελφοῖς
1240 2569 1525 2642 εὔχρηστοι
1555 2568 1690 2627 εἶναι
1740 2577 1798 2630 ὲν

232 2649 414 2719 καιρῷ
460 2652 718 2724 τοιούτῳ,
769 2655 1006 2727 διωγμοῦ
1064 2659 1298 2731 δηλαδή;
1338 2663 1400 2714 Εἰ
1452 2663 1549 2733 μὲν
1596 2660 1688 2716 οῦν
1736 2665 1795 2719 οὐ

232 2740 573 2806 πεπτώκασι,
610 2747 793 2816 φησιν,
828 2744 972 2818 εἶχον
1001 2747 1066 2803 ἂν
1102 2750 1430 2822 συγγνώμην
1463 2753 1554 2806 ἐπὶ
1585 2758 1650 2825 τῇ
1691 2774 1798 2808 πα-

235 2831 449 2904 ραλόγῳ
479 2835 655 2887 αὐτῶν
699 2837 910 2908 πράξει,
941 2841 1038 2911 τῆς
1065 2841 1475 2914 αὐτομολήσεως
1506 2845 1723 2918 δηλαδὴ,
1761 2846 1795 2918 ἢ

232 2923 334 2994 τῆς
378 2927 504 2997 περὶ⁸
540 2928 601 2981 τὸ
627 2929 895 2984 διδάσκειν
931 2933 1024 2986 κα)⁵
1066 2932 1338 3006 στηρίζειν
1382 2937 1520 3001 τοὺς.
1538 2939 1798 3010 ἀδελφοὺς

235 3016 509 3088 ῥᾳθυμίας
527 3023 543 3049 ί
578 3021 626 3072 εἰ
680 3019 734 3073 δὲ
789 3023 1138 3080 πεπτώκασιν
1186 3029 1250 3080 ἐκ
1297 3031 1643 3101 περπερείας,
1679 3033 1796 3102 ἦτοι

1901 1821 2002 1891 ipsi
2032 1821 2206 1887 labem
2247 1824 2448 1878 attulit.
2483 1824 2554 1880 Ut
2580 1834 2760 1880 autem
2816 1828 3000 1896 populi
3033 1828 3335 1883 doctrinam
3366 1845 3465 1886 ne-

1898 1911 2195 1982 gligerent,
2215 1921 2269 1966 et
2292 1929 2446 1968 suam
2484 1915 2771 1970 utilitatem
2806 1917 3146 1986 praeferrent,
3199 1933 3300 1974 nec
3333 1933 3466 1990 apo;

1899 2006 2024 2060 stoli
2050 2006 2309 2062 fecerunt.
2335 2007 2560 2079 Magnus
2575 2010 2720 2065 enim
2736 2008 2958 2074 Paulus,
2984 2019 3270 2083 postquam
3294 2014 3464 2068 multa

1899 2103 2169 2153 tormenta
2216 2098 2496 2164 subiisset,
2554 2086 2868 2171 intelligens
2895 2103 3068 2157 multo
3092 2117 3216 2158 esse
3267 2103 3464 2158 melius

1897 2191 2064 2244 vitam
2095 2192 2422 2262 relinquere,
2449 2193 2642 2248 maluit
2661 2193 2844 2250 vivere
2874 2202 2929 2249 et
2959 2196 3200 2266 torqueri
3239 2204 3464 2268 propter

1899 2279 2128 2336 salutem
2160 2289 2213 2337 et
2242 2283 2542 2351 doctrinam
2571 2283 2776 2355 p0puli.
2834 2281 3011 2340 Sensu
3061 2301 3193 2356 ergo
3239 2285 3468 2339 omnino

1898 2362 2106 2435 ca'rent,
2131 2373 2224 2442 qui
2257 2383 2445 2442 petunt
2475 2389 2694 2430 sacrum
2735 2375 3126 2438 ministerium,
3166 2391 3194 2429 a
3226 2391 3336 2446 quo
3362 2391 3466 2432 sua

1899 2473 2092 2533 sponte
2123 2466 2456 2522 exciderunt.
2489 2467 2771 2534 Quomodo
2801 2469 2947 2524 enim
2993 2471 3183 2538 petunt
3209 2467 3353 2538 quod
3378 2485 3464 2522 re-

1898 2555 2196 2626 liquerunt,
2229 2573 2353 2612 cum
2385 2560 2597 2629 possint
2624 2559 2677 2614 in
2701 2559 2804 2614 hac
2829 2566 3173 2628 tempestate,
3200 2573 3462 2629 persecu-

1899 2649 2063 2704 tionis
2091 2649 2320 2712 scilicet,
2352 2649 2616 2706 fratribus
2647 2667 2772 2708 esse
2795 2651 3002 2708 utiles?
3034 2650 3094 2706 Si
3120 2652 3306 2722 itaque
3349 2667 3461 2706 non

1898 2741 2242 2806 cecidissent,
2280 2742 2478 2814 inquit,
2513 2744 2634 2815 ejus
2668 2744 2812 2814 quod
2841 2752 3041 2809 prater
3084 2744 3350 2799 rationem
3379 2743 3451 2800 fe-

1898 2835 2124 2898 cissent,
2155 2836 2237 2891 eis
2270 2837 2494 2892 daretur
2509 2838 2692 2904 venia,
2720 2843 3034 2906 spentaneaa
3073 2835 3282 2890 scilicet
3298 2833 3458 2904 fugae.

1897 2926 1982 2980 vel
2016 2925 2071 2981 in
2098 2924 2362 2984 fratribus
2386 2925 2648 2982 docendis
2674 2933 2726 2980 et
2756 2925 3147 2981 conﬁrmandis
3176 2925 3458 2980 socordiaa.

1901 3017 1997 3072 Sin
2025 3027 2202 3074 autem
2229 3027 2450 3089 propter
2465 3034 2619 3074 suam
2650 3018 2995 3074 insolentiam
3021 3027 3075 3073 et
3095 3018 3461 3089 arrogantiam

232 3085 569 3175 ἀλαζονείας,
601 3109 861 3182 [τοιοῦτον
882 3115 989 3187 γάρ
1008 3119 1123 3171 ἐστι
1150 3118 1210 3171 τὸ
1232 3085 1643 3193 κατατολμῆσαι,
1667 3085 1796 3194 προ-

1899 3112 2039 3182 lapsi
2073 3120 2200 3167 sunt
2274 3085 2380 3167 tale
2418 3113 2562 3167 enim
2585 3120 2668 3167 est
2697 3128 2756 3167 se
2785 3120 2988 3167 temere
3016 3085 3301 3167 toi‘mentis
3325 3111 3467 3181 obji-

231 3199 413 3263 πετῶς
442 3199 549 3253 τῶν
579 3201 823 3272 βασάνων
858 3207 950 3259 καὶ
986 3207 1059 3277 μὴ
1091 3209 1366 3279 ἐμμεῖναι,
1403 3213 1497 3264 καὶ
1523 3211 1610 3266 διὰ
1643 3212 1800 3264 τοῦτο

233 3291 766 3369 ἐθριαμϐεύθησανο]
796 3299 977 3352 οὐκέτι
1019 3299 1270 3355 δύνανται
1314 3304 1662 3374 λειτουργεῖν.
1709 3306 1803 3359 Διὰ

234 3385 662 3458 φροντιζὲτωσαν
703 3390 899 3460 μᾶλλον
939 3393 1054 3456 πῶς
1098 3396 1436 3450 ὲκτελὲσουσι
1478 3398 1576 3470 τὴν
1609 3399 1797 3468 ὁμολο-

231 3478 360 3545 τίαν
399 3479 456 3530 ὲν
500 3483 983 3555 ταπεινοφροσύνῃ,
1038 3487 1373 3558 παυσάμενοι
1404 3489 1502 3558 τῆς
1549 3489 1656 3544 ἀπὸ
1703 3491 1796 3544 τοῦ

232 3566 417 3638 ζητεῖν
442 3570 540 3642 τὴν
569 3570 907 3643 λειτουργίαν
935 3575 1265 3642 κενοδοξίας·
1299 3580 1459 3650 ἀρκεῖ
1481 3579 1589 3652 γὰρ
1618 3583 1798 3646 αὐτοῖς

231 3660 266 3730 ἠ
300 3661 440 3731 μετὰ
465 3661 572 3715 τῶν
609 3665 810 3718 πιστῶν
843 3667 1094 3722 κοινωνία
1123 3669 1214 3724 διὰ
1251 3670 1344 3723 δύο
1385 3673 1642 3743 γινομένη
1677 3675 1800 3729 τινὰ

235 3752 375 3822 μετὰ
415 3756 732 3820 ἐπιστασίας
775 3759 1034 3829 ἀκριϐοῦς
1069 3763 1163 3816 καὶ
1207 3763 1536 3835 οἰκονομίας.
1580 3765 1643 3819 Εἰ
1691 3767 1803 3838 γὰρ

230 3843 476 3916 εἴπωμεν
503 3847 576 3919 μὴ
622 3848 765 3918 ἔχειν
811 3849 1003 3915 αὐτοὺς
1047 3856 1426 3920 κοινωνικοὺς,
1473 3856 1693 3920 τούτους
1737 3874 1797 3910 τε

229 3923 566 4009 λυπήσομεν,
597 3937 671 4003 ὡς
694 3941 1114 4014 ἀποφαινόμενοι
1146 3945 1281 4014 μετὰ
1315 3946 1454 4017 βίας,
1483 3949 1648 4020 ἤγουν
1681 3951 1800 4003 ἐπι-

229 4030 667 4102 πτιμημὲνους,
721 4033 966 4089 ἐντεῦθεν
1033 4036 1293 4092 ἀναλῦσαι
1349 4039 1582 4104 αὐτοὺς,
1631 4043 1796 4112 ἤγουν

231 4121 524 4176 ἀποθανεῖν
546 4139 561 4153 ο
598 4123 690 4176 καὶ
716 4126 841 4189 τοὺς
869 4125 1058 4190 ἄλλους
1092 4128 1147 4182 δὲ
1180 4131 1510 4195 ἐκπεσόντας
1547 4133 1674 4198 ἴσως
1707 4123 1798 4188 καὶ

233 4213 588 4284 βουλομένους
611 4217 943 4289 ὑποστρέψαι
975 4221 1056 4284 εἰς
1077 4207 1139 4275 τὸ
1159 4221 1384 4292 ἀγαθὸν,
1415 4224 1800 4297 ἐκλελυμένους

233 4304 372 4376 πρὸς
400 4305 557 4360 τοῦτο
583 4308 676 4360 καὶ
704 4309 923 4379 ἀμελεῖς
949 4313 1264 4383 ποιήσομεν,
1302 4317 1796 4387 προφασιζομένους

1898 3219 2024 3260 cere
2043 3202 2264 3268 audere,
2294 3217 2397 3258 nec
2426 3216 2586 3272 posse
2605 3203 2860 3268 tolerare,
2887 3213 2941 3259 et
2968 3211 3255 3276 propterea
3283 3205 3352 3261 de
3379 3206 3464 3260 eis

1897 3295 2208 3364 triumphus
2239 3305 2392 3351 actus
2442 3292 2570 3366 est),
2614 3310 2724 3349 non
2779 3306 3008 3365 possunt
3045 3295 3278 3365 amplius
3303 3309 3461 3350 sacra

1897 3386 2201 3441 ministeria
2217 3385 2388 3442 obire.
2405 3385 2766 3454 Quamobrem
2791 3388 2962 3459 magis
2979 3398 3172 3444 curent
3188 3388 3463 3459 quomodo

1899 3476 2298 3533 confessionem
2327 3474 2381 3530 in
2417 3477 2723 3531 humilitate
2780 3485 3064 3548 peragant,
3120 3484 3401 3534 cessantes
3430 3494 3462 3534 a

1897 3584 2037 3623 vana
2065 3569 2237 3640 gloria
2279 3583 2496 3624 sacrum
2527 3568 2892 3624 ministerium
2947 3569 3164 3639 petendi
3197 3589 3211 3625 ε
3267 3568 3465 3626 sufﬁcit

1897 3663 2042 3717 enim
2085 3662 2164 3716 eis
2197 3674 2322 3714 cum
2352 3658 2606 3714 ﬁdelibus
2629 3660 2964 3723 communio,
2995 3675 3117 3730 quae
3150 3659 3210 3715 ﬁt
3241 3670 3464 3731 propter

1898 3754 2029 3818 duo,
2059 3752 2304 3824 diligenti
2333 3751 2585 3807 cautione
2617 3742 3155 3822 rectoque‘consilio.
3209 3750 3264 3806 Si
3317 3753 3463 3807 enim

1898 3847 2195 3903 dixerimus
2243 3861 2346 3900 nos
2393 3861 2488 3900 eos
2524 3859 2630 3898 non
2656 3844 2856 3900 habere
2880 3859 2980 3916 pro
3010 3845 3466 3900 communicanti-

1897 3940 2022 4004 bus,
2051 3947 2106 3995 et
2129 3953 2225 3994 eos
2252 3937 2501 3994 molestia
2532 3936 2828 3993 aﬂiciemus
2851 3945 3107 4009 tanquam
3137 3937 3465 3992 sententiam

1901 4033 2158 4102 ferentes,
2188 4048 2304 4098 eos,
2341 4033 2412 4098 vi,
2454 4047 2549 4087 seu
2576 4032 2890 4098 mulctatos,
2920 4032 3051 4087 hinc
3088 4032 3333 4098 dissolvi,
3366 4045 3464 4088 seu

1899 4125 2071 4192 mori;
2103 4134 2157 4179 et
2186 4123 2323 4180 alios
2358 4138 2577 4195 quoque
2607 4123 2700 4193 qui
2759 4122 2992 4180 fortasse
3034 4124 3174 4195 lapsi
3223 4129 3381 4190 sunt,
3410 4131 3466 4180 et

1897 4219 2086 4274 volunt
2114 4217 2183 4271 ad
2212 4217 2358 4288 quod
2391 4216 2592 4271 bonum
2621 4224 2704 4270 est
2733 4214 2936 4280 redire,
2972 4217 3235 4272 remisSos
3263 4217 3332 4271 ad
3361 4216 3465 4272 hoc

1896 4316 1952 4364 et
1971 4307 2302 4380 negligentes
2330 4306 2648 4374 efﬁciemus,
2680 4315 2972 4364 causantes
2995 4323 3052 4364 se
3082 4307 3332 4364 fidelibus
3353 4323 3465 4364 non

229 4397 292 4449 τὸ
325 4397 400 4470 μὴ
429 4399 640 4468 μέλλειν
663 4401 858 4465 αὐτοὺς
885 4399 1029 4456 εἶναι
1055 4408 1402 4472 κοινωνικοὺς
1428 4411 1538 4471 τοῖς
1567 4412 1794 4475 πιστοῖς,

1901 4416 2023 4456 esse
2051 4398 2554 4455 communieaturos
2581 4439 2598 4462 ,
2641 4399 2857 4455 etiamsi
2905 4408 3029 4470 post
3059 4400 3269 4471 lapsum
3302 4401 3466 4458 fidem

231 4488 336 4542 κᾶν
384 4489 752 4561 ὁμολογήσωσι
799 4493 899 4565 τὴν
946 4495 1128 4550 πίστιν
1172 4497 1306 4566 μετὰ
1353 4501 1453 4570 τήν
1488 4499 1791 4555 ἔκπτωσιν⁸

230 4579 446 4644 οἵτινες,
479 4580 552 4651 μὴ
582 4583 1019 4654 ἐπιστρέφοντες,
1061 4586 1222 4641 πλέον
1249 4589 1505 4672 ἁπάντων
1543 4591 1629 4646 ἵνα
1659 4593 1797 4646 ὀνει-

229 4670 450 4724 δισθῶσι
470 4672 564 4725 καί
584 4673 940 4744 αἰσχυνθῶσιί
965 4678 1108 4733 καθὰ
1128 4679 1190 4748 (Ῑ.
1211 4680 1370 4751 κατὰ)
1384 4670 1474 4744 τὸν
1495 4685 1795 4756 ποιήσαντα
1840 4685 1844 4688 ’

231 4761 333 4831 μὲν
357 4760 608 4832 θεμέλιον
623 4803 638 4827 ,
670 4764 744 4836 μὴ
777 4765 1137 4838 πληρώσαντα
1161 4769 1216 4824 δὲ
1233 4771 1454 4842 οἴκημα.
1477 4771 1662 4845 Τούτῳ
1689 4774 1794 4846 γάρ

229 4853 468 4908 ιοίκασιν
503 4856 554 4907 οί
596 4845 730 4926 προς
763 4857 1024 4927 βασάνους
1056 4861 1518 4934 αὐτομολήσαντες
1567 4866 1664 4936 μὲν
1707 4845 1792 4920 διὰ

229 4943 464 5015 Χριστὸν
503 4945 600 4998 καὶ
639 4946 800 4999 οἱονεὶ
831 4947 996 5002 καλὸν
1044 4948 1258 5021 Θέμενοι
1287 4950 1561 5028 Θεμέλιον,
1596 4952 1671 5024 μὴ
1701 4953 1792 5006 δυ-

227 5035 482 5106 ηθέντες
507 5035 566 5090 δὲ
607 5037 888 5093 τελειῶσαι
918 5039 978 5093 τὸ
1022 5040 1184 5096 καλὸν
1230 5043 1316 5098 διὰ
1363 5046 1462 5117 τὴν
1502 5045 1789 5099 ἔκπτωσιν.

227 5127 540 5198 Σημείωσαι
590 5124 716 5194 οὖν,
744 5131 825 5184 ὅτι
869 5131 989 5186 οὐδὲ
1034 5136 1067 5205 ἡ
1119 5134 1209 5189 διὰ
1262 5136 1494 5205 Χριστὸν
1537 5136 1792 5209 ὁμολογία

227 5217 569 5291 amoma
597 5219 690 5275 τὸν
727 5222 874 5288 ἅπαξ
915 5227 983 5278 ὲκ
1023 5225 1118 5279 τοῦ
1153 5226 1351 5298 κλήρου
1389 5227 1791 5295 ὰποξενωθέντα

227 5310 314 5365 διὰ
343 5311 444 5382 τήν
474 5311 763 5366 ἔκπτωσιν.

298 5478 324 5507 ι
357 5464 491 5521 Luc.
523 5467 742 5533 xuv,29,
774 5469 864 5523 30.

1898 4490 2138 4550 confessi
2168 4493 2401 4549 fuerint:
2433 4494 2526 4565 qui
2559 4493 2604 4547 si
2628 4509 2736 4548 non
2767 4498 3172 4558 convertantur,
3197 4492 3319 4562 plus
3337 4507 3465 4564 pro—

1898 4585 1986 4642 bri
2016 4596 2071 4641 et
2102 4583 2414 4657 ignominia
2435 4599 2598 4658 quam
2612 4599 2801 4640 omnes
2819 4583 3178 4654 susceperint,-
3198 4583 3463 4654 querna-.1-

1898 4678 2119 4734 modum
2147 4686 2202 4733 et
2229 4677 2321 4748 qui
2353 4675 2480 4733 fecit
2508 4675 2946 4739 fundamentum,
3004 4675 3227 4729 domum
3278 4683 3462 4734 autem

1901 4785 2007 4824 non
2035 4769 2276 4840 perfecit.
2298 4767 2360 4822 Ei
2381 4768 2527 4824 enim
2561 4773 2690 4822 sunt
2717 4766 2943 4828 similes,
2973 4765 3065 4835 qui
3085 4759 3154 4820 ad
3192 4773 3464 4823 tormenta

1899 4861 2118 4932 quidem
2161 4871 2380 4930 propter
2433 4857 2712 4914 Christum
2765 4855 3148 4927 confugerunt,
3197 4862 3252 4910 et
3295 4858 3463 4913 veluti

1899 4953 2126 5021 pulchro
2149 4953 2296 5021 jacto
2346 4947 2718 5014 fundamento,
2754 4948 2808 5004 id
2835 4946 2981 5018 quod
3032 4945 3321 5004 honestum
3353 4957 3458 5010 est.

1899 5043 2158 5112 perlicere
2181 5049 2400 5112 pr0pter
2428 5043 2639 5110 lapsum
2665 5055 2773 5094 non
2807 5046 3124 5110 potuerunt.
3151 5039 3288 5095 Nota
3307 5054 3458 5110 ergo,

1899 5133 2043 5204 quod
2083 5146 2152 5187 ne
2196 5129 2470 5185 confessio
2503 5128 2720 5200 quidem
2746 5138 2966 5199 propter
2993 5131 3270 5187 Christum
3303 5131 3462 5187 resti-

1899 5229 2002 5279 tuit
2029 5240 2176 5289 eum,
2198 5221 2291 5294 qui
2316 5221 2484 5279 semel
2516 5235 2548 5275 ιι
2587 5220 2735 5276 clero
2767 5220 3105 5280 abalienatus
3133 5229 3217 5282 est
3237 5229 3461 5296 propter

1897 5318 2132 5389 lapsum.

1527 5587 1754 5646 VABUE
1791 5586 2190 5644 LECTIONES.

330 5701 376 5734 δ’
409 5699 639 5755 τέθεικε.

595 5797 866 5860 Ρηιοι..
909 5799 1025 5864 Gn.
1076 5799 1304 5860 XVlIl.

3016 5760 3092 5860 re
