3862 6158
384 256 481 313 491

1380 256 1438 315 5.
1481 257 1687 315 PETRI
1725 258 2199 318 ALEXANDRZNI
2238 260 2548 319 EPISCOPI

3531 272 3640 329 492

452 373 659 430 Zama.
693 373 769 430 De
798 374 867 431 iis
892 375 987 446 qui
1020 391 1079 432 se
1103 376 1248 432 ultro
1264 377 1514 450 martyrii
1538 378 1828 434 certamini
1857 380 1931 434 ob

2128 379 2370 434 ΖΩΝΑΡ.
2412 381 2549 454 Περὶ
2590 379 3075 456 αὐτομολησάντων
3117 385 3198 449 εὶς
3242 385 3338 439 τὸν
3368 385 3462 441 τοῦ
3497 404 3641 461 μαρ-

378 466 629 538 iecerunt
656 467 874 523 locutus
900 467 1081 535 Pater,
1134 484 1283 524 nunc
1325 469 1393 525 de
1424 470 1645 527 clericis
1690 472 1787 542 qui
1813 471 1954 527 idem

381 558 629 616 fecerunt
649 560 949 616 orationem
968 560 1205 616 instituit
1232 580 1245 616 :
1279 569 1441 633 atque
1472 562 1731 617 clericum
1763 563 1809 619 si
1830 564 1956 635 quis

379 668 440 709 se
468 653 615 708 ultro
666 653 895 718 dedidit,
944 668 1069 735 mox
1112 653 1223 708 vim
1274 661 1676 710 tormentorum
1730 656 1956 711 minime

381 745 661 814 perferens
687 745 874 816 lapsus
907 752 1012 808 est,
1046 760 1111 799 ac
1140 760 1362 801 rursum
1382 761 1441 802 se
1474 746 1655 817 ipsum
1688 747 1954 819 colligens

379 837 559 893 denuo
590 852 650 892 se
674 836 741 891 ad
773 843 1050 897 certamen
1074 836 1269 902 erexit,
1292 852 1357 892 ac
1386 853 1446 893 se
1459 837 1833 895 Christianum
1860 853 1956 894 co-

380 947 497 988 ram
520 928 768 1003 tyrannis
798 937 883 984 est
906 927 1208 1000 professus,
1242 944 1353 984 non
1381 944 1506 985 esse
1538 929 1811 1001 ejusmodi
1856 930 1955 985 ho-

378 1022 579 1077 minem
619 1019 686 1076 ad
717 1034 877 1075 sacra
907 1019 1213 1076 ministeria
1243 1020 1478 1091 amplius
1530 1019 1949 1076 admittendum.

374 1116 716 1185 Causamque
741 1113 1026 1184 subjungit
1056 1131 1068 1168 :
1124 1112 1250 1185 quia
1284 1112 1546 1168 nimirum
1580 1111 1797 1169 Domini
1828 1128 1952 1185 gre-

372 1225 492 1279 gem
515 1209 777 1273 deseruit,
809 1222 873 1263 ac
903 1224 968 1263 ex
1011 1224 1075 1264 eo
1104 1208 1251 1279 quod
1299 1214 1497 1278 sponte
1533 1222 1592 1264 se
1622 1206 1825 1277 objecit
1854 1206 1951 1262 ho-

374 1300 573 1368 stibus,
609 1316 787 1372 neque
837 1306 1157 1355 constanter
1204 1306 1476 1356 tormenta
1506 1299 1754 1370 pertulit,
1796 1299 1952 1371 igno-

372 1392 596 1450 miniam
627 1393 730 1449 sibi
753 1392 858 1463 ipsi
881 1391 1213 1447 conciliavit.
1253 1390 1322 1446 Ut
1348 1398 1528 1447 autem
1553 1392 1740 1464 populi
1785 1391 1948 1449 insti-

372 1485 638 1541 tutionem
659 1491 1095 1550 contemnerent,
1129 1484 1705 1554 suamqueutilitatem
1733 1485 1947 1541 caeteris

268 1578 277 1587 ’
370 1580 628 1635 omnibus
656 1576 1012 1641 anteferrent,
1043 1592 1115 1631 ne
1147 1577 1378 1648 apostoli
1406 1576 1625 1649 quidem
1677 1575 1943 1635 fecerunt.

370 1674 599 1746 Magnus
647 1687 882 1743 namque
930 1669 1157 1738 Paulus,
1215 1686 1341 1727 cum
1390 1672 1594 1728 multos
1630 1673 1945 1743 pertulisset

2056 473 2242 544 τυρίου
2296 472 2514 542 ἀγῶνα,
2567 474 2864 546 διαλεχθεὶς
2893 478 2922 529 ό
2976 476 3198 549 Πατὴρ,
3240 477 3335 533 νῦν
3381 478 3640 552 καὶπερὶ

2058 562 2335 635 κληρικῶν
2384 563 2640 618 τοιούτων
2673 565 2763 618 τὸν
2809 565 2966 636 λόγον
2998 571 3267 624 ποιεῖταιο
3308 569 3403 623 καί
3448 586 3634 642 φησιν,

2055 653 2153 720 ὡς,
2188 656 2237 708 εἰ
2276 653 2535 727 κληρικὸς
2573 656 2963 728 ηὐτομόλησεν,
3015 654 3135 713 εἶτα
3173 659 3247 731 μὴ
3297 660 3505 729 στέγων
3535 659 3638 725 τὰς

2054 742 2326 815 τιμωρίας
2353 745 2698 810 ἐκπέπτωκε,
2725 747 2819 800 καὶ
2846 742 3001 811 αὖθις
3029 749 3109 811 είς
3132 749 3323 803 ἑαυτὸν
3346 750 3636 823 γενόμενος

2054 834 2385 889 ἀνεπάλαισε
2400 834 2503 908 τὴν
2525 837 2730 891 οἰκείαν
2750 836 2975 903 πτῶσιν,
2994 838 3089 891 καὶ
3106 839 3430 910 Χριστιανὸν
3442 840 3635 894 ἑαυτὸν

2053 926 2401 1001 ὡμολόγησεν
2422 927 2652 983 ἐνώπιον
2672 928 2783 983 τῶν
2807 931 3105 1001 τυράννων.
3128 933 3156 985 ό
3183 929 3424 997 τοιοῦτος
3448 933 3635 987 οὐκέτι

2053 1020 2111 1073 ἐν
2137 1022 2203 1093 τῇ
2229 1020 2541 1093 λειτουργίᾳ
2578 1021 2750 1075 ἔσται.
2777 1024 2888 1076 Kal
2928 1024 3027 1095 τὴν
3058 1023 3235 1077 αἰτίαν
3262 1024 3492 1094 ἐπάγει·
3536 1025 3633 1097 ῆδε

2052 1112 2232 1167 ἐστίν’
2262 1113 2345 1167 ὃτι
2373 1114 2633 1167 κατέλιπε
2663 1114 2724 1168 τὺ
2754 1116 3003 1187 ποίμνιον
3038 1117 3132 1170 τοῦ
3161 1118 3387 1190 Κυρίου,
3424 1119 3521 1173 καὶ
3542 1119 3637 1173 διὰ

2050 1206 2112 1260 τὸ
2143 1206 2514 1279 αὐτομολῆσαι
2555 1208 2650 1262 καὶ
2685 1208 2760 1281 μὴ
2812 1210 3149 1282 καρτερῆσαι
3200 1209 3297 1275 τὰς
3327 1210 3632 1282 βασάνους,

2053 1298 2246 1370 μῶμον
2279 1301 2651 1373 προσήνεγκεν
2676 1300 2868 1373 ἐαυτῷ.
2901 1301 2973 1355 Τὸ
3009 1301 3065 1355 δὲ
3093 1303 3503 1375 καταφρονῆσαι
3530 1304 3634 1375 τῆς

2049 1391 2397 1459 διδασκαλίας
2421 1394 2516 1448 τοῦ
2550 1394 2700 1461 λαοῦ,
2737 1396 2831 1449 καὶ
2862 1395 3298 1468 προτιμήσασθαι
3322 1396 3386 1449 τὸ
3416 1397 3635 1462 ἑαυτοῖς

2051 1485 2348 1558 συμφέρον,
2396 1487 2515 1540 οὐδὲ
2564 1488 2614 1540 οἱ
2666 1487 2950 1542 ἀπόστολοι
2994 1489 3379 1560 πεποιήκασιν.
3413 1489 3472 1542 '0
3520 1488 3634 1561 γὰρ

2051 1576 2223 1647 μέγας
2256 1577 2488 1643 Παῦλος,
2521 1578 2658 1651 μετὰ
2696 1579 2757 1634 τὸ
2785 1579 2985 1644 πολλάς
3015 1579 3279 1650 βασάνους
3319 1582 3631 1652 ὑπομεῖναι,

2049 1671 2392 1742 κατανοήσας
2421 1675 2666 1744 κρεῖττον
2698 1667 2839 1727 εἶναι
2865 1674 2957 1728 τὸν
2992 1673 3104 1744 βίον
3136 1673 3442 1740 ἀπολιπεῖν,
3495 1692 3630 1747 προ-

366 1765 668 1830 cruciatus,
694 1763 1032 1833 sentiretque
1056 1761 1250 1820 utilius
1284 1778 1408 1819 essc
1437 1763 1543 1819 sibi
1576 1764 1746 1819 vitam
1776 1765 1931 1821 relin-

2050 1737 2348 1837 ετιμήσατο
2377 1737 2475 1837 ζῇν
2519 1766 2613 1820 καὶ
2659 1737 3047 1837 βασανίζεσθαι
3077 1765 3167 1820 διὰ
3210 1765 3307 1839 τὴν
3355 1737 3629 1839 σωτηρίαν

366 1874 560 1930 quere,
587 1864 647 1913 ut
672 1857 858 1928 populi
891 1855 1053 1912 saluti
1106 1871 1171 1911 ac
1224 1855 1558 1911 institutioni
1611 1858 1931 1914 consuleret,

2049 1856 2142 1909 καὶ
2181 1855 2528 1911 διδασκαλίαν
2570 1856 2663 1910 τοῦ
2697 1856 2845 1911 λαοῦ.
2884 1855 2991 1921 Οὓς
3038 1856 3133 1911 καὶ
3179 1856 3321 1911 πάνυ
3366 1856 3630 1930 ἀναισθη-

363 1952 533 2008 vitam
584 1949 690 2005 sibi
729 1963 793 2005 ac
833 1954 1105 2005 tormenta
1143 1948 1357 2018 potiora
1392 1947 1571 2003 duxit.
1623 1947 1862 2004 Promde
1892 1964 1931 2005 ei

2047 1965 2174 2013 τους
2226 1949 2620 2019 ἀποφαίνεται,
2661 1948 2948 2014 αἰτοῦντας
2990 1948 3088 2021 τὴν
3136 1949 3511 2022 λειτουργίαν,
3557 1946 3627 2023 ἧς

365 2058 563 2109 sensus
575 2040 798 2096 omnino
827 2047 1188 2111 experteseos
1215 2040 1578 2105 demonstrat,
1602 2041 1695 2112 qui
1724 2056 1931 2098 sacrurr

2046 2040 2321 2095 ἐθελονταὶ
2348 2042 2763 2097 ὲκπεπτώκασι.
2800 2042 2926 2106 Πῶς
2949 2042 3077 2114 γὰρ,
3107 2044 3293 2114 φησὶν,
3324 2043 3568 2096 αἰτοῦσιν
3596 2042 3627 2096 ὃ

365 2131 471 2189 sibi
501 2129 870 2185 ministerium
898 2126 1225 2199 deposcunt,
1253 2144 1284 2183 a
1316 2144 1427 2200 quo
1451 2130 1697 2187 volentes
1728 2130 1931 2201 ipsimel

2044 2133 2354 2197 κατέλιπον,
2400 2135 2688 2206 δυνάμενοι
2715 2137 2826 2200 τοῖς
2863 2134 3109 2205 ἀδελφοῖς
3149 2132 3436 2206 εὔχρηστοι
3484 2131 3625 2188 εἶναι

363 2224 702 2281 exciderunt.
736 2221 873 2276 Nam
906 2236 1016 2292 quo
1048 2222 1231 2287 modo,
1289 2221 1505 2293 inquit,
1554 2223 1606 2278 id
1639 2224 1931 2294 postulant,

2041 2226 2100 2278 ἐν
2132 2225 2307 2296 καιρῷ
2345 2226 2598 2297 τοιούτῳ,
2644 2224 2884 2297 διωγμοῦ
2928 2226 3167 2298 δηλαδή;
3201 2228 3345 2291 Ἕως
3388 2228 3486 2298 μὲν
3514 2224 3626 2283 οὖν

361 2318 508 2391 quod
566 2316 858 2388 reliquere,
883 2330 1009 2371 cum
1027 2313 1299 2385 ejusmodi
1322 2322 1586 2386 tempore,
1604 2316 1931 2372 excitataevi-

2041 2316 2327 2371 ἄπταιστοι
2359 2312 2520 2389 ἦσαν,
2554 2317 2884 2390 συγγνώμην
2916 2316 3067 2391 εἶχον
3093 2321 3189 2373 ἐπὶ
3216 2323 3279 2392 τῇ
3325 2320 3634 2392 παραλόγῳ

360 2411 554 2467 :lelicet
569 2409 986 2481 persecutionis,
999 2423 1198 2481 magno
1213 2407 1472 2465 fratribus
1489 2408 1802 2479 adjumento
1817 2423 1931 2465 esse

2039 2410 2221 2465 αὐτῶν
2263 2410 2481 2483 πράξει,
2525 2413 2592 2482 τῇ
2630 2412 2987 2484 αὐτομολήσει
3032 2411 3249 2485 δηλαδὴ,
3294 2413 3326 2486 ἦ
3371 2416 3437 2485 τῇ
3492 2417 3623 2484 περὶ

359 2506 627 2578 possent?
654 2503 910 2572 Quandiu
941 2504 1107 2577 igitur
1132 2518 1165 2558 a
1193 2504 1349 2575 lapsu
1380 2504 1652 2560 immunes
1678 2503 1935 2568 fuissent,

356 2599 572 2654 veniam
595 2598 961 2654 obtinuissent
990 2596 1224 2652 actionis
1278 2604 1484 2651 temere
1531 2604 1834 2669 susceptae,
1874 2612 1936 2654 se

356 2690 616 2745 nimirum
640 2680 973 2745 adversariis
986 2688 1131 2742 ultro
1161 2684 1448 2751 oﬂerendi,
1480 2687 1567 2742 vel
1598 2686 1655 2741 in
1671 2686 1934 2742 erudien-

355 2783 440 2840 dis
474 2782 737 2838 fratribus
754 2779 1039 2838 socordiae.
1057 2779 1195 2835 Cum
1226 2793 1358 2835 vero
1385 2778 1705 2843 ceciderint,
1730 2779 1933 2850 quippe

355 2875 450 2946 qui
474 2888 756 2945 perperam
771 2872 999 2944 egerint,
1032 2884 1190 2926 sacra
1205 2868 1510 2924 ministeria
1528 2868 1680 2924 obire
1695 2869 1931 2940 amplius

353 2968 499 3026 haud
555 2967 967 3040 permittuntur.
1006 2963 1065 3019 Si
1100 2977 1252 3035 ergo,
1291 2961 1489 3032 inquit,
1525 2960 1749 3018 minime
1783 2959 1930 3016 ceci-

352 3061 585 3127 dissent,
618 3058 832 3116 veniam
857 3058 1243 3128 impetrassent
1273 3056 1343 3111 ob
1372 3058 1619 3126 ipsorum
1654 3068 1686 3107 a
1717 3055 1930 3109 ratione

349 3155 585 3211 alienam
616 3151 883 3208 actionem
909 3167 925 3218 ;
971 3148 1242 3205 actionem
1271 3163 1303 3203 a
1332 3148 1544 3203 ratione
1572 3146 1803 3201 alienam
1833 3162 1929 3201 vo-

348 3266 505 3317 cans,
538 3263 652 3304 non
684 3247 862 3303 solum
893 3243 1038 3316 quod
1069 3259 1129 3301 se
1156 3243 1412 3299 hostibus
1441 3240 1774 3305 dediderint,
1831 3240 1928 3297 sed

347 3343 529 3415 potius
556 3338 705 3412 quod
732 3337 1075 3395 deseruerint
1100 3350 1321 3408 gregem
1343 3332 1581 3397 Domini,
1619 3348 1723 3389 nec
1746 3333 1926 3403 ipsum

347 3434 729 3502 custodierint,
759 3447 825 3487 ac
859 3430 1059 3486 fratres
1085 3430 1180 3501 qui
1226 3426 1627 3499 persecutionis
1682 3434 1928 3496 tempore

349 3529 688 3586 vexabantur
706 3525 1108 3584 confirmarint.
1147 3521 1206 3578 Si
1234 3538 1366 3579 vero
1395 3520 1717 3578 ceciderunt
1751 3535 1819 3576 ex
1860 3533 1926 3575 eo

343 3627 490 3697 quod
511 3642 571 3682 se
600 3640 885 3698 perperam
923 3621 1218 3694 gesserint,
1260 3620 1576 3692 superbiam
1605 3619 1717 3685 hic,
1751 3625 1807 3676 et
1835 3634 1925 3674 ar-

343 3718 682 3792 rogantiam;
731 3717 831 3788 τὴν
860 3713 1199 3786 περπερείαν
1247 3727 1473 3779 vocans,
1499 3711 1645 3782 quod
1671 3725 1737 3767 ex
1768 3724 1924 3764 arro-

342 3812 529 3884 gantia
560 3809 812 3865 fiduciam
840 3808 894 3864 in
927 3824 988 3864 se
1027 3808 1163 3879 ipsis
1197 3821 1426 3877 posuere
1449 3846 1464 3872 ,
1520 3804 1923 3862 dissolverunt-

341 3920 449 3976 que
478 3909 779 3969 certamen,
810 3915 875 3956 ac
908 3916 969 3957 se
1020 3900 1172 3971 ipsos
1201 3900 1583 3971 vituperarunt
1614 3916 1630 3966 ;
1681 3896 1786 3951 hoc
1811 3902 1918 3958 est,

342 3997 450 4054 sibi
473 3995 607 4067 ipsis
641 3994 909 4050 maculam
942 3994 1014 4049 ob
1041 3995 1256 4066 lapsum
1294 3994 1643 4056 inusserunt,
1672 3991 1727 4045 in
1761 4003 1920 4046 sacro

341 4086 650 4145 ministerio
683 4084 889 4142 versari
934 4084 1068 4154 ipsis
1116 4084 1352 4154 amplius
1403 4082 1549 4138 haud
1596 4082 1741 4138 licet.
1778 4080 1919 4136 Pro-

341 4189 528 4253 pterea
550 4179 827 4244 studeant,
854 4176 1050 4246 inquit,
1075 4176 1260 4247 potius
1283 4177 1339 4231 in
1367 4175 1674 4231 humilitate
1700 4172 1919 4230 confes-

339 4272 548 4327 sionem
575 4282 858 4340 peragere,
877 4272 1161 4322 cessantes
1180 4265 1434 4321 videlicet
1456 4266 1524 4320 ab
1546 4266 1693 4320 inani
1715 4264 1916 4335 gloria.

337 4361 495 4429 Quod
540 4360 686 4416 enim
737 4371 897 4415 sacro
937 4354 1245 4412 ministerio
1290 4354 1494 4410 ascribi
1533 4357 1830 4428 postulent,
1885 4369 1918 4408 a

2035 2502 2098 2556 τὸ
2134 2503 2403 2558 διδάσκειν
2439 2504 2569 2567 τοὺς
2601 2503 2863 2586 ἀδελφοὺς
2895 2504 3168 2577 ρᾳθυμίῳ
3215 2504 3304 2557 ὅτε
3328 2503 3385 2557 δὲ
3431 2502 3627 2557 ἐπται-

2039 2613 2158 2661 σαν,
2197 2595 2273 2661 ὡς
2306 2597 2370 2652 ἂν
2419 2599 2948 2671 περπερευσάμενοι,
2992 2597 3173 2652 οὐκέτι
3216 2595 3471 2651 δύνανται
3512 2596 3627 2649 λει-

2036 2692 2301 2761 τουργεῖν.
2346 2691 2409 2743 Et
2447 2679 2544 2762 μὲν
2584 2688 2677 2745 οὖν
2716 2692 2777 2745 οὐ
2826 2689 3175 2756 πεπτώκασι,
3229 2690 3425 2761 φησιν,
3473 2683 3621 2759 εἶχεν

2036 2781 2102 2836 ἂν
2155 2781 2484 2854 συγγνώμην
2542 2784 2635 2836 ἐπὶ
2678 2786 2744 2855 τῇ
2796 2782 3116 2856 παραλόγως
3154 2782 3332 2836 αὐτῶν
3380 2780 3613 2854 πράξει·

2035 2874 2342 2946 παράλογον
2377 2873 2574 2947 πρᾶξιν
2620 2874 2681 2928 οὐ
2710 2874 2772 2928 τὸ
2808 2874 3173 2947 αὐτομολῆσαι
3210 2875 3367 2946 μόνον
3410 2873 3615 2939 καλῶν,

2034 2968 2171 3023 ἀλλὰ
2208 2968 2405 3040 μᾶλλον
2437 2969 2498 3022 τὸ
2531 2970 2847 3023 καταλιπεῖν
2877 2968 2938 3022 τὸ
2978 2969 3225 3041 ποίμνιον
3251 2967 3345 3022 τοῦ
3380 2968 3612 3040 Κυρίου,

2034 3062 2129 3115 καὶ
2156 3061 2236 3132 μὴ·
2275 3061 2616 3133 παραμένειν
2653 3060 2798 3133 αὐτῷ
2834 3063 2926 3115 καὶ
2977 3062 3249 3134 στηρίζειν
3292 3062 3418 3125 τοὺς
3460 3059 3616 3115 ἀδελ-

2032 3154 2165 3224 φοὺς
2206 3154 2592 3226 κλονουμένους
2620 3156 2677 3208 ἐν
2703 3153 2783 3225 τῷ
2814 3154 2993 3227 καιρῷ
3024 3153 3117 3209 τοῦ
3155 3153 3415 3225 διωγμοῦ.
3458 3155 3525 3207 Et
3555 3153 3619 3209 δὲ

2032 3247 2380 3303 πεπτώκασιν
2410 3250 2475 3301 ἐκ
2509 3247 2843 3320 περπερείας
2866 3287 2880 3311 ,
2918 3247 3249 3320 περπερείαν
3289 3246 3335 3300 δ’
3376 3245 3615 3300 ἐνταῦθα

2026 3342 2125 3414 τὴν
2171 3341 2346 3413 οἴησιν
2397 3342 2491 3395 καὶ
2543 3339 2640 3412 τὴν
2687 3338 3000 3405 ἀλαζονείαν
3044 3338 3231 3393 καλεῖ’
3264 3338 3344 3392 ὅτι
3385 3336 3445 3405 ἐξ
3479 3338 3612 3392 ἁλα-

2027 3433 2236 3498 ζονείας
2269 3433 2579 3506 ἐθάρρησαν
2606 3434 2835 3496 ἑαυτοῖς,
2868 3433 2962 3485 καὶ
2991 3431 3082 3484 τὸν
3116 3430 3298 3501 ἀγῶνα
3330 3430 3610 3485 ὑπέλυσαν

2027 3526 2119 3579 καὶ
2150 3527 2376 3590 ἑαυτοὺς
2399 3526 2780 3598 ἐμωμήσαντο,
2823 3524 2941 3577 ἀντὶ
2980 3522 3097 3587 τοῦ,
3139 3522 3227 3577 διὰ
3258 3522 3358 3593 τὴν
3398 3521 3610 3576 πτῶσιν

2029 3618 2219 3691 μῶμον
2246 3620 2553 3692 ἐπήνεγκαν
2582 3619 2824 3682 ἑαυτοῖς,
2858 3615 3039 3671 οὐκέτι
3078 3616 3332 3670 δύνανται
3362 3616 3606 3687 λειτουρ-

2023 3715 2159 3782 γεῖν.
2195 3712 2286 3766 Διὸ
2327 3709 2779 3784 φροντιζέτωσαν,
2815 3709 2982 3780 λέγει,
3028 3708 3225 3780 μᾶλλον
3259 3709 3317 3761 ἐν
3348 3724 3604 3761 ταπεινο-

2024 3803 2300 3877 φροσύνῃ,
2353 3805 2471 3870 πῶς
2511 3804 2851 3859 ἐκτελέσουσι
2899 3802 2998 3873 τὴν
3030 3799 3348 3872 ὁμολογίαν,
3399 3799 3603 3871 δηλαδὴ

2022 3895 2356 3967 παυσάμενοι
2410 3894 2509 3967 τῆς
2576 3891 2899 3958 κενοδοξίας.
2957 3891 3031 3944 Τὸ
3099 3889 3205 3963 γὰρ
3255 3888 3602 3960 λειτουργίαν

2021 3987 2224 4061 ζητεῖν,
2275 3986 2367 4040 διὰ
2405 3985 2740 4053 κενοδοξίαν,
2796 3985 2961 4056 φησὶ,
2996 3982 3221 4053 γίνεται.
3259 3983 3445 4053 Ἀρκεῖ
3489 3981 3600 4055 γὰρ

2019 4078 2203 4143 αὐτοῖς
2241 4079 2273 4149 ή
2317 4076 2571 4131 κοινωνία
2596 4116 2611 4139 ,
2661 4077 2827 4144 ἤγουν
2873 4075 2936 4128 τὸ
2990 4075 3369 4143 συγκοινωνεῖν
3414 4073 3598 4134 αὐτοῖς

2018 4169 2144 4233 τοὺς
2176 4171 2434 4233 πιστοὺς,
2474 4169 2593 4240 ἦτοι
2640 4166 3027 4238 συνεύχεσθαι,
3073 4166 3105 4238 ἢ
3143 4166 3233 4219 καὶ
3274 4164 3382 4218 τῶν
3435 4163 3601 4218 θείων

2021 4261 2342 4334 μυστηρίων
2388 4259 2705 4332 μετάληψις.
2754 4259 2866 4312 Καὶ
2913 4256 3086 4311 ταῦτα
3119 4255 3233 4327 μετ’
3274 4255 3596 4318 ἐπιστασίας

2019 4354 2113 4407 καὶ
2133 4352 2415 4425 ἀκριϐείας
2436 4352 2719 4425 γενόμενα,
2742 4351 2836 4405 καὶ
2858 4350 2945 4403 ἵνα
2972 4349 3045 4421 μὴ
3070 4348 3258 4415 δόξωσι
3280 4347 3593 4408 λυπεῖσθαι,

333 4456 520 4515 studio
545 4451 859 4511 ambitionis
891 4448 1279 4520 proficiscitur.
1307 4441 1915 4513 Sufﬁcitnamqueipsis

2034 4445 2160 4499 ιετὰ
2186 4446 2307 4517 βίας
2338 4445 2820 4518 περιδρασσόμενοι
2847 4444 2946 4513 τῆς
2988 4440 3232 4495 ἐντεῦθεν
3260 4440 3592 4502 ἀναλύσεως,

333 4547 672 4615 communio,
695 4552 754 4600 ut
786 4559 909 4599 cum
932 4540 1070 4612 ipsis
1092 4540 1356 4596 nimirum
1385 4539 1572 4595 fideles
1605 4540 1914 4592 communi-

332 4648 480 4709 cent,
509 4656 576 4697 ac
602 4654 711 4696 una
738 4643 1030 4709 precentur
1047 4674 1064 4701 ,
1113 4634 1499 4691 velsacrorum
1525 4624 1908 4698 mysteriorum

334 4735 633 4808 perceptio.
664 4735 846 4802 Atque
876 4729 992 4784 haec
1018 4726 1239 4799 quidem
1292 4733 1446 4783 certo
1475 4726 1711 4782 consilio
1740 4725 1907 4781 sedu-

334 4829 495 4900 laque
525 4823 1003 4882 administratione
1032 4820 1201 4886 fiunt,
1235 4826 1350 4873 tum
1378 4835 1448 4875 ne
1475 4818 1762 4874 videantur
1790 4832 1909 4871 uio--

335 4921 490 4977 lestia
544 4917 713 4976 allici.
753 4915 880 4969 hinc
924 4912 1343 4969 dissolutionem
1381 4912 1506 4966 vita:
1540 4911 1907 4981 arripientes,

2017 4539 2111 4593 καὶ
2152 4538 2239 4591 ἵνα
2266 4537 2340 4610 μὴ
2374 4537 2732 4608 λυπούμενοι,
2779 4535 2941 4607 φησιν
2963 4575 2978 4600 ,
3009 4532 3313 4587 ἀπέλθωσιν
3343 4529 3595 4583 ἐντεῦθεν

2017 4632 2358 4698 ἀναλύοντες,
2387 4631 2605 4686 ἀπὸτοῦ
2640 4630 2889 4702 σώματος
2933 4626 3172 4699 δηλονότι
3220 4623 3591 4695 ἐξερχόμενοι,

2019 4725 2157 4796 μετὰ
2205 4726 2325 4796 βῖας
2356 4705 2481 4798 τῆξ
2503 4726 2568 4779 ἐκ
2607 4723 2712 4778 τῶν
2759 4723 3031 4777 κολάσεων
3082 4722 3176 4775 καὶ
3212 4719 3311 4787 τῆς
3360 4720 3418 4771 ὲν
3471 4719 3594 4779 ταῖς

2014 4821 2257 4891 εἱρκταῖς
2305 4818 2703 4883 κακοπαθείαςο
2750 4819 2844 4872 καὶ
2886 4818 2972 4870 ἵνα
3022 4816 3096 4887 μή
3130 4830 3270 4876 τινες
3317 4808 3593 4882 πρόφασιν

2015 4911 2183 4983 σχῶσι
2208 4912 2301 4965 τοῦ
2330 4910 2616 4982 ἐκλυθῆναι
2649 4910 2743 4965 καὶ
2768 4907 3108 4982 χαυνωθῆναι
3134 4905 3266 4978 πρὸς
3285 4903 3375 4956 τὸν
3402 4900 3592 4970 ἀγῶνα

332 5025 403 5065 ne
429 5009 639 5064 scilicet
670 5004 944 5067 molestia,
973 5002 1171 5072 inquit,
1224 5000 1402 5055 affecti
1422 5041 1438 5066 ,
1472 4999 1740 5056 decedant
1792 4998 1908 5055 sol-

2034 5004 2112 5073 τῆς
2134 5002 2451 5075 ὁμολογίας,
2494 5005 2585 5056 καὶ
2630 5000 2719 5055 διὰ
2754 4999 2912 5053 τοῦτο
2942 4999 3228 5058 ἐκπεσεῖν,
3266 4993 3365 5064 τὴν
3418 4991 3590 5045 ἐπιτίσ

333 5111 543 5167 tentes,
574 5116 602 5156 a
626 5113 857 5171 corpore
875 5094 1128 5151 videlicet
1160 5093 1541 5158 abscedentes.
1578 5093 1649 5148 ob
1673 5093 1781 5148 vim
1798 5102 1911 5147 tor-

2015 5113 2198 5168 μησιν.
2237 5096 2447 5158 Οῖτινες
2498 5093 2696 5164 μᾶλλον
2740 5092 3206 5163 αίσχυνθήσονται,
3251 5084 3390 5140 κατὰ
3437 5084 3499 5137 τὸ
3530 5084 3589 5136 ἐν

332 5207 664 5258 mentorum,
720 5191 1242 5259 amictationumque
1277 5202 1415 5257 quas
1463 5187 1519 5241 in
1568 5200 1788 5241 carcere
1812 5199 1909 5255 pa-

2034 5187 2365 5258 Ξύαγγελίοις
2395 5187 2711 5259 εἰρημένον·
2748 5188 2859 5253 Ὃς
2878 5183 3151 5255 θεμέλιον
3182 5182 3293 5235 οὐκ
3323 5179 3592 5248 ἴσχυσεν

331 5286 571 5351 tiuntur;
623 5298 688 5337 ac
713 5298 782 5337 ne
806 5282 899 5352 qui
930 5280 1341 5336 excusationem
1366 5276 1659 5348 praeferant
1690 5275 1908 5330 mulctae

2034 5298 2076 5331 τκ
2084 5279 2342 5334 τελέσαι.
2920 5263 2944 5286 “
3150 5282 3155 5287 ’

324 5384 517 5454 hujus,
547 5381 618 5435 ob
639 5395 803 5450 quam
833 5380 889 5434 in
917 5376 1289 5434 confessionis
1322 5374 1627 5430 certamine
1665 5373 1971 5429 dissolutos
1995 5390 2058 5431 ac
2100 5377 2327 5447 ignavos
2378 5393 2438 5434 se
2494 5384 2804 5449 gesserunt,
2853 5384 3018 5446 atque
3067 5373 3190 5430 ideo
3244 5368 3587 5428 ceciderunt.

322 5475 428 5542 Qui
486 5472 669 5542 potius
717 5472 920 5527 rubore
957 5469 1359 5535 suffundentur,
1405 5466 1561 5539 juxta
1594 5466 1726 5525 illud
1761 5465 1905 5537 quod
1942 5467 1996 5526 in
2027 5468 2321 5544 Evangelio
2350 5472 2552 5528 dicitur
2598 5490 2613 5528 :

322 5567 478 5640 perﬁc
487 5580 593 5619 ere.

2668 5470 2772 5539 Qui
2815 5469 3211 5542 fundamentum
3258 5480 3364 5521 non
3414 5461 3591 5536 potuit
