3862 6158
348 320 452 376 495

1329 320 1388 378 S.
1431 321 1633 376 PETRI
1670 320 2135 378 ALEXANDRINI
2171 320 2481 382 EPlSCOPI

3487 322 3593 379 ιοδ

346 441 474 498 dote
521 447 574 498 et
605 438 831 521 Rastore
880 451 1098 499 creatus
1146 448 1252 497 est.
1295 440 1398 506 Qui
1447 456 1577 496 vero
1625 441 1730 510 ipsi
1776 455 1904 511 pra:-

2015 440 2196 512 σύνην,
2223 438 2394 512 οἶμαι,
2428 440 2523 496 καὶ
2554 442 2778 504 ἑαυτοὺς
2806 439 3054 494 κάκεῖνον
3079 439 3406 505 ὑπευθῦνους
3441 444 3598 513 ποιή-

346 532 514 586 mium
559 531 784 602 insuper
821 545 885 586 ac
920 531 1206 586 detrectati
1242 531 1484 586 muneris
1528 530 1904 596 honorarium,

2018 549 2167 586 σουσι
2201 532 2278 604 τῷ
2306 533 2532 604 κρίματι
2556 532 2650 586 τοῦ
2678 530 2834 585 Θεοῦ.

345 625 636 682 sacerdotii
687 627 1008 698 dignitatem
1056 626 1386 687 decernunt:
1441 635 1495 681 et
1545 625 1699 682 illum
1754 637 1808 684 et
1851 643 1909 683 se
1940 630 2110 699 ipsos,
2165 645 2284 685 mea
2339 630 2557 700 quidem
2595 629 2886 693 sententia,
2929 627 3023 685 Dei
3070 628 3277 700 judicio
3324 626 3597 684 obnoxios

346 714 706 774 constituent.

948 807 1184 863 CANON
1222 807 1315 864 XI.

421 922 439 954 ‹
483 901 586 969 Qui
611 901 754 958 enim
785 902 1022 971 primum
1047 901 1102 955 in
1125 900 1523 972 persecutionis
1551 899 1765 958 fervore
1785 917 1914 973 pro-

349 1013 368 1046 s
417 995 669 1050 silierunt
690 993 957 1063 judicium
984 993 1432 1057 circumstantes,
1451 999 1506 1048 et
1530 1001 1750 1050 sanctos
1768 1009 1913 1048 mar-

347 1107 367 1140 ‹
416 1096 564 1158 tyres
599 1087 692 1157 qui
727 1086 796 1140 ad
829 1085 1070 1140 brabium
1111 1102 1352 1156 superna:
1385 1087 1673 1142 vocationis
1700 1099 1724 1128 ο
1759 1086 1915 1143 festi-

347 1199 366 1229 ‹
416 1179 641 1240 nabant,
700 1178 1049 1249 aspicientes,
1107 1179 1336 1235 honesta
1383 1180 1725 1236 aemulatione
1775 1181 1913 1234 inei-

348 1289 366 1323 ι
412 1271 531 1337 tati,
565 1287 623 1328 se
650 1272 800 1342 ipsos
827 1273 893 1327 ad
923 1272 1027 1326 hoc
1057 1270 1419 1334 tradiderunt,
1444 1286 1640 1343 magna
1665 1272 1912 1328 libertate

346 1381 368 1414 ι
417 1370 655 1426 utentes,
701 1362 938 1417 maxime
965 1361 1212 1416 videntes
1251 1377 1345 1418 eos
1379 1362 1473 1431 qui
1517 1361 1914 1417 subtraheban-

345 1471 364 1505 ι
409 1462 520 1518 tur,
554 1452 684 1518 labi,
725 1459 950 1522 propter
979 1465 1120 1521 quos
1153 1451 1390 1505 interius
1421 1451 1662 1515 excitati,
1693 1456 1748 1505 et
1777 1464 1913 1519 quo-

343 1564 362 1596 ι
407 1545 532 1601 dam
558 1543 728 1598 veluti
769 1558 906 1602 sono
935 1543 1158 1612 impulsi
1197 1542 1265 1596 ad
1290 1541 1670 1598 debellandum
1703 1557 1761 1597 se
1783 1540 1914 1599 eiic-

2175 835 2177 837 ί
2621 807 2859 860 ΚΑΝΩΝ
2887 807 2991 860 IA'.

2095 924 2112 955 ι
2153 905 2214 958 Ui
2244 906 2352 977 γὰρ
2396 903 2600 975 πρῶτοι
2635 901 2710 972 (8)
2740 899 3226 971 παραπηδήσαντες
3252 901 3308 953 ὲν
3344 900 3423 971 τῷ
3463 901 3596 973 βράι

2024 1017 2042 1048 ι
2085 1015 2247 1068 σματι
2291 996 2382 1051 τοῦ
2431 995 2688 1066 διωγμοῦ,
2721 993 3078 1064 περιεστῶτες
3107 995 3188 1057 εἰς
3231 994 3291 1048 τὸ
3335 993 3596 1067 δικαστή-

2022 1110 2039 1140 ‹
2091 1107 2220 1160 ριον,
2250 1091 2341 1143 καὶ
2371 1087 2698 1161 θεωροῦντες
2735 1087 2859 1152 τοὺς
2902 1085 3088 1154 ἁγίους
3120 1087 3400 1157 μάρτυρας
3429 1087 3600 1142 σπεύ-

2021 1203 2038 1234 ‹
2079 1183 2264 1246 δοντας
2316 1181 2413 1236 ἐπὶ
2465 1180 2530 1235 τὸ
2566 1179 2849 1249 βραϐεῖον
2886 1174 2996 1248 τῆς
3037 1178 3159 1232 ἅνω
3203 1178 3498 1247 κλήσεως,
3535 1182 3598 1234 ὲν

2022 1293 2039 1324 ι
2082 1273 2229 1346 καλῷ
2279 1272 2357 1344 τῷ
2393 1272 2539 1344 ζήλῳ
2581 1271 3015 1344 προθυμούμενοι
3047 1269 3321 1324 ἐπεδίδουν
3367 1271 3596 1336 ἑαυτοὺς

2020 1384 2038 1414 s
2079 1365 2158 1429 εἰς
2194 1362 2368 1428 τοῦτο,
2409 1362 2574 1432 πολλῇ
2609 1364 2672 1433 τῇ
2713 1360 2992 1433 παρρησίᾳ
3037 1360 3327 1432 χρώμενοι,
3370 1361 3597 1432 βλέπον.

2022 1475 2040 1508 s
2081 1473 2168 1519 τες
2198 1455 2242 1487 ⁸ο
2277 1455 2506 1527 μάλιστα
2535 1454 2658 1517 τοὺς
2701 1452 3132 1525 ὑποσυρομένους
3165 1454 3257 1507 καὶ
3298 1454 3594 1508 ἐκπίπτον-

2024 1568 2039 1597 ι
2082 1565 2197 1612 τας,
2228 1547 2292 1600 δι’
2323 1545 2416 1611 οὓς
2445 1545 2960 1616 ὑποθερμαινόμενοι
3004 1543 3202 1598 ἔσωθεν
3235 1545 3328 1599 καὶ
3365 1545 3595 1618 ἐνηχοῦ-

343 1655 362 1685 ι
410 1641 622 1690 rentem
655 1641 709 1688 et
743 1631 1138 1701 adversarium,
1181 1631 1250 1686 ad
1280 1632 1335 1686 id
1381 1633 1804 1700 contendebant,
1840 1649 1904 1689 ne

2018 1660 2033 1690 ι
2079 1655 2226 1710 μενοι
2257 1635 2706 1706 καταπολεμῆσαι
2735 1636 2824 1689 τὸν
2861 1634 3286 1705 ὑπεραιρόμενον
3319 1632 3412 1688 καὶ
3441 1635 3594 1688 ἀντι-

343 1746 359 1777 ι
410 1725 550 1795 apud
581 1739 636 1780 se
683 1723 910 1794 prudens
940 1740 1051 1779 esse
1076 1725 1102 1764 ι’
1133 1724 1432 1790 videretur,
1480 1726 1552 1780 ob
1593 1740 1659 1779 ea
1692 1725 1748 1779 in
1788 1725 1910 1794 qui-

342 1839 360 1870 q
405 1819 509 1873 bus
565 1817 685 1888 ejus
735 1815 1032 1871 calliditate
1093 1814 1384 1874 inferiores
1431 1831 1555 1873 esse
1602 1816 1706 1872 visi
1759 1825 1907 1879 sunt,

342 1931 359 1962 ι
409 1909 623 1965 etiamsi
668 1924 728 1964 se
780 1908 958 1978 ipsum
1001 1908 1150 1963 vinci
1198 1909 1266 1964 ab
1298 1909 1387 1973 iis,
1423 1908 1518 1979 qui
1570 1909 1908 1965 scuticarum

343 2022 361 2051 ι
406 2001 850 2071 ilagellorumque
902 2006 1212 2064 tormenta,
1270 2006 1324 2054 et
1370 1999 1536 2071 gladii
1593 1999 1801 2064 aciem,
1856 2006 1910 2054 et

341 2116 359 2147 ς
409 2096 550 2168 ignis
605 2093 1021 2157 ustulationem,
1086 2103 1139 2148 et
1193 2108 1460 2163 aquarum
1527 2093 1908 2150 immersiones

342 2208 358 2236 s
407 2193 727 2242 constanter
759 2185 1024 2250 tulerunt,
1058 2198 1182 2238 eum
1214 2183 1372 2240 latuit
1405 2203 1418 2238 :
1453 2184 1522 2240 iis
1551 2200 1770 2255 quoque
1789 2185 1905 2255 qui,

339 2300 356 2331 ι
407 2288 465 2333 ιιι
494 2295 561 2334 ex
592 2277 697 2332 ﬁde
732 2291 923 2347 preces
973 2285 1027 2330 et
1057 2276 1336 2332 orationes
1378 2276 1530 2342 (iant,
1567 2293 1909 2348 persequuno

341 2393 356 2424 ι
409 2381 518 2439 tur,
545 2370 628 2424 vel
659 2383 756 2440 pro
783 2368 852 2422 iis
882 2367 975 2438 qui
1008 2369 1064 2422 in
1107 2369 1355 2426 custodia
1387 2369 1565 2440 puniti
1613 2375 1761 2438 sunt,
1796 2378 1849 2425 et
1875 2383 1907 2422 a

345 2487 362 2516 ι
414 2465 554 2519 fame
586 2471 641 2518 et
689 2462 780 2518 siti
826 2461 1014 2515 traditi
1071 2469 1220 2526 sunt,
1262 2461 1346 2517 vel
1376 2477 1475 2532 pro
1501 2462 1570 2518 iis
1608 2463 1703 2533 qui
1751 2470 1906 2518 extra

342 2579 355 2606 ι
402 2555 710 2611 custodiam
765 2552 991 2609 scuticis
1039 2561 1094 2608 et
1144 2554 1370 2625 tlagcllis
1420 2555 1474 2608 in
1521 2554 1731 2623 judicio
1773 2555 1904 2610 torti

340 2669 356 2697 ι
407 2655 557 2714 sunt,
586 2653 776 2717 postea
824 2651 1003 2698 autem
1050 2660 1080 2698 a
1114 2647 1296 2702 carnis
1351 2647 1724 2702 imbecillitate
1774 2647 1904 2701 victi

341 2762 357 2792 ι
400 2742 571 2808 fuere,
599 2757 814 2812 aequum
839 2749 924 2798 est
958 2755 1222 2795 annuere.
1255 2738 1392 2794 Cum
1423 2740 1490 2795 iis
1519 2741 1664 2794 enim
1700 2739 1792 2810 qui
1818 2740 1903 2794 lu-

340 2853 358 2885 ‹
404 2843 531 2905 gent
578 2841 632 2890 et
664 2843 918 2900 moerent,
952 2847 1053 2906 pro
1083 2833 1152 2887 iis
1205 2831 1299 2902 qui
1344 2832 1400 2886 in
1449 2832 1746 2887 certamine
1773 2832 1903 2888 victi

337 2942 358 2975 ι
407 2933 536 2980 sunt
567 2939 599 2978 a
641 2927 854 2996 magnis
893 2923 1116 2995 maligni
1156 2921 1362 2976 diaboli
1399 2921 1628 2986 viribus,
1663 2922 1779 2978 sive
1805 2937 1903 2992 pro

2018 1749 2035 1781 ι
2077 1731 2326 1800 κείμενον
2362 1729 2428 1792 δι,
2470 1727 2728 1781 ἔσπευδον
2774 1728 2852 1790 είς
2903 1724 3090 1788 τοῦτο,
3146 1725 3234 1779 ἵνα
3289 1723 3364 1795 μὴ
3412 1725 3506 1778 καὶ
3541 1724 3591 1758 ⁸⁸

2016 1841 2034 1872 ι
2073 1823 2200 1893 δοκῇ
2251 1823 2385 1889 παρ’
2433 1819 2622 1885 ἑαυτῴ
2667 1821 2950 1889 φρόνιμος
2990 1813 3141 1871 εἶναι
3193 1816 3276 1887 ἐφ’
3325 1811 3405 1880 οἷς
3449 1815 3592 1871 κατὰ

2017 1934 2034 1965 ι
2074 1914 2408 1986 πανουργίαν
2441 1912 2616 1980 ἔδοξεν
2645 1913 2830 1983 ήττᾷν,
2866 1912 2913 1964 εἰ
2962 1911 3055 1964 καὶ
3085 1908 3371 1962 ἐλάνθανεν
3398 1908 3592 1963 ἑαυτὸν

2016 2024 2033 2056 ι
2073 2005 2366 2076 νικώμενον
2393 2004 2613 2058 ὑπὺτῶν
2636 2000 3107 2075 ἐγκαρτερούντων
3138 2000 3235 2062 τὰς
3259 2001 3366 2053 τῶν
3398 1999 3604 2070 ξυστήσ

2014 2120 2031 2150 ι
2075 2116 2183 2172 ρων
2210 2101 2303 2153 καὶ
2335 2099 2611 2170 μαστίγων
2657 2096 2936 2168 βασάνους,
2964 2097 3063 2166 τήν
3104 2110 3163 2148 τε
3209 2092 3442 2165 ὀξύτητα
3489 2091 3593 2163 τῆς

2013 2207 2031 2240 ι
2078 2187 2370 2258 μαχαίρας,
2405 2186 2498 2239 καὶ
2533 2185 2628 2248 τὰς
2652 2180 3006 2252 καταφλέξεις
3035 2181 3126 2235 τοῦ
3149 2181 3337 2253 πυρὸς,
3371 2181 3466 2234 καὶ¹
3493 2180 3592 2244 τὰς

2013 2297 2032 2330 ι
2073 2279 2178 2332 τῶν
2209 2279 2413 2332 ὑδάτων
2443 2275 2879 2339 καταποντώσεις
2901 2290 2915 2304 ·
2961 2273 3053 2328 καί
3081 2274 3192 2338 τοῖς
3234 2271 3375 2326 κατά
3407 2273 3592 2327 πίστιν

2013 2390 2029 2422 ι
2071 2371 2476 2439 ὑπεξουσιοῦσιν
2506 2370 2668 2441 εὐχὰς
2696 2370 2742 2402 ⁸³
2771 2371 2864 2423 καὶ
2889 2371 3100 2442 δεήσεις
3123 2369 3368 2437 γίνεσθαι
3395 2369 3441 2402 ⁸⁸
3469 2371 3588 2441 ἦτοι

2013 2483 2030 2514 ι
2073 2465 2212 2536 ὑπὲρ
2237 2463 2346 2517 τῶν
2385 2466 2441 2517 ὲν
2479 2462 2692 2534 φυλακῇ
2733 2461 3290 2534 κατατιμωρηθέντων
3327 2463 3420 2516 καὶ
3453 2477 3590 2533 προ-

2011 2572 2029 2605 ι
2071 2554 2368 2625 δεδομένων
2386 2553 2454 2584 ⁸⁸⁴⁵
2483 2553 2587 2606 ὑπὸ
2619 2552 2774 2624 λιμοῦ
2799 2556 2891 2608 καὶ
2908 2555 3063 2626 δίψης
3084 2554 3151 2617 ⁸⁵,
3177 2555 3294 2624 ἤτοι
3317 2552 3457 2622 ὑπὲρ
3472 2550 3584 2604 τῶν

2013 2663 2030 2693 ι
2073 2641 2267 2708 ἔξωθεν
2294 2644 2394 2714 τῆς
2421 2643 2664 2715 φυλακῆς
2697 2645 2788 2697 ἐπὶ
2825 2644 2917 2697 τοῦ
2957 2642 3304 2715 δικαστηρίου
3338 2641 3588 2696 καταδα-

2013 2752 2031 2784 ι
2073 2735 2430 2788 σανισθέντων
2459 2734 2548 2788 διὰ
2575 2734 2851 2808 ξυστήρων
2885 2736 2977 2790 καὶ
3017 2736 3313 2807 μαστίγων,
3358 2733 3589 2806 ὕστερον

2012 2844 2028 2877 ι
2073 2827 2128 2880 δὲ
2179 2826 2520 2898 ἡττηθέντων
2574 2828 2678 2881 ὑπὸ
2725 2828 2823 2899 τῆς
2876 2828 3159 2892 ἀσθενείας
3207 2826 3305 2899 τῆς
3357 2824 3586 2900 σαρκὸς,

2013 2937 2030 2968 ι
2068 2918 2215 2982 ἄξιόν
2261 2919 2407 2972 ἐστιν
2452 2919 2749 2973 ἐπινεῦσαι.
2796 2920 3140 2990 Συμπάσχειν
3177 2918 3280 2990 γὰρ
3318 2919 3413 2972 καὶ
3458 2934 3588 2972 συν-

328 3033 357 3075 is
405 2984 763 3084 parentibus:
797 3013 882 3069 vel
935 2984 1222 3076 fratribus,
1274 3011 1361 3066 vel
1396 2984 1758 3075 liberis,_una
1805 2984 1904 3066 do-

2016 3029 2032 3060 ι
2076 3009 2258 3079 αλγεῖν
2282 3013 2391 3074 τοῖς
2423 3006 2762 3081 ὀδυρομένοις
2794 3010 2886 3064 καὶ
2929 3009 3270 3074 στενάζουσιν
3305 3008 3446 3080 ὑπὲρ
3477 3008 3588 3062 τῶν

337 3124 356 3158 s
405 3107 538 3172 lere,
574 3112 630 3162 et
667 3105 892 3162 tristitia
939 3104 1079 3159 allici
1113 3105 1380 3159 neminem
1413 3101 1711 3173 quidquam
1743 3101 1900 3172 peni-

336 3219 354 3249 ι
405 3208 493 3256 tus
539 3199 703 3254 laedit.
757 3197 976 3254 Scimus
1024 3198 1170 3254 enim
1197 3197 1361 3252 etiam
1411 3205 1632 3267 propter
1671 3196 1900 3250 aliorum

337 3313 354 3342 ι
403 3291 584 3367 ﬁdem,
607 3291 877 3362 quosdam
909 3305 1031 3346 esse
1063 3288 1158 3344 Dei
1181 3288 1480 3343 bonitatem
1508 3296 1811 3352 assecutos,
1848 3297 1902 3342 et

335 3404 353 3432 ι
403 3384 454 3438 in
486 3390 842 3454 peccatorum
875 3380 1236 3454 remissione,
1267 3386 1321 3434 et
1353 3379 1601 3449 corporis
1641 3379 1897 3444 sanitate,

335 3495 354 3526 ι
398 3485 450 3529 et
505 3483 848 3530 mortuorum
903 3469 1330 3528 resurrectione.
1387 3468 1653 3526 lilemores
1712 3470 1899 3539 itaque

336 3589 352 3618 ι
400 3568 696 3622 multorum
753 3566 1002 3622 laborum
1057 3573 1111 3621 et
1167 3564 1551 3630 miseriarum,
1603 3575 1740 3632 quas
1799 3575 1899 3631 pro

336 3679 353 3709 ι
402 3657 607 3712 Christi
670 3657 890 3712 nomine
942 3655 1340 3718 sustinuerunt,
1396 3667 1522 3706 cum
1573 3650 1677 3720 ipsi
1733 3650 1899 3706 etiam

336 3771 354 3801 ι
399 3748 775 3819 paenitentiam
807 3745 1037 3818 egerint,
1075 3755 1128 3800 et
1157 3744 1302 3814 quod
1331 3758 1363 3797 a
1389 3758 1450 3799 se
1473 3743 1676 3797 factum
1693 3749 1777 3796 est
1800 3756 1896 3811 per

335 3859 357 3891 ι
401 3839 759 3908 proditionem
778 3837 834 3891 in
851 3837 1097 3906 corporis
1119 3835 1381 3906 languore
1399 3841 1454 3888 et
1479 3831 1897 3888 mortificatione

341 3950 359 3980 ς
411 3928 750 3992 deﬂeverint,
779 3936 834 3985 et
863 3943 923 3984 se
954 3935 1215 3997 praeterea
1249 3933 1538 3991 testentur,
1571 3926 1626 3980 in
1654 3926 1763 3981 vita
1796 3941 1896 3981 sua

336 4041 355 4073 ι
402 4021 572 4078 fuisse
595 4035 626 4074 a
648 4021 868 4076 civitate
887 4020 1118 4086 alienos,
1152 4020 1316 4075 simul
1350 4032 1594 4081 oremus,
1626 4024 1681 4071 et
1704 4025 1897 4087 postu-

334 4133 353 4164 ι
403 4116 576 4169 lemus
622 4127 721 4182 pro
758 4127 949 4167 eorum
988 4110 1435 4167 reconciliatione
1470 4125 1592 4164 cum
1625 4109 1747 4164 aliis
1777 4123 1897 4178 quae

334 4223 352 4256 ι
402 4205 558 4260 decet
581 4219 677 4274 per
711 4219 837 4260 eum
867 4203 962 4275 qui
992 4210 1077 4259 est
1106 4202 1266 4258 nobis
1295 4202 1582 4256 advocatus
1625 4199 1764 4266 apud
1787 4199 1895 4254 Pa-

332 4313 352 4346 ‹
401 4305 552 4362 trem,
587 4311 647 4351 se
686 4295 892 4351 nostris
930 4297 1170 4367 peccatis
1197 4294 1492 4364 propitium
1525 4292 1892 4348 exhibentem.

331 4407 352 4440 ί
401 4387 473 4442 Et
497 4389 704 4460 siquis,
736 4389 934 4461 inquit,
965 4390 1274 4459 peccaverit,
1306 4387 1554 4441 habemus
1581 4385 1895 4440 advocatum

333 4499 354 4534 s
395 4481 535 4550 apud
569 4480 785 4536 Patrem
815 4480 1001 4536 Iesum
1045 4480 1317 4536 Christum
1357 4478 1568 4547 justum
1602 4487 1687 4532 :et
1735 4479 1780 4533 is
1818 4487 1895 4534 est

331 4591 350 4624 ι
395 4574 698 4642 propitiatio
727 4589 821 4643 pro
843 4573 1069 4638 peccatis
1093 4573 1288 4627 nostris
1312 4581 1359 4626 ο.
1413 4591 1432 4624 i

2015 3127 2032 3158 ι
2073 3110 2129 3161 ὲν
2180 3108 2351 3178 ἀγῶνι
2391 3093 2729 3179 ἡττηθέντων
2781 3107 2884 3162 ὑπὸ
2925 3107 3024 3177 τῆς
3077 3105 3276 3176 πολλῆς
3323 3104 3445 3175 βίας
3488 3101 3587 3158 τοῦ

2015 3220 2031 3250 ι
2074 3200 2453 3272 κακομηχάνου
2501 3200 2769 3264 διαϐόλου,
2799 3183 2916 3270 ἦτοι
2965 3198 3111 3270 ὑπὲρ
3135 3197 3333 3265 γονέων
3365 3197 3398 3269 ἢ
3429 3194 3588 3249 ἀδελ-

2013 3312 2030 3343 (
2074 3292 2186 3360 φῶν
2225 3291 2258 3363 ἢ
2301 3293 2522 3356 τέκνων,
2552 3289 2740 3345 οὐδένα
2785 3289 2934 3342 οὐδὲν
2982 3287 3369 3344 καταδλάπτει.
3399 3287 3585 3358 Ἰσμεν

2013 3404 2030 3432 ι
2071 3385 2178 3454 γάρ
2209 3383 2302 3437 καὶ
2333 3383 2400 3436 δι’
2434 3381 2632 3451 ἑτέρων
2665 3381 2844 3434 πίστιν
2872 3379 3280 3443 ἀπολαύσαντας
3308 3395 3458 3443 τινας
3481 3379 3585 3451 τῆς

2013 3495 2029 3525 ι
2072 3474 2164 3527 τοῦ
2194 3473 2329 3527 Θεοῦ
2361 3473 2710 3542 ἀγαοότητος,
2746 3471 2837 3525 ὲπί
2868 3489 2927 3524 τε
2958 3471 3148 3542 ἀφέσει
3177 3470 3460 3542 ἁμαρτιῶν
3488 3472 3583 3525 καὶ

2012 3583 2028 3615 ι
2070 3564 2224 3636 ὑγεία
2253 3562 2520 3634 σώματος,
2549 3564 2642 3616 καὶ
2668 3562 2956 3616 ἀναστάσει
2980 3560 3204 3632 νεκρῶν.
3227 3559 3584 3631 Μεμνημένοι

2012 3677 2030 3710 ι
2069 3658 2245 3712 τοίνυν
2288 3657 2394 3710 τῶν
2428 3656 2636 3710 πολλῶν
2683 3655 2860 3710 αὐτῶν
2905 3653 3192 3724 καμάτων,
3223 3645 3298 3706 ὧν
3328 3651 3583 3723 προῡπή-

2011 3770 2027 3800 s
2071 3767 2270 3820 νεγκαν
2307 3753 2364 3804 ὲν
2396 3749 2617 3820 ὀνόματι
2644 3746 2734 3801 τοῦ
2772 3745 3025 3818 Χριστοῦ,
3058 3745 3151 3797 καὶ
3183 3743 3288 3798 τῶν
3320 3741 3581 3796 τανταλι-

2009 3861 2026 3891 s
2072 3840 2223 3912 σμῶν
2256 3841 2322 3906 ⁸⁸,
2347 3840 2407 3894 οὐ
2440 3841 2545 3912 μὴν
2577 3838 2710 3892 ἀλλὰ
2743 3839 2835 3891 καὶ
2871 3837 3237 3908 μεταγνόντων
3271 3833 3450 3889 αὐτῶν
3485 3834 3582 3889 καὶ

2009 3952 2027 3984 ι
2069 3932 2484 4004 ἀποδυρομένων
2516 3931 2575 3985 τὸ
2603 3930 2984 4002 πεπραγμένον
3028 3929 3207 3992 αὐτοῖς
3256 3926 3400 3980 κατὰ
3443 3942 3581 3997 προ-

2008 4045 2026 4076 (
2063 4026 2243 4080 δοσίαν
2284 4027 2341 4078 ὲν
2383 4025 2569 4096 ἀτονία
2605 4025 2699 4077 καὶ
2730 4022 3008 4094 νεκρότητι
3054 4019 3146 4074 τοῦ
3189 4018 3460 4088 σώματος,
3493 4015 3578 4071 ἔτι

2007 4136 2024 4170 ι
2069 4136 2124 4171 τε
2169 4117 2260 4171 καὶ
2308 4116 2761 4189 μαρτυρουμένων
2803 4112 3167 4170 ἀπολιτεύτων
3194 4111 3237 4143 ⁸⁷
3266 4109 3578 4180 γενομένων

2008 4224 2025 4256 s
2067 4208 2124 4258 ἐν
2156 4205 2232 4276 τῷ
2277 4205 2376 4276 βίῳ
2420 4205 2615 4270 αὐτῶν,
2663 4203 3027 4276 συνευχόμεθα
3070 4203 3163 4255 καὶ
3209 4217 3580 4272 συμπαρακα-

2008 4318 2024 4350 ι
2066 4297 2261 4369 λοῦμεν
2290 4299 2428 4369 ὑπὲρ
2456 4298 2680 4367 ἱλασμοῦ
2697 4298 2873 4351 αὐτῶν
2908 4295 3041 4368 μετά
3060 4294 3166 4349 τῶν
3203 4293 3379 4347 ἄλλων
3398 4292 3576 4362 καθη-

2007 4410 2024 4442 ι
2065 4392 2287 4455 κὸντων,
2316 4390 2504 4444 διάτοῦ
2531 4391 2821 4461 γενομένου
2851 4391 2916 4422 ⁸⁷·
2934 4388 3240 4461 ὑπὲρήμῶν
3273 4385 3580 4456 παρακλή-

2007 4502 2025 4534 ι
2066 4501 2172 4538 του
2204 4486 2347 4552 πρὸς
2374 4483 2480 4537 τὸν·
2502 4483 2733 4552 Πατέρα
2763 4483 3110 4553 ίλασκομένου
3136 4484 3252 4545 ταῖς
3279 4479 3580 4552 ἁμαρτίαις

2007 4594 2024 4627 ι
2065 4575 2240 4646 ἡμῶν,
2273 4577 2381 4630 Καὶ
2407 4575 2516 4630 ἐάν
2539 4593 2626 4640 τις
2646 4575 2774 4646 γὰρ,
2801 4577 2982 4646 φησὶν,
3005 4573 3252 4644 ἁμάρτῃ,
3274 4571 3579 4639 παράκλη-

331 4688 349 4718 s
391 4685 496 4721 τον
532 4668 750 4737 ἔχομεν
808 4667 957 4736 πρὸς
1023 4667 1132 4722 τὸν
1169 4664 1424 4734 Πατέρα,
1477 4665 1710 4734 Ἰησοῦν
1752 4669 2008 4736 Χριστὸν
2060 4671 2314 4725 δίκαιον·
2360 4673 2459 4726 καὶ
2502 4672 2682 4735 αὐτὸς
2733 4672 2984 4741 ἱλασμός
3035 4671 3204 4724 ἐστιν
3250 4665 3404 4735 ὑπὲρ
3455 4664 3579 4718 τῶν

330 4779 349 4811 s
385 4759 682 4828 ἁμαρτιῶν
710 4758 896 4829 ἡμῶν.
941 4779 959 4810 ι

399 4853 559 4908 Βιιιε.
597 4851 736 4907 Cum
784 4856 1036 4924 superius
1073 4854 1303 4910 dixisset
1335 4852 1586 4920 Sanctus,
1619 4854 1765 4924 quod
1799 4853 1891 4923 qui

327 4959 426 4998 sua
458 4955 652 5013 sponte
691 4944 1054 5016 confugerunt
1091 4955 1145 5000 et
1174 4946 1308 5016 lapsi
1336 4954 1483 5013 sunt,
1513 4944 1891 5016 paenitentiam

328 5043 509 5090 autem
540 5052 649 5090 non
680 5047 928 5106 egerunt,
965 5054 1067 5094 nec
1097 5055 1257 5093 suum
1288 5040 1500 5110 lapsum
1542 5045 1888 5100 revocarunt,

326 5131 450 5196 plus
476 5127 758 5184 dedecoris
784 5131 1062 5194 subibunt,
1111 5139 1170 5185 ut
1204 5133 1298 5202 qui
1327 5147 1435 5186 non
1480 5147 1648 5202 supra
1698 5129 1894 5184 funda-

397 5291 423 5320 ι
462 5277 683 5346 Philipp.
717 5296 799 5346 ιιι,
836 5284 922 5338 Μ.
1001 5285 1200 5342 bRom.
1238 5303 1336 5355 xu,
1365 5286 1450 5341 i6.
1522 5299 1544 5328 ε
1576 5285 1778 5339 lJoan.
1813 5301 1873 5347 ιι,
1911 5283 1960 5338 ί.

2067 4851 2260 4904 ΒΛΛΣ.
2293 4849 2472 4903 Εἰπὼν
2505 4851 2758 4921 ἀνωτέρω
2783 4848 2811 4899 ὁ
2831 4846 3036 4917 Ἀγιος,
3065 4847 3144 4899 ὅτι
3181 4847 3230 4898 οἱ
3271 4848 3578 4922 αὐτομολη-

2001 4958 2188 5004 σαντες
2235 4942 2330 4994 καὶ
2379 4941 2698 5002 ἐκπεσόντες
2731 4939 2846 5008 μὲν,
2893 4937 2966 5010 μὴ
3000 4935 3465 5008 μεταμεληθέντες
3491 4940 3573 5008 δὲ,

1999 5036 2092 5088 καὶ
2127 5036 2223 5106 τὴν
2252 5035 2519 5088 ἔκπτωσιν
2561 5032 3040 5102 ἀνακαλεσάμενοι,
3071 5031 3162 5083 ἐπὶ
3191 5029 3352 5084 πλέον
3380 5035 3576 5105 αἰσχύ-

1999 5145 2094 5198 νην
2119 5126 2348 5192 ἓξουσιν,
2370 5128 2443 5192 ὡς
2469 5127 2542 5198 μὴ
2566 5129 2658 5180 ἐπὶ
2684 5128 2759 5199 τῷ
2787 5124 3017 5196 θεμελίῳ
3037 5124 3130 5178 καὶ
3158 5123 3357 5194 ὃροφον
3383 5142 3576 5200 τεκτη-

1565 5405 1796 5462 VARUS
1835 5405 2232 5462 LECTlONES.

399 5531 442 5560 ⁸⁰
472 5529 850 5613 ῖιμεζλιὲπογτες.
931 5540 1162 5613 ‘_‘_verba
1190 5546 1638 5613 καταπολεμῆσαι
1667 5564 1717 5598 τ.
1748 5547 1840 5598 ὑπ.
1865 5546 1956 5598 καὶ
1988 5548 2165 5598 ἀντικ.
2196 5561 2306 5598 οιιι.

1296 5616 1339 5644 ’σε
1377 5611 1740 5684 ταλανισμῶν.
1818 5617 1859 5646 ⁸⁷
1897 5616 2402 5687 μεμαρτυρημένων
2430 5615 2840 5670 εὐπολιτεύτων.
2897 5613 2939 5644 ⁸⁷
2972 5617 2989 5637 ¹
3013 5611 3322 5684 γινομένου.

328 5601 394 5629 ⁸³·
443 5597 858 5665 προδιδομὲνων.
948 5608 993 5638 ⁸⁵
1014 5609 1214 5673 δίψους.

2391 5546 2436 5576 ⁸³
2465 5544 2556 5596 καί
2581 5559 2688 5597 om.
2778 5543 2824 5575 ⁸³
2849 5541 3174 5606 ὑπεξιοῦσιν.
3269 5540 3316 5573 ⁸⁸
3339 5541 3400 5596 δέ
3440 5543 3569 5600 add.

405 5751 482 5818 (8)
515 5757 578 5806 υἱ
605 5755 712 5821 γὰρ
758 5759 988 5825 πρῶτοι.
1026 5762 1245 5822 Scilicet
1283 5768 1320 5822 ii
1355 5769 1422 5824 de
1456 5771 1658 5837 quibus
1687 5771 1893 5826 dictum
1930 5779 2016 5829 est
2039 5787 2163 5827 can.
2185 5771 2239 5838 9,
2266 5772 2368 5829 hoc
2403 5777 2488 5829 est
2511 5769 2654 5829 laici.
2687 5768 2955 5826 iisunum.
