  <div class='ocr_page' id='page_1' title='image "/cluster/home/n/w/nwhite01/storage/ocr_20150623/18/nnc1.0046978550/256.png"; bbox 0 0 3876 6168; ppageno 0'>
   <div class='ocr_carea' id='block_1_1' title="bbox 325 286 430 342">
    <p class='ocr_par' dir='ltr' id='par_1_1' title="bbox 325 286 430 342">
     <span class='ocr_line' id='line_1_1' title="bbox 325 286 430 342; baseline -0.019 0"><span class='ocrx_word' id='word_1_1' title='bbox 325 286 430 342; x_wconf 70' lang='grc'><strong>49⁸1</strong></span> 
     </span>
    </p>
   </div>
   <div class='ocr_carea' id='block_1_2' title="bbox 1549 233 2288 339">
    <p class='ocr_par' dir='ltr' id='par_1_2' title="bbox 1549 233 2288 339">
     <span class='ocr_line' id='line_1_2' title="bbox 1549 233 2288 339; baseline 0.003 -2"><span class='ocrx_word' id='word_1_2' title='bbox 1549 233 1903 339; x_wconf 59' lang='grc' dir='ltr'>Εριετοιε</span> <span class='ocrx_word' id='word_1_3' title='bbox 1920 280 2288 339; x_wconf 67' lang='lat' dir='ltr'><strong>amoma.</strong></span> 
     </span>
    </p>
   </div>
   <div class='ocr_carea' id='block_1_3' title="bbox 3444 289 3549 347">
    <p class='ocr_par' dir='ltr' id='par_1_3' title="bbox 3444 289 3549 347">
     <span class='ocr_line' id='line_1_3' title="bbox 3444 289 3549 347; baseline -0.01 0"><span class='ocrx_word' id='word_1_4' title='bbox 3444 289 3549 347; x_wconf 74' lang='grc'><strong>498</strong></span> 
     </span>
    </p>
   </div>
   <div class='ocr_carea' id='block_1_4' title="bbox 322 393 1880 475">
    <p class='ocr_par' dir='ltr' id='par_1_4' title="bbox 322 393 1880 471">
     <span class='ocr_line' id='line_1_4' title="bbox 322 393 1880 471; baseline -0.004 -14"><span class='ocrx_word' id='word_1_5' title='bbox 322 402 564 471; x_wconf 80' lang='grc' dir='ltr'>νάμενοι,</span> <span class='ocrx_word' id='word_1_6' title='bbox 598 398 715 471; x_wconf 74' lang='grc' dir='ltr'>ἦτοι</span> <span class='ocrx_word' id='word_1_7' title='bbox 761 397 835 470; x_wconf 80' lang='grc' dir='ltr'>μὴ</span> <span class='ocrx_word' id='word_1_8' title='bbox 877 397 1258 461; x_wconf 74' lang='grc' dir='ltr'><strong>τελειώσαντες</strong></span> <span class='ocrx_word' id='word_1_9' title='bbox 1289 394 1366 450; x_wconf 56' lang='lat' dir='ltr'><strong>re</strong></span> <span class='ocrx_word' id='word_1_10' title='bbox 1415 395 1609 451; x_wconf 77' lang='grc' dir='ltr'>καλόνο</span> <span class='ocrx_word' id='word_1_11' title='bbox 1660 393 1880 451; x_wconf 61' lang='grc' dir='ltr'>νῦν-κέ</span> 
     </span>
    </p>
   </div>
   <div class='ocr_carea' id='block_1_5' title="bbox 1981 393 3551 475">
    <p class='ocr_par' dir='ltr' id='par_1_5' title="bbox 1994 399 3551 475">
     <span class='ocr_line' id='line_1_5' title="bbox 1994 399 3551 475; baseline 0.01 -27"><span class='ocrx_word' id='word_1_12' title='bbox 1994 403 2235 451; x_wconf 89' lang='lat' dir='ltr'><strong>mentum</strong></span> <span class='ocrx_word' id='word_1_13' title='bbox 2266 402 2468 451; x_wconf 88' lang='lat' dir='ltr'><strong>tectum</strong></span> <span class='ocrx_word' id='word_1_14' title='bbox 2488 411 2707 471; x_wconf 88' lang='lat' dir='ltr'><strong>quoque</strong></span> <span class='ocrx_word' id='word_1_15' title='bbox 2730 399 3134 468; x_wconf 81' lang='lat' dir='ltr'><strong>fabricaverint,</strong></span> <span class='ocrx_word' id='word_1_16' title='bbox 3151 407 3256 459; x_wconf 76' lang='lat' dir='ltr'><strong>“seu</strong></span> <span class='ocrx_word' id='word_1_17' title='bbox 3277 403 3425 475; x_wconf 90' lang='lat' dir='ltr'><strong>quod</strong></span> <span class='ocrx_word' id='word_1_18' title='bbox 3453 405 3551 463; x_wconf 88' lang='lat' dir='ltr'><strong>bo-</strong></span> 
     </span>
    </p>
   </div>
   <div class='ocr_carea' id='block_1_6' title="bbox 320 487 1891 564">
    <p class='ocr_par' dir='ltr' id='par_1_6' title="bbox 320 487 1891 564">
     <span class='ocr_line' id='line_1_6' title="bbox 320 487 1891 564; baseline -0.005 -15"><span class='ocrx_word' id='word_1_19' title='bbox 320 491 664 564; x_wconf 71' lang='grc' dir='ltr'>οωτασκευην</span> <span class='ocrx_word' id='word_1_20' title='bbox 691 490 879 546; x_wconf 87' lang='grc' dir='ltr'>τούτου</span> <span class='ocrx_word' id='word_1_21' title='bbox 904 508 965 546; x_wconf 90' lang='grc' dir='ltr'><strong>τε</strong></span> <span class='ocrx_word' id='word_1_22' title='bbox 985 492 1079 546; x_wconf 76' lang='grc' dir='ltr'><strong>καὶ</strong></span> <span class='ocrx_word' id='word_1_23' title='bbox 1102 489 1209 545; x_wconf 84' lang='grc' dir='ltr'><strong>τῶν</strong></span> <span class='ocrx_word' id='word_1_24' title='bbox 1236 488 1437 543; x_wconf 81' lang='grc' dir='ltr'><strong>λοιπῶν</strong></span> <span class='ocrx_word' id='word_1_25' title='bbox 1460 487 1891 558; x_wconf 59' lang='grc' dir='ltr'>ἐπάγειμλέγωνδ</span> 
     </span>
    </p>
   </div>
   <div class='ocr_carea' id='block_1_7' title="bbox 323 582 1896 659">
    <p class='ocr_par' dir='ltr' id='par_1_7' title="bbox 323 582 1896 659">
     <span class='ocr_line' id='line_1_7' title="bbox 323 582 1896 659; baseline -0.002 -18"><span class='ocrx_word' id='word_1_26' title='bbox 323 586 389 641; x_wconf 83' lang='grc' dir='ltr'><strong>οι</strong></span> <span class='ocrx_word' id='word_1_27' title='bbox 414 585 524 658; x_wconf 88' lang='grc' dir='ltr'><strong>γάρ</strong></span> <span class='ocrx_word' id='word_1_28' title='bbox 550 587 608 641; x_wconf 88' lang='grc' dir='ltr'><strong>ἐν</strong></span> <span class='ocrx_word' id='word_1_29' title='bbox 639 585 718 658; x_wconf 84' lang='grc' dir='ltr'>τῷ</span> <span class='ocrx_word' id='word_1_30' title='bbox 746 586 1037 659; x_wconf 83' lang='grc' dir='ltr'>βράσματι,</span> <span class='ocrx_word' id='word_1_31' title='bbox 1067 586 1234 658; x_wconf 68' lang='grc' dir='ltr'>ἢγουν</span> <span class='ocrx_word' id='word_1_32' title='bbox 1278 587 1335 640; x_wconf 86' lang='grc' dir='ltr'><strong>ἐν</strong></span> <span class='ocrx_word' id='word_1_33' title='bbox 1379 587 1443 657; x_wconf 81' lang='grc' dir='ltr'>τῇ</span> <span class='ocrx_word' id='word_1_34' title='bbox 1475 585 1625 656; x_wconf 79' lang='grc' dir='ltr'>ἀκμῇ</span> <span class='ocrx_word' id='word_1_35' title='bbox 1653 582 1749 638; x_wconf 88' lang='grc' dir='ltr'><strong>τοῦ</strong></span> <span class='ocrx_word' id='word_1_36' title='bbox 1772 583 1896 638; x_wconf 88' lang='grc' dir='ltr'>διω-</span> 
     </span>
    </p>
   </div>
   <div class='ocr_carea' id='block_1_8' title="bbox 323 676 1892 751">
    <p class='ocr_par' dir='ltr' id='par_1_8' title="bbox 323 676 1892 751">
     <span class='ocr_line' id='line_1_8' title="bbox 323 676 1892 751; baseline 0.001 -20"><span class='ocrx_word' id='word_1_37' title='bbox 323 677 469 749; x_wconf 88' lang='grc' dir='ltr'>γμοῦ</span> <span class='ocrx_word' id='word_1_38' title='bbox 493 679 785 750; x_wconf 77' lang='grc' dir='ltr'><strong>ἱστάμενοι,</strong></span> <span class='ocrx_word' id='word_1_39' title='bbox 807 679 902 733; x_wconf 76' lang='grc' dir='ltr'><strong>καὶ</strong></span> <span class='ocrx_word' id='word_1_40' title='bbox 928 678 1157 751; x_wconf 82' lang='grc' dir='ltr'>ὁρῶντες</span> <span class='ocrx_word' id='word_1_41' title='bbox 1179 677 1246 732; x_wconf 83' lang='grc' dir='ltr'>τὰ</span> <span class='ocrx_word' id='word_1_42' title='bbox 1277 677 1547 749; x_wconf 89' lang='grc' dir='ltr'>μαρτύρια</span> <span class='ocrx_word' id='word_1_43' title='bbox 1569 676 1678 731; x_wconf 87' lang='grc' dir='ltr'><strong>τῶν</strong></span> <span class='ocrx_word' id='word_1_44' title='bbox 1703 676 1892 746; x_wconf 81' lang='grc' dir='ltr'>ἁγίων,</span> 
     </span>
    </p>
   </div>
   <div class='ocr_carea' id='block_1_9' title="bbox 324 770 1893 843">
    <p class='ocr_par' dir='ltr' id='par_1_9' title="bbox 324 770 1893 843">
     <span class='ocr_line' id='line_1_9' title="bbox 324 770 1893 843; baseline 0.001 -18"><span class='ocrx_word' id='word_1_45' title='bbox 324 770 423 825; x_wconf 75' lang='grc' dir='ltr'><strong>καὶ</strong></span> <span class='ocrx_word' id='word_1_46' title='bbox 475 770 625 836; x_wconf 77' lang='grc' dir='ltr'>ὅπως</span> <span class='ocrx_word' id='word_1_47' title='bbox 683 771 969 826; x_wconf 77' lang='grc' dir='ltr'><strong>σπεύδουσι</strong></span> <span class='ocrx_word' id='word_1_48' title='bbox 1018 772 1144 836; x_wconf 83' lang='grc' dir='ltr'>τοὺς</span> <span class='ocrx_word' id='word_1_49' title='bbox 1197 771 1256 838; x_wconf 83' lang='grc' dir='ltr'><strong>ἐξ</strong></span> <span class='ocrx_word' id='word_1_50' title='bbox 1311 770 1552 843; x_wconf 82' lang='grc' dir='ltr'>οὐρανῶν</span> <span class='ocrx_word' id='word_1_51' title='bbox 1603 772 1893 843; x_wconf 78' lang='grc' dir='ltr'>στεφάνους</span> 
     </span>
    </p>
   </div>
   <div class='ocr_carea' id='block_1_10' title="bbox 322 861 1893 933">
    <p class='ocr_par' dir='ltr' id='par_1_10' title="bbox 322 861 1893 933">
     <span class='ocr_line' id='line_1_10' title="bbox 322 861 1893 933; baseline 0 -16"><span class='ocrx_word' id='word_1_52' title='bbox 322 861 508 917; x_wconf 84' lang='grc' dir='ltr'>λαϐεῖν</span> <span class='ocrx_word' id='word_1_53' title='bbox 552 863 693 918; x_wconf 83' lang='grc' dir='ltr'><strong>κατά</strong></span> <span class='ocrx_word' id='word_1_54' title='bbox 719 863 882 933; x_wconf 78' lang='grc' dir='ltr'>ζῆλον</span> <span class='ocrx_word' id='word_1_55' title='bbox 930 862 1090 926; x_wconf 84' lang='grc' dir='ltr'>θεῖον,</span> <span class='ocrx_word' id='word_1_56' title='bbox 1143 862 1415 917; x_wconf 73' lang='grc' dir='ltr'>ἐπεδίδουν</span> <span class='ocrx_word' id='word_1_57' title='bbox 1464 863 1689 926; x_wconf 80' lang='grc' dir='ltr'>ἑαυτοὺς</span> <span class='ocrx_word' id='word_1_58' title='bbox 1718 864 1797 926; x_wconf 90' lang='grc' dir='ltr'><strong>είς</strong></span> <span class='ocrx_word' id='word_1_59' title='bbox 1833 862 1893 917; x_wconf 78' lang='grc' dir='ltr'><strong>τὸ</strong></span> 
     </span>
    </p>
   </div>
   <div class='ocr_carea' id='block_1_11' title="bbox 329 953 1893 1027">
    <p class='ocr_par' dir='ltr' id='par_1_11' title="bbox 329 953 1893 1027">
     <span class='ocr_line' id='line_1_11' title="bbox 329 953 1893 1027; baseline 0.001 -20"><span class='ocrx_word' id='word_1_60' title='bbox 329 953 625 1027; x_wconf 52' lang='grc' dir='ltr'>μαρτύρια</span> <span class='ocrx_word' id='word_1_61' title='bbox 676 954 813 1027; x_wconf 86' lang='grc' dir='ltr'><strong>μετά</strong></span> <span class='ocrx_word' id='word_1_62' title='bbox 852 955 1160 1027; x_wconf 73' lang='grc' dir='ltr'>παρρησίας</span> <span class='ocrx_word' id='word_1_63' title='bbox 1221 954 1457 1025; x_wconf 88' lang='grc' dir='ltr'>πολλῆς,</span> <span class='ocrx_word' id='word_1_64' title='bbox 1518 953 1614 1008; x_wconf 77' lang='grc' dir='ltr'><strong>καὶ</strong></span> <span class='ocrx_word' id='word_1_65' title='bbox 1662 954 1893 1027; x_wconf 86' lang='grc' dir='ltr'>μάλιστα</span> 
     </span>
    </p>
   </div>
   <div class='ocr_carea' id='block_1_12' title="bbox 322 1042 1893 1117">
    <p class='ocr_par' dir='ltr' id='par_1_12' title="bbox 322 1042 1893 1117">
     <span class='ocr_line' id='line_1_12' title="bbox 322 1042 1893 1117; baseline 0 -18"><span class='ocrx_word' id='word_1_66' title='bbox 322 1043 407 1099; x_wconf 79' lang='grc' dir='ltr'>ὅτι</span> <span class='ocrx_word' id='word_1_67' title='bbox 428 1042 652 1099; x_wconf 72' lang='grc' dir='ltr'>ἔϐλεπόν</span> <span class='ocrx_word' id='word_1_68' title='bbox 664 1061 817 1109; x_wconf 91' lang='grc' dir='ltr'>τινας</span> <span class='ocrx_word' id='word_1_69' title='bbox 837 1044 1290 1117; x_wconf 82' lang='grc' dir='ltr'>ύποσυρομένους,</span> <span class='ocrx_word' id='word_1_70' title='bbox 1313 1044 1433 1100; x_wconf 73' lang='grc' dir='ltr'>ἀντὶ</span> <span class='ocrx_word' id='word_1_71' title='bbox 1458 1044 1574 1112; x_wconf 85' lang='grc' dir='ltr'>τοῦ,</span> <span class='ocrx_word' id='word_1_72' title='bbox 1599 1045 1893 1116; x_wconf 88' lang='grc' dir='ltr'>κλεπτομέ-</span> 
     </span>
    </p>
   </div>
   <div class='ocr_carea' id='block_1_13' title="bbox 321 1136 1890 1207">
    <p class='ocr_par' dir='ltr' id='par_1_13' title="bbox 321 1136 1890 1207">
     <span class='ocr_line' id='line_1_13' title="bbox 321 1136 1890 1207; baseline 0.001 -17"><span class='ocrx_word' id='word_1_73' title='bbox 321 1152 448 1201; x_wconf 84' lang='grc' dir='ltr'>νους</span> <span class='ocrx_word' id='word_1_74' title='bbox 473 1136 566 1190; x_wconf 75' lang='grc' dir='ltr'>καὶ</span> <span class='ocrx_word' id='word_1_75' title='bbox 609 1137 996 1207; x_wconf 77' lang='grc' dir='ltr'>ἀπατωμένους</span> <span class='ocrx_word' id='word_1_76' title='bbox 1029 1136 1131 1191; x_wconf 85' lang='grc' dir='ltr'><strong>ύπδ</strong></span> <span class='ocrx_word' id='word_1_77' title='bbox 1171 1136 1265 1191; x_wconf 89' lang='grc' dir='ltr'><strong>τοῦ</strong></span> <span class='ocrx_word' id='word_1_78' title='bbox 1309 1136 1574 1203; x_wconf 89' lang='grc' dir='ltr'>διαϐόλου,</span> <span class='ocrx_word' id='word_1_79' title='bbox 1611 1139 1706 1194; x_wconf 78' lang='grc' dir='ltr'>καὶ</span> <span class='ocrx_word' id='word_1_80' title='bbox 1734 1139 1890 1193; x_wconf 87' lang='grc' dir='ltr'>ἐκπί-</span> 
     </span>
    </p>
   </div>
   <div class='ocr_carea' id='block_1_14' title="bbox 323 1225 1890 1303">
    <p class='ocr_par' dir='ltr' id='par_1_14' title="bbox 323 1225 1890 1303">
     <span class='ocr_line' id='line_1_14' title="bbox 323 1225 1890 1303; baseline 0.001 -20"><span class='ocrx_word' id='word_1_81' title='bbox 323 1245 575 1294; x_wconf 82' lang='grc' dir='ltr'>πτοντας,</span> <span class='ocrx_word' id='word_1_82' title='bbox 610 1230 726 1301; x_wconf 75' lang='grc' dir='ltr'>ἦτοι</span> <span class='ocrx_word' id='word_1_83' title='bbox 760 1230 1119 1302; x_wconf 79' lang='grc' dir='ltr'>ἀρνουμένους</span> <span class='ocrx_word' id='word_1_84' title='bbox 1151 1230 1248 1303; x_wconf 80' lang='grc' dir='ltr'><strong>τὴν</strong></span> <span class='ocrx_word' id='word_1_85' title='bbox 1282 1229 1592 1284; x_wconf 84' lang='grc' dir='ltr'>εὐσέϐειαν·</span> <span class='ocrx_word' id='word_1_86' title='bbox 1619 1225 1694 1285; x_wconf 85' lang='grc' dir='ltr'>ὧν</span> <span class='ocrx_word' id='word_1_87' title='bbox 1732 1231 1890 1303; x_wconf 78' lang='grc' dir='ltr'>χάριν</span> 
     </span>
    </p>
   </div>
   <div class='ocr_carea' id='block_1_15' title="bbox 320 1321 1887 1395">
    <p class='ocr_par' dir='ltr' id='par_1_15' title="bbox 320 1321 1887 1395">
     <span class='ocr_line' id='line_1_15' title="bbox 320 1321 1887 1395; baseline 0.001 -20"><span class='ocrx_word' id='word_1_88' title='bbox 320 1322 841 1394; x_wconf 81' lang='grc' dir='ltr'>ύποθερμαινόμενοι</span> <span class='ocrx_word' id='word_1_89' title='bbox 862 1323 1080 1387; x_wconf 77' lang='grc' dir='ltr'>ἔσωθεν,</span> <span class='ocrx_word' id='word_1_90' title='bbox 1105 1322 1223 1393; x_wconf 76' lang='grc' dir='ltr'>ἦτοι</span> <span class='ocrx_word' id='word_1_91' title='bbox 1241 1321 1337 1394; x_wconf 79' lang='grc' dir='ltr'>τὴν</span> <span class='ocrx_word' id='word_1_92' title='bbox 1364 1322 1586 1394; x_wconf 79' lang='grc' dir='ltr'>καρδίαν</span> <span class='ocrx_word' id='word_1_93' title='bbox 1611 1322 1887 1395; x_wconf 89' lang='grc' dir='ltr'>πυρούμε-</span> 
     </span>
    </p>
   </div>
   <div class='ocr_carea' id='block_1_16' title="bbox 323 1412 1888 1487">
    <p class='ocr_par' dir='ltr' id='par_1_16' title="bbox 323 1412 1888 1487">
     <span class='ocr_line' id='line_1_16' title="bbox 323 1412 1888 1487; baseline 0.001 -20"><span class='ocrx_word' id='word_1_94' title='bbox 323 1429 424 1477; x_wconf 83' lang='grc' dir='ltr'>νοι,</span> <span class='ocrx_word' id='word_1_95' title='bbox 447 1412 525 1476; x_wconf 81' lang='grc' dir='ltr'>ὡς</span> <span class='ocrx_word' id='word_1_96' title='bbox 562 1414 655 1466; x_wconf 79' lang='grc' dir='ltr'><strong>καὶ</strong></span> <span class='ocrx_word' id='word_1_97' title='bbox 695 1412 980 1479; x_wconf 86' lang='grc' dir='ltr'>ἀκούοντες</span> <span class='ocrx_word' id='word_1_98' title='bbox 1021 1414 1623 1487; x_wconf 79' lang='grc' dir='ltr'>καταπολεμῆσαι,ήτοι</span> <span class='ocrx_word' id='word_1_99' title='bbox 1668 1416 1888 1486; x_wconf 88' lang='grc' dir='ltr'>νικῆσαι</span> 
     </span>
    </p>
   </div>
   <div class='ocr_carea' id='block_1_17' title="bbox 318 1502 1884 1577">
    <p class='ocr_par' dir='ltr' id='par_1_17' title="bbox 318 1502 1884 1577">
     <span class='ocr_line' id='line_1_17' title="bbox 318 1502 1884 1577; baseline 0.003 -19"><span class='ocrx_word' id='word_1_100' title='bbox 318 1502 409 1558; x_wconf 88' lang='grc' dir='ltr'><strong>διά</strong></span> <span class='ocrx_word' id='word_1_101' title='bbox 436 1502 627 1557; x_wconf 89' lang='grc' dir='ltr'>τούτου</span> <span class='ocrx_word' id='word_1_102' title='bbox 670 1504 761 1558; x_wconf 82' lang='grc' dir='ltr'><strong>τὸν</strong></span> <span class='ocrx_word' id='word_1_103' title='bbox 811 1503 1042 1569; x_wconf 79' lang='grc' dir='ltr'>ἀλαζόνα</span> <span class='ocrx_word' id='word_1_104' title='bbox 1083 1507 1177 1560; x_wconf 75' lang='grc' dir='ltr'><strong>καὶ</strong></span> <span class='ocrx_word' id='word_1_105' title='bbox 1214 1505 1586 1577; x_wconf 82' lang='grc' dir='ltr'>ἀντικείμενον</span> <span class='ocrx_word' id='word_1_106' title='bbox 1623 1506 1884 1573; x_wconf 87' lang='grc' dir='ltr'>διάϐολον,</span> 
     </span>
    </p>
   </div>
   <div class='ocr_carea' id='block_1_18' title="bbox 320 1592 1890 1669">
    <p class='ocr_par' dir='ltr' id='par_1_18' title="bbox 320 1592 1890 1669">
     <span class='ocr_line' id='line_1_18' title="bbox 320 1592 1890 1669; baseline 0.003 -22"><span class='ocrx_word' id='word_1_107' title='bbox 320 1592 656 1649; x_wconf 74' lang='grc' dir='ltr'>ἐσπούδασαν</span> <span class='ocrx_word' id='word_1_108' title='bbox 686 1593 942 1649; x_wconf 80' lang='grc' dir='ltr'>ὑποδῦναι</span> <span class='ocrx_word' id='word_1_109' title='bbox 972 1594 1033 1648; x_wconf 81' lang='grc' dir='ltr'><strong>τδ</strong></span> <span class='ocrx_word' id='word_1_110' title='bbox 1060 1595 1375 1668; x_wconf 88' lang='grc' dir='ltr'>μαρτύριον,</span> <span class='ocrx_word' id='word_1_111' title='bbox 1401 1596 1487 1650; x_wconf 86' lang='grc' dir='ltr'><strong>ἴνα</strong></span> <span class='ocrx_word' id='word_1_112' title='bbox 1516 1595 1589 1668; x_wconf 82' lang='grc' dir='ltr'><strong>μὴ</strong></span> <span class='ocrx_word' id='word_1_113' title='bbox 1612 1597 1890 1669; x_wconf 77' lang='grc' dir='ltr'>καυχήση-</span> 
     </span>
    </p>
   </div>
   <div class='ocr_carea' id='block_1_19' title="bbox 320 1684 1887 1761">
    <p class='ocr_par' dir='ltr' id='par_1_19' title="bbox 320 1684 1887 1761">
     <span class='ocr_line' id='line_1_19' title="bbox 320 1684 1887 1761; baseline 0.003 -22"><span class='ocrx_word' id='word_1_114' title='bbox 320 1702 407 1739; x_wconf 87' lang='grc' dir='ltr'><strong>ται</strong></span> <span class='ocrx_word' id='word_1_115' title='bbox 435 1687 464 1740; x_wconf 84' lang='grc' dir='ltr'><strong>ό</strong></span> <span class='ocrx_word' id='word_1_116' title='bbox 501 1684 742 1752; x_wconf 89' lang='grc' dir='ltr'>διάϐολος</span> <span class='ocrx_word' id='word_1_117' title='bbox 793 1686 888 1741; x_wconf 70' lang='grc' dir='ltr'><strong>καὶ</strong></span> <span class='ocrx_word' id='word_1_118' title='bbox 933 1687 1057 1760; x_wconf 76' lang='grc' dir='ltr'>δόξῃ</span> <span class='ocrx_word' id='word_1_119' title='bbox 1104 1687 1278 1760; x_wconf 81' lang='grc' dir='ltr'>ἐαυτῷ</span> <span class='ocrx_word' id='word_1_120' title='bbox 1322 1688 1582 1761; x_wconf 80' lang='grc' dir='ltr'>φρόνιμος</span> <span class='ocrx_word' id='word_1_121' title='bbox 1626 1684 1782 1755; x_wconf 80' lang='grc' dir='ltr'>εἶναι,</span> <span class='ocrx_word' id='word_1_122' title='bbox 1811 1690 1887 1755; x_wconf 87' lang='grc' dir='ltr'>ὼς</span> 
     </span>
    </p>
   </div>
   <div class='ocr_carea' id='block_1_20' title="bbox 1992 488 3551 566">
    <p class='ocr_par' dir='ltr' id='par_1_20' title="bbox 1992 488 3551 566">
     <span class='ocr_line' id='line_1_20' title="bbox 1992 488 3551 566; baseline 0.007 -25"><span class='ocrx_word' id='word_1_123' title='bbox 1992 500 2123 541; x_wconf 89' lang='lat' dir='ltr'><strong>num</strong></span> <span class='ocrx_word' id='word_1_124' title='bbox 2154 494 2241 543; x_wconf 90' lang='lat' dir='ltr'><strong>est</strong></span> <span class='ocrx_word' id='word_1_125' title='bbox 2287 500 2398 543; x_wconf 90' lang='lat' dir='ltr'><strong>non</strong></span> <span class='ocrx_word' id='word_1_126' title='bbox 2440 488 2769 559; x_wconf 88' lang='lat' dir='ltr'><strong>perfecerint</strong></span> <span class='ocrx_word' id='word_1_127' title='bbox 2794 512 2808 549; x_wconf 87' lang='lat'><strong>:</strong></span> <span class='ocrx_word' id='word_1_128' title='bbox 2835 504 2986 548; x_wconf 88' lang='lat' dir='ltr'><strong>nunc</strong></span> <span class='ocrx_word' id='word_1_129' title='bbox 3017 491 3183 563; x_wconf 83' lang='lat' dir='ltr'><strong>hujus</strong></span> <span class='ocrx_word' id='word_1_130' title='bbox 3226 502 3281 551; x_wconf 90' lang='lat' dir='ltr'><strong>et</strong></span> <span class='ocrx_word' id='word_1_131' title='bbox 3308 495 3551 566; x_wconf 85' lang='lat' dir='ltr'><strong>reliquo-</strong></span> 
     </span>
    </p>
   </div>
   <div class='ocr_carea' id='block_1_21' title="bbox 1992 576 3550 650">
    <p class='ocr_par' dir='ltr' id='par_1_21' title="bbox 1992 576 3550 650">
     <span class='ocr_line' id='line_1_21' title="bbox 1992 576 3550 650; baseline 0.007 -21"><span class='ocrx_word' id='word_1_132' title='bbox 1992 590 2115 630; x_wconf 86' lang='lat' dir='ltr'><strong>rum</strong></span> <span class='ocrx_word' id='word_1_133' title='bbox 2144 576 2612 633; x_wconf 83' lang='lat' dir='ltr'><strong>confirmationem</strong></span> <span class='ocrx_word' id='word_1_134' title='bbox 2648 578 2878 648; x_wconf 76' lang='lat' dir='ltr'><strong>inducit,</strong></span> <span class='ocrx_word' id='word_1_135' title='bbox 2915 581 3103 638; x_wconf 89' lang='lat' dir='ltr'><strong>dicens</strong></span> <span class='ocrx_word' id='word_1_136' title='bbox 3129 600 3143 637; x_wconf 90' lang='lat'><strong>:</strong></span> <span class='ocrx_word' id='word_1_137' title='bbox 3167 581 3270 650; x_wconf 85' lang='lat' dir='ltr'><strong>Qui</strong></span> <span class='ocrx_word' id='word_1_138' title='bbox 3309 583 3456 640; x_wconf 87' lang='lat' dir='ltr'><strong>enim</strong></span> <span class='ocrx_word' id='word_1_139' title='bbox 3491 583 3550 640; x_wconf 92' lang='lat' dir='ltr'><strong>in</strong></span> 
     </span>
    </p>
   </div>
   <div class='ocr_carea' id='block_1_22' title="bbox 1991 665 3552 739">
    <p class='ocr_par' dir='ltr' id='par_1_22' title="bbox 1991 665 3552 739">
     <span class='ocr_line' id='line_1_22' title="bbox 1991 665 3552 739; baseline 0.006 -19"><span class='ocrx_word' id='word_1_140' title='bbox 1991 666 2389 736; x_wconf 77' lang='lat' dir='ltr'><strong>persecutionis</strong></span> <span class='ocrx_word' id='word_1_141' title='bbox 2431 665 2665 736; x_wconf 85' lang='lat' dir='ltr'><strong>fervore,</strong></span> <span class='ocrx_word' id='word_1_142' title='bbox 2713 685 2809 729; x_wconf 86' lang='lat' dir='ltr'><strong>seu</strong></span> <span class='ocrx_word' id='word_1_143' title='bbox 2840 670 3185 728; x_wconf 77' lang='lat' dir='ltr'><strong>vehementia</strong></span> <span class='ocrx_word' id='word_1_144' title='bbox 3225 682 3453 739; x_wconf 81' lang='lat' dir='ltr'><strong>stantes,</strong></span> <span class='ocrx_word' id='word_1_145' title='bbox 3496 681 3552 729; x_wconf 90' lang='lat' dir='ltr'><strong>et</strong></span> 
     </span>
    </p>
   </div>
   <div class='ocr_carea' id='block_1_23' title="bbox 1992 755 3551 834">
    <p class='ocr_par' dir='ltr' id='par_1_23' title="bbox 1992 755 3551 834">
     <span class='ocr_line' id='line_1_23' title="bbox 1992 755 3551 834; baseline 0.008 -24"><span class='ocrx_word' id='word_1_146' title='bbox 1992 755 2236 812; x_wconf 83' lang='lat' dir='ltr'><strong>videntes</strong></span> <span class='ocrx_word' id='word_1_147' title='bbox 2262 766 2573 814; x_wconf 88' lang='lat' dir='ltr'><strong>sanctorum</strong></span> <span class='ocrx_word' id='word_1_148' title='bbox 2600 763 2882 833; x_wconf 87' lang='lat' dir='ltr'><strong>martyria,</strong></span> <span class='ocrx_word' id='word_1_149' title='bbox 2916 769 2971 819; x_wconf 90' lang='lat' dir='ltr'><strong>et</strong></span> <span class='ocrx_word' id='word_1_150' title='bbox 2999 764 3271 834; x_wconf 91' lang='lat' dir='ltr'><strong>quomodo</strong></span> <span class='ocrx_word' id='word_1_151' title='bbox 3298 765 3551 822; x_wconf 79' lang='lat' dir='ltr'><strong>cmlestes</strong></span> 
     </span>
    </p>
   </div>
   <div class='ocr_carea' id='block_1_24' title="bbox 1991 849 3552 929">
    <p class='ocr_par' dir='ltr' id='par_1_24' title="bbox 1991 849 3552 929">
     <span class='ocr_line' id='line_1_24' title="bbox 1991 849 3552 929; baseline 0.007 -26"><span class='ocrx_word' id='word_1_152' title='bbox 1991 861 2223 904; x_wconf 86' lang='lat' dir='ltr'><strong>coronas</strong></span> <span class='ocrx_word' id='word_1_153' title='bbox 2251 849 2436 905; x_wconf 89' lang='lat' dir='ltr'><strong>divino</strong></span> <span class='ocrx_word' id='word_1_154' title='bbox 2465 851 2582 907; x_wconf 87' lang='lat' dir='ltr'><strong>zelo</strong></span> <span class='ocrx_word' id='word_1_155' title='bbox 2623 853 2868 924; x_wconf 88' lang='lat' dir='ltr'><strong>accipere</strong></span> <span class='ocrx_word' id='word_1_156' title='bbox 2915 856 3264 923; x_wconf 84' lang='lat' dir='ltr'><strong>contendant,</strong></span> <span class='ocrx_word' id='word_1_157' title='bbox 3309 872 3368 913; x_wconf 86' lang='lat' dir='ltr'><strong>se</strong></span> <span class='ocrx_word' id='word_1_158' title='bbox 3399 857 3552 929; x_wconf 82' lang='lat' dir='ltr'><strong>ipsos</strong></span> 
     </span>
    </p>
   </div>
   <div class='ocr_carea' id='block_1_25' title="bbox 1992 935 3552 1012">
    <p class='ocr_par' dir='ltr' id='par_1_25' title="bbox 1992 935 3552 1012">
     <span class='ocr_line' id='line_1_25' title="bbox 1992 935 3552 1012; baseline 0.009 -21"><span class='ocrx_word' id='word_1_159' title='bbox 1992 935 2197 992; x_wconf 89' lang='lat' dir='ltr'><strong>dabant</strong></span> <span class='ocrx_word' id='word_1_160' title='bbox 2249 940 2510 1012; x_wconf 78' lang='lat' dir='ltr'><strong>martyrio</strong></span> <span class='ocrx_word' id='word_1_161' title='bbox 2539 956 2664 997; x_wconf 88' lang='lat' dir='ltr'><strong>cum</strong></span> <span class='ocrx_word' id='word_1_162' title='bbox 2712 944 2883 999; x_wconf 88' lang='lat' dir='ltr'><strong>multa</strong></span> <span class='ocrx_word' id='word_1_163' title='bbox 2922 945 3194 1012; x_wconf 88' lang='lat' dir='ltr'><strong>libertate,</strong></span> <span class='ocrx_word' id='word_1_164' title='bbox 3226 956 3280 1002; x_wconf 91' lang='lat' dir='ltr'><strong>et</strong></span> <span class='ocrx_word' id='word_1_165' title='bbox 3315 948 3552 1005; x_wconf 87' lang='lat' dir='ltr'><strong>maxime</strong></span> 
     </span>
    </p>
   </div>
   <div class='ocr_carea' id='block_1_26' title="bbox 1990 1031 3552 1104">
    <p class='ocr_par' dir='ltr' id='par_1_26' title="bbox 1990 1031 3552 1104">
     <span class='ocr_line' id='line_1_26' title="bbox 1990 1031 3552 1104; baseline 0.008 -20"><span class='ocrx_word' id='word_1_166' title='bbox 1990 1031 2118 1101; x_wconf 89' lang='lat' dir='ltr'><strong>quia</strong></span> <span class='ocrx_word' id='word_1_167' title='bbox 2142 1031 2396 1088; x_wconf 81' lang='lat' dir='ltr'><strong>videbant</strong></span> <span class='ocrx_word' id='word_1_168' title='bbox 2425 1034 2691 1104; x_wconf 89' lang='lat' dir='ltr'><strong>quosdam</strong></span> <span class='ocrx_word' id='word_1_169' title='bbox 2717 1036 3048 1104; x_wconf 87' lang='lat' dir='ltr'><strong>subtractos,</strong></span> <span class='ocrx_word' id='word_1_170' title='bbox 3076 1038 3181 1094; x_wconf 90' lang='lat' dir='ltr'><strong>hoc</strong></span> <span class='ocrx_word' id='word_1_171' title='bbox 3209 1047 3294 1096; x_wconf 87' lang='lat' dir='ltr'><strong>est</strong></span> <span class='ocrx_word' id='word_1_172' title='bbox 3322 1038 3552 1097; x_wconf 87' lang='lat' dir='ltr'><strong>eductos</strong></span> 
     </span>
    </p>
   </div>
   <div class='ocr_carea' id='block_1_27' title="bbox 1990 1121 3551 1204">
    <p class='ocr_par' dir='ltr' id='par_1_27' title="bbox 1990 1121 3551 1204">
     <span class='ocr_line' id='line_1_27' title="bbox 1990 1121 3551 1204; baseline 0.008 -26"><span class='ocrx_word' id='word_1_173' title='bbox 1990 1130 2045 1178; x_wconf 90' lang='lat' dir='ltr'><strong>et</strong></span> <span class='ocrx_word' id='word_1_174' title='bbox 2076 1121 2334 1195; x_wconf 89' lang='lat' dir='ltr'><strong>deceptos</strong></span> <span class='ocrx_word' id='word_1_175' title='bbox 2361 1139 2396 1180; x_wconf 93' lang='lat' dir='ltr'><strong>a</strong></span> <span class='ocrx_word' id='word_1_176' title='bbox 2437 1124 2677 1194; x_wconf 87' lang='lat' dir='ltr'><strong>diabolo,</strong></span> <span class='ocrx_word' id='word_1_177' title='bbox 2708 1134 2764 1183; x_wconf 88' lang='lat' dir='ltr'><strong>et</strong></span> <span class='ocrx_word' id='word_1_178' title='bbox 2794 1128 2978 1200; x_wconf 88' lang='lat' dir='ltr'><strong>lapsos</strong></span> <span class='ocrx_word' id='word_1_179' title='bbox 3017 1144 3115 1187; x_wconf 88' lang='lat' dir='ltr'><strong>seu</strong></span> <span class='ocrx_word' id='word_1_180' title='bbox 3144 1139 3405 1203; x_wconf 76' lang='lat' dir='ltr'><strong>negantes</strong></span> <span class='ocrx_word' id='word_1_181' title='bbox 3434 1133 3551 1204; x_wconf 84' lang='lat' dir='ltr'><strong>pie-</strong></span> 
     </span>
    </p>
   </div>
   <div class='ocr_carea' id='block_1_28' title="bbox 1990 1217 3549 1288">
    <p class='ocr_par' dir='ltr' id='par_1_28' title="bbox 1990 1217 3549 1288">
     <span class='ocr_line' id='line_1_28' title="bbox 1990 1217 3549 1288; baseline 0.01 -20"><span class='ocrx_word' id='word_1_182' title='bbox 1990 1221 2156 1271; x_wconf 90' lang='lat' dir='ltr'><strong>tatem</strong></span> <span class='ocrx_word' id='word_1_183' title='bbox 2184 1234 2200 1272; x_wconf 90' lang='lat'><strong>:</strong></span> <span class='ocrx_word' id='word_1_184' title='bbox 2232 1217 2581 1288; x_wconf 86' lang='lat' dir='ltr'><strong>quamobrem</strong></span> <span class='ocrx_word' id='word_1_185' title='bbox 2614 1219 2844 1278; x_wconf 89' lang='lat' dir='ltr'><strong>interius</strong></span> <span class='ocrx_word' id='word_1_186' title='bbox 2884 1223 3102 1282; x_wconf 85' lang='lat' dir='ltr'><strong>accensi</strong></span> <span class='ocrx_word' id='word_1_187' title='bbox 3130 1240 3227 1281; x_wconf 92' lang='lat' dir='ltr'><strong>seu</strong></span> <span class='ocrx_word' id='word_1_188' title='bbox 3264 1228 3430 1283; x_wconf 89' lang='lat' dir='ltr'><strong>corde</strong></span> <span class='ocrx_word' id='word_1_189' title='bbox 3459 1229 3549 1282; x_wconf 89' lang='lat' dir='ltr'><strong>in-</strong></span> 
     </span>
    </p>
   </div>
   <div class='ocr_carea' id='block_1_29' title="bbox 1989 1303 3550 1385">
    <p class='ocr_par' dir='ltr' id='par_1_29' title="bbox 1989 1303 3550 1385">
     <span class='ocr_line' id='line_1_29' title="bbox 1989 1303 3550 1385; baseline 0.01 -26"><span class='ocrx_word' id='word_1_190' title='bbox 1989 1303 2270 1374; x_wconf 87' lang='lat' dir='ltr'><strong>ﬂammati,</strong></span> <span class='ocrx_word' id='word_1_191' title='bbox 2297 1316 2358 1365; x_wconf 90' lang='lat' dir='ltr'><strong>ut</strong></span> <span class='ocrx_word' id='word_1_192' title='bbox 2381 1309 2476 1381; x_wconf 89' lang='lat' dir='ltr'><strong>qui</strong></span> <span class='ocrx_word' id='word_1_193' title='bbox 2514 1310 2763 1368; x_wconf 80' lang='lat' dir='ltr'><strong>audirent</strong></span> <span class='ocrx_word' id='word_1_194' title='bbox 2795 1328 2854 1371; x_wconf 91' lang='lat' dir='ltr'><strong>se</strong></span> <span class='ocrx_word' id='word_1_195' title='bbox 2878 1329 2975 1385; x_wconf 89' lang='lat' dir='ltr'><strong>per</strong></span> <span class='ocrx_word' id='word_1_196' title='bbox 3010 1314 3115 1372; x_wconf 89' lang='lat' dir='ltr'><strong>hoc</strong></span> <span class='ocrx_word' id='word_1_197' title='bbox 3154 1314 3459 1375; x_wconf 90' lang='lat' dir='ltr'><strong>debellasse</strong></span> <span class='ocrx_word' id='word_1_198' title='bbox 3484 1333 3550 1375; x_wconf 90' lang='lat' dir='ltr'><strong>ac</strong></span> 
     </span>
    </p>
   </div>
   <div class='ocr_carea' id='block_1_30' title="bbox 1989 1398 3547 1473">
    <p class='ocr_par' dir='ltr' id='par_1_30' title="bbox 1989 1398 3547 1473">
     <span class='ocr_line' id='line_1_30' title="bbox 1989 1398 3547 1473; baseline 0.009 -21"><span class='ocrx_word' id='word_1_199' title='bbox 1989 1398 2184 1455; x_wconf 83' lang='lat' dir='ltr'><strong>vicisse</strong></span> <span class='ocrx_word' id='word_1_200' title='bbox 2233 1401 2528 1473; x_wconf 86' lang='lat' dir='ltr'><strong>superbum</strong></span> <span class='ocrx_word' id='word_1_201' title='bbox 2571 1402 2945 1462; x_wconf 88' lang='lat' dir='ltr'><strong>adversarium</strong></span> <span class='ocrx_word' id='word_1_202' title='bbox 2982 1405 3278 1471; x_wconf 90' lang='lat' dir='ltr'><strong>diabolum,</strong></span> <span class='ocrx_word' id='word_1_203' title='bbox 3318 1408 3547 1465; x_wconf 85' lang='lat' dir='ltr'><strong>studue-</strong></span> 
     </span>
    </p>
   </div>
   <div class='ocr_carea' id='block_1_31' title="bbox 1987 1491 3550 1570">
    <p class='ocr_par' dir='ltr' id='par_1_31' title="bbox 1987 1491 3550 1570">
     <span class='ocr_line' id='line_1_31' title="bbox 1987 1491 3550 1570; baseline 0.006 -24"><span class='ocrx_word' id='word_1_204' title='bbox 1987 1499 2117 1547; x_wconf 91' lang='lat' dir='ltr'><strong>runt</strong></span> <span class='ocrx_word' id='word_1_205' title='bbox 2145 1491 2332 1551; x_wconf 90' lang='lat' dir='ltr'><strong>subire</strong></span> <span class='ocrx_word' id='word_1_206' title='bbox 2351 1496 2693 1567; x_wconf 87' lang='lat' dir='ltr'><strong>martyrium,</strong></span> <span class='ocrx_word' id='word_1_207' title='bbox 2725 1512 2793 1552; x_wconf 90' lang='lat' dir='ltr'><strong>ne</strong></span> <span class='ocrx_word' id='word_1_208' title='bbox 2815 1497 3076 1570; x_wconf 77' lang='lat' dir='ltr'><strong>glorietur</strong></span> <span class='ocrx_word' id='word_1_209' title='bbox 3095 1497 3344 1558; x_wconf 88' lang='lat' dir='ltr'><strong>diabolus</strong></span> <span class='ocrx_word' id='word_1_210' title='bbox 3368 1508 3422 1557; x_wconf 89' lang='lat' dir='ltr'><strong>et</strong></span> <span class='ocrx_word' id='word_1_211' title='bbox 3445 1501 3550 1557; x_wconf 88' lang='lat' dir='ltr'><strong>sibi</strong></span> 
     </span>
    </p>
   </div>
   <div class='ocr_carea' id='block_1_32' title="bbox 1988 1583 3551 1661">
    <p class='ocr_par' dir='ltr' id='par_1_32' title="bbox 1988 1583 3551 1661">
     <span class='ocr_line' id='line_1_32' title="bbox 1988 1583 3551 1661; baseline 0.008 -24"><span class='ocrx_word' id='word_1_212' title='bbox 1988 1583 2230 1655; x_wconf 89' lang='lat' dir='ltr'><strong>prudens</strong></span> <span class='ocrx_word' id='word_1_213' title='bbox 2259 1600 2382 1642; x_wconf 89' lang='lat' dir='ltr'><strong>esse</strong></span> <span class='ocrx_word' id='word_1_214' title='bbox 2409 1587 2679 1655; x_wconf 86' lang='lat' dir='ltr'><strong>videatur,</strong></span> <span class='ocrx_word' id='word_1_215' title='bbox 2710 1597 2772 1645; x_wconf 93' lang='lat' dir='ltr'><strong>ut</strong></span> <span class='ocrx_word' id='word_1_216' title='bbox 2793 1589 2885 1661; x_wconf 90' lang='lat' dir='ltr'><strong>qui</strong></span> <span class='ocrx_word' id='word_1_217' title='bbox 2910 1589 3209 1648; x_wconf 90' lang='lat' dir='ltr'><strong>calliditate</strong></span> <span class='ocrx_word' id='word_1_218' title='bbox 3238 1607 3339 1648; x_wconf 89' lang='lat' dir='ltr'><strong>sua</strong></span> <span class='ocrx_word' id='word_1_219' title='bbox 3357 1598 3412 1649; x_wconf 86' lang='lat' dir='ltr'><strong>et</strong></span> <span class='ocrx_word' id='word_1_220' title='bbox 3432 1608 3551 1649; x_wconf 87' lang='lat' dir='ltr'><strong>ma-</strong></span> 
     </span>
    </p>
   </div>
   <div class='ocr_carea' id='block_1_33' title="bbox 1986 1672 3549 1755">
    <p class='ocr_par' dir='ltr' id='par_1_33' title="bbox 1986 1672 3549 1755">
     <span class='ocr_line' id='line_1_33' title="bbox 1986 1672 3549 1755; baseline 0.006 -25"><span class='ocrx_word' id='word_1_221' title='bbox 1986 1676 2101 1731; x_wconf 88' lang='lat' dir='ltr'><strong>litia</strong></span> <span class='ocrx_word' id='word_1_222' title='bbox 2129 1690 2223 1734; x_wconf 88' lang='lat' dir='ltr'><strong>eos</strong></span> <span class='ocrx_word' id='word_1_223' title='bbox 2249 1678 2445 1735; x_wconf 86' lang='lat' dir='ltr'><strong>vicerit</strong></span> <span class='ocrx_word' id='word_1_224' title='bbox 2474 1680 2569 1751; x_wconf 92' lang='lat' dir='ltr'><strong>qui</strong></span> <span class='ocrx_word' id='word_1_225' title='bbox 2608 1693 2709 1736; x_wconf 88' lang='lat' dir='ltr'><strong>sua</strong></span> <span class='ocrx_word' id='word_1_226' title='bbox 2731 1687 2926 1752; x_wconf 90' lang='lat' dir='ltr'><strong>sponte</strong></span> <span class='ocrx_word' id='word_1_227' title='bbox 2964 1672 3034 1737; x_wconf 81' lang='lat' dir='ltr'><strong>ad</strong></span> <span class='ocrx_word' id='word_1_228' title='bbox 3071 1683 3394 1755; x_wconf 84' lang='lat' dir='ltr'><strong>martyrium</strong></span> <span class='ocrx_word' id='word_1_229' title='bbox 3415 1698 3549 1740; x_wconf 88' lang='lat' dir='ltr'><strong>con—</strong></span> 
     </span>
    </p>
   </div>
   <div class='ocr_carea' id='block_1_34' title="bbox 318 1754 1880 1853">
    <p class='ocr_par' dir='ltr' id='par_1_34' title="bbox 318 1754 1880 1853">
     <span class='ocr_line' id='line_1_34' title="bbox 318 1754 1880 1853; baseline 0.003 -22"><span class='ocrx_word' id='word_1_230' title='bbox 318 1779 547 1850; x_wconf 83' lang='grc' dir='ltr'>νικήσας</span> <span class='ocrx_word' id='word_1_231' title='bbox 560 1777 700 1833; x_wconf 85' lang='grc' dir='ltr'>κατὰ</span> <span class='ocrx_word' id='word_1_232' title='bbox 715 1754 1057 1852; x_wconf 40' lang='grc' dir='ltr'>πανουργίαν·</span> <span class='ocrx_word' id='word_1_233' title='bbox 1065 1781 1190 1845; x_wconf 80' lang='grc' dir='ltr'>τοὺς</span> <span class='ocrx_word' id='word_1_234' title='bbox 1209 1754 1681 1853; x_wconf 76' lang='grc' dir='ltr'>αὐτομολήσαντας</span> <span class='ocrx_word' id='word_1_235' title='bbox 1694 1799 1708 1813; x_wconf 81' lang='grc'><em>’</em></span> <span class='ocrx_word' id='word_1_236' title='bbox 1727 1754 1775 1836; x_wconf 85' lang='grc' dir='ltr'><strong>εί</strong></span> <span class='ocrx_word' id='word_1_237' title='bbox 1794 1754 1880 1837; x_wconf 56' lang='grc' dir='ltr'><strong>και</strong></span> 
     </span>
    </p>
   </div>
   <div class='ocr_carea' id='block_1_35' title="bbox 1981 1754 3549 1853">
    <p class='ocr_par' dir='ltr' id='par_1_35' title="bbox 1985 1754 3549 1846">
     <span class='ocr_line' id='line_1_35' title="bbox 1985 1754 3549 1846; baseline 0.005 -23"><span class='ocrx_word' id='word_1_238' title='bbox 1985 1766 2281 1839; x_wconf 80' lang='lat' dir='ltr'><strong>fugerunt:</strong></span> <span class='ocrx_word' id='word_1_239' title='bbox 2319 1771 2483 1827; x_wconf 88' lang='lat' dir='ltr'><strong>etiam</strong></span> <span class='ocrx_word' id='word_1_240' title='bbox 2531 1771 2579 1827; x_wconf 90' lang='lat' dir='ltr'><strong>si</strong></span> <span class='ocrx_word' id='word_1_241' title='bbox 2606 1786 2728 1828; x_wconf 89' lang='lat' dir='ltr'><strong>eum</strong></span> <span class='ocrx_word' id='word_1_242' title='bbox 2775 1773 2932 1828; x_wconf 85' lang='lat' dir='ltr'><strong>latuit</strong></span> <span class='ocrx_word' id='word_1_243' title='bbox 2971 1788 3030 1831; x_wconf 87' lang='lat' dir='ltr'><strong>se</strong></span> <span class='ocrx_word' id='word_1_244' title='bbox 3075 1754 3249 1846; x_wconf 83' lang='lat' dir='ltr'><strong>magis</strong></span> <span class='ocrx_word' id='word_1_245' title='bbox 3293 1773 3439 1829; x_wconf 85' lang='lat' dir='ltr'><strong>vinci</strong></span> <span class='ocrx_word' id='word_1_246' title='bbox 3479 1772 3549 1831; x_wconf 80' lang='lat' dir='ltr'><strong>ab</strong></span> 
     </span>
    </p>
   </div>
   <div class='ocr_carea' id='block_1_36' title="bbox 317 1869 1888 1947">
    <p class='ocr_par' dir='ltr' id='par_1_36' title="bbox 317 1869 1888 1947">
     <span class='ocr_line' id='line_1_36' title="bbox 317 1869 1888 1947; baseline 0.004 -23"><span class='ocrx_word' id='word_1_247' title='bbox 317 1869 575 1926; x_wconf 86' lang='grc' dir='ltr'>ἐλάνθανε</span> <span class='ocrx_word' id='word_1_248' title='bbox 597 1872 792 1944; x_wconf 71' lang='grc' dir='ltr'>μᾶλλον</span> <span class='ocrx_word' id='word_1_249' title='bbox 818 1873 1068 1928; x_wconf 81' lang='grc' dir='ltr'>νικᾶσθαι</span> <span class='ocrx_word' id='word_1_250' title='bbox 1096 1873 1200 1927; x_wconf 81' lang='grc' dir='ltr'><strong>ὐπὸ</strong></span> <span class='ocrx_word' id='word_1_251' title='bbox 1227 1873 1334 1927; x_wconf 84' lang='grc' dir='ltr'><strong>τῶν</strong></span> <span class='ocrx_word' id='word_1_252' title='bbox 1368 1873 1613 1946; x_wconf 83' lang='grc' dir='ltr'>ἀθλητῶν</span> <span class='ocrx_word' id='word_1_253' title='bbox 1631 1874 1737 1929; x_wconf 87' lang='grc' dir='ltr'><strong>τῶν</strong></span> <span class='ocrx_word' id='word_1_254' title='bbox 1761 1892 1888 1947; x_wconf 89' lang='grc' dir='ltr'>καρ-</span> 
     </span>
    </p>
   </div>
   <div class='ocr_carea' id='block_1_37' title="bbox 317 1963 1886 2037">
    <p class='ocr_par' dir='ltr' id='par_1_37' title="bbox 317 1963 1886 2037">
     <span class='ocr_line' id='line_1_37' title="bbox 317 1963 1886 2037; baseline 0.003 -20"><span class='ocrx_word' id='word_1_255' title='bbox 317 1964 660 2036; x_wconf 85' lang='grc' dir='ltr'>τερησάντων</span> <span class='ocrx_word' id='word_1_256' title='bbox 700 1965 797 2031; x_wconf 89' lang='grc' dir='ltr'><strong>τάς</strong></span> <span class='ocrx_word' id='word_1_257' title='bbox 844 1963 1125 2037; x_wconf 69' lang='grc' dir='ltr'>βασάνουςζ</span> <span class='ocrx_word' id='word_1_258' title='bbox 1167 1967 1293 2031; x_wconf 85' lang='grc' dir='ltr'>Τοῖς</span> <span class='ocrx_word' id='word_1_259' title='bbox 1337 1966 1466 2037; x_wconf 90' lang='grc' dir='ltr'>γοῦν</span> <span class='ocrx_word' id='word_1_260' title='bbox 1496 1970 1705 2031; x_wconf 82' lang='grc' dir='ltr'>πιστοῖς</span> <span class='ocrx_word' id='word_1_261' title='bbox 1739 1966 1886 2035; x_wconf 78' lang='grc' dir='ltr'>ἄξιόν</span> 
     </span>
    </p>
   </div>
   <div class='ocr_carea' id='block_1_38' title="bbox 316 2056 1886 2132">
    <p class='ocr_par' dir='ltr' id='par_1_38' title="bbox 316 2056 1886 2132">
     <span class='ocr_line' id='line_1_38' title="bbox 316 2056 1886 2132; baseline 0.001 -22"><span class='ocrx_word' id='word_1_262' title='bbox 316 2056 486 2121; x_wconf 79' lang='grc' dir='ltr'>ἐστιν,</span> <span class='ocrx_word' id='word_1_263' title='bbox 521 2056 831 2128; x_wconf 78' lang='grc' dir='ltr'>εὐχομένοις</span> <span class='ocrx_word' id='word_1_264' title='bbox 849 2056 989 2130; x_wconf 77' lang='grc' dir='ltr'>ὑπὲρ</span> <span class='ocrx_word' id='word_1_265' title='bbox 1017 2057 1194 2111; x_wconf 88' lang='grc' dir='ltr'>αὐτῶν</span> <span class='ocrx_word' id='word_1_266' title='bbox 1217 2057 1325 2112; x_wconf 88' lang='grc' dir='ltr'><strong>τῶν</strong></span> <span class='ocrx_word' id='word_1_267' title='bbox 1351 2076 1402 2111; x_wconf 87' lang='grc' dir='ltr'><strong>τι</strong></span> <span class='ocrx_word' id='word_1_268' title='bbox 1411 2058 1766 2132; x_wconf 84' lang='grc' dir='ltr'>μωρηθέντων</span> <span class='ocrx_word' id='word_1_269' title='bbox 1792 2059 1886 2113; x_wconf 67' lang='grc' dir='ltr'><strong>καὶ</strong></span> 
     </span>
    </p>
   </div>
   <div class='ocr_carea' id='block_1_39' title="bbox 315 2146 1885 2223">
    <p class='ocr_par' dir='ltr' id='par_1_39' title="bbox 315 2146 1885 2223">
     <span class='ocr_line' id='line_1_39' title="bbox 315 2146 1885 2223; baseline 0.004 -24"><span class='ocrx_word' id='word_1_270' title='bbox 315 2146 676 2219; x_wconf 76' lang='grc' dir='ltr'>ἡττηθέντων,</span> <span class='ocrx_word' id='word_1_271' title='bbox 703 2149 989 2215; x_wconf 86' lang='grc' dir='ltr'>ἐπινεύειν,</span> <span class='ocrx_word' id='word_1_272' title='bbox 1021 2152 1139 2222; x_wconf 76' lang='grc' dir='ltr'>ἦτοι</span> <span class='ocrx_word' id='word_1_273' title='bbox 1171 2149 1497 2223; x_wconf 77' lang='grc' dir='ltr'>συντρέχειν,</span> <span class='ocrx_word' id='word_1_274' title='bbox 1529 2152 1558 2204; x_wconf 84' lang='grc' dir='ltr'>ὅ</span> <span class='ocrx_word' id='word_1_275' title='bbox 1590 2169 1643 2205; x_wconf 87' lang='grc' dir='ltr'><strong>τι</strong></span> <span class='ocrx_word' id='word_1_276' title='bbox 1685 2152 1776 2205; x_wconf 78' lang='grc' dir='ltr'><strong>καὶ</strong></span> <span class='ocrx_word' id='word_1_277' title='bbox 1798 2152 1885 2206; x_wconf 83' lang='grc' dir='ltr'>δέ·</span> 
     </span>
    </p>
   </div>
   <div class='ocr_carea' id='block_1_40' title="bbox 314 2237 1886 2315">
    <p class='ocr_par' dir='ltr' id='par_1_40' title="bbox 314 2237 1886 2315">
     <span class='ocr_line' id='line_1_40' title="bbox 314 2237 1886 2315; baseline 0.003 -23"><span class='ocrx_word' id='word_1_278' title='bbox 314 2237 522 2304; x_wconf 75' lang='grc' dir='ltr'>δοκται,</span> <span class='ocrx_word' id='word_1_279' title='bbox 552 2238 645 2294; x_wconf 76' lang='grc' dir='ltr'><strong>καὶ</strong></span> <span class='ocrx_word' id='word_1_280' title='bbox 676 2242 817 2295; x_wconf 89' lang='grc' dir='ltr'>κατά</span> <span class='ocrx_word' id='word_1_281' title='bbox 850 2259 903 2295; x_wconf 92' lang='grc' dir='ltr'><strong>τι</strong></span> <span class='ocrx_word' id='word_1_282' title='bbox 940 2241 1000 2295; x_wconf 86' lang='grc' dir='ltr'><strong>οὐ</strong></span> <span class='ocrx_word' id='word_1_283' title='bbox 1030 2241 1255 2313; x_wconf 83' lang='grc' dir='ltr'>βλάπτει</span> <span class='ocrx_word' id='word_1_284' title='bbox 1304 2242 1646 2315; x_wconf 83' lang='grc' dir='ltr'>συμπάσχειν</span> <span class='ocrx_word' id='word_1_285' title='bbox 1676 2243 1770 2298; x_wconf 71' lang='grc' dir='ltr'>καὶ</span> <span class='ocrx_word' id='word_1_286' title='bbox 1796 2243 1886 2297; x_wconf 92' lang='grc' dir='ltr'>λυ-</span> 
     </span>
    </p>
   </div>
   <div class='ocr_carea' id='block_1_41' title="bbox 319 2328 1886 2407">
    <p class='ocr_par' dir='ltr' id='par_1_41' title="bbox 319 2328 1886 2407">
     <span class='ocr_line' id='line_1_41' title="bbox 319 2328 1886 2407; baseline 0.004 -25"><span class='ocrx_word' id='word_1_287' title='bbox 319 2328 535 2384; x_wconf 86' lang='grc' dir='ltr'>πεῖσθαι</span> <span class='ocrx_word' id='word_1_288' title='bbox 564 2329 704 2402; x_wconf 88' lang='grc' dir='ltr'>μετὰ</span> <span class='ocrx_word' id='word_1_289' title='bbox 733 2332 841 2386; x_wconf 89' lang='grc' dir='ltr'><strong>τῶν</strong></span> <span class='ocrx_word' id='word_1_290' title='bbox 862 2332 1115 2405; x_wconf 85' lang='grc' dir='ltr'>γονέωνῆ</span> <span class='ocrx_word' id='word_1_291' title='bbox 1140 2334 1246 2388; x_wconf 87' lang='grc' dir='ltr'><strong>τῶν</strong></span> <span class='ocrx_word' id='word_1_292' title='bbox 1274 2333 1446 2398; x_wconf 81' lang='grc' dir='ltr'>ἄλλως</span> <span class='ocrx_word' id='word_1_293' title='bbox 1473 2334 1886 2407; x_wconf 80' lang='grc' dir='ltr'>προσῳκειωμέ-</span> 
     </span>
    </p>
   </div>
   <div class='ocr_carea' id='block_1_42' title="bbox 316 2419 1884 2497">
    <p class='ocr_par' dir='ltr' id='par_1_42' title="bbox 316 2419 1884 2497">
     <span class='ocr_line' id='line_1_42' title="bbox 316 2419 1884 2497; baseline 0.005 -23"><span class='ocrx_word' id='word_1_294' title='bbox 316 2436 424 2474; x_wconf 86' lang='grc' dir='ltr'><strong>νων</strong></span> <span class='ocrx_word' id='word_1_295' title='bbox 456 2419 597 2494; x_wconf 78' lang='grc' dir='ltr'>ὐπὲρ</span> <span class='ocrx_word' id='word_1_296' title='bbox 644 2423 752 2477; x_wconf 91' lang='grc' dir='ltr'><strong>τῶν</strong></span> <span class='ocrx_word' id='word_1_297' title='bbox 783 2424 1270 2497; x_wconf 84' lang='grc' dir='ltr'>μαρτυρησάντων,</span> <span class='ocrx_word' id='word_1_298' title='bbox 1313 2427 1409 2481; x_wconf 52' lang='grc' dir='ltr'><strong>καὶ⁹</strong></span> <span class='ocrx_word' id='word_1_299' title='bbox 1453 2427 1884 2482; x_wconf 82' lang='grc' dir='ltr'>ἐκπεπτωκότων</span> 
     </span>
    </p>
   </div>
   <div class='ocr_carea' id='block_1_43' title="bbox 317 2509 1886 2587">
    <p class='ocr_par' dir='ltr' id='par_1_43' title="bbox 317 2509 1886 2587">
     <span class='ocr_line' id='line_1_43' title="bbox 317 2509 1886 2587; baseline 0.003 -22"><span class='ocrx_word' id='word_1_300' title='bbox 317 2509 427 2565; x_wconf 82' lang='grc' dir='ltr'><strong>ἀπὸ</strong></span> <span class='ocrx_word' id='word_1_301' title='bbox 457 2512 707 2585; x_wconf 80' lang='grc' dir='ltr'>μηχανῆς</span> <span class='ocrx_word' id='word_1_302' title='bbox 733 2513 825 2568; x_wconf 91' lang='grc' dir='ltr'><strong>τοῦ</strong></span> <span class='ocrx_word' id='word_1_303' title='bbox 845 2514 1108 2571; x_wconf 83' lang='grc' dir='ltr'>διαϐόλου.</span> <span class='ocrx_word' id='word_1_304' title='bbox 1139 2514 1481 2587; x_wconf 81' lang='grc' dir='ltr'>Γινώσκομεν</span> <span class='ocrx_word' id='word_1_305' title='bbox 1502 2515 1630 2587; x_wconf 84' lang='grc' dir='ltr'>γὰρ,</span> <span class='ocrx_word' id='word_1_306' title='bbox 1661 2515 1735 2580; x_wconf 83' lang='grc' dir='ltr'>ὡς</span> <span class='ocrx_word' id='word_1_307' title='bbox 1761 2514 1886 2569; x_wconf 86' lang='grc' dir='ltr'>πολ-</span> 
     </span>
    </p>
   </div>
   <div class='ocr_carea' id='block_1_44' title="bbox 316 2602 1882 2680">
    <p class='ocr_par' dir='ltr' id='par_1_44' title="bbox 316 2602 1882 2680">
     <span class='ocr_line' id='line_1_44' title="bbox 316 2602 1882 2680; baseline 0.003 -23"><span class='ocrx_word' id='word_1_308' title='bbox 316 2602 401 2657; x_wconf 71' lang='grc' dir='ltr'>λοὶ</span> <span class='ocrx_word' id='word_1_309' title='bbox 433 2606 751 2677; x_wconf 80' lang='grc' dir='ltr'>ἀπήλαυσαν</span> <span class='ocrx_word' id='word_1_310' title='bbox 794 2606 886 2663; x_wconf 86' lang='grc' dir='ltr'><strong>τοῦ</strong></span> <span class='ocrx_word' id='word_1_311' title='bbox 921 2607 1100 2673; x_wconf 80' lang='grc' dir='ltr'>ἐλέους</span> <span class='ocrx_word' id='word_1_312' title='bbox 1145 2609 1238 2663; x_wconf 81' lang='grc' dir='ltr'><strong>καὶ</strong></span> <span class='ocrx_word' id='word_1_313' title='bbox 1269 2609 1368 2679; x_wconf 81' lang='grc' dir='ltr'><strong>τῆς</strong></span> <span class='ocrx_word' id='word_1_314' title='bbox 1414 2609 1745 2680; x_wconf 87' lang='grc' dir='ltr'>ἀγαθότητος</span> <span class='ocrx_word' id='word_1_315' title='bbox 1788 2607 1882 2664; x_wconf 90' lang='grc' dir='ltr'><strong>τοῦ</strong></span> 
     </span>
    </p>
   </div>
   <div class='ocr_carea' id='block_1_45' title="bbox 316 2692 1882 2773">
    <p class='ocr_par' dir='ltr' id='par_1_45' title="bbox 316 2692 1882 2773">
     <span class='ocr_line' id='line_1_45' title="bbox 316 2692 1882 2773; baseline 0.003 -24"><span class='ocrx_word' id='word_1_316' title='bbox 316 2692 452 2750; x_wconf 85' lang='grc' dir='ltr'>Θεοῦ</span> <span class='ocrx_word' id='word_1_317' title='bbox 481 2694 570 2751; x_wconf 87' lang='grc' dir='ltr'><strong>διά</strong></span> <span class='ocrx_word' id='word_1_318' title='bbox 598 2699 762 2771; x_wconf 83' lang='grc' dir='ltr'>εὐχῆς</span> <span class='ocrx_word' id='word_1_319' title='bbox 807 2700 1029 2773; x_wconf 83' lang='grc' dir='ltr'>ἐτέρων.</span> <span class='ocrx_word' id='word_1_320' title='bbox 1060 2700 1158 2754; x_wconf 88' lang='grc' dir='ltr'>Διά</span> <span class='ocrx_word' id='word_1_321' title='bbox 1184 2717 1262 2755; x_wconf 87' lang='grc' dir='ltr'><strong>τοι</strong></span> <span class='ocrx_word' id='word_1_322' title='bbox 1294 2698 1449 2754; x_wconf 88' lang='grc' dir='ltr'>τοῦτο</span> <span class='ocrx_word' id='word_1_323' title='bbox 1492 2701 1675 2763; x_wconf 86' lang='grc' dir='ltr'>αὐτοῖς</span> <span class='ocrx_word' id='word_1_324' title='bbox 1703 2718 1764 2754; x_wconf 92' lang='grc' dir='ltr'><strong>τε</strong></span> <span class='ocrx_word' id='word_1_325' title='bbox 1794 2700 1882 2754; x_wconf 86' lang='grc' dir='ltr'>δο-</span> 
     </span>
    </p>
   </div>
   <div class='ocr_carea' id='block_1_46' title="bbox 317 2784 1883 2863">
    <p class='ocr_par' dir='ltr' id='par_1_46' title="bbox 317 2784 1883 2863">
     <span class='ocr_line' id='line_1_46' title="bbox 317 2784 1883 2863; baseline 0.003 -24"><span class='ocrx_word' id='word_1_326' title='bbox 317 2784 474 2859; x_wconf 87' lang='grc' dir='ltr'>θῆναι</span> <span class='ocrx_word' id='word_1_327' title='bbox 508 2785 700 2858; x_wconf 75' lang='grc' dir='ltr'>ἄφεσιν</span> <span class='ocrx_word' id='word_1_328' title='bbox 744 2790 894 2861; x_wconf 89' lang='grc' dir='ltr'><strong>παρά</strong></span> <span class='ocrx_word' id='word_1_329' title='bbox 935 2788 1028 2843; x_wconf 91' lang='grc' dir='ltr'><strong>τοῦ</strong></span> <span class='ocrx_word' id='word_1_330' title='bbox 1077 2789 1212 2844; x_wconf 81' lang='grc' dir='ltr'>Θεοῦ</span> <span class='ocrx_word' id='word_1_331' title='bbox 1242 2789 1617 2863; x_wconf 78' lang='grc' dir='ltr'>ἐξαιτήσομεν,</span> <span class='ocrx_word' id='word_1_332' title='bbox 1643 2792 1737 2845; x_wconf 71' lang='grc' dir='ltr'><strong>καὶ</strong></span> <span class='ocrx_word' id='word_1_333' title='bbox 1772 2795 1883 2857; x_wconf 84' lang='grc' dir='ltr'>τοῖς</span> 
     </span>
    </p>
   </div>
   <div class='ocr_carea' id='block_1_47' title="bbox 319 2876 1885 2955">
    <p class='ocr_par' dir='ltr' id='par_1_47' title="bbox 319 2876 1885 2955">
     <span class='ocr_line' id='line_1_47' title="bbox 319 2876 1885 2955; baseline 0.002 -23"><span class='ocrx_word' id='word_1_334' title='bbox 319 2876 497 2943; x_wconf 75' lang='grc' dir='ltr'>ἄλλοις</span> <span class='ocrx_word' id='word_1_335' title='bbox 518 2881 632 2944; x_wconf 80' lang='grc' dir='ltr'>τοῖς</span> <span class='ocrx_word' id='word_1_336' title='bbox 664 2881 1059 2945; x_wconf 84' lang='grc' dir='ltr'>ἐκπεπτωκόσι,</span> <span class='ocrx_word' id='word_1_337' title='bbox 1089 2883 1180 2935; x_wconf 76' lang='grc' dir='ltr'>καὶ</span> <span class='ocrx_word' id='word_1_338' title='bbox 1203 2882 1336 2953; x_wconf 89' lang='grc' dir='ltr'><strong>μετά</strong></span> <span class='ocrx_word' id='word_1_339' title='bbox 1363 2882 1533 2939; x_wconf 89' lang='grc' dir='ltr'>ταῦτα</span> <span class='ocrx_word' id='word_1_340' title='bbox 1560 2883 1657 2955; x_wconf 81' lang='grc' dir='ltr'>τὴν</span> <span class='ocrx_word' id='word_1_341' title='bbox 1679 2883 1885 2955; x_wconf 81' lang='grc' dir='ltr'>πλάνην</span> 
     </span>
    </p>
   </div>
   <div class='ocr_carea' id='block_1_48' title="bbox 316 2969 1881 3046">
    <p class='ocr_par' dir='ltr' id='par_1_48' title="bbox 316 2969 1881 3046">
     <span class='ocr_line' id='line_1_48' title="bbox 316 2969 1881 3046; baseline 0.002 -23"><span class='ocrx_word' id='word_1_342' title='bbox 316 2969 807 3043; x_wconf 78' lang='grc' dir='ltr'>ἀνακαλεσαμένοις</span> <span class='ocrx_word' id='word_1_343' title='bbox 859 2971 954 3025; x_wconf 73' lang='grc' dir='ltr'>καὶ</span> <span class='ocrx_word' id='word_1_344' title='bbox 1009 2972 1370 3044; x_wconf 75' lang='grc' dir='ltr'>όμολογήσασι</span> <span class='ocrx_word' id='word_1_345' title='bbox 1418 2975 1518 3046; x_wconf 80' lang='grc' dir='ltr'>τὴν</span> <span class='ocrx_word' id='word_1_346' title='bbox 1568 2972 1881 3037; x_wconf 88' lang='grc' dir='ltr'>εὐσέϐειαν,</span> 
     </span>
    </p>
   </div>
   <div class='ocr_carea' id='block_1_49' title="bbox 322 3063 1951 3163">
    <p class='ocr_par' dir='ltr' id='par_1_49' title="bbox 322 3063 1951 3163">
     <span class='ocr_line' id='line_1_49' title="bbox 322 3063 1951 3163; baseline 0 -47"><span class='ocrx_word' id='word_1_347' title='bbox 322 3063 851 3135; x_wconf 80' lang='grc' dir='ltr'>συγκοινωνήσομεν,</span> <span class='ocrx_word' id='word_1_348' title='bbox 898 3064 1231 3163; x_wconf 60' lang='grc' dir='ltr'>μεμνημένοι</span> <span class='ocrx_word' id='word_1_349' title='bbox 1254 3063 1362 3119; x_wconf 85' lang='grc' dir='ltr'><strong>τῶν</strong></span> <span class='ocrx_word' id='word_1_350' title='bbox 1406 3065 1511 3138; x_wconf 80' lang='grc' dir='ltr'><strong>πρὸ</strong></span> <span class='ocrx_word' id='word_1_351' title='bbox 1558 3064 1655 3135; x_wconf 89' lang='grc' dir='ltr'><strong>τῆς</strong></span> <span class='ocrx_word' id='word_1_352' title='bbox 1681 3063 1886 3118; x_wconf 82' lang='grc' dir='ltr'>ἐκπτώ-</span> <span class='ocrx_word' id='word_1_353' title='bbox 1909 3106 1951 3163; x_wconf 75' lang='lat' dir='ltr'>c</span> 
     </span>
    </p>
   </div>
   <div class='ocr_carea' id='block_1_50' title="bbox 316 3148 1879 3226">
    <p class='ocr_par' dir='ltr' id='par_1_50' title="bbox 316 3148 1879 3226">
     <span class='ocr_line' id='line_1_50' title="bbox 316 3148 1879 3226; baseline 0.002 -18"><span class='ocrx_word' id='word_1_354' title='bbox 316 3167 455 3217; x_wconf 85' lang='grc' dir='ltr'>σεως</span> <span class='ocrx_word' id='word_1_355' title='bbox 504 3153 726 3223; x_wconf 82' lang='grc' dir='ltr'>ἀγώνων</span> <span class='ocrx_word' id='word_1_356' title='bbox 756 3154 954 3221; x_wconf 87' lang='grc' dir='ltr'>αὐτῶν,</span> <span class='ocrx_word' id='word_1_357' title='bbox 1005 3148 1080 3209; x_wconf 81' lang='grc' dir='ltr'>ὧν</span> <span class='ocrx_word' id='word_1_358' title='bbox 1111 3156 1423 3226; x_wconf 84' lang='grc' dir='ltr'>ὐπήνεγκαν</span> <span class='ocrx_word' id='word_1_359' title='bbox 1463 3155 1553 3210; x_wconf 81' lang='grc' dir='ltr'>διὰ</span> <span class='ocrx_word' id='word_1_360' title='bbox 1578 3157 1673 3210; x_wconf 82' lang='grc' dir='ltr'>τὸν</span> <span class='ocrx_word' id='word_1_361' title='bbox 1720 3154 1879 3224; x_wconf 80' lang='grc' dir='ltr'>Θεὸν,</span> 
     </span>
    </p>
   </div>
   <div class='ocr_carea' id='block_1_51' title="bbox 314 3241 1885 3320">
    <p class='ocr_par' dir='ltr' id='par_1_51' title="bbox 314 3241 1885 3320">
     <span class='ocr_line' id='line_1_51' title="bbox 314 3241 1885 3320; baseline 0.004 -24"><span class='ocrx_word' id='word_1_362' title='bbox 314 3241 451 3297; x_wconf 75' lang='grc' dir='ltr'><strong>ἀλλά</strong></span> <span class='ocrx_word' id='word_1_363' title='bbox 478 3244 584 3316; x_wconf 79' lang='grc' dir='ltr'><strong>μὴν</strong></span> <span class='ocrx_word' id='word_1_364' title='bbox 610 3244 707 3299; x_wconf 75' lang='grc' dir='ltr'>καὶ</span> <span class='ocrx_word' id='word_1_365' title='bbox 737 3244 829 3299; x_wconf 91' lang='grc' dir='ltr'><strong>τοῦ</strong></span> <span class='ocrx_word' id='word_1_366' title='bbox 859 3244 998 3317; x_wconf 82' lang='grc' dir='ltr'><strong>μετά</strong></span> <span class='ocrx_word' id='word_1_367' title='bbox 1021 3245 1190 3301; x_wconf 88' lang='grc' dir='ltr'>ταῦτα</span> <span class='ocrx_word' id='word_1_368' title='bbox 1212 3247 1413 3316; x_wconf 77' lang='grc' dir='ltr'>ἀγαθοῦ</span> <span class='ocrx_word' id='word_1_369' title='bbox 1439 3248 1740 3320; x_wconf 83' lang='grc' dir='ltr'>μεταμέλου</span> <span class='ocrx_word' id='word_1_370' title='bbox 1769 3248 1885 3302; x_wconf 90' lang='grc' dir='ltr'>τού-</span> 
     </span>
    </p>
   </div>
   <div class='ocr_carea' id='block_1_52' title="bbox 312 3333 1881 3409">
    <p class='ocr_par' dir='ltr' id='par_1_52' title="bbox 312 3333 1881 3409">
     <span class='ocr_line' id='line_1_52' title="bbox 312 3333 1881 3409; baseline 0.004 -22"><span class='ocrx_word' id='word_1_371' title='bbox 312 3349 441 3398; x_wconf 86' lang='grc' dir='ltr'>των,</span> <span class='ocrx_word' id='word_1_372' title='bbox 474 3333 568 3389; x_wconf 80' lang='grc' dir='ltr'>καὶ</span> <span class='ocrx_word' id='word_1_373' title='bbox 602 3334 682 3389; x_wconf 78' lang='grc' dir='ltr'><strong>δτι</strong></span> <span class='ocrx_word' id='word_1_374' title='bbox 716 3335 1126 3409; x_wconf 87' lang='grc' dir='ltr'>μεμαρτύρηται</span> <span class='ocrx_word' id='word_1_375' title='bbox 1169 3337 1547 3403; x_wconf 81' lang='grc' dir='ltr'>ἀπολιτεύτους</span> <span class='ocrx_word' id='word_1_376' title='bbox 1574 3338 1881 3408; x_wconf 77' lang='grc' dir='ltr'>λογίζεσθαι</span> 
     </span>
    </p>
   </div>
   <div class='ocr_carea' id='block_1_53' title="bbox 313 3425 1882 3502">
    <p class='ocr_par' dir='ltr' id='par_1_53' title="bbox 313 3425 1882 3502">
     <span class='ocr_line' id='line_1_53' title="bbox 313 3425 1882 3502; baseline 0.003 -21"><span class='ocrx_word' id='word_1_377' title='bbox 313 3425 538 3489; x_wconf 66' lang='grc' dir='ltr'>ἑαυτοὺς</span> <span class='ocrx_word' id='word_1_378' title='bbox 567 3426 654 3481; x_wconf 89' lang='grc' dir='ltr'><strong>διά</strong></span> <span class='ocrx_word' id='word_1_379' title='bbox 684 3427 1012 3500; x_wconf 83' lang='grc' dir='ltr'>ἁμάρτημα·</span> <span class='ocrx_word' id='word_1_380' title='bbox 1053 3429 1231 3484; x_wconf 87' lang='grc' dir='ltr'><strong>καὶού</strong></span> <span class='ocrx_word' id='word_1_381' title='bbox 1264 3428 1422 3501; x_wconf 89' lang='grc' dir='ltr'>μόνον</span> <span class='ocrx_word' id='word_1_382' title='bbox 1456 3430 1882 3502; x_wconf 80' lang='grc' dir='ltr'>συγκοινωνήσο-</span> 
     </span>
    </p>
   </div>
   <div class='ocr_carea' id='block_1_54' title="bbox 316 3516 1882 3592">
    <p class='ocr_par' dir='ltr' id='par_1_54' title="bbox 316 3516 1882 3592">
     <span class='ocr_line' id='line_1_54' title="bbox 316 3516 1882 3592; baseline 0.003 -22"><span class='ocrx_word' id='word_1_383' title='bbox 316 3533 419 3586; x_wconf 83' lang='grc' dir='ltr'><strong>μεν</strong></span> <span class='ocrx_word' id='word_1_384' title='bbox 442 3516 645 3582; x_wconf 84' lang='grc' dir='ltr'>αὐτοῖς,</span> <span class='ocrx_word' id='word_1_385' title='bbox 677 3516 811 3572; x_wconf 82' lang='grc' dir='ltr'><strong>ἀλλά</strong></span> <span class='ocrx_word' id='word_1_386' title='bbox 838 3518 933 3573; x_wconf 69' lang='grc' dir='ltr'><strong>καὶ</strong></span> <span class='ocrx_word' id='word_1_387' title='bbox 959 3518 1323 3591; x_wconf 78' lang='grc' dir='ltr'>συνευξόμεθα</span> <span class='ocrx_word' id='word_1_388' title='bbox 1350 3520 1489 3592; x_wconf 83' lang='grc' dir='ltr'>ὑπὲρ</span> <span class='ocrx_word' id='word_1_389' title='bbox 1524 3519 1752 3592; x_wconf 87' lang='grc' dir='ltr'>ίλασμοῦ</span> <span class='ocrx_word' id='word_1_390' title='bbox 1784 3522 1882 3575; x_wconf 89' lang='grc' dir='ltr'>αὐ-</span> 
     </span>
    </p>
   </div>
   <div class='ocr_carea' id='block_1_55' title="bbox 315 3606 1880 3685">
    <p class='ocr_par' dir='ltr' id='par_1_55' title="bbox 315 3606 1880 3685">
     <span class='ocr_line' id='line_1_55' title="bbox 315 3606 1880 3685; baseline 0.003 -23"><span class='ocrx_word' id='word_1_391' title='bbox 315 3606 424 3662; x_wconf 83' lang='grc' dir='ltr'><strong>τῶν</strong></span> <span class='ocrx_word' id='word_1_392' title='bbox 458 3609 594 3679; x_wconf 84' lang='grc' dir='ltr'><strong>μετά</strong></span> <span class='ocrx_word' id='word_1_393' title='bbox 617 3608 727 3663; x_wconf 92' lang='grc' dir='ltr'><strong>τῶν</strong></span> <span class='ocrx_word' id='word_1_394' title='bbox 767 3609 941 3665; x_wconf 78' lang='grc' dir='ltr'>ἄλλων</span> <span class='ocrx_word' id='word_1_395' title='bbox 971 3609 1076 3665; x_wconf 91' lang='grc' dir='ltr'><strong>τῶν</strong></span> <span class='ocrx_word' id='word_1_396' title='bbox 1118 3610 1496 3683; x_wconf 88' lang='grc' dir='ltr'>καθηκόντων,</span> <span class='ocrx_word' id='word_1_397' title='bbox 1542 3612 1710 3683; x_wconf 78' lang='grc' dir='ltr'>ῆγουν</span> <span class='ocrx_word' id='word_1_398' title='bbox 1741 3613 1880 3685; x_wconf 82' lang='grc' dir='ltr'>μετὰ</span> 
     </span>
    </p>
   </div>
   <div class='ocr_carea' id='block_1_56' title="bbox 293 3697 1880 3777">
    <p class='ocr_par' dir='ltr' id='par_1_56' title="bbox 293 3697 1880 3777">
     <span class='ocr_line' id='line_1_56' title="bbox 293 3697 1880 3777; baseline 0.001 -21"><span class='ocrx_word' id='word_1_399' title='bbox 293 3697 422 3756; x_wconf 75' lang='grc' dir='ltr'><strong>τῶν</strong></span> <span class='ocrx_word' id='word_1_400' title='bbox 447 3700 772 3769; x_wconf 81' lang='grc' dir='ltr'>όφειλουσῶν</span> <span class='ocrx_word' id='word_1_401' title='bbox 795 3700 1034 3772; x_wconf 84' lang='grc' dir='ltr'>γίνεσθαι</span> <span class='ocrx_word' id='word_1_402' title='bbox 1055 3702 1307 3757; x_wconf 85' lang='grc' dir='ltr'>εὐποιιῶν</span> <span class='ocrx_word' id='word_1_403' title='bbox 1339 3704 1466 3775; x_wconf 77' lang='grc' dir='ltr'>περὶ</span> <span class='ocrx_word' id='word_1_404' title='bbox 1494 3703 1736 3771; x_wconf 87' lang='grc' dir='ltr'>τούτους,</span> <span class='ocrx_word' id='word_1_405' title='bbox 1794 3720 1880 3777; x_wconf 88' lang='grc' dir='ltr'>νη-</span> 
     </span>
    </p>
   </div>
   <div class='ocr_carea' id='block_1_57' title="bbox 314 3788 1877 3865">
    <p class='ocr_par' dir='ltr' id='par_1_57' title="bbox 314 3788 1877 3865">
     <span class='ocr_line' id='line_1_57' title="bbox 314 3788 1877 3865; baseline 0.004 -22"><span class='ocrx_word' id='word_1_406' title='bbox 314 3789 495 3854; x_wconf 84' lang='grc' dir='ltr'>στείας</span> <span class='ocrx_word' id='word_1_407' title='bbox 524 3788 782 3862; x_wconf 84' lang='grc' dir='ltr'>δηλονότι,</span> <span class='ocrx_word' id='word_1_408' title='bbox 830 3791 1193 3865; x_wconf 86' lang='grc' dir='ltr'>ἐλεημοσύνης</span> <span class='ocrx_word' id='word_1_409' title='bbox 1220 3795 1315 3848; x_wconf 75' lang='grc' dir='ltr'><strong>καὶ</strong></span> <span class='ocrx_word' id='word_1_410' title='bbox 1359 3795 1642 3865; x_wconf 86' lang='grc' dir='ltr'>μετανοίας</span> <span class='ocrx_word' id='word_1_411' title='bbox 1663 3812 1677 3825; x_wconf 86' lang='grc'><strong>·</strong></span> <span class='ocrx_word' id='word_1_412' title='bbox 1714 3795 1782 3849; x_wconf 86' lang='grc' dir='ltr'>δι’</span> <span class='ocrx_word' id='word_1_413' title='bbox 1803 3788 1877 3850; x_wconf 84' lang='grc' dir='ltr'>ὧν</span> 
     </span>
    </p>
   </div>
   <div class='ocr_carea' id='block_1_58' title="bbox 312 3881 1877 3958">
    <p class='ocr_par' dir='ltr' id='par_1_58' title="bbox 312 3881 1877 3958">
     <span class='ocr_line' id='line_1_58' title="bbox 312 3881 1877 3958; baseline 0.004 -23"><span class='ocrx_word' id='word_1_414' title='bbox 312 3883 343 3936; x_wconf 80' lang='grc' dir='ltr'><strong>δ</strong></span> <span class='ocrx_word' id='word_1_415' title='bbox 373 3881 654 3955; x_wconf 86' lang='grc' dir='ltr'>γινόμενος</span> <span class='ocrx_word' id='word_1_416' title='bbox 702 3884 1046 3958; x_wconf 84' lang='grc' dir='ltr'>παράκλητος</span> <span class='ocrx_word' id='word_1_417' title='bbox 1090 3886 1229 3958; x_wconf 79' lang='grc' dir='ltr'>ὑπὲρ</span> <span class='ocrx_word' id='word_1_418' title='bbox 1274 3888 1430 3958; x_wconf 77' lang='grc' dir='ltr'>ἡμῶν</span> <span class='ocrx_word' id='word_1_419' title='bbox 1477 3885 1877 3958; x_wconf 81' lang='grc' dir='ltr'>ἐξευμενίζεται</span> 
     </span>
    </p>
   </div>
   <div class='ocr_carea' id='block_1_59' title="bbox 314 3973 1878 4051">
    <p class='ocr_par' dir='ltr' id='par_1_59' title="bbox 314 3973 1878 4051">
     <span class='ocr_line' id='line_1_59' title="bbox 314 3973 1878 4051; baseline 0.003 -24"><span class='ocrx_word' id='word_1_420' title='bbox 314 3975 447 4046; x_wconf 77' lang='grc' dir='ltr'>ημῖν</span> <span class='ocrx_word' id='word_1_421' title='bbox 478 3974 571 4028; x_wconf 86' lang='grc' dir='ltr'><strong>τὸν</strong></span> <span class='ocrx_word' id='word_1_422' title='bbox 612 3975 845 4049; x_wconf 85' lang='grc' dir='ltr'>Πατέρα.</span> <span class='ocrx_word' id='word_1_423' title='bbox 889 3973 1025 4032; x_wconf 82' lang='grc' dir='ltr'>Εἶτα</span> <span class='ocrx_word' id='word_1_424' title='bbox 1071 3977 1163 4031; x_wconf 73' lang='grc' dir='ltr'><strong>καὶ</strong></span> <span class='ocrx_word' id='word_1_425' title='bbox 1208 3981 1401 4050; x_wconf 76' lang='grc' dir='ltr'>χρήσει</span> <span class='ocrx_word' id='word_1_426' title='bbox 1436 3978 1700 4051; x_wconf 82' lang='grc' dir='ltr'>κέχρηται</span> <span class='ocrx_word' id='word_1_427' title='bbox 1742 3995 1878 4051; x_wconf 88' lang='grc' dir='ltr'>γρα-</span> 
     </span>
    </p>
   </div>
   <div class='ocr_carea' id='block_1_60' title="bbox 313 4065 1878 4141">
    <p class='ocr_par' dir='ltr' id='par_1_60' title="bbox 313 4065 1878 4141">
     <span class='ocr_line' id='line_1_60' title="bbox 313 4065 1878 4141; baseline 0.002 -22"><span class='ocrx_word' id='word_1_428' title='bbox 313 4067 470 4136; x_wconf 81' lang='grc' dir='ltr'>φικῇ.</span> <span class='ocrx_word' id='word_1_429' title='bbox 518 4065 582 4120; x_wconf 88' lang='grc' dir='ltr'>Ἡ</span> <span class='ocrx_word' id='word_1_430' title='bbox 616 4065 674 4120; x_wconf 87' lang='grc' dir='ltr'><strong>δέ</strong></span> <span class='ocrx_word' id='word_1_431' title='bbox 705 4068 850 4121; x_wconf 90' lang='grc' dir='ltr'>ἐστιν</span> <span class='ocrx_word' id='word_1_432' title='bbox 895 4070 957 4122; x_wconf 90' lang='grc' dir='ltr'><strong>ἐκ</strong></span> <span class='ocrx_word' id='word_1_433' title='bbox 999 4068 1099 4140; x_wconf 90' lang='grc' dir='ltr'><strong>τῆς</strong></span> <span class='ocrx_word' id='word_1_434' title='bbox 1144 4066 1366 4141; x_wconf 80' lang='grc' dir='ltr'>πρώτης</span> <span class='ocrx_word' id='word_1_435' title='bbox 1412 4067 1704 4139; x_wconf 86' lang='grc' dir='ltr'>καθολικῆς</span> <span class='ocrx_word' id='word_1_436' title='bbox 1758 4070 1878 4122; x_wconf 83' lang='grc' dir='ltr'>ἐπι-</span> 
     </span>
    </p>
   </div>
   <div class='ocr_carea' id='block_1_61' title="bbox 313 4158 1876 4232">
    <p class='ocr_par' dir='ltr' id='par_1_61' title="bbox 313 4158 1876 4232">
     <span class='ocr_line' id='line_1_61' title="bbox 313 4158 1876 4232; baseline 0.002 -19"><span class='ocrx_word' id='word_1_437' title='bbox 313 4158 505 4232; x_wconf 82' lang='grc' dir='ltr'>στολῆς</span> <span class='ocrx_word' id='word_1_438' title='bbox 530 4158 625 4228; x_wconf 79' lang='grc' dir='ltr'><strong>τοῦ</strong></span> <span class='ocrx_word' id='word_1_439' title='bbox 654 4160 808 4230; x_wconf 84' lang='grc' dir='ltr'>ἁγίου</span> <span class='ocrx_word' id='word_1_440' title='bbox 836 4161 1130 4217; x_wconf 85' lang='grc' dir='ltr'>ἀποστόλου</span> <span class='ocrx_word' id='word_1_441' title='bbox 1159 4162 1251 4215; x_wconf 71' lang='grc' dir='ltr'>καὶ</span> <span class='ocrx_word' id='word_1_442' title='bbox 1277 4160 1658 4230; x_wconf 83' lang='grc' dir='ltr'>εὐαγγελιστοῦ</span> <span class='ocrx_word' id='word_1_443' title='bbox 1699 4161 1876 4216; x_wconf 87' lang='grc' dir='ltr'>Ἰωάν-</span> 
     </span>
    </p>
   </div>
   <div class='ocr_carea' id='block_1_62' title="bbox 311 4268 426 4309">
    <p class='ocr_par' dir='ltr' id='par_1_62' title="bbox 311 4268 426 4309">
     <span class='ocr_line' id='line_1_62' title="bbox 311 4268 426 4309; baseline 0.026 -4"><span class='ocrx_word' id='word_1_444' title='bbox 311 4268 426 4309; x_wconf 87' lang='grc' dir='ltr'>νου.</span> 
     </span>
    </p>
   </div>
   <div class='ocr_carea' id='block_1_63' title="bbox 381 4344 1874 4417">
    <p class='ocr_par' dir='ltr' id='par_1_63' title="bbox 381 4344 1874 4417">
     <span class='ocr_line' id='line_1_63' title="bbox 381 4344 1874 4417; baseline -0.003 -16"><span class='ocrx_word' id='word_1_445' title='bbox 381 4345 622 4401; x_wconf 81' lang='grc' dir='ltr'><strong>ΖΩΝΑΡ.</strong></span> <span class='ocrx_word' id='word_1_446' title='bbox 675 4345 732 4400; x_wconf 86' lang='grc' dir='ltr'>Ὀ</span> <span class='ocrx_word' id='word_1_447' title='bbox 772 4346 894 4411; x_wconf 83' lang='grc' dir='ltr'>νοῦς</span> <span class='ocrx_word' id='word_1_448' title='bbox 932 4345 1025 4400; x_wconf 90' lang='grc' dir='ltr'><strong>τοῦ</strong></span> <span class='ocrx_word' id='word_1_449' title='bbox 1068 4346 1331 4417; x_wconf 84' lang='grc' dir='ltr'>παρόντος</span> <span class='ocrx_word' id='word_1_450' title='bbox 1369 4346 1589 4409; x_wconf 86' lang='grc' dir='ltr'>κανόνος</span> <span class='ocrx_word' id='word_1_451' title='bbox 1636 4344 1874 4409; x_wconf 86' lang='grc' dir='ltr'>τοιοῦτός</span> 
     </span>
    </p>
   </div>
   <div class='ocr_carea' id='block_1_64' title="bbox 1986 1858 3552 1936">
    <p class='ocr_par' dir='ltr' id='par_1_64' title="bbox 1986 1858 3552 1936">
     <span class='ocr_line' id='line_1_64' title="bbox 1986 1858 3552 1936; baseline 0.005 -23"><span class='ocrx_word' id='word_1_452' title='bbox 1986 1858 2225 1923; x_wconf 88' lang='lat' dir='ltr'><strong>athletis,</strong></span> <span class='ocrx_word' id='word_1_453' title='bbox 2255 1860 2350 1931; x_wconf 84' lang='lat' dir='ltr'><strong>qui</strong></span> <span class='ocrx_word' id='word_1_454' title='bbox 2383 1869 2653 1917; x_wconf 89' lang='lat' dir='ltr'><strong>tormenta</strong></span> <span class='ocrx_word' id='word_1_455' title='bbox 2682 1860 2898 1919; x_wconf 79' lang='lat' dir='ltr'><strong>fortiter</strong></span> <span class='ocrx_word' id='word_1_456' title='bbox 2929 1864 3173 1936; x_wconf 89' lang='lat' dir='ltr'><strong>perpessi</strong></span> <span class='ocrx_word' id='word_1_457' title='bbox 3202 1871 3349 1921; x_wconf 92' lang='lat' dir='ltr'><strong>sunt.</strong></span> <span class='ocrx_word' id='word_1_458' title='bbox 3388 1862 3552 1921; x_wconf 85' lang='lat' dir='ltr'><strong>Fide-</strong></span> 
     </span>
    </p>
   </div>
   <div class='ocr_carea' id='block_1_65' title="bbox 1984 1949 3549 2028">
    <p class='ocr_par' dir='ltr' id='par_1_65' title="bbox 1984 1949 3549 2028">
     <span class='ocr_line' id='line_1_65' title="bbox 1984 1949 3549 2028; baseline 0.004 -24"><span class='ocrx_word' id='word_1_459' title='bbox 1984 1949 2132 2005; x_wconf 87' lang='lat' dir='ltr'><strong>libus</strong></span> <span class='ocrx_word' id='word_1_460' title='bbox 2164 1961 2293 2023; x_wconf 80' lang='lat' dir='ltr'><strong>ergo</strong></span> <span class='ocrx_word' id='word_1_461' title='bbox 2315 1952 2600 2008; x_wconf 89' lang='lat' dir='ltr'><strong>orantibus</strong></span> <span class='ocrx_word' id='word_1_462' title='bbox 2630 1966 2846 2024; x_wconf 78' lang='lat' dir='ltr'><strong>aequum</strong></span> <span class='ocrx_word' id='word_1_463' title='bbox 2876 1961 2961 2010; x_wconf 90' lang='lat' dir='ltr'><strong>est</strong></span> <span class='ocrx_word' id='word_1_464' title='bbox 2989 1969 3089 2025; x_wconf 91' lang='lat' dir='ltr'><strong>pro</strong></span> <span class='ocrx_word' id='word_1_465' title='bbox 3119 1954 3251 2027; x_wconf 89' lang='lat' dir='ltr'><strong>ipsis</strong></span> <span class='ocrx_word' id='word_1_466' title='bbox 3280 1956 3549 2028; x_wconf 91' lang='lat' dir='ltr'><strong>supplicio</strong></span> 
     </span>
    </p>
   </div>
   <div class='ocr_carea' id='block_1_66' title="bbox 1984 2041 3548 2114">
    <p class='ocr_par' dir='ltr' id='par_1_66' title="bbox 1984 2041 3548 2114">
     <span class='ocr_line' id='line_1_66' title="bbox 1984 2041 3548 2114; baseline 0.006 -18"><span class='ocrx_word' id='word_1_467' title='bbox 1984 2041 2191 2097; x_wconf 79' lang='lat' dir='ltr'><strong>aﬂ‘ectis</strong></span> <span class='ocrx_word' id='word_1_468' title='bbox 2211 2051 2265 2098; x_wconf 88' lang='lat' dir='ltr'><strong>et</strong></span> <span class='ocrx_word' id='word_1_469' title='bbox 2290 2043 2519 2114; x_wconf 87' lang='lat' dir='ltr'><strong>punitis,</strong></span> <span class='ocrx_word' id='word_1_470' title='bbox 2551 2058 2813 2110; x_wconf 89' lang='lat' dir='ltr'><strong>annuere,</strong></span> <span class='ocrx_word' id='word_1_471' title='bbox 2850 2045 2964 2103; x_wconf 87' lang='lat' dir='ltr'><strong>sive</strong></span> <span class='ocrx_word' id='word_1_472' title='bbox 2988 2046 3045 2101; x_wconf 84' lang='lat' dir='ltr'><strong>in</strong></span> <span class='ocrx_word' id='word_1_473' title='bbox 3068 2045 3175 2102; x_wconf 84' lang='lat' dir='ltr'><strong>hoc</strong></span> <span class='ocrx_word' id='word_1_474' title='bbox 3199 2062 3548 2112; x_wconf 86' lang='lat' dir='ltr'><strong>concurrere,</strong></span> 
     </span>
    </p>
   </div>
   <div class='ocr_carea' id='block_1_67' title="bbox 1984 2116 3545 2209">
    <p class='ocr_par' dir='ltr' id='par_1_67' title="bbox 1984 2116 3545 2209">
     <span class='ocr_line' id='line_1_67' title="bbox 1984 2116 3545 2209; baseline 0.006 -23"><span class='ocrx_word' id='word_1_475' title='bbox 1984 2116 2131 2203; x_wconf 83' lang='lat' dir='ltr'><strong>quod</strong></span> <span class='ocrx_word' id='word_1_476' title='bbox 2156 2134 2321 2190; x_wconf 91' lang='lat' dir='ltr'><strong>etiam</strong></span> <span class='ocrx_word' id='word_1_477' title='bbox 2351 2135 2527 2190; x_wconf 90' lang='lat' dir='ltr'><strong>visum</strong></span> <span class='ocrx_word' id='word_1_478' title='bbox 2566 2142 2672 2202; x_wconf 90' lang='lat' dir='ltr'><strong>est,</strong></span> <span class='ocrx_word' id='word_1_479' title='bbox 2718 2145 2773 2193; x_wconf 89' lang='lat' dir='ltr'><strong>et</strong></span> <span class='ocrx_word' id='word_1_480' title='bbox 2804 2137 2988 2209; x_wconf 90' lang='lat' dir='ltr'><strong>aliquo</strong></span> <span class='ocrx_word' id='word_1_481' title='bbox 3018 2137 3183 2194; x_wconf 87' lang='lat' dir='ltr'><strong>modo</strong></span> <span class='ocrx_word' id='word_1_482' title='bbox 3212 2139 3350 2195; x_wconf 87' lang='lat' dir='ltr'><strong>nihil</strong></span> <span class='ocrx_word' id='word_1_483' title='bbox 3379 2136 3545 2206; x_wconf 67' lang='lat' dir='ltr'><strong>laedit,</strong></span> 
     </span>
    </p>
   </div>
   <div class='ocr_carea' id='block_1_68' title="bbox 1983 2226 3549 2304">
    <p class='ocr_par' dir='ltr' id='par_1_68' title="bbox 1983 2226 3549 2304">
     <span class='ocr_line' id='line_1_68' title="bbox 1983 2226 3549 2304; baseline 0.006 -25"><span class='ocrx_word' id='word_1_484' title='bbox 1983 2239 2090 2279; x_wconf 91' lang='lat' dir='ltr'><strong>una</strong></span> <span class='ocrx_word' id='word_1_485' title='bbox 2120 2239 2244 2281; x_wconf 89' lang='lat' dir='ltr'><strong>cum</strong></span> <span class='ocrx_word' id='word_1_486' title='bbox 2271 2226 2590 2297; x_wconf 89' lang='lat' dir='ltr'><strong>parentibus</strong></span> <span class='ocrx_word' id='word_1_487' title='bbox 2615 2227 2702 2284; x_wconf 86' lang='lat' dir='ltr'><strong>vel</strong></span> <span class='ocrx_word' id='word_1_488' title='bbox 2727 2227 2852 2286; x_wconf 91' lang='lat' dir='ltr'><strong>aliis</strong></span> <span class='ocrx_word' id='word_1_489' title='bbox 2882 2229 3285 2287; x_wconf 88' lang='lat' dir='ltr'><strong>necessitudine</strong></span> <span class='ocrx_word' id='word_1_490' title='bbox 3316 2231 3549 2304; x_wconf 88' lang='lat' dir='ltr'><strong>conjun-</strong></span> 
     </span>
    </p>
   </div>
   <div class='ocr_carea' id='block_1_69' title="bbox 1984 2317 3547 2396">
    <p class='ocr_par' dir='ltr' id='par_1_69' title="bbox 1984 2317 3547 2396">
     <span class='ocr_line' id='line_1_69' title="bbox 1984 2317 3547 2396; baseline 0.005 -25"><span class='ocrx_word' id='word_1_491' title='bbox 1984 2317 2109 2382; x_wconf 91' lang='lat' dir='ltr'><strong>ctis,</strong></span> <span class='ocrx_word' id='word_1_492' title='bbox 2138 2332 2238 2389; x_wconf 91' lang='lat' dir='ltr'><strong>pro</strong></span> <span class='ocrx_word' id='word_1_493' title='bbox 2272 2317 2339 2374; x_wconf 88' lang='lat' dir='ltr'><strong>iis</strong></span> <span class='ocrx_word' id='word_1_494' title='bbox 2366 2320 2463 2391; x_wconf 88' lang='lat' dir='ltr'><strong>qui</strong></span> <span class='ocrx_word' id='word_1_495' title='bbox 2489 2318 2865 2379; x_wconf 84' lang='lat' dir='ltr'><strong>testimonium</strong></span> <span class='ocrx_word' id='word_1_496' title='bbox 2902 2321 3168 2378; x_wconf 86' lang='lat' dir='ltr'><strong>dederunt</strong></span> <span class='ocrx_word' id='word_1_497' title='bbox 3196 2325 3547 2396; x_wconf 84' lang='lat' dir='ltr'><strong>martyrium-</strong></span> 
     </span>
    </p>
   </div>
   <div class='ocr_carea' id='block_1_70' title="bbox 1984 2410 3549 2485">
    <p class='ocr_par' dir='ltr' id='par_1_70' title="bbox 1984 2410 3549 2485">
     <span class='ocr_line' id='line_1_70' title="bbox 1984 2410 3549 2485; baseline 0.005 -22"><span class='ocrx_word' id='word_1_498' title='bbox 1984 2423 2090 2479; x_wconf 90' lang='lat' dir='ltr'><strong>que</strong></span> <span class='ocrx_word' id='word_1_499' title='bbox 2118 2410 2429 2477; x_wconf 85' lang='lat' dir='ltr'><strong>subierunt,</strong></span> <span class='ocrx_word' id='word_1_500' title='bbox 2462 2412 2556 2470; x_wconf 91' lang='lat' dir='ltr'><strong>sed</strong></span> <span class='ocrx_word' id='word_1_501' title='bbox 2598 2413 2738 2485; x_wconf 87' lang='lat' dir='ltr'><strong>lapsi</strong></span> <span class='ocrx_word' id='word_1_502' title='bbox 2773 2419 2904 2471; x_wconf 89' lang='lat' dir='ltr'><strong>sunt</strong></span> <span class='ocrx_word' id='word_1_503' title='bbox 2932 2414 3135 2472; x_wconf 88' lang='lat' dir='ltr'><strong>diaboli</strong></span> <span class='ocrx_word' id='word_1_504' title='bbox 3164 2423 3282 2472; x_wconf 90' lang='lat' dir='ltr'><strong>arte</strong></span> <span class='ocrx_word' id='word_1_505' title='bbox 3315 2427 3370 2472; x_wconf 92' lang='lat' dir='ltr'><strong>et</strong></span> <span class='ocrx_word' id='word_1_506' title='bbox 3408 2417 3549 2474; x_wconf 87' lang='lat' dir='ltr'><strong>insi-</strong></span> 
     </span>
    </p>
   </div>
   <div class='ocr_carea' id='block_1_71' title="bbox 1983 2499 3547 2582">
    <p class='ocr_par' dir='ltr' id='par_1_71' title="bbox 1983 2499 3547 2582">
     <span class='ocr_line' id='line_1_71' title="bbox 1983 2499 3547 2582; baseline 0.005 -25"><span class='ocrx_word' id='word_1_507' title='bbox 1983 2499 2108 2566; x_wconf 89' lang='lat' dir='ltr'><strong>diis,</strong></span> <span class='ocrx_word' id='word_1_508' title='bbox 2156 2500 2340 2561; x_wconf 86' lang='lat' dir='ltr'><strong>dolere</strong></span> <span class='ocrx_word' id='word_1_509' title='bbox 2381 2511 2436 2560; x_wconf 92' lang='lat' dir='ltr'><strong>et</strong></span> <span class='ocrx_word' id='word_1_510' title='bbox 2484 2505 2710 2562; x_wconf 88' lang='lat' dir='ltr'><strong>tristitia</strong></span> <span class='ocrx_word' id='word_1_511' title='bbox 2759 2504 2918 2562; x_wconf 73' lang='lat' dir='ltr'><strong>allici.</strong></span> <span class='ocrx_word' id='word_1_512' title='bbox 2953 2504 3169 2564; x_wconf 87' lang='lat' dir='ltr'><strong>Scimus</strong></span> <span class='ocrx_word' id='word_1_513' title='bbox 3212 2509 3358 2565; x_wconf 88' lang='lat' dir='ltr'><strong>enim</strong></span> <span class='ocrx_word' id='word_1_514' title='bbox 3399 2511 3547 2582; x_wconf 90' lang='lat' dir='ltr'><strong>quod</strong></span> 
     </span>
    </p>
   </div>
   <div class='ocr_carea' id='block_1_72' title="bbox 1982 2590 3546 2660">
    <p class='ocr_par' dir='ltr' id='par_1_72' title="bbox 1982 2590 3546 2660">
     <span class='ocr_line' id='line_1_72' title="bbox 1982 2590 3546 2660; baseline 0.006 -15"><span class='ocrx_word' id='word_1_515' title='bbox 1982 2590 2141 2645; x_wconf 89' lang='lat' dir='ltr'><strong>multi</strong></span> <span class='ocrx_word' id='word_1_516' title='bbox 2188 2592 2486 2651; x_wconf 85' lang='lat' dir='ltr'><strong>bonitatem</strong></span> <span class='ocrx_word' id='word_1_517' title='bbox 2531 2601 2587 2651; x_wconf 92' lang='lat' dir='ltr'><strong>et</strong></span> <span class='ocrx_word' id='word_1_518' title='bbox 2631 2595 3066 2660; x_wconf 80' lang='lat' dir='ltr'><strong>misericordiam</strong></span> <span class='ocrx_word' id='word_1_519' title='bbox 3126 2596 3224 2656; x_wconf 90' lang='lat' dir='ltr'><strong>Dei</strong></span> <span class='ocrx_word' id='word_1_520' title='bbox 3262 2600 3546 2657; x_wconf 88' lang='lat' dir='ltr'><strong>consecuti</strong></span> 
     </span>
    </p>
   </div>
   <div class='ocr_carea' id='block_1_73' title="bbox 1984 2684 3545 2763">
    <p class='ocr_par' dir='ltr' id='par_1_73' title="bbox 1984 2684 3545 2763">
     <span class='ocr_line' id='line_1_73' title="bbox 1984 2684 3545 2763; baseline 0.007 -27"><span class='ocrx_word' id='word_1_521' title='bbox 1984 2690 2113 2737; x_wconf 89' lang='lat' dir='ltr'><strong>sunt</strong></span> <span class='ocrx_word' id='word_1_522' title='bbox 2140 2698 2242 2754; x_wconf 93' lang='lat' dir='ltr'><strong>per</strong></span> <span class='ocrx_word' id='word_1_523' title='bbox 2267 2684 2498 2741; x_wconf 90' lang='lat' dir='ltr'><strong>aliorum</strong></span> <span class='ocrx_word' id='word_1_524' title='bbox 2525 2687 2822 2745; x_wconf 90' lang='lat' dir='ltr'><strong>orationes.</strong></span> <span class='ocrx_word' id='word_1_525' title='bbox 2857 2687 3089 2761; x_wconf 82' lang='lat' dir='ltr'><strong>Ideoque</strong></span> <span class='ocrx_word' id='word_1_526' title='bbox 3115 2700 3170 2747; x_wconf 89' lang='lat' dir='ltr'><strong>et</strong></span> <span class='ocrx_word' id='word_1_527' title='bbox 3198 2691 3331 2763; x_wconf 91' lang='lat' dir='ltr'><strong>ipsis</strong></span> <span class='ocrx_word' id='word_1_528' title='bbox 3363 2690 3482 2747; x_wconf 92' lang='lat' dir='ltr'><strong>dari</strong></span> <span class='ocrx_word' id='word_1_529' title='bbox 3511 2706 3545 2747; x_wconf 81' lang='lat' dir='ltr'><strong>a</strong></span> 
     </span>
    </p>
   </div>
   <div class='ocr_carea' id='block_1_74' title="bbox 1982 2772 3541 2852">
    <p class='ocr_par' dir='ltr' id='par_1_74' title="bbox 1982 2772 3541 2852">
     <span class='ocr_line' id='line_1_74' title="bbox 1982 2772 3541 2852; baseline 0.008 -25"><span class='ocrx_word' id='word_1_530' title='bbox 1982 2772 2093 2829; x_wconf 88' lang='lat' dir='ltr'><strong>Deo</strong></span> <span class='ocrx_word' id='word_1_531' title='bbox 2120 2783 2469 2845; x_wconf 88' lang='lat' dir='ltr'><strong>peccatorum</strong></span> <span class='ocrx_word' id='word_1_532' title='bbox 2498 2779 2873 2837; x_wconf 88' lang='lat' dir='ltr'><strong>remissionem</strong></span> <span class='ocrx_word' id='word_1_533' title='bbox 2894 2781 3315 2852; x_wconf 85' lang='lat' dir='ltr'><strong>postulabimus,</strong></span> <span class='ocrx_word' id='word_1_534' title='bbox 3344 2789 3398 2838; x_wconf 90' lang='lat' dir='ltr'><strong>et</strong></span> <span class='ocrx_word' id='word_1_535' title='bbox 3419 2781 3541 2840; x_wconf 78' lang='lat' dir='ltr'><strong>aliis</strong></span> 
     </span>
    </p>
   </div>
   <div class='ocr_carea' id='block_1_75' title="bbox 1981 2870 3545 2943">
    <p class='ocr_par' dir='ltr' id='par_1_75' title="bbox 1981 2870 3545 2943">
     <span class='ocr_line' id='line_1_75' title="bbox 1981 2870 3545 2943; baseline 0.005 -19"><span class='ocrx_word' id='word_1_536' title='bbox 1981 2870 2078 2939; x_wconf 91' lang='lat' dir='ltr'><strong>qui</strong></span> <span class='ocrx_word' id='word_1_537' title='bbox 2106 2870 2244 2940; x_wconf 86' lang='lat' dir='ltr'><strong>lapsi</strong></span> <span class='ocrx_word' id='word_1_538' title='bbox 2283 2878 2431 2936; x_wconf 89' lang='lat' dir='ltr'><strong>sunt,</strong></span> <span class='ocrx_word' id='word_1_539' title='bbox 2461 2878 2516 2928; x_wconf 86' lang='lat' dir='ltr'><strong>et</strong></span> <span class='ocrx_word' id='word_1_540' title='bbox 2543 2879 2732 2943; x_wconf 89' lang='lat' dir='ltr'><strong>postea</strong></span> <span class='ocrx_word' id='word_1_541' title='bbox 2763 2889 3007 2930; x_wconf 87' lang='lat' dir='ltr'><strong>errorem</strong></span> <span class='ocrx_word' id='word_1_542' title='bbox 3051 2882 3446 2933; x_wconf 85' lang='lat' dir='ltr'><strong>revocaverunt</strong></span> <span class='ocrx_word' id='word_1_543' title='bbox 3490 2883 3545 2932; x_wconf 89' lang='lat' dir='ltr'><strong>et</strong></span> 
     </span>
    </p>
   </div>
   <div class='ocr_carea' id='block_1_76' title="bbox 1982 2959 3544 3031">
    <p class='ocr_par' dir='ltr' id='par_1_76' title="bbox 1982 2959 3544 3031">
     <span class='ocr_line' id='line_1_76' title="bbox 1982 2959 3544 3031; baseline 0.006 -19"><span class='ocrx_word' id='word_1_544' title='bbox 1982 2959 2237 3030; x_wconf 89' lang='lat' dir='ltr'><strong>pietatem</strong></span> <span class='ocrx_word' id='word_1_545' title='bbox 2271 2959 2512 3016; x_wconf 82' lang='lat' dir='ltr'><strong>confessi</strong></span> <span class='ocrx_word' id='word_1_546' title='bbox 2543 2968 2694 3028; x_wconf 86' lang='lat' dir='ltr'><strong>sunt,</strong></span> <span class='ocrx_word' id='word_1_547' title='bbox 2744 2963 3292 3031; x_wconf 85' lang='lat' dir='ltr'><strong>communicabimus,</strong></span> <span class='ocrx_word' id='word_1_548' title='bbox 3332 2979 3544 3022; x_wconf 85' lang='lat' dir='ltr'><strong>memo-</strong></span> 
     </span>
    </p>
   </div>
   <div class='ocr_carea' id='block_1_77' title="bbox 1983 3055 3543 3128">
    <p class='ocr_par' dir='ltr' id='par_1_77' title="bbox 1983 3055 3543 3128">
     <span class='ocr_line' id='line_1_77' title="bbox 1983 3055 3543 3128; baseline 0.004 -24"><span class='ocrx_word' id='word_1_549' title='bbox 1983 3065 2073 3105; x_wconf 89' lang='lat' dir='ltr'><strong>res</strong></span> <span class='ocrx_word' id='word_1_550' title='bbox 2099 3066 2291 3109; x_wconf 91' lang='lat' dir='ltr'><strong>eorum</strong></span> <span class='ocrx_word' id='word_1_551' title='bbox 2323 3066 2444 3124; x_wconf 63' lang='lat' dir='ltr'><strong>quae</strong></span> <span class='ocrx_word' id='word_1_552' title='bbox 2490 3060 2617 3110; x_wconf 83' lang='lat' dir='ltr'><strong>ante</strong></span> <span class='ocrx_word' id='word_1_553' title='bbox 2652 3055 2864 3126; x_wconf 87' lang='lat' dir='ltr'><strong>lapsum</strong></span> <span class='ocrx_word' id='word_1_554' title='bbox 2895 3064 3118 3128; x_wconf 89' lang='lat' dir='ltr'><strong>propter</strong></span> <span class='ocrx_word' id='word_1_555' title='bbox 3148 3056 3322 3114; x_wconf 90' lang='lat' dir='ltr'><strong>Deum</strong></span> <span class='ocrx_word' id='word_1_556' title='bbox 3372 3059 3543 3114; x_wconf 85' lang='lat' dir='ltr'><strong>susti—</strong></span> 
     </span>
    </p>
   </div>
   <div class='ocr_carea' id='block_1_78' title="bbox 1982 3147 3543 3225">
    <p class='ocr_par' dir='ltr' id='par_1_78' title="bbox 1982 3147 3543 3225">
     <span class='ocr_line' id='line_1_78' title="bbox 1982 3147 3543 3225; baseline 0.006 -26"><span class='ocrx_word' id='word_1_557' title='bbox 1982 3152 2220 3200; x_wconf 80' lang='lat' dir='ltr'><strong>nuerunt</strong></span> <span class='ocrx_word' id='word_1_558' title='bbox 2253 3147 2631 3219; x_wconf 88' lang='lat' dir='ltr'><strong>certaminum,</strong></span> <span class='ocrx_word' id='word_1_559' title='bbox 2661 3157 2715 3210; x_wconf 85' lang='lat' dir='ltr'><strong>et</strong></span> <span class='ocrx_word' id='word_1_560' title='bbox 2740 3151 2903 3206; x_wconf 88' lang='lat' dir='ltr'><strong>etiam</strong></span> <span class='ocrx_word' id='word_1_561' title='bbox 2939 3153 3092 3208; x_wconf 75' lang='lat' dir='ltr'><strong>boum</strong></span> <span class='ocrx_word' id='word_1_562' title='bbox 3119 3167 3307 3208; x_wconf 90' lang='lat' dir='ltr'><strong>eorum</strong></span> <span class='ocrx_word' id='word_1_563' title='bbox 3351 3161 3543 3225; x_wconf 88' lang='lat' dir='ltr'><strong>postea</strong></span> 
     </span>
    </p>
   </div>
   <div class='ocr_carea' id='block_1_79' title="bbox 1981 3237 3544 3313">
    <p class='ocr_par' dir='ltr' id='par_1_79' title="bbox 1981 3237 3544 3313">
     <span class='ocr_line' id='line_1_79' title="bbox 1981 3237 3544 3313; baseline 0.006 -21"><span class='ocrx_word' id='word_1_564' title='bbox 1981 3237 2337 3307; x_wconf 78' lang='lat' dir='ltr'><strong>pmnitentiae,</strong></span> <span class='ocrx_word' id='word_1_565' title='bbox 2381 3248 2436 3295; x_wconf 89' lang='lat' dir='ltr'><strong>et</strong></span> <span class='ocrx_word' id='word_1_566' title='bbox 2481 3241 2626 3312; x_wconf 91' lang='lat' dir='ltr'><strong>quod</strong></span> <span class='ocrx_word' id='word_1_567' title='bbox 2648 3256 2707 3297; x_wconf 86' lang='lat' dir='ltr'><strong>se</strong></span> <span class='ocrx_word' id='word_1_568' title='bbox 2748 3243 2898 3313; x_wconf 90' lang='lat' dir='ltr'><strong>ipsos</strong></span> <span class='ocrx_word' id='word_1_569' title='bbox 2944 3243 3125 3302; x_wconf 84' lang='lat' dir='ltr'><strong>testati</strong></span> <span class='ocrx_word' id='word_1_570' title='bbox 3176 3250 3305 3303; x_wconf 85' lang='lat' dir='ltr'><strong>sunt</strong></span> <span class='ocrx_word' id='word_1_571' title='bbox 3346 3259 3469 3301; x_wconf 90' lang='lat' dir='ltr'><strong>esse</strong></span> <span class='ocrx_word' id='word_1_572' title='bbox 3510 3260 3544 3301; x_wconf 88' lang='lat' dir='ltr'><strong>a</strong></span> 
     </span>
    </p>
   </div>
   <div class='ocr_carea' id='block_1_80' title="bbox 1980 3330 3542 3404">
    <p class='ocr_par' dir='ltr' id='par_1_80' title="bbox 1980 3330 3542 3404">
     <span class='ocr_line' id='line_1_80' title="bbox 1980 3330 3542 3404; baseline 0.004 -19"><span class='ocrx_word' id='word_1_573' title='bbox 1980 3330 2202 3386; x_wconf 89' lang='lat' dir='ltr'><strong>civitate</strong></span> <span class='ocrx_word' id='word_1_574' title='bbox 2242 3331 2448 3387; x_wconf 90' lang='lat' dir='ltr'><strong>alienos</strong></span> <span class='ocrx_word' id='word_1_575' title='bbox 2476 3339 2698 3403; x_wconf 87' lang='lat' dir='ltr'><strong>pr0pter</strong></span> <span class='ocrx_word' id='word_1_576' title='bbox 2727 3342 3006 3404; x_wconf 87' lang='lat' dir='ltr'><strong>peccatum</strong></span> <span class='ocrx_word' id='word_1_577' title='bbox 3040 3354 3056 3391; x_wconf 86' lang='lat'><strong>:</strong></span> <span class='ocrx_word' id='word_1_578' title='bbox 3105 3342 3162 3391; x_wconf 90' lang='lat' dir='ltr'><strong>et</strong></span> <span class='ocrx_word' id='word_1_579' title='bbox 3208 3351 3319 3392; x_wconf 90' lang='lat' dir='ltr'><strong>non</strong></span> <span class='ocrx_word' id='word_1_580' title='bbox 3362 3336 3542 3391; x_wconf 89' lang='lat' dir='ltr'><strong>solum</strong></span> 
     </span>
    </p>
   </div>
   <div class='ocr_carea' id='block_1_81' title="bbox 1979 3420 3541 3498">
    <p class='ocr_par' dir='ltr' id='par_1_81' title="bbox 1979 3420 3541 3498">
     <span class='ocr_line' id='line_1_81' title="bbox 1979 3420 3541 3498; baseline 0.004 -23"><span class='ocrx_word' id='word_1_581' title='bbox 1979 3420 2115 3491; x_wconf 86' lang='lat' dir='ltr'><strong>ipsis</strong></span> <span class='ocrx_word' id='word_1_582' title='bbox 2144 3424 2688 3491; x_wconf 88' lang='lat' dir='ltr'><strong>communicabimus,</strong></span> <span class='ocrx_word' id='word_1_583' title='bbox 2734 3428 2828 3484; x_wconf 91' lang='lat' dir='ltr'><strong>sed</strong></span> <span class='ocrx_word' id='word_1_584' title='bbox 2855 3437 2905 3484; x_wconf 91' lang='lat' dir='ltr'><strong>et</strong></span> <span class='ocrx_word' id='word_1_585' title='bbox 2934 3443 3033 3498; x_wconf 89' lang='lat' dir='ltr'><strong>pro</strong></span> <span class='ocrx_word' id='word_1_586' title='bbox 3062 3442 3251 3484; x_wconf 86' lang='lat' dir='ltr'><strong>eorum</strong></span> <span class='ocrx_word' id='word_1_587' title='bbox 3288 3428 3541 3484; x_wconf 87' lang='lat' dir='ltr'><strong>reconci-</strong></span> 
     </span>
    </p>
   </div>
   <div class='ocr_carea' id='block_1_82' title="bbox 1980 3512 3538 3592">
    <p class='ocr_par' dir='ltr' id='par_1_82' title="bbox 1980 3512 3538 3592">
     <span class='ocr_line' id='line_1_82' title="bbox 1980 3512 3538 3592; baseline 0.004 -25"><span class='ocrx_word' id='word_1_588' title='bbox 1980 3512 2200 3569; x_wconf 91' lang='lat' dir='ltr'><strong>liatione</strong></span> <span class='ocrx_word' id='word_1_589' title='bbox 2238 3517 2541 3586; x_wconf 88' lang='lat' dir='ltr'><strong>orabimus,</strong></span> <span class='ocrx_word' id='word_1_590' title='bbox 2576 3532 2698 3573; x_wconf 87' lang='lat' dir='ltr'><strong>cum</strong></span> <span class='ocrx_word' id='word_1_591' title='bbox 2751 3520 2871 3577; x_wconf 88' lang='lat' dir='ltr'><strong>aliis</strong></span> <span class='ocrx_word' id='word_1_592' title='bbox 2900 3535 3022 3592; x_wconf 76' lang='lat' dir='ltr'><strong>quae</strong></span> <span class='ocrx_word' id='word_1_593' title='bbox 3048 3519 3225 3587; x_wconf 89' lang='lat' dir='ltr'><strong>decet,</strong></span> <span class='ocrx_word' id='word_1_594' title='bbox 3270 3535 3367 3576; x_wconf 87' lang='lat' dir='ltr'><strong>seu</strong></span> <span class='ocrx_word' id='word_1_595' title='bbox 3412 3535 3538 3575; x_wconf 89' lang='lat' dir='ltr'><strong>cum</strong></span> 
     </span>
    </p>
   </div>
   <div class='ocr_carea' id='block_1_83' title="bbox 1979 3606 3544 3680">
    <p class='ocr_par' dir='ltr' id='par_1_83' title="bbox 1979 3606 3544 3680">
     <span class='ocr_line' id='line_1_83' title="bbox 1979 3606 3544 3680; baseline 0.003 -19"><span class='ocrx_word' id='word_1_596' title='bbox 1979 3606 2139 3661; x_wconf 85' lang='lat' dir='ltr'><strong>bonis</strong></span> <span class='ocrx_word' id='word_1_597' title='bbox 2180 3607 2439 3679; x_wconf 85' lang='lat' dir='ltr'><strong>Operibus</strong></span> <span class='ocrx_word' id='word_1_598' title='bbox 2486 3623 2607 3679; x_wconf 65' lang='lat' dir='ltr'><strong>quae</strong></span> <span class='ocrx_word' id='word_1_599' title='bbox 2645 3608 2845 3664; x_wconf 88' lang='lat' dir='ltr'><strong>debent</strong></span> <span class='ocrx_word' id='word_1_600' title='bbox 2892 3609 2961 3663; x_wconf 86' lang='lat' dir='ltr'><strong>ab</strong></span> <span class='ocrx_word' id='word_1_601' title='bbox 3002 3608 3136 3680; x_wconf 89' lang='lat' dir='ltr'><strong>ipsis</strong></span> <span class='ocrx_word' id='word_1_602' title='bbox 3165 3608 3302 3675; x_wconf 86' lang='lat' dir='ltr'><strong>ﬁeri,</strong></span> <span class='ocrx_word' id='word_1_603' title='bbox 3331 3608 3544 3679; x_wconf 84' lang='lat' dir='ltr'><strong>jejunio</strong></span> 
     </span>
    </p>
   </div>
   <div class='ocr_carea' id='block_1_84' title="bbox 1979 3693 3540 3772">
    <p class='ocr_par' dir='ltr' id='par_1_84' title="bbox 1979 3693 3540 3772">
     <span class='ocr_line' id='line_1_84' title="bbox 1979 3693 3540 3772; baseline 0.001 -18"><span class='ocrx_word' id='word_1_604' title='bbox 1979 3693 2209 3764; x_wconf 79' lang='lat' dir='ltr'><strong>scilicet,</strong></span> <span class='ocrx_word' id='word_1_605' title='bbox 2258 3699 2603 3772; x_wconf 86' lang='lat' dir='ltr'><strong>eleemosyna</strong></span> <span class='ocrx_word' id='word_1_606' title='bbox 2652 3709 2705 3755; x_wconf 92' lang='lat' dir='ltr'><strong>et</strong></span> <span class='ocrx_word' id='word_1_607' title='bbox 2733 3701 3082 3772; x_wconf 72' lang='lat' dir='ltr'><strong>poenitentia;</strong></span> <span class='ocrx_word' id='word_1_608' title='bbox 3121 3716 3219 3772; x_wconf 84' lang='lat' dir='ltr'><strong>per</strong></span> <span class='ocrx_word' id='word_1_609' title='bbox 3257 3715 3397 3772; x_wconf 72' lang='lat' dir='ltr'><strong>quae,</strong></span> <span class='ocrx_word' id='word_1_610' title='bbox 3444 3702 3540 3772; x_wconf 83' lang='lat' dir='ltr'><strong>qui</strong></span> 
     </span>
    </p>
   </div>
   <div class='ocr_carea' id='block_1_85' title="bbox 1978 3790 3536 3863">
    <p class='ocr_par' dir='ltr' id='par_1_85' title="bbox 1978 3790 3536 3863">
     <span class='ocr_line' id='line_1_85' title="bbox 1978 3790 3536 3863; baseline 0.001 -20"><span class='ocrx_word' id='word_1_611' title='bbox 1978 3804 2077 3859; x_wconf 93' lang='lat' dir='ltr'><strong>pro</strong></span> <span class='ocrx_word' id='word_1_612' title='bbox 2121 3790 2278 3847; x_wconf 90' lang='lat' dir='ltr'><strong>nobis</strong></span> <span class='ocrx_word' id='word_1_613' title='bbox 2310 3799 2394 3846; x_wconf 88' lang='lat' dir='ltr'><strong>est</strong></span> <span class='ocrx_word' id='word_1_614' title='bbox 2429 3791 2744 3857; x_wconf 90' lang='lat' dir='ltr'><strong>advocatus,</strong></span> <span class='ocrx_word' id='word_1_615' title='bbox 2777 3790 2990 3847; x_wconf 88' lang='lat' dir='ltr'><strong>Patrem</strong></span> <span class='ocrx_word' id='word_1_616' title='bbox 3039 3791 3198 3848; x_wconf 90' lang='lat' dir='ltr'><strong>nobis</strong></span> <span class='ocrx_word' id='word_1_617' title='bbox 3239 3791 3536 3863; x_wconf 88' lang='lat' dir='ltr'><strong>propitium</strong></span> 
     </span>
    </p>
   </div>
   <div class='ocr_carea' id='block_1_86' title="bbox 1978 3880 3537 3953">
    <p class='ocr_par' dir='ltr' id='par_1_86' title="bbox 1978 3880 3537 3953">
     <span class='ocr_line' id='line_1_86' title="bbox 1978 3880 3537 3953; baseline 0.001 -18"><span class='ocrx_word' id='word_1_618' title='bbox 1978 3880 2404 3953; x_wconf 84' lang='lat' dir='ltr'><strong>benevolumque</strong></span> <span class='ocrx_word' id='word_1_619' title='bbox 2444 3882 2624 3939; x_wconf 85' lang='lat' dir='ltr'><strong>elIicit.</strong></span> <span class='ocrx_word' id='word_1_620' title='bbox 2666 3882 2873 3940; x_wconf 88' lang='lat' dir='ltr'><strong>Deinde</strong></span> <span class='ocrx_word' id='word_1_621' title='bbox 2916 3891 2970 3940; x_wconf 91' lang='lat' dir='ltr'><strong>et</strong></span> <span class='ocrx_word' id='word_1_622' title='bbox 3013 3898 3183 3941; x_wconf 74' lang='lat' dir='ltr'><strong>sacrm</strong></span> <span class='ocrx_word' id='word_1_623' title='bbox 3236 3883 3537 3953; x_wconf 55' lang='lat' dir='ltr'><strong>Scriptura»</strong></span> 
     </span>
    </p>
   </div>
   <div class='ocr_carea' id='block_1_87' title="bbox 1978 3973 3525 4048">
    <p class='ocr_par' dir='ltr' id='par_1_87' title="bbox 1978 3973 3525 4048">
     <span class='ocr_line' id='line_1_87' title="bbox 1978 3973 3525 4048; baseline 0.003 -19"><span class='ocrx_word' id='word_1_624' title='bbox 1978 3973 2246 4029; x_wconf 86' lang='lat' dir='ltr'><strong>sententia</strong></span> <span class='ocrx_word' id='word_1_625' title='bbox 2280 3988 2414 4029; x_wconf 91' lang='lat' dir='ltr'><strong>usus</strong></span> <span class='ocrx_word' id='word_1_626' title='bbox 2443 3982 2547 4031; x_wconf 90' lang='lat' dir='ltr'><strong>est.</strong></span> <span class='ocrx_word' id='word_1_627' title='bbox 2586 3973 2661 4030; x_wconf 87' lang='lat' dir='ltr'><strong>Ea</strong></span> <span class='ocrx_word' id='word_1_628' title='bbox 2690 3991 2821 4032; x_wconf 91' lang='lat' dir='ltr'><strong>vero</strong></span> <span class='ocrx_word' id='word_1_629' title='bbox 2847 3983 3020 4034; x_wconf 79' lang='lat' dir='ltr'><strong>estex</strong></span> <span class='ocrx_word' id='word_1_630' title='bbox 3050 3977 3225 4048; x_wconf 91' lang='lat' dir='ltr'><strong>prima</strong></span> <span class='ocrx_word' id='word_1_631' title='bbox 3251 3976 3525 4033; x_wconf 85' lang='lat' dir='ltr'><strong>catholica</strong></span> 
     </span>
    </p>
   </div>
   <div class='ocr_carea' id='block_1_88' title="bbox 1976 4064 3388 4139">
    <p class='ocr_par' dir='ltr' id='par_1_88' title="bbox 1976 4064 3388 4139">
     <span class='ocr_line' id='line_1_88' title="bbox 1976 4064 3388 4139; baseline 0.003 -20"><span class='ocrx_word' id='word_1_632' title='bbox 1976 4064 2203 4136; x_wconf 89' lang='lat' dir='ltr'><strong>epistola</strong></span> <span class='ocrx_word' id='word_1_633' title='bbox 2231 4065 2406 4121; x_wconf 88' lang='lat' dir='ltr'><strong>sancti</strong></span> <span class='ocrx_word' id='word_1_634' title='bbox 2434 4067 2662 4137; x_wconf 87' lang='lat' dir='ltr'><strong>apostoli</strong></span> <span class='ocrx_word' id='word_1_635' title='bbox 2695 4077 2747 4123; x_wconf 92' lang='lat' dir='ltr'><strong>et</strong></span> <span class='ocrx_word' id='word_1_636' title='bbox 2769 4067 3114 4139; x_wconf 69' lang='lat' dir='ltr'><strong>evangelista:</strong></span> <span class='ocrx_word' id='word_1_637' title='bbox 3139 4065 3388 4125; x_wconf 85' lang='lat' dir='ltr'><strong>Joannis.</strong></span> 
     </span>
    </p>
   </div>
   <div class='ocr_carea' id='block_1_89' title="bbox 2045 4330 3537 4404">
    <p class='ocr_par' dir='ltr' id='par_1_89' title="bbox 2045 4330 3537 4404">
     <span class='ocr_line' id='line_1_89' title="bbox 2045 4330 3537 4404; baseline 0.006 -20"><span class='ocrx_word' id='word_1_638' title='bbox 2045 4330 2247 4385; x_wconf 71' lang='lat' dir='ltr'><strong>Zama.</strong></span> <span class='ocrx_word' id='word_1_639' title='bbox 2285 4330 2456 4401; x_wconf 80' lang='lat' dir='ltr'><strong>Hujus</strong></span> <span class='ocrx_word' id='word_1_640' title='bbox 2508 4333 2736 4388; x_wconf 89' lang='lat' dir='ltr'><strong>canonis</strong></span> <span class='ocrx_word' id='word_1_641' title='bbox 2791 4335 3059 4391; x_wconf 87' lang='lat' dir='ltr'><strong>sententia</strong></span> <span class='ocrx_word' id='word_1_642' title='bbox 3110 4335 3378 4404; x_wconf 91' lang='lat' dir='ltr'><strong>ejusmodi</strong></span> <span class='ocrx_word' id='word_1_643' title='bbox 3430 4343 3537 4393; x_wconf 85' lang='lat' dir='ltr'><strong>est.</strong></span> 
     </span>
    </p>
   </div>
   <div class='ocr_carea' id='block_1_90' title="bbox 310 4420 1880 4510">
    <p class='ocr_par' dir='ltr' id='par_1_90' title="bbox 310 4435 1869 4510">
     <span class='ocr_line' id='line_1_90' title="bbox 310 4435 1869 4510; baseline -0.001 -19"><span class='ocrx_word' id='word_1_644' title='bbox 310 4438 459 4491; x_wconf 80' lang='grc' dir='ltr'>ἐστιν</span> <span class='ocrx_word' id='word_1_645' title='bbox 476 4453 491 4468; x_wconf 77' lang='grc' dir='ltr'><strong><em>ο</em></strong></span> <span class='ocrx_word' id='word_1_646' title='bbox 518 4438 580 4492; x_wconf 85' lang='grc' dir='ltr'><strong>Οἱ</strong></span> <span class='ocrx_word' id='word_1_647' title='bbox 608 4439 665 4491; x_wconf 85' lang='grc' dir='ltr'><strong>ἐν</strong></span> <span class='ocrx_word' id='word_1_648' title='bbox 692 4437 769 4508; x_wconf 84' lang='grc' dir='ltr'>τῷ</span> <span class='ocrx_word' id='word_1_649' title='bbox 800 4436 1091 4510; x_wconf 81' lang='grc' dir='ltr'>βράσματι,</span> <span class='ocrx_word' id='word_1_650' title='bbox 1116 4438 1269 4509; x_wconf 63' lang='grc' dir='ltr'>φησι,</span> <span class='ocrx_word' id='word_1_651' title='bbox 1292 4436 1388 4490; x_wconf 84' lang='grc' dir='ltr'><strong>τοῦ</strong></span> <span class='ocrx_word' id='word_1_652' title='bbox 1415 4435 1679 4508; x_wconf 84' lang='grc' dir='ltr'>διωγμοῦ,</span> <span class='ocrx_word' id='word_1_653' title='bbox 1703 4437 1869 4507; x_wconf 76' lang='grc' dir='ltr'>ῆγουν</span> 
     </span>
    </p>
   </div>
   <div class='ocr_carea' id='block_1_91' title="bbox 1981 4420 3536 4510">
    <p class='ocr_par' dir='ltr' id='par_1_91' title="bbox 1981 4420 3536 4498">
     <span class='ocr_line' id='line_1_91' title="bbox 1981 4420 3536 4498; baseline 0.006 -24"><span class='ocrx_word' id='word_1_654' title='bbox 1981 4420 2082 4486; x_wconf 82' lang='lat' dir='ltr'><strong>Qui</strong></span> <span class='ocrx_word' id='word_1_655' title='bbox 2114 4422 2171 4476; x_wconf 89' lang='lat' dir='ltr'><strong>in</strong></span> <span class='ocrx_word' id='word_1_656' title='bbox 2221 4421 2458 4489; x_wconf 77' lang='lat' dir='ltr'><strong>fervore,</strong></span> <span class='ocrx_word' id='word_1_657' title='bbox 2500 4424 2698 4494; x_wconf 89' lang='lat' dir='ltr'><strong>inquit,</strong></span> <span class='ocrx_word' id='word_1_658' title='bbox 2745 4427 3163 4498; x_wconf 86' lang='lat' dir='ltr'><strong>persecutionis,</strong></span> <span class='ocrx_word' id='word_1_659' title='bbox 3194 4428 3298 4483; x_wconf 89' lang='lat' dir='ltr'><strong>hoc</strong></span> <span class='ocrx_word' id='word_1_660' title='bbox 3345 4435 3431 4483; x_wconf 90' lang='lat' dir='ltr'><strong>est</strong></span> <span class='ocrx_word' id='word_1_661' title='bbox 3481 4430 3536 4483; x_wconf 91' lang='lat' dir='ltr'><strong>in</strong></span> 
     </span>
    </p>
   </div>
   <div class='ocr_carea' id='block_1_92' title="bbox 309 4528 1871 4601">
    <p class='ocr_par' dir='ltr' id='par_1_92' title="bbox 309 4528 1871 4601">
     <span class='ocr_line' id='line_1_92' title="bbox 309 4528 1871 4601; baseline 0 -19"><span class='ocrx_word' id='word_1_662' title='bbox 309 4531 371 4583; x_wconf 80' lang='grc' dir='ltr'><strong>ἐν</strong></span> <span class='ocrx_word' id='word_1_663' title='bbox 400 4531 465 4601; x_wconf 79' lang='grc' dir='ltr'>τῇ</span> <span class='ocrx_word' id='word_1_664' title='bbox 500 4530 689 4601; x_wconf 78' lang='grc' dir='ltr'>ἀκμῇ,</span> <span class='ocrx_word' id='word_1_665' title='bbox 731 4531 798 4601; x_wconf 84' lang='grc' dir='ltr'>τῇ</span> <span class='ocrx_word' id='word_1_666' title='bbox 841 4530 985 4595; x_wconf 76' lang='grc' dir='ltr'>ζέσει</span> <span class='ocrx_word' id='word_1_667' title='bbox 1030 4529 1343 4599; x_wconf 79' lang='grc' dir='ltr'>ἱστάμενοι,</span> <span class='ocrx_word' id='word_1_668' title='bbox 1392 4528 1485 4581; x_wconf 74' lang='grc' dir='ltr'><strong>καὶ</strong></span> <span class='ocrx_word' id='word_1_669' title='bbox 1524 4528 1758 4601; x_wconf 83' lang='grc' dir='ltr'>ὁρῶντες</span> <span class='ocrx_word' id='word_1_670' title='bbox 1803 4529 1871 4582; x_wconf 82' lang='grc' dir='ltr'><strong>τά</strong></span> 
     </span>
    </p>
   </div>
   <div class='ocr_carea' id='block_1_93' title="bbox 314 4618 1871 4693">
    <p class='ocr_par' dir='ltr' id='par_1_93' title="bbox 314 4618 1871 4693">
     <span class='ocr_line' id='line_1_93' title="bbox 314 4618 1871 4693; baseline -0.001 -20"><span class='ocrx_word' id='word_1_671' title='bbox 314 4618 585 4693; x_wconf 87' lang='grc' dir='ltr'>μαρτύρια</span> <span class='ocrx_word' id='word_1_672' title='bbox 609 4620 718 4675; x_wconf 86' lang='grc' dir='ltr'><strong>τῶν</strong></span> <span class='ocrx_word' id='word_1_673' title='bbox 746 4621 950 4689; x_wconf 83' lang='grc' dir='ltr'>ἁγίων,</span> <span class='ocrx_word' id='word_1_674' title='bbox 994 4620 1088 4673; x_wconf 72' lang='grc' dir='ltr'><strong>καὶ</strong></span> <span class='ocrx_word' id='word_1_675' title='bbox 1127 4618 1275 4683; x_wconf 82' lang='grc' dir='ltr'>ὅπως</span> <span class='ocrx_word' id='word_1_676' title='bbox 1314 4619 1611 4674; x_wconf 80' lang='grc' dir='ltr'>σπεύδουσι·</span> <span class='ocrx_word' id='word_1_677' title='bbox 1651 4621 1778 4684; x_wconf 80' lang='grc' dir='ltr'>τοὺς</span> <span class='ocrx_word' id='word_1_678' title='bbox 1812 4620 1871 4685; x_wconf 78' lang='grc' dir='ltr'>ἐξ</span> 
     </span>
    </p>
   </div>
   <div class='ocr_carea' id='block_1_94' title="bbox 308 4709 1872 4784">
    <p class='ocr_par' dir='ltr' id='par_1_94' title="bbox 308 4709 1872 4784">
     <span class='ocr_line' id='line_1_94' title="bbox 308 4709 1872 4784; baseline 0 -19"><span class='ocrx_word' id='word_1_679' title='bbox 308 4711 538 4784; x_wconf 85' lang='grc' dir='ltr'>οὐρανοῦ</span> <span class='ocrx_word' id='word_1_680' title='bbox 566 4712 861 4782; x_wconf 78' lang='grc' dir='ltr'>στεφάνους</span> <span class='ocrx_word' id='word_1_681' title='bbox 887 4710 1070 4764; x_wconf 88' lang='grc' dir='ltr'>λαϐεῖν</span> <span class='ocrx_word' id='word_1_682' title='bbox 1093 4750 1108 4774; x_wconf 91' lang='grc'><strong>,</strong></span> <span class='ocrx_word' id='word_1_683' title='bbox 1134 4710 1275 4765; x_wconf 83' lang='grc' dir='ltr'>κατὰ</span> <span class='ocrx_word' id='word_1_684' title='bbox 1310 4709 1468 4782; x_wconf 81' lang='grc' dir='ltr'>ζῆλον</span> <span class='ocrx_word' id='word_1_685' title='bbox 1517 4709 1659 4764; x_wconf 84' lang='grc' dir='ltr'>θεῖον</span> <span class='ocrx_word' id='word_1_686' title='bbox 1691 4710 1872 4765; x_wconf 80' lang='grc' dir='ltr'>ἐπεδί-</span> 
     </span>
    </p>
   </div>
   <div class='ocr_carea' id='block_1_95' title="bbox 308 4800 1866 4875">
    <p class='ocr_par' dir='ltr' id='par_1_95' title="bbox 308 4800 1866 4875">
     <span class='ocr_line' id='line_1_95' title="bbox 308 4800 1866 4875; baseline -0.002 -16"><span class='ocrx_word' id='word_1_687' title='bbox 308 4804 432 4859; x_wconf 82' lang='grc' dir='ltr'>δουν</span> <span class='ocrx_word' id='word_1_688' title='bbox 463 4804 688 4868; x_wconf 72' lang='grc' dir='ltr'>ἑαυτοὺς</span> <span class='ocrx_word' id='word_1_689' title='bbox 715 4805 793 4868; x_wconf 84' lang='grc' dir='ltr'><strong>είς</strong></span> <span class='ocrx_word' id='word_1_690' title='bbox 811 4802 880 4857; x_wconf 84' lang='grc' dir='ltr'><strong>τά</strong></span> <span class='ocrx_word' id='word_1_691' title='bbox 908 4801 1200 4875; x_wconf 85' lang='grc' dir='ltr'>μαρτύρια,</span> <span class='ocrx_word' id='word_1_692' title='bbox 1236 4800 1374 4873; x_wconf 83' lang='grc' dir='ltr'><strong>μετά</strong></span> <span class='ocrx_word' id='word_1_693' title='bbox 1402 4803 1712 4875; x_wconf 62' lang='grc' dir='ltr'>παρρησίας</span> <span class='ocrx_word' id='word_1_694' title='bbox 1738 4801 1866 4856; x_wconf 90' lang='grc' dir='ltr'>πολ-</span> 
     </span>
    </p>
   </div>
   <div class='ocr_carea' id='block_1_96' title="bbox 304 4891 1870 4969">
    <p class='ocr_par' dir='ltr' id='par_1_96' title="bbox 304 4891 1870 4969">
     <span class='ocr_line' id='line_1_96' title="bbox 304 4891 1870 4969; baseline -0.001 -20"><span class='ocrx_word' id='word_1_695' title='bbox 304 4894 407 4966; x_wconf 74' lang='grc' dir='ltr'><strong>λῆς</strong></span> <span class='ocrx_word' id='word_1_696' title='bbox 451 4897 787 4969; x_wconf 84' lang='grc' dir='ltr'>ὁρμήσαντες</span> <span class='ocrx_word' id='word_1_697' title='bbox 834 4896 913 4958; x_wconf 83' lang='grc' dir='ltr'><strong>είς</strong></span> <span class='ocrx_word' id='word_1_698' title='bbox 956 4893 1047 4947; x_wconf 78' lang='grc' dir='ltr'><strong>τὸν</strong></span> <span class='ocrx_word' id='word_1_699' title='bbox 1093 4893 1311 4962; x_wconf 87' lang='grc' dir='ltr'>ἀγῶνα,</span> <span class='ocrx_word' id='word_1_700' title='bbox 1358 4891 1699 4965; x_wconf 76' lang='grc' dir='ltr'>ζηλώσαντες</span> <span class='ocrx_word' id='word_1_701' title='bbox 1744 4896 1870 4959; x_wconf 77' lang='grc' dir='ltr'>τοὺς</span> 
     </span>
    </p>
   </div>
   <div class='ocr_carea' id='block_1_97' title="bbox 270 4980 1868 5055">
    <p class='ocr_par' dir='ltr' id='par_1_97' title="bbox 270 4980 1868 5055">
     <span class='ocr_line' id='line_1_97' title="bbox 270 4980 1868 5055; baseline -0.001 -17"><span class='ocrx_word' id='word_1_702' title='bbox 270 4980 495 5054; x_wconf 45' lang='grc' dir='ltr'>κάγίους</span> <span class='ocrx_word' id='word_1_703' title='bbox 517 4984 856 5054; x_wconf 86' lang='grc' dir='ltr'>πάσχοντας,</span> <span class='ocrx_word' id='word_1_704' title='bbox 888 4984 982 5038; x_wconf 78' lang='grc' dir='ltr'><strong>καὶ</strong></span> <span class='ocrx_word' id='word_1_705' title='bbox 1015 4982 1287 5048; x_wconf 84' lang='grc' dir='ltr'>ἐπιδόντες</span> <span class='ocrx_word' id='word_1_706' title='bbox 1310 4984 1537 5048; x_wconf 81' lang='grc' dir='ltr'>ἐαυτούς</span> <span class='ocrx_word' id='word_1_707' title='bbox 1571 4983 1868 5055; x_wconf 87' lang='grc' dir='ltr'>προθύμως</span> 
     </span>
    </p>
   </div>
   <div class='ocr_carea' id='block_1_98' title="bbox 304 5073 1871 5148">
    <p class='ocr_par' dir='ltr' id='par_1_98' title="bbox 304 5073 1871 5148">
     <span class='ocr_line' id='line_1_98' title="bbox 304 5073 1871 5148; baseline 0.001 -20"><span class='ocrx_word' id='word_1_708' title='bbox 304 5078 374 5148; x_wconf 78' lang='grc' dir='ltr'>τῇ</span> <span class='ocrx_word' id='word_1_709' title='bbox 427 5075 700 5148; x_wconf 76' lang='grc' dir='ltr'>μαρτυρία</span> <span class='ocrx_word' id='word_1_710' title='bbox 722 5116 738 5142; x_wconf 93' lang='grc'><strong>,</strong></span> <span class='ocrx_word' id='word_1_711' title='bbox 787 5076 880 5129; x_wconf 74' lang='grc' dir='ltr'><strong>καὶ</strong></span> <span class='ocrx_word' id='word_1_712' title='bbox 914 5074 1143 5146; x_wconf 84' lang='grc' dir='ltr'>μάλιστα</span> <span class='ocrx_word' id='word_1_713' title='bbox 1174 5075 1254 5128; x_wconf 87' lang='grc' dir='ltr'><strong>ὅτι</strong></span> <span class='ocrx_word' id='word_1_714' title='bbox 1295 5073 1516 5129; x_wconf 82' lang='grc' dir='ltr'>ἓϐλεπόν</span> <span class='ocrx_word' id='word_1_715' title='bbox 1544 5092 1697 5139; x_wconf 90' lang='grc' dir='ltr'>τινας</span> <span class='ocrx_word' id='word_1_716' title='bbox 1741 5076 1871 5129; x_wconf 85' lang='grc' dir='ltr'>ὐπο-</span> 
     </span>
    </p>
   </div>
   <div class='ocr_carea' id='block_1_99' title="bbox 307 5166 1868 5241">
    <p class='ocr_par' dir='ltr' id='par_1_99' title="bbox 307 5166 1868 5241">
     <span class='ocr_line' id='line_1_99' title="bbox 307 5166 1868 5241; baseline -0.001 -20"><span class='ocrx_word' id='word_1_717' title='bbox 307 5167 664 5241; x_wconf 84' lang='grc' dir='ltr'>συρομένους,</span> <span class='ocrx_word' id='word_1_718' title='bbox 712 5167 832 5222; x_wconf 75' lang='grc' dir='ltr'>ἀντὶ</span> <span class='ocrx_word' id='word_1_719' title='bbox 864 5168 978 5232; x_wconf 90' lang='grc' dir='ltr'>τοῦ,</span> <span class='ocrx_word' id='word_1_720' title='bbox 997 5166 1425 5237; x_wconf 82' lang='grc' dir='ltr'>κλεπτομένους,</span> <span class='ocrx_word' id='word_1_721' title='bbox 1469 5166 1868 5238; x_wconf 84' lang='grc' dir='ltr'>ἀπατωμένους</span> 
     </span>
    </p>
   </div>
   <div class='ocr_carea' id='block_1_100' title="bbox 303 5256 1865 5333">
    <p class='ocr_par' dir='ltr' id='par_1_100' title="bbox 303 5256 1865 5333">
     <span class='ocr_line' id='line_1_100' title="bbox 303 5256 1865 5333; baseline -0.002 -19"><span class='ocrx_word' id='word_1_722' title='bbox 303 5260 400 5314; x_wconf 71' lang='grc' dir='ltr'>καὶ</span> <span class='ocrx_word' id='word_1_723' title='bbox 441 5259 806 5333; x_wconf 87' lang='grc' dir='ltr'>ἀρνουμένους</span> <span class='ocrx_word' id='word_1_724' title='bbox 836 5260 935 5331; x_wconf 73' lang='grc' dir='ltr'>τὴν</span> <span class='ocrx_word' id='word_1_725' title='bbox 962 5258 1239 5313; x_wconf 87' lang='grc' dir='ltr'>εὐσέϐειαν</span> <span class='ocrx_word' id='word_1_726' title='bbox 1261 5297 1276 5323; x_wconf 92' lang='grc'><strong>,</strong></span> <span class='ocrx_word' id='word_1_727' title='bbox 1307 5256 1825 5329; x_wconf 89' lang='grc' dir='ltr'>ὐποθερμαινόμενοι</span> <span class='ocrx_word' id='word_1_728' title='bbox 1849 5301 1865 5327; x_wconf 96' lang='grc'><strong>,</strong></span> 
     </span>
    </p>
   </div>
   <div class='ocr_carea' id='block_1_101' title="bbox 302 5348 1864 5425">
    <p class='ocr_par' dir='ltr' id='par_1_101' title="bbox 302 5348 1864 5425">
     <span class='ocr_line' id='line_1_101' title="bbox 302 5348 1864 5425; baseline -0.003 -19"><span class='ocrx_word' id='word_1_729' title='bbox 302 5353 423 5423; x_wconf 72' lang='grc' dir='ltr'>ἦτοι</span> <span class='ocrx_word' id='word_1_730' title='bbox 466 5352 795 5424; x_wconf 85' lang='grc' dir='ltr'>πυρούμενοι</span> <span class='ocrx_word' id='word_1_731' title='bbox 832 5352 932 5425; x_wconf 84' lang='grc' dir='ltr'>τὴν</span> <span class='ocrx_word' id='word_1_732' title='bbox 978 5350 1238 5422; x_wconf 87' lang='grc' dir='ltr'>καρδίαν,</span> <span class='ocrx_word' id='word_1_733' title='bbox 1268 5348 1527 5403; x_wconf 76' lang='grc' dir='ltr'>ἔσπευδον</span> <span class='ocrx_word' id='word_1_734' title='bbox 1561 5351 1864 5404; x_wconf 85' lang='grc' dir='ltr'>καταπολε-</span> 
     </span>
    </p>
   </div>
   <div class='ocr_carea' id='block_1_102' title="bbox 306 5440 1865 5516">
    <p class='ocr_par' dir='ltr' id='par_1_102' title="bbox 306 5440 1865 5516">
     <span class='ocr_line' id='line_1_102' title="bbox 306 5440 1865 5516; baseline -0.002 -19"><span class='ocrx_word' id='word_1_735' title='bbox 306 5442 482 5516; x_wconf 87' lang='grc' dir='ltr'>μῆσαι</span> <span class='ocrx_word' id='word_1_736' title='bbox 504 5443 594 5498; x_wconf 74' lang='grc' dir='ltr'><strong>τδν</strong></span> <span class='ocrx_word' id='word_1_737' title='bbox 625 5444 823 5507; x_wconf 79' lang='grc' dir='ltr'>αὐτοὺς</span> <span class='ocrx_word' id='word_1_738' title='bbox 845 5442 1182 5514; x_wconf 87' lang='grc' dir='ltr'>ὐποσύροντα</span> <span class='ocrx_word' id='word_1_739' title='bbox 1214 5441 1470 5512; x_wconf 81' lang='grc' dir='ltr'>πονηρὸν,</span> <span class='ocrx_word' id='word_1_740' title='bbox 1497 5440 1585 5495; x_wconf 84' lang='grc' dir='ltr'><strong>ἵνα</strong></span> <span class='ocrx_word' id='word_1_741' title='bbox 1620 5440 1692 5512; x_wconf 83' lang='grc' dir='ltr'><strong>μὴ</strong></span> <span class='ocrx_word' id='word_1_742' title='bbox 1726 5457 1865 5494; x_wconf 92' lang='grc' dir='ltr'>καυ-</span> 
     </span>
    </p>
   </div>
   <div class='ocr_carea' id='block_1_103' title="bbox 298 5533 1865 5609">
    <p class='ocr_par' dir='ltr' id='par_1_103' title="bbox 298 5533 1865 5609">
     <span class='ocr_line' id='line_1_103' title="bbox 298 5533 1865 5609; baseline -0.002 -19"><span class='ocrx_word' id='word_1_743' title='bbox 298 5537 495 5608; x_wconf 70' lang='grc' dir='ltr'>χᾰται,</span> <span class='ocrx_word' id='word_1_744' title='bbox 527 5535 604 5601; x_wconf 80' lang='grc' dir='ltr'>ὥς</span> <span class='ocrx_word' id='word_1_745' title='bbox 628 5535 806 5609; x_wconf 76' lang='grc' dir='ltr'>ηττῶν</span> <span class='ocrx_word' id='word_1_746' title='bbox 853 5536 979 5600; x_wconf 81' lang='grc' dir='ltr'>τοὺς</span> <span class='ocrx_word' id='word_1_747' title='bbox 1025 5535 1270 5600; x_wconf 82' lang='grc' dir='ltr'>εὐσεϐεῖς</span> <span class='ocrx_word' id='word_1_748' title='bbox 1294 5551 1309 5566; x_wconf 82' lang='grc'><em>’</em></span> <span class='ocrx_word' id='word_1_749' title='bbox 1356 5536 1403 5588; x_wconf 84' lang='grc' dir='ltr'>εἰ</span> <span class='ocrx_word' id='word_1_750' title='bbox 1437 5534 1533 5588; x_wconf 69' lang='grc' dir='ltr'><strong>καὶ</strong></span> <span class='ocrx_word' id='word_1_751' title='bbox 1578 5533 1865 5588; x_wconf 87' lang='grc' dir='ltr'>ἐλάνθανεν</span> 
     </span>
    </p>
   </div>
   <div class='ocr_carea' id='block_1_104' title="bbox 300 5624 1863 5700">
    <p class='ocr_par' dir='ltr' id='par_1_104' title="bbox 300 5624 1863 5700">
     <span class='ocr_line' id='line_1_104' title="bbox 300 5624 1863 5700; baseline 0 -17"><span class='ocrx_word' id='word_1_752' title='bbox 300 5628 493 5684; x_wconf 79' lang='grc' dir='ltr'>ἐαυτὸν</span> <span class='ocrx_word' id='word_1_753' title='bbox 519 5628 760 5699; x_wconf 87' lang='grc' dir='ltr'>ἀγνοῶν,</span> <span class='ocrx_word' id='word_1_754' title='bbox 798 5630 879 5683; x_wconf 84' lang='grc' dir='ltr'><strong>ὅτι</strong></span> <span class='ocrx_word' id='word_1_755' title='bbox 924 5627 1119 5700; x_wconf 74' lang='grc' dir='ltr'>μᾶλλον</span> <span class='ocrx_word' id='word_1_756' title='bbox 1162 5628 1423 5699; x_wconf 77' lang='grc' dir='ltr'>ἡττᾶται,</span> <span class='ocrx_word' id='word_1_757' title='bbox 1457 5624 1664 5679; x_wconf 89' lang='grc' dir='ltr'>πολλῶν</span> <span class='ocrx_word' id='word_1_758' title='bbox 1703 5626 1863 5698; x_wconf 85' lang='grc' dir='ltr'>μέχρι</span> 
     </span>
    </p>
   </div>
   <div class='ocr_carea' id='block_1_105' title="bbox 302 5715 1865 5796">
    <p class='ocr_par' dir='ltr' id='par_1_105' title="bbox 302 5715 1865 5796">
     <span class='ocr_line' id='line_1_105' title="bbox 302 5715 1865 5796; baseline -0.005 -17"><span class='ocrx_word' id='word_1_759' title='bbox 302 5719 534 5779; x_wconf 69' lang='grc' dir='ltr'>θανάτου</span> <span class='ocrx_word' id='word_1_760' title='bbox 566 5719 664 5794; x_wconf 85' lang='grc' dir='ltr'>τὴν</span> <span class='ocrx_word' id='word_1_761' title='bbox 694 5721 833 5796; x_wconf 80' lang='grc' dir='ltr'>ὑπὲρ</span> <span class='ocrx_word' id='word_1_762' title='bbox 878 5721 977 5792; x_wconf 88' lang='grc' dir='ltr'><strong>τῆς</strong></span> <span class='ocrx_word' id='word_1_763' title='bbox 1012 5721 1245 5786; x_wconf 84' lang='grc' dir='ltr'>πίστεως</span> <span class='ocrx_word' id='word_1_764' title='bbox 1279 5718 1527 5776; x_wconf 77' lang='grc' dir='ltr'>ἔνστασιν</span> <span class='ocrx_word' id='word_1_765' title='bbox 1559 5715 1865 5789; x_wconf 70' lang='grc' dir='ltr'>ἐνδειξαμέσο</span> 
     </span>
    </p>
   </div>
   <div class='ocr_carea' id='block_1_106' title="bbox 1974 4510 3539 4588">
    <p class='ocr_par' dir='ltr' id='par_1_106' title="bbox 1974 4510 3539 4588">
     <span class='ocr_line' id='line_1_106' title="bbox 1974 4510 3539 4588; baseline 0.004 -22"><span class='ocrx_word' id='word_1_766' title='bbox 1974 4525 2188 4566; x_wconf 89' lang='lat' dir='ltr'><strong>summo</strong></span> <span class='ocrx_word' id='word_1_767' title='bbox 2222 4510 2370 4568; x_wconf 89' lang='lat' dir='ltr'><strong>illius</strong></span> <span class='ocrx_word' id='word_1_768' title='bbox 2398 4513 2714 4570; x_wconf 85' lang='lat' dir='ltr'><strong>discrimine</strong></span> <span class='ocrx_word' id='word_1_769' title='bbox 2752 4516 3335 4588; x_wconf 87' lang='lat' dir='ltr'><strong>vehementissimaque</strong></span> <span class='ocrx_word' id='word_1_770' title='bbox 3375 4517 3539 4574; x_wconf 76' lang='lat' dir='ltr'><strong>dimi-</strong></span> 
     </span>
    </p>
   </div>
   <div class='ocr_carea' id='block_1_107' title="bbox 1972 4602 3538 4678">
    <p class='ocr_par' dir='ltr' id='par_1_107' title="bbox 1972 4602 3538 4678">
     <span class='ocr_line' id='line_1_107' title="bbox 1972 4602 3538 4678; baseline 0.004 -20"><span class='ocrx_word' id='word_1_771' title='bbox 1972 4602 2187 4658; x_wconf 84' lang='lat' dir='ltr'><strong>catione</strong></span> <span class='ocrx_word' id='word_1_772' title='bbox 2234 4606 2537 4672; x_wconf 87' lang='lat' dir='ltr'><strong>constituti,</strong></span> <span class='ocrx_word' id='word_1_773' title='bbox 2579 4621 2645 4661; x_wconf 90' lang='lat' dir='ltr'><strong>ac</strong></span> <span class='ocrx_word' id='word_1_774' title='bbox 2673 4609 2933 4678; x_wconf 84' lang='lat' dir='ltr'><strong>martyria</strong></span> <span class='ocrx_word' id='word_1_775' title='bbox 2973 4615 3285 4664; x_wconf 86' lang='lat' dir='ltr'><strong>sanctorum</strong></span> <span class='ocrx_word' id='word_1_776' title='bbox 3317 4610 3538 4666; x_wconf 36' lang='lat' dir='ltr'><strong>intuens</strong></span> 
     </span>
    </p>
   </div>
   <div class='ocr_carea' id='block_1_108' title="bbox 1972 4698 3534 4770">
    <p class='ocr_par' dir='ltr' id='par_1_108' title="bbox 1972 4698 3534 4770">
     <span class='ocr_line' id='line_1_108' title="bbox 1972 4698 3534 4770; baseline 0.004 -21"><span class='ocrx_word' id='word_1_777' title='bbox 1972 4700 2077 4759; x_wconf 89' lang='lat' dir='ltr'><strong>tes,</strong></span> <span class='ocrx_word' id='word_1_778' title='bbox 2104 4706 2166 4768; x_wconf 84' lang='lat' dir='ltr'><strong>et</strong></span> <span class='ocrx_word' id='word_1_779' title='bbox 2189 4710 2354 4767; x_wconf 89' lang='lat' dir='ltr'><strong>quam</strong></span> <span class='ocrx_word' id='word_1_780' title='bbox 2404 4698 2752 4754; x_wconf 88' lang='lat' dir='ltr'><strong>vehementer</strong></span> <span class='ocrx_word' id='word_1_781' title='bbox 2794 4698 2862 4754; x_wconf 82' lang='lat' dir='ltr'><strong>ad</strong></span> <span class='ocrx_word' id='word_1_782' title='bbox 2892 4699 3239 4770; x_wconf 87' lang='lat' dir='ltr'><strong>accipiendas</strong></span> <span class='ocrx_word' id='word_1_783' title='bbox 3280 4700 3534 4756; x_wconf 77' lang='lat' dir='ltr'><strong>cmlestes</strong></span> 
     </span>
    </p>
   </div>
   <div class='ocr_carea' id='block_1_109' title="bbox 1971 4788 3539 4863">
    <p class='ocr_par' dir='ltr' id='par_1_109' title="bbox 1971 4788 3539 4863">
     <span class='ocr_line' id='line_1_109' title="bbox 1971 4788 3539 4863; baseline 0.004 -22"><span class='ocrx_word' id='word_1_784' title='bbox 1971 4802 2203 4844; x_wconf 85' lang='lat' dir='ltr'><strong>coronas</strong></span> <span class='ocrx_word' id='word_1_785' title='bbox 2253 4788 2605 4856; x_wconf 85' lang='lat' dir='ltr'><strong>festinarent,</strong></span> <span class='ocrx_word' id='word_1_786' title='bbox 2652 4790 2836 4845; x_wconf 88' lang='lat' dir='ltr'><strong>divina</strong></span> <span class='ocrx_word' id='word_1_787' title='bbox 2885 4790 3231 4847; x_wconf 77' lang='lat' dir='ltr'><strong>aemulatione</strong></span> <span class='ocrx_word' id='word_1_788' title='bbox 3278 4806 3338 4847; x_wconf 90' lang='lat' dir='ltr'><strong>se</strong></span> <span class='ocrx_word' id='word_1_789' title='bbox 3386 4793 3539 4863; x_wconf 88' lang='lat' dir='ltr'><strong>ipsos</strong></span> 
     </span>
    </p>
   </div>
   <div class='ocr_carea' id='block_1_110' title="bbox 1969 4881 3533 4952">
    <p class='ocr_par' dir='ltr' id='par_1_110' title="bbox 1969 4881 3533 4952">
     <span class='ocr_line' id='line_1_110' title="bbox 1969 4881 3533 4952; baseline 0.004 -18"><span class='ocrx_word' id='word_1_790' title='bbox 1969 4881 2230 4952; x_wconf 85' lang='lat' dir='ltr'><strong>martyrio</strong></span> <span class='ocrx_word' id='word_1_791' title='bbox 2257 4882 2545 4947; x_wconf 83' lang='lat' dir='ltr'><strong>tradidere,</strong></span> <span class='ocrx_word' id='word_1_792' title='bbox 2565 4884 2734 4937; x_wconf 91' lang='lat' dir='ltr'><strong>multa</strong></span> <span class='ocrx_word' id='word_1_793' title='bbox 2760 4899 2883 4939; x_wconf 92' lang='lat' dir='ltr'><strong>cum</strong></span> <span class='ocrx_word' id='word_1_794' title='bbox 2901 4884 3152 4941; x_wconf 86' lang='lat' dir='ltr'><strong>libertate</strong></span> <span class='ocrx_word' id='word_1_795' title='bbox 3177 4884 3233 4940; x_wconf 88' lang='lat' dir='ltr'><strong>in</strong></span> <span class='ocrx_word' id='word_1_796' title='bbox 3255 4892 3533 4941; x_wconf 88' lang='lat' dir='ltr'><strong>certamen</strong></span> 
     </span>
    </p>
   </div>
   <div class='ocr_carea' id='block_1_111' title="bbox 1970 4960 3536 5048">
    <p class='ocr_par' dir='ltr' id='par_1_111' title="bbox 1970 4960 3536 5048">
     <span class='ocr_line' id='line_1_111' title="bbox 1970 4960 3536 5048; baseline 0.003 -21"><span class='ocrx_word' id='word_1_797' title='bbox 1970 4960 2301 5041; x_wconf 86' lang='lat' dir='ltr'><strong>desilientes,</strong></span> <span class='ocrx_word' id='word_1_798' title='bbox 2333 4986 2642 5031; x_wconf 85' lang='lat' dir='ltr'><strong>sanctorum</strong></span> <span class='ocrx_word' id='word_1_799' title='bbox 2682 4977 2775 5048; x_wconf 90' lang='lat' dir='ltr'><strong>qui</strong></span> <span class='ocrx_word' id='word_1_800' title='bbox 2820 4977 3168 5048; x_wconf 89' lang='lat' dir='ltr'><strong>patiebantur</strong></span> <span class='ocrx_word' id='word_1_801' title='bbox 3208 4978 3536 5046; x_wconf 82' lang='lat' dir='ltr'><strong>imitatione,</strong></span> 
     </span>
    </p>
   </div>
   <div class='ocr_carea' id='block_1_112' title="bbox 1970 5067 3532 5137">
    <p class='ocr_par' dir='ltr' id='par_1_112' title="bbox 1970 5067 3532 5137">
     <span class='ocr_line' id='line_1_112' title="bbox 1970 5067 3532 5137; baseline 0.003 -16"><span class='ocrx_word' id='word_1_802' title='bbox 1970 5080 2137 5135; x_wconf 83' lang='lat' dir='ltr'><strong>seque</strong></span> <span class='ocrx_word' id='word_1_803' title='bbox 2158 5077 2441 5137; x_wconf 87' lang='lat' dir='ltr'><strong>promptos</strong></span> <span class='ocrx_word' id='word_1_804' title='bbox 2468 5067 2537 5123; x_wconf 91' lang='lat' dir='ltr'><strong>ad</strong></span> <span class='ocrx_word' id='word_1_805' title='bbox 2562 5068 2721 5125; x_wconf 81' lang='lat' dir='ltr'><strong>ﬁdem</strong></span> <span class='ocrx_word' id='word_1_806' title='bbox 2761 5068 3073 5129; x_wconf 83' lang='lat' dir='ltr'><strong>testimonio</strong></span> <span class='ocrx_word' id='word_1_807' title='bbox 3102 5068 3532 5125; x_wconf 83' lang='lat' dir='ltr'><strong>conﬁrmandam</strong></span> 
     </span>
    </p>
   </div>
   <div class='ocr_carea' id='block_1_113' title="bbox 1969 5160 3539 5233">
    <p class='ocr_par' dir='ltr' id='par_1_113' title="bbox 1969 5160 3539 5233">
     <span class='ocr_line' id='line_1_113' title="bbox 1969 5160 3539 5233; baseline 0.001 -19"><span class='ocrx_word' id='word_1_808' title='bbox 1969 5160 2236 5225; x_wconf 88' lang='lat' dir='ltr'><strong>obtulere,</strong></span> <span class='ocrx_word' id='word_1_809' title='bbox 2274 5169 2388 5216; x_wconf 90' lang='lat' dir='ltr'><strong>tum</strong></span> <span class='ocrx_word' id='word_1_810' title='bbox 2418 5160 2490 5216; x_wconf 90' lang='lat' dir='ltr'><strong>ob</strong></span> <span class='ocrx_word' id='word_1_811' title='bbox 2520 5161 2574 5215; x_wconf 91' lang='lat' dir='ltr'><strong>id</strong></span> <span class='ocrx_word' id='word_1_812' title='bbox 2594 5162 2830 5217; x_wconf 79' lang='lat' dir='ltr'><strong>maxime</strong></span> <span class='ocrx_word' id='word_1_813' title='bbox 2853 5160 2981 5233; x_wconf 90' lang='lat' dir='ltr'><strong>quia</strong></span> <span class='ocrx_word' id='word_1_814' title='bbox 3012 5162 3215 5217; x_wconf 91' lang='lat' dir='ltr'><strong>multos</strong></span> <span class='ocrx_word' id='word_1_815' title='bbox 3245 5168 3539 5217; x_wconf 87' lang='lat' dir='ltr'><strong>cernerent</strong></span> 
     </span>
    </p>
   </div>
   <div class='ocr_carea' id='block_1_114' title="bbox 1968 5251 3538 5327">
    <p class='ocr_par' dir='ltr' id='par_1_114' title="bbox 1968 5251 3538 5327">
     <span class='ocr_line' id='line_1_114' title="bbox 1968 5251 3538 5327; baseline 0.001 -20"><span class='ocrx_word' id='word_1_816' title='bbox 1968 5253 2061 5327; x_wconf 86' lang='lat' dir='ltr'><strong>qui</strong></span> <span class='ocrx_word' id='word_1_817' title='bbox 2095 5252 2580 5320; x_wconf 86' lang='lat' dir='ltr'><strong>subtrahebantur,</strong></span> <span class='ocrx_word' id='word_1_818' title='bbox 2609 5254 2714 5309; x_wconf 90' lang='lat' dir='ltr'><strong>hoc</strong></span> <span class='ocrx_word' id='word_1_819' title='bbox 2764 5260 2848 5309; x_wconf 89' lang='lat' dir='ltr'><strong>est</strong></span> <span class='ocrx_word' id='word_1_820' title='bbox 2902 5251 3346 5320; x_wconf 87' lang='lat' dir='ltr'><strong>traducebantur,</strong></span> <span class='ocrx_word' id='word_1_821' title='bbox 3381 5254 3538 5311; x_wconf 77' lang='lat' dir='ltr'><strong>deci-</strong></span> 
     </span>
    </p>
   </div>
   <div class='ocr_carea' id='block_1_115' title="bbox 1967 5345 3529 5419">
    <p class='ocr_par' dir='ltr' id='par_1_115' title="bbox 1967 5345 3529 5419">
     <span class='ocr_line' id='line_1_115' title="bbox 1967 5345 3529 5419; baseline 0.001 -20"><span class='ocrx_word' id='word_1_822' title='bbox 1967 5345 2271 5418; x_wconf 89' lang='lat' dir='ltr'><strong>piebantur,</strong></span> <span class='ocrx_word' id='word_1_823' title='bbox 2297 5347 2552 5418; x_wconf 88' lang='lat' dir='ltr'><strong>pietatem</strong></span> <span class='ocrx_word' id='word_1_824' title='bbox 2599 5347 2889 5419; x_wconf 74' lang='lat' dir='ltr'><strong>negabant,</strong></span> <span class='ocrx_word' id='word_1_825' title='bbox 2925 5345 3214 5413; x_wconf 78' lang='lat' dir='ltr'><strong>ferventes,</strong></span> <span class='ocrx_word' id='word_1_826' title='bbox 3262 5348 3373 5402; x_wconf 85' lang='lat' dir='ltr'><strong>hoc</strong></span> <span class='ocrx_word' id='word_1_827' title='bbox 3423 5355 3529 5411; x_wconf 87' lang='lat' dir='ltr'><strong>est,</strong></span> 
     </span>
    </p>
   </div>
   <div class='ocr_carea' id='block_1_116' title="bbox 1966 5438 3532 5511">
    <p class='ocr_par' dir='ltr' id='par_1_116' title="bbox 1966 5438 3532 5511">
     <span class='ocr_line' id='line_1_116' title="bbox 1966 5438 3532 5511; baseline 0.001 -18"><span class='ocrx_word' id='word_1_828' title='bbox 1966 5439 2241 5494; x_wconf 83' lang='lat' dir='ltr'><strong>ﬂammato</strong></span> <span class='ocrx_word' id='word_1_829' title='bbox 2264 5440 2448 5507; x_wconf 91' lang='lat' dir='ltr'><strong>corde,</strong></span> <span class='ocrx_word' id='word_1_830' title='bbox 2486 5439 2742 5496; x_wconf 90' lang='lat' dir='ltr'><strong>infestum</strong></span> <span class='ocrx_word' id='word_1_831' title='bbox 2771 5439 2906 5511; x_wconf 88' lang='lat' dir='ltr'><strong>ipsis</strong></span> <span class='ocrx_word' id='word_1_832' title='bbox 2936 5438 3308 5496; x_wconf 88' lang='lat' dir='ltr'><strong>adversarium</strong></span> <span class='ocrx_word' id='word_1_833' title='bbox 3347 5439 3532 5496; x_wconf 84' lang='lat' dir='ltr'><strong>debel-</strong></span> 
     </span>
    </p>
   </div>
   <div class='ocr_carea' id='block_1_117' title="bbox 1966 5530 3534 5603">
    <p class='ocr_par' dir='ltr' id='par_1_117' title="bbox 1966 5530 3534 5603">
     <span class='ocr_line' id='line_1_117' title="bbox 1966 5530 3534 5603; baseline 0.001 -19"><span class='ocrx_word' id='word_1_834' title='bbox 1966 5531 2079 5587; x_wconf 90' lang='lat' dir='ltr'><strong>lare</strong></span> <span class='ocrx_word' id='word_1_835' title='bbox 2106 5531 2455 5602; x_wconf 80' lang='lat' dir='ltr'><strong>studuerunt,</strong></span> <span class='ocrx_word' id='word_1_836' title='bbox 2489 5548 2557 5588; x_wconf 91' lang='lat' dir='ltr'><strong>ne</strong></span> <span class='ocrx_word' id='word_1_837' title='bbox 2594 5531 2759 5587; x_wconf 85' lang='lat' dir='ltr'><strong>veluti</strong></span> <span class='ocrx_word' id='word_1_838' title='bbox 2802 5530 3014 5601; x_wconf 88' lang='lat' dir='ltr'><strong>piorum</strong></span> <span class='ocrx_word' id='word_1_839' title='bbox 3055 5532 3231 5588; x_wconf 89' lang='lat' dir='ltr'><strong>victor</strong></span> <span class='ocrx_word' id='word_1_840' title='bbox 3270 5532 3534 5603; x_wconf 71' lang='lat' dir='ltr'><strong>gloriare~</strong></span> 
     </span>
    </p>
   </div>
   <div class='ocr_carea' id='block_1_118' title="bbox 1967 5625 3532 5697">
    <p class='ocr_par' dir='ltr' id='par_1_118' title="bbox 1967 5625 3532 5697">
     <span class='ocr_line' id='line_1_118' title="bbox 1967 5625 3532 5697; baseline 0.002 -19"><span class='ocrx_word' id='word_1_841' title='bbox 1967 5633 2085 5692; x_wconf 86' lang='lat' dir='ltr'><strong>tur;</strong></span> <span class='ocrx_word' id='word_1_842' title='bbox 2120 5627 2370 5696; x_wconf 86' lang='lat' dir='ltr'><strong>quamvis</strong></span> <span class='ocrx_word' id='word_1_843' title='bbox 2426 5641 2550 5684; x_wconf 91' lang='lat' dir='ltr'><strong>eum</strong></span> <span class='ocrx_word' id='word_1_844' title='bbox 2599 5628 2840 5693; x_wconf 89' lang='lat' dir='ltr'><strong>latuerit,</strong></span> <span class='ocrx_word' id='word_1_845' title='bbox 2872 5626 3016 5682; x_wconf 87' lang='lat' dir='ltr'><strong>vinci</strong></span> <span class='ocrx_word' id='word_1_846' title='bbox 3063 5641 3123 5683; x_wconf 90' lang='lat' dir='ltr'><strong>se</strong></span> <span class='ocrx_word' id='word_1_847' title='bbox 3166 5625 3373 5697; x_wconf 87' lang='lat' dir='ltr'><strong>potius,</strong></span> <span class='ocrx_word' id='word_1_848' title='bbox 3404 5640 3532 5681; x_wconf 85' lang='lat' dir='ltr'><strong>cum</strong></span> 
     </span>
    </p>
   </div>
   <div class='ocr_carea' id='block_1_119' title="bbox 1972 5715 3533 5790">
    <p class='ocr_par' dir='ltr' id='par_1_119' title="bbox 1972 5715 3533 5790">
     <span class='ocr_line' id='line_1_119' title="bbox 1972 5715 3533 5790; baseline 0 -17"><span class='ocrx_word' id='word_1_849' title='bbox 1972 5716 2129 5773; x_wconf 90' lang='lat' dir='ltr'><strong>multi</strong></span> <span class='ocrx_word' id='word_1_850' title='bbox 2160 5715 2227 5772; x_wconf 90' lang='lat' dir='ltr'><strong>ad</strong></span> <span class='ocrx_word' id='word_1_851' title='bbox 2255 5724 2484 5775; x_wconf 73' lang='lat' dir='ltr'><strong>mortem</strong></span> <span class='ocrx_word' id='word_1_852' title='bbox 2511 5733 2686 5790; x_wconf 87' lang='lat' dir='ltr'><strong>usque</strong></span> <span class='ocrx_word' id='word_1_853' title='bbox 2717 5732 2819 5790; x_wconf 91' lang='lat' dir='ltr'><strong>pro</strong></span> <span class='ocrx_word' id='word_1_854' title='bbox 2873 5717 2980 5775; x_wconf 85' lang='lat' dir='ltr'><strong>fide</strong></span> <span class='ocrx_word' id='word_1_855' title='bbox 3022 5716 3388 5773; x_wconf 88' lang='lat' dir='ltr'><strong>constantiam</strong></span> <span class='ocrx_word' id='word_1_856' title='bbox 3422 5730 3533 5789; x_wconf 64' lang='lat' dir='ltr'><strong>prae</strong></span> 
     </span>
    </p>
   </div>
  </div>
