3862 6158
282 239 388 296 490

1313 233 1372 289 S.
1412 232 1616 291 PETRI
1656 231 2125 293 ALEXANDle
2168 231 2481 290 EPISCOPI

3410 239 3516 296 500

286 372 347 413 se
380 356 627 415 tulerint.
649 354 1005 418 Festinarunt
1031 355 1392 426 ergo,inquit,
1427 366 1485 409 ut
1520 354 1575 409 id
1604 363 1847 426 agerent,

1982 370 2075 408 ων.
2106 355 2403 408 Ἔσπευδον
2433 355 2530 427 μὲν
2551 351 2663 420 οῦν,
2687 355 2868 426 φησὶν,
2895 354 3065 419 οὕτως
3092 356 3330 426 ποιῆσαι,
3352 358 3520 428 ἡττη-

285 448 531 518 ttuperati
587 456 772 502 autem
806 448 861 501 vi
896 454 1289 502 tormentorum
1317 446 1389 501 ob
1424 446 1852 503 imbecillitatem

288 541 495 606 carnis,
536 541 734 612 partim
787 540 842 593 in
897 538 1161 594 custodiis
1208 537 1349 592 male
1398 538 1625 608 accepti,
1654 538 1853 607 partim

289 648 422 690 vero
447 632 504 687 in
528 632 750 704 judieiis
794 632 973 702 poenis
1023 629 1219 697 affecti,
1250 643 1352 684 nec
1381 626 1616 683 ferentes
1647 629 1856 699 suppli-

289 725 398 781 cia.
432 724 625 796 Operae
652 724 887 794 pretium
921 730 1007 777 est
1038 722 1203 792 igitur
1223 736 1347 779 cum
1381 720 1450 774 iis
1472 723 1566 791 qui
1611 720 1854 791 ipsorum

292 829 463 870 causa
484 815 692 884 lugent,
725 811 1133 868 condolescere.
1187 810 1405 881 Lugent.
1435 827 1620 882 porro,
1657 812 1852 882 inquit,

292 915 585 976 parentum
626 903 741 965 alii,
762 902 865 956 'alii
896 901 1151 967 fratrum,
1177 902 1269 954 alii
1299 901 1597 957 liberorum
1617 902 1854 972 lapsum.

296 995 436 1051 Cum
476 995 545 1051 iis
574 995 741 1067 igitur
769 994 861 1067 qui
898 994 1080 1065 lapsos
1112 994 1319 1064 lugent,
1356 993 1519 1049 simul
1551 995 1734 1067 lugere
1762 1011 1861 1050 ne-

296 1088 498 1143 minem
542 1088 704 1153 laedit,
736 1101 837 1141 nec
878 1100 1001 1139 cum
1059 1085 1128 1141 iis
1183 1100 1290 1139 una
1338 1087 1547 1156 precari
1589 1096 1644 1142 et
1677 1086 1860 1143 dolere

295 1178 390 1250 qui
422 1194 520 1250 pro
550 1178 683 1249 ipsis
717 1185 931 1251 ragant,
964 1192 1087 1232 cum
1111 1178 1233 1234 aliis
1267 1193 1461 1250 nempe
1509 1178 1704 1233 rationi
1729 1193 1860 1233 con-

298 1270 612 1338 sentaneis;
644 1286 768 1326 cum
799 1284 866 1325 eo
898 1268 1132 1335 scilicet,
1161 1278 1223 1324 ut
1266 1270 1359 1341 qui
1393 1271 1527 1341 lapsi
1566 1281 1711 1335 sunt,
1757 1271 1861 1325 alia

298 1379 517 1438 quoque
540 1370 823 1436 prtrstent,
849 1378 971 1436 qua:
996 1370 1303 1432 congruunt
1335 1361 1702 1432 poenitentiae:
1736 1370 1863 1418 sunt

300 1459 415 1513 haec
441 1472 605 1528 porro
628 1456 838 1528 jejunia
877 1466 929 1511 et
975 1457 1247 1525 lacrymae,
1295 1455 1521 1526 aliaeque
1562 1455 1863 1510 alllictatio—

299 1564 421 1614 nes,
444 1549 771 1603 mulctarum
795 1548 1203 1605 observationes
1230 1567 1242 1602 :
1263 1560 1375 1603 tum
1407 1550 1454 1604 si
1488 1549 1719 1604 facultas
1741 1564 1865 1619 sup«

1952 447 2137 510 θέντες
2167 446 2223 499 δὲ
2255 447 2362 500 τῶν
2398 448 2644 517 βασάνων
2668 448 2735 500 δι’
2767 431 3049 501 ἀσθένειαν
3081 448 3179 519 τῆς
3202 447 3405 520 σαρκὸς
3424 487 3440 513 ,
3466 449 3519 500 οἰ

1958 540 2053 610 μὲν
2089 541 2146 593 ὲν
2172 543 2292 604 ταῖς
2321 539 2585 610 φυλακαῖς
2613 539 3048 604 κακοπαθοῦντες
3066 580 3081 604 ,
3116 542 3168 593 οἱ
3216 541 3273 593 δὲ
3312 542 3407 594 ἐπὶ
3437 540 3520 594 δι-

1957 630 2251 700 καστηρίου
2280 629 2666 695 κολασθέντες,
2712 632 2808 683 καὶ
2849 628 2922 702 μὴ
2961 630 3275 698 ἐνεγκόντες
3316 631 3417 693 τὰς
3439 648 3522 683 τι-

1959 719 2187 790 μωρίας.
2229 719 2412 785 ’Ἄξιον
2443 717 2536 775 οῦν
2576 723 2691 775 ἐστι
2729 724 2842 786 τοῖς
2877 721 3017 792 ὑπὲρ
3049 720 3229 775 αὐτῶν
3264 720 3521 775 πενθοῦσι

1958 811 2316 881 συμπάσχειν.
2344 811 2609 869 Πενθοῦσι
2624 812 2703 878 δὲ,
2728 814 2909 884 φησιν,
2936 813 2984 866 οἱ
3013 812 3112 883 μὲν
3138 813 3275 882 ὑπὲρ
3295 811 3522 881 γονέων,

1956 905 2005 955 οἱ
2032 902 2087 955 δὲ
2115 904 2253 975 ὑπὲρ
2295 902 2401 959 τῶν
2440 903 2682 973 ἀδελφῶν
2713 945 2727 969 ,
2758 907 2804 958 οἱ
2847 905 2904 959 δὲ
2948 904 3089 977 ὑπὲρ
3118 903 3321 957 τέκνων
3347 921 3525 976 παρα-

1959 995 2345 1050 πεπτωκότων.
2379 995 2453 1048 Τδ
2491 995 2621 1065 γοῦν
2663 995 2990 1067 συμπενθεῖν
3027 999 3139 1060 τοῖς
3184 996 3310 1059 τοὺς
3341 1012 3525 1067 παρα-

1960 1085 2316 1149 πεπτωκότας
2364 1086 2650 1145 πενθοῦσιν
2687 1086 2872 1142 οὐδένα
2905 1086 3308 1153 καταϐλάπτει,
3338 1086 3433 1139 καὶ
3462 1085 3527 1137 τὸ

1963 1178 2274 1232 συνδέεσθαι
2312 1179 2407 1233 καὶ
2430 1178 2711 1247 συναλγεῖν
2740 1180 2850 1242 τοῖς
2875 1177 3149 1249 δεομένοις
3176 1178 3315 1249 ὑπὲρ
3346 1177 3527 1230 αὐτῶν

1965 1271 2104 1343 μετὰ
2133 1271 2242 1325 τῶν
2275 1270 2449 1325 ἄλλων
2476 1271 2845 1342 καθηκόντων,
2872 1252 3036 1341 ἤγουν
3069 1269 3203 1340 μετὰ
3230 1269 3322 1322 τοῦ
3351 1271 3529 1322 ποιεῖν

1962 1362 2204 1427 ἐκείνους
2255 1364 2380 1431 τοὺς
2446 1361 2957 1435 παραπεπτωκότας
3021 1362 3113 1415 καὶ
3155 1360 3223 1415 τὰ
3273 1361 3408 1415 ἄλλα
3460 1360 3528 1414 τὰ

1963 1456 2242 1527 πρέποντα
2266 1458 2333 1530 τῇ
2365 1456 2651 1527 μετανοίᾳ·
2689 1455 2831 1526 άπερ
2873 1455 2979 1507 εἰσὶ
3016 1456 3255 1527 νηστεῖαι
3295 1452 3388 1506 καὶ
3426 1452 3527 1505 δά-

1964 1563 2125 1618 κρυα,
2157 1545 2313 1600 ἄλλαι
2336 1563 2397 1599 τε
2427 1545 2823 1611 κακοπάθειαι,
2860 1545 3147 1615 ἐπιτιμίων
3180 1543 3437 1613 φυλακαί·
3476 1543 3527 1594 εί

300 1644 470 1708 petat,
502 1636 859 1709 pecuniarum
908 1637 965 1692 in
1008 1652 1272 1709 pauperes
1306 1638 1575 1709 erogatio;
1603 1653 1740 1708 quas
1795 1638 1866 1691 ob

1982 1638 2009 1691 ς’
2040 1637 2105 1692 ἂν
2132 1639 2432 1710 εὐποροῖεν,
2464 1636 2558 1692 καὶ
2581 1637 2752 1701 δόσεις
2786 1639 3079 1709 χρημάτων
3108 1636 3242 1708 πρὸς
3267 1634 3527 1705 πένητας,

300 1742 393 1786 res
423 1727 519 1801 qui
544 1742 642 1799 pro
675 1726 834 1783 nobis
857 1726 1154 1784 advocatus
1190 1740 1274 1784 est
1297 1728 1496 1794 factus,
1524 1727 1741 1784 Patrem
1766 1743 1864 1782 no-

1982 1730 2034 1784 it’
2066 1724 2140 1783 ὧν
2169 1732 2197 1784 ὁ
2223 1709 2504 1802 γινόμενος
2538 1728 2883 1800 παράκλητος
2909 1728 3046 1799 ὑπὲρ
3070 1728 3225 1799 ἡμῶν
3253 1722 3533 1796 ἐξευμενί-

302 1816 388 1872 bis
441 1816 737 1888 prapitium
772 1816 980 1873 reddet.
1031 1816 1264 1874 Adbibet
1310 1833 1436 1874 mox
1486 1818 1705 1888 petitam
1732 1834 1867 1888 quo-

1982 1839 2119 1875 ςεται
2160 1824 2291 1895 ἡμῖν
2318 1822 2409 1876 τὸν
2453 1823 2688 1895 Πατέρα.
2736 1816 2868 1875 Εἶτα
2909 1822 3004 1875 καὶ
3035 1823 3224 1891 χρήσει
3267 1819 3533 1889 κέχρηται

304 1923 413 1977 que
440 1923 505 1964 ex
564 1911 739 1966 sacris
773 1908 968 1967 litteris
1000 1911 1347 1977 sententiam,
1376 1926 1499 1981 qua:
1538 1919 1712 1966 estex
1754 1910 1867 1981 pri-

305 2015 395 2055 ma
437 1998 681 2072 Epistola
720 2003 896 2059 sancti
946 2004 1179 2075 apostoli
1223 2014 1276 2059 et
1317 2004 1661 2075 evangelista:
1705 2000 1870 2056 Joan-

305 2106 417 2149 nis.
924 2152 930 2158 ,

896 2184 1126 2242 CANON
1163 2183 1276 2242 XII.

379 2293 402 2328 ι
444 2275 517 2334 lis
538 2277 683 2334 enim
710 2278 802 2348 qui
830 2279 1115 2350 pecuniam
1142 2278 1431 2343 dederunt,
1467 2284 1526 2333 ut
1568 2275 1673 2347 ipsi
1724 2273 1868 2329 omni

312 2386 332 2419 ι
382 2383 451 2424 ex
481 2379 634 2441 parte
679 2372 749 2427 ab
778 2371 928 2426 omni
979 2371 1187 2427 malitia
1231 2369 1611 2442 imperturbati
1662 2375 1869 2431 essent,

313 2479 332 2510 ι
378 2460 588 2517 crimen
620 2461 825 2517 intendi
856 2478 967 2517 non
1004 2472 1202 2533 potest.
1236 2461 1502 2517 Damnum
1533 2461 1676 2516 enim
1704 2467 1758 2514 et
1787 2459 1873 2529 ja-

313 2572 332 2604 ι
373 2560 586 2616 cturam
614 2556 976 2629 pecuniarum
1010 2556 1414 2622 sustinuerunt,
1446 2570 1514 2610 ne
1547 2552 1652 2623 ipsi
1680 2551 1874 2605 animae

315 2664 333 2696 ι
378 2644 703 2709 detrimento
734 2646 1093 2713 adicerentur,
1125 2648 1211 2703 vel
1266 2649 1439 2718 ipsam
1471 2645 1635 2701 etiam
1681 2644 1874 2714 perde-

315 2757 334 2789 ι
378 2746 522 2805 rent,
559 2738 705 2810 quod
739 2740 831 2795 alii
858 2748 1079 2811 propter
1122 2747 1281 2810 turpe
1327 2739 1537 2793 lucrum
1578 2751 1688 2792 non
1731 2734 1877 2791 fece-

317 2848 337 2881 ι
383 2837 515 2885 runt
548 2832 833 2901 :quamvis
874 2830 1137 2887 Dominus
1184 2830 1373 2884 dicata
1400 2848 1413 2882 :
1442 2825 1582 2894 Quid
1614 2828 1753 2881 enim
1781 2824 1876 2878 ho-
1919 2822 1929 2839 ‘

317 2940 341 2975 ι
385 2922 579 2977 minem
617 2922 847 3000 juvabit,
900 2924 949 2978 si
994 2925 1290 2979 universum
1334 2921 1584 2975 mundum
1640 2919 1874 2972 lucratus

1966 1918 2206 1987 γραφικῇ
2229 1955 2244 1981 ,
2282 1915 2403 1986 ἥτις
2436 1915 2583 1968 ἐστὶν
2630 1917 2696 1968 ὲκ
2735 1915 2833 1985 τῆς
2864 1911 3086 1985 πρώτης
3116 1910 3401 1982 ἐπιπολῆς
3431 1905 3530 1962 τοῦ

1968 2006 2123 2075 ἁγίου
2154 2004 2449 2060 ἀποστόλου
2476 2006 2569 2059 καὶ
2596 2002 2983 2074 εὐαγγελιστοῦ
3016 2000 3285 2055 Ἰωάννου.

2562 2181 2799 2236 ΚΑΝΩΝ
2838 2180 2937 2236 IB'.

2046 2298 2062 2329 ι
2108 2277 2229 2341 Τοῖς
2261 2274 2369 2347 γὰρ
2401 2271 2638 2348 ἀργύρια
2671 2274 2925 2332 δεδωκόσι
2975 2271 3111 2345 πρὸς
3142 2269 3202 2324 τὸ
3243 2263 3535 2338 άνενοχλή-

1979 2394 1995 2421 ι
2041 2388 2164 2434 τους
2187 2370 2379 2433 αὐτοὺς
2397 2370 2441 2401 ⁸⁸
2459 2368 2765 2425 παντάπασι
2790 2365 3039 2436 γενέσθαι
3063 2365 3171 2417 άπὸ
3188 2368 3230 2402 δ’
3248 2362 3431 2433 πάσης
3459 2359 3537 2431 (9)

1981 2483 1997 2513 ι
2045 2462 2261 2526 κακίας,
2307 2462 2406 2516 οὐκ
2429 2460 2575 2514 ἔστιν
2621 2460 2868 2531 ἔγκλημα
2910 2455 3279 2529 προσάγειν⁵⁰.
3324 2453 3539 2524 Ζημὶαν

1980 2576 1996 2604 ι
2047 2552 2151 2626 γὰρ
2181 2553 2274 2607 καὶ
2318 2553 2590 2608 ἀπώλειαν
2624 2550 2917 2624 χρημάτων
2962 2549 3305 2619 ὑπήνεγκεν,
3338 2545 3427 2597 ἵνα
3464 2540 3541 2613 μὴ

1980 2667 1997 2698 ι
2040 2645 2137 2718 τὴν
2181 2644 2353 2716 ψυχὴν
2376 2644 2582 2698 ἑαυτῶν
2615 2646 2679 2676 ⁵ο·
2728 2639 3069 2714 ζημιωθῶσιν
3107 2636 3540 2710 ῆάπολέσωσιν,

1980 2760 1998 2791 ι
2047 2740 2181 2810 ὅπερ
2225 2737 2373 2793 ἄλλοι
2420 2738 2559 2791 κατὰ
2600 2733 3039 2806 αἰσχροκέρδειαν
3079 2731 3137 2783 οὐ
3172 2727 3537 2797 πεποιήκασι·

1983 2849 2000 2881 ι
2048 2832 2301 2899 καίτοιγε
2333 2829 2427 2883 τοῦ
2464 2829 2667 2900 Κυρίου
2694 2827 2962 2896 λέγοντος·
3006 2824 3064 2877 Τί
3094 2820 3203 2891 γὰρ
3239 2816 3545 2888 ὠφελήσει

1983 2942 2003 2975 ι
2048 2922 2376 2991 ἅνθρωπος,
2403 2919 2511 2975 ἐὰν
2534 2921 2639 2973 τόν
2670 2919 2901 2987 κόσμον
2924 2915 3072 2971 ὅλον
3095 2910 3361 2980 κερδήσῃ
3380 2947 3396 2973 ,
3427 2906 3545 2975 τὴν

318 3030 338 3064 ι
382 3013 565 3084 fuerit,
612 3016 804 3079 animi:
849 3024 1024 3076 autem
1063 3014 1370 3076 detrimento
1412 3012 1573 3082 fuerit
1633 3011 1872 3079 affectus,

1985 3034 2003 3066 ι
2050 3013 2118 3067 δὲ
2144 3012 2356 3082 ψυχὴν
2385 3010 2568 3066 αὐτοῦ
2607 3007 2877 3080 ζημιωθῇ,
2906 3006 2944 3075 ἢ
2967 3004 3274 3109 ἀπολέσω
3314 3000 3408 3054 καὶ
3436 3000 3545 3097 ὅτι,

319 3125 337 3158 ι
384 3107 464 3162 vel
485 3124 602 3162 eam
631 3107 793 3162 etiam
845 3108 1176 3176 perdiderit?
1205 3105 1271 3160 Et
1300 3104 1538 3160 rursusb
1576 3123 1589 3157 :
1635 3100 1757 3156 Non
1791 3117 1879 3171 po-

319 3218 336 3248 ι
388 3198 534 3252 testis
567 3196 677 3252 Deo
706 3197 897 3263 servire
917 3206 966 3252 et
991 3212 1302 3255 mammona:
1333 3210 1350 3248 .'
1388 3194 1444 3248 in
1472 3193 1578 3248 illis
1606 3191 1749 3248 enim
1783 3206 1880 3261 ap-

322 3309 341 3340 ι
389 3297 688 3361 paruerunt
713 3292 807 3367 qui
833 3288 944 3345 Deo
972 3288 1261 3352 servirent,
1294 3283 1875 3354 exosis,coneulcatis,

321 3401 339 3432 ι
388 3380 825 3452 contemptisque
852 3381 1123 3454 pecuniis,
1160 3387 1214 3435 et
1252 3378 1309 3435 in
1355 3393 1421 3434 eo
1475 3377 1880 3446 compleverunt

320 3494 340 3526 ι
388 3473 535 3545 quod
566 3475 832 3545 scriptum
857 3482 983 3529 estc
1024 3492 1036 3536 _:
1080 3471 1321 3525 Pretium
1358 3467 1725 3541 redemptionis
1761 3467 1882 3521 ani-

322 3585 340 3616 ι
387 3580 485 3619 ma:
508 3563 756 3630 hominis,
792 3564 1022 3633 propria:
1056 3562 1273 3623 divitiae.
1308 3558 1445 3613 Nam
1476 3568 1531 3613 et
1570 3559 1625 3613 in
1654 3559 1881 3612 Actibus

321 3676 341 3707 ι
388 3669 606 3732 quoque
656 3653 1027 3727 apostolorum
1067 3652 1316 3723 legimus,
1348 3647 1556 3730 eos‘qui
1588 3662 1687 3725 pro
1716 3645 1882 3700 Paulo

323 3768 342 3799 ι
390 3755 446 3802 et
480 3744 592 3801 Sila
611 3744 1016 3811 Thessalonicae
1039 3742 1106 3805 ad
1133 3744 1481 3815 magistratus
1507 3741 1881 3807 trahebantur,

323 3857 344 3891 ι
390 3854 516 3895 cum
554 3838 741 3893 multis
771 3836 1019 3908 pecuniis
1056 3836 1229 3892 fuisse
1264 3835 1543 3891 dimissos.
1589 3835 1883 3905 Postquam

324 3949 346 3982 ι
392 3930 538 3985 enim
572 3929 721 3999 ipsos
751 3941 970 3999 propter
1018 3942 1215 3982 nomen
1262 3926 1492 3981 multum
1538 3936 1882 3991 onerassent,

326 4041 346 4073 ι
393 4028 448 4078 et
483 4018 891 4076 multitudinem
938 4016 1399 4090 magistratusque
1453 4020 1884 4089 perturbassent,

328 4132 349 4167 ι
394 4112 460 4167 ab
510 4110 729 4176 Iasone,
766 4110 965 4180 inquit,
1025 4120 1073 4163 et
1131 4108 1345 4180 reliquis
1397 4108 1747 4164 satisdatione
1796 4126 1887 4163 ac-

329 4225 349 4257 ι
394 4214 563 4274 cepta,
588 4220 675 4258 eos
703 4202 1037 4256 dimiserunt.
1071 4200 1290 4255 Fratres
1323 4210 1499 4256 autem
1539 4211 1696 4255 noctu
1719 4202 1888 4270 proti-

331 4319 350 4352 ι
397 4314 497 4353 nus
519 4296 755 4358 Paulum
784 4305 833 4350 et
865 4294 1038 4358 Silam
1072 4296 1323 4360 miserunt
1349 4297 1402 4348 in
1431 4292 1759 4349 Berrceamd.
1793 4311 1812 4354 ρ

393 4477 557 4543 Bsns.
597 4476 891 4546 Postquam
923 4471 1158 4528 Sanctus
1186 4472 1254 4529 de
1281 4474 1349 4528 iis
1373 4473 1467 4543 qui
1496 4487 1593 4539 sua
1614 4479 1806 4542 sponte
1826 4468 1894 4533 ad

328 4569 649 4641 martyrium
666 4566 1010 4638 confugiunt,
1032 4564 1370 4635 perfecisset,
1403 4564 1534 4618 dicit
1558 4579 1652 4618 eos
1681 4579 1788 4617 non
1809 4578 1897 4621 es-

329 4678 390 4717 se
428 4660 927 4739 reprehendendos,
956 4658 1050 4729 qui
1107 4674 1166 4713 sc
1197 4658 1345 4729 ipsos
1390 4657 1534 4711 datis
1576 4655 1825 4726 pecuniis
1865 4669 1897 4707 a

330 4762 728 4808 tormentorum
747 4752 1037 4815 adlictione
1070 4751 1390 4805 liberarunt.
1419 4748 1725 4804 Maluerunt
1749 4747 1898 4802 enim

331 4859 557 4900 suarum
579 4846 953 4916 pecuniarum,
985 4860 1147 4914 quam
1173 4857 1284 4897 suae
1304 4842 1496 4901 anima:
1523 4841 1790 4911 jacturam
1813 4837 1896 4899 fa-

333 4952 476 4995 cere.
508 4937 714 4995 Deinde
734 4938 838 4993 hoc
872 4937 1051 5008 ipsum
1082 4936 1366 4992 conﬁrmat
1393 4944 1447 4990 et
1492 4934 1646 4989 aliert
1677 4934 1891 4993 diversa

1991 3124 2009 3157 ι
2051 3105 2133 3157 Οὐ
2181 3102 2445 3157 δύνασθε
2509 3098 2628 3165 Θεῷ
2697 3097 3010 3152 δουλεύειν
3064 3092 3163 3147 καὶ
3227 3086 3544 3161 μαμμωνᾷ.

1987 3216 2005 3248 ι
2063 3195 2369 3266 Ἐφάνησαν
2417 3193 2527 3265 γὰρ
2582 3191 2710 3263 παρ’
2760 3188 2988 3251 ἐκείνοις
3034 3185 3211 3257 Θεῷδι
3252 3182 3364 3255 (10)
3417 3181 3545 3235 δου-

1986 3305 2004 3337 ι
2049 3282 2477 3348 λεύοντες,τὰ⁵¹⁸
2505 3280 2739 3353 ἀργύρια
2765 3279 3089 3350 μισήσαντες
3108 3273 3199 3328 καὶ
3231 3271 3550 3347 καταπατή-

1988 3396 2006 3429 ι
2056 3394 2266 3443 σαντες,
2299 3382 2343 3412 δ’
2392 3375 2485 3427 καὶ
2531 3370 3040 3442 καταφρονήσαντες
3072 3362 3282 3428 αὐτῶν,
3310 3360 3548 3434 ἀνεπλή-

1989 3487 2007 3519 ι
2056 3469 2233 3540 ρωσάν
2256 3469 2323 3499 ⁵⁸⁸
2344 3484 2402 3519 τε
2416 3466 2507 3519 καὶ
2532 3465 2588 3517 ἐν
2614 3462 2785 3533 τούτῳ
2804 3460 2864 3514 τὸ
2888 3455 3283 3529 γεγραμμένον
3315 3452 3553 3520 Λύτρον

1990 3577 2006 3607 ι
2053 3556 2273 3624 ἀνδρὸς
2317 3552 2541 3623 ψυχῆς,
2592 3556 2623 3606 ὀ
2672 3550 2820 3615 ἴδιος
2852 3545 3132 3621 πλοῦτος.
3176 3543 3330 3598 Ἐπεὶ
3349 3541 3446 3595 καὶ
3488 3542 3551 3593 ὲν

1990 3668 2008 3696 ι
2051 3649 2169 3710 ταῖς
2197 3644 2433 3717 Πρὰξεσι
2464 3642 2570 3695 τῶν
2598 3639 2909 3695 ἀποστόλων
2937 3637 3247 3706 ἀνέγνωμεν
3278 3633 3404 3696 τοὺς
3451 3648 3551 3684 συ-

1991 3760 2009 3790 r
2056 3738 2247 3810 ρέντας
2274 3736 2391 3789 ἀντὶ
2432 3734 2641 3787 Παύλου
2690 3732 2781 3786 καὶ
2813 3728 2941 3782 Σίλα
2973 3731 3028 3781 ὲν
3059 3724 3428 3795 Θεσσαλονίκῃ
3459 3722 3553 3775 ἐπὶ

1991 3848 2009 3880 ι
2054 3828 2179 3891 τοὺς
2205 3826 2555 3895 πολιτάρχας,
2599 3821 2735 3893 μετὰ
2774 3822 2868 3874 καί⁵
2912 3817 3225 3889 πλησμονῆς
3255 3812 3555 3867 ἀπολυθέν-

1993 3939 2011 3971 ι
2055 3936 2173 3982 τας.
2225 3915 2379 3971 Μετὰ
2408 3914 2517 3986 γάρ
2545 3914 2607 3966 τὸ
2643 3910 3019 3981 καταϐαρῆσαι
3046 3908 3242 3969 αὐτοὺς
3268 3901 3439 3957 πολλὰ
3465 3901 3557 3955 διὰ

1993 4031 2011 4064 ι
2057 4010 2118 4063 τὸ
2141 4010 2328 4079 ὄνομα,
2351 4008 2445 4061 καὶ
2468 4004 2698 4076 ταράξαι
2722 4002 2809 4055 τὸν
2839 4000 2991 4071 ὄχλον
3022 4000 3114 4052 καὶ
3140 3998 3266 4060 τούς
3298 3993 3558 4065 πολιτάρ-

1995 4126 2012 4157 ι
2058 4121 2193 4183 χας,
2218 4103 2514 4164 Λαϐόντες
2534 4138 2547 4160 ,
2572 4096 2703 4167 φησι
2722 4136 2736 4161 ,
2763 4093 2829 4146 τὸ
2863 4093 3072 4145 ἱκανὸν
3109 4087 3271 4156 παρὰ
3309 4086 3419 4183 τοῦ
3456 4083 3560 4183 Ἰώ-ἶ

2000 4218 2016 4248 ι
2058 4176 2247 4260 Ἴσονος
2279 4192 2377 4246 καὶ
2407 4190 2524 4244 τῶν
2561 4184 2817 4249 λοιπῶν,
2842 4183 3158 4237 ἀπέλυσαν
3206 4178 3457 4243 αὐτούς’
3502 4176 3560 4228 οι

1919 4306 1967 4363 ι)
2000 4308 2017 4339 ι
2062 4286 2130 4339 δὲ
2157 4283 2404 4353 ἀδελφοὶ
2443 4279 2660 4343 εὐθέως
2689 4276 2785 4329 διὰ
2815 4273 3034 4338 νυκτός
3071 4270 3423 4363 ἐξέπεμψαν
3452 4266 3585 4321 τόν.

1996 4397 2016 4430 ι
2061 4394 2124 4431 τε
2153 4374 2396 4429 Παῦλον
2425 4371 2519 4424 καὶ
2552 4369 2659 4422 τὸν
2689 4367 2877 4420 Σίλαν
2907 4366 2993 4429 εὶς
3026 4362 3311 4431 Βέρῤοιαν
3356 4360 3472 4411 θ’θ’.
3510 4374 3531 4406 ι

2061 4467 2258 4521 ΒΑΛΣ.
2300 4465 2601 4536 Πληρώσας
2624 4464 2652 4515 ὁ
2675 4463 2859 4531 Ἄγιος
2883 4460 2950 4514 τὰ
2977 4459 3105 4528 περὶ
3129 4454 3235 4507 τῶν
3260 4450 3561 4521 αὐτομολη-

1995 4562 2201 4617 σάντων
2233 4559 2312 4621 εἰς
2340 4558 2401 4611 τὸ
2436 4555 2761 4629 μαρτύριον,
2797 4551 2960 4621 φησὶν
2998 4546 3415 4606 ἀκαταιτιάτους
3478 4538 3557 4595 εἷ-

1995 4672 2083 4709 ναι
2108 4655 2232 4716 τοὺς
2260 4650 2350 4707 διὰ
2385 4648 2680 4731 χρημάτων
2710 4645 2907 4707 δόσεως
2949 4640 3339 4731 ὰνενοχλητους
3366 4652 3568 4731 συντηι

1998 4748 2267 4819 ρήσαντας
2298 4726 2523 4804 ἑαυτοὺς
2549 4741 2656 4793 ἀπὸ
2686 4738 2783 4808 τῆς
2812 4733 3105 4795 κακώσεως
3134 4729 3241 4782 τῶν
3262 4726 3562 4780 κολάσεων.

2001 4817 2217 4890 Εἴλοντο
2248 4834 2355 4907 γὰρ
2387 4833 2639 4904 χρήματα
2666 4826 3034 4901 ζημιωθῆναι,
3066 4822 3160 4875 καὶ
3201 4821 3275 4891 μὴ
3301 4818 3403 4881 τὰς
3431 4817 3567 4869 ἑαυ-

1998 4928 2106 4983 τῶν
2125 4921 2478 4999 ψυχάς..Εἷτα
2499 4917 2921 4989 κατασκευάζων
2949 4916 3106 4971 τοῦτο
3130 4911 3279 4978 αὐτὸ,
3307 4908 3563 4979 ἐπιφέρει

405 5086 433 5114 ι
460 5073 655 5130 Matth.
687 5089 801 5140 xvr,
829 5073 920 5129 26.
997 5076 1025 5115 ιτ
1051 5072 1244 5128 Matth.
1274 5073 1458 5139 “,24.
1540 5071 1746 5127 cProv.
1784 5085 1907 5137 ml,
1942 5071 1996 5126 8.
2072 5069 2102 5109 ει
2147 5068 2268 5123 Act.
2307 5081 2440 5132 xvn,
2488 5066 2544 5128 9,
2579 5065 2667 5119 10.

1591 5211 1823 5277 γΑιιιΕ
1862 5208 2259 5281 LECTIONES.

410 5330 456 5362 “
481 5331 547 5403 τόΔ
582 5330 708 5385 add.
784 5331 828 5364 ⁸³
853 5331 977 5386 ὑπό.
1051 5332 1098 5364 ⁸ο
1136 5333 1519 5403 προσαγαγεῖν.
1537 5402 1551 5403 ﬂ
1613 5330 1683 5403 '°_‘
1705 5326 1906 5403 αὐτῶν.

341 5400 748 5468 ταπατήσαντες
774 5415 883 5454 om.
934 5402 1000 5433 ⁵²¹
1036 5399 1460 5473 ἀπεπλήρωσαν.
1534 5402 1623 5432 ⁸¹⁴’
1650 5399 1892 5470 Βέροιαν.

411 5508 972 5583 (ωμᾙτὸ-πᾳσηῦιε.
1005 5511 1169 5583 Nan_.,
1199 5515 1315 5583 ego
1352 5529 1482 5583 πασ.

414 5576 540 5653 (ἑοὶ,
558 5576 697 5653 "959’
739 5578 986 5653 έκᾷίνοις
1018 5579 1160 5653 Θεῷ.
1199 5581 1275 5635 id.
1312 5582 1460 5653 cod.,
1501 5584 1630 5653 παρ’
1682 5578 1903 5653 ἐκείνων

350 5643 570 5718 τῷθεῷ.
606 5643 750 5712 Mox,
778 5647 845 5699 τὰ
884 5643 989 5719 γὰρ
1025 5643 1280 5720 ἀργύρια.
1312 5643 1517 5707 Desunt
1548 5643 1729 5706 autem
1764 5648 1897 5704 ibid.

2000 5328 2043 5359 ⁸¹
2080 5331 2207 5399 παρ’
2239 5328 2444 5380 ἐκεῖνον
2465 5322 2542 5394 τῷ
2571 5319 2707 5392 Θεῷ.
2791 5321 2859 5352 ⁵⁸·
2896 5316 3019 5371 add.
3052 5316 3181 5386 γάρ.
3272 5309 3320 5342 ⁸³
3353 5310 3450 5362 καὶ
3474 5319 3575 5355 κπ-

2009 5507 2320 5578 sequentia,
2375 5507 2469 5578 καὶ
2516 5501 3019 5578 καταπατήσαντες.
3078 5496 3143 5556 Et
3200 5493 3363 5567 paulo
3427 5499 3577 5565 post,

2011 5570 2147 5649 μετὰ
2175 5577 2509 5648 πλησμονῆς,
2534 5574 2738 5630 omisso
2774 5570 2884 5624 καί.
