3862 6158
273 252 373 312 501

1501 258 1837 317 EPISTOLA
1865 256 2238 317 CANONICA.

3395 255 3502 316 502

271 372 366 427 atat
390 370 624 444 διάφορα
642 371 885 444 γραφικὰ
910 373 1004 427 καὶ
1036 374 1448 445 παραδείγματα
1478 375 1542 429 ἐκ
1572 374 1680 428 τῶν
1700 376 1829 429 ἀπο-

1941 371 2235 444 Scripturaa
2285 370 2530 441 exempla
2586 385 2652 427 ex
2711 369 2939 428 Actibus
2996 338 3398 442 apostolorum,
3434 372 3502 428 de

271 461 533 516 πολικῶν
575 462 832 534 Πράξεων
874 465 1002 537 περὶ
1050 464 1144 519 τοῦ
1198 464 1466 536 μακαρίοδ
1535 465 1831 519 ἀποστόλου

271 550 487 605 Παύλου
516 551 608 603 καὶ
632 552 851 623 ἐτέρων.

337 641 585 696 ΖΩΝΑΡ.
645 644 706 695 Οἱ
761 643 818 697 δὲ
862 646 1153 718 χρήματα,
1204 649 1371 721 φησι,
1414 648 1705 714 δεδωκάτες
1739 651 1833 707 καὶ

268 733 630 802 ἐκφυγόντες,
669 735 765 789 καὶ¹
794 737 980 802 αὐτοῖς
1008 741 1345 811 τηρήσαντες
1390 741 1487 814 τὴν
1517 742 1795 796 εὐσέϐειαν
1815 782 1829 805 ,

265 822 367 874 οὐκ
392 824 793 896 αἰτιαθήσονται
810 866 825 891 ,
851 829 974 882 οὐδὲ
1000 830 1253 903 ἔγκλημά
1280 849 1363 896 τις
1392 832 1637 887 ἐντεῦθεν
1667 851 1832 906 προσ-

265 914 395 983 άψει
425 916 626 981 αὐτοῖς.
658 920 877 974 Εἴλοντο
903 922 1011 994 γὰρ
1042 925 1298 996 χρήματα
1328 920 1703 997 ζημιωθῆναι,
1738 926 1832 979 καὶ

263 1005 346 1077 μὴ
379 1006 479 1069 τὰς
503 1008 708 1064 ἑαυτῶν
733 1010 928 1082 ψυχὰς,
977 1014 1072 1067 καὶ
1118 1016 1392 1089 ἐφάνησαν
1436 1015 1515 1087 τῷ
1545 1015 1661 1087 Θεῷ
1709 1018 1830 1070 δου-

262 1097 446 1154 λεύειν
482 1100 825 1176 βουλόμενοι,
857 1105 951 1159 καὶ
992 1106 1053 1159 οὐ
1082 1106 1159 1176 τῷ
1201 1110 1514 1179 μαμμωνᾷ,
1557 1109 1676 1179 ἦτοι
1722 1111 1832 1175 τοῖς

263 1190 530 1260 χρήμασι.
591 1192 870 1266 Ἑπιφέρει
915 1194 971 1247 δὲ
1018 1197 1110 1249 καὶ
1155 1198 1373 1269 ῥήματα
1416 1198 1697 1269 γραφικά,
1738 1201 1834 1254 καὶ

262 1281 618 1353 παράδειγμα
664 1286 729 1337 ἐκ
787 1285 897 1339 τῶν
930 1286 1186 1358 Πράξεων
1239 1290 1365 1360 περὶ
1409 1289 1503 1343 τοῦ
1561 1290 1830 1361 μακαρίου

262 1372 564 1425 ἀποστόλου
605 1374 818 1429 Παύλου
870 1377 965 1431 καὶ
997 1379 1219 1451 ἑτέρων.
1256 1382 1329 1434 Τὸ
1355 1381 1413 1433 δὲ
1444 1383 1831 1455 ἀνενοχλήτους

258 1464 517 1533 γενέσθαι
544 1466 654 1521 ἀπὸ
678 1468 859 1539 πάσης
888 1472 1115 1536 κακίας,
1157 1472 1191 1543 ἢ
1223 1473 1284 1526 τὸ
1325 1474 1399 1546 μὴ
1423 1475 1715 1547 ὀχληθῆναι
1750 1479 1832 1541 εἰς

261 1554 495 1626 ἄρνησιν
526 1558 625 1628 τῆς
653 1558 935 1625 εὐσεϐείας
985 1564 1131 1619 ἐστὶν
1156 1603 1170 1628 ,
1221 1566 1366 1637 ἥπερ
1412 1569 1590 1621 πᾶσαν
1633 1567 1830 1622 κακίαν

260 1646 426 1715 νικᾷ,
471 1646 506 1718 ἢ
541 1647 740 1713 κακίας
769 1650 869 1717 τὰς
900 1653 1172 1719 κακώσεις
1209 1655 1460 1728 ὠνόμασε
1491 1657 1588 1722 τὰς
1619 1660 1683 1712 ὲκ
1722 1658 1830 1713 τῶν

258 1733 562 1792 κολάσεων.

860 1836 1100 1892 ΚΑΝΩΝ
1135 1838 1236 1895 ll".

334 1934 359 1969 ι
400 1917 567 1975 ’ϐθεν
590 1921 713 1977 οὐδὲ
742 1927 856 1990 τοῖς
908 1929 1265 2000 καταλείψασι
1290 1932 1466 1988 πάντα
1494 1933 1582 1988 sit
1608 1934 1709 2006 τὴν
1732 1935 1831 2005 τῆς

264 2023 286 2058 ε
328 2007 510 2079 ψυχῆς
535 2014 808 2085 σωτηρίαν
827 2016 919 2071 καὶ
942 2018 1356 2093 ἀναχωρήσασιν
1380 2022 1527 2078 ἐστιν
1557 2025 1826 2095 ἐγκαλεῖν,

264 2116 285 2148 ο
438 2099 506 2154 ἂν
536 2103 735 2175 ἐτέρων
775 2105 842 2161 δι’
870 2108 1066 2174 αὐτοὺς
1094 2114 1555 2184 κατασχεθέντων.
1588 2119 1697 2172 Καὶ
1722 2121 1830 2193 γὰρ

260 2208 285 2241 1
328 2191 427 2244 xui
484 2195 542 2247 ὲν
592 2197 660 2267 τῇ
715 2197 923 2272 Ἐφέσῳ
969 2202 1090 2256 ἀντὶ
1154 2205 1367 2259 Παύλου
1384 2208 1431 2240 ⁸³
1482 2191 1830 2281 συνήρπασαν

261 2300 285 2333 ι
331 2281 499 2339 Γάϊον
543 2287 623 2350 είς
668 2288 730 2341 τὸ
758 2288 982 2361 θέατρον
1014 2292 1110 2346 καὶ
1147 2294 1499 2369 ’Δρίσταρχον
1518 2339 1533 2364 ,
1570 2303 1828 2374 συνεκδή-

261 2392 284 2424 ί
334 2392 471 2446 μους
482 2376 714 2445 Παύλου,
734 2378 1055 2453 βουλομένου
1074 2384 1143 2416 ⁸³⁴
1156 2386 1415 2442 είσελθείν
1434 2392 1514 2454 είς
1534 2390 1624 2445 τὸν
1637 2391 1823 2464 δῆμον·

262 2484 283 2516 ε
328 2468 456 2555 επεὶ
486 2471 580 2524 καὶ
602 2470 667 2524 δι’
696 2473 858 2527 αὐτὸν
884 2474 1145 2530 πείσαντα
1172 2479 1265 2532 καὶ
1294 2484 1709 2556 μεταστήσαντα
1733 2504 1829 2540 πο-

262 2575 284 2609 ι
327 2557 427 2613 λύν
473 2560 629 2631 ὄχλον
646 2566 765 2617 ’ἐπὶ
800 2567 899 2639 τὴν
929 2566 1233 2625 θεοσέὸειαν
1286 2575 1319 2644 ἠ
1357 2575 1543 2638 στάσις
1572 2571 1639 2648 ἦν
1682 2594 1830 2647 γενο-

261 2666 281 2698 σ
329 2648 471 2721 μένη
487 2652 780 2711 ⁵³*⁶.⁸⁶υύκ
805 2658 943 2713 εἴων
968 2662 1155 2716 αὐτὸν
1171 2665 1511 2733 οΙμαθηταὶ,
1533 2668 1716 2738 φησίν.
1752 2670 1826 2722 Οὐ

263 2756 282 2788 ι
332 2739 444 2812 μὴν
478 2741 613 2797 ἀλλὰ
642 2745 736 2798 καί
767 2763 909 2811 τινες
949 2748 1060 2804 τῶν
1095 2752 1393 2825 Ἀσιαρχῶν
1427 2754 1578 2821 ὄντες
1624 2757 1828 2829 αὐτῷείι⁵

261 2850 281 2881 ι
331 2833 497 2901 φίλοι,
524 2836 838 2909 πέμψαντες
865 2843 998 2914 πρὸς
1025 2844 1207 2910 αὐτὸν,
1244 2848 1585 2919 παρεκάλουν
1607 2850 1682 2923 μὴ
1705 2853 1823 2905 δοῦ·

264 2940 282 2972 ι
330 2940 420 2976 ναι
453 2925 644 2981 ἑαυτὸν
688 2931 768 2993 είς
797 2931 857 2985 τὸ
897 2932 1141 3005 θέατρον.
1180 2936 1243 2990 Et
1265 2936 1323 2990 δὲ
1355 2938 1660 3010 ὲπιμένοιέν
1687 2959 1828 3007 τινες

262 3032 283 3064 ι
330 3015 744 3103 ὲρεσχελοῦντες
774 3025 886 3087 τοῖς
917 3024 1222 3097 εἰλικρινῶς
1255 3029 1580 3101 προσέχουσι
1620 3031 1699 3104 τῷ
1739 3034 1826 3087 λέ-

264 3122 285 3153 c
332 3108 546 3173 γοντι⁸⁶
571 3108 705 3180 (Η),
735 3111 939 3173 Σώζων
966 3115 1257 3187 σῶζετὴν
1289 3122 1550 3177 σεαυτοῦ
1593 3125 1825 3195 ψυχὴν,

264 3215 285 3247 ι
333 3198 436 3252 καὶ
467 3200 536 3232 ⁵⁸·
564 3201 650 3271 μὴ
689 3205 1055 3278 περιϐλέψῃς
1087 3210 1177 3241 ⁸⁶“
1206 3213 1293 3278 είς
1322 3213 1394 3267 τὰ
1428 3214 1640 3281 ὀπίσω,
1700 3217 1831 3271 ὑπο-

260 3306 286 3341 ι
330 3305 437 3361 μνη
445 3290 723 3364 σθήτωσαν
739 3297 830 3350 καὶ
841 3299 969 3367 περὶ
979 3293 1074 3354 τοῦ
1093 3300 1202 3373 (l2)
1219 3305 1637 3375 προκρίτου.τῶν
1691 3311 1830 3368 ἀπο-

268 3399 288 3430 (
337 3381 541 3437 στόλων
553 3384 1174 3463 Πέτρου,βε6λημένου
1189 3409 1256 3450 τε
1274 3395 1390 3466 ἤδη
1407 3400 1495 3465 είς
1504 3399 1791 3469 φυλακὴν
1812 3441 1827 3467 ,

262 3492 287 3524 ι
337 3475 442 3529 καὶ
461 3482 896 3551 παραδοθέντος
920 3485 1196 3557 τέτταρσι
1223 3491 1548 3561 τετραδίοις
1568 3496 1613 3527 ⁸⁷
1647 3511 1828 3565 στρα-

260 3583 284 3615 s
333 3568 573 3635 τιωτῶν,
607 3573 950 3640 φυλάσσειν
973 3578 1180 3633 αὐτόν.
1203 3573 1278 3641 Οὐ
1300 3583 1358 3635 ὲν
1389 3585 1544 3637 νυκτὶ
1571 3586 1830 3654 φυγόντος

258 3674 283 3706 ι
329 3656 425 3710 καὶ
458 3659 522 3712 ὲκ
548 3664 728 3734 χειρὸς
759 3666 1045 3736 ρυσθέντος
1082 3670 1188 3723 τῶν
1232 3672 1495 3728 Ἰουδαίων
1528 3677 1647 3730 κατ’
1685 3679 1830 3732 ὲντο-

264 3765 284 3796 ‹
329 3746 432 3839 λὶὴν
464 3750 695 3819 ἀγγέλου
718 3795 733 3817 ,
769 3757 936 3827 φησὶ,
975 3758 1181 3830 Κυρίου
1201 3800 1215 3825 ,
1247 3764 1575 3833 γενομένης
1605 3767 1830 3839 ἡμέρας

264 3855 283 3886 ί
332 3834 414 3909 ἦν
437 3838 695 3910 τάραχος
722 3847 833 3899 οὐκ
859 3847 1063 3918 ὀλίγος
1086 3851 1156 3905 ἐν
1184 3852 1308 3919 τοῖς
1336 3834 1740 3924 στρατιώταις,
1773 3834 1833 3911 τί

273 3947 292 3979 ι
340 3928 460 3998 ἄρα
483 3935 516 3986 ό
543 3933 762 4003 Πέτρος
792 3936 1048 4007 ἐγένετο.
1085 3943 1337 4012 Ἡρώδης
1360 3944 1448 4010 δὲ,
1471 3943 1830 4017 ἐπιζητήσας

264 4039 288 4072 ι
335 4024 527 4078 αὐτὸν
549 4026 646 4081 καί
666 4028 753 4098 μὴ
775 4031 984 4099 εὑρὼν,
1010 4034 1337 4104 ἀνακρίνας
1364 4037 1506 4104 τοὺς
1531 4040 1827 4107 φύλακας,

266 4136 284 4167 ι
329 4117 658 4175 ἐκέλευσεν
718 4125 1096 4197 ἀπαγχθῆναι
1148 4129 1293 4202 (15),
1355 4132 1422 4184 δι’
1469 4130 1563 4196 οὒς
1602 4132 1830 4205 οὐδεμία

267 4229 287 4260 ι
333 4211 484 4264 αἰτία
504 4213 583 4285 τῷ
598 4214 790 4287 Πέτρῳ
812 4219 1206 4289 προσάπτεται.
1240 4221 1397 4293 Ἐξῆν
1444 4222 1552 4295 γὰρ
1571 4264 1586 4289 ,
1622 4225 1716 4278 καὶ
1740 4227 1831 4279 αὐ-

264 4320 283 4351 (
329 4304 459 4367 τοὺς
487 4305 797 4377 ἑωρακότας
827 4310 888 4363 τὸ
919 4311 1198 4382 γινόμενον
1229 4313 1294 4376 ⁸⁸,
1320 4316 1597 4384 ἐκφυγεῖν,
1632 4316 1708 4380 ὡς
1737 4317 1830 4370 καὶ

1941 466 2098 521 beato
2123 462 2295 518 Paulo
2324 462 2571 534 apostolo
2595 470 2648 517 et
2676 461 2816 518 aliis.

2010 641 2215 697 Zousn.
2253 640 2356 707 Qui
2415 656 2567 706 vero,
2597 641 2793 712 inquit,
2848 642 3135 712 pecuniam
3187 651 3500 715 erogarunt,

1939 750 2112 806 eoque
2137 733 2335 804 effugio
2368 733 2623 803 pietatem
2658 739 3074 797 conservarunt,
3109 748 3220 788 non
3255 741 3385 791 sunt
3409 750 3502 790 re~

1938 824 2331 898 prebendendi,
2365 839 2467 880 nec
2496 824 2568 879 ob
2594 839 2715 880 eam
2747 838 2861 879 rem
2892 823 3016 879 illos
3044 823 3297 895 quisnam
3338 839 3501 880 accu-

1938 926 2043 973 set.
2098 915 2405 972 Maluerunt
2455 930 2688 986 namque
2737 917 3016 985 pecunias,
3047 932 3211 987 quam
3256 917 3500 988 ipsorum

1938 1009 2149 1064 animas
2168 1008 2413 1079 perdere,
2435 1007 2898 1077 ostenderuntque
2932 1022 2991 1063 se
3019 1005 3129 1062 Deo
3159 1009 3363 1065 servire
3385 1010 3501 1064 vel-

1937 1102 2007 1167 le,
2037 1116 2150 1156 non
2175 1114 2519 1164 mammonae,
2552 1099 2653 1154 hoc
2678 1105 2762 1154 est
2791 1097 3015 1153 divitiis.
3061 1096 3276 1155 Profert
3319 1110 3500 1156 autem

1936 1200 1990 1246 et
2042 1189 2338 1262 Scriptura;
2371 1189 2558 1254 verba,
2613 1195 2728 1243 tum
2783 1203 2850 1242 ex
2899 1188 3051 1245 Actis
3104 1191 3497 1260 apostolorum,

1937 1283 2081 1339 beati
2106 1280 2258 1337 Pauli
2292 1291 2347 1337 et
2372 1282 2603 1336 aliorum
2637 1280 2904 1351 exempla.
2934 1280 3090 1347 Quod
3118 1297 3245 1338 vero
3273 1283 3494 1349 dicitur,

1935 1374 2358 1445 imperturbatos
2390 1372 2562 1429 fuisse
2594 1372 2663 1428 ab
2701 1373 2847 1427 omni
2896 1373 3264 1441 improbitate,
3296 1376 3378 1431 sic
3407 1391 3501 1432 ao-

1936 1467 2247 1539 cipiendum
2276 1473 2384 1533 est,
2428 1476 2524 1522 aut
2561 1466 2982 1538 imperturbatos
3022 1466 3214 1536 fuisse,
3250 1468 3398 1540 quod
3429 1469 3499 1525 ad

1934 1560 2155 1631 pietatis
2204 1560 2618 1631 abnegationem
2665 1558 2859 1614 attinet
2890 1574 3012 1630 quae
3061 1560 3372 1616 universam
3405 1577 3501 1618 su-

1936 1659 2090 1723 perat
2119 1651 2542 1724 improbitatem,
2582 1650 2668 1708 vel
2698 1651 2897 1717 κακίας
2919 1653 3234 1709 vexationes
3258 1661 3498 1710 tormen-

1861 1737 1911 1800 Β
1937 1749 2115 1798 torum
2148 1743 2467 1798 nominavit.

2510 1832 2742 1891 CANON
2781 1832 2918 1892 XIII.

2009 1945 2028 1978 ι
2076 1924 2232 1981 Unde
2277 1940 2379 1982 nec
2423 1940 2520 1983 eos
2561 1926 2656 1997 qui
2705 1926 2888 1981 omnia
2915 1928 3254 2000 reliquerunt
3277 1937 3498 2000 propter

1938 2037 1955 2068 ι
2003 2019 2233 2074 salutem
2276 2017 2473 2073 animae
2529 2024 2583 2075 et
2633 2029 3010 2084 secesserunt,
3057 2020 3183 2076 licet
3237 2034 3498 2077 accusare

1939 2129 1957 2161 ι
2004 2118 2263 2180 tanquam
2314 2110 2437 2165 aliis
2479 2118 2700 2181 propter
2749 2111 2898 2182 ipsos
2947 2110 3205 2179 detentis.
3252 2110 3388 2165 Nam
3441 2121 3496 2167 et

1936 2220 1955 2253 ‹
2003 2199 2199 2272 Ephesi
2229 2216 2329 2272 pro
2347 2200 2518 2256 Paulo
2544 2200 2738 2273 Gajum
2773 2210 2829 2258 et
2856 2201 3234 2259 Aristarchum
3261 2202 3317 2258 in
3352 2203 3499 2258 thea-

1936 2312 1955 2345 ι
2004 2300 2091 2348 tro
2113 2293 2678 2363 comprehenderunt,
2713 2309 2819 2348 una
2867 2309 2991 2350 cum
3042 2293 3212 2349 Paulo
3254 2296 3497 2365 peregri-

1937 2404 1955 2438 ι
1997 2392 2191 2441 nantes
2206 2386 2365 2455 τι,ᾳυί
2394 2385 2605 2441 volebat
2637 2386 2704 2441 ad
2731 2386 2987 2455 populum
3018 2378 3173 2441 adire
3190 2405 3204 2440 :
3235 2387 3493 2456 quoniam

1937 2496 1954 2526 ι
2001 2487 2221 2548 propter
2247 2480 2424 2549 ipsum
2455 2478 2547 2549 qui
2570 2486 2938 2548 persuaserat,
2953 2486 3007 2533 et
3034 2478 3259 2532 multam
3278 2476 3493 2532 turbam

1936 2590 1954 2623 ‹
2001 2571 2068 2626 ad
2094 2570 2190 2627 Dei
2227 2572 2435 2626 cultum
2482 2570 2830 2637 traduxerat,
2862 2569 3057 2625 seditio
3104 2568 3248 2623 facta
3292 2568 3492 2624 fuerat.

1936 2684 1953 2716 ι
1999 2663 2123 2719 Non
2150 2665 2409 2720 sciverunt
2435 2679 2575 2730 eum,
2626 2663 2827 2733 inquit,
2858 2661 3122 2731 discipuli.
3159 2660 3303 2729 Quin
3331 2661 3494 2717 etiam

1936 2776 1954 2809 ι
1999 2756 2249 2813 nonnulli
2270 2772 2337 2812 ex
2363 2755 2646 2812 Asiarchis
2690 2756 2785 2826 qui
2826 2755 2876 2810 ei
2921 2759 3077 2809 erant
3110 2755 3293 2819 amici,
3331 2755 3495 2810 mise-

1935 2868 1954 2900 ι
1994 2858 2125 2905 runt
2155 2848 2222 2904 ad
2251 2863 2374 2905 eum
2398 2855 2452 2904 et
2479 2855 2795 2911 suaserunt,
2818 2862 2887 2903 ne
2913 2863 2972 2903 se
2991 2847 3206 2903 theatro
3229 2847 3401 2903 daret.
3434 2846 3495 2902 Si

1935 2961 1954 2994 ‹
1999 2944 2091 3014 qui
2133 2952 2313 2997 autem
2359 2956 2484 2996 cum
2535 2942 2601 2999 iis
2637 2940 2965 2998 contendere
2995 2940 3357 3011 perrexerint,
3399 2942 3495 3011 qui

1853 3075 1898 3135 ε
1937 3053 1954 3086 ι
2001 3034 2240 3089 animum
2274 3035 2548 3092 sincerum
2579 3035 2629 3090 ei
2673 3033 2952 3096 adhibent,
2980 3033 3073 3104 qui
3091 3033 3272 3089 dicitb
3307 3050 3322 3087 :
3355 3033 3498 3088 Dili-

1938 3144 1956 3177 ι
1998 3135 2176 3196 genter
2212 3144 2359 3182 serva
2382 3129 2615 3182 animam
2655 3136 2822 3191 tuam,
2846 3135 2895 3180 et
2936 3143 2998 3180 ne
3036 3135 3176 3181 retro
3207 3128 3494 3195 aspexeris.

1937 3235 1954 3267 ι
2002 3214 2199 3272 Petrus
2220 3233 2436 3288 quoque
2466 3217 2834 3287 apostolorum
2869 3216 3123 3287 princeps
3155 3216 3237 3272 eis
3267 3216 3323 3275 in
3345 3233 3496 3272 men-

1938 3327 1956 3360 ι
2003 3314 2112 3363 tem
2143 3316 2448 3373 revocetur,
2488 3310 2582 3381 qui
2618 3308 2737 3379 jam
2766 3310 2818 3363 in
2842 3307 3136 3362 custodiam
3181 3316 3301 3362 erat
3367 3321 3490 3359 con-

1938 3416 1956 3449 σ
1992 3382 2189 3469 jactus,
2225 3406 2275 3454 et
2302 3398 2529 3454 traditus
2560 3409 2786 3470 quatuor
2805 3397 3235 3469 quaternionibus
3265 3398 3495 3452 militum

1936 3507 1954 3540 ι
2003 3490 2070 3545 ad
2097 3507 2216 3545 eum
2243 3492 2557 3546 servandum
2584 3502 2609 3531 ε
2635 3503 2649 3541 :
2688 3489 2782 3561 qui
2812 3505 2936 3545 cum
2969 3497 3133 3546 noctu
3163 3488 3412 3560 fugisset,
3442 3497 3498 3544 et

1936 3599 1955 3633 ι
2001 3597 2068 3639 ex
2101 3580 2414 3638 Iudaeorum
2444 3597 2607 3637 manu
2656 3590 2905 3637 servatus
2932 3587 3099 3648 esset,
3125 3580 3285 3651 jussu
3319 3582 3493 3652 angeli

1936 3689 1955 3721 ι
1996 3668 2251 3725 Domini:
2285 3669 2476 3735 Facto,
2514 3671 2709 3742 inquit,
2752 3672 2838 3725 die
2877 3681 2992 3725 erat
3035 3686 3139 3724 non
3179 3684 3372 3739 parvus
3413 3679 3498 3724 tu-

1936 3781 1954 3813 (
2003 3762 2201 3817 multus
2233 3762 2367 3816 inter
2392 3763 2607 3829 milites,
2643 3762 2894 3834 quidnam
2924 3762 3124 3834 factum
3148 3771 3280 3817 esset
3313 3760 3492 3816 Petro.

1936 3872 1953 3905 ι
2000 3851 2235 3907 Herodes
2269 3861 2445 3907 autem
2464 3869 2583 3906 cum
2613 3869 2731 3906 eum
2763 3830 3111 3922 quaesivisset,
3139 3860 3189 3905 et
3224 3867 3330 3905 non
3359 3851 3497 3905 iuve-

1935 3962 1954 3996 ι
1992 3946 2542 4015 nisset,interrogatos
2566 3942 2808 3999 custodes
2823 3944 2991 4013 jussit
3015 3942 3270 4011 suffocari
3292 3940 3345 4007 ἀ,
3376 3955 3498 4011 pro-

1884 4102 1889 4105 _
1935 4055 1953 4087 ι
1999 4044 2118 4106 pter
2138 4052 2278 4106 quos
2309 4037 2456 4090 nulla
2480 4036 2642 4105 culpa
2675 4036 2732 4090 in
2761 4034 2980 4090 Petrum
3005 4032 3286 4089 confertur
3319 4053 3331 4088 :
3366 4035 3498 4090 lice-

1935 4148 1952 4181 ι
1998 4130 2090 4184 bat
2118 4130 2264 4199 enim
2295 4130 2374 4199 eis
2398 4129 2490 4183 illo
2526 4129 2646 4184 viso
2683 4128 2827 4199 quod
2860 4126 3065 4182 factum
3097 4126 3275 4183 fuerat
3302 4126 3497 4198 emise-

1935 4239 1952 4272 ι
2000 4236 2097 4285 re;
2129 4220 2270 4277 sicut
2299 4231 2354 4276 et
2385 4235 2576 4276 omnes
2615 4220 2854 4275 infantes
2882 4219 2976 4289 qui
3005 4228 3163 4275 erant
3191 4220 3245 4273 in
3283 4218 3498 4299 Bethle-

1936 4332 1953 4364 ι
2000 4314 2123 4369 hem
2149 4324 2173 4353 θ
2199 4324 2253 4369 et
2280 4313 2335 4368 in
2381 4312 2637 4369 omnibus
2687 4312 2808 4381 ejus
2846 4310 3067 4378 ﬁnibus,
3105 4312 3153 4367 si
3207 4312 3498 4368 scivissent

269 4412 286 4443 ι
334 4395 510 4449 πάντα
540 4396 609 4452 τὰ
643 4399 831 4453 παιδία
861 4401 929 4455 τὰ
968 4403 1026 4454 ὲν
1063 4402 1312 4475 Βηθλεὲμ
1342 4406 1435 4458 καὶ
1464 4406 1523 4459 ὲν
1552 4408 1686 4461 πᾶσι
1720 4410 1829 4471 τοῖς

1940 4423 1956 4455 ι
2001 4419 2190 4459 eorum
2221 4413 2478 4474 parentes
2522 4403 2665 4474 quod
2697 4409 2814 4457 erat
2866 4399 3109 4457 futurum
3145 4420 3158 4456 :
3195 4401 3290 4471 qui
3320 4415 3351 4455 a
3380 4416 3499 4454 cru-

267 4503 286 4535 ι
328 4486 498 4556 ὁρίοις
541 4489 744 4562 αὐτῆς,
793 4494 842 4545 εί
879 4493 1208 4561 ὲγνώκεισαν
1244 4496 1294 4551 οἱ
1334 4500 1509 4565 γονεῖς
1555 4499 1731 4554 αὐτῶν
1767 4499 1828 4553 τὸ

1940 4512 1957 4545 ι
2004 4494 2110 4549 deli
2132 4494 2406 4548 homicida
2436 4492 2648 4549 Herode
2669 4492 2869 4549 sublati
2893 4500 3040 4559 sunt,
3068 4497 3128 4546 ut
3144 4505 3287 4545 unus
3310 4490 3405 4559 qui
3428 4487 3498 4542 ab

262 4592 284 4625 ι
331 4576 523 4647 μέλλον
555 4579 771 4635 ἔσεσθαι
790 4600 804 4614 ’
837 4583 980 4658 ἅπερ
1005 4586 1344 4657 ἀνῃρέθησαν
1371 4588 1475 4641 ὑπὸ
1491 4588 1584 4642 τοῦ
1609 4591 1828 4659 μιαιφό-

265 4684 283 4714 «
328 4683 420 4720 νου
447 4667 680 4741 Ἡρώδου
698 4671 785 4725 διὰ
800 4673 861 4726 τὸ
876 4674 965 4726 ὑπ’
981 4675 1144 4729 αὐτοῦ
1178 4673 1506 4747 ζητούμενον
1531 4677 1824 4732 ἀπολέσθαι

264 4774 282 4807 ι
326 4757 388 4812 ἓν
417 4761 648 4823 παιδίον,
673 4764 810 4834 ὅπερ
839 4764 930 4817 καὶ
960 4767 1092 4823 αὐτὸ
1112 4769 1230 4820 κατ’
1255 4768 1475 4841 ἐντολὴν
1502 4768 1731 4838 ἀγγέλου
1752 4769 1821 4802 ⁸⁸⁵

325 4908 354 4936 ι
384 4895 509 4951 Act.
543 4913 659 4962 ιιι,
690 4897 877 4954 26-50.
955 4899 1130 4955 hGen.
1157 4918 1270 4967 xix,
1306 4902 1393 4957 I7.

1473 4914 1495 4942 ε
1529 4904 1761 4968 Ασι.ιιι,
1793 4904 1845 4958 4.
1921 4902 1948 4942 ἀ
1973 4903 2103 4957 ibid.
2138 4904 2225 4970 l8,
2261 4905 2348 4961 I9.

1937 4603 1955 4636 ι
2005 4599 2071 4640 eo
2100 4585 2448 4655 quaerebatur
2491 4584 2672 4640 infans
2720 4584 2943 4656 periret,
2970 4583 3144 4655 quiet
3181 4583 3298 4652 ipse
3335 4580 3496 4651 jussu

1936 4696 1954 4727 ι
2002 4677 2177 4748 angeli
2205 4676 2299 4734 Dei
2334 4677 2538 4749 effugit,
2569 4677 2662 4748 qui
2690 4675 3068 4746 celeriterjam
3100 4680 3344 4745 coeperat
3369 4686 3497 4743 spo-

1938 4788 1955 4820 ι
2003 4769 2077 4823 lia
2133 4770 2405 4840 accipere,
2435 4779 2489 4826 et
2533 4770 2733 4825 acriter
2780 4783 3137 4841 praepascere,
3192 4763 3493 4822 secundum

2423 4916 2445 4944 ε
2478 4904 2673 4961 Matth.
2705 4906 3047 4969 11,15—IG.

1528 5017 1762 5074 VARUE
1792 5019 2193 5078 LECTIONES.

323 5131 372 5163 ⁸³
400 5131 566 5210 πάλιν
612 5132 755 5210 add;
784 5133 884 5210 ’ξδ’
917 5133 1125 5210 Παύλου
1154 5136 1219 5210 οὐ
1246 5134 1397 5210 βουλ.
1580 5139 1856 5210 γινομένη.
1890 5209 1894 5210 ν
1929 5139 1975 5171 ⁸⁸
2000 5141 2092 5194 καί
2133 5141 2257 5193 add.
2338 5141 2382 5172 ⁸³
2416 5139 2598 5195 αὐτοῦ.
2677 5139 2723 5170 ⁵⁸
2751 5137 2829 5209 τῷ
2866 5137 3073 5205 λέγοντι
3102 5151 3211 5190 om.
3302 5136 3371 5170 ’θ’
3401 5134 3497 5192 καί

254 5215 366 5256 om.
451 5203 541 5233 “"
575 5202 898 5275 πριὸλέψῃ.
964 5205 1007 5236 ⁸⁷
1036 5204 1361 5277 τετραδύυις.

325 5316 440 5386 (Η)
470 5316 845 5398 Προσέζουσι
870 5317 951 5384 τῷ
971 5319 1227 5398 λείποντι.
1246 5320 1324 5376 Id.
1346 5321 1469 5398 god.
1494 5336 1619 5384 ms.,
1656 5339 1823 5398 προσ-

253 5386 595 5458 έχουσιητῷ
638 5387 845 5455 λέγοντι
898 5386 1301 5458 πεισθήτωσανο
1350 5390 1565 5455 Σὼξων,
1603 5408 1657 5445 κ.
1688 5386 1738 5445 τ.
1770 5392 1849 5446 λ.ι

302 5454 443 5512 eote.
482 5454 577 5529 Sic
608 5454 751 5511 enim
781 5454 1293 5529 legendum'suadet
1322 5454 1456 5515 mox,
1482 5462 1823 5529 subsequens

254 5526 774 5601 ὑττομςιησθήτωσανἷ
809 5526 945 5601 Huic
985 5530 1231 5601 geminus
1281 5530 1432 5587 locus
1473 5526 1826 5587 exstat—infra

253 5603 353 5651 suh
381 5597 543 5649 finem
578 5597 807 5652 canonis
834 5598 918 5653 14.

324 5666 439 5738 (l2)
472 5665 579 5722 Καὶ
613 5668 743 5737 περὶ
783 5667 907 5723 τοῦ.
963 5665 1122 5727 Deest
1176 5670 1484 5742 praepositio
1538 5671 1595 5730 in
1636 5671 1823 5729 eodem

1442 5207 1488 5238 ⁸⁸
1510 5207 1835 5279 γενόμενον(
1886 5209 1952 5242 ’θ’
1987 5210 2216 5279 ἀγγέλου
2248 5211 2415 5266 deest.

1929 5337 2030 5395 ms.
2067 5322 2165 5377 Ubi
2185 5320 2760 5395 paulopostlegitur,
2793 5324 2887 5395 καὶ
2916 5321 3291 5395 ῥυσθέντος-ὲκ
3317 5325 3497 5395 χειρὸς

1928 5392 2053 5466 τοῦ-
2065 5391 2355 5466 φοςκώδους*
2365 5391 2572 5466 Ἡρὼδο
2579 5391 2720 5466 aucti
2737 5391 2926 5466 πάσης
2935 5396 3031 5466 τῆς
3049 5391 3376 5466 προσδοκίας
3400 5391 3495 5455 τοῦ

1928 5460 2054 5513 λαοῦ
2078 5463 2185 5516 τῶν
2229 5460 2513 5525 Ἰουδαίων,
2544 5463 2660 5515 κατ’
2688 5460 2887 5525 evre)“,
2921 5460 3001 5517 ιη’
3024 5460 3253 5517 habetur
3282 5463 3336 5516 in
3368 5469 3491 5523 Act.

1928 5533 2570 5674 Ili’tg)‘:Aaarx0:iz-ac.
2626 5603 2702 5657 Id.
2739 5621 2863 5669 m5»
2913 5607 3242 5659 ἀποκτεῖναι’
3288 5604 3496 5665 Tm“

1929 5670 2042 5727 Aci.
2080 5670 2177 5742 Sil,
2222 5670 2317 5741 19,
2337 5670 2669 5746 ἀπαχθῆναι.
2875 5677 2879 5680 ’
