3862 6158
439 193 545 250 501

1464 187 1524 245 S.
1565 187 1773 245 PETRI
1802 188 2271 247 ALEXANDle
2310 187 2614 245 EPISCOPI

3597 190 3739 250 508

435 309 570 374 bita,
604 308 662 364 in
692 322 792 364 ora
804 307 1023 364 illorum
1050 308 1238 363 vinum
1269 303 1629 361 infundebant
1643 321 1711 361 ex
1732 306 2008 361 libationi-

2131 306 2289 359 ιύτῶν
2317 305 2530 376 ἐνέχεον
2563 301 2703 359 οῐνον
2728 306 2793 357 ὲκ
2834 305 2942 359 τῶν
2973 306 3247 373 σπονδῶν,
3281 308 3316 378 ἢ
3350 308 3444 363 καὶ
3478 310 3553 363 ἐκ
3593 311 3735 364 τῶν

437 401 564 467 bus,
599 401 685 457 vel
720 399 888 456 etiam
904 415 970 455 ex
994 399 1139 454 idolo
1160 397 1410 454 mactatis
1435 396 1694 451 carnibus
1733 398 2007 468 quidpiam

439 490 659 544 illorum
701 489 783 545 ori
817 489 1155 556 inserebant,
1197 503 1262 542 ac
1290 487 1450 542 thura
1479 487 1725 557 ipsorum
1757 489 2011 543 manibus

440 582 774 652 injicientes.
825 581 973 651 ipsos
1029 581 1097 635 ad
1143 596 1292 635 aram
1336 580 1648 645 trahebant,
1674 587 1729 634 et
1781 595 1880 651 per
1902 581 2009 636 vim

441 674 854 745 comprehensis
876 673 1089 729 illorum
1112 672 1385 735 manibus,
1413 679 1505 726 aut
1531 672 1688 727 thura
1706 688 1812 727 arm
1831 689 2014 744 super-

442 765 778 832 fundebant;
810 771 904 817 aut
961 764 1128 819 etiam
1160 764 1429 819 carbones
1477 779 1603 818 cum
1650 764 1811 820 thure
1842 766 2014 836 impo-

442 857 646 912 nebant
693 856 934 926 ipsorum
996 854 1288 919 manibus,
1328 860 1388 908 ut
1438 854 1651 910 ardoris
1707 855 2012 910 cruciatum

442 949 669 1005 minime
705 949 962 1013 ferentes,
993 948 1121 1004 thus
1142 964 1270 1003 cum
1292 949 1624 1006 carbonibus
1658 951 1715 1005 in
1746 965 1898 1005 aram
1930 950 2014 1006 ef-

443 1041 766 1108 funderent;
823 1041 892 1096 ab
934 1041 1144 1096 eisdem
1184 1056 1380 1111 nempe
1418 1040 1825 1098 detinebantur.
1853 1041 2015 1113 Ejus-

444 1135 590 1190 modi
633 1135 691 1189 in
725 1148 887 1189 sacro
927 1133 1233 1189 ministerio
1286 1133 1504 1188 censeri
1556 1148 1717 1205 posse
1762 1133 2014 1202 aﬂirmat,

443 1226 528 1280 vel
556 1224 738 1295 potius
789 1223 846 1277 in
876 1221 1258 1279 confessorum
1287 1222 1480 1277 ordine
1524 1224 1800 1280 collocari.
1829 1222 2016 1295 Neque

443 1317 587 1371 enim
619 1330 715 1371 sua
733 1323 925 1385 sponte
954 1314 1036 1369 vel
1059 1313 1420 1385 degustabant
1444 1315 1750 1383 libationes,
1773 1316 1858 1371 vel
1890 1316 2017 1373 thus

444 1408 795 1477 imponebant
850 1423 980 1471 arae,
1038 1406 1136 1462 sed
1186 1407 1239 1461 vi
1289 1408 1487 1471 coacti,
1536 1408 1748 1463 ratione
1792 1409 2015 1464 illorum

444 1499 648 1553 actioni
681 1498 906 1553 minime
949 1500 1325 1554 consentiente
1379 1516 1392 1553 :
1453 1498 1910 1569 quemadmodum
1964 1509 2019 1556 et

443 1589 649 1659 quibus
676 1596 1079 1644 tormentorum
1103 1590 1431 1644 necessitate
1450 1590 1724 1647 resolutus
1746 1590 1923 1646 fuerat
1937 1593 2018 1647 vi-

2111 398 2471 453 είδωλοθύτων
2532 397 2708 470 κρεῶν
2768 396 3018 451 ἐνέϐαλον
3046 400 3124 462 είς
3154 398 3214 452 τὸ
3260 400 3432 472 στόμα
3477 401 3729 466 αὐτῶν,

2111 493 2205 546 καὶ
2235 492 2357 553 ταῖς
2387 490 2573 562 χερσὶν
2607 487 2786 546 αὐτῶν
2810 488 3138 553 ἐπιτιθέντες
3167 489 3481 559 λιϐανωτὸν,
3503 489 3731 547 εἷλκον

2112 582 2307 646 αὐτοὺς
2338 582 2430 635 ἐπὶ
2464 581 2555 635 τὸν
2587 581 2767 652 βωμὸν
2790 619 2806 645 ,
2840 582 2934 636 καὶ
2975 583 3073 645 τὰς
3115 584 3299 654 χεῖρας
3328 584 3510 639 αὐτῶν
3564 604 3731 658 κρα-

2112 673 2330 738 τοῦντες
2363 673 2476 744 βίᾳ,
2502 673 2591 726 τὸν
2627 672 2922 726 λιϐανωτὸν
2950 673 3171 744 ἐπέχεον
3199 674 3278 746 τῷ
3308 674 3498 747 βωμῷ,
3526 676 3567 748 ἦ
3609 679 3727 731 καὶ

2114 763 2391 835 ἄνθρακας
2450 762 2588 833 μετὰ
2632 762 2927 817 λιϐανωτοῦ
2984 766 3106 826 ταῖς
3167 763 3446 836 παλάμαις
3505 766 3724 820 αὐτῶν

2114 856 2395 912 ὲπετίθουν
2418 900 2432 924 ,
2476 857 2562 910 ἵνα
2604 855 2678 927 μὴ
2711 856 2966 928 φέροντες
3003 856 3102 927 τὴν
3139 856 3326 928 ὀδύνην
3357 857 3456 930 τὴν
3486 861 3556 912 ὲκ
3599 859 3726 930 τῆς

2115 948 2361 1013 καύσεως
2382 948 2639 1019 ὲπιχέωσι
2669 948 2757 1002 τὸν
2786 947 3080 1002 λιϐανωτὸν
3104 950 3200 1002 σὺν
3224 952 3333 1013 τοῖς
3360 949 3600 1022 ἄνθραξι
3623 952 3721 1021 τῷ

2119 1041 2314 1113 βωμῷ·
2351 1042 2663 1112 κατείχοντο
2696 1041 2804 1112 γάρ
2838 1042 2966 1112 παρ’
2995 1039 3190 1095 αὐτῶν.
3228 1042 3366 1106 Τοὺς
3406 1043 3722 1109 τοιούτους

2117 1133 2249 1204 φησὶ
2300 1133 2558 1187 δύνασθαι
2600 1129 2739 1188 εἶναι
2773 1136 2830 1186 ἐν
2854 1135 2918 1203 τῇ
2942 1131 3267 1204 λειτουργίᾳ,
3295 1133 3328 1205 ἦ
3357 1134 3567 1203 μᾶλλον
3604 1136 3724 1189 καὶ

2117 1228 2176 1279 ἐν
2230 1227 2343 1288 τοῖς
2382 1225 2742 1297 ὀμολογηταῖς
2782 1226 3058 1295 τετάχθαι·
3110 1227 3170 1280 ού
3200 1227 3307 1298 γὰρ
3337 1229 3521 1298 οἰκείᾳ
3555 1245 3723 1300 προ-

2118 1317 2327 1388 αιρέσει
2367 1317 2398 1388 ἢ
2425 1316 2532 1369 τῶν
2561 1316 2802 1371 σπονδῶν
2829 1318 3119 1386 ἐγεύσαντο
3138 1359 3153 1383 ,
3199 1318 3232 1389 ἢ
3273 1320 3362 1375 τὸν
3391 1320 3719 1375 λιϐανωτὸν

2116 1406 2380 1461 ἐπέϐαλον
2408 1406 2484 1476 τῷ
2517 1406 2704 1479 βωμῷ,
2731 1407 2847 1461 ἀλλ’
2877 1408 2910 1479 ἦ
2944 1408 3052 1480 βίᾳ,
3097 1407 3191 1462 τοῦ
3217 1408 3475 1479 λογισμοῦ
3509 1410 3719 1465 αὐτῶν

2116 1503 2182 1571 τῇ
2228 1498 2422 1572 πράξει
2469 1498 2543 1571 μὴ
2588 1500 3136 1570 συγκατατιθεμένου.
3173 1501 3381 1573 Ὠσπερ
3412 1502 3512 1555 καὶ
3539 1502 3597 1555 ot
3632 1505 3713 1573 τῇ

2117 1592 2227 1644 τῶν
2272 1591 2520 1661 βασάνων
2559 1591 2770 1663 ἀνάγκη
2818 1591 3221 1664 παραλυθέντες
3264 1592 3353 1647 τὸν
3401 1593 3559 1656 τόνον
3601 1594 3715 1646 τοῦ

444 1695 546 1751 gor
586 1681 855 1750 corporis,
881 1688 942 1736 ut
977 1695 1078 1739 nec
1100 1681 1306 1737 moveri
1334 1696 1436 1736 nec
1474 1683 1621 1753 loqui
1648 1692 1890 1753 possent,
1914 1700 2017 1740 nec

2131 1656 2402 1753 σώματος,
2447 1682 2521 1746 ὡς
2566 1656 2701 1753 μήτε
2733 1656 3018 1755 κινηθῆναι
3041 1681 3317 1746 δύνασθαι,
3356 1684 3493 1754 μήτε
3525 1682 3717 1753 φθέγ-

449 1770 635 1824 vinum
667 1770 992 1826 libationum
1018 1771 1074 1825 in
1096 1785 1192 1825 ora
1225 1771 1469 1840 ipsorum
1495 1788 1594 1843 per
1622 1773 1731 1827 vim
1766 1773 2018 1844 injicien-

447 1861 596 1917 tibus
624 1862 914 1926 obsistere,
944 1862 983 1916 ii
1022 1877 1239 1933 quoque
1272 1863 1449 1918 locum
1481 1862 1624 1919 inter
1670 1863 2018 1921 confessores

444 1951 794 2008 obtinebunt.
829 1952 1060 2009 Disserit
1080 1961 1260 2010 autem
1286 1968 1411 2009 mox
1430 1952 1499 2010 de
1527 1953 1595 2010 iis
1618 1954 1713 2026 qui
1733 1955 2021 2011 conscien-

447 2043 539 2098 tiae
562 2043 880 2115 martyrium
906 2052 1192 2115 peragunt,
1246 2059 1311 2100 ac
1330 2060 1426 2101 eos
1450 2060 1667 2117 quoque
1700 2046 1757 2102 in
1803 2045 2021 2105 confes-

448 2149 636 2190 sorum
668 2151 897 2192 numero
929 2136 1092 2192 locat.

1039 2227 1271 2285 CANON
1304 2228 1421 2284 XV.

523 2339 541 2372 ι
573 2317 694 2375 Non
737 2320 1097 2391 reprehendet
1150 2338 1251 2379 nos
1302 2321 1572 2393 quispiam
1600 2361 1616 2386 ,
1671 2330 1920 2395 quartam
1968 2333 2022 2379 et

452 2430 472 2463 ‹
517 2421 727 2468 sextam
757 2412 945 2467 feriam
977 2413 1356 2478 observantes,
1389 2415 1445 2470 in
1474 2413 1675 2485 quibus
1700 2415 1862 2471 nobis
1886 2416 2023 2486 jeju-

451 2523 473 2557 ι
513 2519 647 2560 nare
692 2505 994 2560 secundum
1025 2505 1377 2562 traditionem
1431 2521 1557 2561 cum
1585 2506 1798 2562 ratione
1821 2523 2022 2577 praece-

452 2615 473 2648 c
509 2603 661 2665 ptum
716 2602 820 2652 est.
875 2595 1137 2662 Quartam
1188 2597 1407 2667 quidem
1463 2606 1685 2670 propter
1748 2599 1943 2653 initum
1992 2616 2021 2654 a

453 2708 473 2741 α
510 2687 716 2744 Judaeis
748 2690 1045 2746 consilium
1072 2689 1140 2745 de
1179 2692 1489 2760 proditione
1514 2693 1731 2748 Domini
1766 2712 1780 2748 :
1809 2701 2019 2749 sextam

456 2800 475 2832 ι
516 2788 721 2846 autem,
755 2780 901 2852 quod
920 2782 1036 2851 ipse
1061 2797 1160 2852 pro
1180 2782 1339 2839 nobis
1364 2799 1562 2854 passus
1590 2785 1681 2841 sit.
1710 2784 1859 2841 Diem
1874 2786 2019 2841 enim

454 2888 474 2920 ι
519 2868 860 2925 Dominicum
894 2871 1096 2926 laetitiae
1121 2870 1264 2926 diem
1298 2874 1533 2943 agimus,
1566 2874 1709 2945 quod
1743 2875 1798 2929 in
1838 2892 1904 2931 eo
1934 2892 2022 2931 rev

2120 1773 2335 1839 ξασθαι,
2384 1775 2478 1827 καὶ
2503 1775 2819 1845 ἀντιστῆναι
2852 1776 2966 1837 τοῖς
2993 1773 3084 1845 βίᾳ
3119 1776 3201 1839 εἰς
3224 1773 3294 1827 τὰ
3321 1774 3566 1845 στόματα
3596 1777 3714 1828 αὺ-

2117 1863 2225 1917 τῶν
2258 1862 2480 1934 ὲκχέασι
2520 1864 2613 1919 τὸν
2643 1859 2786 1918 οἶνον
2829 1862 2937 1917 τῶν
2979 1863 3252 1928 σπονδῶν,
3297 1865 3537 1918 κάκεῖνοι
3580 1868 3718 1931 τοῖς

2119 1952 2476 2026 ὁμολογηταῖς
2511 1953 2989 2025 συνταχθήσονται.
3026 1953 3184 2024 Ἑξῆς
3209 1954 3267 2007 δὲ
3292 1955 3419 2025 περὶ
3444 1948 3559 2009 τῶν
3585 1956 3713 2010 δια-

2118 2048 2351 2100 νυὸντων
2379 2045 2439 2098 τὸ
2470 2046 2570 2116 τῆς
2603 2045 2956 2117 συνειδήσεως
2988 2045 3285 2117 μαρτύριον
3310 2045 3477 2114 λέγει,
3508 2047 3714 2103 κακεί-

2118 2154 2240 2200 νους
2275 2138 2386 2200 τοῖς
2416 2134 2778 2206 ὁμολογηταίς
2807 2134 3178 2207 συναριθμῶν.

2651 2227 2889 2279 ΚΑΝΩΝ
2929 2227 3009 2279 IE'
3039 2225 3169 2297 (l8).

2195 2342 2214 2375 ι
2260 2323 2375 2376 Οὐκ
2419 2320 2705 2391 ἐγκαλέσει
2745 2338 2831 2384 τις
2872 2321 3002 2391 ἡμῖν
3040 2320 3542 2392 παρατηρουμένοις
3607 2334 3707 2373 τε·

2126 2435 2144 2466 ι
2190 2414 2360 2485 τράδα
2390 2414 2485 2467 καὶ
2519 2414 2893 2485 παρασκευὴν,
2916 2414 2973 2465 ἐν
3001 2407 3088 2475 αἷς
3120 2414 3211 2465 καὶ
3243 2412 3521 2482 νηστεύειν
3552 2414 3701 2483 ἡμῖν

2125 2524 2145 2559 ι
2190 2506 2329 2561 κατὰ
2365 2507 2659 2578 παράδοσιν
2706 2506 2944 2574 εὐλόγως
2994 2505 3410 2577 προσετέτακτο.
3444 2504 3558 2576 Τὴν
3593 2504 3704 2575 μιν

2127 2619 2145 2652 ι
2189 2599 2297 2672 γὰρ
2323 2599 2557 2672 τετράδα
2584 2596 2697 2672 (l9)
2723 2598 2811 2652 διὰ
2835 2599 2896 2651 τὸ
2921 2599 3208 2669 γενόμενον
3235 2597 3559 2668 συμϐούλιον
3588 2597 3702 2650 ὑπὸ

2126 2710 2145 2742 ι
2190 2689 2299 2743 τῶν
2331 2689 2597 2743 Ἰουδαίων
2628 2690 2721 2743 ἐπὶ
2757 2692 2824 2761 τῇ
2868 2688 3125 2760 προδοσίᾳ
3168 2687 3261 2741 τοῦ
3303 2689 3541 2761 Κυρίου·
3592 2686 3700 2757 ei}:

2127 2801 2146 2833 ι
2190 2781 2247 2835 δὲ
2286 2781 2676 2853 παρασκευὴν.
2723 2781 2805 2833 ὅτι
2845 2780 3009 2842 αὐτὸς
3051 2780 3190 2851 ὑπὲρ
3237 2777 3392 2850 ήμῶν
3434 2777 3608 2832 ἔπαθε
3625 2777 3693 2829 ⁸⁷.

2128 2890 2146 2922 ι
2193 2870 2474 2942 Κυριακὴν
2508 2870 2567 2923 δὲ
2608 2870 2957 2942 χαρμοσύνης
2989 2870 3200 2941 ἡμέραν
3243 2870 3446 2940 ἄγομεν
3482 2868 3571 2922 διὰ
3602 2867 3698 2920 τὸν

453 2978 476 3012 ι
509 2960 810 3029 surrexerit
844 2979 860 3017 :
885 2962 943 3016 in
974 2976 1083 3033 quo
1109 2977 1209 3017 nec
1231 2978 1405 3034 genua
1431 2965 1649 3035 quidem
1680 2962 1897 3022 ﬂectere
1931 2981 2019 3021 ac-

2131 2982 2148 3011 ι
2196 2961 2502 3014 ἀναστάντα
2553 2962 2611 3015 ἐν
2654 2961 2787 3033 αὐτῇ
2810 3002 2824 3027 ,
2878 2963 2936 3014 ὲν
3068 2959 3187 3013 οὐδὲ
3240 2960 3441 3029 γόνατα
3492 2958 3698 3013 κλίνειν

453 3069 476 3103 ι
512 3065 776 3122 cepimus.
814 3068 834 3103 ι

518 3141 683 3197 ΒΑιε.
732 3141 1149 3210 (lonsequenter
1184 3143 1523 3214 sexagesimo
1571 3155 1768 3216 quarto
1822 3132 2020 3201 cano‘ni

444 3231 775 3303 apostolico,
799 3232 894 3301 qui
927 3230 1171 3286 decernit
1202 3247 1313 3287 non
1337 3248 1460 3288 esse
1483 3233 1642 3289 nobis
1659 3233 2021 3305 jejunandum

453 3324 733 3391 Sabhatis,
764 3331 962 3397 praeter
1006 3339 1175 3379 unum
1207 3324 1525 3391 Sahbatum,
1582 3341 1841 3398 magnum
1874 3326 2024 3383 scili-

451 3428 569 3489 cet;
603 3426 658 3475 et
696 3419 1039 3490 sexagesimo
1093 3434 1239 3475 nono
1269 3419 1361 3490 qui
1413 3420 1570 3475 valde
1619 3420 1776 3492 punit
1805 3437 1901 3477 eos
1929 3421 2023 3492 qui

2131 3072 2150 3104 ι
2197 3052 2633 3124 παρειλήφαμεν.
2681 3071 2700 3103 ι

2186 3149 2721 3213 ΒΑΛΣ.Ἀκολούθως
2735 3148 2811 3220 τῷ
2830 3147 2901 3213 ξδ’
2921 3144 3260 3216 ἀποστολικῷ
3276 3143 3480 3209 κανόνι,
3507 3142 3589 3213 τῷ
3614 3143 3693 3196 δι-

2118 3244 2419 3317 οριζομένῳ
2452 3242 2525 3315 μὴ
2544 3240 2824 3313 νηστεύειν
2846 3241 2992 3311 ἡμᾶς
3012 3238 3153 3293 κατὰ
3173 3237 3238 3291 τὰ
3258 3236 3534 3300 Σάϐϐατα,
3552 3235 3692 3306 πλὴν

2114 3333 2209 3388 τοῦ
2230 3334 2347 3397 ὲνὸς
2368 3332 2528 3404 μόνου
2551 3329 2851 3393 Σαϐϐάτου,
2871 3327 2965 3381 τοῦ
2987 3326 3221 3399 μεγάλου
3251 3325 3470 3397 δηλαδή·
3495 3325 3591 3377 καὶ
3612 3323 3691 3393 τῷ

2119 3426 2191 3491 ξθ⁹
2210 3425 2416 3491 κανόνι,
2431 3422 2509 3494 τῷ
2536 3421 2810 3485 κολάζοντι
2829 3417 3076 3490 μεγάλως
3094 3417 3219 3479 τοὺς
3240 3416 3314 3487 μὴ
3336 3414 3689 3486 νηστεύοντας

453 3526 611 3568 sacra
638 3510 1067 3582 Quadragesima
1101 3527 1210 3568 non
1228 3511 1503 3582 jejunant,
1540 3513 1799 3584 omnique
1830 3523 2019 3585 quarta

2131 3519 2214 3590 τὴν
2252 3516 2412 3586 ἁγίαν
2436 3511 2908 3586 Τεσσαρακοστὴν,
2950 3510 3042 3564 καὶ
3083 3508 3226 3563 κατὰ
3248 3509 3429 3562 πᾶσαν
3458 3505 3686 3578 τετράδα

450 3614 508 3661 et
539 3612 693 3661 sexta
729 3603 887 3668 feria,
918 3619 1156 3674 praesens
1185 3619 1405 3675 quoque
1438 3605 1704 3661 decernit.

527 3695 731 3751 Zona.
766 3696 1011 3765 Semper,
1044 3695 1242 3766 inquit,
1296 3705 1489 3766 quarta
1517 3705 1572 3752 et
1602 3704 1753 3753 sexta
1799 3696 2026 3767 cujusli-

454 3788 550 3842 bet
580 3786 937 3844 hebdomadae
965 3786 1101 3843 feria
1129 3787 1488 3858 jejunandum
1529 3805 1541 3843 :
1583 3804 1685 3844 nec
1735 3804 1836 3845 nos
1873 3789 2027 3860 quis-

455 3890 622 3947 quam
644 3877 959 3946 jejunantes
989 3880 1348 3949 reprehendet
1383 3899 1396 3936 :
1441 3894 1748 3951 causasque
1793 3881 2027 3951 subjun-

456 3967 556 4039 git.
592 3966 873 4022 Dominica
903 3984 1033 4025 vero
1048 3971 1135 4026 die
1167 3986 1279 4026 non
1310 3979 1394 4027 est
1416 3971 1797 4043 jejunandum,
1828 3973 2028 4044 quippe

456 4072 580 4129 quae
612 4058 685 4113 sit
712 4061 893 4130 gaudii
925 4060 995 4116 ob
1041 4060 1255 4117 Domini
1306 4064 1785 4119 resurrectionem.
1844 4063 2029 4135 Neque

2119 3610 2214 3664 καὶ
2234 3605 2606 3679 παρασκευὴν,
2632 3605 2725 3658 καὶ
2752 3605 2780 3657 ό
2805 3601 2993 3673 παρὼν
3018 3598 3197 3654 κανὼν
3217 3599 3579 3652 διατάττεται.

2195 3696 2439 3773 ΖΩΝΑΡ.
2479 3696 2587 3749 Ἀεί
2648 3713 2782 3766 φησι
2848 3694 2949 3758 τὰς
2996 3693 3259 3766 τετράδας
3284 3691 3496 3753 καὶτὰς
3523 3705 3691 3759 παρα-

2129 3789 2327 3854 σκευὰς
2350 3789 2588 3859 ἑκάστης
2613 3787 2903 3856 ἑϐδομάδος
2933 3784 3211 3857 νηστεύειν
3230 3801 3243 3814 ·
3277 3783 3370 3836 καὶ
3402 3781 3499 3835 ούκ
3520 3780 3688 3833 αἰτιά-

2130 3882 2280 3936 σεταί
2305 3898 2389 3945 τις
2411 3881 2558 3952 ἡμᾶς
2587 3879 2975 3951 νηστεύοντας·
3011 3878 3106 3932 καὶ
3134 3876 3232 3940 τὰς
3261 3875 3439 3935 αἰτίας
3463 3873 3684 3944 προστί-

2131 3974 2306 4047 θησιν.
2358 3972 2467 4045 Τὴν
2504 3973 2561 4026 δὲ
2603 3972 2886 4045 Κυριακὴν
2920 3968 3200 4043 νηστεύειν
3245 3968 3304 4021 οὐ
3331 3968 3443 4031 δεῖ,
3490 3964 3689 4037 χαρμό-

2131 4083 2285 4121 συνον
2329 4060 2494 4120 οὖσαν
2535 4064 2621 4118 διὰ
2652 4065 2751 4134 τὴν
2792 4063 2885 4117 τοῦ
2936 4063 3143 4132 Κυρίου
3198 4061 3523 4114 ἀνάστασιν·
3565 4056 3683 4111 οὐδὲ

452 4164 612 4215 Nero,
651 4149 849 4221 inquit,
899 4152 957 4206 in
1012 4168 1076 4208 ea
1106 4169 1281 4223 genua
1332 4153 1475 4210 ﬂecti
1510 4164 1764 4225 oportere
1815 4156 2019 4226 accepi-

2131 4159 2256 4227 γόνυ
2284 4159 2484 4212 κλίνειν
2512 4158 2569 4210 ὲν
2598 4156 2755 4227 αὐτῇ,
2800 4155 2951 4225 φησὶ,
2985 4152 3416 4224 παρειλήφαμεν.
3449 4148 3682 4220 Σημειω-

462 4250 608 4291 mus.
634 4234 1045 4293 Observandum
1073 4241 1240 4311 igitur
1269 4243 1496 4297 verbum
1528 4244 1684 4310 illud,
1710 4246 2019 4314 accrpimus,

2131 4251 2247 4303 τέον
2284 4243 2376 4301 οὖν
2433 4247 2495 4301 τὸ
2538 4244 3007 4315 παρειλήφαμεν,
3059 4243 3153 4297 καὶ
3191 4243 3251 4295 τὸ
3320 4241 3470 4295 κατὰ
3505 4240 3681 4308 stade

459 4332 516 4381 et
544 4326 699 4392 illud,
752 4329 900 4385 nobis
944 4331 1338 4402 ectraditione
1391 4330 1710 4406 praeceptum
1741 4346 1837 4391 est.
1891 4336 2019 4391 Nam

2131 4341 2305 4395 δοσιν
2345 4339 2489 4410 ἡμῖν
2534 4336 2984 4407 προστέτακται.
3035 4332 3344 4388 Κάντεῦθεν
3377 4333 3484 4403 γὰρ
3514 4332 3682 4400 φαίνε-

460 4420 589 4476 hinc
641 4437 859 4493 quoque
897 4433 1122 4495 apparet
1178 4425 1540 4482 inveteratam
1580 4427 2019 4484 consuetudinem

2131 4451 2249 4499 ται,
2287 4431 2458 4487 ὅτιτὸ
2502 4431 2594 4483 ἐπὶ
2630 4429 2837 4501 μακρὸν
2885 4428 3168 4500 κρατῆσαν
3209 4425 3328 4487 ἔθος
3360 4423 3482 4477 ἀντὶ
3525 4422 3677 4491 νόμου

461 4527 562 4582 pro
601 4512 722 4585 lege
761 4513 935 4571 fuisse
962 4524 1262 4587 acceptam.
1311 4516 1538 4589 Magnus
1595 4534 1759 4590 porro
1794 4519 2019 4576 Basilius

2131 4525 2451 4591 λελόγισται.
2489 4524 2547 4576 ’0
2586 4521 2642 4574 δὲ
2693 4514 2868 4592 μέγας
2916 4519 3193 4581 Βασίλειος
3239 4517 3332 4570 καὶ
3376 4514 3475 4577 τὰς
3515 4514 3678 4577 αἰτίας

458 4619 673 4679 causas
690 4621 907 4677 quoque
931 4607 1191 4675 adnectit,
1220 4610 1290 4666 ob
1316 4626 1453 4681 quas
1476 4610 1763 4666 Dominica
1791 4612 1898 4678 die,
1930 4621 1982 4668 et
1999 4629 2019 4667 a

2132 4616 2468 4688 προστίθησι,
2489 4616 2555 4668 δι’
2581 4614 2647 4678 ἃς
2684 4611 3052 4685 ἀπηγόρευται
3092 4608 3290 4663 κλίνειν
3340 4609 3397 4661 ἐν
3442 4606 3676 4676 Κυριακῇ

449 4684 730 4752 Ῥειεοῑιειιε
763 4698 832 4753 ad
867 4696 1241 4756 Pentecostem
1271 4717 1463 4772 usque,
1495 4717 1670 4774 genua
1694 4701 1911 4759 ﬂectere
1935 4720 2019 4758 ve-

2131 4684 2255 4776 γόνυ
2286 4684 2389 4761 καὶ.
2423 4707 2529 4761 ἀπὸ
2572 4704 2666 4759 τοῦ
2712 4705 2903 4775 Πάσχα
2950 4700 3109 4773 μέχρι
3156 4698 3255 4770 τῆς
3298 4695 3674 4768 Πεντηκοστῆς.

456 4786 620 4842 litum
659 4797 765 4845 est.
795 4788 938 4862 Lege
994 4801 1049 4847 et
1071 4795 1474 4862 sexagesimum
1515 4802 1728 4849 sextum
1764 4795 2019 4865 apostoli-

2140 4797 2436 4868 Ἀνάγνωθι
2467 4799 2561 4853 καὶ
2583 4798 2673 4851 τὸν
2702 4795 2785 4862 Et,“
2815 4792 3169 4850 ἁποστολικὸν
3203 4791 3405 4846 κανόνα
3425 4829 3441 4855 ,
3479 4788 3564 4844 καὶ
3588 4786 3675 4854 ξθ¹.

456 4893 586 4937 cum
611 4896 875 4939 canonem
896 4890 950 4939 et
980 4887 1380 4956 sexagesimum
1410 4901 1635 4940 nonum.

1746 5001 1977 5057 VARUE
2012 5001 2410 5060 LECTIONES.

566 5089 614 5122 "
631 5089 718 5144 διὰ
741 5093 802 5145 τὸ
824 5092 1147 5147 πεπονθέναι
1185 5094 1347 5149 αὐτὸν
1376 5094 1516 5164 ὑπὲρ
1537 5092 1713 5163 ἡμῶν.

528 5201 642 5291 (ιθ)
677 5204 888 5291 {Kartha-
921 5211 1003 5258 ιε’.
1025 5205 1232 5291 οιηέηεξ.
1267 5205 1587 5291 regio~2958
1621 5205 1917 5291 praeﬂgitur
1944 5204 2033 5284 hic
2133 5203 2486 5291 cqﬁ‘Kupio‘u-
2519 5200 2632 5291 ’ξὴν-
2659 5200 2714 5252 δὲ
2762 5198 3133 5291 «epulares-5v,
3175 5195 3350 5291 eligo
3382 5196 3680 5291 πεπονθέναι

459 5266 651 5349 titulus
684 5274 811 5349 huic
843 5276 1036 5349 canoni
1069 5295 1081 5330 :
1114 5274 1227 5330 Τοῦ
1261 5266 1447 5333 αὐτοῦ
1479 5277 1548 5331 ἐκ
1580 5266 1688 5329 τοῦ
1716 5266 1901 5345 λόγου
1927 5275 2034 5328 τοῦ
2137 5276 2298 5349 αὑτὸν
2346 5266 2484 5349 ύπὲρ
2518 5266 2709 5349 ήμῴνς
2759 5266 2866 5349 τὴν
2902 5266 3333 5349 γὰρυιζυριακὴν
3358 5268 3680 5349 χαρμοσύνης

455 5342 643 5417 εις-τὸ
673 5344 910 5417 Πάσχα.
955 5330 1295 5417 ΗΑιιοουιινξς
1479 5416 1485 5417 γ
1692 5415 1701 5417 _
1803 5330 1814 5345 ’
2139 5345 2349 5417 ἡμέραν
2381 5330 2580 5417 άγρμέν
2607 5341 2696 5395 διὰ
2725 5330 3151 5417 τὸνίὰναστάντοί
3178 5341 3233 5391 ὲν
3437 5330 3557 5417 ἕνῇ
3576 5330 3679 5388 οὐδὲ

530 5413 644 5483 (19)
684 5406 931 5484 Τὴνᾷὶὲν
951 5417 1059 5486 γὰρ
1082 5433 1232 5483 τετρ.
1257 5415 1561 5472 Cotclerius
1583 5417 1646 5471 ad
1672 5415 2038 5484 Const.apost.
2140 5406 2342 5482 γόνάτα
2376 5406 2572 5466 κλίνέιν
2612 5410 3038 5533 παρειλᾌφαμεν.
3078 5411 3256 5489 Atque
3297 5406 3597 5476 ita‘parii‘er
3623 5422 3679 5484 ex

530 5501 556 5533 ι.
603 5498 663 5533 ll.
695 5500 816 5533 can-
862 5485 952 5533 59-
995 5487 1138 5533 hunc
1185 5501 1448 5533 canom-m
1492 5503 1555 5533 ex
1596 5488 1760 5533 τρρίἰς
1800 5503 1931 5533 mss-
1966 5487 2035 5533 ita
2074 5526 2075 5529 η
2145 5486 2361 5533 laudato
2401 5484 2550 5533 regio
2592 5483 2778 5533 codice
2853 5481 2956 5533 058
2982 5487 3036 5533 et
3070 5480 3189 5533 alus
3223 5478 3401 5533 locum
3440 5477 3679 5533 snnnlevn

462 5483 556 5540 lib.
603 5477 663 5557 ll,
695 5477 829 5553 cap:
862 5477 969 5546 59f
995 5477 1138 5540 h'unc
1162 5477 1448 5557 ricanonem
1492 5503 1559 5542 ex
1596 5488 1760 5557 regiis
1800 5477 1931 5541 mss.
1966 5487 2036 5557 ita
2074 5526 2075 5529 η
2145 5477 2361 5557 laudato
2401 5484 2550 5555 regio
2592 5477 2778 5538 codice
2817 5477 2956 5536 2058
2982 5487 3036 5535 et
3070 5479 3189 5533 aliis
3223 5478 3401 5533 locum
3440 5477 3682 5547 supplevit

463 5552 699 5620 complet
726 5552 803 5637 ac‘
821 5558 1057 5637 restituit
1083 5575 1098 5637 ξ
1130 5555 1240 5637 Τῂν
1278 5556 1648 5637 μὲνλτετράδα
1661 5552 1763 5637 ’διά
1793 5557 1854 5609 τὸ
1885 5555 2037 5637 γενό-
2146 5552 2474 5613 llarduinus.

471 5638 629 5679 ιιενον
660 5622 981 5686 συμϐούλιον
1008 5626 1111 5679 ὑπὸ
1140 5622 1245 5681 τῶν
1279 5622 1542 5682 Ἰουδαίων
1568 5627 1660 5680 ἐπὶ
1685 5628 1749 5699 τῇ
1786 5622 2040 5695 προδοσίᾳ
2122 5686 2125 5691 η
