3862 6158
98 209 219 270 509
898 212 901 215 ’
1495 217 1623 272 FBA

1851 219 1936 277 ΓΑ.
3259 223 3376 281 51ολ

101 372 3327 402 mw

1340 538 1480 654 8.
1557 541 2126 654 PETRI

876 755 1266 819 EPISTOLA
1306 755 1412 817 AD
1442 755 1890 818 ECGLESIAM
1926 738 2599 818 ALEXANDRINAM.

1544 919 1641 974 (Ex
1662 915 1957 982 Gallandio.)

1707 1074 1782 1090 ῌ

176 1199 392 1258 Petrus
429 1202 487 1257 in
517 1200 623 1258 lide
659 1201 755 1257 Dei
784 1202 1039 1258 stabilitis
1065 1202 1281 1259 dilectis
1319 1202 1586 1261 fratribus
1631 1205 1689 1260 in
1774 1206 1978 1277 quibus
2021 1207 2351 1278 permissum
2386 1217 2505 1263 erat
2532 1215 2750 1279 egentes
2775 1208 2998 1265 visitare
3021 1248 3035 1275 ,
3068 1217 3360 1265 conaretur

97 1292 349 1349 Domino
393 1294 645 1350 salutem.
682 1294 950 1360 Quoniam
979 1295 1208 1366 cognovi
1245 1293 1516 1351 Meletium
1544 1296 1681 1352 nihil
1710 1284 1721 1294 ’
1785 1313 2070 1369 separare;
2104 1306 2160 1353 et
2181 1299 2442 1355 indicium
2468 1315 2583 1355 sua:
2605 1301 2920 1373 cupiditatis
2941 1301 2997 1355 in
3025 1301 3355 1373 principatu,

98 1400 203 1454 per
234 1383 540 1439 utilitatem
568 1383 680 1455 (20)
713 1385 823 1455 (cui
870 1400 973 1440 nec
1005 1386 1447 1442 beatissimorum
1472 1388 1686 1458 episco-
1785 1390 2051 1461 quosdam
2104 1392 2207 1448 sibi
2266 1393 2554 1449 ordinasse
2608 1394 2665 1448 in
2712 1378 2977 1463 carcere:
3016 1393 3178 1448 modo
3223 1392 3357 1447 illud

98 1490 310 1545 porum
344 1491 413 1531 ac
440 1482 741 1548 martyrum
766 1477 995 1548 epistola
1032 1476 1283 1551 placuit),
1319 1479 1415 1534 sed
1464 1479 1687 1551 insuper
1786 1484 2108 1551 observate,
2148 1500 2217 1540 ne
2254 1485 2304 1540 ei
2347 1464 2797 1552 communicetis,
2854 1485 3029 1541 donec
3065 1499 3350 1541 occurram

100 1567 428 1638 ingressum
458 1575 702 1624 nostram
733 1569 1048 1639 parwciam,
1074 1577 1282 1625 tantum
1317 1570 1421 1625 sibi
1443 1585 1689 1642 assump—
1789 1574 1865 1630 illi
1902 1591 2025 1630 cum
2059 1575 2401 1645 sapientibus
2423 1579 2578 1645 Viris,
2600 1585 2657 1633 et
2685 1576 2897 1634 videam
2927 1593 3048 1649 quae
3076 1587 3203 1635 sunt
3229 1591 3365 1648 qua-

99 1658 276 1723 sisse,
308 1665 371 1713 ut
404 1659 568 1714 etiam
617 1674 683 1713 ex
723 1673 841 1713 mea
867 1659 1197 1715 auctoritate
1218 1661 1565 1732 presbyteros
1586 1705 1601 1730 ,
1632 1668 1688 1717 et
1791 1664 2068 1736 cogitavit.
2093 1664 2302 1722 Valete.

122 1811 3342 1842 ._._________________,__________________

1434 1976 2031 2094 ΠΕΤΡΟΥ

697 2185 837 2240 ΤΟΥ
863 2185 1248 2243 ΔΓΙΩΤΔΤΟΥ
1284 2188 1681 2244 ΕΠΙΣΚΟΠΟΥ
1708 2188 2222 2246 ΑΛΕΞΑΝΔΡΕΙΛΣ

1284 2188 1681 2244 ΕΠιΣιςοιιοΥ
1708 2188 2224 2246 ΑΛΕΞΑΝΔΡΕΙΛΣ
2255 2168 2376 2247 lui
2409 2191 2780 2249 suprmo:

1632 2344 1726 2397 Ἐκ
1753 2345 1847 2398 τοῦ

1029 2508 1281 2595 ΠΕΡΙ
1351 2507 1943 2598 ΘΕΟΤΗΤΟΣ
2015 2510 2453 2600 ΒΙΒΛΙΟΥ

393 2780 748 2873 PETRI
829 2780 1572 2873 SANCTISSIMI
1646 2783 2459 2874 ALEXANDRIxE
2538 2780 3090 2876 EPISCOPI

1422 2976 1528 3038 ET
1585 2974 2005 3039 MARTYPJS

909 3141 1101 3258 EX
1170 3143 1592 3257 LIBRO
1668 3143 1849 3255 DE
1937 3143 2562 3258 DEITATE

118 3359 427 3429 (hterprete
446 3363 599 3414 uario
621 3362 894 3418 Mercatore
919 3361 1113 3427 (21).-
1131 3362 1208 3415 Ex
1229 3360 2148 3487 acgsioﬁﬁatginbm
2169 3359 2372 3487 glauci!"
2390 3376 2441 3426 p.
2466 3361 2587 3414 1051
2613 3364 2695 3415 ed.
2720 3362 2898 3415 Venet.
2917 3363 3055 3425 i728,
3077 3367 3131 3415 et
3150 3370 3243 3415 act.
3270 3374 3354 3425 ru,

195 3692 420 3762 Ἐπειδὴ
447 3691 543 3744 καὶ
564 3690 775 3761 ἀληθῶς
806 3690 833 3761 ἡ
865 3694 1020 3761 χάρις
1046 3691 1141 3742 καὶ
1164 3692 1197 3761 ἠ
1224 3689 1445 3760 ἀλήθεια
1467 3691 1554 3744 διὰ
1583 3692 1687 3761 Ἰη-
1714 3740 1720 3753 ⁴

1856 3686 2123 3756 Quoniam
2162 3692 2307 3742 certe
2342 3685 2515 3757 gratia
2543 3692 2597 3740 et
2623 3683 2827 3738 veritas
2865 3698 2962 3754 per
2985 3682 3169 3739 Jesum
3193 3682 3352 3739 Ciui-

122 3786 210 3839 σοῦ
233 3781 481 3857 Χριστοῦ
500 3782 715 3851 ἐγένετο
734 3798 747 3812 ·
780 3782 898 3837 ὅθεν
918 3782 1010 3836 καὶ
1028 3780 1208 3854 χάριτί
1230 3783 1394 3851 ἐσμεν
1415 3786 1647 3853 σεσωσμέ

1827 3789 1936 3834 tum
1996 3778 2138 3833 facta
2167 3788 2251 3833 est
2285 3779 2302 3810 ¹
2349 3797 2362 3832 z
2416 3776 2561 3832 unde
2611 3783 2666 3831 et
2693 3776 2866 3846 gratia
2903 3791 3093 3831 sumus
3137 3776 3352 3842 salvari,

119 3891 214 3940 νοι,
249 3871 399 3934 κατὰ
428 3870 491 3924 τὸ
525 3870 875 3929 ἁποστολικὸν
907 3868 1097 3940 ῥητόν
1131 3869 1241 3923 Καὶ
1275 3870 1469 3935 τοῦτο,
1503 3872 1644 3942 φησὶε

1823 3879 1944 3926 uxta
1978 3870 2334 3941 apostolicum
2388 3868 2592 3924 dictum
2622 3869 2643 3899 ²
2680 3885 2693 3922 :
2743 3866 2811 3921 Et
2843 3869 2960 3931 hoc,
3005 3866 3200 3936 inquit,
3242 3884 3348 3922 non

119 3968 223 4021 οὐκ
253 3965 328 4030 ἐξ
356 3963 551 4033 ὑμῶν’
590 3962 736 4017 Θεοῦ
770 3961 836 4016 τὸ
868 3946 1058 4029 δῶρον
1082 3962 1214 4034 (say
1251 3966 1360 4017 οὐκ
1387 3963 1456 4028 ἐξ
1481 3963 1644 4033 έρνωτ

1825 3978 1856 4015 x
1883 3961 2226 4033 vobis,neque
2255 3976 2320 4016 ex
2348 3961 2606 4030 operibus,
2649 3976 2712 4015 ne
2769 3961 2886 4029 quis
2936 3959 3206 4030 glorietur.
3244 3957 3350 4014 Vo-

120 4055 216 4111 Ira
240 4056 333 4128 μή
367 4074 460 4123 τις
492 4053 887 4124 καυχήσηται⁸
925 4053 1186 4126 θελήματι
1212 4053 1344 4107 Θεοῦ
1379 4053 1490 4126 (25)
1533 4057 1561 4108 ὁ
1589 4055 1645 4107 Λ‹

1825 4062 2002 4108 untate
2029 4051 2266 4108 Verbum
2300 4066 2430 4108 caro
2460 4051 2658 4106 factum
2684 4050 2834 4116 est',
2864 4057 2918 4105 et
2946 4050 3134 4105 habitu
3160 4051 3350 4106 inven-

119 4161 209 4214 τος
237 4144 380 4219 σὰρξ
403 4145 711 4215 γενόμενος,
742 4144 838 4218 ita!
866 4145 1103 4215 σχήματι
1132 4143 1371 4216 εὑρεθεὶς
1390 4143 1464 4208 ὡς
1483 4143 1644 4217 ἄνθρο

1822 4161 1906 4201 um
1932 4151 1989 4208 ut
2014 4143 2175 4198 homo
2203 4142 2245 4198 ‘.
2278 4140 2397 4197 Non
2426 4149 2510 4197 est
2536 4150 2757 4198 tamena
2777 4142 2976 4197 deitate
3003 4140 3347 4198 destitutum.

120 4257 233 4304 πος,
266 4241 332 4293 οὐ
362 4237 683 4310 κατελείφθη
720 4236 830 4308 (24)
864 4237 961 4308 τῆς
997 4236 1265 4308 θεότητθς.
1303 4236 1438 4291 Οὐδὲ
1465 4236 1572 4310 γὰρ
1603 4238 1645 4292 ἵν

1825 4237 1976 4308 leque
2011 4235 2155 4290 enim
2191 4242 2250 4288 ut
2304 4248 2334 4287 a
2373 4249 2472 4289 sua
2501 4234 2669 4303 gloria
2716 4242 2770 4289 et
2800 4234 3002 4289 virtute
3040 4233 3350 4296 desisteret,

119 4332 210 4402 τῆς
255 4331 544 4401 δύναμεως
595 4327 759 4382 αὑτοῦ
813 4328 847 4399 ἢ
898 4327 1054 4398 δόξης
1080 4327 1259 4380 τέλεον
1284 4328 1513 4400 ἀποστῇ,
1550 4347 1644 4383 me

1828 4343 1919 4381 um
1971 4335 2117 4383 esset
2171 4326 2346 4390 dives,
2405 4339 2611 4395 pauper
2637 4331 2720 4380 est
2772 4324 3025 4392 factus';
3080 4325 3177 4381 sed
3210 4333 3265 4380 et
3287 4334 3346 4379 ut

119 4422 317 4490 χεύσας
344 4420 597 4484 πλούσιος
621 4418 716 4485 ὢν,
739 4418 896 4471 τοῦτο
920 4418 1131 4487 ἐγένετο
1150 4435 1163 4448 ·
1192 4416 1326 4471 ἀλλὰ
1366 4419 1452 4473 ἵνα
1479 4418 1570 4472 καὶ
1597 4418 1644 4472 τε

1820 4427 2024 4474 nortem
2055 4432 2153 4489 pro
2184 4419 2345 4474 nobis
2376 4416 2756 4488 peccatoribus
2784 4417 2899 4488 ipse
2920 4415 3345 4485 sustineret,ju-

121 4510 349 4566 θάνατον
378 4510 517 4581 ὑπὲρ
547 4508 703 4581 ἡμῶν
730 4506 836 4560 τῶν
864 4506 1203 4578 ἁμαρτωλῶν
1242 4506 1577 4579 ἀναδέξηται,
1610 4507 1646 4560 δι

1825 4516 1911 4566 lus
1938 4525 2037 4580 pro
2069 4510 2306 4580 injustis,
2331 4518 2383 4564 et
2412 4518 2473 4564 ut
2510 4526 2612 4565 nos
2670 4507 2886 4565 offerret
2938 4508 3070 4573 Deo,
3103 4518 3350 4564 mortuus

121 4620 268 4667 καιος
300 4602 445 4673 ὑπὲρ
470 4600 689 4666 ἀδίκων,
723 4598 871 4663 ὅπως
902 4600 1048 4670 ἡμᾶς
1081 4598 1405 4671 προσαγάγῃ
1446 4596 1523 4669 τῷ
1551 4599 1646 4670 eaq

1832 4599 2012 4655 uidem
2043 4614 2229 4664 carne,
2269 4600 2570 4656 viviﬁcatus
2609 4608 2789 4654 autem
2819 4598 3014 4668 spiritu
3044 4598 3085 4652 ⁸.
3128 4596 3192 4651 Et
3232 4607 3350 4666 post

122 4686 451 4752 θανατωθεὶς
477 4688 575 4758 μὲν
601 4686 784 4758 σαρκὶ,
813 4684 1163 4756 ζωοποιηθεὶς
1184 4687 1240 4739 δὲ
1268 4688 1553 4759 πνεύματι.
1580 4691 1647 4744 Κι

1821 4691 1905 4744 :lia
1929 4689 2112 4746 :Unde
2136 4697 2190 4746 et
2211 4693 2540 4764 evangelista
2567 4692 2763 4748 asserit
2793 4691 3076 4747 veritatem
3114 4690 3302 4747 dicens
3332 4711 3346 4747 :

72 4828 85 4841 .
119 4782 238 4848 μεθ’
268 4778 636 4849 ἐτερα’“Ὀθεν
672 4779 769 4832 καὶ
813 4778 842 4831 ὁ
888 4778 1280 4851 εὐαγγελιστὴς
1323 4778 1574 4851 ἀληθεύει

1822 4779 2029 4835 Verbum
2060 4798 2184 4836 caro
2243 4782 2443 4852 factum
2484 4791 2582 4847 est,
2639 4792 2690 4836 et
2721 4779 2974 4835 habitavit
3028 4782 3082 4834 in
3131 4780 3279 4835 nobis
3303 4781 3347 4834 ⁷.

112 4881 239 4933 γωνο
318 4872 374 4925 Ὁ
409 4873 599 4943 Λόγος
638 4870 793 4940 σὰρξ
828 4869 1085 4941 ἐγένετο,
1118 4870 1215 4924 καὶ
1242 4870 1592 4937 ἐσκήνωσεν
1627 4891 1637 4923 ι

1822 4871 2019 4929 Scilicet
2047 4889 2114 4930 ex
2145 4889 2254 4946 quo
2276 4875 2499 4945 angelus
2527 4873 2804 4944 Virginem
2832 4873 3108 4938 salutavit,
3127 4873 3347 4930 dicens:

188 5028 205 5060 ¹
226 5025 398 5082 Joan.
430 5042 469 5082 ι.
500 5026 586 5082 17.
694 5028 716 5059 ²
739 5025 928 5096 Ephes.
960 5039 1023 5090 ιι,
1057 5025 1112 5092 8,
1140 5024 1194 5080 9.
1295 5025 1498 5082 ‘Joau.
1534 5042 1571 5088 I,
1606 5027 1648 5081 1έ

123 5098 142 5131 ¹
165 5096 332 5153 Joan.
364 5113 403 5161 I,
434 5097 519 5152 14.

1826 5027 2033 5099 Philipp.
2066 5045 2128 5097 ιι,
2156 5029 2207 5085 7.
2282 5022 2382 5080 ⁵11
2398 5023 2650 5092 Convm,
2679 5027 2731 5087 9.
2874 5028 2897 5057 ⁸
2939 5025 2961 5060 ¹
3000 5024 3138 5082 Patr.
3167 5041 3229 5092 ιι,
3263 5026 3351 5082 18.

186 5212 302 5281 (‘20)
332 5210 647 5284 Utilitatem.
677 5211 1055 5284 Suppl.agere.
1117 5279 1163 5284 __
1785 5209 2021 5284 fortasse
2050 5211 2276 5284 deerant
2306 5211 2362 5267 in
2385 5227 2485 5268 suo
2505 5212 2820 5284 exemplari,
2849 5219 2911 5267 ut
2932 5211 3256 5282 conjicimus
3283 5228 3355 5279 ex

189 5279 306 5347 (21)
345 5281 467 5336 Haec
510 5279 880 5351 interpretatio
920 5279 1465 5336 'Mtnilbisncnoms
1507 5288 1684 5334 exstat
1783 5279 1903 5351 ejus
1931 5282 2200 5351 versione.

127 5367 242 5433 pag.
274 5352 402 5433 Πξξ,
433 5352 563 5433 edit.
590 5350 774 5433 ξξέιυι.
797 5353 1018 5433 integer
1047 5352 1350 5433 autem'liic'
1371 5352 1521 5433 locus
1543 5353 1678 5433 reci-
1817 5431 1823 5433 _
1854 5350 1965 5433 (25)
2000 5350 2290 5433 Θελήμβατι
2315 5353 2391 5433 ,ἐξζ
2417 5351 2920 5433 Ista_et_seguentia
2955 5350 3190 5433 qrabius
3224 5351 3351 5433 illu-

126 5419 263 5476 tatur
307 5424 470 5477 etiam
506 5423 561 5475 in
598 5420 766 5476 Cone.
793 5419 981 5476 Chalc.
1015 5429 1130 5491 act.
1162 5437 1198 5473 1.
1234 5419 1427 5476 Latine
1472 5429 1693 5475 tantum.
1782 5429 1917 5478 strat
1947 5419 2002 5475 in
2029 5423 2229 5476 Annot.
2262 5422 2329 5475 ad
2352 5420 2414 5474 ϐ.
2450 5420 2585 5476 Bulli
2608 5419 2941 5491 Deﬂuaﬁd.
2972 5421 3096 5491 Nic.
3127 5438 3181 5491 ι).
3222 5421 3342 5491 173.

127 5508 187 5546 ex
212 5493 320 5564 alia
349 5499 532 5564 vetere
554 5492 825 5564 versione,
841 5500 989 5564 _t_om.
1018 5489 1106 5553 ιν,
1140 5505 1194 5564 ρ..
1228 5491 1381 5545 1138.
1448 5558 1481 5564 _
1567 5559 1595 5564 __

1853 5491 1965 5564 (24)
2001 5493 2083 5564 ρύ
2126 5492 2499 5561 κατελείφθη.
2555 5496 2612 5547 In
2662 5489 2766 5549 ms.
2821 5489 3194 5564 Seguieriauo.
3245 5489 3351 5548 οὐκ

190 5562 301 5634 (22)
333 5560 484 5634 Θεοῦ
505 5560 572 5614 τὸ
599 5560 805 5629 δῶρον.
839 5560 962 5615 Haec
1002 5558 1225 5634 sanein
1269 5568 1416 5614 textu
1448 5558 1676 5634 Paulino

599 5560 805 5629 δῶρον.
839 5560 962 5615 Haec
1002 5558 1225 5634 sanein
1269 5568 1416 5614 textu
1448 5558 1676 5634 Paulino
1781 5558 2097 5634 ἀπελείφθη.

132 5629 309 5700 Ephes.
351 5647 413 5700 ιι,
446 5630 501 5699 8,
535 5647 654 5702 qua:
697 5639 877 5687 tamen
920 5629 1100 5687 omisit
1143 5631 1424 5701 interpres.
1472 5629 1576 5686 Sed
1612 5645 1675 5686 ea
