3862 6158
482 237 582 292 5H
1551 232 1608 288 S.
1651 232 1854 288 PETRI
1893 233 2361 288 ALEXANDRINI
2403 232 2713 291 EPISCOPI
3636 237 3770 293 5η

481 361 610 425 Ave,
643 358 818 430 gratia
845 358 1022 426 plena,
1044 355 1301 410 Dominus
1333 361 1502 407 tecum
1532 352 1574 407 ⁸.
1600 350 1856 406 Dominus
1880 363 2004 406 aute

2250 348 2308 400 ἵν
2325 365 2339 378 ο
2377 348 2498 402 τότε
2524 347 2588 419 δὴ
2620 348 2740 401 τότε
2773 345 2906 416 (9.6),
2937 348 3030 417 ἀφ’
3057 341 3119 401 οὗ
3145 349 3173 400 ὁ
3200 347 3432 417 ἄγγελος
3455 349 3775 419 ﬂenda-am

483 461 676 515 tecum,
706 448 847 504 dixit
869 446 1110 509 Gabriel,
1147 460 1246 516 pro
1267 460 1332 500 eo
1362 441 1508 514 quod
1540 451 1622 497 est
1649 441 1791 496 Deus
1835 441 2004 496 Verba

2250 462 2264 495 ι
2296 441 2571 512 Παρθένον
2608 439 2774 494 εἰπών
2811 439 2955 511 (ΞἸ)⁶
3006 439 3177 507 Χαῖρε
3217 441 3703 512 κεχαριτωμένη,
3737 446 3775 497 ό

485 551 678 597 tecum.
711 539 1060 596 Demonstrat
1116 536 1263 591 enim
1291 535 1346 590 id
1374 533 1529 590 nasci
1569 535 1625 588 in
1655 535 1816 588 vulva
1846 541 1902 588 et
1930 549 2010 589 cal

2251 551 2383 602 Ῥιος
2413 531 2564 604 μετὰ
2591 532 2727 586 σοῦ.
2754 532 2826 584 Τὸ
2851 531 2980 604 γὰρ,
3015 535 3048 586 ὀ
3079 534 3292 601 Κύριος
3312 532 3462 602 μετὰ
3484 533 3630 599 σοῦ,
3661 533 3776 587 νῦν

485 646 609 687 nem
639 629 907 692 futurum,
933 630 1091 698 juxta
1118 627 1265 698 quod
1317 626 1582 694 scriptum
1609 635 1694 678 est
1721 623 1742 655 ’
1773 641 1786 676 :
1830 621 2010 691 Spiriti

2244 645 2314 681 τιν
2343 628 2572 682 ἀκοῦσαι
2603 626 2696 680 τοῦ
2731 627 2986 698 Γαϐριὴλ,
3017 627 3135 681 ἀντὶ
3165 627 3280 693 τοῦ,
3299 630 3350 681 Ὀ
3375 628 3519 695 Θεὸς
3554 629 3769 697 Λόγος

485 733 702 778 sanctus
736 722 1060 789 superveniet
1089 721 1143 774 in
1178 727 1244 781 te.
1277 728 1327 774 et
1357 720 1524 773 virtus
1566 717 1834 771 Altissimi
1879 717 2010 770 obun

2251 721 2313 775 τὰ
2359 721 2497 778 σοῦ.
2553 720 2813 791 Σημαίνει
2857 720 2966 792 γὰρ
3010 721 3191 785 αὐτὸν,
3222 721 3508 793 γενόμενον
3541 722 3667 794 (28)
3708 723 3776 774 ἐν

487 810 660 868 brabit
693 813 790 866 tibi
816 828 834 866 :
857 812 1072 881 ideoque
1107 811 1245 880 quod
1276 817 1522 864 nascetur
1565 818 1826 870 sanctum,
1855 807 2012 860 vocab

2254 831 2378 884 τρᾳ,
2429 813 2524 867 καὶ
2574 813 2751 884 σάρκα
2799 814 3111 883 γενόμενον,
3163 813 3346 878 καθὼς
3389 815 3724 884 γέγραπται
3753 828 3772 843 ⁸

487 913 576 958 tur
594 902 642 957 F
645 904 768 958 ilius
801 903 912 958 Dei.
942 902 1007 957 Et
1027 919 1184 971 porro
1206 911 1323 973 post
1371 902 1482 956 alia
1504 917 1523 955 .'
1542 900 1684 957 Deus
1714 909 1894 956 autem
1932 899 2012 954 Ve:

2253 904 2411 974 ἐῦμα
2455 905 2624 975 ἅγιον
2654 905 3043 959 ἐπελεύσεται
3088 906 3184 958 ἐπὶ
3229 905 3324 969 σὲ,
3355 906 3452 958 καὶ
3492 906 3778 976 δύναμις

481 996 639 1062 bum,
664 997 783 1052 viro
806 996 1051 1061 absente,
1101 997 1382 1052 voluntate
1413 994 1510 1050 Dei
1540 996 1635 1066 qui
1685 995 1868 1050 omnia
1899 994 2003 1049 laci

2249 998 2461 1066 ψίστου
2493 994 2830 1049 ἐπισκιάσει
2857 1011 2955 1049 σοι
2973 1012 2986 1025 ·
3019 994 3112 1049 διὸ
3151 997 3247 1050 καὶ
3275 996 3340 1050 τὸ
3369 997 3774 1066 γεννώμενον

485 1097 770 1158 operatur,
829 1087 1036 1143 factum
1079 1098 1167 1145 est
1223 1089 1279 1143 in
1307 1089 1464 1143 vulva
1518 1088 1748 1160 virginis
1769 1102 1918 1149 caro,
1951 1103 2010 1142 no

2252 1107 2358 1152 τον,
2391 1088 2757 1155 κληθήσεται
2785 1089 2914 1155 Υἱὸς
2930 1088 3095 1143 Θεοῦ.
3127 1090 3234 1143 Καὶ
3262 1088 3449 1143 πάλιν
3469 1091 3603 1158 μεθ’
3626 1089 3777 1144 ἓτε-

483 1195 652 1251 egens
675 1181 776 1235 viri
803 1181 1122 1252 operatione
1151 1188 1245 1235 aut
1295 1181 1604 1250 praesentia.
1663 1179 1796 1234 Viro
1817 1180 1960 1235 enim
1988 1195 2008 1235 ε

2252 1183 2337 1236 ’Ὀ
2368 1182 2426 1236 δὲ
2458 1181 2589 1246 Θεὸς
2616 1181 2784 1252 Λόγος
2803 1182 2953 1251 παρὰ
2984 1181 3081 1253 τὴν
3107 1182 3294 1254 ἀνδρὸς
3322 1183 3614 1245 ἀπουσίαν,
3649 1199 3771 1235 κα-

486 1270 710 1328 ﬁcacior
740 1271 844 1326 fuit
898 1271 993 1327 Dei
1022 1273 1201 1328 virtus
1234 1273 1559 1328 inumbrans
1609 1273 1829 1345 virgini,
1870 1287 2011 1344 supe;

2283 1271 2534 1343 βούλησιν
2582 1269 2676 1324 τοῦ
2724 1271 2902 1324 πάντα
2949 1271 3246 1342 δυναμένου
3299 1271 3781 1344 κατεργάσασθαι

485 1363 741 1420 veniente
778 1365 942 1420 etiam
971 1367 1133 1421 simul
1167 1364 1372 1435 Spiritu
1397 1374 1612 1421 sancto.

2252 1365 2326 1430 αὖ,
2360 1366 2582 1435 γέγονεν
2625 1366 2683 1419 ἐν
2719 1366 2901 1436 μήτρᾳ
2944 1366 3044 1436 τῆς
3088 1365 3364 1438 Παρθένου
3411 1364 3572 1437 σὰρξ,
3612 1364 3777 1437 μήτι

487 1451 702 1527 δεηθεὶς
751 1455 852 1526 τῆς
895 1449 1088 1529 ἀνδρὸς
1115 1456 1453 1528 ἐνεργείαςῆ
1489 1456 2242 1530 παρουσίας.Ἐνεργέστερον
2285 1457 2391 1530 γὰρ
2430 1456 2523 1510 τοῦ
2561 1455 2754 1529 ἀνδρὸς
2778 1457 3091 1528 ἐνεποίησεν
3154 1460 3188 1530 ἡ
3234 1458 3327 1513 τοῦ
3380 1458 3519 1515 Θεοῦ
3590 1455 3778 1512 δύνα-

493 1563 608 1618 μις,
641 1546 1008 1601 ὲπισκιάσασα
1057 1550 1123 1619 τῇ
1181 1548 1442 1620 Παρθένῳ
1484 1548 1581 1602 σὺν
1623 1547 1702 1618 τῷ
1730 1547 2080 1619 ὲπεληλυθότι
2111 1548 2250 1618 ἁγίῳ
2279 1546 2574 1618 Πνεῦματι.

1173 1835 1234 1895 S.
1265 1832 1504 1894 PETRI
1549 1829 1908 1894 EPISCOPI
1948 1831 2498 1893 ALEXANDRUE
2533 1833 2634 1894 ET
2665 1832 3083 1896 MARTYRIS

1380 1999 1473 2058 Ex
1505 1995 1771 2059 homilia
1799 1998 1891 2061 De
1927 1997 2215 2059 adventu
2243 1997 2585 2062 Salvatoris
2621 1999 2845 2061 nostri.

2104 2164 2149 2220 l.

619 2277 784 2341 (Apud
807 2279 1066 2328 Leontium
1092 2278 1428 2338 Byzantinum,
1464 2276 1548 2324 lib.
1580 2289 1592 2320 ι
1615 2282 1784 2324 contra
1801 2279 1992 2328 Nestor.
2021 2285 2067 2328 et
2093 2251 2314 2344 Eutych,
2340 2289 2457 2331 tom.
2490 2283 2509 2332 Ι
2556 2281 2699 2333 Thes.
2725 2281 2908 2344 Canis,
2929 2298 3037 2348 pag.
3066 2281 3176 2336 550.
3197 2309 3260 2320 —
3280 2282 3354 2334 Ex
3378 2279 3639 2346 Galland.)

565 2383 644 2456 (ι)
688 2384 752 2439 Et
782 2383 934 2439 Iudae
971 2383 1107 2439 dixit
1137 2386 1179 2418 ⁸⁸
1215 2405 1227 2440 :
1269 2382 1465 2440 Oscula
1518 2383 1721 2438 Filium
1770 2381 1866 2435 DEI
1906 2386 2116 2444 tradis?
2165 2386 2292 2445 11ωο
2318 2398 2373 2446 et
2403 2390 2488 2446 his
2537 2390 2772 2457 similia,
2821 2399 2875 2448 et
2915 2394 3069 2465 signa
3122 2393 3304 2449 omnia
3343 2405 3465 2463 quae
3512 2387 3654 2445 fecit
3708 2399 3767 2445 et

493 2481 728 2537 virtutes
749 2479 1128 2535 demonstrant
1155 2493 1276 2532 esse
1301 2493 1425 2533 eum
1461 2476 1628 2532 Deum
1691 2476 1896 2532 factum
1950 2479 2245 2536 hominem.
2292 2481 2531 2556 Utraque
2560 2486 2742 2558 itaque
2795 2486 3276 2552 demonstrantur,
3341 2492 3398 2539 et
3447 2481 3608 2556 quod
3643 2491 3769 2537 erat

498 2575 643 2633 Deus
675 2582 891 2640 natura,
919 2583 974 2628 et
1007 2571 1151 2643 quod
1184 2571 1285 2626 fuit
1309 2573 1472 2627 homo
1501 2579 1717 2628 natura.

2095 2787 2157 2842 ll.

634 2938 910 2993 ΠΕΤΡΟΥ
947 2938 1319 2994 ΜΑΡΤΥΡΟΣ
1353 2940 1545 2994 ΠΑΠΑ
1566 2940 2080 2996 ΑΛΕΞΑΝΔΡΕΙΑΣ
2107 2942 2199 2995 ΕΚ
2220 2941 2357 2997 ΤΟΥ
2378 2940 2537 2994 ΠΕΡΙ
2571 2939 2707 2994 ΤΗΣ
2739 2921 3117 2994 ΕΠΙΔΗΜῙΔΣ
3153 2938 3291 2992 ΤΟΥ
3327 2936 3656 2992 ΧΡΙΣΤΟΥ.

928 3099 1022 3163 (Ex
1050 3097 1228 3149 Leonti
1256 3099 1720 3163 [lierosolymitano,
1769 3104 1943 3154 Contra
1969 3099 2348 3164 Monophysitas,
2380 3114 2457 3162 ap.
2488 3099 2600 3160 Mn,
2626 3095 2810 3162 Script.
2838 3103 2929 3148 vet.
2955 3103 2992 3147 t.
3027 3096 3130 3158 VII,
3158 3109 3207 3159 p.
3235 3094 3344 3145 ιδι.

564 3229 641 3288 Τδ
667 3232 1076 3304 συναμφότερον
1113 3232 1290 3287 τοίνυν
1327 3233 1620 3298 δείκνυται,
1642 3236 1723 3290 ὅτι
1763 3235 1894 3300 Θεὸς
1931 3230 1999 3307 ἦν
2023 3232 2201 3303 φύσει,
2230 3236 2322 3290 καὶ
2349 3236 2568 3304 γέγονεν
2607 3233 2890 3306 ἄνθρωπος
2930 3233 3110 3303 φύσει.

509 3427 3756 3458 W

2871 3443 3304 3456 -ᾒ

1089 3551 1536 3640 ΠΕΤΡΟΥ
1599 3551 2268 3640 ΕΠΙΣΚΟΠΟΥ
2331 3543 3158 3640 ΑΛΕΞΑΝΔΡΕΙΑΣ

1853 3733 1975 3788 ΚΑΙ
2029 3733 2420 3789 ΜΑΡΤΥΡΟΣ.

576 3893 709 3950 Ὀτι
735 3894 1017 3963 ἀπλανῶς
1044 3892 1334 3962 ἔταξαν-οι
1363 3892 1605 3961 Ἑϐραῖοι
1637 3892 1751 3961 τὴν
1775 3892 1843 3946 ιδ’
1864 3892 1971 3947 τοῦ
1990 3899 2048 4017 c3
2060 3890 2254 3977 μηνὸς
2274 3889 2384 3960 τῆς
2408 3890 2677 3960 σελήνης
2703 3891 2814 3957 ἕως
2836 3889 2946 3959 τῆς
2971 3891 3253 3957 ἁλώσεως
3280 3889 3402 3946 τῶν
3435 3890 3701 3960 Ἱεροσο-

2051 3978 2237 4017 υιιων.

2051 3978 2237 4031 υμων.

1037 4207 1200 4298 EX
1271 4205 1666 4299 PETRO
1739 4205 2562 4296 ALEXANDRUE
2632 4203 3224 4298 EPISCOPO

1886 4399 1974 4455 ET
2013 4388 2370 4454 MARTYRE.

572 4555 734 4620 Daca
775 4555 913 4628 quod
933 4556 1193 4618 decimam
1238 4567 1488 4631 quartam
1513 4560 1675 4628 primi
1703 4562 1894 4614 mensis
1930 4560 2070 4683 long
2099 4577 2260 4684 ἴδσιςε
2296 4561 2364 4614 ad
2392 4558 2878 4634 Hierosolymorum
2919 4555 3182 4610 excidium
3215 4564 3352 4611 recte
3395 4556 3690 4611 statuerint

2069 4648 2094 4684 e
2133 4648 2244 4684 m1.
2280 4653 2297 4662 ··

2069 4648 2244 4685 cortu.
2280 4653 2297 4662 “’

1916 4785 2080 4852 (Apud
2105 4785 2349 4847 Galland.)

1333 5008 1412 5062 Ex
1440 5009 1715 5064 Chronico
1744 5007 1996 5067 Paschal.
2019 5023 2143 5081 pag.
2181 5012 2204 5064 l
2241 5025 2379 5079 seqq.
2404 5006 2530 5060 edit.
2575 5003 2750 5059 Venet.
2777 5000 2939 5056 1729.

581 5129 626 5184 1.
655 5126 1108 5199 Quandoquidem
1139 5141 1334 5197 magna
1363 5136 1449 5183 est
1494 5127 1694 5197 ubique
1729 5125 1822 5182 Dei
1864 5129 2080 5184 miseri-

2253 5128 2295 5182 Ι.
2349 5126 2435 5188 Ὠς
2476 5164 2490 5178 .
2515 5164 2528 5178 .
2555 5163 2568 5176 .
2606 5121 2747 5193 μέγα
2779 5119 2924 5183 ἕλεος
2947 5115 3040 5171 τοῦ
3066 5116 3201 5171 Θεεοῦ⁹
3230 5121 3287 5172 ἐν
3316 5135 3429 5172 παν
3465 5156 3481 5171 .
3509 5156 3524 5172 .
3551 5156 3567 5173 .
3603 5119 3754 5188 enixa-

512 5219 720 5283 cordia,
749 5219 897 5274 hunc
927 5221 1336 5284 benedicamus,
1367 5228 1421 5276 ct
1467 5222 1612 5290 quod
1644 5221 1905 5292 Spiritum
1942 5239 2037 5278 ver

2230 5216 2372 5271 ιστοῦ
2382 5232 2479 5287 μεν
2497 5213 2664 5284 αὐτῷ,
2687 5214 2779 5267 καὶ
2809 5212 2890 5265 ὅτι
2914 5209 2975 5262 τὸ
3001 5209 3215 5280 πνεῦμα
3231 5208 3333 5276 τῆς
3350 5206 3612 5279 ἀληθείας
3631 5222 3752 5262 κατ-

518 5307 646 5361 tatis
674 5309 831 5364 nobis
858 5309 1100 5375 miserit,
1141 5309 1416 5365 deducens
1445 5325 1545 5366 nos
1575 5309 1630 5363 in
1677 5325 1894 5365 omnem
1930 5313 2043 5367 veri

2231 5309 2427 5382 τεμψεν
2481 5309 2630 5378 ἡμῖν,
2662 5305 2930 5376 tam“;
2959 5305 3106 5374 ἡμᾶς
3137 5304 3216 5365 εἰς
3244 5299 3343 5372 τὴν
3370 5301 3636 5374 ἀλήθειαν
3659 5299 3756 5354 πᾶα

589 5419 610 5450 ⁸
641 5418 769 5475 Luc.
803 5437 843 5489 ι,
867 5421 958 5478 28.
1031 5420 1052 5452 ’
1081 5422 1209 5478 ibid.
1248 5423 1337 5478 '55.
1389 5419 1742 5489 ’°Luc.xxn,
1778 5425 1869 5480 48.

593 5543 848 5664 (ἓῗέινὶὐ.
878 5546 1135 5632 ϐτοιριιιη
1160 5548 1215 5602 in
1244 5548 1485 5602 adnotat.
1522 5549 1590 5603 ad
1612 5547 1678 5606 (ἱ.
1705 5547 1842 5603 Bulli
1866 5548 2080 5620 Defem.

565 5612 619 5664 ἁ.
712 5631 778 5664 ιε.
805 5631 930 5664 nan.
968 5617 992 5664 1
1013 5621 1090 5664 r2.

1330 5555 1485 5602 iotat.
1522 5549 1590 5603 ad
1612 5547 1678 5606 (ἱ.
1705 5547 1842 5603 Bulli
1866 5548 2080 5620 Defem.
2194 5552 2411 5611 gmento
2435 5557 2494 5595 ιι.
2753 5607 2766 5622 ,
2835 5604 2855 5623 τ

2265 5615 2376 5664 (27)
2413 5610 2631 5664 Εἰπὼν.
2667 5609 2777 5663 Και
2806 5625 2854 5661 ει

525 5613 619 5684 ﬁci.
657 5613 778 5686 Nic.
805 5631 930 5685 pag.
968 5617 1090 5670 172.
1948 5613 1958 5620 ’

597 5681 709 5753 (‘26)
745 5683 824 5752 Δὴ
866 5687 1014 5742 τότε.
1057 5684 1180 5757 Leg.
1216 5685 1475 5758 δηλονότι,
1512 5694 1572 5744 ut
1606 5689 1660 5744 in
1701 5689 1948 5761 subjecto
1971 5690 2050 5747 fra

2265 5615 2376 5683 (27)
2413 5613 2631 5666 Εἰπὼν.
2667 5613 2777 5663 Καὶ
2806 5613 2946 5666 εἰπε.

2259 5684 2370 5756 (28)
2405 5683 2759 5754 Γενόμενον.
2799 5676 2974 5736 Scrib.
3001 5673 3362 5750 γεννώμενον,
3385 5685 3446 5733 ut
3471 5675 3637 5736 infra.
