3862 6158
117 277 240 333 515

1584 283 1670 334 ιιι
1680 284 2029 337 AGMILNIA.

3285 290 3388 344 δη

112 401 248 440 σαν.
296 387 398 442 Διὰ
440 392 551 462 γὰρ
582 388 742 452 τοῦτο,
775 391 868 443 καὶ
895 389 924 441 ὁ
950 391 1436 463 νενομοθετημένος
1471 391 1576 464 μὴν
1604 392 1703 446 τῶν

1816 400 2001 447 tatem.
2035 392 2160 448 ideo
2181 394 2380 464 quippe
2406 395 2611 450 mensis
2635 409 2902 450 novorum
2927 411 2957 450 a
2980 396 3097 468 lege
3125 397 3387 456 inductus

113 479 264 534 νέων
292 480 436 552 ἀρχὴ
467 481 673 552 μηνῶν,
717 483 809 535 καὶ
838 481 1051 553 πρῶτος
1080 485 1138 537 ὲν
1164 485 1276 546 τοῖς
1313 484 1447 554 μησὶ
1474 482 1567 536 τοῦ
1598 485 1705 537 ὲνι-

111 571 295 626 αυτοῦ
341 573 647 646 ἐγνωρίσθη
681 575 808 645 ἡμῖν
827 591 841 603 ·
874 575 969 629 καὶ
1001 573 1105 628 ὑπὸ
1149 574 1256 628 τῶν
1297 575 1542 629 παλαιῶν
1576 592 1707 644 συγ-

113 666 389 735 γραφέων
420 668 528 720 τῶν
549 667 654 739 πρὸ
677 668 774 740 τῆς
795 667 1048 732 ἁλώσεως
1078 669 1177 738 τῆς
1221 668 1595 742 Ἰερουσαλὴμ,
1616 671 1708 723 καὶ

111 755 234 809 ὑπὸ
264 755 376 810 τῶν
408 756 546 811 νέων
589 757 699 811 τῶν
747 757 882 829 μετὰ
903 758 1002 830 τὴν
1034 758 1231 812 ἅλωσιν
1269 759 1483 832 ἐδείχθη
1523 760 1708 833 ὁροθε-

112 848 250 902 σίαν
281 851 430 918 ἔχειν
457 849 936 923 είλικρινεστάτην,
971 851 1066 905 καὶ
1094 855 1600 926 καταφανεστάτην,
1623 853 1708 908 διὰ

109 940 179 992 τὸ
215 940 459 1010 μάλιστα
498 941 607 995 ἔσθ’
641 943 728 996 ὅτε
774 944 871 1013 μὲν
901 943 969 996 τὰ
1010 944 1104 997 νέα
1136 944 1193 998 ἓν
1223 961 1332 998 τισι
1360 946 1544 1010 τόποις
1573 963 1706 1018 προ-

114 1031 433 1102 λαμϐάνειν
450 1072 466 1096 ,
493 1033 600 1087 ἐσθ’
632 1035 720 1088 ὅτε
741 1033 796 1087 δὲ
827 1036 1070 1107 ὑστερεῖν
1096 1036 1157 1089 τὸ
1187 1038 1317 1091 ποτὲ
1347 1036 1589 1109 πρώϊμα,
1614 1056 1708 1091 τιο-

111 1125 177 1176 τὲ
233 1124 411 1195 δψιμα
457 1125 740 1193 γενέσθαι·
799 1127 1080 1198 ώσπεροῦν
1125 1130 1218 1182 καὶ
1262 1131 1378 1184 κατ’
1410 1129 1574 1201 αὐτὴν
1611 1131 1707 1202 τὴν

111 1218 302 1288 ἀρχὴν
322 1218 428 1287 τῆς
449 1219 556 1289 πρὸ
583 1219 676 1272 τοῦ
704 1220 897 1290 Πάσχα
923 1220 1243 1291 νομοθεσίας
1269 1223 1497 1291 ἐγίνετο,
1526 1223 1707 1289 καθὼς

110 1309 471 1380 γέγραπται·
506 1311 559 1363 '0
588 1309 655 1364 δὲ
681 1311 870 1379 πιιρός
897 1312 996 1365 καὶ
1028 1314 1066 1381 ἡ
1097 1313 1285 1382 ὄλυρα
1313 1317 1423 1368 οὐκ
1449 1314 1703 1386 ἐπλήγη,

111 1403 314 1471 εψιμα
346 1402 457 1471 γὰρ
500 1398 764 1474 ἧν.Ὄθεν
791 1403 970 1468 καλῶς
1001 1406 1418 1478 νενομοθέτηται
1454 1399 1563 1460 ἀπὸ
1609 1408 1706 1478 τῆς

111 1493 349 1565 ἐαρινῆς
379 1495 684 1567 ἰσημερίας,
712 1497 790 1560 είς
818 1496 1008 1550 ὁποίαν
1037 1496 1082 1548 δ’
1108 1497 1172 1551 ἂν
1196 1498 1464 1569 ἑϐδομάδα
1491 1500 1706 1573 ἐμπέσῃ

114 1585 151 1652 ἡ
181 1585 814 1656 τεσσαρεσκαιδεκαταία
853 1585 946 1639 τοῦ
986 1585 1201 1658 πρώτου
1238 1589 1423 1658 μηνὸς,
1455 1591 1512 1642 ὲν
1570 1589 1704 1661 αὐτῇ

112 1677 401 1731 ἐπιτελεῖν
432 1677 494 1730 τὸ
523 1677 733 1748 Πάσχα,
769 1679 904 1750 μετὰ
936 1679 1029 1733 τοῦ
1075 1681 1168 1738 καὶ
1207 1680 1456 1752 ἐγκώμια
1489 1699 1707 1752 πρεπω-

1812 484 2078 539 mensium
2105 485 2426 550 exordium,
2463 500 2527 540 ac
2571 487 2780 556 primus
2806 487 2950 542 inter
2995 487 3124 542 anni
3169 505 3386 546 menses

1811 574 1970 631 nobis
1998 584 2164 630 notus
2195 574 2373 631 factus
2398 584 2482 631 est
2510 594 2522 630 :
2554 585 2608 632 et
2641 578 2710 631 ab
2749 578 2990 648 antiquis
3025 578 3386 648 scriptoribus

1810 665 1903 735 qui
1933 673 2079 729 ante,
2105 673 2159 721 et
2187 680 2216 720 a
2247 667 2643 736 posterioribus
2684 667 2777 738 qui
2808 678 2928 738 post
2966 656 3384 740 Hierosolymo-

1810 772 1931 811 rum
1955 756 2226 813 excidium
2260 758 2444 812 vixere
2466 799 2480 823 ,
2516 760 2954 814 sincerissimum
2989 775 3053 814 ac
3083 759 3384 815 evidentiso

1810 849 2009 903 simum
2037 849 2240 904 habere
2272 850 2563 904 terminum
2598 850 3031 906 demonstratum
3073 859 3157 906 est
3191 870 3205 906 :
3238 867 3381 922 prat-

1809 940 2032 1004 scrtim,
2076 940 2219 1010 quod
2249 956 2388 994 nova
2430 940 2701 996 interdum
2751 943 3078 1012 quibusdam
3128 944 3184 997 in
3245 942 3384 999 locis

1809 1033 2057 1104 praeverti
2111 1051 2124 1087 :
2178 1033 2451 1088 interdum
2486 1035 2652 1088 etiam
2703 1035 2886 1096 refici,
2939 1037 3021 1090 vel
3054 1037 3234 1091 serius
3265 1036 3382 1090 ﬁeri

1808 1125 2075 1195 prtecocia
2117 1127 2434 1196 contingat,
2486 1127 2759 1195 quomodo
2803 1135 2921 1182 erat
2962 1127 3017 1181 in
3076 1127 3198 1199 ipso
3254 1137 3383 1184 ante

1807 1216 2019 1272 Pascha
2070 1217 2432 1287 legislationis
2491 1217 2648 1272 initio
2685 1237 2697 1272 :
2729 1219 2883 1288 juxta
2930 1220 3072 1289 quod
3110 1221 3380 1292 scriptum

1807 1317 1892 1364 est
1917 1309 1974 1364 ιτ
2012 1308 2271 1363 Triticum
2314 1319 2487 1363 autent
2529 1319 2578 1363 et
2613 1310 2702 1378 far
2733 1328 2836 1364 non
2885 1307 3015 1364 sunt
3046 1313 3206 1373 (rasa.
3253 1314 3382 1383 quia

1807 1403 2039 1456 serotina
2075 1412 2246 1456 erant.
2308 1401 2464 1458 Unde
2494 1411 2641 1457 recte
2664 1419 2694 1457 a
2727 1405 2842 1474 lege
2874 1407 3248 1475 praescriptum
3271 1414 3378 1468 est,

1809 1503 1914 1547 uta
1938 1508 2106 1547 verno
2121 1494 2470 1562 :equinoctio,
2497 1498 2549 1550 in
2576 1512 2958 1566 quamcunque
2988 1496 3378 1551 hebdomadcm

1809 1583 2016 1640 incidat
2066 1585 2474 1657 decitnaquarta
2510 1587 2672 1659 priuzi
2709 1588 2934 1650 mensis,
2968 1590 3022 1642 in
3055 1589 3146 1642 illa
3171 1587 3380 1645 Pascha

1810 1685 2023 1746 agatur,
2055 1680 2288 1748 sumplis
2317 1680 2472 1748 prius
2505 1679 2573 1734 ad
2606 1679 2739 1734 illud
2764 1681 3150 1736 celebrandum
3180 1682 3382 1738 decen-

111 1768 359 1824 δέστατα
388 1771 481 1824 καὶ⁵
506 1771 954 1843 ἁρμοστικώτατα
997 1774 1077 1836 είς
1105 1773 1262 1827 τοῦτο
1297 1773 1703 1846 παρειληφέναι.

1813 1767 1958 1823 tibus
1993 1783 2056 1823 ac
2087 1771 2470 1825 consentaneis
2493 1772 2778 1826 encomiis.
2828 1771 3038 1826 Primus
3067 1774 3206 1826 enim
3232 1813 3248 1836 ,
3290 1774 3379 1828 in-

109 1860 367 1928 Πρῶτος
408 1861 539 1932 γὰρ,
569 1864 752 1935 φησιν,
781 1859 957 1930 οὗτος
977 1864 1102 1934 μὴν
1130 1864 1272 1935 ὑμῖν
1301 1905 1314 1918 .
1343 1907 1355 1918 .
1384 1906 1397 1919 .
1432 1867 1531 1920 καί
1551 1866 1706 1936 ἀρχὴ

108 1953 333 2024 μηνῶν
353 1955 426 2008 ἐν
455 1955 580 2022 τοῖς
594 1957 786 2026 μησίν
803 1957 908 2012 τοῦ
929 1957 1206 2012 ἐνιαυτοῦ
1228 1957 1548 2028 γέγραπται
1567 1977 1580 1989 ·
1619 1959 1706 2012 ὅτε

113 2047 146 2099 ὁ
184 2045 288 2116 μὲν
320 2047 475 2117 ἥλιος
506 2049 562 2100 ἐν
595 2049 740 2118 θέρει
773 2049 1060 2120 γενόμενος
1086 2050 1155 2104 τὰ
1183 2051 1336 2121 φῶτα
1370 2051 1585 2105 πλείονα
1615 2053 1706 2105 καὶ

113 2132 488 2206 λαμπρότερα
508 2137 829 2192 ἀποδίδωσιν
848 2155 862 2170 ο
897 2141 930 2210 ἡ
953 2139 1009 2192 δὲ
1053 2141 1232 2213 ἡμέρα
1267 2143 1702 2214 ἐπεκτεινομένη,

118 2227 511 2296 μεγεθύνεται,
541 2228 640 2298 τῆς
669 2228 860 2294 νυκτὸς
900 2231 1367 2303 ὑποστελλομένης
1395 2234 1489 2286 καὶ
1528 2249 1706 2302 μειου-

118 2316 300 2388 μένης
319 2334 333 2347 ο
367 2317 438 2369 τὰ
461 2317 516 2370 δὲ
543 2318 638 2370 νέα
669 2317 962 2390 σπέρματα
1007 2320 1386 2392 ὲπανθήσαντα
1428 2320 1705 2374 διακαθαί-

1809 1859 1928 1930 quit
1967 1863 2010 1923 ³,
2061 1860 2146 1914 hic
2201 1863 2397 1916 mensis
2454 1861 2598 1917 robis
2647 1865 2964 1933 principium
3021 1865 3278 1920 mensium
3324 1867 3382 1920 in

1809 1950 2074 2006 mensibus
2103 1953 2230 2006 anni
2256 1954 2483 2021 scriptus
2521 1961 2642 2007 est:
2679 1969 2803 2008 cum
2835 1955 2915 2009 sol
2941 1955 3149 2011 scilicet
3190 1957 3382 2011 aestivo
3462 1992 3469 2004 .

1809 2052 2054 2114 tempore
2101 2045 2258 2114 plura
2301 2045 2460 2116 longe
2492 2046 2696 2100 lumina
2742 2056 2796 2101 et
2843 2048 3075 2102 clariora
3126 2049 3376 2103 emittit:

1807 2137 1924 2190 dies
1955 2152 2084 2190 vero
2113 2138 2458 2207 producitur,
2495 2138 2663 2208 [itque
2693 2139 2889 2208 major,
2942 2140 3071 2193 dum
3104 2155 3211 2194 nox
3245 2156 3382 2195 con-

1809 2213 2046 2284 trahitur
2066 2244 2131 2284 ac
2160 2231 2428 2284 minuitur
2460 2249 2474 2284 :
2509 2246 2652 2285 nova
2681 2245 2847 2300 porro
2879 2233 3087 2285 semina
3122 2247 3245 2286 cum
3282 2232 3381 2288 llo.

1807 2323 2047 2385 ruerint,
2117 2329 2552 2392 perpurgantur,
2606 2330 2661 2376 et
2713 2323 2780 2376 acl
2820 2337 2978 2377 areas
3033 2321 3373 2378 deferuntur.

119 2425 283 2479 ρεται
320 2409 405 2472 είς
448 2409 543 2472 τὰς
586 2409 796 2475 ἅλωνας
838 2404 1292 2488 συγκομιζόμενοι.
1322 2413 1396 2466 Οὐ
1430 2413 1537 2484 μὴν
1571 2413 1703 2467 ἀλλὰ

1808 2411 1987 2482 Neque
2015 2421 2197 2467 tamen
2231 2412 2335 2466 ista
2382 2411 2666 2475 duntaxat,
2695 2410 2788 2464 sed
2817 2421 2871 2464 et
2911 2414 3162 2466 universa
3198 2415 3379 2482 pullu-

113 2502 215 2552 καὶ
250 2499 435 2552 πάντα
470 2498 540 2552 τά
586 2500 857 2574 ἀκρόδρυα
900 2502 1183 2572 βλαστάνει
1218 2505 1309 2556 καὶ
1336 2504 1557 2558 ἐπανθεῖ
1581 2506 1703 2558 ἐπι-

117 2591 318 2662 χωρῆσ
354 2631 368 2644 .
398 2631 412 2644 .
437 2630 450 2643 .
482 2593 813 2662 ἐπαγόμενα.
841 2593 1060 2658 Εὐθέως
1085 2593 1215 2663 γοῦν
1260 2595 1706 2668 ἐπικαταλαμϐά-

115 2699 310 2736 νσνται
363 2682 422 2735 ὲν
453 2682 773 2754 παραλλαγῇ
812 2683 1078 2755 διαφόρων
1127 2685 1221 2739 καὶ
1268 2687 1524 2740 ποικίλων
1566 2705 1703 2759 καρ-

113 2777 242 2830 πῶν
263 2792 278 2806 ’
314 2776 395 2839 ῶς
434 2777 526 2830 καὶ
570 2778 842 2848 σταφυλήν
869 2795 996 2832 ποτε
1023 2779 1366 2850 εὑρίσκεσθαι
1395 2784 1515 2835 κατ’
1543 2782 1704 2834 αὐτὸν

110 2868 211 2918 τὸν
259 2867 473 2938 καιρὸν,
509 2866 691 2931 καθὼς
735 2868 828 2922 καὶ
871 2870 900 2921 ό
945 2869 1240 2943 νομοθέτης
1287 2872 1452 2942 φησὶ,
1499 2873 1608 2926 Καὶ
1644 2876 1703 2927 at

112 2959 347 3029 ἡμέραι
396 2959 590 3028 ἔαρος,
638 2962 960 3032 πρόδρομοι
1001 2963 1341 3033 σταφυλῆς,
1393 2965 1556 3036 ἡνίκα
1596 2968 1702 3019 ἀπ-

121 3050 345 3103 έστειλε
378 3051 502 3115 τοὺς
531 3053 1066 3118 κατασκοπεύσοντας
1095 3055 1192 3126 τὴν
1208 3055 1328 3126 γῆν,
1345 3057 1580 3128 ἤνεγκαν
1611 3057 1702 3112 τὸν

117 3142 306 3214 μέγαν
341 3141 533 3215 βότρυν
573 3146 630 3200 ὲν
665 3146 1012 3218 ἀναφορεῦσι,
1047 3148 1138 3202 καὶ
1175 3149 1282 3202 ἀπὸ
1309 3126 1417 3203 τῶν
1448 3150 1585 3221 ῥοῶν
1612 3151 1704 3204 καὶ
1731 3126 1772 3181 C

111 3232 234 3286 ἀπὺ
279 3233 392 3288 τῶν
437 3234 632 3288 συκῶν.
662 3236 793 3290 Τότε
831 3236 960 3308 γάρ,
989 3237 1064 3302 ῶς
1104 3255 1256 3306 φασι,
1284 3239 1378 3292 καὶ
1417 3242 1446 3292 ὁ
1484 3240 1705 3310 κτίστης

115 3328 217 3380 καὶ
265 3329 296 3380 ό
341 3327 670 3398 δημιουργὸς
697 3328 805 3382 τῶν
846 3330 1100 3383 ἁπάντων
1125 3331 1256 3392 θεὸς
1282 3329 1436 3400 ήμῶν
1469 3329 1701 3394 αἰώνιος,

115 3420 186 3474 τὰ
227 3421 410 3474 πάντα
443 3422 827 3492 συνεστήσατο,
858 3424 938 3486 εἰς
966 3421 1108 3495 άπερ
1137 3422 1409 3488 κατέλεξε·
1438 3426 1704 3492 Βλαστη-

116 3513 292 3566 σάτω
319 3512 357 3580 ἠ
387 3511 463 3581 γῆ
482 3512 755 3582 βοτάνην
783 3514 1020 3582 χόρτου,
1060 3515 1309 3583 σπεῖρον
1334 3517 1570 3584 σπέρμα
1595 3533 1702 3569 κα-

115 3601 192 3656 τὰ
219 3603 403 3672 γένος
440 3601 539 3655 καὶ
566 3603 692 3656 καθ’
717 3605 1050 3672 ὁμοιότητα,
1075 3605 1169 3658 καὶ
1199 3605 1388 3669 ξύλον
1412 3603 1706 3674 κάρπιμον

116 3691 346 3746 ποιοῦν
371 3692 621 3760 καρπὸν,
647 3689 719 3749 οὗ
762 3693 828 3748 τὸ
869 3697 1106 3764 σπέρμα
1143 3696 1326 3750 αὐτοῦ
1354 3697 1504 3751 κατὰ
1533 3695 1705 3767 γένος

113 3784 219 3837 ἐπὶ
251 3781 366 3851 τῆς
385 3782 518 3852 γῆς.
563 3785 671 3838 Καὶ
697 3786 1017 3857 ἐπήνεγκεν,
1048 3787 1149 3851 ὅτι,
1184 3787 1292 3841 Καὶ
1331 3787 1567 3857 ἐγένετο
1607 3787 1706 3842 οὗ·

115 3893 220 3931 τω.
256 3877 370 3930 Καὶ
406 3875 552 3947 μάλα
586 3876 763 3941 καλῶς
796 3877 888 3932 καὶ
928 3878 1151 3942 δικαίως
1186 3878 1409 3948 ἐξέφανε
1451 3877 1541 3930 τὸν
1576 3879 1703 3949 παρ’

129 3967 414 4038 Ἑϐραίοις
452 3969 878 4040 νομοθετηθέντα
912 3969 1127 4040 πρῶτον
1159 3971 1303 4041 μῆνα
1327 3989 1340 4001 ’
1369 3971 1426 4024 ὃν
1460 3971 1703 4041 ἔγνωμεν

113 4058 545 4130 πεφυλαγμένον
596 4060 746 4131 παρὰ
794 4060 1060 4125 Ἰουδαίοις
1105 4063 1268 4133 μέχρι
1310 4063 1408 4133 τῆς
1453 4063 1704 4127 ἁλώσεως

126 4150 514 4224 Ἰερουσαλὴμ,
546 4151 634 4206 διά
678 4153 739 4204 τὸ
785 4152 1018 4223 μάλιστα
1057 4153 1324 4221 Ἑϐραίοις
1347 4153 1486 4207 οὕτω
1527 4173 1705 4228 παρα-

111 4243 452 4297 δεδωκέναιο
503 4242 640 4314 μετὰ
691 4242 748 4296 δὲ
793 4246 889 4315 τὴν
925 4245 1122 4299 ἅλωσιν
1160 4246 1522 4318 λεληρημένον
1564 4248 1704 4301 κατά

113 4351 247 4388 τινα
285 4334 382 4387 καὶ
412 4334 472 4386 ὲν
506 4334 680 4406 τούτῳ
706 4332 958 4406 πώρωσιν
977 4352 991 4366 ο
1023 4336 1190 4407 ὅνπερ
1230 4338 1390 4407 ἡμεῖς
1429 4335 1703 4407 ὲνθέσμως

117 4426 223 4478 καὶ.
269 4423 575 4494 εἰλικρινῶς
625 4426 1006 4498 ἐπιτηροῦντες
1060 4426 1454 4499 παρελάϐομεν.
1491 4429 1598 4482 Καὶ
1645 4429 1701 4480 ὲν
1737 4467 1779 4522 D

115 4517 304 4588 τούτῳ
342 4515 486 4570 κατὰ
515 4557 531 4571 .
559 4557 574 4572 .
602 4558 615 4572 .
645 4519 827 4590 ῥητὸν,
850 4519 1023 4588 λέγων
1053 4559 1070 4575 .
1097 4561 1110 4574 .
1141 4561 1154 4574 .
1182 4520 1466 4593 διξομένην
1493 4525 1573 4586 εἰς
1602 4563 1615 4576 .
1644 4563 1657 4576 .
1685 4562 1699 4575 .

114 4626 180 4664 ον
209 4609 430 4681 ἡμέραν
468 4609 569 4680 τῆς
607 4611 764 4680 ἁγίας
802 4612 993 4684 ἑορτῆς
1032 4613 1205 4684 ἡμῶν,
1236 4614 1472 4685 ἦνπερὴ
1504 4615 1700 4683 ἐκλογὴ

112 4701 392 4772 ἐπέτυχεν
413 4719 427 4732 ·
460 4703 511 4756 οἱ
550 4700 608 4754 δὲ
647 4701 822 4756 λοιποὶ
853 4703 1244 4776 ἐπωρώθησαν,
1281 4703 1462 4769 καθὼς
1487 4702 1636 4759 εἶπεν
1663 4708 1696 4759 it

117 4794 160 4848 Γ
166 4795 344 4866 ραφή.
375 4794 485 4850 Καὶ
509 4796 639 4865 μεθ’
667 4796 861 4865 ἔτερα·

194 4909 262 4962 Π.
309 4907 420 4960 Καὶ
451 4907 622 4961 ταῦτα
651 4909 762 4980 γάρ
797 4922 958 4978 φησι⁸
996 4906 1199 4961 Πάντα
1222 4906 1588 4976 ποιήσουσιν
1615 4910 1693 4973 εις,

117 5001 282 5072 ὑμᾶς
301 5017 315 5032 ·
364 5001 454 5053 ὅτι
495 5003 606 5055 οὐκ
645 5002 921 5071 ἔγνωσαν
952 5000 1060 5054 τὸν
1092 5000 1410 5070 πέμψαντά
1433 5018 1528 5069 με.
1557 5001 1620 5052 Ei
1647 5000 1702 5054 δὲ

119 5095 217 5147 τὸν
271 5091 585 5162 πέμψαντα,
625 5095 717 5147 κα)⁸
765 5093 856 5146 τδν
905 5093 1223 5162 πεμφθέντα
1266 5092 1556 5162 ἠγνόησαν,
1606 5092 1704 5144 οὐκ

119 5187 273 5240 εστιν
297 5184 678 5257 ἀμφιϐάλλειν,
706 5187 787 5239 ὅτι
815 5185 910 5239 καὶ
930 5186 1028 5256 τῆς
1054 5185 1369 5256 νομοθεσίας
1390 5183 1484 5238 τοῦ
1513 5183 1702 5252 Πάσχα

120 5276 221 5346 τὴν
261 5276 540 5344 ἀγνωσίαν
585 5274 811 5346 Εσχοσαν
831 5293 842 5306 ·
872 5275 949 5340 ὡς
987 5275 1060 5345 μὴ
1101 5276 1259 5345 μόνον
1289 5275 1387 5344 τῆς
1413 5275 1529 5327 κατ’
1553 5273 1705 5326 ἐκλο-

120 5367 230 5436 γὴν
272 5367 592 5431 τοποθεσίας
636 5370 908 5428 ἐκπεσεῖν,
952 5367 1086 5420 ἀλλὰ
1136 5369 1227 5420 καὶ
1255 5367 1353 5435 τῆς
1385 5366 1558 5436 ἀρχῆς
1598 5364 1704 5418 τῶν

122 5456 319 5525 μηνῶν
350 5456 445 5510 τοῦ
475 5455 689 5526 πρώτου
718 5458 775 5509 ὲν
801 5459 911 5518 τοῖς
946 5455 1078 5526 μησὶ
1107 5455 1198 5507 τοῦ
1226 5454 1492 5516 ἐνιαυτοῦ,
1515 5450 1575 5508 οὗ
1607 5455 1702 5524 τὴν

126 5547 778 5619 τεσσαρεσκαιδεκαταίαν
797 5549 846 5600 οἱ
871 5547 1035 5602 πάλαι
1057 5545 1357 5620 εἰλικρινῶς
1382 5549 1538 5619 επιτη
1548 5545 1638 5617 pet?
1652 5564 1701 5599 )-

1799 2506 1915 2560 lant
1932 2505 2176 2569 arbusta,
2193 2513 2249 2558 et
2269 2503 2322 2557 in
2342 2501 2500 2558 ﬂores
2516 2503 2768 2558 evadunt.
2792 2501 2986 2556 Statim
3012 2503 3174 2571 igitur
3195 2506 3376 2559 varios

1806 2594 2158 2662 diversosque
2193 2594 2404 2649 fructus
2441 2592 2750 2648 alternatim
2797 2593 3044 2648 emittere
3076 2593 3379 2664 deprehen-

1805 2687 2040 2751 duntur;
2073 2687 2147 2739 ita
2182 2692 2242 2738 ut
2269 2685 2540 2740 interdum
2585 2684 2776 2739 botrus
2801 2724 2815 2748 ,
2863 2684 3135 2740 interdum
3166 2684 3378 2741 fructus

1807 2778 1946 2832 alius
1989 2793 2098 2830 uno
2126 2775 2426 2846 eodemque
2467 2785 2708 2846 tempore
2744 2777 3068 2845 reperiatur,
3115 2777 3379 2846 quemad-

1805 2869 2024 2924 modum
2062 2870 2137 2924 ait
2179 2869 2456 2939 legislator
2481 2868 2502 2899 ³
2533 2887 2546 2923 :
2581 2867 2652 2922 Et
2695 2867 2808 2923 dies
2845 2871 2980 2923 veris
3028 2884 3378 2938 praecursorcs

1806 2962 1976 3025 botri,
2035 2961 2257 3032 quando
2311 2961 2460 3017 misit
2516 2961 2610 3032 qui
2661 2961 3078 3032 specularentur
3137 2971 3376 3026 terram,

1807 3053 2109 3108 attulerunt
2139 3053 2413 3123 ingentem
2454 3052 2672 3106 botrum
2721 3053 2776 3106 in
2807 3053 3088 3116 vectibus,
3125 3052 3192 3108 de
3221 3053 3381 3109 malis

1807 3160 2024 3216 quoque
2040 3146 2280 3214 granatis
2299 3152 2354 3198 et
2397 3144 2465 3198 de
2492 3142 2877 3198 licubus.'1'um
2909 3144 3052 3198 enim
3095 3144 3172 3198 ait
3194 3144 3382 3199 condi-

1808 3247 1894 3291 tor
1927 3237 2420 3305 universorumque
2469 3233 2652 3304 opifex
2694 3232 2839 3290 Deus
2883 3242 3068 3289 noster
3103 3243 3378 3298 aeternus,

1805 3328 1990 3383 omnia
2033 3327 2245 3384 confert
2287 3327 2354 3380 ad
2403 3341 2464 3380 ea
2511 3341 2633 3396 quae
2671 3327 2878 3396 elegit:
2913 3324 3184 3380 Gerntinet
3237 3336 3382 3380 terra

1806 3417 2019 3472 herbam
2041 3421 2290 3472 virentem
2319 3428 2370 3471 et
2399 3417 2601 3486 faciens
2636 3433 2808 3470 semen
2837 3415 3001 3485 juxta
3027 3433 3188 3485 genus
3224 3433 3380 3471 suum

1805 3518 1852 3562 et
1880 3509 2281 3563 similitudinem
2305 3525 2478 3571 suam,
2504 3517 2552 3562 et
2583 3508 2780 3579 lignum
2813 3507 3147 3577 fructiferum
3180 3507 3381 3578 faciens

1807 3600 2074 3669 fructum,
2111 3600 2260 3669 cujus
2307 3617 2479 3654 semen
2521 3602 2574 3654 in
2606 3617 2660 3654 se
2692 3600 2805 3668 ipso
2836 3600 2904 3653 sit
2930 3616 3084 3668 super
3105 3609 3302 3654 terram
3334 3600 3378 3656 ⁵.

1806 3691 1946 3746 Tum
1989 3694 2174 3749 subdit
2211 3693 2273 3746 δε
2336 3691 2404 3744 Et
2460 3692 2662 3761 factum
2709 3700 2788 3746 est
2831 3692 2908 3744 ita
2934 3700 3024 3744 :et
3068 3691 3196 3746 vidit
3237 3691 3380 3746 Deus

1805 3785 1944 3856 quod
1970 3797 2103 3838 esset
2137 3785 2351 3840 bonum.
2378 3783 2520 3849 Quin
2551 3785 2712 3838 etiam
2742 3783 2982 3838 ostendit
3024 3783 3260 3854 primum
3287 3783 3380 3854 qui

1805 3877 1948 3948 apud
1998 3876 2254 3932 llebrtcos
2307 3877 2425 3946 lege
2463 3875 2718 3930 inductus
2762 3885 2846 3930 est
2891 3891 3165 3940 mensem,
3219 3892 3379 3946 quem

1806 3971 2154 4025 observatum
2217 3966 2388 4022 fuisse
2444 3983 2475 4020 a
2523 3965 2727 4021 Iudicis
2770 3967 3024 4022 novimus
3083 3983 3260 4038 usque
3312 3968 3379 4023 ad

1804 4063 2308 4137 Hierosolymorum
2363 4061 2674 4125 excidium',
2727 4061 2854 4130 quia
2909 4061 2963 4114 id
3014 4064 3248 4116 maxime
3301 4063 3382 4118 sic

1805 4155 2044 4213 Hebraeis
2083 4157 2340 4211 traditum
2390 4160 2492 4209 est.
2540 4155 2673 4208 Post
2729 4151 3002 4206 excidium
3049 4168 3183 4208 vero
3236 4152 3380 4208 idem

1805 4248 2041 4303 ludibrio
2071 4255 2155 4304 est
2176 4246 2395 4302 habitus
2423 4261 2488 4300 ex
2515 4243 2749 4316 quadam
2782 4243 2965 4299 cordis
2995 4243 3378 4310 obduratione,

1805 4355 1965 4409 quem
1993 4355 2095 4394 nos
2127 4341 2364 4411 legitime
2413 4353 2477 4393 ac
2532 4338 2748 4394 sincere
2783 4337 3143 4394 observantes
3176 4338 3381 4408 recepi.

1805 4446 1950 4494 mus,
1985 4439 2041 4486 et
2073 4433 2128 4486 in
2159 4431 2262 4486 hoc
2291 4431 2586 4500 juxta......
2607 4425 3212 4491 verbum,cumait......
3237 4427 3380 4481 diem

1809 4532 2011 4579 sanctae
2033 4522 2350 4578 festivitatis
2383 4531 2614 4586 nostrae,
2658 4537 2820 4592 quem
2851 4519 3048 4576 electio
3084 4525 3380 4574 consecuta

1809 4623 1894 4670 est
1914 4615 1935 4646 °
1955 4633 1968 4668 :
1993 4613 2175 4670 cmteri
2205 4630 2336 4668 vero
2353 4614 2710 4668 occaluerunt
2727 4655 2742 4680 ,
2766 4611 3227 4684 quemadmodum
3243 4610 3380 4665 dixit

1811 4705 2116 4776 Scriptura.
2152 4704 2220 4758 Et
2245 4715 2361 4774 post
2394 4705 2504 4758 alia
2536 4719 2554 4756 :

1876 4905 1943 4960 Π.
1975 4903 2101 4959 Haec
2135 4904 2334 4974 quippe
2363 4902 2439 4955 ait
2472 4920 2485 4956 :
2521 4901 2714 4956 Omnia
2744 4900 2936 4969 facient
2963 4900 3107 4953 vobis
3137 4899 3384 4970 (propter

1807 5015 1991 5053 nomen
2027 4996 2236 5066 meum)
2280 4997 2529 5064 quoniam
2571 5009 2673 5046 non
2717 5001 3062 5061 citguovet'unt
3102 4992 3190 5058 qui
3239 4993 3381 5046 misit

1809 5091 1952 5145 nte’.
1985 5089 2042 5144 Si
2075 5098 2252 5142 autem
2285 5096 2340 5142 et
2372 5101 2496 5140 eum
2519 5084 2612 5155 qui
2645 5084 2794 5138 misit
2815 5125 2830 5150 ,
2859 5091 2913 5136 et
2937 5083 3032 5152 qui
3069 5083 3272 5139 missus
3297 5093 3382 5139 cst

1807 5181 2154 5245 nescierunt,
2219 5177 2472 5233 dubitare
2521 5175 2665 5231 haud
2698 5177 2862 5241 licet;
2921 5175 3052 5244 quin
3106 5172 3316 5228 Pascha
3349 5190 3380 5228 a

1806 5274 1924 5342 lege
1965 5281 2295 5342 prteceptnm
2326 5269 2730 5340 ignoraverint,
2779 5275 2839 5322 ut
2884 5282 2993 5321 non
3035 5267 3089 5322 in
3133 5267 3241 5320 loci
3269 5267 3381 5320 cle-

1805 5365 1988 5416 ctionc
2019 5361 2322 5423 duntaxat,
2374 5361 2470 5414 sed
2505 5360 2668 5412 etiam
2708 5359 2763 5412 in
2798 5357 3002 5414 mensis
3045 5357 3138 5427 qui
3171 5357 3382 5429 primus

1803 5466 1886 5510 est
1922 5455 2065 5510 inter
2097 5454 2227 5507 anni
2286 5470 2504 5509 menses
2528 5495 2542 5521 ,
2578 5453 2807 5510 exordio
2839 5452 3174 5516 erraverint,
3223 5451 3380 5508 cuius

1805 5546 2018 5600 decima
2042 5555 2236 5616 quarta
2258 5547 2469 5602 sincere
2497 5547 2806 5609 observata,
2839 5553 2962 5615 post
2989 5546 3306 5616 aequinoct't

111 5786 120 5802 ,
205 5723 415 5784 ‘Exod.
450 5726 642 5797 11,52.
719 5729 738 5761 ²
763 5726 936 5784 Exod.
964 5727 1136 5797 xu,2.
1205 5724 1415 5802 {Num
1440 5742 1538 5795 ιιι,
1573 5725 1697 5800 24η
1743 5727 1761 5757 ⁸
1799 5723 1979 5781 Cenes.
2017 5743 2052 5795 t,
2083 5724 2500 5783 ll.’ibid.19.'
2536 5727 2684 5783 Rom.
2716 5744 2792 5796 ιι,
2825 5726 2873 5780 7.
2950 5725 3148 5781 ’Joan.
3187 5723 3375 5788 xv,2l.
3417 5805 3424 5810 ἢ
