3862 6158
546 330 653 386 515

1618 328 1676 384 8.
1719 322 1921 383 PETRI
1951 322 2423 382 ALEXANDRINI
2463 323 2769 382 EPISCOPI

3676 314 3785 381 ~{illi

545 445 757 504 Pascha
809 454 1021 506 veteres
1070 450 1418 507 celebrarunt
1465 448 1624 520 juxta
1674 450 1920 506 divinum
1976 466 2106 522 prae-

2219 467 2309 513 τες
2363 449 2500 520 μετὰ
2541 449 2637 520 τὴν
2687 448 2974 521 ἰσημερίαν
2994 447 3147 502 ἔθυον
3185 448 3244 502 τὸ
3274 448 3489 519 Πάσχα,
3517 447 3660 502 κατᾶ
3699 448 3783 516 τὴν

547 548 764 610 ceptum
788 581 803 605 ,
856 556 981 596 cum
1008 541 1141 597 illud
1181 541 1342 597 hodie
1372 548 1499 597 ante
1551 541 1940 612 aequinoctium
1971 556 2117 595 nunc

549 642 845 705 peragant,
893 649 957 688 ac
996 635 1332 706 negligenter
1359 633 1580 704 quidem
1633 642 1689 689 et
1718 649 1950 690 erronee
2004 648 2123 688 om-

547 725 718 793 nino;
770 725 1084 797 ignorantes
1144 726 1601 797 quemadmodum
1656 741 1757 782 sua
1815 727 1853 781 ii
1910 735 2121 798 tempe—

549 824 691 872 state
744 816 1031 883 fecerunt,
1087 825 1149 872 ut
1202 819 1432 888 ipsemet
1490 818 1692 874 fatetur
1742 818 1839 891 qui
1887 820 1943 875 in
1998 820 2120 877 istis

547 909 860 980 descriptus
888 917 994 965 est.

620 1022 706 1078 Ill.
743 1022 869 1080 Sive
925 1025 1089 1095 igitur
1137 1034 1384 1082 errantes
1433 1025 1607 1081 Judaei
1657 1026 1815 1095 juxta
1868 1029 2117 1086 lunarem

546 1130 768 1172 cursum
814 1131 1003 1173 mense
1052 1116 1393 1173 Phamenoth
1441 1135 1600 1174 suum
1635 1120 1913 1176 interdum
1954 1132 2116 1194 agant

547 1206 777 1272 Pascha,
812 1209 926 1264 sive
949 1208 1106 1278 juxta
1139 1224 1384 1264 mensem
1432 1210 1815 1268 intercalarem
1864 1230 2118 1285 unoquo-

542 1314 652 1368 que
681 1300 916 1356 triennio
941 1316 1131 1357 mense
1158 1299 1500 1369 Pharmuthi,
1519 1312 1708 1358 nostra
1732 1320 1842 1359 non
1864 1305 2115 1363 interest.

543 1386 692 1442 Nihil
724 1389 925 1460 quippe
964 1388 1113 1444 aliud
1151 1390 1311 1446 nobis
1340 1393 1678 1462 propositum
1709 1402 1825 1459 est,
1860 1412 2021 1467 quam
2057 1405 2119 1452 ut

542 1480 665 1551 ejus
696 1482 968 1552 passionis
999 1481 1320 1537 memoriam
1341 1498 1564 1554 agamus
1583 1525 1598 1548 ,
1644 1493 1808 1556 atque
1847 1487 1982 1544 adeo
2015 1487 2119 1543 hoc

546 1574 667 1643 ipso
696 1580 972 1643 tempore;
1003 1576 1278 1644 quomodo
1308 1576 1399 1646 qui
1427 1577 1545 1632 suis
1568 1578 1671 1648 ipsi
1700 1580 1880 1634 oculis
1895 1591 2115 1650 specta-

543 1678 674 1718 vere
735 1663 1114 1731 tradiderunt,
1162 1667 1479 1735 priusquam
1523 1665 1761 1739 IEgyptii
1809 1670 2114 1727 crederent.

543 1752 731 1824 Neque
749 1754 895 1810 enim
931 1755 1222 1811 observato
1251 1757 1429 1811 lunari
1466 1773 1632 1812 cursu
1652 1799 1668 1825 ,
1700 1760 1834 1816 illud
1861 1777 2115 1817 necessa-

2224 541 2374 594 θείαν
2406 540 2780 611 παραγγελίαν
2801 558 2814 571 ·
2866 542 2915 593 οἱ
2949 539 3059 611 γὰρ
3083 539 3178 593 νῦν
3211 540 3316 612 πρὸ
3349 540 3640 610 ἰσημερίας
3666 539 3784 593 αὐτὸ

2224 633 2456 697 ποιοῦσι,
2491 634 2633 686 πάνυ
2662 631 2877 704 ἀμελῶς
2909 632 3004 686 καὶ
3033 630 3507 701 κατεσφαλμένως,
3539 627 3780 699 ἀγνοοῦν-

2221 743 2331 788 τες·
2368 724 2653 797 ὡσπεροῦν
2702 726 2795 778 καὶ
2825 725 3016 788 ὲπέτος
3059 725 3339 794 ἐποίησαν,
3369 723 3443 786 ὡς
3492 722 3588 776 καὶ
3635 720 3784 785 αὐτὸς

2228 814 2601 887 συνομολογῶν
2625 817 2653 870 ὁ
2685 816 2744 868 ὲν
2774 815 2985 878 τούτοις
3013 813 3263 885 γραφείς.

2292 1026 2380 1077 ΠΙ.
2406 1023 2515 1094 (29)
2533 1022 2656 1077 Εἴτε
2673 1016 2765 1077 οῦν
2799 1019 3153 1091 σφαλλόμενοι
3167 1017 3407 1071 Ἰουδαῖοι
3433 1014 3574 1070 κατὰ
3594 1014 3685 1069 τὸν
3708 1030 3782 1069 σε·

2218 1117 2471 1189 ληνιακὸν
2485 1116 2701 1188 δρόμον,
2727 1115 2861 1167 ποτε
2880 1112 2979 1184 μὲν
2999 1109 3257 1182 Φαμενὼθ
3279 1109 3468 1177 ἄγουσι
3495 1108 3556 1160 τὸ
3584 1104 3779 1160 ἑαυτῶν

2218 1210 2427 1280 Πάσχα·
2448 1207 2557 1262 εἴτε
2576 1207 2716 1261 κατὰ
2732 1207 2822 1259 τὸν
2836 1202 3163 1276 ὲμὸολισμὸν
3179 1201 3312 1271 (Εἶθ’)
3334 1200 3477 1271 μῆνα
3488 1199 3631 1253 κατὰ
3646 1215 3778 1271 τριε-

2216 1300 2336 1354 τίαν
2381 1300 2458 1371 τῷ
2508 1298 2806 1372 Φαρμουθὶ,
2853 1292 3003 1351 οὐδὲν
3031 1297 3162 1366 ἡμῖν
3204 1291 3466 1364 διαφέρει.
3494 1291 3777 1362 Πρόκειται

2216 1392 2323 1462 γὰρ
2354 1394 2483 1463 ἡμῖν
2509 1391 2692 1461 ἕτερον
2740 1390 2773 1461 ἢ
2812 1389 2910 1459 τὴν
2939 1388 3239 1457 ἀνάμνησιν
3264 1383 3356 1438 τοῦ
3385 1383 3591 1446 πάθους
3622 1380 3775 1437 αὐτοῦ

2220 1484 2504 1547 ποιεῖσθαι,
2537 1483 2630 1536 καὶ
2660 1480 2796 1534 κατά
2816 1479 3000 1534 τοῦτον
3024 1478 3115 1531 τὸν
3152 1475 3369 1547 καιρόν·
3398 1474 3473 1536 ὼς
3492 1474 3542 1526 οί
3568 1474 3665 1526 ἀπ’
3690 1474 3777 1544 ἀρ‹

2217 1578 2316 1648 χῆς
2349 1576 2611 1629 αὐτόπται
2639 1572 3070 1645 παραδεδώκασι,
3097 1569 3224 1641 πρὶν
3259 1566 3542 1635 Αἰγύπτιοι
3566 1563 3777 1617 πιστεῦ-

2219 1686 2326 1723 σαι.
2359 1668 2432 1721 Οὐ
2460 1667 2566 1739 γάρ
2588 1666 2681 1719 νῦν
2712 1664 2926 1736 πρῶτον
2949 1658 3331 1732 ἐπιτηροῦντες
3352 1659 3443 1712 τὸν
3468 1654 3775 1720 σεληνιακὸν

2215 1760 2412 1831 δρόμον
2445 1759 2666 1826 ἄγουσιν
2708 1753 2839 1808 αὐτὸ
2886 1752 2944 1818 ἐξ
2982 1749 3224 1818 ἀνάγκης
3256 1754 3327 1812 ις’
3359 1745 3457 1817 μὲν
3495 1744 3576 1813 τῷ
3608 1744 3776 1811 Φαμε-

544 1847 626 1899 rio
676 1854 943 1916 peragunt
1003 1864 1092 1902 xvr
1161 1849 1249 1904 die
1305 1847 1644 1905 Phamenoth
1677 1892 1693 1915 ,
1749 1854 1915 1908 semel
1985 1869 2106 1908 vero

2215 1851 2344 1915 νὼθ,
2378 1848 2523 1913 ἅπαξ
2546 1849 2602 1901 δὲ
2628 1845 2767 1902 κατὰ
2795 1842 3033 1916 τριετίαν
3054 1841 3130 1912 τῷ
3150 1836 3425 1911 Φαρμουθὶ
3447 1854 3459 1867 ’
3489 1837 3587 1889 ἀπ’
3611 1834 3775 1906 ἀρχῆς

543 1940 791 2008 quolibet
858 1942 1097 1997 triennio
1145 1960 1332 2001 mense
1386 1945 1709 2001 Pharmutlii
1770 1965 1783 2000 :
1842 1947 1910 2002 ab
1957 1949 2115 2003 initio

541 2031 743 2103 quippe
778 2040 832 2087 et
872 2042 1001 2091 ante
1028 2034 1234 2092 Christi
1272 2037 1705 2094 incarnationem
1738 2039 1813 2093 ita
1860 2040 2116 2095 videntur

540 2125 738 2193 egisse.
773 2123 924 2179 Unde
972 2141 1096 2180 cum
1134 2127 1256 2183 illos
1307 2131 1485 2199 arguit
1534 2129 1795 2185 Dominus
1841 2146 1938 2200 per
1980 2130 2114 2188 Pro-

541 2214 794 2283 phetam,
853 2218 930 2271 ait
964 2235 978 2272 :
1018 2216 1086 2270 Et
1133 2219 1247 2273 dixi
1285 2236 1303 2273 :
1344 2237 1545 2290 semper
1588 2220 1643 2274 hi
1687 2230 1870 2275 errant
1921 2222 2109 2288 corde,

537 2315 589 2360 et
647 2306 829 2376 juravi
887 2309 941 2362 in
998 2310 1083 2364 ira
1142 2327 1258 2364 mea
1306 2312 1355 2366 si
1408 2311 1705 2366 introibant
1768 2315 1824 2367 in
1882 2315 2110 2385 requiem

538 2413 707 2451 meam
754 2400 795 2452 ί.

607 2510 698 2567 IV.
734 2512 890 2579 Quod
941 2513 1195 2583 quidem,
1251 2521 1312 2569 ut
1357 2515 1545 2582 vides,
1583 2518 1671 2573 vel
1723 2518 1777 2573 in
1823 2534 1891 2575 eo
1943 2520 2107 2575 etiam

538 2605 773 2660 maxime
805 2606 1025 2660 mentiri
1073 2615 1329 2676 apparet,
1374 2623 1484 2663 non
1529 2609 1585 2664 in
1620 2610 1870 2667 homines
1906 2614 2105 2678 modo,

535 2692 634 2750 sed
656 2694 817 2749 etiam
864 2694 917 2748 in
947 2692 1138 2749 Deum.
1194 2698 1272 2751 Ac
1311 2698 1517 2767 primo,
1551 2714 1675 2754 cum
1721 2701 1775 2756 in
1821 2702 1923 2757 hoc
1965 2720 2110 2758 nun-

535 2799 702 2855 quam
731 2786 1035 2840 erraverint
1083 2785 1291 2853 Judari,
1347 2796 1407 2842 ut
1439 2790 1533 2860 qui
1576 2806 1699 2846 cum
1746 2792 1815 2848 iis
1845 2794 1938 2865 qui
1990 2798 2108 2854 suis

534 2876 642 2947 ipsi
671 2876 846 2931 oculis
876 2877 1128 2933 viderunt
1153 2889 1207 2934 et
1241 2880 1479 2936 ministri
1523 2880 1780 2950 fuerunt,
1814 2900 2108 2943 conversa-

534 2971 756 3037 lzantur,
811 2971 981 3026 multo
1028 2973 1203 3043 magis
1252 2986 1431 3045 neque
1484 2976 1554 3030 ah
1605 2977 1762 3032 initio
1812 2987 2105 3050 antequam

531 3064 787 3119 Christus
819 3073 1159 3121 nasceretur.
1202 3065 1388 3139 Neque
1429 3069 1574 3124 enim
1610 3079 1835 3142 propter
1859 3074 1997 3144 legis
2036 3074 2106 3131 de

2214 1945 2331 2015 γὰρ
2369 1943 2463 1997 καὶ
2507 1940 2616 2013 πρὸ
2654 1939 2752 2010 τῆς
2776 1934 3010 2009 Χριστοῦ
3052 1932 3348 2005 παρουσίας
3380 1930 3614 1983 πάντοτε
3644 1926 3777 1980 οὕτω

2215 2036 2537 2105 ποιήσαντες
2571 2028 3036 2101 φαίνονται.”Οθεν
3084 2026 3178 2081 καὶ
3221 2023 3540 2094 αἰτιώμενος
3588 2019 3774 2080 αὐτοὺς

2212 2132 2240 2183 ό
2293 2129 2424 2191 Θεὸς
2459 2128 2548 2180 διά
2582 2125 2675 2179 τοῦ
2709 2123 2986 2196 Προφήτου
3035 2120 3214 2189 ἔλεγε·
3265 2117 3373 2174 Καὶ
3414 2113 3619 2171 εἷπον·
3678 2110 3771 2166 Ἁεί

2212 2221 2553 2276 πλανῶνται
2578 2216 2651 2287 τῇ
2674 2217 2916 2285 καρδίᾳο
2951 2216 3030 2281 ὡς
3050 2212 3252 2284 ὤμοσα
3283 2212 3352 2263 ἑν
3381 2208 3455 2278 τῇ
3478 2206 3628 2278 ὁρτῇ
3641 2224 3769 2276 μου,

2210 2318 2260 2370 εὶ
2286 2315 2734 2369 εἰσελεύσονται
2760 2314 2847 2378 εἰς
2874 2308 2987 2378 τὴν
3011 2304 3391 2361 κατάπαυσίν
3410 2320 3554 2373 μου.

2281 2511 2372 2568 1V.
2416 2512 2553 2563 Ὂπε
2563 2527 2610 2582 ρ,
2634 2510 2709 2573 ὡς
2727 2508 2876 2579 ὁρᾷς,
2905 2505 2999 2559 καὶ
3021 2506 3079 2557 ὲν
3106 2502 3279 2574 τούτῳ
3299 2500 3463 2572 φαίνῃ
3482 2498 3555 2552 τὰ
3576 2495 3767 2568 μεγάλα

2209 2603 2581 2677 ψευδηγορῶν,
2602 2603 2664 2653 οὐ
2702 2601 2861 2670 μόνον
2890 2598 3031 2651 κατὰ
3062 2594 3382 2666 ἀνθρώπων,
3410 2590 3550 2644 ἀλλὰ
3574 2590 3665 2641 καὶ
3684 2604 3767 2639 κα-

2208 2698 2276 2752 τὰ
2309 2696 2403 2751 τοῦ
2444 2695 2600 2749 Θεοῦ.
2648 2691 2870 2766 Πρῶτον
2907 2690 3026 2761 μὲν,
3077 2688 3199 2741 ἐπεὶ
3246 2684 3455 2738 οὐδέπω
3501 2683 3585 2745 είς
3627 2678 3765 2732 τοῦτο

2208 2789 2519 2844 ἐπλανῶντο
2559 2785 2819 2849 Ἰουδαῖοι,
2837 2782 2997 2853 ἡνίκα
3019 2778 3255 2848 συνῆσαν
3292 2776 3472 2838 αὐτοῖς
3493 2774 3547 2826 oi
3564 2771 3657 2826 ἀπ’
3676 2771 3762 2841 ἀρ-

2207 2882 2307 2953 χῆς
2354 2879 2612 2933 αὐτόπται
2660 2877 2752 2928 καὶ
2803 2870 3096 2944 ὑπηρέται,
3129 2865 3306 2937 πολλῷ
3331 2865 3387 2918 δὲ
3417 2861 3620 2953 μᾶλλον

2324 2971 2499 3044 ἀρχῆς
2521 2969 2627 3039 πρὸ
2653 2967 2750 3036 τῆς
2775 2962 3010 3037 Χριστοῦ
3038 2958 3353 3033 παρουσίας.
3385 2954 3525 3009 Οὐδὲ
3552 2950 3659 3024 γάρ
3675 2949 3761 3044 τὴν

2205 3042 2523 3136 νομοθεσίαν
2565 3059 2658 3113 τοῦ
2702 3057 2892 3127 Πάσχα
2913 3055 3064 3121 λέγει
3094 3050 3291 3112 αὐτοὺς
3315 3051 3345 3101 ό
3373 3045 3508 3109 θεὸς
3534 3045 3621 3099 ἀει
3648 3042 3760 3094 πλα-

530 3155 800 3214 Paschate
828 3167 1158 3230 praeceptum
1195 3136 1319 3216 illos
1370 3162 1447 3215 ait
1493 3136 1636 3219 Deus
1681 3136 1896 3235 semper
1914 3136 2105 3223 “corde

2212 3157 2478 3229 μωμένους
2509 3156 2575 3224 τῇ
2599 3151 2814 3223 καρδίᾳ,
2835 3149 3023 3220 ὥσπερ
3053 3145 3209 3213 συνέγ
3446 3138 3589 3192 ἀλλὰ
3611 3136 3693 3235 διά
3708 3151 3757 3235 τε

530 3264 779 3315 errasse,
846 3251 1303 3322 quemadmodum
1357 3256 1673 3327 scripsisti,
1727 3225 1823 3314 sed
1885 3267 2105 3330 pr0pter

2212 3225 2306 3323 τὴν
2350 3248 2514 3318 ἄλλην
2554 3234 2732 3299 πᾶσαν
2760 3235 3188 3330 παρακοὴνὶκαὶ
3212 3232 3313 3330 διὰ-
3339 3231 3419 3330 τά.

531 3343 695 3398 aliam
741 3344 1167 3400 inobedientiam
1217 3353 1272 3402 et
1323 3356 1547 3420 propter
1595 3351 1739 3405 mala
1794 3366 1860 3405 ac
1922 3352 2105 3423 turpia

527 3450 718 3489 eorum
769 3450 967 3507 opera,
1014 3452 1140 3492 cum
1198 3438 1410 3495 scilicet
1457 3439 1524 3495 ad
1572 3440 1847 3496 idolorum
1894 3443 2102 3498 cultum

527 3533 586 3581 et
647 3526 715 3581 ad
764 3526 1152 3584 fornicationes
1197 3544 1320 3585 sese
1357 3529 1480 3586 illos
1521 3531 1858 3588 convertisse
1902 3532 2103 3589 adver-

530 3624 693 3674 teret.

603 3729 667 3787 V.
711 3729 778 3785 Et
804 3740 921 3801 post
948 3726 1275 3801 pauca:Vel
1314 3732 1369 3788 in
1397 3732 1502 3789 hoc
1532 3735 1762 3791 multum
1784 3776 1799 3801 ,
1834 3737 2097 3792 multum-

527 3837 638 3894 que
694 3824 954 3886 omnino,
1007 3823 1056 3878 si
1106 3823 1329 3894 quidem
1387 3826 1761 3896 dormitabas,
1819 3836 1870 3883 te
1920 3828 2099 3898 ipsum

529 3911 874 3968 Ecclesiaste:
914 3911 1140 3984 ﬂagellis
1199 3916 1449 3972 excitasti
1479 3957 1494 3981 ,
1552 3933 1759 3974 memor
1796 3920 2099 3989 praesertim

530 4004 636 4060 loci
668 4004 846 4073 illius,
898 4007 989 4060 ubi
1040 4008 1150 4069 ait,
1183 4006 1362 4077 lapsus
1406 4026 1437 4062 a
1471 4018 1613 4064 terra
1650 4010 1728 4065 vel
1775 4028 1808 4064 a
1844 4011 2025 4082 lingua
2050 4014 2095 4067 β.

527 4100 741 4170 Quippe
760 4143 775 4168 ,
811 4109 872 4154 ut
901 4116 1117 4156 rursum
1153 4101 1303 4157 vides
1325 4143 1342 4169 ,
1374 4103 1647 4172 objectum
1671 4110 1778 4159 ate
1807 4104 2014 4160 crimen
2040 4105 2097 4159 in

529 4193 745 4248 illorum
792 4193 960 4250 duces
1008 4193 1306 4250 reﬂectitur
1357 4189 1569 4266 z'quin
1619 4197 1785 4251 etiam
1839 4211 2095 4268 magnum

527 4282 869 4353 subsequens
910 4283 1210 4353 periculum
1246 4284 1371 4340 licet
1405 4285 1710 4356 suspicari,
1744 4293 1932 4356 utpote
1970 4300 2095 4340 cum

524 4373 847 4441 audiamus,
879 4375 1110 4446 lapidem
1148 4389 1307 4446 quem
1347 4377 1471 4447 quis
1519 4378 1574 4432 in
1606 4378 1774 4432 altum
1803 4377 2096 4448 projecerit

526 4470 584 4524 in
606 4469 753 4525 illius
800 4476 965 4539 caput
1019 4469 1280 4526 recidere.
1324 4466 1493 4525 Multo
1536 4470 1710 4542 magis
1769 4470 2092 4524 temerarius
2124 4506 2172 4564 Β

523 4568 644 4627 est,
681 4562 775 4633 qui
802 4562 858 4617 in
897 4561 1001 4618 hoc
1027 4559 1281 4635 Moysen,
1307 4563 1469 4618 talem
1506 4561 1600 4617 Dei
1635 4577 1884 4625 servum,
1925 4561 2089 4616 audet

2212 4555 2297 4626 si};
2323 4550 2379 4606 δὲ
2408 4550 2563 4604 ἄλλον

523 4653 840 4720 criminari,
874 4655 960 4710 vel
983 4656 1075 4725 qui
1106 4655 1156 4709 ei
1190 4655 1460 4711 successit
1496 4653 1682 4711 Jesum
1716 4654 1883 4710 ﬁlium
1909 4652 2088 4720 Nave,

525 4747 609 4803 vel
628 4747 722 4819 qui
746 4746 944 4803 exinde
982 4747 1083 4803 hos
1109 4754 1258 4803 recte
1284 4757 1411 4802 sunt
1437 4747 1663 4811 sectati,
1703 4748 1789 4802 vel
1825 4746 1917 4817 qui
1965 4747 2092 4818 ipsi-

524 4842 634 4891 met
654 4836 934 4906 incepere;
958 4834 1171 4904 judices
1194 4876 1209 4902 ,
1243 4835 1464 4904 inquam
1482 4875 1497 4897 ,
1523 4849 1588 4889 ac
1618 4850 1773 4905 reges
1797 4874 1812 4899 ,
1846 4834 1930 4890 vel
1952 4851 2090 4906 quos

527 4926 763 4998 Spiritus
785 4934 1011 4983 sanctus
1040 4927 1325 4997 inspiravit
1354 4926 1650 4997 prophetas
1671 4964 1687 4990 ,
1722 4926 1952 4997 illosque
1996 4927 2089 4997 qui

400 5036 411 5046 '
525 5021 666 5076 inter
690 5034 934 5076 summos
966 5018 1251 5089 pontiﬁces
1273 5018 1535 5088 inculpati
1567 5019 1854 5084 exsistere,
1888 5020 2089 5089 quique

520 5112 847 5167 traditiones
903 5111 1077 5166 secuti
1142 5111 1279 5165 nihil
1328 5111 1721 5173 immutarunt,
1781 5126 1967 5165 verum
2033 5111 2085 5163 in

519 5210 827 5274 opportuna
865 5202 1148 5259 Paschatis
1185 5203 1599 5267 observatione,
1654 5210 1713 5257 ut
1761 5210 1815 5258 et
1866 5202 1921 5257 in
1962 5202 2089 5256 aliis

521 5293 637 5347 suis
661 5292 1051 5350 festivitatibus
1070 5334 1085 5360 ,
1114 5302 1528 5352 consenserunt.

592 5499 610 5531 ³
634 5498 789 5555 Psal.
809 5515 957 5569 xcrv,
988 5501 1080 5569 10,
1117 5503 1206 5559 li.
1282 5506 1303 5538 ³
1331 5502 1498 5560 Eeeli.
1528 5520 1621 5569 xx,
1647 5503 1739 5558 20.

707 5718 725 5788 )
772 5716 1184 5790 Ἐμόολιᾳ-μόν.
1210 5716 1379 5790 Forte
1398 5719 1714 5790 ἐμϐόλιμον.
1745 5717 1902 5771 Eun.

2206 3315 2360 3412 ἀειδῆ
2392 3315 2571 3394 αὐτῶν
2594 3336 2749 3409 ἔργα,
2774 3333 2869 3388 ἆτε
2893 3329 2957 3401 δὴ
2983 3327 3127 3401 ὁρῶν
3167 3325 3362 3387 αὐτοὺς
3404 3323 3461 3374 ὲν
3491 3315 3758 3374 εἰδωλολα-

2205 3432 2411 3506 τρείαις
2439 3431 2534 3485 καὶ
2563 3426 2838 3500 πορνείαις
2868 3418 3384 3496 ἀναστρεφομένους.

2274 3727 2338 3783 ν.
2379 3725 2490 3781 Καὶ
2517 3722 2644 3795 μετ’
2668 3721 2871 3790 ὀλίγα·
2901 3715 3063 3769 ’Ὥστε
3094 3709 3189 3767 καὶ
3220 3710 3277 3764 ἐν
3299 3705 3471 3776 τούτῳ
3498 3702 3656 3767 πολὺ,
3676 3697 3753 3795 καὶ

2202 3820 2341 3874 πάνυ
2382 3836 2446 3888 γε
2490 3791 2802 3889 150mm».
2851 3808 3237 3867 καθύπνωσας,
3272 3800 3541 3869 διέγειρον
3584 3791 3755 3889 ἑαυτὸν

2199 3915 2310 3977 τοῖς
2354 3881 2448 3963 τοῦ
2519 3883 2944 3976 Ἐκκλησιαστοῦ
2999 3895 3370 3968 βουκέντροις,
3422 3881 3752 3977 μεμνημένος

2204 3969 2434 4076 μάλιστα
2486 3998 2579 4053 τοῦ
2624 3969 2899 4066 λέγοντος·
2945 3989 3247 4079 ὀλίσθημα
3442 3969 3752 4079 ἐδςὶέξουοῆ

2198 4069 2316 4152 άπὸ
2352 4090 2654 4164 γλώσσης.
2697 4088 2806 4140 Καὶ
2833 4083 2961 4155 γάρ,
2995 4081 3071 4144 ὡς
3108 4074 3271 4131 πάλιν
3310 4073 3461 4146 ὁρᾷς,
3514 4069 3753 4164 ἐπὶ-τούς

2198 4158 2689 4257 καθηγησαμένους
2721 4177 2898 4234 αὐτῶν
2924 4174 3112 4243 φθάνει
3140 4170 3200 4261 τό
3225 4163 3513 4261 ἐπενεχθὲν
3542 4158 3752 4261 ὑπεδυσσῦ

2198 4252 2445 4350 ἔγκλημα
2463 4294 2476 4306 ·
2498 4252 2609 4329 ’καὶ
2643 4273 2789 4326 ἔστιν
2815 4266 3113 4339 ὑφορᾶσθαι
3144 4259 3236 4316 τόν
3264 4252 3750 4350 παρακολουθοῦντα

2200 4337 2383 4441 μὲγὰζὶ
2400 4366 2641 4421 κίνδυνον
2662 4405 2674 4420 .
2704 4360 2798 4415 ἅτε
2842 4358 2905 4430 δὴ
2925 4337 3234 4410 νάκουόντων
3464 4346 3558 4441 δτι
3583 4337 3750 4441 asel-

2196 4432 2302 4515 λων
2330 4459 2474 4513 λίθον
2503 4458 2582 4519 είς
2615 4453 2745 4524 ὕψος
2776 4452 2868 4505 επὶ
2903 4439 3329 4517 κεφαλὴνηαὼοῦ
3364 4436 3568 4509 βάλλει.
3596 4432 3749 4524 Euxe-

2581 4517 2714 4617 (⁸50),
2734 4544 2826 4598 καὶ
2853 4542 2958 4604 πᾶς
2988 4540 3135 4599 ὅστις
3154 4533 3345 4603 τολμᾷ,
3374 4532 3432 4582 ὲν
3463 4526 3639 4624 τούτο)
3666 4517 3748 4624 καὶ

2197 4616 2427 4713 Μολῡσῆ,
2460 4640 2550 4694 τὸν
2580 4616 2894 4707 τηλικοῦτον
2917 4630 3222 4702 θεράποντα
3261 4620 3354 4675 τοῦ
3396 4617 3556 4680 Θεοῦ,
3589 4616 3747 4717 ανίτιξ-

2200 4735 2342 4801 σθαι,
2432 4732 2522 4785 τὸν
2547 4706 2922 4797 διαδεξάμενον
2944 4720 3106 4775 αὐτὸν
3137 4713 3343 4806 Ἰησοῦν
3362 4711 3453 4806 τὸν
3472 4707 3567 4763 τοῦ
3587 4706 3744 4806 Nat-ii}.

2194 4827 2227 4900 ἢ
2273 4797 2406 4889 τοὺς·
2446 4820 2677 4891 καθεξῆς
2719 4818 2843 4880 τοὺς
2883 4810 2941 4867 εὖ
2987 4802 3537 4900 παρηκολουθηκότας
3566 4797 3743 4851 αὐτῶν,

2196 4894 2289 4972 καὶ
2321 4915 2587 4988 ἄρξαντας
2609 4929 2623 4942 ”
2654 4910 2799 4978 λέγω
2827 4906 2906 4961 ἔτι
2935 4906 3057 4967 τοὺς
3082 4898 3292 4973 κριτὰς,
3317 4894 3561 4955 καὶτοὺς
3582 4899 3745 4988 φαινο-

2198 4982 2390 5084 μένους
2434 5005 2708 5078 βασιλέας,
2751 5002 2785 5073 ἢ
2834 4998 2935 5072 [δὲ]
2984 4997 3077 5051 καὶ
3121 4995 3247 5056 τοὺς
3287 4982 3743 5084 πνευῃματοςξόρους

2195 5070 2477 5174 προφήτας
2495 5118 2509 5129 ’
2536 5098 2629 5152 καὶ
2661 5095 2740 5149 ἔτι
2775 5070 2901 5156 τούς
2929 5087 3249 5158 γενομένους
3283 5085 3341 5135 ὲν
3370 5070 3742 5174 αὐτοῖςιάμὲμ-

2191 5165 2669 5264 πτοῦξάρχιερέας
2689 5187 2852 5241 οἴσει·
2877 5184 2970 5238 καὶ
2990 5182 3110 5253 μη⁴⁶
3129 5194 3217 5231 σιν⁴
3240 5173 3496 5243 ἑπόμενοι
3521 5165 3742 5264 ἀλλοιοῦν

2189 5304 2273 5356 γε,
2326 5250 2384 5339 εν
2544 5250 2661 5335 τοῦ
2694 5280 2885 5349 Πάσχα
2924 5250 3368 5342 εὐκαιριμωτάτῃ
3396 5250 3740 5333 παραφυλακῇ

2194 5355 2548 5450 συνεφώνουν,
2569 5374 2645 5439 ὡς
2668 5373 2725 5426 ὲν
2750 5373 2868 5434 ταῖς
2893 5367 3079 5428 ἄλλαις
3110 5358 3288 5416 αὐτῶν
3317 5355 3550 5427 ἑορταῖς.

550 5706 557 5713 ι
647 5649 699 5720 9)
730 5647 931 5702 Eadem
961 5649 1169 5718 profert
1192 5647 1449 5705 Petavius
1475 5650 1530 5703 in
1567 5646 1908 5716 Uranologio,
1940 5660 2062 5718 pag.
2088 5643 2196 5701 213
2218 5658 2336 5715 seq.

588 5648 725 5859 ἓν)
772 5719 1184 5787 Ἐμϐολισμόν.
1217 5716 1379 5774 Forte
1398 5719 1714 5790 ἐμϐόλιμον.
1745 5717 1902 5771 Enn.

611 5790 700 5859 50)
747 5790 984 5843 Ἄλλον.
1018 5787 1145 5858 Leg.
1175 5788 1366 5852 ἄλλως.

611 5790 700 5859 50)
747 5790 984 5843 Ἄλλον.
1018 5787 1145 5858 Leg.
1175 5788 1366 5852 ἄλλως.
