3862 6158
131 294 250 351 517

1551 301 1996 358 FRAGMENTA.

3302 322 3407 380 518

212 411 308 469 γι.
350 415 461 470 Καὶ
493 416 622 485 μεθ’
645 416 813 485 ἕτερα
836 436 849 449 ·
880 421 1039 472 Ὥστε
1082 421 1174 473 ἐπὶ
1220 422 1279 474 τὸ
1326 419 1699 494 ἁκινδυνότερο

1801 483 1803 490 _
1903 421 1993 478 Vl.
2032 422 2098 477 Et
2125 434 2241 493 post
2273 427 2426 480 alia:
2449 426 2553 482 Sed
2588 435 2644 483 et
2673 430 2844 487 tutius
2877 434 3210 506 suaviusque
3244 436 3406 513 longe

133 506 370 576 μᾶλλον,
402 507 497 561 καὶ
523 509 894 582 εὐφημότερον
927 513 1092 584 ἐχρῆν
1115 513 1502 585 καταδραμεῖν,
1531 515 1624 567 καὶ
1650 516 1700 586 μέ

1830 515 2003 585 magis
2028 517 2360 571 currendum
2391 525 2538 586 erat,
2564 534 2675 575 non
2719 537 2851 577 vero
2880 531 3084 582 temere
3109 543 3174 583 ac
3210 506 3404 602 perpa-

129 597 533 668 ῥιψοκινδύνως
567 602 661 655 καὶ
687 601 981 675 δυσφήμως
1014 604 1267 674 γράφειν,
1311 605 1392 659 ὅτι
1433 606 1528 659 ἀπ’
1550 607 1725 679 ἀρχῆς

1830 619 1946 659 ram
1978 606 2359 673 scribendum,
2396 609 2465 663 ab
2495 610 2651 665 initio
2682 621 2735 667 et
2774 628 2988 684 semper
3017 617 3162 672 circa
3188 616 3399 676 Pascha

127 693 234 744 καὶ
277 692 369 746 ἀεὶ
400 691 675 762 φαίνονται
708 696 837 768 περὶ
864 696 924 749 τὸ
955 696 1145 767 Πάσχα
1174 697 1511 769 πλανώμενοι
1531 716 1549 730 ο
1585 700 1700 770 ὄπει

1827 710 2044 753 errasse
2076 697 2280 764 videri,
2315 715 2439 754 cum
2490 701 2544 757 id
2587 704 2811 760 minime
2858 708 3039 776 possis
3074 712 3396 775 ostendere,

125 780 237 832 οὐκ
268 779 416 850 ἔχεις
460 781 649 849 δεῖξαι,
694 784 867 838 ὁπόσα
912 784 1014 839 κᾶν
1048 786 1208 858 θέλῃς
1250 785 1582 861 δημηγορεῖν
1609 793 1721 853 τοῖς

124 871 255 922 vuvl.
304 873 450 926 κατὰ
492 872 691 945 πολλὴν
741 874 971 946 πλάνην,
1017 876 1115 948 τῆς
1159 895 1218 929 τε
1269 878 1588 950 νομοθεσίας
1624 880 1718 934 τοῦ

123 960 333 1033 Πάσχα
377 964 469 1017 καὶ
511 965 619 1019 τῶν
662 966 835 1021 ἄλλων
874 967 1272 1021 ἐκπεπτωκόσι.
1300 970 1582 1025 Φαίνονται
1610 971 1719 1045 γὰρ

120 1055 179 1105 οἰ
228 1054 403 1109 πάλαι
458 1055 593 1127 μετὰ
637 1058 855 1130 ἐαρινὴν
909 1059 1194 1131 ἰσημερίαν
1226 1059 1357 1114 αὐτὸ
1397 1063 1712 1128 ποιοῦντες·

119 1149 274 1221 ὅπερ
326 1150 551 1206 δύνασαι
589 1153 791 1221 γνῶναι
838 1152 1073 1225 ἐντυχὼν
1135 1157 1556 1228 συγγράμμασιν
1619 1160 1717 1231 ἀρ-

121 1243 334 1313 χαίοις,
384 1236 465 1307 οἷς
512 1244 745 1314 μάλιστα
792 1244 1164 1317 ἀνεγράψαντο
1210 1249 1258 1301 oi
1284 1249 1412 1321 παρ’
1448 1249 1716 1322 Ἑϐραίοις

121 1334 290 1403 σοφοί
323 1334 462 1405 (δι).

199 1425 324 1479 νη.
369 1427 492 1479 Ὅτι
519 1426 615 1497 μὲν
637 1422 731 1481 οὗν
760 1429 918 1502 μέχρι
950 1431 1042 1484 τοῦ
1071 1432 1349 1503 Κυριακοῦ
1375 1433 1595 1499 πάθους,
1620 1434 1713 1489 ἀλ-

114 1517 192 1571 λὰ
225 1518 326 1571 καὶ
356 1519 451 1572 ἐπὶ
478 1519 576 1590 τῆς
614 1520 850 1592 ὑστάτης
881 1521 1135 1587 ἁλώσεως
1177 1523 1579 1596 Ἱεροσολύμων,
1611 1522 1712 1596 τῆς

114 1609 432 1680 γενομένης
479 1610 569 1663 ἐπὶ
596 1612 1028 1667 τούεσπασιανοῦ
1100 1614 1363 1685 βασιλέως
1400 1615 1706 1686 Ῥωμαίων,

112 1701 388 1764 ἀπλανῶς
414 1701 621 1755 τάττων
650 1703 749 1773 τὴν
777 1703 834 1757 ιδ’
866 1704 958 1758 τοῦ
989 1705 1205 1777 πρώτου
1237 1708 1407 1780 μηνὸς
1429 1710 1525 1782 τῆς
1559 1711 1709 1782 σελή-

1827 788 2092 858 quidquid
2124 791 2370 860 ingerere
2399 793 2534 849 velis
2560 794 2661 859 iis,
2693 798 2783 866 qui
2810 814 2957 853 nunc
3002 814 3127 854 cum
3161 803 3396 873 plurimo

1824 892 2011 933 errore
2044 894 2074 932 a
2102 880 2235 950 legis
2277 892 2549 954 praecepto
2578 885 2646 941 de
2673 884 2942 945 Paschate
2982 897 3038 946 et
3081 893 3203 949 aliis
3243 895 3396 951 aber-

1823 978 1968 1026 rant.
2000 969 2268 1027 Videntur
2296 977 2439 1030 enim
2480 986 2692 1035 veteres
2725 980 2858 1035 illud
2896 984 3074 1053 egisse
3109 995 3235 1055 post
3271 1003 3393 1043 ver-

1823 1077 1955 1115 num
2003 1064 2424 1133 aequinoctium,
2473 1069 2619 1138 quod
2670 1086 2833 1127 nosse
2862 1073 2959 1128 tibi
2995 1075 3176 1130 licebit
3218 1077 3390 1134 libros

1821 1160 2033 1209 veteres
2067 1155 2300 1225 legenti,
2327 1156 2559 1226 illosque
2587 1161 2821 1217 maxime
2856 1162 2949 1233 qui
2977 1178 3009 1218 a
3046 1165 3387 1235 sapientibus

1820 1240 2062 1301 Hebraeis
2093 1254 2222 1302 sunt
2240 1248 2559 1318 conscripti.

1888 1410 2001 1471 VII.
2051 1414 2328 1472 Hactenus
2380 1416 2545 1485 igitur
2590 1433 2765 1489 usque
2795 1419 2860 1474 ad
2891 1420 3225 1479 Dominicam
3255 1441 3385 1499 pas-

1816 1505 2056 1569 sionem,
2092 1512 2259 1575 atque
2291 1506 2427 1561 adeo
2465 1508 2521 1560 in
2564 1515 2839 1577 postremo
2890 1508 3383 1582 Hicrosolymitano

1813 1596 2054 1660 excidio,
2083 1596 2229 1666 quod
2253 1597 2356 1651 sub
2383 1595 2718 1667 Vespasiano
2749 1597 3120 1655 Romanorum
3152 1603 3382 1674 imperas

1813 1698 1931 1744 tore
1962 1689 2222 1759 contigit,
2252 1691 2508 1761 populum
2535 1689 2832 1747 lsraelitam
2866 1708 2958 1747 xlv
2987 1695 3148 1763 primi
3173 1698 3380 1751 mensis

112 1811 222 1864 νης
264 1795 294 1845 6
334 1793 674 1866 Ἰσραηλίτης
700 1795 826 1860 λαὸς
859 1796 918 1849 τὸ
961 1799 1181 1868 νομικὸν
1224 1799 1463 1872 ἑώρταζε
1485 1781 1700 1875 Πάσχα,

1810 1781 1953 1836 lunae
1977 1790 2127 1836 recte
2161 1789 2395 1845 statuta,
2444 1782 2615 1852 legale
2667 1784 2974 1841 celebrasse
3006 1784 3215 1841 Pascha
3249 1787 3377 1843 bre-

112 1883 210 1938 διὰ
234 1884 447 1939 τούτων
472 1886 751 1958 συντόμως
778 1888 1174 1945 ἀποδέδεικται.
1197 1890 1315 1947 Τῶν
1346 1893 1507 1963 ἱερῶν
1527 1896 1700 1950 τοίνυν

1806 1875 1947 1928 viter
2013 1873 2446 1929 demonstratum
2492 1884 2594 1931 est.
2676 1874 2859 1932 Sacris
2914 1892 3045 1947 ergo
3096 1879 3376 1949 prOphctis

114 1978 447 2048 προφητῶν,
480 1979 575 2034 καὶ
596 1980 832 2045 πάντων,
855 1981 928 2045 ὡς
954 1981 1108 2055 ἔφην,
1139 1986 1272 2056 ὁμοῦ
1298 1986 1405 2040 τῶν
1434 1990 1594 2054 ὁσίως
1614 1991 1706 2044 καὶ

111 2066 351 2132 δικαίως
404 2069 464 2121 ἐν
512 2068 589 2138 τῷ
638 2070 788 2141 νόμῳ
839 2073 1043 2143 Κυρίου
1089 2074 1558 2148 πολιτευσαμένων
1609 2081 1705 2134 σὺν

111 2156 288 2209 παντὶ
314 2156 398 2227 τῷ
425 2156 536 2228 λαῷ
563 2157 624 2211 τὸ
657 2159 884 2213 τυπικὺν
915 2162 1009 2214 καὶ
1044 2164 1268 2227 σκιῶδες
1298 2166 1490 2237 Πάσχα
1519 2168 1707 2241 ἑορτα-

113 2247 349 2312 ζόντων,
379 2250 408 2301 6
450 2248 631 2320 πάσης
670 2250 901 2322 ἀοράτου
956 2253 1050 2305 καὶ
1091 2255 1294 2325 ὁρατῆς
1339 2256 1567 2323 κτίσεως
1613 2261 1706 2333 δη-

116 2339 391 2412 μιουργὸς
418 2341 512 2395 καὶ
537 2341 821 2413 δεσπότης,
857 2344 885 2395 6
916 2346 1207 2418 μονογενὴς
1239 2346 1385 2412 Υἱὸς,
1414 2350 1506 2402 καὶ
1533 2352 1703 2419 Λόγος

111 2428 143 2480 6
186 2429 272 2500 τῷ
316 2430 497 2503 Πατρὶ
546 2432 639 2485 καὶ
688 2432 768 2502 τῷ
804 2433 946 2502 ἁγίῳ
978 2433 1259 2504 Πνεύματι
1289 2437 1575 2503 ωναῖδιος,
1611 2440 1703 2492 καὶ

109 2517 409 2588 όμοούσιος
453 2519 596 2573 κατὰ
643 2519 742 2591 τὴν
781 2521 1028 2594 θεότητα,
1068 2525 1097 2577 6
1138 2525 1341 2597 Κύριος
1385 2527 1563 2597 ἡμῶν,
1609 2532 1703 2584 καὶ

111 2607 253 2672 Θεὸς
291 2608 500 2680 Ἰησοῦς
524 2611 553 2663 ὁ
595 2611 847 2682 Χριστὸς,
899 2615 991 2667 ἐπὶ
1036 2614 1313 2687 συντελείᾳ
1358 2616 1464 2671 τῶν
1492 2617 1702 2675 αἰώνων

112 2700 261 2754 κατὰ
296 2700 479 2773 σάρκα
505 2703 718 2774 τεχθεὶς
744 2706 807 2758 ἐκ
832 2705 932 2776 τῆς
966 2706 1129 2775 ἁγίας
1172 2707 1382 2775 ἐνδόξου
1416 2709 1701 2782 δεσποίνης

108 2792 279 2863 ἡμῶν
309 2793 574 2848 Θεοτόκου
605 2796 698 2849 καὶ
733 2795 1133 2867 Ἀειπαρθένου,
1163 2799 1256 2851 καὶ
1277 2799 1425 2853 κατὰ
1444 2799 1699 2871 ἀλήθειαν

108 2884 385 2939 Θεατόκου
418 2885 654 2959 Μαρίας.
687 2888 780 2940 καὶ
818 2888 912 2942 ἐπὶ
954 2888 1053 2958 τῆς
1083 2887 1189 2957 γῆς
1219 2889 1425 2958 ὀφθεὶς,
1459 2891 1554 2945 καὶ
1587 2895 1700 2956 τοῖς

106 2975 427 3046 όμοουσίοις
452 2977 592 3032 κατὰ
634 2976 730 3049 τὴν
752 2978 1140 3050 ἀνθρωπότητα
1165 2979 1471 3053 ἀνθρώποις
1503 2982 1578 3046 ὡς
1607 2983 1700 3037 ἄν-

107 3064 340 3137 θρωπος
368 3066 582 3139 άληθῶς
612 3068 1093 3140 συναναστραφεὶς,
1140 3071 1234 3125 xui.
1283 3072 1444 3136 αὐτὸς
1489 3076 1586 3127 σὺν
1620 3075 1696 3146 τῷ

1805 1965 2201 2035 omnibusque,
2233 1972 2293 2019 ut
2321 1965 2467 2029 dixi,
2500 1973 2690 2021 sancte
2720 1967 2882 2022 simul
2917 1977 2970 2023 et
2989 1968 3138 2037 juste
3176 1970 3230 2023 in
3260 1970 3378 2041 lege

1806 2056 2018 2111 Domini
2046 2059 2417 2123 versantibus,
2452 2075 2575 2113 cum
2603 2059 2860 2114 universo
2883 2061 3105 2130 populo,
3130 2062 3375 2133 typicum

1803 2156 1857 2203 et
1886 2151 2173 2205 umbratile
2226 2149 2437 2206 Pascha
2479 2152 2886 2207 celebrantibus
2912 2192 2927 2216 ,
2979 2155 3271 2211 invisibilis
3317 2163 3375 2212 et

1801 2241 2033 2297 visibilis
2053 2243 2232 2298 omnis
2261 2251 2528 2298 creaturae
2548 2241 2816 2297 Conditor
2841 2259 2905 2298 ac
2942 2244 3221 2309 Dominus,
3249 2247 3375 2301 uni-

1802 2330 2019 2399 genitus
2048 2327 2242 2394 Filius,
2290 2341 2344 2386 et
2375 2331 2614 2387 Verbum
2647 2330 2795 2385 Patri
2833 2339 2888 2387 et
2922 2331 3147 2402 Spiritui
3179 2344 3372 2390 sancto

1801 2431 2129 2478 coaeternum
2152 2465 2167 2489 ,
2205 2423 2562 2492 ejusdemque
2608 2426 2906 2479 secundum
2944 2424 3200 2480 deitatem
3234 2428 3397 2481 suh-n

1801 2516 2015 2569 stantia;
2034 2555 2048 2579 ,
2079 2514 2342 2570 Dominus
2368 2526 2555 2570 noster
2584 2524 2637 2569 et
2670 2514 2814 2571 Deus
2838 2514 2997 2572 Iesus
3023 2516 3276 2572 Christus
3309 2517 3371 2572 in

1801 2609 2126 2663 saeculorum
2161 2609 2632 2665 consummatione
2661 2609 2962 2665 secundum
3004 2625 3223 2665 carnem
3267 2626 3369 2664 na-

1797 2708 1909 2767 tus,
1930 2716 1997 2755 ex
2027 2707 2215 2756 sancta
2239 2700 2474 2770 gloriosa
2503 2701 2723 2755 domina
2753 2708 2941 2755 nostra
2967 2699 3059 2755 Dei
3093 2701 3373 2757 Gcnitrice

1798 2799 1851 2845 et
1882 2805 2096 2861 semper
2128 2789 2342 2860 virgine
2361 2829 2375 2854 ,
2410 2804 2476 2844 ac
2511 2805 2700 2844 revera
2732 2788 2824 2844 Dei
2855 2787 3129 2844 Genitrice
3153 2789 3323 2844 Maria
3345 2827 3368 2855 ,

1798 2889 1850 2936 et
1882 2882 1937 2935 in
1962 2890 2105 2935 terra
2137 2884 2290 2937 visus
2316 2922 2329 2945 ,
2362 2888 2416 2936 et
2442 2880 2689 2950 ejusdem
2716 2881 3035 2935 substantia:
3065 2881 3366 2937 secundum

1801 2972 2195 3026 humanitatem
2225 2987 2350 3026 cum
2384 2970 2698 3025 hominibus
2721 3011 2734 3035 ,
2768 2978 2830 3026 ut
2859 2971 3022 3026 homo
3042 3010 3062 3037 ,
3084 2987 3209 3027 vere
3229 2986 3367 3027 con-

1797 3073 2067 3131 versatus,
2099 3065 2325 3134 ipseque
2345 3078 2469 3117 cum
2505 3065 2707 3134 populo
2740 3063 2900 3119 annis
2940 3073 3066 3119 ante
3103 3064 3369 3135 praedica-

108 3156 229 3230 λαῷ
259 3159 320 3211 ὲν
345 3160 458 3224 τοῖς
480 3158 624 3213 ἔτεσι
647 3162 758 3225 τοῖς
791 3161 897 3232 πρὸ
926 3158 1021 3213 τοῦ
1050 3162 1421 3235 κηρύγματος,
1456 3166 1549 3219 καὶ
1586 3169 1699 3230 τοῖς

1801 3156 2021 3219 tionem,
2050 3163 2104 3210 et
2132 3155 2189 3209 in
2215 3152 2601 3225 praedicatione
2629 3153 2798 3223 legale
2820 3160 2874 3207 et
2902 3154 3139 3224 typicum
3158 3153 3369 3211 Pascha

108 3250 169 3304 ἑν
195 3250 284 3322 τῷ
320 3251 634 3324 κηρύγματι
659 3253 720 3306 τὸ
742 3255 965 3325 νομικὸν
988 3258 1080 3312 καὶ
1108 3257 1333 3322 σκιῶδες
1360 3258 1552 3329 Πάσχα
1599 3260 1698 3311 ὲπ-

110 3342 393 3407 ετέλεσεν,
432 3342 627 3415 ἐσθίων
646 3343 738 3396 τὸν
769 3346 998 3400 τυπικὸν
1024 3348 1222 3420 ἀμνόν·
1260 3350 1373 3403 Οὐκ
1395 3343 1558 3421 ἦλθον
1587 3349 1696 3424 γὰρ

109 3431 425 3487 καταλῦσαι
448 3433 542 3487 τὸν
564 3433 745 3506 Νόμον
769 3435 803 3507 ἢ
830 3436 958 3502 τοὺς
988 3440 1291 3511 προφήτας,
1315 3440 1451 3493 ἀλλὰ
1479 3441 1696 3513 πληρῶ-

111 3538 225 3584 σαι.
262 3523 427 3588 αὐτὸς
453 3526 512 3578 ὲν
538 3525 888 3595 Εὐάγγελίοις
928 3530 1148 3603 είρηκεν
1177 3535 1206 3586 6
1232 3533 1442 3606 Σωτήρ.
1462 3535 1613 3588 Ἐπεὶ
1639 3535 1695 3590 δὲ

108 3615 401 3688 ἐκήρυξεν,
426 3618 525 3671 οὐκ
551 3617 721 3688 ἔφαγε
741 3620 833 3674 τὸν
851 3621 1019 3692 ἀμνόν
1036 3639 1049 3653 ·
1076 3622 1191 3676 ἀλλ’
1215 3624 1374 3687 αὐτὸς
1395 3624 1594 3678 ἔπαθεν
1619 3625 1696 3690 ὡς

106 3705 370 3778 ἀληθινὸς
395 3708 566 3781 ἀμνὸς
595 3711 654 3763 ὲν
684 3713 750 3782 τῇ
778 3711 872 3765 τοῦ
905 3711 1095 3783 Πάσχα
1119 3715 1300 3786 ἑορτῇ,
1343 3715 1524 3781 καθὼς
1546 3716 1693 3770 διδάο

107 3813 232 3851 aut
282 3800 312 3852 6
361 3798 606 3869 θεολόγος
657 3802 753 3856 καὶ
799 3804 1191 3876 εὐαγγελιστὴς
1233 3808 1483 3879 Ἰωάννης
1513 3811 1571 3862 ὲν
1616 3810 1694 3881 τῷ

108 3889 235 3943 κατ’
259 3889 424 3942 αὐτὸν
451 3890 786 3965 Εύαγγελίῳ,
808 3893 981 3963 λέγων
1003 3894 1176 3960 οὕτως
1195 3914 1209 3928 '
1257 3900 1537 3969 Ἄγουσιν
1581 3896 1694 3955 οὖν

105 3978 218 4033 τὸν
261 3979 502 4047 Ἰησοῦν
531 3983 650 4037 ἀπὸ
698 3984 806 4039 τοῦ
834 3986 1068 4055 Καῐάφα
1099 3989 1185 4055 εἰς
1216 3988 1283 4042 τὸ
1305 3989 1657 4059 πραιτώριον
1675 4009 1688 4021 ·

103 4065 185 4141 ἦν
215 4070 289 4123 δὲ
308 4074 481 4140 πρωῒ,
518 4075 616 4129 καί
652 4077 819 4131 αὐτοὶ
852 4080 964 4133 οὐκ
987 4079 1276 4148 εἰσῆλθον
1304 4084 1392 4149 εις
1426 4082 1492 4136 τὸ
1524 4100 1692 4152 πραι-

104 4161 346 4231 τώριον,
383 4164 485 4219 ἵνα
528 4164 615 4235 μὴ
642 4165 993 4236 μιανθῶσιν,
1040 4171 1179 4224 ἀλλ’
1208 4171 1307 4223 ἵνα
1352 4171 1584 4242 φάγωσι
1626 4174 1690 4251 τό

103 4256 354 4325 Πάσχα.
394 4257 505 4311 Καὶ
539 4259 655 4329 μετ’
693 4260 878 4329 ὀλίγα·
924 4261 976 4314 '0
1015 4257 1130 4316 οὖν
1179 4263 1454 4330 Πιλᾶτος,
1506 4266 1684 4320 ἀκού-

102 4361 227 4413 σας
254 4346 476 4400 τοῦτον
507 4347 614 4402 τὸν
638 4350 844 4418 λόγον,
885 4349 1107 4420 ἤγαγεν
1138 4350 1253 4416 ἔξω
1284 4351 1391 4405 τὸν
1434 4353 1687 4421 Ἰησοῦν,

103 4438 202 4491 καὶ
236 4436 522 4492 ἐκάθισεν
551 4439 649 4492 ἐπὶ
682 4440 787 4494 τοῦ
810 4439 1081 4509 ,ϐήματος
1112 4445 1198 4510 είς
1230 4446 1418 4497 τόπον
1446 4446 1689 4514 λεγόμε-

103 4546 222 4583 νον
258 4532 690 4598 Λιθόστρωτον,
720 4532 1008 4600 Ἐϐραϊστὶ
1055 4533 1122 4587 δὲ
1168 4532 1589 4591 Γαϐϐαθᾶ.Ἦν
1622 4535 1689 4589 δὲ

1801 4537 1922 4591 liora
1951 4535 2104 4608 quasi
2144 4533 2301 4588 tertia
2353 4547 2371 4584 :

97 4621 467 4692 Παρασκευμὴ
483 4621 588 4676 τοῦ
606 4621 842 4691 Πάσχαο
870 4621 991 4692 ὥρα
1013 4620 1091 4696 ἦν
1112 4626 1253 4681 ὡσεὶ
1277 4627 1441 4695 τρίτη
1462 4668 1476 4693 ,
1508 4625 1689 4691 καθὼς

105 4717 174 4771 τὰ
197 4716 411 4791 ἀκριϐῆ
442 4716 619 4788 βιϐλία
645 4716 890 4789 περιέχει
911 4758 925 4782 ,
955 4720 1085 4774 αὑτό
1114 4738 1173 4774 τε
1203 4721 1262 4774 τὸ
1296 4720 1573 4791 ίδιόχειρον
1592 4720 1686 4773 τοῦ

108 4804 519 4875 εὐαγγελιστοῦ,
541 4807 676 4877 ὅπερ
710 4807 873 4878 μέχρι
897 4807 991 4861 τοῦ
1018 4807 1113 4864 νῦν
1139 4808 1475 4879 πεφύλακται
1506 4809 1688 4881 χάριτι

107 4897 241 4950 Θεοῦ
289 4899 357 4950 ὲν
396 4898 464 4968 τῇ
505 4896 766 4965 Ἐφεσίων
800 4897 1078 4971 ἁγιωτάτῃ
1108 4899 1424 4971 Ἐκκλησία,
1446 4901 1540 4953 καὶ
1581 4900 1687 4953 ὑπὸ

107 4988 213 5041 τῶν
242 4986 456 5040 πιστῶν
494 4990 673 5042 ἐκεῖσε
710 4991 1111 5061 προσκυνεῖται.
1138 4989 1248 5042 Καὶ
1278 4989 1437 5044 πάλιν
1466 4992 1496 5044 6
1524 4991 1687 5054 αὐτός

109 5096 274 5150 φησιν
344 5080 734 5152 εὐαγγελιστής
760 5096 776 5113 ⁸
835 5083 900 5134 οἱ
948 5076 1060 5135 οὖν
1096 5080 1378 5146 Ἰουδαῖοιν
1437 5083 1539 5136 ἵνα
1595 5081 1682 5151 μὴ

104 5172 280 5239 μείνῃ
326 5171 427 5225 ἐπὶ
470 5172 578 5227 τοῦ
617 5171 879 5240 σταυροῦ
915 5172 989 5227 τὰ
1008 5170 1253 5242 σώματα
1272 5173 1341 5227 ἐν
1360 5173 1439 5239 τῷ
1461 5173 1682 5228 σαϐϐά-

108 5277 187 5324 τῳ
225 5258 382 5332 (ἐπεὶ
405 5260 770 5330 Παρασκευὴ
792 5252 871 5331 ἦν
887 5277 900 5291 ⁸
933 5257 1011 5332 ἦν
1046 5263 1154 5332 γὰρ
1178 5262 1409 5333 μεγάλη
1431 5265 1469 5332 ἡ
1494 5262 1682 5333 ἡμέρα

109 5350 310 5419 ἐκείνη
339 5351 453 5406 τοῦ
475 5351 818 5423 σαϐϐάτου),
834 5352 1150 5421 ἠρώτησαν
1175 5354 1281 5408 τὸν
1300 5353 1559 5409 Πιλᾶτον
1585 5356 1686 5408 ἵνα

112 5442 485 5514 κατεαγῶσιν
532 5443 730 5497 αὐτῶν
775 5448 850 5499 τὰ
891 5445 1103 5514 σκέλη,
1151 5447 1251 5501 καὶ
1300 5447 1577 5516 ἀρθῶσιν.
1595 5449 1685 5532 ’ξῖν

113 5536 248 5607 αὐτῇ
294 5533 391 5591 οὖν
438 5538 510 5607 τῇ
554 5536 760 5609 ἡμέρᾳ,
787 5537 846 5589 ἐν
937 5537 1155 5609 ἔμελλον
1190 5541 1238 5594 οἰ
1280 5540 1518 5595 Ἰουδαῖοι
1546 5531 1683 5612 πρὸς

1797 3247 2113 3309 celebravit,
2144 3246 2437 3301 comedens
2469 3258 2668 3315 agnum
2701 3244 2941 3314 typicum
2976 3262 2990 3299 :
3026 3248 3367 3316 nequeenim

1797 3354 1857 3395 se
1876 3338 2092 3394 venisse
2122 3345 2181 3392 ut
2208 3336 2403 3409 Legem
2440 3338 2675 3392 solveret
2700 3336 2783 3391 vel
2810 3333 3141 3406 Pr0phetas,
3186 3337 3279 3391 sed
3304 3344 3365 3391 ut

1796 3431 2149 3500 adimpleret,
2187 3429 2416 3498 ipsemet
2459 3428 2514 3482 in
2552 3427 2861 3498 Evangeliis
2908 3427 3047 3481 dixit
3093 3424 3365 3480 Salvator.

1794 3522 2091 3591 Postquam
2117 3534 2248 3575 vero
2292 3517 2637 3589 pradicavit,
2684 3535 2793 3575 non
2841 3518 3079 3574 comedit
3121 3531 3362 3588 agnum,

1794 3614 1888 3671 sed
1941 3614 2060 3684 ipse
2109 3626 2307 3682 passus
2344 3617 2428 3666 est
2473 3618 2533 3664 ut
2579 3625 2743 3666 verus
2785 3625 2955 3680 agnus
3004 3609 3060 3662 in
3107 3606 3362 3664 Paschali

1795 3705 2110 3767 festivitate,
2137 3700 2595 3773 quemadmodum
2622 3700 2779 3771 docet
2803 3692 3086 3772 theologus
3114 3709 3169 3757 et
3194 3714 3366 3757 evan-

1792 3797 1982 3869 gelista
2008 3793 2247 3850 Joannes
2276 3793 2332 3847 in
2363 3792 2655 3865 Evangelio
2684 3793 2780 3849 abs
2813 3809 2871 3849 se
2901 3795 3234 3863 conscripto,
3266 3795 3362 3851 ubi

1795 3893 1873 3946 sic
1903 3889 1978 3942 ait
2011 3888 2027 3918 ί
2064 3906 2078 3941 :
2115 3883 2403 3938 Adducunt
2430 3901 2552 3956 ergo
2584 3883 2768 3939 Jesum
2792 3902 2825 3938 a
2852 3882 3052 3953 Caipha
3085 3885 3140 3938 in
3167 3895 3364 3954 preta-

1794 3985 1953 4035 rium.
2012 3978 2147 4033 Erat
2194 3986 2368 4031 autem
2418 3993 2603 4041 mane,
2643 3985 2695 4030 et
2737 3976 2840 4044 ipsi
2887 3991 2988 4028 non
3046 3975 3364 4029 introierunt

1792 4073 2124 4143 prwtorium,
2153 4078 2212 4123 ut
2249 4084 2353 4121 non
2374 4068 2882 4129 contaminarentur,
2927 4065 3017 4119 sed
3050 4075 3108 4118 ut
3135 4065 3365 4120 mandato

1792 4173 1970 4219 carent
2006 4162 2239 4216 Pascha.
2283 4157 2349 4213 Et
2377 4167 2501 4229 post
2526 4156 2982 4228 pauca’:Pilatus
3031 4164 3206 4211 autem
3241 4174 3362 4211 cum

1793 4259 2024 4313 audisset
2047 4256 2139 4309 hos
2173 4268 2459 4314 sermones,
2487 4248 2711 4304 adduxit
2748 4249 2893 4316 foras
2916 4246 3124 4312 Iesum,
3147 4257 3208 4316 oet
3228 4248 3362 4302 sedit

1789 4367 1882 4418 pro
1902 4347 2158 4403 tribunali
2174 4348 2228 4401 in
2245 4346 2358 4400 loco
2381 4343 2471 4414 qui
2499 4341 2695 4395 dicitur
2707 4338 3075 4402 Lithostrotos,
3107 4339 3364 4394 Hebraice

1793 4452 1968 4498 autem
2016 4440 2310 4496 Gabbatha.
2359 4436 2496 4491 Erat
2549 4445 2723 4489 autem
2767 4431 3058 4487 Parasceue
3105 4433 3356 4497 Paschm.

2421 4536 2482 4583 ut
2539 4526 2783 4582 accurati
2849 4525 2972 4580 libri
3026 4526 3356 4595 praeferunt,

1792 4626 2080 4695 ipsumque
2114 4620 2460 4691 evangelistae
2485 4632 2650 4671 manu
2692 4615 3027 4685 descriptum
3061 4616 3360 4687 exemplar,

1790 4717 1937 4787 quod
1966 4716 2151 4770 divina
2193 4712 2366 4784 gratia
2397 4709 2463 4763 ad
2494 4711 2607 4762 haec
2636 4722 2811 4777 usque
2842 4717 3087 4777 tempora
3135 4708 3188 4760 in
3231 4726 3360 4764 san.

1788 4807 2035 4862 (-tissima
2060 4803 2421 4875 Ephesiorum
2452 4799 2697 4853 Ecclesia
2744 4805 3079 4862 asservatur,
3129 4805 3184 4852 et
3227 4813 3256 4852 a
3298 4800 3359 4851 ti-

1787 4876 2003 4953 delibus
2031 4897 2105 4951 ibi
2136 4895 2356 4950 colitur.
2383 4890 2623 4945 Rursum
2653 4903 2819 4958 porro
2842 4887 2917 4941 ait
2947 4887 3089 4942 idem
3122 4903 3358 4958 evange-

1786 4985 2337 5057 lista':Judwiergo,
2368 4983 2617 5054 quoniam
2653 4978 2945 5032 Parasceve
2976 4989 3125 5045 erat,
3162 4988 3220 5030 ut
3252 4996 3354 5033 non

1790 5085 2118 5135 remanerent
2144 5077 2198 5130 in
2219 5089 2369 5128 cruce
2400 5085 2623 5139 corpora
2638 5067 2905 5131 Sabbato;
2927 5076 3040 5120 erat
3073 5068 3210 5120 enim
3236 5084 3356 5123 ma-

1787 5190 1921 5244 gnus
1951 5172 2043 5226 ille
2065 5170 2174 5224 dies
2208 5165 2460 5228 Sabbati;
2492 5169 2805 5231 rogaverunt
2840 5159 3080 5215 Pilatum
3116 5167 3175 5212 ut
3204 5160 3358 5229 fran-

1786 5273 2029 5337 gerentur
2059 5276 2240 5318 eorum
2263 5274 2423 5313 crura
2462 5264 2512 5310 et
2558 5255 2884 5310 tollerentur.
2934 5251 3045 5307 Isto
3078 5252 3244 5321 igitur
3266 5251 3356 5307 die

1788 5372 1898 5426 quo
1939 5353 2110 5409 Judaei
2155 5347 2537 5406 manducaturi
2571 5353 2730 5402 erant
2765 5342 3010 5408 Pascha,
3056 5341 3355 5399 cruciﬁxus

1785 5455 1873 5502 cst
1907 5445 2168 5500 Dominus
2211 5451 2401 5498 noster
2444 5448 2500 5495 et
2561 5436 2812 5493 Salvator
2863 5432 3022 5489 Iesus
3065 5433 3354 5500 Christus.

1783 5538 1965 5594 hostia
1994 5536 2172 5592 factus
2202 5535 2271 5591 iis
2296 5534 2391 5606 qui
2432 5528 2705 5601 sumpturi
2752 5532 2907 5582 erant
2954 5522 3111 5590 ﬁdei,
3157 5540 3355 5581 secun-

254 5649 454 5706 ‘Joan.
480 5665 639 5714 xvm,
666 5649 759 5706 28.
834 5649 855 5679 ¹
881 5645 1045 5703 Joan.
1074 5660 1187 5714 xxx,
1217 5645 1309 5711 15,
1339 5644 1426 5702 M.
1502 5646 1524 5678 ³
1552 5646 1680 5702 ibid.
1708 5649 1798 5702 3L

183 5744 293 5816 ('5!)
319 5742 462 5812 Παρ⁹
495 5742 785 5811 Ἑϐραίοις
817 5743 1014 5813 σοφοί.
1053 5740 1148 5795 llic
1172 5739 1447 5796 interserit
1487 5747 1675 5796 auctor

1801 5740 1959 5796 ronici
2006 5738 2287 5796 Paschalis
2332 5738 2512 5794 locum
2553 5751 2620 5794 ex
2654 5733 2956 5793 Athanasio
2981 5732 3351 5805 desumptum.
