3862 6158
135 291 239 346 521
614 303 618 309 ·
1519 277 1660 332 FBA

1872 273 1975 330 ιἈ,
3293 255 3397 312 582

132 431 231 478 τος
273 412 421 476 ’τινὸς
453 411 639 482 ἐτέρου
674 411 839 463 τόπου
875 407 1004 476 (ῐσ.
1034 404 1246 475 τύπου)
1284 401 1657 473 συνεληλυθότι

1871 397 1968 450 nde
2018 388 2362 446 manifestum
2415 393 2519 449 est,
2561 383 2836 439 hominem
2879 395 2992 436 non
3043 396 3108 434 ex
3151 392 3396 448 coniun-

133 471 431 574 γεγένηται
454 521 468 534 ·
519 471 568 556 εί
616 503 722 573 γὰρ
755 501 824 554 τὰ
853 471 990 554 ὄίλλα
1024 497 1138 562 ζῶα
1174 471 1314 550 κατὰ
1357 471 1602 548 κέλευσιν
1626 492 1651 544 ἔ

1872 488 2008 541 tione
2034 482 2278 552 corporis
2301 494 2424 534 cum
2443 486 2572 549 typo
2594 475 2828 547 quodam
2849 474 3258 544 praeexsistente
3291 471 3397 524 for-

136 563 290 668 ᾦυγα
322 563 590 667 ἐξήγαγεν
677 563 769 664 γῆ,
803 591 984 662 πολλῷ
1020 589 1217 662 μᾶλλον
1239 587 1460 658 ληφθεὶς
1493 585 1596 638 ὑπὸ
1626 602 1661 636 τι

1872 584 2034 630 latum
2079 573 2270 626 fuisse.
2328 570 2538 625 Etenim
2573 569 2620 625 si
2675 576 2820 622 terra
2874 574 3069 620 caetera
3112 563 3397 626 animalia,

137 657 279 743 Θεοδῦ
309 657 446 759 χᾶῡξ
468 657 576 742 alia
735 657 860 754 γῆς,
888 657 1114 753 δύναμιν
1135 682 1373 753 ἔμψυχον
1401 680 1554 750 ἔσχεν
1581 695 1662 730 κα⁴

1869 677 1981 724 ixta
2003 666 2306 737 jussionem
2331 661 2628 723 Creatoris,
2671 661 2910 715 animata
2940 659 3216 730 produxit,
3250 657 3394 712 mul-

145 751 406 850 βούλησιν
422 751 531 832 Ῠκαὶ
564 751 1037 848 ἐνέργειαν-Θεοιῖξ
1169 751 1176 753 ἡ

1876 784 1882 813 ι
1914 761 2095 832 potius
2128 755 2306 827 pulvis
2323 770 2483 825 quem
2507 764 2706 810 eterra
2729 753 2964 823 sumpsit
3001 751 3165 818 Deus,
3222 752 3401 805 virtu-

1825 859 1932 909 te‘m
1981 851 2199 906 vitalem
2257 863 2287 900 a
2336 848 2615 901 voluntate
2664 855 2717 900 et
2743 844 3059 914 operatione
3098 842 3282 896 divina
3307 853 3402 893 ac-

1820 945 1989 1016 cepit.

160 1124 3383 1168 ,_________________________________._____.___.___..

683 1301 784 1352 EK
820 1297 962 1352 ΤΗΣ
1006 1302 1146 1352 ΤΟΥ
1177 1301 1384 1352 ΑΓΙΟΥ
1420 1299 1715 1356 ΠΕΤΡΟΥ
1749 1299 2306 1353 ΑΛΕΞΑΝΔΡΕΙΑΣ
2346 1295 2833 1350 ΔΙΔΑΣΚΑΛΙΑΣ.

1149 1460 1233 1514 EX
1282 1457 1626 1516 DOCTRINA
1670 1458 1871 1513 PETRI
1909 1455 2397 1512 ALEXANDRINI.

720 1614 813 1676 (Ex
841 1613 1049 1664 Leontio
1071 1620 1122 1662 et
1141 1614 1328 1661 Joanne
1360 1614 1468 1661 Rer.
1500 1624 1626 1659 sacr.
1653 1609 1735 1658 lib.
1763 1624 1815 1670 ιι,
1843 1624 1903 1671 ap
1942 1609 2054 1669 MAI,
2083 1609 2258 1674 Script.
2285 1617 2372 1661 vet.
2401 1617 2436 1660 t.
2465 1611 2572 1671 VII,
2605 1625 2655 1672 p.
2683 1610 2786 1672 96.)

221 1867 405 1927 Τάλας
452 1862 565 1930 ἐγὼ
609 1863 727 1916 οὐδὲ
754 1863 1030 1934 ἐμνήσθην
1061 1864 1140 1916 ὅτι
1165 1866 1192 1917 ὁ
1222 1864 1353 1927 Θεδς
1384 1864 1505 1916 νοῦν
1541 1867 1728 1936 ἐπιτη-

1911 1865 2072 1920 Miser
2102 1882 2222 1935 ego,
2255 1881 2362 1919 non
2405 1866 2647 1933 memini,
2670 1864 2835 1920 Deum
2870 1869 3102 1921 scrutari
3143 1875 3399 1936 mentem,

151 1964 241 2032 ρεῖ
270 1961 366 2012 καὶ
393 1957 572 2028 ψυχῆς
597 1957 781 2009 ἀκούει
806 1959 1016 2029 φωνήν·
1044 1959 1313 2026 συνέγνων
1333 1961 1410 2022 εἰς
1433 1960 1674 2030 ἁμαρτία

1876 1964 1888 2009 L
1921 1956 2109 2010 audire
2142 1971 2327 2010 vocem
2388 1955 2614 2021 animte;
2643 1971 2767 2009 cum
2807 1957 3146 2012 conscientia
3181 1973 3300 2012 mea
3331 1958 3401 2012 de

154 2051 293 2122 πρὸς
322 2049 556 2120 ἐμαυτὸν
583 2048 753 2116 λέγων
772 2067 784 2078 ο
809 2068 828 2100 ι
853 2049 1003 2120 Ἐλεή
1014 2068 1126 2120 μων
1145 2051 1292 2102 ἐστὶν
1308 2053 1336 2102 ὁ
1365 2051 1494 2114 Θεὸς
1522 2054 1615 2104 καὶ
1643 2053 1678 2105 ὰ

1878 2056 2059 2103 eccato
2083 2055 2274 2117 pactus
2306 2062 2445 2111 sum,
2476 2047 2542 2100 ad
2570 2063 2653 2100 me
2677 2047 2854 2116 ipsum
2879 2048 3066 2102 dicens
3098 2067 3110 2102 :
3137 2067 3154 2099 ι
3190 2048 3403 2104 Miseri-

154 2142 340 2207 έξεταί
371 2159 492 2212 μου·
519 2161 537 2192 ι
555 2142 647 2193 καὶ
666 2141 739 2212 μὴ
758 2141 985 2211 πληγεὶς
1002 2143 1360 2213 παραχρῆμα,
1380 2145 1479 2196 οὐκ
1501 2146 1678 2198 ὲπαυσ

1880 2158 1964 2198 ars
2017 2151 2102 2198 est
2151 2142 2294 2198 Deus
2331 2150 2390 2197 et
2443 2143 2736 2198 sustinebit
2783 2158 2904 2207 me;
2962 2162 2981 2194 ι
3011 2155 3066 2197 et
3100 2158 3225 2196 cum
3257 2145 3405 2198 illico

156 2249 290 2302 μην,
318 2232 455 2285 ἀλλὰ
481 2231 678 2301 μᾶλλον
705 2233 1081 2304 κατεφρόνησα
1114 2234 1458 2304 συγγνώμης,
1489 2235 1581 2287 καὶ
1613 2234 1681 2288 ὲδ‹

1878 2248 1944 2286 οη
1998 2247 2174 2286 essem
2210 2246 2527 2302 percussus,
2555 2247 2665 2285 non
2692 2233 2928 2296 cessavi,
2972 2233 3066 2287 sed
3117 2234 3290 2302 magis
3315 2237 3403 2290 di-

148 2324 382 2394 πάνησα
406 2322 542 2376 Θεοῦ
575 2323 970 2395 μακροθυμίαν.

1878 2325 2014 2378 lnam
2033 2325 2372 2378 tolerantiam
2401 2326 2702 2393 contempsi
2727 2332 2782 2378 et
2812 2326 3275 2396 longanimitatem
3307 2326 3403 2382 Dei

1839 2413 2087 2467 exhaust

186 2604 3393 2639 _——————_—'——_————'—'———————-————-—_—

1273 2770 1398 2858 IN
1456 2770 2210 2859 ΜΑΤΤΗᾹΕΠΜ.

611 2961 704 3023 (Ex
725 2962 986 3012 Justiniani
1009 2965 1124 3026 imp.
1159 2969 1369 3012 tractatu
1398 2970 1563 3014 contra
1587 2963 1963 3028 Honopltysitas,
1989 2978 2066 3027 ap.
2094 2965 2206 3024 ΜΑι,
2233 2965 2410 3028 Script.
2447 2973 2557 3024 vet.,
2581 2968 2688 3027 V'll,
2717 2969 2825 3029 306,
2850 2969 2986 3028 507.)

1779 3119 1849 3130 _.

231 3224 352 3278 Καὶ
378 3223 434 3274 ἐν
462 3221 540 3291 τῷ
566 3219 703 3273 κατὰ
731 3219 1006 3274 Ματθαῖον
1039 3221 1067 3272 ὁ
1096 3218 1297 3290 Κύριος
1327 3219 1473 3287 λέγει
1501 3218 1634 3288 πρὸς
1655 3218 1744 3271 τὸν

1926 3217 1991 3270 Ει
2024 3219 2077 3271 in
2108 3218 2400 3290 Evangelio
2423 3225 2721 3278 secundum
2777 3225 3108 3292 Matthaaum,
3134 3231 3209 3283 ait
3233 3231 3417 3286 Domi-

169 3313 536 3387 παραδιδόντα
569 3311 748 3364 αὐτόν·
783 3310 1069 3381 Φιλήματι
1094 3312 1197 3364 τὸν
1232 3313 1367 3364 my
1398 3309 1505 3363 τοῦ
1528 3311 1694 3378 ἀνθρ(

1893 3327 1956 3365 us
1987 3311 2053 3364 ad
2080 3326 2202 3364 eum
2228 3311 2319 3381 qui
2346 3313 2520 3382 ipsum
2558 3315 2801 3370 tradebat
2827 3337 2840 3370 :
2879 3318 3070 3372 Oscula
3103 3319 3151 3371 F
3154 3321 3300 3374 ilium
3324 3323 3416 3377 Ito-

170 3427 283 3466 που
313 3407 654 3477 παραδίδως
673 3407 694 3459 !
724 3407 891 3459 Τοῦτο
917 3406 973 3459 δὲ
997 3407 1199 3478 Πέτρος
1223 3410 1251 3460 ὁ
1281 3401 1489 3479 μάρτυς
1521 3407 1614 3461 καὶ
1643 3407 1695 3478 ἀγ

1891 3406 2007 3458 linis
2043 3405 2246 3458 tradis!
2279 3407 2432 3471 Quod
2467 3423 2744 3476 exponens
2791 3410 2985 3465 Petrus
3016 3423 3219 3484 martyr
3248 3423 3301 3468 et
3324 3431 3416 3469 ar-

170 3503 527 3572 χιεπίσκοπος
562 3499 959 3570 Ἀλεξανδρείας
998 3498 1356 3571 ἐξηγούμενος
1395 3499 1542 3567 λέγει
1577 3497 1695 3551 ταῦτ

1894 3497 2235 3568 hiepiscopus
2282 3499 2642 3564 Alexandria},
2704 3501 2816 3555 haec
2869 3513 2922 3556 et
2956 3503 3038 3558 his
3067 3505 3265 3558 similia
3295 3522 3419 3575 pro-

173 3593 262 3645 xa‘t
279 3591 358 3646 τὰ
372 3591 579 3654 τούτοις
594 3592 772 3662 ὃμοιαο
799 3611 817 3642 ι
842 3592 923 3646 Τά
945 3608 1003 3643 τε
1025 3593 1223 3662 σημεῖα
1245 3591 1420 3644 πάντα
1450 3591 1550 3643 ὅσα
1575 3590 1698 3642 ὲποίλ

1890 3598 1961 3643 art
1995 3609 2006 3642 :
2041 3608 2059 3640 ι
2101 3589 2265 3660 Signa
2290 3595 2496 3656 omnia,
2522 3609 2857 3663 quaecunque
2888 3595 3034 3657 fecit,
3077 3604 3129 3649 et
3166 3598 3415 3664 virtutes,

173 3700 280 3750 σεν,
308 3685 478 3738 καὶαὶ
493 3685 765 3754 δυνάμεις,
781 3684 1045 3739 δείκνυσιν
1067 3683 1228 3738 αὐτὸν
1245 3681 1376 3736 Θεὸν
1398 3681 1698 3750 ὲνανθρωπτ

1895 3696 1924 3733 e
1948 3681 2038 3734 illo
2069 3689 2340 3736 testantur
2377 3683 2519 3752 quod
2559 3681 2700 3737 Deus
2719 3682 2789 3737 sit
2818 3684 3133 3738 incarnatus
3159 3703 3171 3737 :
3205 3692 3418 3738 utrum-

176 3792 367 3828 σαντα·
397 3775 466 3828 τὰ
494 3777 873 3848 συναμφότερα
896 3776 1072 3829 τοίνυν
1106 3776 1397 3840 δείκνυται,
1420 3775 1500 3826 ὅτι
1525 3774 1656 3836 Θεὸς
1683 3769 1701 3826 i

1898 3789 1966 3827 ue
1997 3789 2126 3844 ergo
2157 3775 2317 3829 simul
2347 3775 2774 3842 demonstratur,
2826 3777 2975 3829 illum
3005 3792 3199 3846 nempe
3228 3785 3421 3830 natura

176 3866 364 3933 φύσει,
395 3868 488 3920 καὶ
510 3867 726 3935 ἐγένετο
750 3867 1031 3940 ἄνθρωπος
1060 3867 1239 3936 φύσει.
1285 3887 1301 3918 ι

1862 3865 2027 3919 Deum
2057 3882 2200 3929 esse,
2233 3875 2287 3921 et
2317 3868 2518 3921 factum
2551 3869 2718 3924 fuisse
2742 3877 2935 3922 natura
2972 3869 3266 3924 hominem.
3293 3889 3311 3921 ι

248 4165 527 4222 SANCTI
555 4165 777 4221 PETRI
808 4164 1392 4222 ARCIIIEPISCOPI
1439 4165 1530 4219 ET
1976 4161 2072 4214 EX
2105 4162 2462 4216 SICRMONE
2503 4164 2670 4233 (γει
2704 4165 2946 4237 LIBRO)
2999 4166 3094 4218 DE
3130 4168 3355 4223 ΤΗΕο-

1771 4380 1842 4389 .—

257 4471 482 4527 Interim
524 4472 855 4543 evangelista
901 4470 1128 4524 ﬁrmiter
1163 4471 1239 4523 ait
1272 4489 1285 4523 :
1329 4470 1553 4523 Verbum
1590 4485 1713 4521 caro
1746 4468 1947 4535 factum
1985 4473 2084 4530 est,
2118 4473 2166 4516 et
2203 4463 2460 4515 habitavit
2483 4464 2534 4515 in
2567 4462 2735 4514 nobis.
2768 4460 2842 4513 Ex
2876 4459 2978 4510 hoc
3012 4455 3419 4523 cognoscimus,

189 4568 442 4636 angelum
474 4580 599 4620 cum
645 4566 906 4634 virginem
945 4558 1204 4618 salutavit
1241 4561 1430 4616 dicens
1467 4561 1716 4623 :Gaude,
1751 4559 1950 4628 gaudio
1997 4557 2188 4626 plena,
2219 4555 2483 4609 Dominus
2520 4562 2742 4616 tecum;
2785 4553 3094 4622 significare
3133 4548 3374 4602 voluisse
3405 4563 3419 4596 :

195 4661 330 4716 Deus
365 4659 601 4713 Verbum
633 4666 810 4713 tecum
843 4664 928 4711 est
958 4676 969 4710 :
1016 4658 1256 4724 itemque
1304 4655 1588 4719 denOtare,
1617 4653 1748 4708 illud
1777 4651 1842 4705 de
1894 4651 2018 4705 sinu
2048 4650 2168 4718 ejus
2213 4650 2503 4708 oriturum,
2539 4656 2591 4699 et
2625 4663 2842 4700 carnem
2874 4648 3078 4700 factum
3127 4645 3214 4704 iri,
3261 4651 3426 4712 prout

192 4759 455 4828 scriptum
486 4764 571 4811 est
604 4773 615 4807 :
644 4755 873 4824 Spiritus
902 4764 1116 4808 sanctus
1146 4753 1470 4820 superveniet
1494 4751 1548 4803 in
1582 4757 1647 4814 te,
1679 4757 1727 4801 et
1764 4747 1929 4800 virtus
1959 4745 2220 4797 Altissimi
2255 4760 2306 4796 τη
2350 4754 2395 4797 te
2423 4743 2695 4796 descendet
2724 4758 2741 4804 ,°
2773 4743 2986 4811 ideoque
3011 4750 3058 4792 et
3083 4737 3220 4809 quod
3244 4753 3426 4792 nasce-

199 4861 278 4902 tur
293 4868 357 4905 ea:
381 4861 431 4904 te
452 4861 693 4903 sanctum
717 4849 988 4902 vocabitur
1009 4846 1183 4901 Filius
1216 4845 1332 4900 Dei.

523 5783 799 5844 Ρλτιιοι..
845 5782 961 5844 Gn.
995 5781 1226 5844 XVIII.

3091 5777 3171 5841 Π
