3862 6158
416 316 3640 366 m

1606 489 1744 530 ANNO
1771 489 1959 531 DOIIIHI
1998 491 2199 533 CCCXIII
2211 493 2397 533 41665!
2407 495 2476 533 VI.

1045 667 1262 882 S.
1429 662 3039 878 ALEXANDEB

691 1024 1724 1187 EPISCOPUS
1858 1022 3091 1281 ALEXANDRIN
3106 1031 3338 1191 US

1737 1474 2340 1591 NOTITIA

1215 1699 1502 1765 (GALLAND.,
1529 1697 1759 1752 Veterum
1779 1700 1987 1748 Patrum
2014 1696 2242 1763 Biblioh.,
2272 1702 2352 1763 ιν,
2378 1702 2598 1768 Proleg.,
2621 1719 2669 1768 p.
2696 1707 2818 1773 xix.)

406 1927 444 1985 l.
480 1928 778 1984 Alexander
823 1929 877 1982 in
898 1926 1015 1983 sede
1039 1928 1402 1982 Alexandrina
1451 1936 1720 1982 successor
1775 1927 2014 1983 Achillw.
2051 1927 2181 1998 Ejus
2233 1927 2443 1981 eximite
2491 1927 2658 1981 dotes.
2711 1925 2926 1981 Primus
2965 1928 3153 1981 Arium
3205 1925 3396 1982 deleat—it
3431 1925 3652 1984 damno-

473 2002 662 2070 aitque.

402 2093 470 2147 Il.
503 2091 796 2146 Alexandri
815 2092 1053 2146 studium
1083 2091 1141 2144 in
1165 2089 1352 2144 hwresi
1377 2091 1581 2144 Ariana
1605 2089 1964 2161 proﬂiganda.
1995 2088 2128 2160 Ejus
2161 2089 2270 2144 dies
2293 2100 2344 2143 et
2368 2106 2538 2144 annus
2567 2089 2877 2143 emortuaiis
2909 2090 3186 2144 statuitur.

401 2172 492 2243 Ill.
531 2188 662 2254 Qum
699 2188 968 2253 scripserit
1007 2183 1308 2239 Alexander
1359 2183 1428 2236 ad
1460 2184 1706 2238 ha'resim
1736 2184 1999 2238 Arianam
2041 2183 2464 2254 oppugnandam.
2504 2183 2695 2238 Exstat
2733 2183 2847 2252 ejus
2893 2185 3138 2252 epistola,
3181 2181 3486 2237 Alexandro
3523 2179 3647 2236 (ΞΡ.

469 2262 707 2328 episcopo
746 2259 1021 2325 inscripta.

400 2351 490 2406 IV.
537 2349 608 2404 De
627 2350 723 2404 hac
752 2348 976 2418 epistola
1016 2346 1279 2401 Holstenii
1317 2349 1593 2401 sententia.

399 2446 465 2502 γ.
501 2447 691 2516 Agitur
730 2444 793 2497 de
833 2444 1072 2516 oratione
1112 2441 1403 2494 Alexandri
1438 2441 1506 2494 ad
1546 2445 1971 2516 presbyteroset
2010 2442 2260 2500 diaconos
2312 2445 2699 2499 Alexandrinos
2751 2453 2800 2496 et
2836 2442 3174 2499 Mareoticos.
3222 2443 3355 2498 Item
3394 2444 3460 2498 de
3495 2445 3650 2501 illius

463 2512 688 2586 epistola
725 2515 1011 2584 encyclica,
1047 2528 1164 2582 quia
1202 2527 1283 2565 res
1322 2521 1494 2581 gestas
1534 2512 1736 2566 exhibet
1775 2515 1831 2566 in
1873 2515 2093 2568 Arianw
2130 2516 2385 2570 hwreseos
2423 2525 2631 2568 exortu.

468 2655 510 2713 1.
551 2655 778 2711 Achillae
803 2655 898 2725 qui
926 2651 1123 2724 exiguo
1150 2663 1392 2723 tempore
1428 2666 1458 2704 a
1512 2650 1657 2706 Petri
1708 2655 1972 2725 martyrio
2001 2668 2046 2722 Α
2075 2672 2329 2726 magnum
2352 2657 2666 2722 concilium,
2701 2656 2754 2709 in
2787 2671 2896 2726 quo
2920 2656 3120 2726 impius
3170 2657 3260 2710 ille
3294 2657 3363 2712 ab
3393 2656 3650 2713 Ecclesia

399 2749 822 2806 Alexandrinam
870 2747 1169 2802 Ecclesiam
1218 2744 1662 2808 administravit,
1713 2745 1973 2803 suffectus

391 2850 483 2898 est
531 2839 840 2896 Alexander
884 2838 1031 2892 circa
1092 2852 1295 2890 annum
1354 2836 1559 2890 Christi
1617 2836 1740 2893 512.
1797 2837 1972 2908 Hujus

398 2933 650 3004 prazsulis
684 2930 914 2985 eximias
935 2929 1175 2984 virtutes
1226 2942 1363 2997 quas
1411 2928 1638 2980 omnino
1691 2929 1974 2998 praeterire

397 3025 559 3080 libuit
593 3021 854 3086 Eusebio,
886 3021 1024 3075 alios
1054 3019 1351 3088 scriptores
1379 3018 1786 3075 ecclesiasticos
1823 3023 1971 3076 omni

397 3117 558 3173 laude
602 3122 924 3187 prosecutos
973 3126 1096 3167 esse
1146 3111 1522 3182 intelligimus.
1559 3109 1771 3166 Passim
1825 3113 1972 3168 enim

397 3209 552 3264 audit
589 3227 607 3259 ε
655 3206 983 3276 evangelicae
1015 3203 1279 3258 doctrina:
1333 3211 1710 3273 prOpugnator
1769 3206 1973 3261 acerri-

397 3317 519 3356 mus
551 3298 650 3372 ta),
695 3319 712 3352 ι
756 3301 783 3352 ὁ
810 3299 1053 3366 γενναῖος
1093 3294 1461 3349 ἁποστολικῶν
1499 3294 1782 3366 δογμάτων
1821 3288 1972 3365 ⁴γενό-

399 3409 557 3464 μενος
586 3391 873 3464 πρόμαχος
909 3407 921 3419 ·
964 3409 982 3441 ‹
1030 3388 1455 3460 apostolicorum
1502 3386 1817 3459 dogmatum
1850 3389 1971 3444 vin-

397 3485 501 3540 dex
530 3492 584 3539 et
607 3491 868 3555 patronus
902 3481 999 3554 (bl,
1039 3500 1056 3532 ι
1089 3481 1117 3533 ὁ
1148 3481 1254 3532 τῶν
1281 3478 1647 3532 ὰποστολικῶν
1691 3480 1970 3552 δογμάτων

398 3579 698 3650 συνήγορος
721 3595 734 3607 ·
771 3586 934 3647 atque
968 3574 1035 3645 (ε)
1071 3573 1263 3628 divina:
1315 3572 1439 3643 ﬁdei
1487 3575 1822 3642 episcopus...
1854 3575 1966 3644 ple-

393 3685 492 3722 nus
525 3669 810 3738 sapientia,
859 3677 906 3720 et
943 3666 1148 3734 Spiritu
1196 3673 1380 3718 sancto
1431 3665 1658 3733 fervens.
1699 3663 1967 3718 Nimirum

392 3761 699 3815 Alexander
720 3760 909 3813 Arium
949 3750 1156 3828 primus
1203 3765 1258 3813 et
1300 3757 1503 3812 detexit
1545 3767 1599 3812 et
1649 3757 1964 3823 damnavit;

2077 2750 2399 2804 exturbatus
2450 2748 2552 2802 fuit
2595 2757 2758 2819 atque
2809 2751 3168 2819 proscriptus.
3199 2749 3265 2803 Et
3292 2751 3497 2807 multas
3528 2755 3654 2824 qui-

2077 2839 2197 2894 dem
2252 2840 2631 2895 aﬂlictationes
2693 2841 3003 2910 multosque
3065 2841 3275 2896 labores
3339 2843 3393 2896 in
3445 2843 3653 2900 haeresi

2074 2930 2274 2984 Ariana
2313 2928 2646 3000 proﬂiganda
2671 2931 2914 2998 pertulit,
2944 2930 3195 3000 quamvis
3222 2947 3409 2994 senex,
3439 2932 3654 2987 beatis-

2075 3020 2247 3076 simus
2269 3019 2607 3085 Alexander;
2637 3020 2836 3089 quibus
2863 3020 3077 3075 demum
3110 3021 3432 3090 perfunctus
3460 3021 3516 3076 in
3544 3037 3653 3077 ex-

2074 3122 2245 3167 trema
2291 3120 2570 3167 senectute
2623 3113 2907 3181 appositus
2939 3121 3022 3168 est
3063 3113 3130 3166 ad
3183 3122 3365 3183 patres
3391 3131 3546 3179 suos,
3581 3124 3653 3170 ut

2074 3203 2264 3258 scribit
2312 3210 2536 3258 sanctus
2579 3201 2911 3260 Athanasius
2967 3205 3068 3273 (e);
3120 3205 3213 3274 qui
3271 3213 3325 3260 et
3362 3206 3492 3264 alibi
3522 3205 3588 3277 (f)
3633 3229 3648 3263 :

2078 3311 2096 3343 ‹
2137 3293 2415 3349 Mensibus
2444 3298 2706 3366 quinque,
2741 3297 2818 3350 ait
2844 3299 2897 3364 (a
2929 3295 3104 3350 reditu
3144 3295 3361 3367 Nicete),
3393 3297 3653 3352 nondum

2073 3386 2303 3446 exactis,
2337 3402 2650 3455 supremum
2683 3389 2824 3442 diem
2858 3388 2990 3442 obiit
3027 3390 3194 3442 beatae
3224 3391 3499 3443 memoriae
3521 3390 3654 3446 Ale—

2080 3477 2285 3532 xander
2314 3493 2326 3527 :
2367 3495 2388 3529 3
2424 3477 2575 3530 οὕπω
2619 3475 2727 3548 γὰρ
2763 3477 2923 3530 πέντε
2961 3478 3135 3549 μῆνες
3179 3481 3481 3553 παρῆλθον,
3513 3489 3609 3541 καὶ
3635 3491 3667 3542 ό

2081 3568 2178 3639 μὲν
2228 3570 2537 3641 μακαρίτης
2586 3569 2928 3642 Ἀλέξανδρος
2953 3571 3353 3646 τετελεύτηκεν.
3385 3578 3563 3646 Atque
3603 3581 3666 3635 in

2070 3659 2317 3713 eamdem
2352 3661 2679 3715 sententiam
2710 3658 3074 3716 Theodoritus
3109 3662 3181 3732 (g)
3227 3681 3240 3715 :
3280 3680 3299 3712 ‹
3339 3662 3499 3726 Cum,
3549 3663 3650 3718 in-

2070 3750 2209 3819 quit,
2247 3752 2587 3807 admirabilis
2622 3754 2714 3808 ille
2743 3755 3034 3824 episcopus
3064 3754 3370 3808 Alexander
3395 3755 3490 3824 qui
3520 3755 3650 3809 Arii

393 3868 785 3922 sacrarumque
837 3852 1139 3904 litterarum
1177 3851 1432 3920 vestigiis
1477 3849 1761 3913 insistens,
1794 3856 1853 3902 ut
1894 3849 1969 3903 ait
2071 3841 2465 3911 blasphemiam
2514 3847 2865 3916 expugnavit,
2901 3855 3030 3916 post
3063 3847 3306 3917 quinque
3353 3863 3575 3902 menses
3612 3863 3650 3901 a

393 3945 758 4000 Theodoritus
783 3942 884 4014 (ά),
919 3941 1118 3996 Filium
1146 3940 1260 4005 Dei,
1289 3957 1450 4011 quem
1480 3941 1769 3997 haereticus
1803 3939 1966 3993 homo
1996 4007 2033 4014 _
2071 3935 2278 4004 synodo
2307 3934 2522 3991 Nicaena
2544 3937 2756 3991 vivendi
2788 3936 2950 3991 finem
2981 3937 3222 4001 fecisset,
3252 3937 3652 3993 Alexandrinae

392 4047 704 4093 creaturam
738 4044 792 4091 et
836 4036 1102 4088 facturam
1133 4033 1385 4097 vocabat,
1448 4033 1692 4100 ejusdem
1722 4048 1846 4087 esse
1873 4031 1959 4085 di-
1994 4007 2038 4062 Β
2069 4025 2327 4083 Ecclesia:
2367 4030 2718 4097 praesulatum
2761 4030 3098 4085 Athanasius
3134 4031 3396 4101 suscepit.
3439 4050 3458 4082 ι
3509 4030 3648 4085 Haec

391 4131 614 4202 gnitatis
642 4144 764 4183 cum
785 4127 966 4192 Patre,
1001 4127 1356 4194 eamdemque
1381 4140 1502 4178 cum
1526 4123 1636 4179 Deo
1663 4123 1756 4194 qui
1786 4124 1963 4194 ipsum
2067 4121 2178 4176 ille.
2213 4119 2385 4187 Quam
2410 4121 2630 4192 quidem
2655 4124 2915 4191 temporis
2947 4123 3305 4186 notationem,
3357 4130 3418 4176 ut
3445 4123 3652 4177 adver-

390 4220 599 4292 genuit,
643 4219 841 4274 habere
864 4216 1228 4272 substantiam
1251 4215 1490 4269 edocuit.

463 4306 527 4363 II.
567 4305 632 4360 Et
664 4307 901 4377 primum
955 4305 1174 4374 quidem
1225 4304 1448 4358 monitis
1497 4313 1552 4359 et
1589 4305 1836 4360 consiliis
1864 4305 1965 4359 lio-

388 4397 589 4454 minem
617 4397 685 4451 ab
730 4397 983 4451 instituto
1029 4410 1288 4450 revocare
1337 4397 1568 4452 studuit.
1613 4397 1682 4450 At
1714 4397 1804 4451 ubi
1837 4413 1962 4453 eum

390 4491 632 4546 insanire
652 4503 930 4559 suamque
957 4487 1290 4557 impietatem
1322 4489 1498 4557 palam
1523 4489 1823 4558 praedicare
1846 4490 1964 4542 ani-

387 4581 678 4636 madvertit
697 4593 921 4637 sanctus
951 4579 1180 4634 antistes
1201 4618 1215 4642 ,
1259 4578 1603 4634 Alexandriae
1639 4591 1825 4634 coacta
1854 4595 1962 4633 una

384 4682 440 4729 et
470 4673 641 4728 altera
677 4671 886 4743 synodo
916 4671 1298 4741 episcoporum
1334 4668 1575 4742 Egypti,
1623 4686 1690 4725 ex
1720 4671 1959 4743 presby-

391 4774 637 4821 terorum
669 4764 860 4818 ordine
893 4763 1044 4816 illum
1093 4762 1362 4832 dejectum
1403 4761 1663 4816 Ecclesia:
1715 4777 1960 4816 commu-

388 4857 553 4910 nione
595 4853 847 4922 privavit.
890 4851 1029 4905 Tum
1072 4866 1203 4906 vero
1252 4851 1567 4920 hujusmodi
1618 4851 1961 4905 anathemate

2067 4213 2132 4266 tit
2173 4213 2420 4269 eruditus
2466 4212 2798 4284 Lequienius
2832 4213 2929 4285 (It),
2985 4216 3039 4268 in
3085 4215 3346 4284 singulari
3396 4215 3647 4285 quadam

2064 4303 2542 4360 dissertatiuncula
2563 4306 2869 4362 edisserens
2898 4307 3249 4361 doctissimus
3294 4305 3649 4362 Montfauco—

2065 4399 2210 4463 nius,
2243 4398 2481 4454 ostendit
2505 4397 2869 4452 Alexandrum
2899 4399 3102 4454 obiisse
3145 4399 3232 4454 die
3251 4396 3321 4451 22
3344 4398 3647 4454 Barmudm

2065 4507 2163 4546 seu
2211 4489 2555 4551 Pharmuthi,
2597 4488 2732 4542 feria
2774 4505 2833 4552 ιι,
2886 4489 3088 4560 Aprilis
3138 4492 3310 4545 nostri
3346 4491 3436 4554 I7,
3485 4507 3647 4547 anno

2064 4582 2294 4651 proinde
2344 4582 2516 4635 altero
2580 4589 2704 4651 post
2757 4579 3030 4636 Nicaanam
3099 4581 3368 4652 synodum
3395 4621 3410 4646 ,
3481 4582 3648 4637 scili-

2063 4680 2150 4727 cet
2181 4673 2306 4728 526.

2132 4762 2222 4820 Ill.
2267 4763 2500 4836 Scripsit
2549 4763 2856 4819 Alexander
2907 4765 3216 4834 encyclicas
3269 4765 3336 4819 ad
3381 4766 3646 4837 singulos

2059 4855 2346 4925 episcopos
2401 4855 2630 4921 litteras,
2674 4856 2785 4919 τοῖς
2829 4855 3140 4925 ἁπανταχοῦ
3175 4856 3314 4909 κατὰ
3345 4856 3524 4921 πόλιν,
3574 4870 3648 4915 ιιι

387 4946 671 5014 perculsus
702 4942 1087 5006 haeresiarcha,
1121 4957 1247 4995 cum
1278 4942 1452 5009 magis
1477 4939 1654 4994 adhuc
1680 4940 1960 5010 magisque

376 5037 568 5091 furere
617 5041 885 5106 pergeret,
931 5047 1074 5086 anno
1096 5031 1326 5086 tandem
1384 5031 1489 5085 525
1539 5029 1733 5085 Nicaeae
1763 5031 1818 5083 in
1870 5029 1960 5083 Bi-

375 5129 570 5200 thynia
609 5143 672 5182 ex
695 5127 959 5182 universo
979 5125 1300 5180 Christiano
1329 5123 1460 5179 orbe
1484 5130 1844 5179 convocatum
1874 5129 1958 5178 est

2059 4961 2126 5001 ex
2155 4944 2378 5000 Socrate
2404 4947 2770 5015 comperimus
2807 4945 2892 5018 (i),
2927 4948 3130 5017 quibus
3172 4948 3423 5002 haeresim
3470 4950 3650 5003 Aria-
3698 4979 3707 5030 ι

2059 5052 2184 5091 nam
2220 5038 2602 5108 oppugnabat;
2637 5053 2840 5108 easque
2865 5038 3036 5094 ferme
3082 5042 3425 5110 septuaginta
3456 5039 3648 5098 fuisse

2053 5126 2224 5182 refert
2249 5125 2588 5197 Epiphanius
2618 5128 2704 5200 υ).
2739 5127 2877 5184 Suas
2908 5144 3071 5199 porro
3101 5131 3361 5200 epistolas
3397 5130 3648 5201 vigilan—

453 5304 532 5378 (ᾳ)
565 5304 840 5378 :I‘heodor.
882 5303 1030 5360 Hist.
1061 5304 1213 5369 eccl.,
1237 5303 1334 5361 lib.
1371 5318 1411 5368 ι,
1439 5318 1560 5373 cap.
1591 5304 1646 5359 2.
2135 5304 2202 5375 (ι’)
2362 5304 2783 5378 Apolog_._pontr.
2822 5306 3037 5378 Arion,
3075 5306 3218 5378 §59,
3248 5321 3368 5378 pag.
3405 5305 3529 5361 178.

453 5373 531 5442 (b)
566 5373 643 5430 Id.
681 5375 809 5430 ibid.
1180 5446 1192 5458 .
1661 5442 1672 5454 _
1720 5443 1731 5454 ι
2135 5373 2209 5496 (Ξ)
2240 5373 2512 5456 Theodor.
2535 5373 2692 5430 ’Iiist.
2723 5376 2874 5456 ecol.,
2906 5377 3002 5430 lib.
3029 5373 3209 5446 μεεὶρ.
3238 5373 3330 5432 Ξϋζ

453 5447 525 5496 tcl
556 5445 796 5496 Marcell.
823 5454 878 5496 et
908 5443 1096 5496 Faust.
1128 5444 1314 5496 Libell.
1340 5459 1504 5496 prec“
1533 5443 1636 5496 sub
1660 5451 1781 5496 mit.
2133 5449 2148 5496 ι
2195 5447 2211 5496 l
2243 5444 2504 5496 Leauien.
2548 5443 2643 5496 0r.
2681 5443 2904 5496 Christ“
2937 5455 3073 5496 tom-
3096 5445 3162 5496 ll-
3184 5462 3309 5496 nan.

452 5447 525 5518 (c_)
556 5445 796 5518 litamen.
823 5454 881 5518 et
908 5443 1096 5500 Faust.
1128 5444 1314 5500 Libell.
1340 5459 1504 5513 pree.,
1533 5442 1781 5500 subinit.
2133 5442 2211 5518 (lt)
2235 5444 2504 5518 _Lequie_n.
2548 5443 2643 5499 0r.
2681 5443 2904 5518 Christ.,
2937 5455 3073 5501 tom.
3096 5442 3309 5518 ll,'pag.
3333 5443 3459 5502 599.

454 5514 533 5586 (ά)
563 5514 837 5589 Τιῃοοόοε.
867 5515 906 5589 _l.
935 5530 986 5570 c.
1041 5583 1052 5589 _
1153 5584 1164 5589 _
1295 5583 1336 5589 _
1559 5583 1579 5589 Α
1618 5584 1671 5589 __
1905 5582 1926 5589 _
2131 5516 2197 5586 (ἰ)
2230 5515 2386 5589 §ocr_.
2424 5514 2569 5589 Ilist.
2601 5517 2729 5572 ecct.
2769 5516 2935 5589 libat,
2962 5531 3084 5589 cap.
3118 5517 3172 5573 6.

450 5577 753 5714 (ei‘gtghan.
779 5577 950 5655 Epist.
983 5583 1052 5640 ad
1080 5584 1241 5655 episc.
1266 5583 1506 5656 Egypt,
1556 5583 1582 5655 §
1613 5584 1704 5654 21,
1737 5589 1869 5641 tom.
1905 5582 1948 5652 Ι,
2231 5584 2425 5658 Epiph.
2456 5585 2587 5642 hair.
2625 5601 2774 5656 uix,
2806 5584 2833 5656 §
2865 5587 2918 5642 4.

452 5675 532 5714 ιω.
638 5699 665 5714 ..
2048 5677 2077 5702 ι·

381 5673 665 5731 ιεαεορωι.
753 5731 756 5735 _
2024 5719 2028 5722 ,
2048 5677 2077 5702 ι·
