3862 6158
177 338 286 396 525

1168 345 1226 399 S.
1269 333 1689 400 ALEXANDER
1726 333 1935 399 ALEX.
1964 333 2359 401 —NOTlTlA.

3282 366 3283 369 ‘
3321 346 3424 406 526

177 457 451 512 tissimum
500 447 787 528 praesulem
834 466 959 513 eum
998 450 1073 514 iis
1120 465 1258 530 quas
1313 458 1381 512 ad
1434 459 1613 530 ipsum
1662 474 1752 514 re-
1781 466 1832 524 Α
1858 459 2124 513 circulum
2157 460 2325 515 missa
2353 452 2661 514 ostendam.
2702 450 2887 531 Neque
2927 476 3028 533 ego
3058 458 3147 517 hic
3178 456 3428 523 Theodo-

177 548 521 617 scripserunt
544 549 786 619 episcopi
817 564 914 620 per
962 549 1206 619 singulas
1248 549 1412 605 urbes
1441 549 1751 615 constituti,

176 656 278 711 pro
303 640 590 696 catholica:
610 641 897 696 sententiae
928 639 1246 695 defensione
1285 643 1341 695 iu
1393 657 1559 695 unum
1593 642 1751 696 volu-

175 748 302 787 men
333 732 702 803 congessisse.
732 743 927 804 praeter
959 731 1241 788 Socratem
1278 732 1354 804 (a)
1387 741 1621 787 testatur
1650 731 1753 787 So-

176 840 445 881 zomenus
468 825 571 897 (ὸ).
597 826 668 880 At
687 842 756 881 ex
793 826 1050 882 omnibus
1077 827 1324 897 epistolis
1345 841 1484 897 quas
1514 826 1753 881 Alexan—

174 917 339 971 drum
372 918 762 989 perscripsisse
795 919 965 973 tradit
992 920 1314 990 antiquitas,
1358 920 1479 974 dua:
1507 927 1751 973 tantum-

173 1012 341 1067 modo
354 1014 577 1084 integraz
592 1014 754 1069 hodie
770 1023 1052 1085 superant;
1058 1015 1265 1089 quibus
1284 1012 1491 1069 accedit
1506 1014 1751 1083 ejusdem

172 1103 475 1159 Alexandri
506 1106 688 1161 brevis
716 1105 974 1161 allocutio
1005 1105 1073 1161 de
1101 1106 1215 1160 Arii
1250 1115 1305 1161 et
1333 1106 1606 1159 sociorum
1652 1106 1751 1161 de-

173 1196 452 1265 positiOne
473 1198 541 1249 ad
568 1198 919 1269 presbyteros
952 1205 1007 1251 et
1037 1197 1305 1252 diaconos
1327 1197 1667 1252 Alexandriae
1693 1203 1752 1250 et

172 1287 451 1343 Hareotte.
500 1288 865 1359 Epistolarum
899 1289 1084 1359 itaque
1118 1289 1267 1359 prior
1295 1304 1456 1358 quam
1500 1287 1752 1343 Theodo-

172 1380 284 1435 rito
306 1390 586 1450 acceptam
616 1380 906 1437 referimus
953 1381 1047 1452 (c),
1080 1381 1412 1451 homonymo
1442 1380 1751 1435 Alexandro

172 1472 783 1544 Constantinopolitano
807 1475 1066 1545 episcopo
1089 1474 1429 1529 inscribitur.
1456 1472 1606 1527 Hane
1625 1487 1750 1527 vero

174 1567 471 1635 epistolam
502 1574 625 1637 post
648 1567 979 1623 celebratam
1030 1565 1298 1637 synodum
1326 1566 1749 1620 Alexandrinam

173 1654 354 1709 fuisse
398 1663 703 1720 exaratam,
742 1672 809 1711 ex
850 1656 918 1711 iis
958 1662 1296 1727 compertum
1334 1638 1597 1709 habemus
1628 1668 1750 1724 quae

168 1748 278 1803 sub
304 1748 521 1803 initium
550 1757 868 1806 occurrunt.
904 1749 996 1803 Sic
1025 1750 1168 1805 enim
1196 1757 1420 1806 sanctus
1443 1746 1606 1800 Pater
1626 1746 1703 1817 (ά)
1732 1765 1744 1800 :

1859 550 1968 605 rito
2006 550 2217 606 futilem
2256 550 2460 609 Gelasii
2504 553 2759 624 Cyziceni
2807 554 3117 613 Diobolaris
3176 558 3427 631 ῥαψῳδοῦ

1855 644 2240 698 auctoritatem
2286 645 2654 714 opposuerim,
2705 648 2799 718 qui
2833 648 3206 704 Alexandrum
3258 654 3427 708 istum

1854 733 1960 789 hoc
1990 743 2235 805 tempore
2262 734 2368 791 CP.
2406 735 2662 793 Ecclesia
2695 738 2931 795 necdum
2973 742 3260 812 praefuisse
3285 744 3429 798 allir-

1853 833 2005 894 ma’t;
2031 843 2305 899 quemque
2331 829 2495 901 paulo
2548 839 2673 901 post
2716 831 2941 888 Nicaeae
2970 836 3207 891 concilio
3245 838 3431 908 priva-

1853 926 1970 973 tum
2004 919 2182 975 adhuc
2213 922 2591 994 presbyterum
2640 940 2739 995 pro
2788 926 3141 998 MetrOphane
3181 937 3431 989 extrema

1854 1018 2137 1067 senectute
2171 1013 2423 1070 confecto
2469 1014 2785 1073 interfuisse
2818 1020 3031 1077 scribit.
3061 1019 3234 1091 Cujus
3269 1023 3428 1078 [idem

1855 1101 2051 1158 incerti
2078 1120 2294 1176 quoque
2319 1109 2826 1166 auctoris-narratio
2852 1111 2920 1166 de
2947 1126 3181 1168 cccxvm
3218 1113 3429 1170 Nieaeni

1852 1195 2071 1250 concilii
2105 1195 2359 1253 Patribus
2389 1200 2657 1269 sequitur,
2688 1218 2809 1271 quae
2837 1203 2893 1257 in
2941 1202 3187 1259 Historia
3214 1216 3428 1260 sancto-

1852 1303 1971 1340 rum
1998 1286 2288 1358 Lipomani
2314 1302 2528 1360 exstat;
2558 1293 2718 1364 cujus
2744 1296 3025 1366 exemplar
3052 1313 3122 1354 ex
3157 1300 3308 1379 regio
3327 1289 3428 1355 eo-

1852 1375 1974 1432 dice
1999 1378 2054 1432 in
2086 1377 2278 1436 Galliis
2309 1380 2605 1452 aliquando
2625 1398 2711 1438 me
2734 1385 3153 1457 transcripsisse
3168 1375 3423 1445 memini.

1852 1466 2000 1537 Haec,
2033 1470 2279 1541 inquam,
2312 1474 2448 1527 tanti
2480 1489 2589 1528 non
2621 1482 2771 1540 sunt,
2810 1483 2873 1530 ut
2917 1472 3235 1533 Theodoriti
3282 1479 3423 1535 alio-

1852 1576 2084 1634 rumque
2112 1565 2404 1635 meliorum
2454 1574 2745 1623 auctorum
2796 1569 2958 1624 tidem
2991 1571 3134 1640 apud
3175 1587 3278 1627 nos
3310 1572 3425 1628 ele-

1850 1661 1999 1710 vent.
2040 1675 2059 1709 ι
2092 1652 2370 1713 Hactenus
2400 1654 2738 1716 Ho’lstenius.
2779 1660 2969 1731 Neque
2995 1663 3111 1718 'ahs
3153 1678 3213 1719 re
3261 1664 3426 1720 fuerit

1852 1751 2141 1807 consulere
2190 1750 2680 1820 Montl‘aucouium,
2732 1755 2828 1824 qui
2869 1755 3083 1809 erudite
3130 1756 3425 1811 admodum

174 1861 195 1891 ε
240 1843 322 1897 Ac
354 1858 456 1898 nos
491 1844 730 1914 quidem.
763 1845 961 1915 inquit,
996 1856 1120 1900 cum
1151 1858 1214 1898 ea
1265 1858 1385 1912 quae
1431 1842 1555 1896 vita:
1600 1841 1748 1910 ipso—
1780 1858 1821 1912 Β
1848 1838 2088 1910 inquirit
2117 1839 2203 1912 (i),
2247 1841 2378 1911 quid
2411 1843 2483 1897 sit
2519 1842 2625 1897 hac
2656 1843 2774 1914 ipsa
2808 1843 2866 1898 in
2893 1843 3128 1914 epistola
3160 1844 3224 1915 (j)
3259 1845 3426 1916 τόμος

168 1951 296 1990 rum
328 1934 702 2007 (Arianorum)
729 1952 794 1991 ac
824 1938 1048 1992 nefariis
1081 1936 1374 1991 conatibus
1405 1943 1741 2005 competunt,

170 2030 355 2087 serius
382 2040 604 2103 propter
636 2030 878 2101 ipsorum
901 2031 1136 2085 latebras
1159 2029 1743 2100 deprehendissemus;

168 2125 457 2178 communi
485 2124 731 2179 omnium
761 2122 1022 2195 sull‘ragio
1051 2140 1119 2178 ex
1144 2131 1288 2178 coetu
1329 2120 1590 2177 Ecclesiae
1626 2136 1747 2191 qua:

168 2217 381 2274 Christi
408 2217 747 2274 divinitatem
778 2218 988 2284 adorat,
1017 2232 1116 2273 eos
1142 2216 1424 2287 ejecitnus.
1459 2235 1477 2267 ι
1514 2214 1746 2269 Praeter-

168 2327 258 2377 ea,
287 2319 352 2366 ut
383 2312 642 2368 observat
665 2312 741 2373 ,cl.
768 2308 1044 2375 Valesius,
1072 2326 1138 2366 ex
1185 2311 1293 2365 alio
1333 2309 1581 2379 ejusdem
1630 2307 1747 2378 epi-

170 2404 332 2459 stolae
362 2404 485 2458 loco
515 2403 585 2476 (ε)
608 2403 873 2460 discimus
902 2420 1023 2459 eam
1055 2404 1349 2475 scripsisse
1374 2402 1744 2459 Alexandrum

168 2503 299 2552 ante
336 2497 486 2552 illam
515 2512 679 2567 quam
704 2496 772 2551 ad
806 2512 998 2552 omnes
1029 2495 1303 2553 Ecclesias
1321 2496 1537 2552 direxit.
1565 2494 1746 2564 Siqui-

169 2587 297 2643 dem
330 2603 399 2645 eo
426 2588 535 2643 loci
573 2590 653 2644 sic
684 2589 926 2658 loquitur
955 2589 1149 2644 beatus
1188 2589 1455 2645 antistes:
1492 2607 1512 2640 ι
1550 2587 1746 2644 Nescio

167 2698 282 2753 quo
311 2682 477 2737 modo
503 2682 740 2739 ordinati
759 2683 816 2737 in
842 2681 998 2753 Syria
1020 2691 1130 2738 tres
1152 2682 1414 2753 episeOpi,
1445 2681 1554 2738 illis
1578 2679 1747 2747 (Aria-

168 2772 283 2842 nis)
323 2773 742 2839 consentiendo,
770 2787 866 2828 eos
890 2772 958 2827 ad
983 2773 1169 2844 pejora
1195 2771 1444 2826 incitant.
1488 2791 1506 2822 ι
1542 2771 1747 2825 Intelli-

165 2862 245 2933 git
271 2863 561 2927 nimirum,
594 2865 669 2917 ait
692 2864 775 2917 vir
796 2865 1022 2919 criticus
1047 2863 1135 2934 (Γ),
1164 2862 1459 2919 Eusebium
1487 2860 1748 2917 Caesareae

167 2954 483 3010 Palaestina:
533 2955 893 3025 episcopum,
962 2955 1302 3011 Theodotum
1352 2945 1639 3009 Laodiceae
1692 2962 1747 3009 et

167 3046 464 3103 Paulinum
496 3047 628 3120 Tyri
670 3068 683 3103 :
738 3049 836 3104 hos
880 3049 1025 3104 enim
1070 3048 1415 3103 anathemate
1460 3047 1745 3102 damnatos

169 3140 346 3196 fuisse
378 3156 410 3194 a
440 3151 631 3196 nostro
665 3141 897 3210 praesule
918 3140 1291 3196 Alexandrino
1319 3147 1553 3195 testatur
1584 3138 1746 3193 Arius

167 3234 224 3288 in
245 3233 484 3304 epistola
510 3234 576 3287 ad
602 3232 894 3288 Eusebium
918 3232 1386 3288 Nicomediensem
1405 3234 1744 3302 episcopum,

167 3341 337 3395 quam
367 3325 562 3380 recitat
592 3324 961 3381 Theodoritus
988 3325 1085 3397 (g).
1118 3326 1287 3396 Cujus
1330 3327 1552 3397 quidem
1586 3325 1748 3379 Nico-

167 3417 473 3473 mediensis
497 3416 740 3488 episcopi
777 3417 1108 3473 mentionem
1142 3416 1323 3472 facere
1353 3417 1500 3472 haud
1526 3418 1748 3473 omisis-

168 3518 253 3564 set
285 3509 597 3565 Alexander
625 3511 681 3564 in
717 3510 824 3578 hac
864 3509 931 3564 ad
970 3510 1347 3580 cognominem
1381 3509 1746 3565 Alexandrum

167 3603 429 3671 epistola,
464 3607 513 3658 si
535 3618 655 3658 eam
683 3604 806 3657 loco
828 3605 1131 3673 posteriore
1161 3603 1500 3673 scripsisset.

238 3693 335 3748 ιν.
372 3692 639 3751 Caeterum
666 3696 736 3751 ad
761 3695 1006 3766 ejusdem
1042 3697 1286 3767 epistolae
1331 3696 1745 3766 inscriptionem

167 3793 319 3863 quod
356 3793 572 3857 attinet,
621 3801 818 3864 prater
847 3810 911 3849 ea
938 3810 1061 3864 quae
1107 3794 1176 3848 ad
1219 3795 1368 3848 illam
1401 3810 1467 3849 ex
1499 3792 1668 3865 Pagio
1693 3803 1748 3849 et

168 3884 401 3940 Baluxio
436 3886 841 3952 adnotavimus,
866 3888 1192 3943 sententiam
1218 3886 1490 3942 Holstenii
1518 3888 1622 3942 viri
1645 3887 1744 3940 do-

169 3977 410 4034 ctissimi
450 3978 555 4032 huc
586 3979 859 4035 adducere
884 3980 1110 4050 juverit.
1149 3978 1241 4034 Sic
1273 3980 1439 4051 igitur
1483 3981 1573 4033 ille
1609 3980 1687 4051 (It)
1731 4000 1742 4035 ε

172 4086 193 4119 ι
229 4068 375 4124 Cum
423 4070 477 4122 in
530 4070 636 4123 hac
668 4070 919 4139 epistola,
972 4086 1084 4124 non
1132 4086 1299 4125 unum
1351 4071 1608 4140 aliquem,
1651 4071 1746 4125 sed

169 4161 362 4230 plures
390 4162 626 4217 subinde
653 4163 966 4233 alloquatur
983 4162 1291 4218 Alexander
1473 4162 1604 4216 mihi
1640 4162 1745 4215 lixa

168 4253 287 4309 haec
336 4254 489 4309 sedet
518 4255 808 4321 sententia,
860 4271 970 4309 non
1024 4255 1289 4324 privatam
1339 4255 1577 4324 aliquam
1634 4255 1748 4309 sive

168 4346 552 4402 tractatoriam
600 4348 742 4402 hanc
785 4348 1069 4419 epistolam
1118 4362 1263 4412 esse,
1294 4347 1388 4402 sed
1420 4346 1745 4401 circularem

166 4452 234 4492 ac
264 4437 603 4507 generalem,
642 4439 868 4492 missam
893 4437 961 4491 ad
985 4438 1235 4492 diversos
1270 4434 1501 4505 Europa
1530 4434 1747 4504 episco-

1774 3198 1823 3260 C

1850 1935 1968 1990 sive
1997 1941 2181 1990 tomus
2220 1936 2333 2002 ille,
2357 1952 2517 2006 quem
2537 1938 2809 2007 episcopis
2837 1952 2935 2007 per
2964 1938 3152 1993 orbem
3179 1938 3426 1995 subscri-

1850 2027 2091 2082 bendum
2134 2027 2443 2085 Alexander
2480 2030 2883 2087 Alexandrinus
2932 2030 3001 2087 ad
3049 2031 3424 2088 Alexandrum

1847 2119 2169 2191 Byzantium
2199 2122 2368 2178 misit.

1920 2212 1984 2267 V.
2027 2212 2103 2268 De
2152 2214 2379 2285 reliquis
2424 2215 2641 2272 duobus
2695 2217 2999 2272 litterarum
3051 2219 3422 2273 monumentis

1848 2318 1970 2374 quae
2010 2306 2271 2376 superius
2311 2308 2614 2378 excipiunt,
2648 2324 2774 2365 cum
2802 2325 2866 2365 ea
2904 2310 3017 2364 sint
3048 2324 3117 2364 ex
3158 2311 3423 2380 praeclara

1847 2396 2347 2452 Athanasianorum
2388 2399 2627 2456 editione
2670 2400 2967 2472 descripta,
3024 2409 3246 2471 praestat
3293 2415 3423 2472 pro-

1850 2495 2037 2557 pterea
2062 2489 2357 2560 ipsummet
2383 2493 2799 2557 celeberrimum
2827 2494 3093 2549 editorem
3138 2496 3213 2549 ita
3240 2495 3309 2550 de
3351 2497 3423 2552 iis

1848 2582 2272 2653 praeloquentem
2300 2584 2491 2639 audire
2513 2584 2586 2656 (Ir)
2615 2603 2630 2641 :
2664 2603 2685 2637 ι
2714 2585 2963 2650 Edimus,
2993 2587 3190 2657 inquit,
3214 2588 3425 2643 Καθαί-

1840 2689 2020 2741 ρεσιν
2045 2688 2143 2728 seu
2176 2672 2567 2743 Depositionem
2599 2677 2710 2731 Arii
2738 2686 2792 2731 et
2806 2677 3113 2742 sociorum,
3146 2680 3223 2733 ita
3270 2680 3424 2735 scili-

1848 2775 1936 2823 cet
1965 2776 2333 2837 nuncupatam
2362 2768 2418 2821 in
2443 2768 2637 2823 codice
2655 2770 2817 2839 Regio
2846 2770 2993 2825 unde
3041 2786 3105 2825 ea
3135 2770 3426 2838 desumpta

1848 2866 1934 2912 est
1960 2874 1974 2922 ;
2004 2858 2132 2912 licet
2165 2859 2385 2929 proprie
2406 2859 2543 2913 nihit
2572 2860 2664 2913 illa
2697 2862 2768 2915 sit
2798 2860 2946 2915 aliud
2977 2861 3085 2915 nisi
3114 2862 3289 2915 oratio
3313 2876 3426 2932 qua

1850 2945 2160 3001 Alexander
2226 2948 2677 3019 archiepiscopus
2746 2950 2955 3006 accitos
3022 2950 3426 3009 Alexandrinos

1850 3036 2282 3109 Mareoticosque
2321 3041 2672 3112 presbyteros
2719 3053 2881 3113 atque
2910 3043 3194 3108 diaconos,
3240 3059 3428 3099 coram

1849 3129 2121 3194 hortatur,
2158 3138 2217 3184 ut
2248 3132 2581 3203 encyclicam
2612 3147 2769 3187 suam
2799 3134 3088 3204 epistolam
3138 3151 3246 3205 qua
3295 3152 3428 3191 nar-

1854 3228 2008 3274 ratur
2054 3221 2169 3275 Arii
2204 3224 2588 3294 sociorumque
2613 3223 2913 3290 damnatio,
2946 3226 3198 3280 muniant
3230 3226 3429 3281 suﬂ‘ra-

1853 3312 1941 3381 gio
1975 3328 2076 3367 suo
2108 3324 2272 3383 atque
2295 3316 2719 3385 subscriptione.
2756 3315 2870 3370 Hoc
2908 3318 3233 3385 cpusculum
3264 3327 3426 3374 antea

1852 3406 2122 3461 ineditum
2151 3406 2216 3462 ν.
2247 3407 2307 3464 C.
2339 3406 2645 3465 Coteleri’us
2677 3410 2793 3464 suis
2816 3410 2882 3463 ad
2910 3408 3017 3463 PP.
3040 3411 3201 3480 primi
3236 3412 3427 3467 saeculi

1853 3503 2001 3558 notis
2036 3502 2265 3557 inseruit
2298 3500 2383 3571 (ι),
2418 3518 2487 3557 ne
2514 3503 2724 3557 scilicet
2750 3518 2976 3573 prorsus
3009 3504 3279 3560 interiret.
3315 3504 3426 3560 Sed

1851 3610 1975 3648 cum
2008 3600 2163 3648 extra
2207 3594 2489 3662 preprium
2544 3593 2724 3647 locum
2780 3594 2853 3647 ibi
2904 3594 3144 3665 positum
3186 3596 3280 3658 sit,
3314 3597 3426 3652 huc

1851 3687 2027 3740 visum
2057 3693 2141 3739 est
2175 3685 2434 3754 adjicere,
2467 3699 2589 3738 cum
2625 3686 2928 3754 praisertim
2974 3686 3427 3755 implicatissimis

1850 3780 2181 3833 Arianorum
2211 3779 2453 3833 exordiis
2487 3779 2629 3832 haud
2662 3795 2850 3848 parum
2882 3781 3021 3834 lucis
3044 3780 3251 3835 aﬂerat.

1923 3869 2062 3924 Huic
2096 3870 2446 3940 adjungimus
2475 3870 2813 3941 encyclicam
2862 3871 3154 3926 Alexandri
3211 3873 3422 3942 episto-

1850 3964 1981 4027 lam,
2030 3978 2151 4032 qua:
2202 3963 2276 4016 ita
2324 3961 2650 4032 praecedenti
2705 3962 3032 4032 Depositioni
3064 3964 3320 4029 cohaeret,
3363 3974 3425 4020 ut

1851 4056 2165 4109 nullatenus
2204 4055 2398 4109 debeat
2428 4055 2496 4109 ab
2528 4070 2592 4109 ea
2644 4057 2919 4125 segregari
2966 4076 2978 4110 :
3031 4074 3203 4128 quare
3246 4074 3426 4128 operae

1850 4146 2086 4214 pretium
2132 4145 2234 4198 fuit
2270 4146 2394 4201 illas
2421 4146 2654 4200 invicem
2707 4147 2988 4217 sejunctas
3019 4148 3108 4203 hic
3140 4151 3423 4219 copulare,

1850 4247 2011 4307 prout
2042 4238 2094 4291 iu
2121 4238 2311 4292 eodem
2330 4236 2491 4307 Regio
2534 4238 2725 4294 codice
2760 4239 2966 4309 jacent.
3019 4239 3259 4295 [labetur
3307 4242 3426 4297 hazc

1850 4329 2079 4399 epistola
2113 4329 2257 4398 apud
2285 4327 2566 4384 Socratem
2603 4330 2723 4401 (ιη),
2754 4331 2849 4384 sed
2879 4331 3069 4386 multis
3093 4333 3304 4387 mendis
3332 4349 3424 4388 re-

1851 4432 2063 4489 spersa,
2124 4421 2616 4491 desideranturque
2647 4422 2721 4475 ibi
2748 4422 3099 4477 Alexandrini
3131 4424 3261 4478 cleri
3288 4426 3422 4480 sub-

168 4546 291 4599 pos.
323 4528 483 4596 Quod
512 4545 673 4585 nemo
700 4529 859 4585 facile
895 4530 1193 4601 negaverit,
1224 4530 1318 4599 qui
1348 4528 1514 4598 hujus
1537 4527 1741 4597 episto-
1778 4555 1825 4610 ι)
1853 4515 2210 4610 δοτίΡίίρηβεο
2237 4514 2370 4610 “em
2400 4514 2865 4610 ιεεῆιιιτίηῆιιρυίᾎ
2889 4513 3165 4610 δεηθείην]
3196 4516 3271 4587 (⁷⁸)
3296 4531 3425 4610 cui"

169 4624 234 4677 lae
264 4630 478 4692 partem
512 4632 832 4685 extremam,
866 4630 921 4678 et
941 4622 1440 4677 ecclesiasticarum
1486 4620 1746 4691 epistola-

170 4729 296 4769 rum
331 4713 566 4769 formam
586 4715 915 4784 modumque
939 4730 1048 4768 non
1083 4715 1242 4785 plane
1272 4714 1603 4784 ignoret.....
1624 4710 1746 4765 Non

169 4815 230 4861 ut
289 4806 602 4862 Alexandro
652 4805 1243 4877 Constantinopolitano
1292 4805 1552 4875 episcopo
1605 4806 1747 4857 hanc

168 4900 463 4971 epistolam
501 4899 767 4970 scriptam
799 4916 1024 4971 negem;
1053 4900 1149 4956 sed
1178 4907 1238 4953 ut
1274 4899 1343 4954 ad
1370 4899 1507 4953 alios
1529 4911 1749 4967 quoque

169 4994 390 5049 vicinos
441 4995 752 5064 episcopos,
796 4993 880 5049 vel
922 4993 978 5046 in
1032 4993 1179 5062 regia
1221 4992 1357 5046 urbe
1407 4990 1747 5059 negotiorum

170 5099 344 5140 causa
369 5095 487 5139 tum
523 5092 827 5149 versantes,
858 5084 1104 5154 ejusdem
1128 5098 1345 5153 quoque
1375 5082 1622 5150 exempla
1653 5092 1748 5149 per

244 5263 327 5333 (a)
360 5260 520 5333 Socr.
552 5261 592 5316 ι.
623 5279 669 5333 ς.
705 5262 809 5317 sub
838 5262 929 5333 ﬁn.

267 5324 324 5395 bi
359 5330 579 5386 Sozam.
609 5331 752 5386 Hist.
785 5332 911 5387 εδει.
940 5332 1031 5386 lib.
1061 5348 1099 5385 ι.
1127 5346 1246 5401 cap.
1276 5329 1326 5390 1,
1353 5326 1456 5401 sub
1479 5324 1565 5379 lin.

265 5402 320 5470 ε)
351 5401 628 5457 Theudor.
664 5402 805 5458 Hist.
839 5401 966 5456 ccci.
998 5402 1094 5458 lib.
1127 5417 1165 5464 ι,
1196 5397 1317 5470 cap.
1342 5397 1398 5454 4.

359 5474 516 5528 Alex.
549 5473 719 5542 Epist.
755 5475 807 5538 1,
838 5472 867 5543 §
898 5471 951 5525 2.

248 5543 325 5617 (ᾳ)
347 5543 443 5617 _l_d.
479 5543 769 5617 ibid._,9.

268 5606 317 5685 Π
347 5612 535 5685 Vales.
555 5614 622 5668 ad
644 5606 917 5685 Theodor.
942 5610 1087 5667 Hist.
1114 5611 1267 5677 ecct.,
1284 5624 1408 5681 pag.
1433 5606 1521 5676 16,
1546 5615 1676 5664 note
1693 5609 1750 5676 2,

175 5684 314 5748 edit.
346 5684 612 5740 Cantabr.
639 5684 799 5739 1720.

248 5756 327 5826 (4)
355 5754 631 5826 Theodor.
664 5755 803 5809 Hist.
835 5752 1092 5826 eccl._lih.
1120 5767 1165 5826 ι,
1189 5766 1311 5826 cap.
1334 5751 1389 5826 _5.

249 5821 330 5901 (λ)
360 5825 608 5883 ﬂolsten.
635 5826 705 5883 ad
732 5822 1224 5899 calcem'l‘heodor.
1249 5821 1432 5882 Vales.
1456 5821 1675 5881 dissert.
1706 5836 1747 5888 ι,

1855 4608 2379 4678 subscriptionibus,
2414 4608 2511 4663 sed
2545 4607 2758 4662 mendis
2790 4608 2956 4661 etiam
3007 4608 3185 4663 obsita
3223 4625 3238 4661 :
3289 4608 3424 4661 sub-

1851 4700 2292 4770 scriptionesque
2347 4699 2483 4753 adeo
2540 4696 2749 4752 mutilae
2813 4706 2968 4759 sunt,
3018 4706 3078 4750 ut
3114 4712 3423 4751 necessum

1853 4807 2080 4862 prorsus
2134 4791 2297 4847 fuerit
2357 4803 2553 4842 novam
2597 4787 2717 4857 ejus
2766 4787 3061 4842 editionem
3119 4801 3333 4857 parare,
3367 4797 3422 4840 ut

1852 4883 2165 4953 inspicienti
2198 4881 2397 4951 cuique
2425 4879 2602 4947 palam
2629 4878 2752 4931 erit.
2782 4875 2980 4929 Narrat
3004 4877 3095 4930 hic
3119 4874 3423 4931 Alexander
3462 4919 3475 4941 η.

1853 4990 1941 5029 res
1966 4983 2149 5046 gestas
2182 4974 2237 5028 in
2263 4979 2459 5028 exortu
2502 4968 2720 5024 Arianae
2759 4967 3008 5031 haeresis,
3036 4967 3202 5036 inque
3229 4966 3343 5020 Arii
3372 4977 3421 5022 et
3461 5040 3465 5045 ε

1854 5073 2189 5120 sectatorum
2240 5061 2627 5127 damnatione;
2680 5069 2970 5129 monetque
3017 5058 3307 5128 episcopos
3356 5074 3465 5135 ιιεἐ

1856 5262 1978 5317 pag.
2012 5243 2137 5317 606,
2174 5244 2308 5317 edit.
2338 5244 2596 5299 Cantabr.
2691 5310 2706 5317 _
2968 5308 3008 5317 __
3054 5308 3088 5317 η
3124 5250 3129 5257 ’

1890 5394 1897 5403 '
1926 5308 1984 5389 (ί)
2015 5313 2308 5403 Montfaue.
2368 5318 2577 5403 prastat.
2613 5310 2709 5403 aa‘d
2766 5320 2900 5368 tom.
2965 5308 3010 5364 ll
3047 5308 3270 5369 Collect.
3301 5308 3424 5367 PP.

1856 5383 2051 5451 Graio"
2075 5385 2348 5439 animadv.
2370 5383 2432 5440 ’6.
2466 5399 2589 5453 pag.
2613 5383 2705 5438 20.
3204 5436 3209 5439 ἦ

2021 5457 2176 5511 Alex.
2200 5454 2363 5527 Epist
2392 5456 2474 5527 Δί,
2506 5453 2535 5525 §
2980 5523 2997 5527 _

2034 5526 2357 5592 Montfauc.,
2380 5523 2527 5596 Opp.
2555 5525 2784 5588 Athan.,
2812 5532 2945 5578 tom.
2980 5523 3022 5587 l,
3055 5529 3199 5593 part.
3232 5538 3273 5586 ι,
3299 5536 3424 5593 μειϐ,

1854 5599 1994 5739 59ft)
2023 5668 2197 5725 Cotel.
2233 5666 2299 5722 ad
2341 5666 2527 5731 Const.
2564 5673 2736 5734 apost.
2774 5664 2872 5719 lib.
2900 5676 3023 5731 vui,
3054 5680 3177 5734 cap.
3210 5664 3304 5719 28.

1930 5742 2025 5819 (ut)
2053 5740 2216 5819 ξφα.
2246 5736 2390 5819 ζζὶει.
2421 5736 2548 5819 sccl.
2584 5737 2681 5790 lib.
2709 5750 2748 5801 ι,
2771 5750 2894 5819 cap.
3192 5818 3195 5819 ν
3298 5802 3304 5817 Ι

1930 5802 2019 5885 {ni
2047 5808 2228 5868 Getas.
2252 5808 2384 5881 Cyz.
2416 5808 2563 5865 Hist.
2593 5822 2741 5863 conc;
2776 5802 2901 5862 Nic.
2934 5806 3030 5862 lib.
3062 5820 3122 5873 ιι,
3148 5818 3271 5873 cap.
3298 5802 3355 5858 ὅ.
