3862 6158
446 228 551 285 527

1514 235 1573 292 S.
1610 236 2029 295 ALEXANDER
2058 244 2624 306 ALEXANDItINUS.

3591 240 3693 296 52b

443 345 681 440 Eusebio
708 345 1110 407 Nicomediensi
1141 351 1258 406 Arii
1288 361 1522 423 patrono
1563 371 1769 412 morem
1799 369 2012 431 gerant,
2045 369 2090 427 Α
2118 367 2418 438 politanuin
2450 369 2790 439 episcopum,
2838 383 2961 438 quae
3012 369 3154 440 apud
3208 376 3463 424 sanctum
3508 369 3685 425 Maxi-

439 438 489 494 si
515 438 734 509 quidem
767 440 823 494 in
854 441 1231 498 hatresiarcha:
1254 445 1485 515 gratiam
1508 447 1717 504 litteras
1749 450 1839 506 ille
1875 454 2015 507 scri-

438 530 630 600 pserit.
687 551 707 584 »
762 530 882 587 lluc
941 548 1117 603 usque
1160 534 1246 588 vir
1303 536 1523 594 doctus.
1592 538 1699 606 Qui
1756 542 2012 615 deinceps

440 631 734 694 utrumque
766 625 1096 694 opusculum
1129 627 1328 682 iterum
1379 629 1681 687 illustravit
1713 633 1789 704 (a)
1822 636 2013 692 adver-

439 729 533 771 sus
558 716 759 787 placita
789 716 1146 787 Tillemontii,
1180 722 1276 791 qui
1306 729 1429 776 acta
1480 724 1840 795 depositionis
1892 729 2010 784 Arii

435 815 490 863 et
518 809 793 866 sociorum
826 825 989 867 secus
1021 812 1360 869 intellexisse
1384 815 1618 872 videtur.

504 900 602 958 His
632 918 797 974 porro
836 904 1014 959 sancti
1043 903 1223 961 Patris
1278 908 1500 978 scriptis
1552 910 1853 981 fragmenta
1899 914 2008 969 duo

434 995 767 1064 subjecimus
800 1010 867 1052 ex
892 994 1137 1067 ejusdem
1168 998 1396 1069 cpistola
1428 1000 1495 1054 ad
1518 1001 1806 1074 Eglouem
1837 1004 2007 1076 Cyno-

501 1146 578 1214 (a)
609 1145 901 1202 Montfauc.
964 1149 1176 1214 pmfat.
1222 1151 1287 1205 ad
1335 1157 1471 1207 tom.
1525 1153 1571 1208 ﬂ
1608 1154 1829 1212 ϐοηθοὶ.
1874 1156 1999 1214 ~PP.

431 1214 624 1282 Gram,
651 1218 925 1273 animadv.
952 1214 1007 1285 5,
1031 1236 1154 1291 pag.
1185 1220 1372 1276 16-20.

2123 474 2272 514 mum
2302 460 2672 517 confessorem
2702 460 2956 533 leguntur
2977 461 3076 534 (ὁ).

2184 546 2472 607 Postremo
2515 552 2636 607 loco
2681 552 2937 623 lectorem
2972 552 3240 607 monitum
3289 552 3561 622 volumus,
3613 549 3685 609 ad

2116 642 2322 697 calcem
2355 641 2675 699 Theodoriti
2701 642 2979 699 Valesiani
3024 644 3163 701 duas
3206 653 3426 701 exstare
3475 645 3685 702 disser-

2116 732 2351 789 tationes
2416 732 2706 799 Holstenii,
2770 734 2972 805 quibus
3034 735 3119 789 vir
3190 734 3281 789 ille
3330 735 3684 790 doctissimus

2112 829 2409 894 utramque
2459 822 2754 879 Alexandri
2801 822 3047 893 episcopi
3076 822 3430 877 Alexandrini
3472 824 3680 894 episto-

2115 917 2247 982 lam,
2270 926 2334 973 ut
2356 919 2521 987 paulo
2542 929 2667 974 ante
2694 918 2995 984 innuimus,
3024 918 3237 991 egregie
3260 918 3516 974 illustrat.

2181 1158 2431 1286 μυρίῳ.
2452 1161 2595 1286 Οὲψ.
2643 1170 2779 1223 tom.
2812 1159 2880 1229 ll,
2915 1178 3038 1234 pag.
3068 1161 3326 1228 152-155,
3352 1160 3482 1216 edit.
3514 1156 3680 1215 Come

2207 1273 2219 1286 .
2290 1235 2483 1286 aris.l
2533 1235 2619 1286 75.

2104 1230 2219 1287 'bel‘.
2242 1230 2421 1299 Paris,
2459 1230 2619 1290 £675.

446 1373 3663 1414 NW“

1401 1535 1822 1652 LUCfE
1918 1537 2694 1654 HOLSTENII

760 1755 1446 1820 DISSERTATIONES
1480 1757 1665 1820 DUJE
1697 1760 1806 1821 DE
1840 1760 2068 1824 LOClS
2114 1761 2578 1836 QUIBUSDAM
2610 1762 2956 1826 CONClLll
2990 1762 3289 1825 NICJENI

1339 1945 1668 2037 DISSE
1692 1945 2135 2040 RTATIO
2210 1932 2753 2038 PRIMA“).

417 2246 435 2261 .
513 2250 527 2264 .
602 2244 620 2262 κ
711 2250 722 2262 .
805 2249 818 2263 .
898 2252 911 2266 .
992 2251 1006 2266 .
1087 2253 1100 2266 .
1190 2252 1203 2265 .
1289 2254 1302 2267 .
1382 2253 1396 2268 .
1477 2253 1491 2267 .
1572 2254 1587 2269 .
1680 2255 1693 2268 .
1774 2257 1785 2270 .
1866 2257 1880 2270 .
1962 2209 3682 2287 .3quedivinitatismovere,ctCreatorcmincreatumcen-

414 2300 599 2372 itaque
630 2302 700 2358 ab
760 2318 882 2365 ovo,
912 2304 1056 2375 quod
1121 2306 1294 2369 aiunt,
1338 2321 1450 2361 rem
1488 2307 1750 2373 exordiri,
1782 2319 1834 2363 et
1864 2326 1984 2379 qua:

411 2403 708 2465 supersunt
749 2396 952 2452 Nicatui
990 2398 1211 2453 concilii
1254 2398 1684 2469 ἀποσπασμάτια
1723 2402 1823 2455 sub
1855 2416 1985 2456 exa-

410 2502 537 2542 men
582 2503 837 2543 rcvocare
866 2490 1072 2558 placuit
1101 2509 1113 2544 :
1141 2490 1300 2560 cujus
1330 2491 1527 2561 privati
1558 2491 1762 2546 laboris
1789 2508 1851 2547 ac
1875 2502 1986 2547 stu-

410 2579 485 2634 dii
517 2582 793 2651 specimen
836 2581 891 2635 in
925 2582 1144 2651 publico
1193 2583 1297 2638 hoc
1332 2598 1596 2639 consessu
1641 2584 1797 2640 vobis
1828 2585 1984 2639 exhi-

408 2673 645 2729 bendum
676 2673 827 2736 duxi,
869 2674 1310 2744 quandoquidem
1352 2676 1656 2732 disserendi
1684 2679 1983 2734 necessita-

405 2772 515 2820 tem
543 2773 724 2821 vestra
751 2764 1063 2835 benignitas
1089 2766 1221 2820 mihi
1242 2766 1520 2837 imposuit.
1546 2767 1633 2823 Eae
1654 2777 1833 2824 autem
1855 2779 1983 2825 sunt

405 2857 526 2911 dum
556 2857 846 2912 Alexandri
865 2857 1209 2915 Alexandria:
1228 2858 1470 2930 episcopi
1495 2860 1756 2929 epistolae,
1779 2878 1899 2932 qua:
1914 2879 1981 2917 ex

407 2948 647 3003 Socratis
662 2958 715 3004 et
735 2947 1061 3005 Theodoreti
1091 2948 1446 3004 ecclesiastica
1463 2950 1709 3007 Historia
1723 2953 1981 3024 deprom-

405 3046 510 3108 ptae
571 3030 1027 3111 προπαρασκευὴθ
1094 3038 1312 3093 concilii
1368 3038 1574 3095 Nica-ni
1615 3043 1976 3101 constituunt.

401 3129 630 3200 Egregie
663 3146 796 3185 sane
834 3131 940 3184 illa:
963 3140 1016 3185 et
1043 3130 1231 3195 δεινῶς
1269 3132 1509 3203 scripta,
1546 3135 1747 3204 quibus
1785 3134 1979 3191 Latina

401 3221 885 3291 Christopliorsoni
919 3224 1100 3277 versio
1127 3223 1442 3293 adjungitur
1468 3242 1482 3292 ;
1534 3227 1627 3279 sed
1658 3241 1687 3279 a
1710 3224 1974 3283 Romanis

398 3310 705 3369 editoribus
735 3313 1016 3369 nonnullis
1042 3313 1098 3366 in
1119 3314 1254 3367 locis
1283 3314 1628 3385 interpolata.
1658 3317 1736 3370 Ita
1766 3318 1978 3373 scilicet

400 3417 509 3458 non
541 3402 717 3458 solum
747 3403 1014 3458 versionis
1046 3401 1424 3467 Conciliorum,
1468 3402 1564 3459 sed
1600 3405 1866 3460 universa:
1892 3406 1977 3460 bi-

397 3492 584 3546 storiae
611 3492 996 3548 ecclesiastica:
1024 3499 1242 3562 gustum
1274 3494 1507 3564 aliquem
1536 3510 1623 3551 me
1649 3497 1808 3552 vobis
1835 3513 1975 3568 prat-

2093 2322 2213 2364 sum
2247 2307 2483 2378 dejicere
2518 2304 2840 2358 conabatur.
2883 2301 2939 2356 In
2996 2305 3195 2373 quibus
3244 2306 3507 2360 nonnulla
3540 2313 3678 2362 sunt

2091 2414 2281 2471 parum
2317 2408 2464 2452 recte
2504 2395 2799 2451 constituta
2844 2394 2899 2448 in
2939 2393 3128 2450 Graeco
3159 2404 3327 2459 textu,
3362 2397 3445 2451 vel
3486 2398 3681 2454 minus

2090 2496 2345 2544 accurate
2372 2487 2440 2541 ab
2471 2486 2766 2554 interprete
2793 2482 3099 2551 observata,
3131 2488 3215 2541 vel
3247 2488 3299 2541 in
3329 2487 3535 2557 quibus
3563 2503 3674 2540 au-

2088 2584 2273 2652 tiquus
2305 2581 2572 2649 interpres
2591 2576 2924 2649 Epiphanius
2951 2577 3345 2641 Scholasticus,
3377 2578 3543 2633 aliam
3567 2592 3678 2633 suo

2088 2684 2331 2745 tempore
2361 2673 2647 2728 lectionem
2680 2679 2903 2728 secutus
2933 2673 3165 2729 videtur.
3199 2671 3332 2738 Quae
3357 2688 3486 2728 cum
3508 2688 3677 2745 pres-

2088 2768 2252 2823 sioris
2294 2766 2404 2820 sint
2446 2764 2920 2827 considerationis,
2969 2778 3397 2820 commemorare
3445 2764 3677 2836 singula

2088 2858 2221 2912 nihil
2250 2859 2459 2911 attinet.
2496 2855 2631 2909 Illud
2668 2855 3044 2919 indicandum,
3084 2854 3449 2925 interrogatos
3467 2857 3673 2911 Arium

2086 2964 2152 3003 ac
2177 2948 2377 3013 socios,
2408 2946 2653 3016 nunquid
2679 2960 2807 3017 ergo
2829 2943 3067 3002 Verbum
3090 2943 3207 3009 Dei,
3236 2946 3377 3016 quod
3403 2945 3486 2999 illi
3509 2961 3673 3001 crea-

2086 3052 2199 3098 tum
2232 3041 2567 3105 asserebant,
2603 3038 2802 3094 mutari
2831 3043 3037 3107 posset,
3056 3035 3524 3107 quemadmodum
3552 3037 3675 3093 dia-

2082 3133 2241 3189 bolus
2265 3139 2502 3187 mutatus
2519 3130 2716 3197 fuerat,
2732 3142 2845 3184 non
2871 3128 3077 3184 veritos
3094 3127 3443 3198 respondere,
3470 3143 3671 3199 posse.

2085 3225 2305 3281 Addunt
2356 3224 2622 3278 rationem
2666 3221 2747 3277 sic
2778 3222 2834 3275 in
2868 3220 3115 3276 Romana
3146 3220 3384 3275 editione
3426 3233 3675 3290 expres-

2083 3332 2199 3374 sam
2228 3315 2517 3389 εΤρεπτῆς
2539 3313 2647 3384 γὰρ
2662 3312 2873 3383 φύσεώς
2891 3315 3007 3366 ἐστι
3026 3313 3272 3384 γενητὸς,
3298 3312 3395 3366 καὶ
3418 3312 3673 3380 speret-6;

2082 3408 2361 3482 ὑπάρχων.
2395 3405 2551 3474 Quod
2583 3412 2801 3461 vertunt
2836 3424 2850 3460 :
2888 3404 3033 3460 Nam
3063 3416 3115 3461 et
3148 3404 3417 3459 mutabilis
3444 3414 3673 3461 natura

2081 3501 2253 3571 factus
2281 3510 2380 3569 est,
2426 3510 2477 3555 et
2510 3500 2781 3555 mutabilis
2809 3499 3037 3555 exsistit.
3074 3497 3193 3565 Qua
3224 3498 3281 3553 in
3311 3513 3370 3551 re
3396 3505 3454 3553 et
3484 3498 3673 3554 inter-

397 3585 636 3640 biturum
672 3586 878 3655 putavi.
915 3583 1019 3639 Sed
1052 3586 1184 3640 mihi
1210 3597 1387 3642 vestra
1416 3587 1688 3657 principio
1713 3590 1975 3659 patientia
2004 3583 2047 3642 C
2082 3593 2253 3664 pretis
2280 3592 2524 3648 Britanni
2564 3602 2618 3649 et
2647 3591 3020 3647 Romanorum
3048 3590 3344 3647 editionem
3376 3588 3670 3659 judicium

396 3677 672 3731 exoranda
704 3684 807 3742 est,
843 3684 903 3731 ut
934 3692 1090 3749 aequo
1120 3678 1302 3733 animo
1336 3694 1434 3749 per
1462 3678 1797 3751 confragosae
1851 3697 1975 3735 ora-

396 3768 564 3825 tionis
597 3770 838 3826 salebras
868 3770 1201 3841 aspirantem
1238 3772 1496 3842 subsequi
1543 3787 1653 3827 non
1688 3782 1969 3844 gravetur.

390 3860 531 3915 Cum
564 3862 679 3916 sive
710 3876 894 3927 casus,
923 3863 1038 3919 sive
1070 3863 1359 3918 consilium
1395 3879 1515 3919 eam
1544 3865 1676 3918 mihi
1707 3867 1971 3932 obiecerit

393 3953 697 4019 materiam,
732 3970 852 4025 quae
885 3957 1148 4013 orationis
1178 3958 1381 4011 cultum
1411 3956 1831 4028 haudquaquam
1866 3961 1965 4015 ad-

388 4045 580 4109 mittit,
611 4054 664 4100 et
691 4048 834 4116 quod
866 4057 1145 4104 oratorum
1176 4051 1429 4120 princeps
1457 4050 1525 4105 de
1557 4050 1722 4107 rebus
1747 4067 1968 4123 geogra-

387 4136 569 4209 phicis
598 4138 794 4200 aiebat,
818 4138 1365 4212 ἀνθηρογραφεῖσθαι,
1388 4144 1540 4198 ηυΙΙο
1568 4143 1730 4197 modo
1762 4152 1958 4213 potest.

460 4228 543 4282 Ad
572 4228 687 4282 haec
714 4244 837 4282 cum
871 4231 925 4283 in
950 4231 1127 4285 alieno
1161 4233 1343 4288 labore
1372 4232 1573 4304 ingenii
1601 4248 1827 4287 acumen
1860 4249 1958 4286 cx-

385 4319 555 4389 periri
587 4326 635 4375 et
661 4319 854 4388 judicii
884 4335 1171 4374 censuram
1201 4338 1457 4378 exercere
1500 4322 1854 4388 instituerim,
1900 4329 1958 4375 ut

382 4426 489 4483 ego
537 4427 796 4482 germano
842 4413 1079 4468 Candore
1129 4428 1192 4468 ac
1235 4413 1339 4468 ﬁde
1367 4414 1575 4485 optima
1621 4414 1956 4469 calumniam

2075 3685 2318 3753 requiro.
2343 3682 2480 3738 Nam
2506 3693 2565 3738 ut
2594 3693 2801 3738 taceam
2822 3696 3045 3738 sensum
3068 3682 3171 3735 loci
3192 3682 3305 3750 jam
3331 3682 3465 3735 olim
3497 3696 3529 3734 a
3562 3696 3672 3735 ve-

2072 3777 2178 3832 teri
2200 3777 2496 3847 interprete
2525 3783 2674 3831 recte
2697 3789 3038 3845 expressum,
3067 3776 3191 3844 quis
3221 3772 3453 3828 rationis
3482 3772 3671 3842 hujus

2070 3868 2315 3937 pondera
2349 3882 2412 3921 ac
2455 3873 2729 3922 momenta
2782 3865 3158 3935 perpendens,
3201 3863 3282 3918 vel
3326 3862 3669 3918 Grecorum

2070 3959 2299 4014 lectione
2330 3960 2495 4030 paulo
2518 3959 2889 4023 exercitatior,
2916 3973 3027 4012 non
3056 3956 3214 4012 facile
3251 3956 3671 4012 animadvertit

2065 4066 2133 4105 ex
2171 4052 2286 4121 ipsa
2331 4051 2584 4121 loquendi
2628 4049 3042 4113 consuetudine,
3070 4048 3252 4102 minus
3284 4055 3494 4103 rectam
3525 4048 3632 4105 dis
3653 4077 3669 4089 -

2068 4142 2389 4196 tinctionem
2428 4143 2678 4198 vitiosam
2711 4141 2988 4211 peperisse
3016 4139 3367 4195 versionem?
3392 4136 3674 4195 Alﬁrmao

2061 4233 2153 4286 bat
2179 4232 2342 4288 Arius
2370 4231 2566 4287 Filium
2598 4232 2713 4298 Dei,
2748 4233 2840 4286 τὸν
2869 4232 3057 4301 Λόγον,
3086 4244 3249 4301 posse
3271 4231 3504 4296 mutari;
3549 4232 3669 4286 ad-

2054 4322 2291 4392 jungeus
2330 4323 2618 4384 rationem,
2653 4321 2894 4392 τρεπτῆς
2918 4318 3041 4391 γὰρ
3073 4317 3288 4388 φύσεώς
3319 4319 3464 4373 ἐστι.
3502 4317 3672 4376 Nam

2059 4421 2267 4468 natura:
2294 4414 2570 4468 mutabilis
2600 4422 2703 4477 est,
2738 4413 2824 4468 vel
2853 4420 3102 4466 naturam
3139 4408 3461 4463 mutabilem
3491 4409 3672 4466 obti-

2057 4513 2170 4570 net,
2206 4504 2431 4577 γενητὸς
2456 4503 2791 4576 καὶτρεπτὸς
2806 4503 3086 4573 ὑπάρχων,
3109 4500 3309 4570 quippe
3333 4499 3429 4568 qui
3454 4497 3670 4558 {actus

388 4506 563 4575 ejuro,
600 4505 674 4558 ita
700 4503 958 4558 invidiam
984 4504 1266 4572 deprecor,
1290 4521 1359 4561 ne
1382 4505 1507 4574 quis
1541 4504 1734 4560 alienis
1760 4503 1957 4559 erratis

387 4593 726 4664 exagitandis
760 4595 1023 4650 doctrinae
1061 4601 1155 4646 aut
1186 4591 1469 4650 industriae
1504 4596 1718 4650 laudem
1748 4610 1835 4649 me
1861 4609 1957 4648 au-
2056 4596 2173 4651 sive
2219 4609 2458 4660 creatus,
2505 4610 2569 4650 ac
2601 4594 2827 4665 proinde
2868 4593 3147 4648 mutabilis
3201 4598 3307 4647 est.
3353 4590 3668 4656 Quocirca

384 4687 571 4757 cupari
597 4687 890 4742 existimet.
924 4685 1144 4743 Publica
1194 4685 1310 4741 haec
1344 4687 1523 4743 studia
1559 4695 1708 4752 sunt,
1754 4687 1954 4758 quibus
2056 4686 2478 4757 haudquaquam
2514 4685 2832 4757 negligenda
2864 4684 2969 4740 hoc
2997 4687 3117 4739 loco
3144 4700 3252 4738 vox
3283 4685 3550 4755 γενητός,
3598 4688 3669 4744 in

382 4781 768 4851 promovendis
829 4777 1098 4850 publicam
1149 4781 1463 4846 utilitatem,
1524 4798 1633 4837 non
1685 4782 1950 4853 privatam
2054 4793 2159 4847 qua
2189 4777 2274 4833 vis
2307 4780 2487 4832 omnis
2540 4792 2605 4832 ac
2649 4791 2846 4832 nervus
2885 4776 3060 4845 impiae
3104 4774 3251 4829 illius
3300 4776 3666 4834 assertionis

385 4875 595 4929 laudem
622 4865 930 4943 quaerimus.
978 4867 1089 4925 Vos
1117 4888 1266 4936 vero,
1297 4874 1713 4928 eminentissimi
1740 4874 1947 4943 princi-
2052 4871 2347 4926 consistit:
2384 4884 2548 4940 quam
2592 4869 2710 4939 ipse
2748 4868 3051 4924 Alexander
3092 4867 3344 4937 sequenti
3390 4869 3669 4938 epistola

382 4980 494 5031 pes,
514 4964 783 5019 submisse
808 4976 942 5032 rogo
966 4970 1035 5029 ut
1053 4980 1175 5017 cum
1199 4965 1450 5020 voluntas
1473 4972 1634 5034 atque
1654 4966 1952 5022 auctoritas
1984 4952 2030 5008 Π
2053 4963 2250 5033 repetit
2274 5002 2288 5026 ,
2340 4962 2434 5017 sed
2482 4961 2664 5017 verbis
2724 4961 2894 5033 magis
2944 4960 3249 5029 perspicuis
3300 4958 3663 5019 deductam.

383 5063 555 5109 vestra
583 5053 635 5106 in
659 5052 804 5108 hunc
826 5070 910 5110 me
930 5056 1261 5125 protraxerit
1282 5057 1481 5122 locum,
1507 5056 1859 5113 humanitatis
1885 5073 1948 5112 ac
2058 5056 2245 5120 Aiunt,
2280 5056 2476 5126 inquit,
2508 5053 2703 5109 Filium
2748 5054 2843 5110 Dei
2877 5070 2999 5110 cum
3040 5061 3199 5108 antea
3235 5067 3345 5107 non
3398 5052 3661 5121 fuisset,

400 5141 766 5197 neuevolentiae
795 5152 992 5199 vestrae
1029 5147 1497 5217 auratorationis
1536 5161 1758 5201 cursum
1803 5147 1944 5203 inter
2053 5154 2242 5216 postea
2286 5146 2512 5210 factum,
2557 5144 2870 5215 factumque
2902 5146 3085 5209 talem,
3129 5145 3221 5199 ubi
3274 5142 3461 5200 factus
3499 5145 3658 5210 fuit.

380 5236 555 5299 syrtes
578 5237 635 5287 et
675 5232 856 5287 brevia
888 5243 1207 5290 aestuantem
1243 5238 1553 5293 sublevetis.

2095 5238 2232 5291 iales
2274 5236 2453 5291 caeteri
2482 5242 2609 5290 sunt
2646 5236 2913 5292 homines.
2944 5234 3539 5307 Συναναλαμϐἀνοντες
3574 5240 3662 5313 τῇ

445 5316 642 5374 Narrat
673 5322 977 5379 Alexander
1018 5327 1131 5380 Arii
1179 5329 1509 5398 apostasiam
1549 5336 1603 5383 et
1630 5329 1942 5398 hlasphema

2095 5330 2151 5383 ὗν
2183 5331 2435 5384 ἁπάντων
2464 5331 2637 5383 κτίσει
2665 5330 2760 5384 καὶ
2785 5330 2874 5384 τὸν
2906 5330 3032 5385 Υἱὸν
3059 5329 3151 5383 τοῦ
3183 5328 3340 5393 Θεοῦ,
3383 5346 3663 5398 compre-

376 5405 628 5476 tlogmata
663 5414 863 5480 quibus
908 5416 1184 5471 Christum
1217 5417 1506 5473 Dominum
1553 5427 1696 5473 statu
1734 5419 1937 5490 gradu-
2041 5421 2316 5477 hendentes
2343 5423 2502 5477 etiam
2528 5421 2728 5476 Filium
2779 5423 2876 5477 Dei
2928 5424 3249 5493 reliquarum
3310 5432 3665 5484 creatam

445 5573 982 5667 (:gl‘ﬁghitgﬁomae
1039 5586 1093 5667 in
1138 5586 1424 5667 Academia
1478 5588 1769 5656 Basiliana,
1815 5590 1974 5660 1655,
2015 5595 2364 5653 audientibus
2385 5596 2832 5655 eminentissimis
2876 5598 3245 5656 cardinalibus
3279 5597 3419 5654 1.8.
3452 5599 3666 5661 Pam-

372 5644 567 5713 philio,
596 5643 683 5699 Fr.
712 5647 1024 5716 Barberino,
1054 5655 1409 5712 Brancaccio.
