3862 6158
244 272 345 357 529

1689 288 1990 363 norim}

3385 301 3487 363 551)

242 429 418 467 rerum
446 429 680 468 numero.
713 414 907 469 Statim
932 415 1214 488 subjungit
1237 436 1252 473 :
1284 413 1379 482 Οἷς
1399 419 1703 484 ἀκολούθως
1723 422 1812 473 καί

1921 421 2162 488 adeoque
2203 417 2337 487 πρὸς
2388 415 2486 486 τὴν
2529 412 2920 484 ὀμοουσιὸτητα
2957 410 3051 466 καὶ
3094 411 3487 483 συναῖδιότητα,

240 523 406 577 φασιν
439 507 597 560 αὐτὸν
645 509 881 580 τρεπτῆς
920 505 1058 564 εἶναι
1107 511 1342 579 φύσεως,
1398 513 1598 584 ἀρετῆς
1631 530 1688 566 τε
1722 515 1814 567 καὶ

239 599 440 662 κακίας
469 598 735 652 δεκτικόν·
770 599 971 666 Quibus
1000 603 1160 655 etiam
1189 613 1558 673 consequenter
1591 605 1812 670 addunt,

239 707 361 744 eum
394 690 662 745 mutabilis
694 708 806 745 esse
836 702 1063 758 natura,
1099 702 1150 746 et
1183 695 1391 748 virtutis
1418 705 1467 750 et
1511 699 1625 750 vitii
1653 714 1813 766 capa-

239 796 374 833 cem.
411 778 618 835 Videtis
653 781 934 850 supposito
969 782 1093 846 hoc,
1141 781 1339 836 Filium
1369 784 1461 840 Dei
1501 785 1700 840 factum
1732 789 1814 842 vel

237 875 485 923 creatum
518 884 660 932 esse,
695 877 752 922 ut
796 872 1166 926 necessarium
1216 874 1343 929 inde
1381 874 1574 930 deduci
1617 891 1814 933 conse-

237 961 542 1030 quentiam,
570 963 819 1017 eumdem
859 980 1075 1034 quoque
1103 968 1333 1037 τρεπτόν
1359 968 1474 1024 sive
1502 971 1812 1025 mutabilem

235 1069 384 1110 esse.
409 1053 585 1123 Atque
636 1055 716 1109 sic
749 1056 1105 1110 ratiocinatur
1139 1057 1505 1116 Damascenus
1564 1061 1658 1114 lib.
1695 1077 1708 1114 ι
1743 1062 1816 1116 De

236 1145 448 1199 orthod.
486 1147 609 1214 ﬁde,
632 1161 751 1217 cap.
784 1147 818 1200 5
845 1166 858 1200 :
885 1149 964 1202 Τὰ
993 1149 1207 1212 κτιστὰ,
1233 1151 1447 1214 πάντως
1469 1151 1562 1206 καὶ
1583 1155 1810 1224 τρεπτὰ.

235 1227 341 1289 Ὧν
392 1237 500 1305 γὰρ
543 1237 602 1289 τὸ
652 1233 789 1290 εἶναι
837 1238 944 1292 ἀπὸ
1013 1241 1219 1311 τροπῆς
1261 1241 1481 1311 ἤρξατο,
1525 1243 1697 1296 ταῦτα
1747 1248 1810 1315 τῇ

236 1329 416 1397 τροπῇ
477 1326 822 1381 ὑποκείσεται
867 1329 1104 1395 πάντως,
1146 1332 1178 1402 ἢ
1215 1333 1562 1404 φθειρόμενα,
1605 1332 1636 1401 ἢ
1676 1337 1813 1390 κατὰ

237 1415 560 1487 προαίρεσιν
620 1417 994 1489 ἀλλοιούμενα.
1052 1419 1276 1486 Creata,
1337 1425 1545 1494 inquit,
1603 1429 1811 1480 omnino

231 1508 398 1560 etiam
430 1510 710 1562 mutationi
750 1511 994 1564 obnoxia.
1033 1511 1266 1576 Quorum
1307 1517 1445 1568 enim
1481 1534 1593 1574 esse
1623 1536 1654 1572 α
1695 1537 1810 1572 ntu—

245 1599 446 1652 tatione
475 1600 679 1670 incipit,
712 1618 775 1655 ea
812 1606 1107 1658 necessario
1133 1608 1414 1661 mutationi
1448 1610 1808 1680 subjacebunt,

232 1691 364 1743 dum
388 1691 464 1744 rel
492 1692 776 1757 intereunt,
807 1694 884 1748 uel
918 1696 1181 1751 voluntate
1210 1699 1524 1756 atteruntur.
1556 1702 1633 1756 Ita
1663 1705 1812 1758 scili-

231 1788 325 1834 cet
357 1779 520 1837 Arius
548 1779 742 1835 Filium
765 1783 858 1838 Dei
893 1785 1092 1856 ἀρετῆς
1113 1788 1206 1839 καὶ
1230 1790 1425 1854 κακίας
1443 1791 1687 1847 δεκτικὸν
1725 1810 1814 1849 as-
1845 1769 1887 1827 Β

230 1873 456 1929 serebat
479 1893 490 1928 :
515 1874 972 1946 quandoquidem,
989 1887 1046 1932 ut
1065 1879 1309 1936 Justinus
1324 1883 1524 1956 Martyr
1545 1887 1739 1942 alicubi
1759 1890 1813 1943 in

234 1963 627 2029 Quwstionibus
662 1968 850 2022 scribit
875 1987 887 2022 :
916 1971 1135 2042 Τροπῆς
1163 1974 1470 2046 γνώρισμα,
1492 1978 1553 2030 τὸ
1570 1978 1638 2030 τὰ
1677 1981 1816 2034 καλὰ

232 2057 333 2110 καὶ
380 2057 449 2109 τὰ
494 2057 638 2111 κακὰ
681 2058 974 2130 λαμϐάνειν
1021 2064 1099 2126 εἰς
1141 2064 1365 2120 ἔννοιαν·
1405 2067 1717 2124 Mutationis
1743 2073 1817 2124 si-

229 2158 396 2218 gnum
445 2164 506 2201 ac
539 2159 663 2204 nota
699 2161 809 2219 est,
843 2156 978 2208 bona
1030 2173 1093 2209 ac
1141 2159 1285 2212 mala
1327 2159 1386 2213 in
1435 2161 1668 2216 animum
1715 2165 1817 2218 sibi

228 2237 498 2296 inducere.

305 2328 579 2401 Expositis
610 2332 724 2386 Arii
754 2333 1118 2406 dogmatibus,
1145 2341 1422 2399 catholica:
1437 2343 1695 2402 Ecclesia:
1725 2363 1815 2402 or-

229 2422 532 2479 thodoxam
568 2427 895 2482 sententiam
927 2431 1237 2488 Alexander
1278 2437 1524 2506 opponit,
1571 2448 1630 2494 ut
1676 2443 1818 2496 veri-

228 2516 366 2606 tatis
399 2517 520 2572 luce
552 2519 767 2588 prolata
815 2519 998 2593 Stygis
1041 2526 1294 2583 tenebras
1337 2527 1616 2586 disCutiat.
1651 2531 1817 2606 Urget

228 2605 648 2678 Χριπομάχους
675 2611 798 2667 illos
829 2611 890 2668 D.
921 2612 1148 2672 Joannis
1169 2621 1493 2678 auctoritate
1523 2641 1536 2678 :
1573 2625 1815 2694 quiVer—

230 2698 366 2753 bum
398 2699 457 2754 in
499 2703 771 2774 principio
811 2705 1017 2773 fuisse,
1063 2717 1225 2779 atque
1272 2715 1453 2768 omnia
1488 2732 1585 2786 per
1633 2719 1814 2788 ipsum

229 2789 378 2846 facta
411 2795 685 2862 prmdicat.
724 2797 851 2853 Inde
893 2801 1199 2859 rationibus
1244 2805 1455 2862 instat:
1494 2810 1540 2864 si
1573 2809 1812 2867 Verbum

229 2891 319 2937 est
351 2885 661 2955 unigenitus
690 2890 858 2946 Filius
879 2890 990 2959 Dei,
1024 2898 1296 2963 quomodo
1323 2902 1702 2966 asseruntisti,
1735 2904 1813 2956 ὅτι

228 2971 316 3038 εἷς
348 2976 463 3030 ἐστι
493 2979 598 3031 τῶν
627 2983 981 3053 minuit-mu;
1017 2985 1186 3054 ipsum
1227 3005 1387 3042 unum
1426 3008 1538 3046 esse
1575 3009 1638 3047 ea:
1663 3011 1810 3048 crea-

1921 519 2110 566 contra
2154 510 2388 563 Arianos
2443 507 2850 578 exprimendam
2886 514 2972 560 est
3025 505 3486 574 percommodum.

1920 603 2044 658 H330
2074 617 2245 672 pauca
2280 601 2346 655 ad
2385 602 2619 671 priorem
2665 598 2958 655 Alexandri
3006 597 3291 667 epistolam
3325 613 3486 667 ency-

1919 696 2111 750 clicam
2161 695 2306 748 illam
2349 695 2464 749 sive
2503 693 2825 746 catholicam
2879 691 3205 746 observasse
3237 689 3484 746 sulIiciet.

1991 787 2249 858 Sequitur
2294 803 2439 841 nunc
2482 787 2649 840 altera
2694 785 2973 854 ejusdem,
3022 783 3393 852 ἀνεπίγραφος
3433 783 3484 836 in

1919 876 2164 933 Romana
2194 878 2452 940 editione,
2502 875 2646 946 quod
2680 875 2866 930 nescio
2895 889 3004 945 qua
3034 875 3247 928 incuria
3278 874 3331 927 in
3377 883 3485 927 tam

1917 971 2160 1042 diligenti
2196 986 2360 1040 opere
2384 971 2680 1026 admissum
2708 968 2868 1022 fuerit
2900 987 2912 1021 :
2941 983 3063 1021 cum
3095 977 3147 1022 et
3175 965 3486 1021 Theodorev

1918 1072 2009 1119 tus
2071 1071 2126 1119 et
2175 1063 2458 1131 Tripartita
2520 1063 2825 1116 Alexandro
2881 1057 3484 1127 Constantinopolitano

1916 1155 2175 1224 episcopo
2199 1153 2514 1222 inscriptam
2541 1153 2872 1223 missamque
2899 1160 3186 1207 testentur.
3219 1149 3483 1219 Equidem

1917 1261 2042 1299 cum
2076 1247 2314 1316 perlecta
2342 1244 2574 1314 primum
2617 1243 2718 1297 hac
2747 1244 2997 1312 epistola,
3042 1257 3153 1296 non
3181 1256 3348 1295 unum
3383 1239 3484 1292 ali-

1917 1353 2098 1407 quem,
2151 1339 2245 1392 sed
2279 1338 2461 1408 plures
2486 1335 2714 1391 Subinde
2745 1335 3108 1390 Alexandrum
3154 1333 3355 1403 alloqui
3383 1331 3485 1386 ob-

1917 1446 2241 1495 servassem,
2291 1430 2455 1485 subiit
2494 1429 2763 1499 suspicio,
2803 1437 2952 1483 certo
2981 1427 3210 1481 consilio
3255 1429 3484 1496 ἐπιγρα-

1917 1525 2042 1594 φήν,
2076 1525 2129 1577 in
2156 1522 2398 1576 Romana
2429 1523 2666 1577 editione
2696 1524 2976 1577 omissam.
3012 1519 3167 1585 Quod
3209 1518 3484 1588 negligen-

1914 1621 1989 1672 tia
2013 1618 2232 1678 factnm,
2253 1627 2438 1685 postea
2463 1632 2524 1669 ex
2551 1624 2850 1669 erratorum
2870 1612 3109 1666 indiculo
3131 1610 3478 1680 deprehendi.

1916 1708 2189 1777 Quidquid
2240 1709 2330 1769 sit,
2379 1708 2509 1761 mihi
2557 1708 2658 1760 lixa
2693 1708 2806 1761 haec
2859 1703 3010 1760 sedet
3059 1703 3348 1764 sententia,
3374 1717 3480 1756 non

1916 1802 2178 1872 privatam
2210 1801 2446 1870 aliquam
2477 1800 2590 1854 sive
2624 1800 2994 1852 tractatoriam
3026 1796 3170 1848 hanc
3198 1793 3481 1864 epistolam

1915 1911 2055 1958 esse,
2087 1895 2180 1950 sed
2210 1903 2264 1950 et
2293 1896 2464 1964 ipsam
2491 1908 2706 1963 quoque
2725 1891 3043 1946 circularem
3065 1904 3128 1942 ac
3153 1887 3479 1958 generalem,

1916 1987 2138 2040 missam
2169 1985 2234 2039 ad
2269 1987 2516 2041 diversns
2548 1985 2774 2054 Europa:
2802 1984 3108 2053 episcopos.
3137 1979 3292 2045 Quod
3322 1991 3483 2033 nemo

1919 2073 2074 2129 facile
2121 2077 2417 2146 negaverit,
2449 2076 2540 2146 qui
2574 2085 2627 2130 et
2671 2075 2833 2143 hujus
2865 2073 3107 2144 epistola:
3150 2081 3356 2140 partem
3387 2086 3483 2124 ex-

1915 2174 2145 2222 tremam
2187 2184 2310 2222 cum
2352 2183 2484 2222 cura
2512 2167 2723 2238 legerit,
2751 2173 2806 2221 et
2840 2165 3337 2220 ecclesiasticarum
3368 2165 3484 2232 epi-

1917 2261 2180 2314 stolarum
2230 2261 2455 2315 formam
2508 2259 2837 2330 modumque
2892 2273 3001 2312 non
3044 2258 3202 2326 plane
3248 2257 3479 2326 ignoret.

1915 2348 2051 2404 Nam
2077 2358 2131 2404 et
2157 2351 2401 2405 clausula
2427 2350 2620 2404 harum
2658 2349 2963 2403 litterarum
3002 2349 3160 2418 plane
3186 2347 3371 2402 eadem
3400 2355 3483 2402 est

1915 2457 2037 2512 quae
2063 2443 2480 2512 praecedentium
2508 2441 2930 2512 encyclicarum,
2964 2454 3072 2509 qua
3101 2439 3308 2508 reliquo
3337 2438 3485 2492 clero

1917 2548 2014 2602 per
2042 2533 2327 2602 episcopos
2373 2531 2603 2588 salutem
2652 2530 2959 2600 impertitur
2997 2549 3012 2583 :
3052 2538 3164 2582 tum
3196 2534 3254 2580 ut
3283 2527 3480 2596 saepius

1917 2620 1971 2674 in
2007 2619 2216 2690 reliquo
2247 2619 2487 2689 epistolae
2514 2626 2793 2681 contextu,
2826 2618 2899 2672 ita
2931 2617 2983 2670 in
3018 2615 3122 2673 fine
3144 2617 3326 2686 plures
3357 2630 3482 2670 ora-

1917 2709 2063 2764 tione
2093 2724 2151 2764 se
2169 2707 2323 2762 aliari
2352 2708 2611 2763 ostendit.
2640 2705 2792 2761 Unde
2816 2706 2881 2760 ad
2905 2707 3090 2777 plures
3118 2721 3334 2776 quoque
3353 2707 3484 2778 scri-

1915 2813 2061 2871 ptam
2094 2795 2248 2856 fateri
2280 2816 2566 2856 necessum
2596 2807 2698 2854 est.
2729 2798 2865 2852 Cum
2895 2797 3180 2854 verissime
3212 2799 3343 2852 illud
3374 2813 3479 2852 non

1916 2895 2098 2947 minus
2127 2909 2288 2962 quam
2333 2893 2489 2947 docte
2523 2907 2551 2945 a
2597 2890 2892 2945 Francisco
2922 2890 3257 2944 Bernardino
3292 2889 3485 2945 Ferra-

1918 2987 2001 3040 rio
2028 2987 2120 3040 Lb.
2156 3001 2216 3038 ιιι
2272 2985 2348 3039 De
2379 2987 2593 3056 antiquo
2637 2984 2978 3054 epistolarum
3009 2983 3480 3037 ecclesiasticarum

233 3069 414 3123 turis?
443 3069 508 3123 Et
542 3074 584 3126 si
614 3075 796 3127 omnia
826 3091 922 3143 per
951 3077 1126 3145 ipsum
1158 3079 1298 3133 facta
1332 3089 1480 3148 sunt,
1514 3086 1630 3148 πῶς
1652 3085 1810 3140 δύνα-
1839 3110 1882 3169 c
1916 3095 2114 3148 genere,
2142 3079 2493 3133 observatum
2529 3078 2620 3140 sit,
2655 3093 2860 3130 morem
2895 3077 3196 3144 antiquitus
3227 3076 3483 3130 invaluis-

230 3177 326 3212 ται
362 3161 474 3226 ἶσος
508 3161 644 3220 εἶναι
675 3166 783 3218 τῶν
819 3168 888 3220 δι’
921 3170 1083 3222 αὐτοῦ
1121 3174 1458 3244 γενομένων;
1500 3178 1588 3246 qui
1623 3182 1809 3247 poterit

233 3253 349 3321 ipse
375 3271 474 3322 par
516 3274 624 3310 esse
654 3259 804 3312 rebus
837 3275 952 3329 qua:
978 3277 1069 3329 per
1099 3264 1270 3332 ipsum
1310 3266 1466 3334 factm
1495 3272 1663 3323 sunt?
1695 3269 1811 3334 Quo

234 3353 515 3414 postremo
549 3349 666 3403 loco
713 3349 962 3409 Gelasius
1007 3354 1340 3427 Cyzicenus,
1393 3371 1445 3412 et
1477 3357 1810 3428 Epiphanius

235 3435 511 3506 interpres
552 3441 753 3496 rectius
779 3443 891 3511 jam
922 3446 1050 3498 olim
1091 3447 1284 3513 legere,
1323 3448 1440 3512 πῶς
1483 3448 1703 3502 δύναται
1732 3446 1811 3513 εἷς

233 3521 414 3591 εἶναι;
454 3529 710 3596 quomodo
739 3542 906 3598 potest
937 3550 1071 3588 unus
1103 3552 1211 3588 esse
1234 3535 1442 3600 horum,
1468 3553 1584 3608 quis
1610 3554 1700 3605 per
1731 3540 1811 3608 ip-

233 3632 361 3669 sum
401 3616 547 3685 facta
591 3625 919 3679 noscuntur?
949 3622 1121 3688 Quam
1154 3626 1440 3680 lectionem
1491 3627 1664 3682 Gra'ci
1695 3644 1811 3684 ser-

234 3710 421 3764 monis
458 3714 794 3768 constructio
823 3723 1007 3784 aperte
1036 3718 1284 3787 requirit.
1310 3719 1571 3784 Quamvis
1597 3722 1665 3774 ad
1687 3735 1813 3774 sen-

235 3816 366 3856 sum
397 3802 501 3857 loci
532 3804 668 3858 nihil
702 3806 937 3870 intersit,
973 3815 1149 3862 utrum
1173 3807 1285 3872 ἴσος
1309 3826 1432 3864 cum
1468 3812 1710 3880 vulgato,
1741 3827 1809 3866 an

235 3889 324 3957 εἷς
363 3909 487 3948 cum
520 3899 689 3951 veteri
715 3898 1008 3969 interprete
1042 3901 1211 3970 legas.
1255 3900 1312 3954 Si
1353 3909 1534 3956 tamen
1578 3905 1688 3967 ἴσος
1728 3919 1813 3958 re-

236 3986 501 4052 tineatur,
524 3989 782 4041 mutanda
799 3990 902 4043 hoc
927 3993 1086 4046 modo
1106 3994 1472 4048 constructio:
1501 3994 1624 4058 Πῶς
1649 3995 1704 4048 δὲ
1724 3995 1814 4047 δύ-

235 4093 401 4130 ναται
431 4077 542 4140 ῐσος
581 4074 717 4131 εἶναι
765 4083 878 4143 τοῖς
906 4081 972 4134 δι’
1015 4082 1176 4135 αὑτοῦ
1209 4086 1542 4155 γενομένοις,
1577 4102 1682 4139 ιιοιι
1717 4102 1814 4139 au-

235 4177 373 4234 tem,
405 4169 512 4221 τῶν
535 4169 599 4222 δι’
644 4171 805 4225 αὑτοῦ
837 4175 1159 4244 γενομένων.
1194 4174 1270 4228 Ita
1335 4175 1396 4229 D.
1442 4175 1643 4231 Paulus
1671 4176 1810 4231 Phil.

240 4276 308 4322 ll,
339 4260 395 4322 6,
429 4260 706 4316 Christum
740 4264 814 4317 ait
839 4281 946 4319 non
978 4267 1325 4322 existimasse
1347 4269 1613 4337 rapinam,
1648 4268 1709 4320 τὸ
1733 4265 1810 4320 εἷο

235 4371 331 4407 ναι
361 4349 453 4406 ἴσα
483 4354 623 4427 Θεῷ,
656 4372 767 4410 esse
796 4375 849 4412 se
876 4360 1128 4429 aequalem
1159 4359 1285 4414 Deo.
1318 4359 1392 4414 lta
1427 4366 1542 4430 ipse
1577 4361 1815 4415 Alexan-

1915 3187 1993 3234 se,
2030 3180 2089 3224 ut
2127 3170 2288 3225 iidem
2319 3170 2588 3223 honorum
2620 3169 2758 3222 tituli
2792 3168 2894 3223 sub
2935 3170 3098 3222 tinem
3130 3167 3482 3236 epistolarum

1914 3264 2262 3326 iterarentur,
2315 3263 2516 3332 quibus
2568 3261 2724 3313 initio
2755 3261 2953 3329 singuli
2993 3260 3058 3312 ad
3110 3275 3246 3328 quos
3279 3259 3485 3313 scribe-

1912 3357 2064 3417 bant,
2101 3356 2313 3408 fuerant
2341 3353 2613 3423 appellati.
2649 3350 2752 3406 Sed
2783 3366 3042 3420 quorsum
3066 3351 3200 3414 tuaac,
3234 3350 3486 3419 inquies?

1913 3446 2032 3500 Non
2084 3455 2142 3500 ut
2188 3446 2495 3500 Alexandro
2565 3443 3169 3512 Constantinopolitano
3229 3444 3484 3514 episcopo

1915 3541 2058 3594 hanc
2093 3539 2377 3609 epistolam
2436 3537 2693 3606 scriptam
2735 3552 2960 3606 negem;
2998 3535 3090 3592 sed
3141 3542 3199 3588 ut
3247 3535 3313 3588 ad
3345 3536 3483 3590 alios

1915 3647 2129 3702 quoque
2175 3630 2382 3684 vicinos
2417 3630 2724 3699 episcopos,
2770 3630 2852 3683 vel
2894 3629 2949 3682 in
2978 3633 3122 3698 regia
3155 3627 3288 3680 urbe
3318 3642 3485 3697 nego-

1917 3727 2113 3779 tiormn
2142 3737 2308 3778 causa
2337 3731 2446 3775 tum
2472 3731 2772 3783 versantes,
2797 3719 3040 3790 ejusdem
3061 3733 3278 3790 quoque
3297 3734 3484 3774 exem-

1916 3819 2002 3887 pla
2048 3832 2143 3886 per
2174 3816 2440 3869 circulum
2483 3815 2647 3867 missa
2687 3813 2995 3867 ostendam.
3030 3811 3214 3882 Neque
3263 3812 3482 3881 ego‘hic

1916 3908 2254 3962 Theodoreto
2281 3906 2488 3960 futilem
2519 3903 2718 3960 Gelasii
2750 3904 3002 3975 Cyziceni
3046 3905 3352 3958 Diobolaris
3383 3907 3481 3975 ῥει-

1912 3996 2087 4068 ψῳδοῠ
2123 3997 2500 4050 auctoritatem
2553 3994 2930 4064 opposuerim,
2981 3995 3072 4063 qui
3113 3995 3482 4048 Alexandrum

1916 4091 2075 4143 istum
2131 4089 2232 4143 hoc
2281 4095 2523 4156 tempore
2565 4086 3182 4154 Constantinopolitanae
3227 4086 3483 4142 Ecclesiae

1915 4179 2144 4233 necdum
2191 4177 2473 4247 przefuisse
2517 4174 2787 4231 alIirmat:
2827 4190 3094 4244 quemque
3146 4176 3306 4244 paulo
3360 4185 3482 4244 post

1915 4270 2132 4324 Nicmno
2169 4269 2402 4323 concilio
2442 4268 2712 4336 privatum
2755 4268 2934 4321 adhuc
2962 4267 3331 4338 presbyterum
3386 4284 3484 4338 pro

1917 4362 2286 4430 Meti-Ophane,
2311 4372 2550 4415 extrema
2573 4369 2853 4416 senectute
2869 4361 3141 4425 confecto,
3170 4361 3483 4416 interfuisse

237 4449 342 4502 der
367 4448 596 4518 epistola
645 4451 894 4519 sequenti
945 4452 1180 4508 Arianos
1228 4452 1557 4521 prazdicasse
1596 4453 1809 4518 scribit,
1844 4453 1892 4513 D
1917 4453 2128 4508 scribit.
2160 4451 2330 4522 Cujus
2363 4452 2518 4506 (idem
2549 4451 2742 4505 incerti
2785 4468 3001 4522 quoque
3029 4452 3266 4507 auctoris
3293 4466 3486 4504 narra-

236 4541 523 4595 Christum
549 4544 662 4605 τοῖς
686 4545 851 4596 πᾶσιν
883 4541 1195 4598 ἵσονέἷναι·
1234 4545 1376 4613 quod
1405 4547 1584 4599 versio
1614 4543 1814 4598 Roma-

238 4647 337 4696 na,
368 4631 640 4688 Christum
673 4636 874 4689 cwteris
914 4635 1209 4690 hominibus
1240 4637 1368 4689 nihil
1397 4639 1813 4705 prwstantiorem

236 4741 375 4788 esse,
408 4726 588 4780 reddit
619 4745 632 4781 :
668 4728 832 4781 nimis
862 4743 993 4782 sane
1032 4738 1278 4800 anguste.
1321 4728 1508 4800 Neque
1553 4731 1698 4785 enim
1746 4732 1812 4785 ad

239 4821 393 4878 solos
417 4821 664 4877 homines
683 4822 1045 4893 aequalitatem
1069 4822 1215 4878 illam
1246 4826 1603 4896 restriagebal
1627 4827 1808 4890 Arius,

237 4913 339 4969 sed
375 4912 442 4966 ad
471 4922 777 4968 creaturam
809 4929 1025 4984 quoque
1056 4929 1271 4969 omnem
1315 4915 1421 4970 τῶν
1456 4916 1687 4986 λογικῶν
1721 4919 1814 4971 καὶ

237 5003 458 5071 ἀλόγων
493 5013 817 5058 creaturam.
845 5003 1030 5074 Neque
1055 5008 1200 5061 enim
1231 5008 1375 5061 aliud
1399 5008 1561 5063 isthic
1583 5010 1684 5063 loci
1708 5018 1810 5075 est,

237 5099 356 5159 τοῖς
388 5097 554 5149 πᾶσιν
603 5096 715 5149 ἴσον
756 5092 915 5161 εἶναι,
949 5113 1114 5168 quam
1153 5099 1243 5154 hic
1271 5103 1383 5164 τοῖς
1421 5102 1554 5153 πᾶσι
1594 5119 1812 5176 συναρι-

241 5188 520 5258 θμεῖσθαι,
547 5189 649 5244 hoc
675 5198 780 5254 est,
809 5188 1044 5244 Verbum
1076 5206 1140 5246 ex
1171 5193 1412 5261 ipsorum
1441 5197 1712 5250 sententia
1734 5198 1815 5251 fa-

241 5290 392 5336 ctum
433 5288 487 5337 et
523 5291 764 5337 creatum
821 5298 890 5338 ex
936 5277 1145 5347 nihilo,
1197 5287 1528 5356 reliquarum
1574 5290 1813 5342 omnium

241 5381 619 5428 creaturarum
662 5390 894 5430 numero
939 5376 1311 5443 inserendum,
1344 5387 1534 5449 utpote
1590 5381 1814 5450 reliquis

242 5466 499 5520 omnibus
524 5468 792 5522 creaturis
818 5467 1128 5524 conditione
1157 5477 1318 5539 atque
1355 5471 1592 5526 essentia
1635 5486 1733 5540 par
1763 5480 1817 5526 et

241 5558 469 5626 aequale.
506 5556 763 5623 Quamvis
789 5574 889 5628 ego
919 5560 978 5612 τὸ
1001 5559 1134 5624 ἴσον,
1171 5562 1224 5614 in
1252 5561 1399 5616 hisce
1424 5561 1580 5625 locis,
1618 5561 1817 5632 aequale

243 5649 428 5717 potius
457 5663 620 5718 quam
657 5664 755 5716 par
787 5658 998 5706 vertere
1027 5653 1232 5716 malim,
1277 5668 1386 5720 quo
1409 5654 1571 5706 etiam
1602 5652 1816 5721 profani

249 5748 502 5796 auctores
548 5754 647 5809 pro
692 5748 963 5796 cowtanco
1009 5749 1062 5797 et
1111 5756 1290 5797 coacto
1318 5743 1522 5811 passim
1568 5751 1814 5810 utuntur,

1914 4548 1990 4601 tio
2051 4547 2116 4602 de
2144 4558 2374 4600 cccxvm
2405 4543 2638 4600 Nicaanis
2679 4544 2898 4599 concilii
2934 4543 3186 4599 Patribus
3217 4543 3482 4612 sequitur,

1915 4656 2035 4709 quae
2067 4639 2124 4693 in
2156 4637 2411 4692 Historiis
2439 4649 2741 4692 sanctorum
2773 4635 3092 4706 Lipomanni
3135 4643 3352 4702 exstat;
3385 4650 3486 4688 cu-

1910 4735 2001 4802 jus
2031 4731 2308 4802 cxemplar
2338 4744 2404 4785 ex
2420 4731 2584 4799 Regio
2627 4729 2817 4784 codice
2856 4729 2910 4781 in
2946 4727 3136 4783 Galliis
3192 4727 3484 4797 aliquando

1915 4841 2000 4879 me
2023 4823 2437 4892 transcripsisse
2469 4822 2709 4876 memini.
2753 4820 2898 4885 Haec,
2935 4821 3180 4889 inquam,
3214 4820 3347 4872 tanti
3373 4835 3482 4873 non

1915 4923 2042 4969 sunt
2076 4922 2135 4967 ut
2162 4913 2485 4969 Theodoreti
2519 4913 2857 4980 aliorumque
2886 4911 3169 4964 meliorum
3199 4919 3482 4964 auctorum

1915 5007 2073 5062 fidem
2105 5007 2246 5077 apud
2276 5021 2376 5060 nos
2408 5007 2642 5059 elevent.
2681 5001 2786 5055 Sed
2822 5016 2966 5054 nunc
2997 5001 3280 5070 epistolam
3310 5002 3483 5068 ipsam

1916 5099 2257 5169 aggredimur
2307 5117 2320 5151 :
2369 5097 2422 5149 in
2467 5094 2626 5162 cujus
2675 5093 2860 5147 limine
2916 5091 3194 5145 Romanos
3247 5090 3485 5146 editores

1915 5190 2221 5264 προθέσεως
2250 5204 2349 5242 vox
2379 5185 2628 5248 oﬂ‘endit,
2663 5184 2751 5238 cui
2790 5185 2964 5239 obolis
2994 5185 3261 5240 confossa:
3293 5182 3486 5252 προαί-

1918 5299 2064 5356 ρεσιν
2096 5281 2452 5338 substituunt.
2486 5277 2593 5333 Sed
2621 5279 2834 5332 nescire
2867 5293 2952 5331 me
2979 5277 3151 5331 fateor
3197 5275 3326 5345 quid
3355 5290 3484 5329 cau-

1916 5393 1990 5432 sae
2036 5373 2321 5430 habuerint
2357 5386 2467 5424 cur
2507 5385 2694 5425 vocem
2741 5370 3171 5441 ἑλληνικωτάτην
3219 5367 3482 5423 Grarismi

1916 5483 2081 5522 censu
2127 5463 2506 5533 expunxerint.
2555 5461 2773 5525 Vocem,
2825 5463 3066 5532 inquam,
3106 5460 3352 5531 probam,
3384 5474 3485 5513 nec

1917 5559 2089 5630 solum
2118 5556 2362 5625 Polybio,
2393 5563 2452 5608 ut
2479 5571 2543 5610 ex
2566 5552 2733 5608 Suida
2765 5562 3013 5623 apparet,
3034 5557 3125 5607 sel
3155 5562 3206 5606 et
3233 5552 3291 5607 ι).
3313 5551 3484 5606 Paulo

1916 5650 2079 5704 semel
2102 5647 2407 5716 iterumque
2425 5654 2761 5715 usurpatam.
2783 5643 2939 5699 Rom.
2961 5661 3080 5706 Vlll,
3099 5644 3189 5708 9.8,
3209 5646 3320 5703 τοῖς
3344 5643 3484 5695 κατὰ

1917 5741 2171 5808 πρόθεσιν
2213 5740 2446 5808 κλητοῖς,
2485 5739 2676 5792 vocatis
2721 5737 3003 5792 secundum
3051 5737 3396 5805 propositum,
3431 5740 3487 5788 ct
