3862 6158
433 221 528 278 531

1532 214 1589 273 S.
1630 215 2051 274 ALEXANDER
2086 213 2650 273 ALEXANDRINUS.

3579 213 3682 280 532

430 341 634 412 Ephes.
665 355 706 406 ι,
742 341 831 406 Η,
864 337 1278 413 προορισθέντες
1302 335 1446 393 κατὰ
1492 336 1768 408 πρόθεσιν,
1797 335 1999 406 prcede-

2106 336 2184 390 Ac
2202 335 2435 400 primum
2456 333 2675 404 quidem
2691 330 2788 389 Dei
2804 330 2993 388 hostes
3014 327 3269 390 Ecclesiae
3278 329 3478 389 castris
3497 328 3678 401 ejecti,

430 434 616 488 uinati
660 432 944 488 «eundum
974 432 1330 501 propositum,-
1379 436 1434 483 et
1472 436 1596 498 post
1623 426 1873 492 Paulum,
1905 427 2006 483 doo

430 526 903 597 ctissimoaeuique
930 523 1030 579 SS.
1056 522 1300 577 Patrum.
1322 520 1577 577 Clemens
1600 520 2003 577 Alexandrinus

429 621 559 676 item
607 620 703 674 lib.
750 633 834 686 tu,
882 618 1161 688 εὐνουχιας
1194 616 1466 688 πρόθεσιν,
1508 616 1833 685 propositum
1858 616 2006 670 cmli-

429 710 606 778 batus,
646 717 701 766 et
730 711 822 764 lib.
850 725 947 773 vn,
978 709 1104 771 τοὺς
1129 706 1272 761 κατὰ
1298 706 1552 778 πρόθεσιν
1578 705 1835 770 δικαίους,
1866 721 2005 775 ιπε-

429 802 735 860 destinatos
754 802 1069 873 Apostolum
1095 808 1318 857 secutus
1337 801 1569 855 vocavit.
1588 798 1843 855 lustinus
1861 798 2005 853 Mar-

431 904 518 968 tyr
542 910 635 950 xtx
656 900 943 966 quaestione
962 893 1030 947 ad
1056 892 1401 955 orthodoxae,
1430 893 1840 962 palpitationes,
1863 898 2004 947 ster-

428 996 751 1042 nutamenta
794 996 847 1041 et
879 987 1112 1041 tinnitus
1148 985 1363 1039 aurium
1403 984 1555 1055 παρὰ
1586 984 1685 1055 τὴν
1731 982 2002 1054 ἡμετέραν

424 1079 705 1151 πρόθεσιν,
740 1080 852 1134 ﬁeri
904 1078 1114 1133 scribit.
1144 1076 1347 1131 Omitto
1379 1078 1535 1131 alios.
1568 1074 1710 1130 Sane
1734 1073 2002 1131 ConStan-

423 1171 574 1226 tinus
618 1170 845 1241 Magnus
881 1172 1080 1226 litteris
1129 1170 1194 1224 ad
1248 1169 1617 1225 Alexandrum
1664 1178 1912 1223 nostrum
1948 1177 2004 1224 et

423 1259 614 1315 Arium
668 1260 813 1317 datis
870 1262 996 1333 μίαν
1040 1262 1218 1333 ψυχῆς
1275 1260 1530 1333 πρόθεσιν
1579 1262 1816 1331 scripsit.
1860 1259 2001 1328 Quid

424 1354 595 1407 vero?-
631 1368 813 1408 nonne
863 1354 978 1423 ipse
1018 1353 1324 1409 Alexander
1389 1370 1517 1409 mox
1589 1355 1691 1409 hac
1740 1356 1857 1425 ipsa
1908 1370 2004 1425 pa-

425 1444 556 1514 gina
619 1446 720 1515 τὴν
752 1445 1028 1516 μοχθηρὰν
1078 1444 1339 1516 πρόθεσιν.
1379 1447 1606 1516 repetit?
1635 1445 1791 1512 Quod
1825 1454 1879 1501 et
1918 1449 2001 1515 ip-

427 1551 549 1589 sum
578 1550 936 1601 necensores
963 1536 1295 1607 jugularent,
1332 1538 1541 1592 salvum
1565 1547 1727 1609 atque
1750 1539 2003 1594 indemne

426 1636 691 1700 praestare
716 1637 929 1697 poterat
954 1631 1099 1699 quod
1123 1630 1263 1684 infra
1286 1646 1344 1685 se
1364 1631 1742 1702 episcoporum
1766 1635 1833 1687 ad
1862 1649 2001 1706 quos

2111 398 2213 481 adi
2249 398 2491 498 gentiles
2531 432 2587 479 et
2633 422 2851 479 Judaeos
2895 422 3276 492 transfugere,
3307 436 3433 476 cum
3478 398 3565 476 his
3618 398 3725 498 ad!

2109 495 2479 573 Christianam
2510 515 2828 587 religionem
2861 512 3286 569 exscindendam
3324 512 3547 568 fmderis
3595 527 3685 568 so-
3717 495 3720 499 ’

2110 609 2306 664 cietate
2337 622 2459 663 sese
2487 607 2817 676 conjungere
2846 623 2861 659 :
2893 604 3036 675 apud
3063 605 3164 660 hos
3192 604 3418 677 gratiam
3440 604 3683 659 laudem-

2109 722 2217 777 que
2237 706 2343 762 sibi
2366 719 2633 775 quaerere,
2663 703 2794 761 dum
2832 702 3267 759 Christianorum
3311 701 3563 773 dogmata
3616 717 3679 754 ac

2111 813 2290 862 sacra,
2339 813 2461 867 quae
2507 794 2710 850 Iudaeis
2739 794 3082 855 scandalum,
3124 793 3375 865 gentibus
3407 792 3636 851 stultitia
3661 792 3677 824 ¹

2111 907 2289 961 erant,
2314 896 2450 953 risui
2477 911 2541 951 ac
2562 894 2798 949 ludibrio
2812 893 3148 958 eorumdem,
3163 901 3517 963 exponerent;
3537 890 3680 945 unde

2112 976 2393 1060 religionis
2430 987 2656 1043 exitium
2687 986 2842 1055 sequi
2886 999 3111 1039 necesse
3140 992 3275 1038 erat.
3316 982 3454 1053 Ipsis
3483 981 3679 1039 deinde

2110 1082 2354 1137 veritatis
2384 1079 2875 1150 propugnatoribus
2904 1078 3111 1139 turbas,
3141 1076 3434 1133 seditiones
3462 1090 3527 1131 ac
3555 1090 3682 1148 per-

2111 1175 2419 1231 secutiones
2435 1173 2783 1243 gravissimas
2804 1171 3113 1225 excitabant
3137 1188 3149 1222 :
3175 1168 3383 1224 scilicet
3401 1176 3460 1225 ut
3477 1168 3567 1221 Dei
3588 1167 3686 1221 Ec-

2110 1268 2274 1322 clesia
2305 1267 2500 1320 horum
2530 1265 2781 1336 prmsidio
2819 1264 3031 1323 orbata,
3064 1262 3198 1332 ipsis
3228 1260 3421 1332 praeda:
3441 1258 3678 1315 cederet.

2110 1356 2235 1412 Haec
2248 1357 2354 1411 duo
2373 1355 2738 1411 accusationis
2759 1355 2955 1424 capita.
2981 1353 3221 1420 Quorum
3245 1360 3535 1423 utrumque
3555 1351 3683 1421 qui-

2109 1448 2213 1503 bus
2241 1447 2416 1503 modis
2436 1446 2648 1503 ellicere
2678 1455 3009 1501 conarentur
3036 1444 3247 1509 Ariani,
3268 1460 3391 1497 mox
3418 1443 3679 1498 ostendit.

2110 1538 2394 1596 Posterius
2435 1541 2674 1610 quidem,
2713 1539 2911 1608 inquit,
2957 1537 3253 1591 seditiones
3308 1544 3362 1590 et
3416 1550 3680 1604 persecu-

2110 1635 2290 1688 tiones
2339 1633 2552 1689 scilicet
2587 1634 2861 1699 excitant,
2921 1629 3227 1686 divexando
3255 1628 3577 1692 catholicos,
3626 1636 3684 1683 et

428 1723 623 1778 scribit
653 1722 786 1796 ὀρθῇ
817 1723 1098 1795 προθέσει,
1120 1723 1394 1778 conlidere
1435 1725 1531 1779 ait.
1579 1724 1810 1789 Videtis,
1846 1734 2000 1797 puto,
2034 1720 2077 1775 B
2108 1724 2231 1779 lites
2256 1723 2449 1778 iisdem
2490 1722 2835 1786 intentando,
2865 1736 2963 1793 per
3008 1720 3454 1777 muliercularum
3484 1720 3681 1781 amici-

427 1815 726 1884 auditores,
761 1830 925 1886 quam
973 1821 1134 1869 caute
1165 1823 1219 1869 et
1251 1816 1503 1887 religiose
1554 1818 1609 1871 in
1651 1819 2002 1889 antiquorum

426 1907 648 1978 scriptis
666 1906 996 1963 versandum
1028 1906 1122 1969 sit,
1152 1921 1314 1976 quam
1347 1923 1456 1962 non
1483 1918 1688 1964 temere
1708 1912 2003 1981 quidquam

424 1998 769 2055 mutandum.
800 2003 1069 2057 Caeterum
1095 2001 1141 2056 si
1173 2000 1297 2070 quis
1316 1997 1564 2055 Graecum
1607 2002 1771 2074 hujus
1800 2005 2004 2074 episto-

423 2091 493 2147 ιω
520 2094 803 2148 exordium
825 2108 947 2147 cum
977 2094 1143 2148 veteri
1176 2092 1463 2163 Epiphanii
1493 2095 1747 2152 versione
1778 2105 2004 2153 conten-

421 2184 537 2248 dat,
572 2185 730 2256 longe
754 2184 1023 2240 diversam
1055 2184 1176 2254 ejus
1207 2187 1456 2243 codicem
1487 2188 1815 2244 sententiam
1856 2205 1999 2259 prae-

427 2276 619 2333 tulisse
648 2278 904 2346 reperiet.

490 2367 570 2423 llli
595 2376 775 2424 autem
813 2370 1084 2424 malorum
1123 2369 1431 2434 hominum,
1461 2385 1628 2439 quam
1672 2370 1836 2426 modo
1863 2369 2000 2438 dixi,

420 2460 681 2532 προθέσει
712 2460 1007 2531 respondet
1042 2460 1187 2531 quod
1222 2462 1490 2531 sequitur,
1536 2476 1634 2517 eos
1656 2462 1861 2518 diaboli
1897 2464 2002 2517 im-

420 2549 584 2617 pulsu
612 2549 778 2603 veluti
806 2557 977 2604 uestro
1014 2550 1251 2619 percitos
1282 2548 1411 2604 ferri
1444 2553 1526 2615 εἰς
1560 2551 1663 2622 τὴν
1705 2554 2003 2625 προκειμέ-

418 2656 519 2709 νην
547 2641 731 2704 αὐτοῖς
757 2642 970 2713 ἡδονήν.
1027 2641 1148 2707 Quo
1175 2659 1299 2699 cum
1333 2644 1551 2701 certum
1574 2655 1629 2703 et
1662 2647 1998 2703 destinatum

420 2733 588 2789 animi
626 2734 916 2789 consilium
963 2734 1320 2804 signiﬁcetur,
1370 2739 1577 2793 rectius
1630 2754 1660 2791 a
1696 2742 1865 2793 veteri
1914 2739 1995 2792 in-

418 2829 676 2893 terprete,
706 2826 1031 2894 propositam
1074 2827 1254 2881 animo
1292 2826 1586 2892 libidinem,
1618 2844 1782 2898 quam
1828 2845 1859 2882 a
1893 2829 2000 2885 Ca-

418 2915 680 2982 merario,
709 2916 913 2971 obviam
940 2918 1276 2984 voluptatem,
1309 2930 1402 2975 aut
1436 2936 1469 2975 a
1492 2931 1678 2977 nostro
1702 2923 1998 2992 interprete

418 3004 712 3072 Britanno,
746 3007 1039 3077 voluptates
1069 3026 1185 3078 qua:
1218 3010 1353 3080 forte
1385 3029 1440 3067 se
1469 3013 1718 3082 offerunt,
1751 3012 1996 3067 converti

419 3100 696 3155 existimo.
726 3099 861 3167 Quis
884 3102 1032 3156 enim
1055 3119 1165 3157 non
1188 3102 1353 3168 videt,
1371 3105 1471 3177 τὴν
1492 3104 1761 3177 τυχοῦσαν
1781 3105 1995 3177 ἡδονὴν,

419 3191 513 3244 καὶ
537 3189 637 3262 τὴν
676 3193 1061 3263 προκειμένην,
1095 3193 1413 3263 longissime
1460 3196 1602 3272 inter
1643 3211 1703 3251 se
1740 3195 1996 3263 diﬂerre;

419 3298 547 3339 cum
570 3283 662 3338 illa
684 3300 896 3351 casum,
922 3285 1037 3340 haec
1060 3287 1354 3341 consilium
1370 3294 1424 3341 et
1438 3288 1758 3353 voluntatis,
1785 3295 1844 3342 ut
1859 3288 1995 3353 dixi,

418 3378 761 3449 propositum
786 3377 1140 3447 conjunctum
1161 3379 1399 3435 habeat?

492 3468 658 3524 Addit
684 3469 829 3525 hanc
853 3471 1130 3526 scribendi
1164 3486 1389 3528 causam
1426 3472 1530 3528 sibi
1562 3471 1754 3539 fuisse,
1792 3481 1851 3528 ut
1880 3487 2001 3528 mo-

420 3569 576 3617 neret
602 3569 834 3619 caeteros
863 3563 1221 3628 orthodoxos,
1257 3564 1539 3634 improbos
1572 3565 1696 3620 illos
1725 3566 1999 3623 cavendos

420 3668 564 3718 esse,
614 3655 705 3725 Μή
729 3672 814 3720 τις
855 3654 1034 3709 αὐτῶν
1062 3654 1329 3729 τολμήσῃ,
1360 3656 1557 3727 inquit,
1590 3658 1685 3711 καὶ
1716 3661 1836 3722 ταῖς
1866 3660 2001 3729 ὑμε-

420 3745 608 3818 τέραις
640 3746 956 3818 παροικίαις
986 3748 1262 3818 ἐπιϐῆναι.
1311 3746 1395 3802 Ne
1422 3750 1539 3819 quis
1572 3759 1774 3804 vestras
1801 3767 2000 3821 quoque

420 3839 718 3907 provincias
743 3839 987 3894 invadere
1022 3840 1234 3894 audeat.
1271 3839 1427 3908 Quod
1456 3850 1517 3897 ut
1542 3852 1695 3898 vetus
1713 3851 1767 3898 et
1792 3859 2000 3912 germa-

422 3944 531 3986 nus
563 3922 879 3987 't‘beodoriti
923 3935 1191 4004 interpres
1238 3944 1387 3990 recte
1431 3943 1486 3990 et
1531 3936 1849 4006 simpliciter
1875 3951 2001 3992 ver-

422 4030 581 4091 tunt,
626 4024 701 4078 ita
730 4024 937 4095 Anglus
981 4035 1168 4081 noster
1206 4042 1339 4082 sane
1368 4043 1565 4098 magno
1598 4036 1652 4082 et
1686 4030 1999 4098 importuno

421 4117 716 4172 verborum
759 4120 987 4186 ambitu,
1020 4123 1216 4175 erroris
1251 4121 1335 4174 sui
1363 4122 1581 4191 vestigia
1606 4120 1864 4197 Ecclesiis
1899 4123 2001 4174 im-
2036 4169 2041 4175 .

420 4211 647 4278 primore
678 4210 878 4267 reddit.
910 4211 1041 4278 Quze
1067 4228 1133 4269 eo
1159 4228 1191 4267 a
1218 4230 1305 4269 me
1347 4212 1628 4277 dicuntur,
1657 4215 1803 4283 quod
1843 4212 2000 4269 fucos

423 4310 480 4356 et
510 4302 766 4374 phaleras
803 4303 966 4374 longe
1007 4319 1036 4357 a
1066 4312 1216 4360 casta
1258 4313 1575 4361 sanctorum
1607 4304 1833 4359 Patrum
1875 4319 2000 4359 ora-

2103 1817 2237 1872 tiam
2268 1826 2324 1871 et
2354 1817 2733 1887 prensationes
2764 1834 2777 1868 :
2821 1814 3303 1870 Christianismum
3334 1826 3463 1866 vero
3488 1811 3681 1865 tradu-

2105 1917 2313 1973 cerent,
2362 1908 2492 1962 dum
2538 1908 2780 1977 ipsorum
2810 1907 3115 1976 juvenculae
3160 1905 3329 1960 libere
3367 1904 3487 1958 sine
3514 1900 3680 1959 modo

2104 2015 2159 2060 et
2209 2002 2497 2066 modestia,
2541 2001 2877 2071 vagabundae
2927 2016 3023 2070 per
3068 2000 3319 2055 civitates
3367 1997 3675 2052 oberrant:

2104 2111 2338 2168 quorum
2386 2102 2681 2163 utrumque
2711 2101 2795 2148 est
2833 2101 3025 2149 contra
3052 2091 3298 2163 Apostoli
3339 2071 3676 2151 doctrinam,

2103 2190 2195 2259 qui
2230 2186 2399 2257 priori
2425 2185 2495 2239 ad
2529 2184 2874 2240 Timotheum
2910 2202 2963 2252 v,
3000 2186 3066 2239 l9
3090 2224 3106 2248 ,
3160 2182 3351 2238 viduas
3390 2181 3678 2252 sexaginta

2103 2294 2372 2335 annorum
2411 2278 2712 2348 eligendas,
2745 2277 3203 2332 adolescentiores
3230 2280 3411 2327 autem
3447 2272 3563 2326 sive
3587 2271 3680 2341 ju-

2103 2372 2361 2429 venculas
2390 2370 2714 2426 devitandas
2761 2368 3024 2440 praecipit.
3072 2365 3211 2421 Tum
3238 2380 3368 2421 vero
3400 2379 3547 2433 vers.
3580 2363 3679 2417 de-

2103 2467 2247 2521 cimo
2271 2465 2435 2522 tertio
2467 2463 2717 2535 ejusdem
2748 2462 2943 2533 capitis
2992 2468 3198 2524 monet,
3247 2472 3317 2512 ne
3354 2456 3549 2512 otiosas
3591 2455 3675 2509 di-

2102 2566 2229 2612 cant
2267 2558 2503 2613 circuire
2535 2557 2748 2619 domos,
2779 2557 3025 2611 verbosas
3058 2561 3114 2608 et
3149 2552 3402 2615 curiosae,
3434 2557 3545 2605 etc.
3569 2547 3677 2603 Ne-

2100 2667 2207 2721 que
2229 2654 2373 2707 euim
2395 2650 2621 2705 dubium
2656 2649 2790 2703 illud
2838 2655 2942 2713 est,
2974 2648 3109 2717 quin
3141 2662 3209 2701 ex
3246 2645 3396 2700 hisce
3427 2639 3679 2712 Apostoli

2099 2745 2282 2798 verbis
2315 2752 2461 2798 totus
2486 2743 2575 2797 hic
2607 2742 2761 2796 locus
2782 2739 3165 2810 intelligendus
3199 2738 3271 2794 sit
3308 2744 3471 2805 atque
3497 2732 3677 2804 expli—

2100 2836 2327 2890 candus.
2361 2834 2419 2888 1n
2448 2834 2608 2904 cujus
2624 2850 2788 2889 sensu
2804 2831 3156 2904 exprimendo
3186 2830 3455 2898 interpres
3484 2834 3680 2885 noster

2099 2931 2238 2985 mire
2277 2945 2505 2985 securus
2544 2937 2651 2992 est,
2700 2929 2965 2983 divellens
3016 2935 3071 2981 et
3102 2924 3444 2981 confundens
3490 2920 3678 2977 omnia

2100 3034 2199 3089 pro
2230 3019 2404 3073 libito.
2440 3017 2595 3073 Unde
2625 3034 2723 3088 pro
2757 3033 2865 3071 una
2912 3021 3169 3072 continua
3216 3013 3514 3071 Alexandri
3546 3027 3679 3068 seno

2100 3109 2285 3170 tentia,
2310 3124 2491 3164 meras
2527 3109 2687 3163 nobis
2721 3122 2917 3177 scopas
2953 3107 3247 3161 dissolutas
3278 3103 3518 3165 exhibet,
3551 3116 3677 3173 qua:

2100 3203 2314 3272 singula
2342 3202 2597 3272 prosequi
2648 3202 2927 3256 ttediosum
2982 3198 3144 3254 foret.
3180 3197 3239 3251 id
3278 3198 3469 3259 miror,
3496 3202 3553 3250 et
3588 3208 3680 3250 vo-

2100 3301 2266 3349 terem
2300 3301 2355 3348 et
2380 3308 2579 3349 novum
2608 3292 2979 3363 interpretem,
3014 3292 3232 3346 inverso
3273 3293 3435 3345 unius
3466 3288 3674 3345 Graece

2098 3386 2253 3441 vocis
2276 3386 2495 3456 spiritu,
2516 3393 2777 3457 tanquam
2810 3385 3205 3441 vehementiori
3235 3383 3472 3454 procella
3515 3382 3681 3437 abre-

2098 3484 2243 3547 ptos,
2267 3478 2321 3531 in
2362 3477 2981 3548 scopulumjmpegisse.
2997 3473 3290 3531 Alexandri
3317 3474 3482 3528 verba
3504 3479 3679 3530 sunt:

2100 3569 2211 3639 Τὴν
2232 3569 2361 3637 γοῦν
2397 3569 2661 3640 Ἑλλήνων
2686 3587 2745 3623 τε
2770 3570 2863 3625 καὶ
2908 3568 3174 3622 Ἰουδαίων
3199 3566 3368 3637 ἀσεᾶῆ
3392 3566 3519 3637 περὶ
3542 3566 3685 3637 Χρι-

2102 3659 2229 3713 στοῦ
2254 3660 2411 3728 δόξαν
2445 3661 2812 3734 κρατύναντες
2837 3704 2850 3727 ,
2875 3661 2966 3715 τὸν
2996 3660 3128 3731 παρ’
3157 3658 3334 3713 αὐτῶν
3355 3658 3579 3712 ἔπαινον
3604 3656 3684 3720 ὡς

2100 3756 2178 3809 ἐνι
2214 3754 2448 3825 μάλιστα
2475 3752 2769 3825 θηρῶνται.
2825 3751 2924 3809 Ubi
2978 3762 3169 3807 neuter
3210 3748 3507 3820 perspexit,
3544 3748 3683 3819 παρ’

2102 3847 2279 3902 ἀυτῶν
2310 3847 2414 3901 leni
2440 3846 2635 3915 spiritu
2664 3842 2989 3913 legendum;
3025 3848 3080 3895 et
3111 3856 3221 3894 non
3246 3841 3394 3909 ipsos
3416 3837 3682 3902 Arianos,

2102 3940 2197 3995 sed
2228 3937 2447 3994 Graecos
2476 3944 2530 3992 et
2556 3935 2775 3992 Iudaeos
2831 3934 3079 4004 intelligi,
3128 3930 3271 4000 apud
3319 3945 3461 4000 quos
3512 3928 3681 3984 Chri-

2102 4040 2247 4086 stum
2278 4031 2553 4085 commttni
2599 4042 2767 4099 opera
2792 4025 3175 4097 oppugnando,
3211 4025 3425 4080 laudem
3458 4023 3675 4079 studio-

2102 4120 2322 4175 sissime
2351 4120 2642 4190 captabant
2673 4117 2879 4171 Ariani.
2902 4115 3059 4182 Quod
3085 4123 3265 4171 tamen
3291 4114 3674 4170 Camerarium

2103 4212 2454 4278 Theodoreti,
2491 4218 2545 4267 et
2575 4211 2821 4281 Langum
2858 4208 3147 4278 Nicephori
3174 4211 3527 4277 interpretem
3567 4222 3683 4265 non

2106 4304 2263 4375 fugit.
2300 4304 2562 4368 Quamvis
2607 4302 2750 4373 apud
2816 4302 2959 4355 hunc
3012 4316 3118 4357 non
3147 4299 3276 4370 mp‘
3328 4298 3527 4361 αὐτῶν,
3585 4299 3687 4354 sed

421 4395 571 4451 tione
592 4395 871 4452 amandari
892 4397 1052 4451 velim
1078 4416 1091 4451 :
1119 4413 1340 4469 easque,
1369 4405 1430 4452 ut
1454 4397 1556 4468 ipsi
1578 4398 1820 4454 studiose
1844 4412 2003 4453 cave-
2032 4419 2079 4473 ι)
2108 4399 2238 4469 παρ’
2261 4397 2444 4461 αὐτοῖς
2467 4397 2697 4467 legatur.
2726 4395 2990 4453 Caeterum
3016 4403 3075 4450 ut
3105 4394 3301 4463 reliqui
3332 4408 3523 4447 omnes
3568 4391 3688 4451 ba:-

423 4496 574 4548 runt.
607 4490 679 4543 ita
708 4504 809 4544 nec
836 4491 891 4543 in
917 4491 1198 4546 versiones
1222 4507 1413 4546 eorum
1435 4491 1605 4545 menti
1633 4490 2001 4561 exprimenda:

426 4580 793 4638 admittendas
817 4597 1034 4639 censeo.
1066 4582 1147 4638 ita
1175 4584 1279 4639 sub
1302 4584 1572 4654 principio
1610 4599 1733 4655 pag.
1763 4599 1881 4655 seq.
1908 4600 2002 4639 ve-

423 4681 515 4729 tus
544 4675 835 4745 interpres,
881 4676 981 4748 τὴν
1013 4678 1279 4749 σωτήριον
1301 4678 1538 4749 Χριστοῦ
1569 4677 1880 4748 οἰκονομίαν
1909 4678 2009 4738 καὶ,

422 4767 492 4821 δι’
528 4770 677 4838 ἡμᾶς
721 4769 1078 4839 ταπείνωσινξ,
1124 4771 1413 4825 salutarem
1457 4769 1898 4839 dispensationem
1951 4777 2002 4823 et

423 4859 776 4913 humilitatem
807 4874 902 4926 pro
948 4858 1097 4913 nobis
1131 4871 1447 4928 susceptam,
1482 4860 1665 4924 vertit,
1699 4871 1759 4914 ut
1806 4861 2003 4931 reliqui

424 4951 635 5006 Latina:
670 4950 929 5007 Ecclesia:
964 4951 1178 5016 Patres,
1219 4961 1275 5006 et
1306 4953 1558 5024 vulgatus
1582 4953 1881 5010 Bibliorum
1914 4956 2000 5009 in-

424 5050 638 5113 terpres
672 5044 823 5115 loqui
851 5055 1067 5112 amant;
1109 5045 1202 5101 ubi
1250 5054 1437 5101 noster
1465 5048 1804 5102 aeconomiam
1829 5056 1878 5102 et
1919 5047 2005 5102 ab-

425 5134 723 5200 iectionem,
768 5136 951 5206 potius
997 5152 1161 5208 quam
1190 5136 1608 5193 bumiliationem
1642 5139 1906 5210 probavit.

497 5224 758 5297 Sequitur
784 5229 982 5285 deinde
1014 5231 1169 5286 locus
1216 5245 1352 5287 sane
1397 5231 1649 5303 insignis,
1684 5248 1795 5303 quo
1838 5233 2003 5290 Alex-

427 5323 600 5378 ander
644 5326 861 5396 egregie
908 5327 1171 5383 describit
1228 5328 1401 5384 malas
1447 5327 1777 5385 Arianorum
1831 5340 1998 5395 artes,

428 5413 628 5482 quibus
671 5416 953 5473 veritatem
998 5419 1228 5491 ejusque
1277 5422 1618 5485 defensores,
1655 5438 1762 5493 qua
1811 5431 2001 5492 aperta

427 5504 503 5571 vi,
528 5517 634 5575 qua
670 5506 860 5564 fraude
887 5513 1121 5580 occulta,
1154 5530 1249 5586 per
1274 5516 1563 5573 cuniculos
1591 5516 1996 5587 oppugnabant.
2026 5538 2029 5540 -

495 5663 514 5700 ³
548 5663 570 5722 l
604 5660 727 5716 Cor.
755 5679 798 5731 ι,
839 5663 933 5723 23..

2105 4492 2278 4556 retici,
2321 4493 2398 4546 ita
2426 4491 2591 4547 Arius
2621 4504 2837 4560 quoque
2891 4489 3135 4559 parentis
3164 4489 3248 4542 sui
3280 4487 3483 4543 diaboli
3516 4486 3683 4557 inge-

2107 4586 2257 4638 nium
2285 4592 2540 4654 artesque
2561 4583 2828 4647 imitatus,
2849 4582 2974 4636 licta
3004 4580 3222 4650 pietatis
3249 4579 3431 4648 specie
3455 4580 3689 4648 sequio—

2106 4678 2185 4732 ris
2207 4692 2372 4733 sexus
2394 4676 2731 4746 simplicitati
2758 4676 2948 4730 illusit.
2972 4672 3219 4742 Cumque
3240 4671 3515 4726 Christum
3537 4671 3693 4727 divi-

2108 4768 2299 4824 nitatis
2326 4768 2497 4838 gloria
2521 4768 2829 4837 spoliasset,
2870 4765 3278 4821 sanctissimum
3304 4778 3523 4832 quoque
3553 4763 3685 4832 ejus

2108 4861 2380 4930 peculium
2422 4861 2675 4915 invadere
2732 4859 3183 4913 acintervertere
3239 4870 3352 4909 non
3383 4854 3683 4909 dubitavit.

2109 4954 2213 5022 Qui
2239 4955 2607 5025 septingentas
2624 4952 2862 5023 virgines
2882 4949 3106 5006 Christo.
3122 4956 3471 5005 consecratas
3496 4948 3689 5018 primo

2109 5049 2351 5103 omnium
2384 5049 2441 5102 in
2475 5061 2604 5102 suas
2650 5052 2835 5115 partes
2863 5043 3161 5115 pertraxit,
3192 5056 3315 5099 cum
3338 5041 3559 5097 interim
3588 5041 3688 5096 vix

2017 5174 2024 5180 -
2107 5150 2312 5211 septem
2339 5140 2682 5211 presbyteros
2705 5145 2760 5193 et
2780 5137 3042 5192 diaconos
3090 5133 3379 5191 duodecim
3405 5132 3516 5187 sibi
3534 5147 3690 5189 con-

2104 5235 2363 5291 ciliasset.
2410 5232 2488 5286 Ita
2542 5231 2770 5295 scilicet,
2809 5228 3080 5283 εὐόλισθον
3124 5228 3217 5280 καὶ
3261 5224 3529 5297 σφαλερόν
3588 5226 3692 5280 καὶ

2105 5326 2498 5397 εὐπαράγωγον
2554 5322 2616 5376 τὸ
2663 5321 2772 5376 τῶν
2822 5319 3091 5390 γυναικῶν
3136 5318 3309 5388 γένος.
3373 5315 3479 5372 Sed
3553 5331 3687 5375 cum

2106 5418 2413 5474 Alexander
2449 5417 2554 5472 hoc
2587 5416 2709 5470 loco
2736 5414 3222 5482 mulierumopera
3252 5409 3558 5466 Ecclesiam
3610 5409 3689 5464 alt

2108 5511 2238 5570 Aria
2263 5510 2466 5568 scribat
2485 5516 2868 5579 oppugnatam,
2904 5503 3231 5563 dubitaverit
3256 5504 3384 5577 quis
3418 5501 3576 5564 haud.
3596 5502 3689 5558 in-
