3862 6158
233 290 340 350 553

1684 279 1982 338 NOTITIA.
2049 287 2052 290 ’

3378 274 3477 332 831

228 409 396 481 juria,
435 399 880 464 num'seduetas
911 402 1036 459 illas
1092 409 1146 459 et
1189 400 1368 457 fatuas
1425 400 1686 472 virgines,
1735 417 1802 455 an
1833 407 2059 471 Aacque
2077 399 2393 463 obscurum,
2445 399 2675 469 parique
2723 392 3144 464 investigatione
3195 392 3472 463 inquiren-

230 501 381 556 aliud
411 501 592 570 potius
647 497 969 552 feminarum
1004 511 1178 567 genus
1206 495 1293 549 vir
1345 500 1571 549 sanctus
1601 493 1806 548 intelli-

236 603 378 663 gat:
425 605 564 662 quas
617 591 836 661 quidem
875 590 992 659 ipse
1049 587 1390 641 mulierculas
1443 587 1704 656 imputas,
1759 587 1807 641 si

229 684 409 756 Anglo
435 683 721 755 interpreti
749 682 1024 737 credimus
1049 720 1064 745 ,
1098 688 1152 735 et
1199 679 1427 735 tenellas
1488 677 1808 733 meretricu-

230 778 315 834 las
365 784 562 833 vocat:
611 776 704 831 sed
738 789 929 831 vereor
960 773 1222 844 profecto,
1261 787 1330 826 ne
1369 770 1458 825 ille
1515 766 1807 824 Alexandri

232 877 474 925 mentem
505 883 569 922 ac
614 867 779 922 verba
827 866 994 920 nimis
1054 863 1410 918 inclementer
1451 860 1803 930 expresserit.

229 960 383 1028 Quas
423 960 567 1015 enim
620 961 852 1028 impurae
886 958 976 1012 ille
1010 956 1194 1020 vertit,
1249 952 1577 1025 γυναικάρια
1599 953 1807 1005 ἄτακτα

231 1051 541 1106 Alexander
591 1066 725 1106 voce
763 1066 792 1103 a
828 1049 890 1104 D.
923 1048 1096 1102 Paulo
1138 1053 1386 1101 mutuata
1435 1045 1688 1116 appellat.
1730 1041 1808 1097 lta

233 1143 381 1198 enim
425 1141 718 1212 Apostolus
766 1138 831 1192 II
861 1137 1102 1193 Thessal.
1156 1152 1240 1201 Ill,
1275 1136 1332 1200 6,
1389 1143 1572 1191 monet
1619 1143 1678 1189 ut
1707 1151 1808 1191 nos

233 1235 620 1292 subtrahamus
647 1233 756 1288 ἀπὸ
802 1231 1001 1295 παντὸς
1027 1229 1254 1300 ἀδελφοῦ
1301 1228 1552 1292 ἀτάκτως
1581 1245 1809 1299 περιπα-

228 1325 472 1390 τούντος,
505 1326 571 1379 ab
619 1327 762 1380 omni
793 1325 961 1393 fratre
1000 1324 1297 1376 inordinate
1345 1320 1668 1374 ambulante.
1705 1317 1809 1373 Ubi

229 1420 449 1491 egregie
490 1419 813 1474 scholiastes
840 1415 1062 1471 Graecus
1093 1434 1107 1469 :
1146 1413 1413 1477 Ἀτακτός
1443 1415 1591 1466 ἐστιν
1622 1413 1650 1463 ὁ
1687 1411 1808 1480 δίχα

230 1511 439 1576 τάξεως
487 1509 712 1564 καὶτῶν
759 1508 852 1562 τοῦ
908 1506 1043 1560 Θεοῦ
1073 1507 1254 1577 νόμων
1282 1503 1620 1577 περιπατῶν.
1653 1503 1809 1570 Quod

229 1602 484 1673 equidem
527 1603 607 1656 sic
637 1600 1048 1670 explicaverim,
1111 1597 1346 1651 ἄτακτον
1391 1597 1506 1652 sive
1539 1595 1810 1650 inordina-

232 1705 343 1750 tum
377 1697 506 1760 dici,
539 1697 632 1766 qui
681 1711 794 1750 sua:
846 1693 1152 1749 vocationis
1203 1693 1450 1747 ordinem
1495 1692 1749 1763 legesque
1779 1706 1807 1743 a

231 1786 344 1842 Deo
375 1789 685 1856 propositas
708 1801 815 1840 non
866 1785 1124 1839 observat
1161 1801 1173 1836 :
1207 1777 1297 1837 cui
1355 1783 1555 1854 impuri
1609 1798 1809 1837 nomen
1841 1768 1883 1822 Β

227 1879 451 1948 proprie
496 1878 843 1933 tribuendum
904 1875 1050 1931 haud
1093 1885 1247 1948 puto.
1289 1875 1642 1931 Mulierculas
1678 1891 1810 1931 vero

227 1967 477 2039 impuras
512 1985 692 2036 nemo,
725 1969 908 2033 credo,
947 1969 1240 2040 intelliget,
1275 1969 1534 2039 nisirqua:
1563 1968 1812 2039 volupta-

228 2067 349 2114 tum
377 2076 442 2116 ac
479 2060 767 2117 libidinum
794 2076 953 2116 emno
985 2061 1276 2126 immersae,
1311 2059 1513 2115 foedam
1563 2061 1811 2132 corporis

228 2151 318 2207 sui
351 2152 561 2222 copiam
618 2153 743 2208 aliis
811 2152 1040 2208 faciunt.
1073 2152 1211 2208 Illud
1259 2168 1390 2208 vero
1442 2152 1664 2223 gravius
1701 2160 1808 2215 est,

233 2259 374 2315 quas
410 2244 718 2301 Alexander
748 2245 870 2302 loco
911 2246 1164 2317 superius
1195 2261 1226 2301 a
1253 2246 1410 2302 nobis
1459 2245 1644 2312 allato,
1679 2245 1812 2301 sim-

230 2337 451 2407 pliciter
478 2335 747 2409 νεωτέἐρας
773 2345 953 2402 vocat,
991 2337 1206 2392 tenellae
1236 2336 1600 2391 meretriculas
1653 2334 1808 2391 verti.

230 2428 394 2496 Quod
423 2427 652 2484 Romani
682 2431 920 2485 editores
970 2430 1075 2484 hoc
1125 2431 1246 2485 loco
1292 2429 1706 2499 interpolantes,
1737 2436 1810 2482 te-

231 2521 406 2576 nellae
423 2521 731 2591 juvenculas
756 2522 1160 2578 substituerunt
1196 2539 1208 2574 :
1243 2523 1568 2578 clementius
1591 2519 1809 2587 quidem

233 2613 396 2679 illud,
431 2615 524 2669 sed
554 2614 742 2670 nescio
773 2623 955 2670 tamen
989 2631 1057 2670 an
1089 2616 1223 2671 satis
1254 2615 1322 2670 ad
1349 2613 1641 2670 Alexandri
1659 2628 1810 2668 men-

234 2711 372 2760 tem.
406 2702 579 2772 Quam
636 2713 696 2759 ut
742 2705 959 2775 planius
1011 2707 1336 2778 pleniusque
1390 2708 1806 2778 perspiciamus,

229 2795 518 2865 ecpiosius
551 2798 800 2853 nonnihil
832 2799 1189 2854 differendum
1222 2800 1328 2856 erit
1381 2800 1448 2856 de
1488 2800 1809 2854 mulieribus

237 2883 353 2940 illis
403 2901 524 2956 qua:
545 2887 776 2959 gradum
828 2898 921 2944 aut
943 2891 1189 2946 ordinem
1239 2898 1334 2945 aut
1367 2886 1656 2946 ministerii
1703 2889 1812 2945 oﬂi-

233 2976 386 3031 cium
413 2979 468 3033 in
497 2978 740 3036 Ecclesia
771 2981 900 3036 olim
948 2982 1302 3038 obtinuerunt
1334 2999 1346 3033 :
1389 2996 1619 3052 quarum
1652 2983 1810 3053 origi-

235 3085 362 3126 nem
390 3086 457 3127 ex
486 3073 662 3130 sacris
717 3073 914 3130 litteris
942 3091 1051 3130 una
1093 3075 1393 3146 eademque
1413 3090 1576 3146 opera
1637 3075 1809 3131 dedu-
1834 3116 1877 3172 ο

231 3169 383 3217 ctam
408 3164 822 3234 explicabimus.
875 3164 942 3219 Et
991 3166 1130 3220 mihi
1170 3165 1390 3237 quidem
1438 3175 1585 3222 recte
1613 3169 1678 3221 ad
1704 3167 1809 3221 tria

232 3268 438 3325 genera
484 3257 732 3311 revocari
770 3255 1045 3313 videntur.
1102 3255 1346 3323 Quorum
1391 3256 1653 3328 dignitate
1697 3259 1811 3328 pri-

233 3361 386 3400 mum
420 3354 502 3402 est
526 3347 795 3419 virginum
824 3347 1154 3413 institutum,
1210 3363 1322 3404 non
1371 3348 1488 3403 heri
1523 3357 1617 3403 aut
1650 3349 1811 3406 hodie

232 3437 632 3505 introductum,
682 3449 744 3495 ut
787 3440 1028 3496 haeretici
1085 3441 1260 3497 nostri
1315 3443 1578 3512 temporis
1634 3442 1811 3512 impu-

232 3529 432 3586 denter
485 3531 648 3587 simul
695 3540 750 3589 et
785 3534 1033 3603 imperite
1061 3532 1368 3588 allirmant:
1398 3535 1494 3590 sed
1543 3549 1650 3588 una
1685 3549 1809 3588 cum

234 3625 481 3681 Ecclesia
511 3635 719 3690 natum,
763 3627 1032 3682 autetiam
1065 3625 1307 3682 Ecclesia
1342 3626 1464 3697 ipsa
1493 3626 1807 3697 antiquius:

232 3716 438 3788 quippe
459 3716 618 3785 cujus
645 3719 888 3789 exempla
912 3724 1006 3772 aut
1027 3717 1290 3788 praeludia
1322 3717 1378 3773 in
1402 3717 1570 3774 veteri
1595 3732 1813 3787 quoque

234 3808 447 3864 {aedere
492 3808 862 3880 agnoscimus.
922 3808 1186 3875 Quamvis
1243 3808 1416 3863 multo
1476 3807 1812 3878 splendidior

234 3902 357 3973 ejus
389 3902 562 3974 gloria
593 3903 648 3957 in
676 3917 818 3958 novo
871 3902 1149 3959 refulserit
1175 3921 1188 3956 :
1225 3901 1316 3956 ubi
1351 3899 1590 3972 Virginis
1617 3899 1808 3966 Filius,

234 3993 498 4050 Ecclesiae
548 4002 712 4049 castra
747 3993 976 4066 virginis
1019 4008 1292 4065 sponsus,
1340 3992 1709 4063 virginitatem
1757 4001 1812 4049 et

235 4088 488 4144 doctrina
512 4088 834 4159 etexemplo
880 4103 981 4143 suo
1025 4087 1318 4159 gloriosius
1351 4086 1694 4142 consecravit
1719 4102 1732 4139 :
1757 4093 1813 4141 et

235 4178 534 4250 Apostolus
563 4179 691 4250 περὶ
727 4181 1012 4248 ἰσαγγέλου
1033 4178 1315 4242 ’πολιτείας
1337 4193 1496 4233 suum
1520 4178 1810 4234 con'silium

235 4271 452 4344 prolixe
477 4269 776 4326 Corinthiis
812 4270 867 4323 in
903 4267 1206 4339 lEpmtola,
1237 4283 1361 4338 cap.
1406 4282 1506 4333 vn,
1537 4267 1808 4338 exposuit.

245 4362 630 4436 Virginitatem
658 4361 856 4417 deinde
898 4361 1145 4432 sequitur
1191 4360 1470 4424 viduatus,
1506 4367 1564 4413 ut
1597 4358 1812 4414 Tertul-

1892 493 2037 552 _dum
2067 492 2300 547 videtur.
2328 490 2390 545 D.
2416 489 2783 560 Hieronymus
2821 485 3053 557 epistola
3092 483 3162 539 ad
3200 482 3479 539 Salvinam

1909 580 1987 637 De
2015 581 2268 636 viduitate
2286 580 2565 648 servanda,
2613 579 2763 634 hunc
2802 573 3050 646 Apostoli
3097 574 3278 631 locum
3309 573 3482 644 expli-

1907 686 2064 736 cans,
2096 671 2165 726 de
2192 671 2420 742 collegio
2443 671 2548 737 vel,
2588 679 2648 725 ut
2706 682 2854 723 nunc
2895 665 3192 735 loquimur,
3243 664 3482 735 hospitio

1907 761 2194 818 viduarum
2225 762 2444 832 accipit,
2479 777 2598 832 quae
2629 760 2860 831 publicis
2887 760 3145 816 Ecclesia:
3174 757 3484 828 sumptibus

1909 855 2192 910 alebantur
2229 853 2424 918 :Illas,
2454 854 2650 924 inquit,
2700 854 2809 908 vult
2862 853 3114 908 Ecclesia:
3154 850 3338 921 opibus
3363 865 3486 902 sus-

1910 946 2123 1009 tentari,
2169 961 2286 1015 qua:
2318 947 2543 1014 propriis
2574 946 2816 1000 manibus
2847 962 2952 1000 non
2978 947 3171 1016 queunt
3191 941 3434 996 laborare
3462 955 3482 994 :

1907 1053 2024 1106 gnte
2045 1053 2158 1091 vere
2205 1037 2380 1092 vidua:
2407 1048 2549 1100 sunt,
2581 1055 2710 1108 quas
2739 1049 2787 1093 et
2825 1047 2957 1094 aetas
3010 1037 3197 1106 probat
3243 1045 3292 1091 et
3349 1035 3477 1088 vita.

1911 1128 2018 1185 Sed
2049 1145 2240 1186 vereor
2263 1138 2322 1184 ut
2360 1131 2608 1202 Apostoli
2665 1146 2820 1187 mens
2870 1133 2936 1187 ad
2968 1132 3139 1186 solam
3175 1131 3317 1185 hanc
3345 1146 3481 1202 pau-

1909 1238 2098 1294 perum
2155 1231 2210 1279 et
2238 1231 2396 1279 astate
2450 1223 2822 1280 confectarum
2872 1224 3161 1280 viduarum
3197 1232 3480 1279 sustenta-

1910 1317 2112 1372 tionem
2163 1319 2418 1390 restringi
2447 1321 2640 1390 possit.
2686 1319 2820 1374 Nam
2856 1321 3162 1375 ministerio
3220 1319 3482 1375 Ecclesia:

1909 1411 2203 1469 virtutibus
2225 1420 2278 1467 et
2301 1421 2459 1468 aetate
2490 1414 2744 1484 probatas
2792 1414 2916 1484 eligi
2954 1414 3263 1484 praeﬁcique
3290 1413 3481 1469 solitas

1908 1504 1994 1559 vel
2015 1504 2148 1558 illud
2175 1512 2495 1576 argumento
2529 1513 2634 1567 est,
2661 1505 2806 1576 quod
2849 1493 3042 1561 viduas
3093 1506 3214 1560 illas
3245 1505 3478 1576 primum

1908 1597 2120 1653 discere
2144 1598 2299 1668 jubet
2329 1599 2642 1669 Apostolus,
2681 1597 2776 1668 qui
2797 1597 3071 1668 propriam
3100 1598 3321 1653 domum
3342 1597 3482 1651 bene

1909 1699 2099 1761 regant
2133 1711 2145 1746 :
2177 1692 2610 1746 Μανθανέτωσαν
2664 1693 2900 1764 πρῶτον,
2943 1692 3120 1762 inquit
3157 1731 3172 1754 ,
3212 1691 3303 1744 τὸν
3352 1690 3483 1744 ἴδιον

1940 1779 1964 1800 τ
2129 1785 2142 1801 9
2283 1788 2304 1802 υ
2431 1787 2441 1796 ο
2507 1788 2516 1797 ο
2738 1786 2749 1798 ο
2979 1787 2990 1797 .
3032 1786 3042 1797 ο
3261 1786 3288 1814 ,ο

1913 1799 2058 1837 οικον
2091 1785 2351 1840 ευσεϐειν.
2387 1784 2629 1840 Similem
2664 1802 2808 1840 enim
2846 1787 3045 1855 public:
3077 1801 3322 1841 muneris
3356 1783 3486 1855 πρό-

1915 1893 2108 1948 πειραν
2137 1877 2191 1931 in
2213 1877 2470 1948 episcopo
2502 1879 2662 1950 paulo
2691 1888 2816 1932 ante
2844 1878 3020 1932 eidem
3058 1876 3344 1932 Timotheo
3372 1883 3486 1929 tra-

1913 1969 2013 2033 dit,
2047 1975 2248 2024 rectam
2283 1969 2492 2025 scilicet
2520 1969 2744 2040 privata:
2764 1970 2980 2024 l‘amilize
3008 1969 3482 2040 gubernationem.

1915 2062 2020 2118 Sed
2044 2062 2175 2134 quid
2210 2063 2533 2118 circuitione
2557 2078 2696 2132 opus
2727 2071 2831 2128 est,
2867 2077 2996 2148 cum
3036 2072 3089 2118 et
3107 2062 3318 2132 privata
3352 2074 3484 2113 san-

1913 2164 2125 2212 ctorum
2154 2156 2397 2222 Patrum,
2431 2167 2483 2213 et
2513 2157 2728 2227 publica
2758 2156 3117 2212 conciliorum
3160 2155 3485 2210 auctoritate

1912 2246 2318 2320 ἀναντιρῤήτως
2342 2247 2626 2302 evincatur
2672 2247 2864 2302 viduas
2889 2247 2979 2302 hic
3001 2248 3069 2300 ah
3115 2246 3376 2316 Apostolo
3401 2245 3486 2298 in-

1911 2339 2081 2410 telligi
2141 2341 2398 2396 mulieres
2451 2339 2574 2395 illas
2635 2354 2774 2410 quas
2829 2354 2860 2392 a
2908 2337 3254 2392 ministrandi
3309 2337 3486 2394 ollicio

1911 2433 2085 2488 Graeci
2125 2432 2424 2497 διακόνους,
2486 2431 2664 2484 Latini
2725 2431 2888 2486 etiam
2944 2431 3258 2497 ministras,
3324 2437 3381 2483 ut
3416 2445 3485 2484 ex

1911 2523 2071 2580 Plinii
2094 2522 2338 2580 lunioris
2376 2523 2580 2579 celebri
2625 2523 2717 2577 illa
2751 2523 2818 2579 de
2869 2521 3196 2578 Christianis
3249 2521 3483 2592 epistola

1910 2623 2144 2679 constat,
2176 2623 2230 2672 et
2250 2615 2590 2672 diaconissas
2617 2615 2994 2685 appellarunt?
3021 2613 3096 2669 De
3125 2615 3327 2685 quibus
3347 2613 3487 2686 Apo-

1911 2710 2084 2765 stolus
2105 2708 2348 2765 disertim
2379 2715 2523 2774 ante,
2563 2707 2657 2764 sed
2688 2708 2877 2778 paucis
2924 2708 3244 2763 meminerat
3271 2722 3392 2776 cap.
3423 2723 3482 2760 ιιι

1910 2800 2153 2870 ejusdem
2179 2799 2452 2870 Epistolis.
2487 2798 2621 2854 Nam
2669 2799 2762 2854 ubi
2795 2799 2861 2854 de
2912 2798 3158 2854 diaconis
3188 2799 3486 2870 probandis

1911 2892 2383 2962 suscipiendisque
2405 2893 2536 2962 agit,
2587 2891 2867 2962 subjungit
2906 2898 2999 2944 aut
3030 2890 3348 2962 interjungit
3396 2905 3488 2958 po-

1910 2986 2038 3050 tius,
2063 2986 2334 3048 Γυναῖκας
2350 2984 2610 3048 ὡσαύτως
2633 2983 2856 3054 σεμνάς,
2888 2991 3019 3045 etc.,
3041 2981 3280 3036 mulieres
3301 2981 3488 3034 simili-

1913 3092 1992 3135 ter
2014 3079 2377 3148 pudicas,etc.;
2397 3079 2684 3140 Γυναῖκας,
2705 3076 2880 3146 inquit
2897 3075 3121 3130 Graecus
3136 3074 3482 3138 scholiastes,

1911 3175 1970 3226 οὐ
1999 3174 2096 3237 τὰς
2116 3173 2455 3245 οἱασδήποτε,
2483 3171 2617 3226 ἀλλὰ
2633 3171 2732 3235 τὰς
2763 3170 3060 3233 διακόνους
3082 3167 3204 3223 Νοη
3231 3185 3489 3240 quascun-

1911 3275 2028 3329 que,
2061 3259 2260 3330 inquit,
2287 3261 2530 3315 mulieres
2560 3259 2830 3330 intelligit,
2873 3257 2970 3313 θεά
2993 3259 3343 3312 diaconissas.
3375 3258 3488 3312 Cur

1913 3347 2058 3403 enim
2079 3349 2222 3404 inter
2244 3350 2474 3405 clericos
2505 3349 2822 3418 quarumvis
2878 3349 2947 3404 de
2986 3349 3146 3419 vulgo
3193 3349 3484 3403 mulierum

1912 3441 2240 3497 mentionem
2268 3443 2517 3513 injiceret
2534 3443 2570 3496 ?'
2588 3439 2776 3511 Neque
2822 3442 2982 3496 aliter
3015 3439 3078 3496 D.
3122 3439 3486 3512 Hieronymus

1914 3535 1970 3588 in
1997 3533 2304 3590 Comment.
2359 3535 2425 3590 ad
2456 3535 2603 3590 hunc
2631 3536 2831 3590 locum.
2875 3533 3148 3597 Mulieres,
3185 3533 3384 3604 inquit,
3412 3535 3488 3587 si-

1914 3627 2110 3681 militer
2127 3636 2184 3680 ut
2207 3627 2454 3681 diacones
2478 3627 2602 3697 eligi
2633 3627 2802 3696 jubet.
2833 3625 2981 3680 Unde
3010 3625 3322 3696 intelligitur
3347 3625 3486 3696 quod

1913 3717 1976 3772 de
2001 3717 2082 3772 his
2115 3717 2260 3772 dicat
2291 3735 2422 3788 quas
2447 3717 2618 3773 adhuc
2646 3718 2797 3772 hodie
2816 3719 2871 3772 in
2908 3717 3120 3774 Oriente
3151 3716 3486 3772 diaconissas

1914 3811 2203 3882 appellant.
2235 3811 2470 3880 Apparet
2491 3825 2620 3882 ergo
2640 3809 2901 3864 διακόνων
2929 3824 3127 3864 nomen
3147 3849 3162 3875 ,
3199 3809 3489 3879 utriusque

1915 3917 2078 3957 sexus
2101 3902 2354 3973 personis
2375 3902 2632 3958 Ecclesiae
2659 3902 3098 3958 ministrantibus
3129 3903 3186 3957 in
3209 3901 3313 3958 hoc
3341 3901 3488 3973 Apo-

1913 3995 2037 4050 stoli
2073 3995 2194 4051 loco
2215 4011 2338 4051 esse
2365 4009 2654 4050 commune
2687 4010 2700 4046 :
2733 3993 2879 4064 quod
2907 3995 2963 4048 in
2992 3994 3267 4060 διακόνους
3298 4002 3353 4051 et
3374 3994 3491 4048 δια-

1913 4087 2166 4151 κονισσας
2186 4097 2372 4158 postea
2416 4085 2737 4142 distinctum
2785 4088 2903 4142 luit.
2955 4085 3127 4143 Hasce
3159 4097 3340 4143 autem
3369 4087 3489 4143 dia-

1913 4181 2183 4244 conissas,
2214 4179 2502 4234 viduarum
2553 4196 2772 4251 quoque
2811 4179 3035 4236 nomine
3059 4196 3089 4234 a
3121 4179 3182 4234 D.
3207 4179 3377 4236 Paulo
3404 4181 3488 4236 in-

1914 4272 2079 4343 telligi
2133 4279 2368 4328 testatur
2424 4271 2565 4328 idem
2625 4273 3008 4344 Hieronymus,
3061 4271 3154 4342 qui
3209 4273 3276 4328 ad
3323 4273 3486 4328 verba

1913 4363 2159 4433 Apostoli
2194 4363 2261 4418 de
2278 4363 2454 4419 viduae
2477 4365 2762 4427 electione,
2793 4363 2873 4418 sic
2907 4370 3093 4418 notat:
3125 4362 3277 4416 Tales
3325 4364 3486 4417 voluit

238 4457 368 4513 liani
399 4470 533 4511 voce
565 4462 709 4518 utar,
735 4455 849 4509 sive
867 4454 1002 4508 ordo
1033 4453 1341 4519 viduarum,
1377 4467 1498 4523 qua
1549 4461 1671 4523 post
1704 4453 1816 4523 pri-
1846 4469 1890 4524 ι)
1917 4457 2039 4527 eligi
2075 4455 2404 4511 diaconissas
2466 4474 2582 4526 qua:
2645 4456 2885 4512 omnibus
2939 4465 3109 4510 essent
3167 4457 3481 4524 exemplum.

236 4562 360 4601 mas
394 4545 629 4614 nuptias,
673 4544 808 4608 sive,
838 4551 898 4597 ut
942 4543 1083 4598 idem
1135 4543 1504 4598 Tertullianns
1553 4545 1808 4614 loquitur,

236 4644 365 4708 post
391 4651 559 4690 unum
594 4634 1004 4688 matrimonium
1033 4635 1413 4705 interceptum,
1439 4635 1636 4690 exinde
1657 4635 1810 4690 sexui

236 4736 294 4782 et
318 4727 519 4783 saeculo
577 4727 989 4782 renuntiabant.
1047 4725 1123 4782 De
1182 4729 1264 4782 his
1291 4743 1510 4798 quoque
1567 4727 1810 4797 Apostoli

238 4827 568 4890 preceptum
594 4826 773 4873 exstat
799 4818 868 4872 ad
899 4817 1244 4873 Timotheum
1279 4820 1444 4888 priori
1468 4819 1639 4890 Epist.
1684 4835 1806 4889 cap.

235 4929 295 4979 v,
321 4928 375 4966 v.
408 4911 481 4966 9:
527 4910 698 4964 Vidua
747 4911 978 4981 eligatur
1009 4927 1112 4964 non
1147 4912 1322 4965 minus
1349 4925 1608 4966 annonem
1656 4926 1812 4964 sema-

235 5005 408 5076 giuta.
441 5001 559 5069 Quo
589 5003 708 5058 loco
758 5000 1050 5073 Apostolus
1074 5010 1128 5058 et
1170 5003 1398 5058 virtutes
1429 5003 1481 5056 in
1526 5001 1691 5056 vidua
1723 5017 1811 5056 re-

235 5096 476 5168 quisitas
511 5105 780 5161 recenset,
809 5103 862 5152 et
892 5104 1108 5151 aetatem
1142 5107 1397 5167 praeterea
1426 5095 1688 5166 eligendae
1721 5095 1813 5150 de-
1847 5121 1852 5125 ·

238 5191 380 5246 ﬁnit.
424 5189 530 5245 Sed
561 5190 650 5246 cui
679 5190 793 5253 lini,
823 5189 913 5244 cui
944 5189 1116 5259 operi,
1168 5189 1254 5244 cui
1302 5189 1604 5245 ministerio
1639 5189 1808 5260 elige-

238 5282 436 5339 batur?
464 5279 796 5337 Scholiastes
819 5279 1066 5345 Graecus,
1101 5281 1192 5351 qui
1224 5282 1278 5334 in
1323 5281 1441 5335 aliis
1489 5296 1715 5336 succum
1757 5288 1811 5336 et

238 5374 510 5429 medullas
563 5372 661 5428 SS.
720 5372 943 5428 Patrum
978 5372 1234 5428 exhibere
1269 5373 1426 5436 solet,
1473 5374 1670 5429 dubius
1707 5373 1812 5428 ha:-

238 5483 364 5522 rcre
391 5466 605 5521 videtur
631 5485 643 5520 :
675 5468 809 5520 Φασὶ
828 5466 999 5530 δὲτὰς
1024 5467 1102 5529 εἰς
1133 5464 1194 5518 τὸ
1219 5465 1444 5535 χηρικόν
1471 5467 1810 5537 τεταγμένας

239 5558 442 5624 λέγειν·
469 5557 648 5623 Aiunt,
687 5559 883 5628 inquit,
919 5558 1227 5628 Apostolum
1278 5558 1418 5627 loqui
1467 5557 1531 5612 de
1564 5559 1669 5612 illis
1694 5575 1809 5627 qua)

239 5652 311 5703 ad
339 5648 645 5703 viduitatem
677 5650 935 5704 ordinata:
957 5660 1126 5704 erant.

313 5738 422 5798 Sed
446 5741 574 5812 quid
603 5741 717 5812 ipse
741 5742 1060 5800 scholiastes
1087 5757 1181 5814 per
1206 5746 1268 5799 τὸ
1296 5740 1516 5813 χηρικόν
1548 5741 1808 5813 intelligat

1917 4547 2172 4603 Testatur
2195 4559 2249 4603 et
2275 4548 2610 4620 Epiphanius
2635 4550 2690 4604 in
2723 4548 3218 4620 Collyridianorum
3251 4547 3442 4604 haeresi
3463 4589 3478 4610 ,

1913 4653 2032 4709 cap.
2074 4640 2128 4704 4,
2155 4640 2245 4695 ubi
2277 4641 2676 4696 observandum
2709 4648 2914 4703 monet,
2943 4642 3005 4694 τὸ
3035 4639 3482 4712 ἐκκλησιαστικὸν

1913 4731 2123 4802 τάγμα,
2175 4731 2410 4786 ordinem
2453 4729 2902 4797 ecclesiasticum,
2949 4746 3060 4786 non
3115 4732 3257 4786 ultra
3308 4731 3485 4786 diaco-

1913 4827 2096 4881 nissas
2125 4823 2374 4890 extendi;
2401 4823 2606 4878 addens
2629 4843 2640 4877 :
2661 4821 2848 4894 Χήρας
2869 4839 2929 4875 τε
2949 4822 3220 4894 ὠνόμασε,
3245 4823 3338 4876 καὶ
3365 4824 3456 4877 τού
3474 4855 3488 4865 -

1913 4932 2020 4967 των
2068 4915 2168 4978 τὰς
2219 4913 2297 4966 ἔτι
2343 4913 2648 4985 γραοτέρας
2691 4911 3093 4984 πρεσϐύτιδας,
3157 4913 3392 4985 οὐδαμοῦ
3431 4915 3486 4968 δὲ

1914 5004 2339 5076 πρεσϐυτερίδας
2375 5005 2407 5076 ἢ
2448 5004 2710 5075 ἱερίσσας.
2770 5003 2940 5069 Quas,
2975 5003 3174 5075 inquit,
3198 5003 3483 5072 Apostolus

1914 5097 2074 5150 etiam
2104 5096 2288 5150 viduas
2319 5096 2619 5166 appellavit,
2649 5111 2930 5168 earumque
2957 5106 3112 5152 (etate
3137 5097 3484 5168 provectiores

1915 5185 2277 5259 πρεσϐύτιδας
2307 5171 2447 5259 [sive
2481 5185 2758 5258 seniores],
2785 5203 3045 5258 nusquam
3069 5197 3242 5242 autem
3267 5187 3485 5258 presby-
3533 5249 3554 5272 ,κ

1917 5279 2112 5334 teridas
2138 5279 2215 5334 vel
2241 5279 2644 5334 sacerdotissas.
2671 5278 2790 5345 Quo
2814 5281 2921 5336 telo
2937 5280 3338 5351 Collyridianas
3362 5279 3490 5350 Epic
3538 5291 3556 5315 ~‘

1914 5371 2148 5443 phanius
2197 5371 2431 5442 jugulat,
2474 5386 2595 5442 quae
2637 5372 2754 5427 suis
2786 5372 2891 5428 sibi
2919 5372 3130 5427 maritis
3160 5373 3485 5443 conjunctae,

1914 5465 2018 5519 hoc
2067 5473 2170 5530 est,
2203 5463 2430 5534 ἒνγαμοι
2459 5464 2554 5518 καὶ
2579 5464 2859 5536 ὖπανδροι,
2893 5463 3156 5528 oll‘erendi
3196 5480 3400 5522 munus
3432 5467 3488 5520 in

1916 5558 2162 5614 Ecclesia
2192 5558 2356 5628 impie
2386 5557 2490 5614 sibi
2524 5557 2873 5628 arrogabant.
2899 5557 3037 5612 Cum
3067 5556 3364 5628 Apostolus
3407 5562 3490 5612 ul-

1916 5657 2000 5702 tra
2037 5650 2404 5715 diaconatum,
2449 5648 2695 5704 altiorem
2723 5647 2950 5719 gradum
2975 5647 3194 5704 feminis
3226 5649 3281 5702 in
3312 5647 3490 5703 Eccle-

1918 5739 1998 5797 sia
2019 5755 2127 5798 non
2165 5740 2519 5806 concesserit,
2577 5754 2810 5812 eumque
2866 5755 2974 5796 non
3035 5737 3358 5811 conjugatis,
3392 5739 3487 5794 sed
