3850 6160
438 277 546 334 555

1497 273 1554 328 S.
1598 270 2018 326 ALEXANDER
2056 267 2618 326 ALEXANDRINUS.

3576 276 3684 332 556‘

437 393 622 449 viduis
644 393 876 448 voluerit
903 391 1163 446 conferri.
1193 389 1311 456 Quo
1357 388 1475 443 loco
1512 385 1847 456 Epiphanius
1892 385 2000 440 olli-
2026 388 2074 446 Α
2104 383 2439 453 virginitatis.
2498 381 2670 435 Pudet
2701 382 2894 446 dicere,
2927 383 3124 453 inquit,
3145 384 3276 453 proh
3298 386 3483 456 nefas!
3509 393 3671 457 triste,

442 487 591 541 cium
616 483 1051 538 di-aconissarum
1103 480 1403 534 luculenter
1421 477 1702 541 describit,
1739 478 1816 530 uti
1848 479 2011 532 etiam

442 578 498 632 in
534 576 876 647 Expositione
897 573 1018 643 ﬁdei
1039 572 1336 633 catholicas,
1368 585 1532 639 quam
1566 570 1716 638 operi
1749 570 2012 625 adversus

444 670 681 725 haereses
713 667 1010 736 subiunxit.
1048 664 1148 719 Ubi
1203 672 1258 719 et
1287 663 1390 717 hoc
1432 661 1670 723 additur,
1705 678 1768 715 ex
1796 677 1904 730 quo
1930 678 2014 732 ge-

441 777 575 816 nere
607 759 717 830 legi
741 765 796 814 et
827 760 883 812 in
912 757 1168 811 Ecclesim
1207 755 1569 808 ministerium
1602 753 1847 822 adoptari
1879 768 2017 806 con-

443 853 763 912 sueverint:
820 850 1174 911 Diaconissw,
1241 846 1438 916 inquit,
1503 844 1638 898 hunc
1694 854 1898 897 tantum
1957 845 2012 896 in

442 964 597 1003 usum
623 947 1036 1007 constituuntur,
1061 951 1120 994 ut
1150 940 1455 994 mulieribus
1477 939 1680 993 decoris
1698 948 1747 992 et
1766 940 2014 993 honesta-

442 1043 508 1094 tis
538 1055 701 1094 causa
731 1037 1056 1098 inserviant,
1100 1032 1188 1086 ubi
1219 1033 1272 1086 id
1305 1033 1589 1086 necessitas
1626 1033 1863 1102 requirit.
1897 1031 2014 1086 Sive

439 1149 558 1186 cum
595 1131 848 1200 baptismi
887 1130 1098 1182 lavacro
1137 1124 1433 1187 initiandis,
1469 1123 1576 1176 sive
1611 1138 1798 1192 corpus
1831 1140 2012 1177 earum

437 1223 814 1293 inspiciendum
847 1223 954 1275 sit:
981 1222 1075 1273 καὶ
1107 1214 1265 1272 αὗται
1303 1218 1359 1270 δὲ
1397 1219 1693 1288 μονόγαμοι
1714 1218 2013 1287 ἐγκρατευ-

438 1315 694 1384 σάμεναιο
725 1322 945 1380 suntque
975 1311 1105 1372 illm,
1145 1309 1340 1378 inquit,
1373 1309 1593 1362 univira:
1640 1309 2011 1362 continentiam

435 1406 722 1472 professae;
739 1405 771 1475 ἢ
791 1403 1124 1475 χηρεύσασαι
1143 1401 1251 1455 ἀπὸ
1273 1401 1630 1472 μονογαμίας,
1654 1401 1730 1454 vel
1749 1411 1864 1468 post
1880 1417 2013 1454 unas

442 1497 653 1560 nuptias
684 1496 886 1557 viduaz;
913 1495 946 1564 ἦ
988 1493 1354 1566 ἀειπάροενοι,
1383 1494 1461 1546 vel
1488 1503 1746 1561 perpetua:
1767 1495 2008 1563 virgines.

443 1586 547 1642 Ubi
571 1589 675 1642 tria
697 1594 1050 1641 recensentur
1067 1583 1562 1640 sanctimonialium
1586 1599 1803 1653 genera,
1819 1600 1881 1639 ex
1900 1586 2016 1654 qui-

441 1679 547 1735 bus
567 1677 997 1733 diaconissarum
1021 1673 1156 1730 ordo
1184 1674 1471 1728 constabat
1496 1693 1508 1726 :
1540 1675 1745 1744 primae,
1775 1674 2014 1743 virgines

445 1775 565 1826 sine
594 1769 944 1824 matrimonio
981 1783 1011 1821 a
1053 1767 1352 1830 nativitate;
1387 1767 1659 1826 secundae.
1696 1767 1933 1836 virgines
1961 1768 2014 1821 in

444 1861 792 1917 matrimonio
811 1877 876 1916 ex
895 1875 1163 1915 consensu
1181 1859 1260 1913 vel
1277 1859 1558 1922 condicto;
1583 1859 1798 1912 tertium
1821 1875 2014 1929 genus,

441 1955 618 2009 vidua:
649 1954 989 2008 continentes
1012 1961 1136 2022 post
1162 1953 1396 2022 primum
1416 1950 1821 2004 matrimonium
1845 1966 1907 2004 ex
1928 1965 2018 2002 ar-

442 2047 636 2102 bitrio:
661 2054 720 2099 ut
753 2045 1120 2128 Tertqllianus
1143 2046 1198 2099 in
1218 2043 1594 2098 Exhortatione
1627 2044 1888 2097 castitatis
1909 2043 2017 2097 ele-

438 2151 631 2212 ganter
649 2140 955 2210 distinguit,
971 2148 1024 2194 et
1037 2138 1429 2193 Tertullianum
1449 2148 1666 2192 secutus
1680 2135 1738 2190 Ι).
1756 2134 2016 2206 Hierony-

441 2249 564 2286 mus
600 2234 653 2285 in
683 2233 908 2302 epistola
935 2235 1000 2287 ad
1023 2233 1384 2304 Ageruchiam
1415 2231 1490 2285 De
1523 2229 1874 2299 monogamia.
1907 2227 2015 2283 Ve-

443 2339 587 2388 rum,
606 2325 942 2394 utprincipio
959 2326 1090 2390 dixi,
1107 2337 1232 2380 cum
1247 2325 1480 2378 maxima
1496 2322 1656 2392 hujus
1668 2321 1878 2377 ordinis
1890 2335 2016 2390 pars

441 2432 505 2470 ex
536 2417 713 2476 viduis
747 2426 1040 2480 constaret,
1077 2418 1254 2471 viduae
1270 2425 1324 2471 et
1345 2415 1668 2470 diaconissae
1702 2415 2016 2484 promiscuo

442 2510 616 2564 ferme
647 2511 867 2566 nomine
909 2511 1129 2565 fuerunt
1163 2511 1462 2580 appellatas.
1517 2507 1594 2563 lta
1631 2507 1864 2563 Basilius
1895 2506 2011 2560 Ma-

440 2614 584 2670 gnus
615 2601 671 2654 in
699 2601 932 2670 epistola
963 2600 1226 2656 canonica
1283 2599 1350 2653 ad
1396 2599 1856 2669 Amphilochium,
1889 2613 2010 2666 cap.

440 2690 513 2744 24
547 2710 559 2744 :
602 2689 826 2744 Viduam
848 2708 965 2760 qua:
995 2693 1048 2744 in
1069 2690 1349 2744 viduarum
1386 2705 1658 2742 numerum
1713 2689 1885 2741 relata
1911 2696 2009 2752 est,

442 2783 547 2836 hoc
564 2795 667 2847 est,
691 2801 806 2853 qua:
835 2784 900 2837 ab
926 2783 1163 2837 Ecclesia
1190 2785 1243 2836 in
1276 2782 1613 2836 diaconatum
1647 2791 1888 2849 suscepta
1913 2790 2012 2844 est,

443 2875 642 2928 censuit
687 2874 968 2943 Apostolus
1017 2874 1293 2928 nubentem
1348 2874 1562 2940 despici.
1605 2871 1710 2926 Sed
1768 2871 2010 2926 omnium

444 2963 750 3018 clarissime
773 2963 992 3017 concilii
1023 2963 1361 3034 Epaonensis
1388 2978 1565 3017 canon
1595 2962 1889 3017 vicesimus
1909 2962 2016 3030 pri-

443 3069 568 3109 mus
587 3055 835 3109 ordinem
864 3056 1008 3111 hunc
1028 3058 1085 3111 in
1108 3056 1350 3112 Ecclesia
1368 3056 1636 3124 abrogans
1667 3072 1679 3110 :
1723 3053 2013 3107 Viduarum

443 3148 640 3217 inquit,
707 3149 1171 3214 consecrationem,
1211 3165 1344 3218 quas
1397 3148 1648 3199 diaconos
1695 3157 1904 3208 vocant,
1947 3143 2012 3196 ab

443 3239 586 3292 omni
637 3240 841 3309 regione
891 3251 1073 3295 nostra
1110 3239 1313 3307 penitus
1360 3237 1696 3306 abrogamus.
1755 3234 2014 3300 Quamvis

437 3331 552 3399 jam
584 3339 711 3385 ante
737 3331 1142 3386 Arausionense
1197 3331 1432 3400 primum
1485 3328 1802 3390 sustulerat,
1855 3326 2013 3395 cujus

442 3422 770 3476 sententiam
803 3431 997 3491 praeter
1027 3421 1362 3491 Epaonense,
1419 3420 1583 3472 etiam
1623 3418 2014 3472 Aurelianensc

443 3515 744 3572 secundum
777 3514 1138 3569 conﬁrmavit.
1165 3513 1424 3580 Quamvis
1456 3529 1522 3567 ex
1553 3511 1732 3567 verbis
1785 3510 1846 3563 Ι).
1897 3509 2017 3563 Hie-

442 3608 656 3680 ronymi
693 3609 856 3678 paulo
899 3617 1024 3662 ante
1071 3607 1273 3670 allatis,
1337 3606 1391 3660 in
1418 3604 1610 3658 Latina
1653 3602 1892 3658 Ecclesia
1929 3602 2014 3655 vel

444 3715 722 3769 nunquam
746 3707 1045 3769 receptum,
1077 3699 1161 3754 vel
1185 3700 1298 3769 jam
1346 3697 1646 3752 exolevisse
1677 3695 1823 3748 hunc
1872 3693 2015 3747 ordi-

443 3807 568 3846 nem
593 3801 869 3863 appareat.

518 3881 782 3952 Superest
808 3883 1026 3938 tertium
1080 3883 1368 3938 mulierum
1402 3880 1896 3936 ecclesiasticarum
1922 3893 2016 3947 ge-

444 3989 572 4038 nus,
608 3990 721 4028 non
754 3975 1032 4044 publicum
1078 3975 1232 4038 illud,
1265 3973 1359 4028 sed
1407 3975 1700 4042 privatum,
1752 3973 1798 4026 si
1832 3979 2014 4024 tamen

445 4065 879 4121 ecclesiasticum
910 4066 1018 4122 dici
1069 4065 1150 4122 las
1201 4068 1272 4121 sit
1311 4083 1482 4137 genus
1525 4067 1835 4128 mulierum,
1867 4064 2012 4133 quod

444 4156 537 4210 ille
565 4157 632 4211 de
652 4159 1052 4213 mathematicis
1080 4159 1176 4223 ait,
1195 4159 1421 4214 vetitum
1447 4174 1660 4229 semper
1692 4159 1744 4210 in
1771 4156 2015 4210 Ecclesia

445 4263 764 4318 semperque
789 4259 1078 4305 retentum.
1109 4251 1314 4316 Genus,
1338 4255 1580 4322 inquam,
1616 4252 1922 4310 mulierum,
1957 4256 2016 4300 ut

445 4335 644 4404 reipsa,
688 4337 761 4390 ita
802 4348 856 4391 et
891 4339 1110 4393 nomine
1168 4340 1456 4404 incertum,
1491 4339 1698 4394 varium
1732 4355 1794 4392 ac
1825 4338 2012 4392 multi-

2112 449 2200 530 sed
2230 491 2403 529 verum
2433 472 2715 539 est.,Unde
2761 475 2812 527 in
2854 449 3122 528 Ecclesias
3145 449 3503 547 agapetarum
3524 449 3676 549 pestii

2111 570 2362 624 introiit?
2397 567 2543 621 Unde
2587 569 2699 621 sine
2748 570 2944 632 nuptiis
2994 569 3141 621 aliud
3190 589 3375 626 nomen
3414 578 3678 632 uxorum?

2113 665 2217 717 imo
2244 663 2382 714 unde
2425 677 2608 714 novum
2639 660 3054 716 concubinarum
3095 668 3302 733 genus?
3340 664 3488 720 Unde
3522 684 3678 721 merc-

2114 756 2268 808 trices
2301 753 2568 808 univirae?
2619 751 2816 805 Eadem
2848 752 3025 818 domo,
3087 771 3192 808 uno
3254 757 3516 821 cubiculo,
3548 775 3679 829 saepe

2112 864 2216 900 uno
2257 854 2496 899 tenentur
2523 851 2571 896 et
2589 842 2802 907 lectulo,
2832 853 2881 898 et
2923 846 3243 913 suspiciosos
3275 863 3368 901 nos
3399 860 3609 914 vocant,
3640 852 3678 904 si

2113 937 2313 1007 aliquid
2349 937 2678 991 extimemus.

2182 1029 2343 1084 Ridet
2389 1037 2444 1084 et
2491 1029 2833 1100 Cyprianus,
2875 1030 2961 1084 vel
3010 1031 3260 1100 quisquis
3307 1047 3512 1101 suppar
3552 1049 3680 1088 sane

2111 1120 2381 1191 Cypriano
2396 1130 2585 1174 auctor
2598 1129 2678 1176 est
2710 1122 2832 1176 libri
2856 1120 2927 1175 De
2957 1123 3326 1191 singularitate
3345 1125 3682 1179 clericorum.

2114 1211 2183 1264 Et
2213 1211 2403 1274 adhuc,
2435 1211 2630 1281 inquit,
2661 1211 2724 1265 de
2752 1211 3011 1264 cltaritate
3037 1222 3346 1275 causantur,
3373 1215 3462 1282 qui
3496 1230 3679 1267 secun-

2116 1305 2241 1358 dum
2269 1305 2478 1360 verbum
2512 1305 2692 1369 Isaiae,
2725 1307 3134 1358 amaritudinem
3165 1323 3257 1374 pro
3287 1306 3561 1362 dulcedine
3589 1307 3680 1361 de-

2114 1407 2374 1464 corantes,
2426 1398 2622 1452 nudam
2663 1397 2950 1466 foeditatem
2979 1400 3265 1451 velamento
3305 1397 3424 1452 boni
3453 1401 3682 1453 nominis

2115 1497 2292 1558 tegunt
2323 1506 2339 1543 :
2368 1489 2494 1544 dum
2521 1489 2661 1557 apud
2683 1506 2769 1543 eos
2797 1488 2890 1541 sub
2923 1487 3067 1556 falsa
3115 1487 3390 1542 dilectione
3437 1506 3559 1542 vera
3598 1491 3682 1542 di—

2117 1587 2268 1640 lectio
2295 1588 2544 1642 violatur.
2582 1585 2766 1656 Nequc
2793 1585 3020 1640 dilectas
3054 1592 3284 1647 tantum,
3323 1584 3417 1639 sed
3439 1592 3493 1638 et
3526 1599 3688 1638 soro-

2116 1693 2204 1733 res
2233 1680 2530 1748 appellatas
2565 1687 2779 1731 constat
2811 1693 2874 1732 ex
2923 1677 3195 1747 Ancyrani
3225 1676 3442 1729 concilii
3474 1690 3699 1729 canone

2120 1769 2207 1831 18.
2236 1770 2394 1832 cujus
2418 1771 2530 1824 haec
2565 1778 2692 1824 sunt
2735 1771 2894 1824 verba
2922 1789 2934 1823 :
2965 1768 3076 1832 Τὰς
3097 1767 3493 1837 συνερχομένας
3538 1783 3690 1837 παρ-

2118 1861 2302 1926 Θένους
2333 1863 2491 1928 τισὶν,
2525 1862 2600 1924 ὡς
2633 1861 2866 1930 ἀδελφὰς
2896 1860 3271 1931 ὲκωλύσαμενσ
3332 1859 3567 1930 Virgines
3605 1877 3690 1914 so-

2118 1970 2299 2006 rorum
2352 1955 2522 2006 instar
2551 1953 2863 2022 quibusdam
2911 1950 3268 2005 cohabitantcs
3324 1951 3686 2018 prohibemus.

2119 2045 2411 2100 Testantur
2459 2045 2623 2099 etiam
2681 2046 3035 2114 imperatores
3093 2043 3359 2098 Arcadius
3401 2052 3457 2098 et
3496 2042 3687 2099 Hono-

2117 2144 2234 2197 rius
2257 2144 2359 2213 leg.
2395 2144 2482 2208 19,
2514 2143 2635 2198 cod.
2659 2142 2733 2198 De
2760 2143 3011 2212 episcopis
3041 2151 3089 2196 et
3119 2141 3345 2197 clericis.
3405 2144 3569 2206 Eum,
3602 2145 3687 2198 in-

2117 2236 2254 2305 quit,
2283 2236 2372 2303 qui
2398 2233 2718 2303 probabilem
2755 2234 2950 2289 steculo
3000 2234 3333 2302 disciplinam
3361 2236 3494 2304 agit,
3529 2236 3690 2290 deco-

2118 2328 2283 2380 lorari
2305 2329 2572 2380 consortio
2621 2327 2841 2381 sororia:
2869 2327 3235 2395 appellationis
3257 2335 3362 2381 non
3388 2327 3555 2380 decet.
3580 2328 3687 2382 Sed

2114 2416 2455 2487 frequentius
2511 2425 2594 2471 est
2639 2416 3028 2479 συνεισάκτων,
3086 2416 3200 2470 sive
3249 2416 3692 2471 subintroducta-

2115 2525 2237 2563 rum
2265 2523 2485 2571 nomen,
2517 2523 2626 2578 quo
2683 2506 3054 2562 Antiochenos
3083 2506 3234 2561 Pauli
3283 2505 3700 2565 Samosatensis.

2115 2601 2317 2657 etcleri
2351 2601 2498 2656 illius
2546 2610 2802 2670 agapetas
2833 2601 2948 2660 sive
2992 2600 3218 2655 dilectas
3261 2601 3691 2658 contubernales

2114 2710 2341 2750 vocasse
2372 2733 2386 2757 ,
2450 2701 2616 2748 testes
2670 2700 2800 2748 sunt
2850 2692 3174 2747 Antiocheni
3224 2694 3442 2747 concilii
3495 2692 3690 2749 Patres

2116 2787 2257 2857 apud
2279 2786 2502 2849 Euseb.,
2534 2786 2630 2839 lib.
2667 2800 2763 2849 vn,
2819 2799 2940 2854 cap.
2970 2785 3074 2840 24:
3110 2786 3251 2840 unde
3291 2801 3454 2855 porro
3474 2787 3529 2840 in
3565 2786 3688 2840 uni-

2117 2896 2274 2934 versa
2304 2878 2550 2933 Ecclesia
2567 2886 2846 2948 receptum
2873 2877 3110 2932 videtur.
3152 2877 3256 2932 Sed
3302 2887 3592 2948 antequam
3623 2895 3692 2933 ex

2116 2972 2219 3026 hoc
2247 2971 2569 3026 diverticulo
2593 2971 2648 3024 in
2676 2971 2820 3024 viam
2855 2970 3095 3035 redeam,
3134 2972 3370 3026 nominis
3401 2972 3611 3041 pariter
3627 2986 3691 3026 ac

2117 3061 2193 3116 rei
2220 3062 2482 3129 originem
2516 3061 2762 3131 pressius
2782 3061 3110 3131 investigare
3135 3062 3285 3124 libet,
3318 3077 3441 3115 cum
3458 3071 3690 3132 utraque

2113 3155 2271 3223 juxta
2300 3156 2354 3208 in
2391 3155 2627 3210 obscuro
2683 3157 2786 3211 sita
2836 3157 2927 3212 sit.
2998 3156 3065 3210 Et
3117 3157 3405 3212 Balsamon
3467 3159 3689 3227 quidem

2115 3247 2505 3300 commentario
2546 3247 2611 3302 ad
2657 3248 2691 3301 5
2722 3249 2942 3302 concilii
2994 3248 3198 3302 Nic-aeni
3237 3263 3523 3312 canonem,
3554 3250 3693 3321 Περὶ

2119 3337 2300 3407 μέντοι
2318 3339 2426 3391 τῶν
2450 3340 2834 3408 συνεισάκτων,
2867 3340 3066 3411 inquit,
3100 3340 3254 3410 λόγος
3283 3340 3447 3402 πολὺς
3473 3340 3692 3409 ἐγένετο

2115 3429 2256 3481 κατὰ
2278 3430 2562 3502 διαφόρους
2591 3430 2830 3502 καιρούς·
2871 3429 2948 3484 De
2994 3431 3428 3494 subintroductis,
3464 3431 3692 3485 diversis

2117 3524 2431 3589 temporibus
2467 3526 2650 3578 crebra
2693 3524 2838 3593 facta
2880 3535 2956 3578 est
3001 3526 3216 3588 mentio,
3262 3532 3316 3579 et
3355 3525 3444 3578 alii
3468 3524 3693 3594 quidem

2115 3611 2368 3666 dixerunt
2391 3613 2708 3667 ἐπείσακτον
2747 3615 2831 3668 vel
2870 3615 3220 3668 συνείσακτον
3253 3631 3376 3669 esse
3416 3615 3517 3685 τὴν
3567 3617 3696 3668 ἀντὶ

2115 3706 2345 3774 νομίμου
2392 3707 2644 3773 γυναικὸς
2697 3706 3134 3775 συνεισαχοεῖσαν
3197 3707 3288 3759 καὶ
3333 3705 3693 3760 συνοικοῦσάν

2114 3809 2218 3844 τινι
2253 3795 2544 3863 πορνικῶς,
2573 3812 2688 3865 qua:
2719 3797 2960 3865 legitima:
2987 3799 3167 3850 uxoris
3193 3799 3305 3852 loco
3335 3797 3695 3851 introducitur

2114 3891 2163 3936 et
2195 3886 2486 3937 meretricio
2527 3885 2866 3940 contubernio
2917 3888 3079 3940 alicui
3110 3887 3397 3940 cohabitat.
3430 3888 3537 3942 Alii
3590 3903 3694 3941 au-

2115 3982 2221 4029 tem
2241 3977 2314 4029 ita
2346 3978 2526 4032 vocari
2558 3977 2833 4041 dixerunt,
2866 3981 3044 4032 πᾶσαν
3075 3983 3308 4049 γυναῖκα
3337 3980 3695 4033 συνοικοῦσάν

2116 4078 2219 4114 τινι
2249 4062 2534 4132 ἀλλοτρίαν
2563 4067 2795 4130 πάντως,
2819 4067 2921 4120 κᾶν
2949 4067 3253 4132 ἀνύποπτός
3277 4072 3410 4134 ἐστι,
3435 4071 3695 4140 quamvis

2115 4150 2396 4204 mulierem
2436 4155 2600 4206 alicui
2625 4155 3028 4209 cohabitantem
3049 4197 3063 4220 ,
3097 4158 3320 4210 omnino
3349 4167 3694 4228 extraneam,

2117 4243 2230 4295 sive
2266 4244 2415 4298 nullo
2449 4247 2731 4316 sanguinis
2758 4256 2849 4300 aut
2873 4249 3294 4303 necessitudinis
3331 4251 3695 4322 vinculojun-

2116 4339 2292 4396 ctam,
2349 4336 2565 4389 etiamsi
2607 4337 2676 4390 ab
2725 4338 2874 4391 omni
2925 4341 3236 4410 suspicione
3283 4343 3354 4397 sit
3406 4343 3690 4398 immunis.

442 4426 588 4495 plex.
642 4426 1074 4484 Contubernales
1115 4429 1220 4486 illa:
1262 4431 1622 4495 clericorum,
1658 4445 1834 4499 neque
1883 4429 2011 4483 tecti
2043 4437 2086 4490 ι)
2113 4424 2293 4494 Atque
2334 4429 2472 4481 hanc
2513 4429 2872 4498 posteriorem
2927 4436 3252 4486 sententiam
3292 4435 3370 4488 uti
3416 4437 3694 4491 veriorem

443 4519 730 4585 duntaxat,
755 4522 848 4577 sed
889 4523 1089 4592 sacpius
1123 4525 1284 4578 etiam
1334 4523 1456 4577 lecti
1508 4524 1688 4578 sociae.
1715 4521 1861 4589 Quas
1896 4522 2012 4590 qui-

441 4609 566 4665 dem
594 4613 698 4682 ipsi
733 4623 989 4684 agapetas
1018 4617 1132 4670 sive
1170 4617 1420 4674 dilectas.
1453 4625 1506 4669 et
1532 4631 1747 4672 sorores
1780 4634 1795 4672 :
1828 4614 2010 4668 caeteri

445 4708 823 4772 συνεισάκτους
853 4710 932 4761 vel
964 4709 1336 4772 ἐπεισάκτους,
1364 4707 2012 4763 hocestsubintroductas

443 4805 499 4853 et
557 4812 869 4861 extraneas.
933 4802 1295 4871 appellabant.
1356 4799 1679 4870 liujusmodi
1753 4801 2012 4855 mulieres

444 4899 626 4954 omnis
671 4896 884 4950 ordinis
916 4896 1100 4950 clerici
1145 4896 1257 4965 jam
1309 4895 1437 4948 olim
1463 4895 1517 4948 in
1563 4893 1706 4948 aedes
1748 4895 2008 4962 recipere,

443 5006 646 5062 easque
710 4990 794 5043 vel
848 4988 1088 5058 virgines
1149 4986 1565 5042 sanctimoniam
1620 4985 1894 5054 professas
1946 4987 2009 5040 ad

443 5092 654 5144 mutua,
684 5093 740 5135 ut
770 5081 1002 5144 aiebant,
1033 5081 1247 5150 pietatis
1278 5079 1491 5144 solatia,
1527 5080 1611 5134 vel
1641 5079 1867 5134 orbatas
1925 5096 2014 5148 pa-

442 5175 694 5228 rentibus
735 5174 965 5244 puellas,
1013 5173 1348 5242 proindeque
1404 5173 1490 5240 pia
1525 5181 1577 5225 et
1609 5173 1801 5242 pudica
1832 5173 2011 5242 aliqua

443 5265 611 5318 tutela
651 5264 934 5328 fovendas,
970 5266 1052 5317 vel
1090 5265 1300 5332 privato
1337 5263 1554 5316 familiae
1582 5263 1888 5333 domusque
1919 5267 2014 5317 ini-

444 5356 677 5410 nisterio
705 5357 1069 5420 necessarias,
1101 5356 1216 5409 sive
1269 5357 1534 5424 ingenuas
1555 5395 1569 5418 ,
1603 5355 1717 5410 sive
1759 5356 2008 5411 ancillas.

444 5448 560 5503 Hoc
615 5461 926 5517 suspectum
960 5459 1012 5504 et
1043 5449 1351 5518 pudendum
1402 5449 1854 5515 contubernium,
1891 5463 2013 5518 spe-

444 5540 599 5595 cioso
649 5541 956 5594 dilectionis
999 5548 1053 5594 et
1109 5540 1863 5608 germanitatis'Christiauac
1893 5542 2012 5595 velo

445 5631 795 5698 obtegebant.
860 5631 964 5685 Sed
1016 5631 1155 5686 ridet
1204 5633 1329 5685 vani
1365 5634 1604 5688 nominis
1642 5633 1824 5688 fucum
1855 5633 2012 5686 divus

448 5720 808 5791 Hieronymus
856 5722 1083 5790 epistola
1120 5724 1185 5777 ad
1234 5725 1584 5780 Eustochium
1643 5725 1720 5779 De
1769 5724 2012 5778 custodia

411 5808 428 5834 l

2118 4519 2332 4586 probat,
2365 4519 2525 4588 idque
2541 4522 2868 4576 auctoritate
2903 4525 3147 4596 epistola:
3181 4527 3458 4580 canonica:
3490 4525 3552 4579 D.
3583 4525 3696 4578 Ba-

2119 4607 2226 4663 silii
2256 4607 2432 4678 Magni
2465 4609 2531 4663 ad
2584 4609 2903 4680 Gregorium
2953 4614 3351 4684 presbyterum,
3399 4630 3560 4684 quem
3597 4617 3696 4670 ille

2118 4701 2244 4756 licet
2273 4703 2610 4772 septuaginta
2641 4718 2907 4757 annorum
2925 4720 3106 4760 senem
3127 4706 3462 4774 ajuvencula
3494 4707 3694 4761 subin-

2118 4795 2389 4858 traducta,
2423 4793 2687 4849 intentata
2717 4797 2880 4849 etiam
2904 4799 3480 4854 excommunicationis
3499 4815 3688 4869 pcena,

2119 4886 2361 4954 separari
2388 4887 2650 4956 prmeipit.
2696 4885 2865 4941 Multa
2915 4888 2970 4942 in
3029 4898 3317 4959 utramque
3359 4891 3692 4961 originatio—

2118 4995 2240 5033 nem
2263 4977 2442 5032 afferri
2465 4988 2684 5049 possent
2712 4980 2780 5034 de
2808 4982 3170 5046 ἐπεισάκτοις,
3201 4984 3314 5038 sive
3355 4983 3690 5038 introductis

2119 5073 2260 5140 apud
2285 5080 2492 5128 veteres
2521 5074 2860 5130 concubinis.
2898 5074 2971 5130 De
2991 5076 3188 5144 quibus
3220 5077 3383 5129 etiam
3433 5078 3688 5145 Vulgatus

2120 5180 2290 5219 sacra:
2347 5164 2643 5236 Scriptura:
2691 5170 2961 5236 interpres
2999 5170 3090 5238 qui
3125 5167 3690 5236 superintroductionis

2122 5273 2249 5314 voce
2285 5259 2456 5313 utitur
2477 5260 2675 5315 Genes.
2705 5277 2850 5326 uxr,
2886 5279 2934 5312 ν.
2971 5262 3058 5316 50.
3099 5261 3264 5314 Multa
3301 5277 3519 5332 quoque
3553 5279 3692 5331 sup—

2119 5360 2362 5421 peterent
2413 5355 2658 5422 exempla
2711 5355 3040 5422 optimorum
3097 5363 3427 5416 auctorum,
3480 5355 3689 5424 quibus

2114 5444 2456 5508 ἐπείσακτον,
2506 5462 2604 5514 pro
2650 5455 2876 5499 externo
2916 5447 2998 5499 vel
3031 5447 3314 5516 peregrino
3358 5454 3686 5516 usurpatum

2117 5539 2313 5591 docere
2340 5539 2484 5592 haud
2510 5538 2724 5592 dillicile
2743 5539 2899 5603 foret,
2930 5540 3036 5592 nisi
3069 5538 3282 5606 longius
3307 5539 3419 5608 jam
3455 5546 3508 5592 et
3527 5550 3692 5591 extra

2117 5632 2264 5685 oleas
2296 5632 2652 5685 obcrrassem.
2681 5630 2784 5684 Sed
2818 5643 2876 5685 ut
2916 5647 3090 5686 meam
3121 5631 3187 5686 de
3215 5613 3550 5685 ἐπεισάκτων
3572 5632 3687 5685 ori-

2119 5725 2240 5795 gine
2272 5725 2460 5794 paucis
2493 5725 2756 5794 esplicem
2795 5723 3139 5791 sententiam,
3188 5725 3408 5778 tertium
3461 5738 3685 5794 quoque
