3850 6160
212 277 325 338 537

1661 276 1975 335 ΝΟἸΊἸἹΔ..

3352 282 3456 339 538

212 391 317 447 hoe
342 389 629 446 mulierum
658 388 774 445 sive
812 406 1068 446 sororum
1095 407 1273 462 genus
1300 390 1620 462 κακοζηλία,
1652 406 1786 460 qua-
1813 402 1857 456 Α
1882 385 2295 458 juvencularum
2320 385 2919 445 circumcursitationcs
2953 389 3454 449 immodestus-Alc-

209 482 335 537 dam
377 482 609 552 apostoli
640 481 878 536 instituti
912 482 969 537 in
1015 482 1315 539 Ecelesiam
1346 484 1431 539 vel
1470 484 1651 555 potius
1674 484 1785 538 cle-

210 575 454 627 ricorum
517 572 661 628 aedes
722 573 1017 643 irrepsisse
1094 581 1269 645 puto;
1334 589 1481 637 cum,
1549 580 1784 627 testante

208 659 276 717 Β.
314 658 530 715 Paulo!
557 660 622 715 ad
648 659 989 726 Corinth.tx,
1016 663 1071 728 5,
1097 663 1268 717 moris
1302 662 1464 717 fuerit
1484 661 1776 731 plerisque,

206 761 261 807 et
290 752 513 823 quidem
543 753 831 824 praecipuis
863 740 1255 823 apostolorum,
1285 753 1515 825 ἀδελφὴν
1547 755 1779 822 γυναῖκα

205 844 513 913 ⁴περιάγειν,
533 861 766 898 sororem
793 847 1162 901 mulierculam
1183 844 1587 900 circumducere.
1606 844 1778 911 Quem

206 935 391 989 locum
420 944 646 990 uxorata
678 936 1062 993 haereticorum
1102 938 1408 993 ministeria
1432 938 1777 1008 propudiosis

205 1025 327 1079 suis
369 1025 638 1097 conjugiis
692 1026 898 1084 frustra
928 1029 1251 1084 obtendunt.
1287 1028 1641 1084 Constantem
1681 1029 1777 1084 ad-

202 1130 399 1171 versus
433 1117 598 1173 hosce
655 1116 756 1171 SS.
791 1119 1013 1173 Patrum
1070 1119 1416 1181 sententiam,
1455 1117 1774 1173 Tertulliani

201 1206 386 1261 verbis
407 1207 784 1277 consignatam
803 1209 1067 1279 accipite:
1093 1207 1215 1262 Non
1239 1224 1427 1263 uxores
1448 1210 1772 1264 demonstrat

198 1294 269 1349 ab
318 1298 575 1365 apostolis
608 1299 1016 1366 circumductus,
1059 1301 1149 1355 sed
1178 1300 1488 1369 simpliciter
1528 1302 1771 1354 mulieres

197 1402 318 1456 σιω
348 1387 456 1442 illis
484 1387 662 1443 eodem
681 1390 922 1445 instituto
942 1408 1042 1459 quo
1068 1401 1117 1446 et
1159 1392 1434 1446 Dominum
1462 1394 1770 1448 comitantes

197 1479 593 1535 ministrabant.
629 1478 719 1535 Sic
752 1481 843 1538 ille
897 1482 1036 1539 libro
1094 1482 1171 1537 De
1204 1485 1555 1554 monogamia.
1584 1484 1771 1556 Neque

196 1570 360 1625 aliter
396 1569 703 1641 Cyprianus
724 1571 820 1628 lib.
853 1572 930 1628 De
964 1575 1157 1645 singut.
1193 1575 1393 1639 cleric.,
1424 1575 1765 1643 Ambrosius,

193 1667 253 1713 et
300 1659 510 1715 Latinis
549 1660 802 1718 Patribus
863 1663 1223 1734 astipulantes
1276 1665 1485 1731 Graeci,
1535 1664 1769 1739 Chryso-

194 1760 437 1816 stomus,
494 1751 875 1811 Theodoretus
907 1763 961 1810 et
1000 1756 1222 1814 Graecus
1271 1759 1624 1828 epistolarum
1658 1760 1769 1815 divi

192 1837 353 1895 Pauli
385 1841 713 1899 scholiastes
739 1859 1019 1915 nunquam
1052 1862 1149 1917 pro
1179 1848 1374 1902 merito
1392 1849 1526 1904 satis
1552 1848 1771 1903 laudan-

190 1931 321 2000 dus,
360 1933 493 1988 dum
543 1936 620 1989 ait
660 1954 674 1990 :
709 1935 775 1991 Ai
830 1936 1049 2010 εὔποροι
1103 1943 1360 2008 γυναῖκες
1417 1941 1767 1995 πιστεύουσαι

189 2023 524 2092 ἠκολούθουν
551 2026 715 2091 ἐνίοις
740 2024 851 2082 τῶν
879 2030 1208 2093 ἀποστόλων,
1236 2033 1315 2094 εἰς
1347 2032 1447 2096 τὰς
1466 2033 1767 2101 ἀναγκαίας

189 2115 375 2170 αὐτῶν
422 2115 613 2188 χρείας
661 2116 1016 2190 χορηγοῦσαι,
1050 2120 1126 2184 ὡς
1165 2121 1360 2185 αὐτοὺς
1402 2122 1585 2176 λοιπὸν
1607 2122 1766 2187 ὄντας

188 2208 321 2278 περὶ
340 2207 529 2261 τούτου
550 2209 905 2281 ἀμερίμνους,
926 2212 1072 2283 μόνῳ
1090 2211 1167 2282 τῷ
1188 2213 1503 2284 κηρύγματι
1524 2216 1766 2284 άπασχο-

186 2297 421 2353 λείσθαι.
465 2299 579 2355 Hoc
606 2310 711 2368 est,
744 2301 962 2356 ditiores
1005 2292 1248 2358 mulieres
1280 2304 1458 2371 ﬁdeles
1483 2305 1763 2359 nonnullos

187 2391 460 2459 apostolos
485 2394 852 2462 sequebantur,
877 2403 1113 2462 sumptus
1138 2396 1458 2448 necessarios
1478 2395 1604 2463 ipsis
1635 2395 1761 2449 sub-

186 2478 568 2546 ministrando,
600 2492 660 2535 ut
690 2483 773 2537 illi
794 2482 893 2536 hac
914 2499 1042 2545 cura
1088 2482 1335 2550 liberati,
1378 2484 1481 2538 soli
1502 2485 1764 2553 prtedica-

187 2569 327 2623 tioui
353 2571 697 2626 attenderem.
744 2571 849 2628 Sed
882 2573 1028 2643 quod
1056 2573 1121 2627 ad
1166 2582 1416 2629 nostrum
1450 2576 1760 2631 institutum

184 2658 342 2724 facit,
371 2661 583 2718 habetis
611 2664 700 2718 hic
723 2664 1035 2735 religiosum
1068 2667 1387 2721 comitatum
1417 2705 1431 2731 ,
1462 2676 1516 2721 et
1545 2668 1761 2737 pietatis

183 2750 399 2819 glutine
455 2754 809 2824 conjunctum
868 2757 1329 2825 contubernium;
1378 2759 1589 2814 habetis
1634 2775 1758 2814 mu-

183 2840 351 2899 lieres
383 2859 492 2900 non
526 2861 763 2903 uxores:
799 2845 1011 2903 habetis
1051 2850 1320 2903 sororium
1353 2850 1454 2919 piae
1483 2851 1757 2920 germani-

180 2931 316 2986 tatis
354 2932 610 3001 titulum;
670 2933 884 2992 habetis
943 2937 1390 2993 circumducendi
1433 2940 1755 2994 vocabulqu

1885 476 2089 531 xander
2119 476 2221 530 hoc
2254 475 2375 530 loco
2409 475 2756 532 intellexerit.

1952 567 2286 623 Proferimus
2314 582 2459 621 nunc
2492 566 2720 637 gradum
2761 582 2884 621 cum
2910 569 3098 624 eodem
3123 572 3451 638 Alexandro,

1880 659 1974 728 qui
2001 658 2234 712 Arianos
2259 656 2475 712 concilii
2507 658 2837 712 auctoritate
2878 660 3173 716 danmatos
3192 662 3467 719 circuisse'

1878 749 2087 805 vicinas
2146 749 2453 819 provincias
2514 757 2568 802 et
2629 748 3023 805 catholicorum
3073 753 3453 824 episcoporum

1877 842 2090 897 animos
2137 850 2377 896 tentasse
2419 840 2633 907 scribit,
2683 841 2922 912 σχήματι
2956 842 3057 911 μὲν
3098 842 3321 916 εἰρήνης
3358 847 3453 900 καὶ

1875 930 2118 996 ὲνώσεως
2149 932 2370 997 ἀξίωσιν
2399 934 2882 1004 ὑποκρινομένους.
2914 933 3069 999 Quod
3110 951 3235 990 cum
3283 938 3454 991 inter-

1876 1040 2003 1095 pres
2051 1032 2236 1080 noster
2284 1034 2478 1089 vertat,
2530 1027 2697 1095 specie
2728 1024 2936 1094 quidem
2960 1028 3107 1095 pacis
3156 1036 3205 1080 et
3235 1042 3453 1082 concor-

1873 1116 1978 1169 dia:
2010 1113 2285 1176 simulata,
2331 1114 2533 1167 veniam
2573 1123 2741 1183 petere
2769 1129 2879 1182 pra:
2918 1131 2973 1169 se
3004 1115 3179 1183 ferre;
3212 1124 3459 1172 mentem.

1871 1206 1993 1275 ejus
2041 1204 2462 1274 haudquaquam
2507 1221 2593 1258 me
2647 1204 2955 1275 perspicere
3000 1204 3205 1271 fateor,
3240 1209 3316 1261 uti
3348 1224 3449 1264 nec

1870 1298 2174 1352 Camerarii
2212 1297 2347 1350 illud
2376 1312 2387 1348 :
2421 1295 2644 1351 Consilii
2670 1299 2876 1368 quidem
2897 1302 3041 1364 pacis
3066 1308 3117 1352 et
3152 1300 3448 1354 concordia:

1869 1392 2038 1458 specie
2067 1389 2342 1443 simulata.
2373 1387 2606 1454 Quinam
2654 1386 2990 1444 enim'nobis
3018 1392 3444 1456 persuadebunt,

1868 1479 2092 1546 ἀξίωσιν
2124 1479 2209 1535 vel
2257 1479 2431 1534 venia:
2484 1479 2826 1549 petitionem,
2880 1479 2965 1532 vel
3029 1480 3317 1533 consilium
3353 1486 3451 1533 aut-

1868 1571 1971 1626 hoc
2004 1571 2123 1641 ipso
2165 1580 2258 1625 aut
2307 1570 2503 1639 quovis
2539 1571 2646 1626 alio
2693 1569 2835 1639 apud
2876 1568 3093 1624 Graecos
3149 1573 3449 1641 scriptores

1873 1662 1994 1717 loco
2048 1662 2403 1732 signiﬁcare?
2452 1661 2517 1715 Et
2568 1663 2616 1717 si
2672 1661 2759 1717 vel
2816 1662 3051 1717 maxime
3093 1662 3449 1733 signiﬁcaret,

1800 1732 1844 1787 Β
1870 1754 2091 1824 quinam
2116 1754 2168 1808 id
2198 1755 2281 1808 vel
2338 1756 2415 1808 rei
2448 1754 2552 1823 ipsi
2594 1754 2675 1808 vel
2704 1752 2997 1808 Alexandri
3046 1732 3213 1808 menti
3242 1769 3447 1810 conve-

1872 1846 1992 1901 nire
2043 1845 2279 1916 poterit?
2336 1844 2672 1915 Epiphanius
2714 1853 2873 1899 vetus
2924 1844 3216 1915 interpres,
3273 1847 3452 1916 ﬁgura

1866 1940 2011 2007 pacis
2028 1949 2077 1992 et
2107 1939 2329 1992 unitatis
2358 1938 2667 2008 dignitatem
2693 1954 2748 1990 se
2767 1938 3006 1991 exercere
3027 1938 3253 2007 ﬁngunt.
3299 1937 3446 2013 Sane

1868 2030 2089 2096 ἀξίωσιν
2116 2031 2431 2101 dignitatem
2473 2029 2783 2099 signiﬁcare
2810 2027 3007 2084 Suidas
3028 2030 3237 2099 aliquot
3261 2045 3448 2088 exemr-

1866 2123 1972 2192 plis
1999 2122 2158 2177 docet
2190 2141 2202 2175 :
2239 2122 2471 2191 etvulgo
2497 2119 2724 2180 Graecis.
2750 2121 2799 2173 οἱ
2821 2122 2909 2173 ἐπ’
2940 2120 3236 2187 ἀξιώσεως,
3269 2122 3363 2192 qui
3388 2124 3444 2177 in

1865 2213 2126 2283 dignitate
2153 2219 2281 2268 stunt
2310 2212 2614 2265 constituti.
2671 2210 2775 2265 Sed
2806 2213 2928 2281 quis
2959 2212 3242 2281 dignitatis
3280 2228 3441 2267 exer-

1864 2303 2051 2359 cendae
2081 2305 2231 2358 locus
2269 2302 2560 2359 erronibus
2614 2304 2736 2358 istis
2780 2304 2834 2356 in
2882 2303 3060 2358 aliena
3115 2304 3446 2373 prouincia?

1864 2395 1976 2466 Ego
2009 2395 2233 2461 ἀξίωσιν
2263 2395 2367 2448 hoc
2398 2394 2520 2449 loco
2553 2394 2818 2466 βούλημα,
2850 2394 2984 2450 illud
3029 2395 3175 2465 quod
3205 2396 3442 2464 petimus

1863 2500 1929 2541 ac
1954 2487 2315 2556 postulamus,
2347 2501 2444 2541 seu
2468 2486 2628 2540 ﬁnem
2663 2493 2718 2541 et
2742 2501 2965 2556 scopum
2998 2501 3107 2557 quo
3130 2485 3301 2541 tendit
3335 2502 3435 2540 vo-

1862 2577 2065 2643 luntas,
2086 2591 2353 2646 quemque
2377 2574 2481 2631 sibi
2504 2576 2785 2646 obtingere
2813 2575 3110 2639 desiderat,
3150 2577 3433 2648 explicano

1860 2666 1991 2721 dum
2014 2673 2165 2733 puto,
2189 2682 2313 2721 cum
2347 2667 2567 2722 verbum
2587 2664 2771 2730 ἀξιοῦν
2788 2673 2969 2736 petere
2986 2681 3051 2721 ac
3078 2668 3357 2737 postulare
3377 2676 3439 2724 ut

1861 2757 2153 2826 plurimum
2182 2756 2472 2827 signiﬁcet.
2508 2756 2586 2809 lta
2640 2762 2700 2808 ut
2730 2754 2833 2808 loci
2866 2771 3062 2810 sensus
3094 2756 3185 2819 sit,
3211 2770 3437 2813 errones

1861 2848 1984 2902 illos
2034 2849 2185 2919 pacis
2235 2858 2291 2903 et
2347 2846 2568 2903 unionis
2620 2846 2803 2916 specie
2856 2846 3024 2900 animi
3064 2846 3150 2901 sui
3173 2856 3443 2913 mentem,

1858 2939 2097 3009 quidque
2121 2947 2302 3009 petant
2336 2953 2400 2993 ae
2430 2938 2778 3008 pertendant,
2810 2944 2889 3002 et,
2909 2947 2967 2991 ut
2991 2953 3115 2991 eum
3146 2939 3305 3007 vulgo
3354 2939 3435 2992 lo-

180 3023 556 3091 apostolorum
607 3027 876 3100 περιόδοις
922 3030 1356 3087 accommodum.
1404 3030 1506 3086 Cui
1540 3031 1597 3086 in
1652 3032 1759 3086 ﬁxa
1783 3066 1827 3127 ο
1858 3048 2118 3101 quamur,
2151 3032 2506 3086 intentionem
2543 3046 2698 3084 suam
2759 3029 3143 3096 dissimulare;
3176 3046 3299 3083 cum
3349 3047 3434 3085 re-

179 3123 442 3191 certaque
460 3116 783 3173 clericorum
807 3124 1239 3178 commoratione
1268 3124 1329 3177 τὸ
1379 3128 1718 3196 συνεισάγειν
1736 3167 1751 3192 ,

177 3204 287 3261 hoc
319 3214 405 3260 est
437 3223 543 3261 una
578 3224 761 3264 secum
797 3212 1146 3269 introducere
1177 3216 1263 3271 vel
1308 3219 1751 3273 contubernalem

178 3298 406 3362 habere,
427 3299 572 3354 haud
600 3304 738 3359 male
764 3308 1079 3375 respondet.
1105 3307 1242 3363 Nam
1275 3317 1329 3365 et
1364 3310 1467 3365 hoc
1499 3311 1754 3381 loquendi

177 3391 346 3446 modo
379 3391 569 3449 Patres
598 3396 677 3449 illi
720 3396 1044 3454 Antiocheni
1072 3402 1214 3470 apud
1271 3402 1565 3458 Eusebium
1589 3412 1752 3457 utun-

177 3488 293 3545 tur,
313 3482 443 3537 dum
496 3501 617 3540 sese
659 3485 805 3540 haud
848 3488 1099 3557 ignorare
1145 3491 1315 3556 aiunt,
1369 3493 1483 3544 ὅσοι
1517 3492 1621 3545 ὑπὸ
1655 3491 1748 3545 τοῦ

177 3572 524 3642 συνεισάγειν
550 3575 763 3641 ἑαυτοῖς
806 3581 1041 3647 γυναῖκα
1086 3580 1360 3648 ἐξέπεσον,
1396 3599 1554 3652 quant
1597 3582 1751 3635 multi

177 3664 485 3730 ceciderint,
530 3666 658 3720 dum
685 3668 930 3745 mulieres
978 3670 1079 3724 sibi
1126 3674 1463 3727 contubernio
1496 3674 1745 3743 jungunt.

176 3752 292 3812 Nec
317 3757 553 3812 absimili
591 3759 802 3815 ratione
851 3762 994 3817 idem
1024 3762 1318 3833 Apostolus
1361 3764 1429 3819 ad
1476 3764 1650 3820 Galat.
1686 3782 1746 3832 ιι,

177 3850 583 3920 παρεισάκτους
605 3852 1016 3922 ψευδαδέλφους,
1049 3854 1152 3909 hoc
1180 3863 1263 3910 est
1287 3855 1442 3926 juxta
1474 3857 1748 3925 vulgatum

179 3938 559 4010 interpretem,
618 3940 1043 3998 subintroductos
1092 3944 1260 4014 falsos
1324 3946 1517 4015 fratres
1590 3946 1746 4001 dixit.

179 4027 338 4085 Unde
367 4029 511 4084 haud
526 4030 690 4085 dubie
711 4034 766 4085 in
786 4031 978 4088 Latina
1008 4032 1247 4088 Ecclesia
1271 4022 1513 4099 inolevit,
1538 4050 1747 4087 συνεισ-

176 4121 380 4184 ἀκτους
436 4136 654 4191 quoque
713 4128 769 4177 et
825 4123 1214 4191 ἐπεισάκτους,
1277 4124 1772 4191 subintroductas,‘

179 4225 352 4266 sacra:
386 4208 684 4281 Scriptura:
712 4227 842 4267 voce
862 4214 1143 4284 appellari,
1176 4229 1314 4284 quas
1354 4214 1746 4269 cointroductas

177 4303 264 4358 vel
296 4302 719 4371 superinductas,
750 4307 953 4361 rectius
974 4313 1280 4361 vocassent.
1314 4304 1419 4361 Sed
1438 4307 1598 4360 redeo
1626 4314 1747 4359 tan-

1858 3137 1986 3176 vcra
2044 3122 2146 3175 hoc
2186 3122 2499 3185 moliantur,
2526 3126 2587 3172 ut
2619 3134 2713 3173 eos
2746 3118 2812 3171 ad
2845 3135 2983 3188 quos
3026 3117 3294 3172 accedunt
3348 3135 3435 3174 se-

1854 3211 2079 3274 ducant,
2121 3223 2174 3265 et
2213 3217 2265 3264 in
2286 3223 2467 3281 partes
2500 3226 2630 3265 suas
2657 3212 2992 3280 pertrabant.

1927 3301 2054 3355 Inde
2088 3311 2145 3356 ut
2164 3302 2365 3356 leviora
2387 3302 2634 3371 quaedam
2689 3312 3021 3370 praeteream,
3056 3294 3199 3356 infra
3225 3303 3434 3373 princi-

1853 3395 1945 3465 pio
1987 3393 2265 3463 Evangelii
2315 3391 2546 3447 Joannis
2599 3394 2751 3448 varie
2781 3393 3013 3449 Arianos
3070 3395 3289 3462 premit.
3323 3393 3437 3458 Qui

1852 3501 1979 3540 cum
2020 3486 2204 3540 omnia
2251 3501 2347 3556 per
2406 3484 2641 3539 Verbum
2696 3484 2839 3538 facta
2887 3484 3106 3549 dixerit,
3146 3486 3429 3555 sulljungit

1850 3578 1968 3646 ipse
2002 3596 2015 3632 :
2055 3576 2117 3631 Si
2140 3593 2261 3646 ergo
2289 3578 2464 3631 omnia
2487 3592 2579 3644 per
2600 3577 2771 3643 ipsum
2817 3577 2963 3645 facta
2996 3588 3139 3641 sunt,
3167 3578 3437 3647 quomoda

1850 3669 1896 3722 is
1939 3669 2030 3738 qui
2058 3668 2297 3721 omnibus
2344 3667 2496 3721 rebus
2548 3667 2737 3719 creatis
2776 3667 3057 3719 essentiam
3102 3666 3283 3720 tribuit
3312 3668 3426 3735 ipse

1850 3768 2133 3837 aliquando
2166 3784 2269 3820 non
2300 3767 2456 3826 fuerit
2481 3767 2504 3820 ἲ
2528 3765 2600 3818 Οὐ
2634 3763 2742 3834 γάρ
2762 3780 2878 3827 πως
2897 3764 2926 3815 6
2952 3763 3124 3832 Λόγος
3153 3763 3214 3817 τὸ
3234 3765 3422 3817 ποιοῦν

1847 3862 1958 3921 τοῖς
1983 3858 2294 3930 γενομένοις
2341 3856 2439 3925 τῆς
2470 3855 2637 3925 αὐτῆς
2657 3848 2793 3907 εἶναι
2848 3851 3059 3922 φύσεως
3104 3850 3418 3923 διορίζεται.

1848 3949 1978 4013 Qua:
2002 3946 2220 4016 quidem
2249 3946 2411 3999 verba
2432 3951 2484 3996 et
2518 3950 2673 3997 vetus
2709 3949 2764 3995 et
2795 3943 2922 3995 novi
2956 3941 3281 4011 interpretes
3304 3957 3425 3997 ver-

1848 4039 2013 4093 tendo
2050 4036 2131 4091 sic
2165 4044 2525 4106 pervertunt:
2576 4032 2746 4085 Nulla
2792 4032 2933 4086 enim
2994 4033 3133 4085 ratio
3186 4032 3317 4097 vult,
3362 4040 3427 4086 ut

1846 4128 1983 4199 quod
2033 4136 2176 4180 creat
2217 4124 2451 4187 eiusdem
2504 4125 2571 4178 sit
2624 4140 2743 4176 cum
2790 4123 2980 4177 creatis
3013 4131 3256 4188 naturae;
3290 4138 3416 4177 cum

1845 4223 1874 4274 6
1899 4219 2071 4288 Λόγος
2095 4217 2512 4286 haudquaquam
2555 4215 2658 4267 hoc
2689 4216 2745 4268 in
2788 4214 2909 4269 loco
2948 4214 3016 4268 de
3044 4215 3259 4269 ratione
3286 4230 3420 4284 apo-

1846 4310 2065 4374 dictica,
2095 4308 2193 4365 sed
2225 4308 2293 4362 de
2317 4314 2522 4361 aeterno
2547 4304 2724 4360 Verbo
2744 4305 2917 4373 accipi
2954 4305 3177 4360 omnino
3199 4305 3413 4361 debeat.

177 4393 302 4448 dem
338 4392 481 4447 unde
513 4394 792 4464 digressus
813 4411 957 4451 sum.
1007 4396 1087 4451 Ex
1118 4398 1185 4453 iis
1213 4412 1335 4467 qua:
1388 4397 1651 4452 hactenus
1680 4396 1748 4451 de
1776 4412 1822 4468 ι)
1850 4400 2032 4469 Itaque
2060 4397 2383 4453 vertendum
2418 4414 2430 4450 ;
2480 4393 2659 4466 Neque
2686 4394 2824 4448 enim
2859 4391 3088 4447 Verbum
3114 4393 3251 4463 quod
3271 4403 3423 4447 creat

177 4484 382 4554 triplici
435 4487 721 4541 mulierum
775 4503 971 4557 genere
1012 4489 1270 4555 disserui,
1300 4491 1434 4545 satis
1488 4500 1745 4545 constare

177 4575 476 4641 existimo,
536 4577 698 4631 rebus
760 4579 1048 4635 turbandis
1093 4581 1329 4635 maxime
1378 4589 1743 4651 opportunum

177 4666 349 4722 fuisse
378 4668 597 4722 tertium
631 4668 734 4723 hoc
782 4686 975 4739 genus,
1005 4670 1103 4735 τὰς
1128 4672 1485 4735 ἐπεισάκτους
1514 4672 1740 4737 scilicet,

176 4775 313 4830 quas
334 4760 641 4816 Alexander
688 4762 917 4832 proinde
944 4761 1153 4817 ἄτακτα
1193 4765 1521 4835 γυναικάρια
1564 4771 1746 4826 voeat,

175 4850 323 4921 quod
351 4852 529 4907 nullas
556 4852 835 4908 modestia:
863 4853 1009 4925 leges
1032 4865 1409 4925 agnoscerent,
1440 4856 1590 4911 nullo
1637 4872 1739 4926 pu-

175 4942 326 4997 doris
380 4943 535 4998 l'reno
601 4945 1012 5000 eohiberentur.
1062 4946 1315 5013 Quinimo
1361 4955 1568 5016 pestem
1600 4947 1742 5002 hanc

175 5032 472 5089 Ecclesiam
502 5036 842 5105 potissimum
873 5038 1129 5095 aﬁlixisse
1147 5040 1454 5095 certissimo
1475 5037 1599 5093 inde
1627 5038 1741 5093 col-

175 5127 362 5197 ligitur
382 5136 721 5196 argumento,
752 5129 895 5198 quod
928 5128 1130 5184 Nicmni
1154 5130 1361 5197 Patres,
1393 5139 1453 5183 ut
1482 5129 1741 5185 Ecclesia:

176 5216 333 5272 malis
387 5217 753 5283 mederentur,
807 5220 935 5275 huic
962 5221 1320 5274 carcinomati
1352 5221 1525 5290 primo
1572 5219 1741 5275 ferme

177 5321 292 5364 loco
335 5317 673 5363 censuerunt
700 5312 1119 5367 occurrendum.
1154 5311 1308 5366 Unde
1344 5312 1506 5366 tertio
1530 5326 1741 5366 canone

178 5400 521 5456 severissime
549 5404 804 5459 omnibus
852 5404 907 5457 in
950 5405 1098 5460 clero
1144 5419 1469 5476 quocunque
1521 5403 1739 5459 tandem

177 5490 339 5561 gradu
372 5506 438 5546 ae
466 5493 687 5549 nomine
719 5493 1055 5564 degentibus,
1089 5494 1197 5549 τῶν
1224 5493 1586 5549 ωνεισάκτων
1607 5509 1740 5548 con-

177 5583 461 5639 suetudine
507 5585 922 5641 interdixerunt.
952 5587 1128 5656 Atque
1158 5586 1286 5640 hinc
1336 5586 1545 5655 liquere
1592 5587 1739 5641 arbi-

179 5677 638 5747 tror,cujusmodi
672 5678 956 5734 mulierum
994 5678 1457 5749 prehensationes,
1502 5694 1735 5748 quarum

1844 4490 2075 4561 ejusdem
2100 4507 2218 4543 cum
2239 4488 2431 4543 creatis
2464 4498 2670 4542 natura:
2704 4502 2816 4540 esse
2844 4484 3064 4549 dicitur,
3102 4485 3189 4539 vel
3215 4486 3412 4539 statui-

1846 4591 1951 4646 tur,
1979 4583 2185 4638 scilicet
2214 4595 2245 4635 a
2289 4579 2497 4635 Joanne
2527 4578 2863 4649 evangelista
2887 4578 3046 4645 cuius
3080 4576 3243 4630 verba
3271 4592 3414 4646 prte-

1843 4674 2009 4727 misit.
2040 4670 2192 4738 Quod
2219 4669 2469 4741 quamvis
2503 4668 2707 4723 nemini
2739 4683 2847 4722 non
2871 4683 2966 4738 per
2990 4682 3049 4722 se
3080 4665 3416 4723 manifestis-

1844 4765 2062 4828 simum,
2120 4764 2239 4835 ipsa
2298 4763 2403 4817 loci
2464 4759 2774 4824 ἀκολουθία,
2819 4767 2873 4815 et
2922 4758 3096 4814 Graeci
3142 4761 3423 4814 sermonis

1841 4856 2178 4910 constructio
2234 4855 2451 4925 probat.
2511 4852 2804 4925 Subjungit
2835 4852 2981 4907 enim
3029 4852 3301 4905 rationem
3344 4865 3417 4905 ex

1843 4944 2115 5015 Evangelii
2144 4946 2327 5000 verbis
2369 4944 2618 5015 petitam,
2655 4960 2753 4998 cur
2781 4945 2809 4996 6
2836 4942 3008 5013 Λόγος
3043 4942 3288 5011 ejusdem
3315 4954 3416 4995 na-

1843 5045 1979 5090 turae
2015 5052 2140 5090 cum
2178 5037 2348 5113 rebus
2393 5036 2595 5090 creatis
2653 5050 2774 5091 esse
2821 5046 3078 5105 nequeat,
3116 5036 3232 5103 εἴγε
3253 5035 3415 5098 αὐτὸς

1845 5128 1945 5198 μὲν
1975 5123 2043 5198 ἦν
2092 5131 2149 5181 ὲν
2184 5129 2352 5199 ἀρχῇ,
2411 5126 2685 5195 siquidem
2720 5128 2837 5197 ipse
2860 5166 2877 5191 ,
2924 5127 3135 5183 scilicet
3161 5129 3190 5181 6
3214 5127 3411 5196 Λόγος,

1841 5225 1958 5273 erat
1987 5220 2041 5272 in
2067 5218 2334 5289 principio
2361 5236 2374 5273 :
2403 5218 2613 5288 reliqua
2661 5228 2838 5273 autem
2881 5219 3066 5274 omnia
3094 5233 3191 5288 per
3233 5220 3415 5288 ipsum

1842 5310 1981 5366 facta
2004 5318 2153 5367 sunt.
2192 5310 2297 5367 Sed
2330 5312 2602 5381 interpres
2653 5321 2861 5375 noster,
2894 5327 3017 5365 cum
3059 5312 3417 5381 praecedenti-

1840 5403 1943 5458 bus
1972 5404 2149 5460 verbis
2179 5403 2319 5461 male
2343 5404 2628 5459 conversis
2651 5419 2759 5458 non
2784 5403 3009 5458 haberet
3034 5419 3144 5473 quo
3186 5413 3416 5459 reterret

1843 5511 2026 5551 vocem
2051 5497 2228 5561 αὑτός,
2265 5497 2591 5552 sententiam
2624 5497 2763 5550 male
2785 5496 3007 5561 Iuravit,
3034 5512 3210 5565 neque
3247 5497 3411 5550 ullam

1839 5587 1896 5641 in
1918 5588 2267 5655 sequentibus
2289 5588 2527 5657 periodis
2544 5604 2733 5644 sanam
2764 5587 3033 5657 expressit
3059 5589 3409 5643 sententiam.

1842 5677 1947 5734 Sed
1987 5678 2304 5749 interposita
2340 5680 2658 5750 παρενθέσει
2695 5681 2861 5734 miras
2902 5680 3003 5734 sibi
3035 5678 3136 5750 ipsi
3177 5680 3411 5751 aliisque
