3850 6160
427 308 534 366 539

1485 309 1539 364 s.
1583 309 2003 367 ALEXANDER
2047 279 2604 368 ALEXANDRINUS.

3554 309 3662 366 540

425 423 620 481 oﬂudit
650 425 925 482 tenebras.
973 425 1205 481 Romani
1229 439 1358 480 vero
1385 424 1647 490 editores,
1679 426 1996 497 interpretis
2024 436 2072 493 Α
2099 444 2230 485 sane
2257 438 2310 484 et
2334 429 2557 484 crebros
2581 436 2636 482 et
2664 425 2874 482 validos
2911 410 3408 480 sanetissi‘mushi‘c
3442 421 3662 493 episco-
3731 434 3734 436 ‘

422 533 670 579 errorem
729 520 811 574 vel
860 519 1264 574 ﬂuctuationem
1295 517 1502 586 prolata
1559 518 1775 588 longius
1800 533 1996 588 paren-

427 608 568 663 thesi
600 624 712 666 non.
751 624 942 679 parum
991 617 1270 679 augentes,
1309 607 1583 663 rationum
1649 616 1813 678 atque
1834 624 1996 677 argu-

426 708 733 756 mentorum
763 703 872 756 vim
914 718 978 757 ac
1005 716 1203 757 nervos
1237 701 1398 772 plane
1439 699 1810 765 succiderunt,
1857 716 1994 772 quos

428 857 3291 885 MM

2101 534 2206 590 pus
2239 519 2294 572 in
2323 518 2559 572 Arianos
2590 522 2826 584 torquet.
2883 511 2990 568 Sed
3019 528 3141 568 cum
3167 520 3221 568 et
3256 529 3354 569 vos
3376 514 3660 584 patientia,

2102 617 2158 665 et
2182 625 2268 664 me
2298 608 2530 662 laterum
2564 607 2709 661 vires
2735 605 3054 671 destituant,
3079 614 3273 660 catcra
3304 605 3664 661 commodiori

2098 699 2330 769 tempori
2361 697 2784 754 reservabimus.

3296 853 3638 878 ἠ

1258 1055 1587 1143 DISSE
1613 979 2044 1144 R'I‘ATIO
2116 1052 2658 1146 SECUNDA
2705 1037 2832 1133 ((⁸).

497 1368 796 1440 Abruptum
821 1368 1009 1440 prima
1030 1367 1440 1424 Dissertationis
1464 1367 1612 1423 tilum
1631 1368 1696 1422 ad
1728 1368 1994 1437 reliquam

429 1461 693 1518 instituta
721 1477 965 1516 censura
1025 1469 1232 1530 partem
1266 1459 1649 1531 pertexendam
1705 1470 1990 1514 connecto.

432 1551 597 1623 Urget
626 1561 815 1608 contra
846 1553 960 1606 Arii
1004 1553 1373 1623 blasphemias
1427 1553 1735 1607 Alexander
1778 1553 1994 1622 episco-

427 1660 552 1714 pus,
572 1657 829 1698 aternam
854 1643 1015 1699 Verbi
1046 1645 1137 1698 Dei
1167 1662 1232 1700 ex
1267 1645 1425 1700 Patre
1460 1646 1721 1716 originem
1755 1645 1993 1699 auctori-

428 1747 540 1794 tate
569 1739 800 1794 Joannis
849 1742 1216 1809 evangelista,
1245 1741 1338 1809 qui
1373 1741 1423 1792 in
1461 1742 1579 1808 ipso
1601 1741 1786 1794 limine
1816 1739 1993 1793 Evan-

429 1832 554 1901 gelii
584 1832 694 1894 sui,
731 1831 966 1886 Verbum
1001 1834 1053 1885 in
1083 1833 1348 1901 principio
1399 1832 1602 1895 fuisse,
1641 1839 1834 1886 catera
1865 1848 1993 1888 vero

428 1925 612 1978 omnia
640 1924 834 1980 deinde
861 1941 955 1995 per
986 1923 1222 1979 Verbum
1257 1925 1416 1977 facta.
1441 1933 1691 1979 testatur.
1718 1923 1838 1990 Quo
1874 1925 1994 1979 loco

427 2015 816 2084 evangelistam
846 2029 1048 2068 arcano
1079 2022 1133 2068 et
1188 2015 1443 2084 religioso
1482 2016 1717 2085 quodam
1763 2017 1995 2071 consilio

427 2106 653 2160 verbum
675 2100 764 2175 ἦν,
797 2105 912 2159 sive
939 2114 1073 2168 erat,
1115 2105 1463 2170 adhibuisse;
1509 2105 1779 2175 γενέσεως
1811 2114 1990 2162 autem

427 2203 482 2248 et
504 2195 768 2265 ποιήσεως
800 2194 1017 2248 nomine
1067 2195 1395 2249 abstinuisse
1440 2195 1612 2250 docet.
1671 2196 1876 2261 Primo,
1926 2212 1994 2252 ne

427 2285 621 2341 iisdem
649 2287 872 2340 vocibus
921 2285 988 2340 de
1016 2286 1274 2341 Creatore
1329 2295 1383 2342 et
1426 2295 1676 2342 creatura
1729 2298 1990 2343 uteretur.

431 2374 703 2438 Secundo,
727 2374 870 2441 quod
902 2373 1063 2428 Verbi
1101 2374 1288 2428 aterni
1320 2375 1728 2444 productionem
1761 2392 1866 2430 non
1905 2392 1994 2431 so-

428 2464 540 2518 lum
567 2466 1046 2536 evangelistarum,
1078 2465 1174 2519 sed
1205 2473 1259 2520 et
1310 2467 1622 2535 angelorum
1662 2468 1992 2522 intellectum

425 2560 693 2614 excedere
716 2560 994 2623 crederet;
1032 2559 1212 2621 tertio,
1239 2559 1383 2628 quod
1408 2559 1632 2629 impium
1657 2559 1996 2614 existimaret

428 2665 629 2704 arcana
660 2651 748 2703 illa
806 2649 1113 2705 Divinitatis
1146 2651 1420 2720 mysteria,
1453 2650 1671 2703 curiosa
1729 2649 1996 2719 pervesti—

425 2742 645 2811 gatione
677 2742 930 2796 subtilius
964 2743 1218 2798 scrutari.
1268 2741 1326 2795 ln
1377 2741 1536 2808 cujus
1571 2742 1675 2795 loci
1704 2757 1867 2796 sensu
1897 2758 1994 2797 ex-

429 2833 716 2903 primendo
749 2850 853 2887 non
879 2834 1044 2888 semel
1071 2833 1413 2888 olienderunt
1446 2834 1790 2906 interpretes,
1823 2849 1994 2903 quan-

430 2925 724 2996 doquidem
785 2923 969 2979 Graca
1025 2926 1188 2979 verba
1246 2925 1375 2978 vitio
1433 2941 1540 2980 non
1601 2933 1808 2980 carent.
1860 2924 1996 2978 Illud

429 3025 642 3071 tantum
679 3015 1010 3079 indicavero,
1044 3018 1134 3071 ubi
1166 3019 1276 3072 ait:
1304 3017 1363 3070 τὸ
1395 3014 1492 3087 ἦν,
1549 3016 1864 3090 ὑπεραίρειν
1902 3017 2000 3088 τῆς

427 3109 537 3161 ⁴τῶν
559 3109 828 3180 γεννητῶν
865 3109 1124 3172 διανοίας,
1178 3125 1362 3164 vocem
1411 3109 1554 3162 illam
1619 3120 1754 3173 erat,
1786 3109 2004 3166 univer-

429 3213 546 3253 sam
569 3206 943 3253 creaturarum
983 3197 1393 3268 intelligentiam
1425 3199 1833 3261 transcendere,
1856 3199 2000 3253 haud

429 3290 594 3345 dubie
631 3291 895 3361 γενητῶν,
941 3307 1050 3343 ιιοιι
1085 3289 1362 3360 γεννητῶν
1388 3290 1703 3359 legendum;
1766 3307 1998 3361 quorum

432 3383 537 3436 hoc
564 3383 671 3436 ἀπὸ
693 3383 789 3436 τοῦ
809 3383 1118 3452 γεννᾶσθαι,
1143 3383 1274 3437 illud
1301 3383 1410 3436 ἀπὸ
1435 3381 1528 3435 τοῦ
1561 3381 1806 3450 γίνεσθαι
1831 3383 2004 3437 dedu-

429 3475 591 3530 citur.
619 3474 765 3540 Quas
817 3477 1036 3546 quidem
1085 3491 1269 3542 voces,
1300 3476 1427 3530 licet
1455 3476 1664 3546 origine
1709 3485 1763 3530 et
1793 3476 2004 3546 signifi-

429 3578 557 3622 catu
589 3567 796 3632 aflines,
829 3568 971 3623 sacri
997 3577 1049 3622 et
1089 3567 1302 3638 profani
1337 3575 1589 3622 auctores
1616 3583 1774 3624 caute
1806 3569 2002 3622 distin-

430 3665 624 3728 guunt,
657 3673 780 3714 cum
815 3666 996 3713 tamen
1031 3660 1084 3712 in
1121 3659 1354 3726 vulgatis
1397 3658 1597 3713 Justini
1632 3657 1726 3723 Μ.,
1761 3658 1999 3726 Eusebii,

433 3748 744 3818 Epiphanii,
777 3749 1118 3818 aliorumque
1143 3747 1496 3811 editionibus,
1546 3747 1820 3803 sexcentis
1866 3748 2002 3803 locis

432 3839 690 3894 confusas
722 3840 1010 3894 observare
1060 3840 1240 3894 liceat.
1287 3839 1504 3902 Γένεσις
1534 3839 1678 3892 enim
1735 3846 1790 3893 et
1844 3856 2003 3909 γενη-

431 3931 546 3994 τόν,
590 3940 650 3984 ut
685 3931 915 3985 Proclus
954 3931 1095 3984 libro
1153 3943 1191 3985 tl
1223 3931 1276 3984 in
1335 3929 1590 3984 Timwum
1644 3932 1738 3994 ait,
1767 3931 1864 4001 τὴν
1895 3931 2002 3986 ἀπὸ

433 4022 530 4076 τοῦ
609 4019 947 4095 Δημιουργοῦ
1020 4023 1242 4095 πρόοδον
1305 4023 1575 4094 significat
1631 4043 1644 4078 :
1705 4023 1808 4079 hoc
1876 4031 1999 4089 est,

433 4116 766 4170 creationem
799 4125 854 4170 et
887 4115 1296 4185 productionem
1336 4132 1402 4170 ex
1442 4117 1634 4172 nihilo.
1706 4115 1878 4180 Unde,
1942 4125 2003 4171 ut

433 4207 686 4262 Justinus
738 4207 940 4278 Martyr
984 4210 1059 4260 ait
1125 4209 1178 4261 in
1235 4206 1673 4276 Responsionibus
1729 4209 1798 4261 ad
1854 4210 2002 4263 Grae-

431 4315 520 4354 σοι
571 4314 589 4352 .'

431 4393 493 4445 οὐ
563 4391 760 4445 ταυτὸν
786 4433 800 4454 ,
875 4391 1019 4462 ἔργῳ
1063 4391 1118 4444 δὲ
1183 4392 1394 4446 ταυτόν.
1440 4391 1618 4446 Verbo
1668 4392 1847 4456 d-iﬂ‘ert
1872 4433 1886 4457 ,
1942 4409 2002 4447 re

434 4485 553 4554 ipsa
612 4483 754 4538 idem
805 4491 908 4538 est.
955 4483 1207 4554 Γέννησις
1248 4494 1427 4538 autem
1475 4484 1712 4556 προϐολὴ
1774 4485 1880 4537 ἀπὸ
1906 4485 2001 4537 τοῦ

431 4577 680 4648 Πατρός,
737 4575 839 4629 hoc
885 4583 968 4630 est
1015 4575 1333 4645 generatio,
1389 4576 1523 4640 sive,
1561 4585 1620 4629 ut
1670 4591 1793 4630 cum
1839 4577 2002 4647 vulgo

431 4670 806 4738 theologorum
857 4668 1071 4736 loquar,
1105 4669 1391 4738 productio
1419 4668 1654 4723 viventis
1685 4673 1716 4722 a
1762 4667 1999 4733 vivente,

431 4759 630 4816 similis
661 4759 982 4828 producenti
1015 4759 1068 4812 in
1105 4759 1410 4814 substantia
1438 4767 1492 4815 et
1536 4768 1749 4814 natura.
1781 4758 1848 4813 Et
1877 4776 2002 4828 γεν-

430 4850 612 4922 νητόν,
637 4858 695 4904 ut
721 4851 860 4918 apud
885 4849 1135 4905 eumdem
1190 4849 1465 4906 Justinum
1496 4850 1746 4915 habetur,
1789 4849 1850 4902 τὸ
1879 4867 2003 4919 γεν-

428 4942 606 5012 νητῶς
634 4942 934 5012 γινόμενον,
985 4943 1100 4997 sive
1158 4941 1221 4996 τὸ
1276 4943 1550 5014 γεννητῶς
1577 4943 1637 4996 τὸ
1679 4938 1818 4997 εἶναι
1855 4943 1998 5013 ἔχον,

429 5035 568 5103 quod
597 5051 689 5104 per
720 5037 934 5088 modum
974 5037 1329 5105 generationis
1367 5035 1629 5105 subsistit.
1681 5035 1837 5092 Unde
1879 5037 2002 5092 Cle-

429 5143 587 5182 mens
611 5127 1041 5190 Alexandrinus,
1101 5143 1225 5182 cum
1255 5127 1519 5196 γενέσεως
1562 5143 1759 5196 nomen
1799 5129 2002 5198 promi-

428 5228 562 5268 scue
593 5215 767 5283 accipi
822 5216 1030 5270 videret
1059 5218 1221 5270 etiam
1262 5233 1360 5286 pro
1385 5219 1754 5286 generatione,
1803 5227 2000 5288 quarto

432 5302 764 5358 Stromatum
795 5307 936 5360 libro
962 5307 1037 5360 ita
1068 5322 1186 5362 eam
1212 5308 1517 5377 distinguit,
1553 5317 1612 5362 ut
1655 5310 1760 5362 alia
1798 5311 1869 5363 sit
1893 5309 2000 5360 τῶν

433 5396 806 5463 γεννωμένων,
843 5399 950 5451 alia
997 5398 1106 5452 τῶν
1161 5399 1482 5469 γινομένων,
1519 5401 1727 5456 scilicet
1781 5417 1853 5456 ne
1877 5403 2000 5472 quis

430 5485 496 5538 τὸ
558 5488 782 5555 γενητὸν
838 5492 931 5542 καὶ
985 5493 1240 5560 γεννητόν
1303 5493 1678 5549 confunderet.
1739 5493 1893 5550 Unde
1947 5502 2000 5549 et

434 5573 588 5630 Plato
621 5579 884 5647 principio
916 5581 1525 5654 Timwi-disquirendum
1546 5588 1831 5656 proponit:
1869 5589 2001 5661 Περὶ

510 5729 590 5801 (a)
619 5728 807 5785 llabita
833 5733 1034 5800 Roma,
1065 5747 1122 5790 ut
1152 5753 1335 5809 supra.

2029 1619 2067 1674 Β

2028 2980 2072 3040 C

2097 1359 2191 1414 τοῦ
2219 1358 2434 1420 παντὸς,
2493 1355 2543 1409 εἰ
2570 1353 2789 1423 γέγονεν
2835 1353 2869 1424 ἢ
2931 1351 3122 1422 ἀγενὲς
3163 1354 3328 1408 ἐστιν.
3374 1351 3676 1413 Factumn:

2099 1453 2168 1507 sit
2195 1451 2512 1512 universum,
2545 1465 2614 1501 an
2639 1463 2738 1500 non
2794 1445 3015 1514 factum.
3049 1443 3160 1500 Hoc
3199 1453 3302 1509 est,
3334 1453 3392 1499 ut
3438 1445 3668 1502 Proclus

2099 1545 2358 1614 explicat,
2409 1544 2456 1594 εξ
2489 1540 2779 1611 γενητὸςῆ
2835 1539 3094 1609 ἀγένητος
3143 1541 3171 1592 ὁ
3206 1539 3426 1610 κόσμος.
3491 1541 3675 1608 Atque

2100 1639 2176 1692 ita
2232 1636 2648 1706 antiquissimus
2700 1633 2791 1689 ille
2842 1632 3007 1687 Italia
3045 1633 3397 1702 philosophus
3445 1631 3672 1688 Ocellus

2102 1729 2358 1783 Lucanus
2386 1727 2585 1798 insigni
2607 1742 2771 1796 opere
2797 1729 3026 1796 probare
3053 1725 3308 1788 instituit,
3342 1725 3401 1776 τὸ
3426 1727 3532 1778 πᾶν
3575 1727 3640 1777 ἀν
3659 1755 3678 1762 -

2098 1823 2330 1893 ώλεϐρον
2355 1817 2493 1874 εἶναι
2523 1821 2613 1872 καὶ
2633 1819 2910 1888 ἀγένητον,
2938 1815 3191 1870 mundum
3213 1825 3330 1870 ortu
3352 1817 3675 1885 interimque

2099 1933 2296 1970 carere.
2326 1913 2481 1982 Quod
2516 1912 2664 1966 enim
2719 1911 2880 1980 vulgo
2935 1910 3227 1980 ἀγέννητον
3271 1911 3470 1980 passim
3523 1911 3673 1978 apud

2099 2008 2341 2064 Ocellum
2372 2006 2650 2066 scribitur,
2679 2003 2734 2056 id
2766 2011 2957 2058 contra
2983 2002 3217 2072 Optimos
3244 2001 3536 2056 Vaticanus
3569 2017 3673 2056 co-

2100 2103 2250 2157 dices
2285 2114 2409 2154 esse
2459 2095 2815 2168 deprehendi,
2842 2109 2968 2148 cum
3025 2094 3227 2163 quibus
3273 2108 3496 2148 aureum
3532 2092 3674 2146 illud

2099 2193 2424 2264 opusculum
2458 2190 2743 2259 diligenter
2781 2186 3074 2258 aliquando
3102 2187 3330 2242 contuli.
3372 2185 3538 2242 Recte
3571 2185 3675 2256 igi-

2101 2299 2189 2342 tur
2202 2286 2514 2340 universum
2531 2282 2656 2345 hoc,
2683 2291 2736 2335 et
2754 2279 3016 2350 quidquid
3029 2295 3210 2333 rerum
3232 2286 3536 2334 ereatarum
3555 2280 3677 2334 uni—

2101 2395 2258 2434 verso
2271 2377 2602 2441 continetur,
2621 2373 2830 2427 ratione
2851 2372 3038 2442 prima
3052 2371 3425 2442 productionis
3444 2372 3675 2442 γενητόν

2101 2471 2492 2542 appellabimus
2513 2485 2524 2518 :
2541 2466 2797 2536 γεννητόν
2810 2481 2936 2519 vero
2952 2465 3365 2535 haudquaquam
3390 2485 3401 2518 :
3416 2465 3561 2534 quod
3578 2466 3671 2518 uni

2101 2563 2279 2619 Verbo
2300 2570 2503 2616 aterno
2525 2559 2796 2623 convenit,
2815 2558 2901 2612 cui
2922 2557 3022 2612 soli
3044 2556 3203 2611 Pater
3223 2558 3358 2610 dixit
3384 2575 3396 2610 :
3420 2557 3549 2620 Υἱός
3569 2573 3674 2627 μου

2100 2653 2151 2709 εἷ
2200 2655 2286 2720 σὺ,
2333 2652 2443 2721 ἐγὼ
2476 2653 2712 2722 σήμερον
2733 2649 3038 2720 γεγέννηκά
3067 2664 3154 2701 σε’
3187 2646 3360 2701 Filius
3423 2665 3569 2702 meus
3617 2665 3674 2702 es

2102 2757 2284 2814 tu,ego
2306 2742 2458 2796 hodie
2485 2741 2636 2812 genui
2660 2749 2726 2792 te.
2761 2737 2967 2793 Catera
2995 2745 3171 2790 autem
3198 2735 3484 2796 omnia,6v.’
3505 2730 3673 2788 αὐτοῦ

2101 2837 2335 2904 ἐγένετο,
2379 2834 2470 2887 καὶ
2511 2832 2678 2903 χωρὶς
2703 2829 2866 2884 αὑτοῦ
2885 2829 3098 2897 ἐγένετο
3129 2827 3247 2880 οὐδὲ
3278 2827 3354 2889 ἓν,
3377 2827 3404 2878 ὃ
3424 2828 3670 2895 γέγονεν.

2105 2925 2258 2981 Unde
2279 2935 2331 2981 et
2356 2924 2564 2980 Psaltes
2587 2923 2766 2993 regius
2802 2940 2815 2976 :
2845 2920 3018 2983 Αὐτὸς
3065 2917 3237 2984 εἶπεν,
3288 2921 3382 2972 καὶ
3412 2920 3678 2991 ἐγενήθη-

2105 3035 2204 3071 σαν
2228 3035 2241 3047 ⁸
2275 3016 2393 3086 Ipse
2421 3015 2578 3080 dixit,
2608 3024 2656 3070 et
2683 3014 2826 3084 facta
2855 3024 2998 3068 sunt.
3023 3012 3224 3068 Contra
3259 3011 3497 3068 mundus
3525 3023 3679 3070 recte

2103 3110 2415 3179 ἀγέννητος,
2458 3122 2564 3161 non
2600 3115 2779 3160 autem
2808 3105 3088 3176 ἀγένητος.
3122 3103 3292 3158 Filius
3343 3113 3521 3158 autem
3575 3102 3674 3159 Dei

2105 3201 2390 3271 ἀγένητος,
2427 3215 2536 3253 non
2566 3198 2879 3268 ἀγέννητος.
2913 3197 3042 3262 Qua
3071 3194 3320 3252 fortassis
3347 3195 3485 3249 levia
3501 3195 3676 3250 videri

2104 3277 2349 3362 possent,
2387 3290 2492 3344 nisi
2535 3291 2696 3344 unius
2750 3289 2946 3344 littera
2975 3288 3292 3350 interstitio,
3349 3295 3533 3342 rectus
3579 3301 3679 3341 cas-

2105 3383 2316 3437 tbolica
2365 3381 2607 3436 veritatis
2637 3387 2839 3436 trames
2866 3395 2896 3434 a
2927 3379 3375 3450 gravissimorum
3419 3394 3673 3433 errorum

2103 3475 2418 3544 pracipitiis
2446 3475 2866 3544 dispesceretur.
2899 3470 3054 3526 Unde
3095 3469 3354 3526 Joannem
3381 3469 3680 3524 Damasce

2103 3581 2234 3620 num
2265 3567 2405 3619 libro
2436 3581 2474 3630 ι,
2503 3580 2621 3635 cap.
2658 3564 2713 3630 9,
2742 3579 2940 3635 magno
2972 3562 3087 3617 hac
3137 3562 3320 3617 studio
3347 3615 3352 3620 ,
3378 3561 3682 3618 adnotasse

2099 3658 2350 3713 videmus
2370 3697 2384 3722 ,
2415 3669 2468 3712 et
2498 3656 2833 3727 Epiphanius
2861 3657 3054 3711 liaresi
3112 3671 3235 3709 anx
3287 3655 3522 3708 Arianos
3561 3656 3678 3710 hac

2103 3751 2326 3805 nomina
2355 3749 2755 3804 confundentes
2786 3749 3107 3819 gravissime
3134 3748 3472 3818 perstrinxit.
3497 3748 3679 3812 Quam

2101 3839 2240 3895 bene
2262 3849 2440 3894 autem
2474 3841 2741 3910 interpres
2769 3841 2977 3910 Anglus
3011 3839 3079 3892 τὰ
3102 3839 3305 3909 γενητὰ
3365 3841 3680 3891 mortalium

2103 3934 2323 3988 nomine
2353 3933 2606 4003 explicet,
2642 3950 2766 3989 mox
2799 3932 3155 3989 commodiori
3186 3932 3308 3985 loco
3341 3931 3676 3986 videbimus.

2102 4023 2348 4096 Ineptum
2377 4019 2612 4094 quoque,
2648 4024 2792 4095 quod
2825 4025 2964 4079 idem
3011 4031 3199 4078 noster
3242 4022 3512 4092 interpres
3537 4019 3681 4076 Ver-

2103 4119 2232 4175 bum
2263 4126 2546 4185 ateruum,
2574 4133 2793 4172 causam
2821 4115 3141 4172 efﬁcientem
3166 4130 3346 4170 rerum
3401 4115 3676 4177 omnium,

2109 4211 2167 4264 τὸ
2193 4209 2400 4274 ποιοῦν,
2435 4211 2644 4280 gignens
2681 4209 2911 4278 appellat
2937 4225 2952 4274 ;
2975 4222 3097 4262 cum
3129 4206 3308 4261 omnis
3341 4205 3677 4259 Arianorum

650 4297 722 4350 Τὸ
776 4298 1028 4366 γενέσθαι
1078 4299 1173 4352 καί
1236 4299 1297 4352 τὸ
1355 4300 1623 4352 ποιεῖσθαι
1689 4299 1829 4364 λέξει
1904 4302 2001 4371 μὲν

2107 4302 2304 4354 astutia
2339 4301 2390 4354 in
2449 4300 2762 4370 hujusmodi
2818 4300 3108 4354 verborum
3145 4297 3466 4352 confusione
3491 4313 3678 4352 verse»

2106 4403 2216 4455 tur,
2269 4408 2390 4461 qua
2429 4391 2812 4446 sanctissimus
2851 4389 2937 4443 hic
2965 4396 3153 4442 auctor
3193 4398 3385 4441 contra
3440 4386 3681 4454 diligen-

2104 4487 2312 4541 tissime
2339 4485 2643 4554 distinguit.
2675 4481 2869 4536 Tutius
2899 4497 3030 4536 sane
3060 4497 3182 4535 cum
3215 4480 3429 4550 vulgato
3463 4477 3680 4532 Biblio-

2101 4593 2222 4632 rum
2280 4576 2594 4645 interprete,
2647 4571 2873 4643 faciendi
2905 4580 2958 4628 et
2987 4572 3206 4642 factoris
3248 4569 3513 4626 vocabulo
3555 4578 3681 4624 ute-

2102 4675 2273 4732 retur,
2323 4666 2482 4720 novis
2540 4664 2650 4718 illis
2702 4663 2992 4718 verborum
3028 4662 3264 4717 lauticiis
3288 4659 3516 4724 relictis,
3550 4677 3681 4730 qua

2101 4759 2285 4814 animo
2343 4757 2517 4814 sacris
2544 4754 2740 4810 litteris
2794 4755 3059 4809 innutrito
3113 4768 3374 4808 nauseam
3427 4767 3681 4808 commo-

2101 4859 2247 4908 vent.
2297 4850 2374 4905 Ita
2420 4851 2475 4904 in
2524 4849 2787 4905 orationis
2837 4863 3170 4920 progressu,
3228 4844 3320 4899 ubi
3367 4843 3685 4900 Alexander

2102 4945 2242 5001 filios
2272 4959 2368 5016 per
2399 4943 2626 5014 gratiam
2658 4942 2963 5012 adoptatos,
3005 4956 3034 4994 a
3061 4937 3240 4993 Verbo
3267 4947 3495 5001 aterno,
3537 4953 3680 4992 vero

2103 5046 2156 5093 et
2177 5040 2396 5108 proprio
2447 5035 2542 5091 Dei
2590 5033 2728 5089 Filio
2784 5048 2945 5104 quam
3001 5032 3318 5101 longissime
3369 5040 3617 5085 removet
3661 5049 3675 5092 ;

2101 5128 2361 5198 quoniam
2393 5125 2482 5180 hic
2519 5135 2715 5179 natura
2768 5124 2861 5177 Dei
2887 5119 3058 5178 Filius
3086 5122 3198 5189 ;i|li
3239 5136 3391 5186 vero,
3423 5118 3679 5188 deposito

2103 5221 2296 5289 spiritu
2336 5217 2634 5280 servitutis,
2658 5215 2838 5285 τὸτῆς
2861 5213 3128 5276 υἱοθεσίας
3147 5213 3402 5274 λαϐόντες
3432 5203 3676 5280 πνεὶμα.

2102 5311 2216 5367 Hoc
2251 5319 2356 5374 est,
2388 5318 2447 5363 ut
2486 5318 2672 5364 noster
2700 5309 2968 5377 interpres
3013 5306 3266 5367 reddidit,
3302 5303 3506 5372 Spiritu
3543 5303 3680 5355 ado-
3713 5356 3721 5377 ἴ

2099 5406 2292 5474 ptionis
2349 5403 2582 5473 ﬁliorum
2633 5374 2925 5465 assumpto,
2956 5398 3050 5450 filii
3104 5397 3342 5466 adoptivi
3403 5393 3671 5448 evadunt.

2101 5497 2300 5563 Quidni
2361 5496 2541 5566 potius
2591 5509 2712 5547 cum
2769 5491 2895 5546 divo
2934 5490 3102 5544 Paulo
3131 5488 3196 5542 ad
3229 5488 3388 5542 Rom.
3417 5502 3538 5548 vui,
3585 5483 3674 5547 i5,

2105 5589 2305 5661 Spiritu
2362 5587 2656 5656 adoptionis
2711 5593 2938 5653 accepto,
2975 5583 3056 5638 vel
3109 5581 3366 5648 Spiritum
3432 5576 3665 5647 adoptio-
