3850 6160
169 284 274 345 541

1618 257 1940 334 norma.

3328 239 3437 303 5.42

168 406 256 460 nis
286 401 528 474 ﬁliorum
584 394 917 466 accipientes,
972 389 1252 448 dixerim?
1290 387 1427 444 Cum
1489 385 1745 453 accipere,
1776 389 1823 443 Α
1851 387 2032 450 ptam,
2072 375 2218 430 nihil
2241 382 2424 431 tamen
2467 373 2586 428 haec
2620 368 2834 428 destina
2857 362 3383 474 sententiamnmlcir
3416 377 3431 413 :

167 498 399 567 gratiam
444 491 759 560 donumque
816 486 912 542 Dei
942 488 1353 557 praesupponat,
1406 493 1611 532 sumere
1649 489 1749 529 au-

167 598 300 650 tem,
342 585 460 642 sive
487 596 774 642 assumere,
805 576 1082 649 propriam
1114 570 1518 644 quodammodo
1561 576 1751 622 aucto-

164 660 386 735 ritatem
412 675 762 732 subindicare
782 671 1051 725 videatur.
1089 666 1246 733 Quod
1273 665 1421 721 enim
1450 660 1749 732 Apostolus

166 773 244 829 ait
274 770 346 825 ad
371 767 537 823 Hebr.
559 783 614 832 v,
636 766 671 820 4
701 784 715 820 :
754 762 878 818 Non
903 761 1005 818 sibi
1030 761 1138 829 ipsi
1154 759 1431 829 quisquam
1471 754 1633 809 sumit
1655 752 1745 807 ho-

166 880 372 925 norem,
396 859 487 916 sed
518 861 608 931 qui
635 867 859 913 vocatur
882 873 913 910 a
946 854 1080 916 Deo,
1130 852 1206 908 ita
1239 866 1342 907 nec
1368 849 1597 920 gratiam
1622 846 1750 918 Spi-

163 956 309 1012 ritus
341 953 517 1010 sancti
548 951 839 1023 quisquam
878 948 983 1003 sibi
1006 946 1110 1016 ipsi
1141 944 1329 1004 sumit.
1362 942 1469 997 nisi
1506 941 1592 996 cui
1623 942 1751 996 data

166 1048 335 1104 fuerit
362 1046 596 1115 desuper
618 1058 648 1097 a
678 1042 839 1097 Patre
870 1040 1159 1103 luminum,
1185 1052 1218 1092 a
1243 1051 1352 1105 quo
1378 1050 1539 1090 omne
1560 1034 1748 1089 datum

166 1141 463 1213 optimum,
482 1145 535 1193 et
557 1151 718 1192 omne
742 1135 944 1189 donum
967 1130 1271 1203 perfectum
1286 1126 1621 1183 descendit‘.
1646 1125 1749 1180 Cui

167 1236 225 1285 et
251 1228 386 1282 illud
403 1225 732 1289 addiderim;
746 1223 892 1293 quod
914 1237 1037 1275 mox
1054 1219 1169 1273 Arii
1193 1219 1584 1288 asscclasmvn
1595 1233 1749 1289 pauo-

172 1321 354 1392 μένων
369 1318 607 1381 σύνοδον,
626 1316 984 1385 improborum
997 1313 1228 1376 turbam,
1248 1314 1432 1384 potius
1448 1328 1611 1382 quam
1627 1328 1753 1366 con-

168 1413 353 1471 cilium
366 1407 913 1480 malignantium,Scri
922 1417 1090 1479 ptume
1104 1406 1287 1462 verbis
1301 1405 1526 1461 reddere
1539 1405 1748 1459 maluit.

240 1504 348 1561 Sed
378 1505 597 1573 longum
629 1501 765 1558 foret
795 1501 1004 1571 singula
1033 1499 1306 1570 persequi.
1347 1498 1751 1568 quotiesinter-

170 1612 297 1667 pres
322 1596 566 1651 auctoris
592 1604 832 1650 mentem
882 1595 968 1649 vel
993 1593 1236 1655 divellat,
1263 1592 1350 1648 vel
1378 1591 1635 1654 invertat,
1666 1590 1751 1644 vel

170 1704 268 1759 pro
287 1688 457 1743 claris
481 1693 537 1742 et
566 1685 873 1742 manifestis
896 1685 1062 1740 dubia
1089 1694 1145 1739 et
1167 1684 1405 1739 obscura
1435 1682 1599 1738 nobis
1622 1696 1753 1751 sup-

169 1788 357 1851 ponat.
385 1778 628 1848 Propero
657 1780 721 1832 ad
754 1779 933 1833 locum
986 1778 1152 1832 totius
1173 1776 1439 1845 epistolae,
1472 1789 1595 1829 meo
1623 1773 1750 1843 qui-

167 1871 292 1928 dem
316 1870 531 1941 judicio
560 1868 1071 1939 didicillimum,‘qui
1097 1868 1367 1938 principio
1390 1882 1513 1937 pag.
1546 1865 1612 1920 15
1642 1865 1752 1920 Bo-

169 1978 348 2018 mana:
385 1962 650 2018 editionis
700 1961 920 2031 legitur.
953 1960 1169 2026 Ariani,
1212 1960 1393 2031 inquit
1421 1957 1749 2024 Alexander,

172 2062 232 2110 ut
251 2055 536 2110 Christum
571 2054 790 2111 deitatis
819 2053 995 2125 gloria
1038 2053 1370 2125 'spoliarent,
1404 2066 1499 2106 eas
1562 2064 1748 2112 voces,

168 2162 347 2217 eaque
374 2144 674 2216 Scripturae
705 2146 823 2200 loca
851 2161 1067 2215 semper
1102 2146 1157 2199 in
1189 2160 1285 2200 ore
1306 2142 1601 2206 habebant,
1632 2155 1753 2210 quae

170 2235 241 2291 ad
280 2236 596 2306 passionem
624 2243 679 2291 et
720 2235 1148 2309 exinanitionem
1183 2236 1302 2305 ejus
1329 2233 1628 2304 pertinent,
1659 2246 1755 2301 pe-

169 2328 323 2384 nitus
350 2328 509 2385 obliti
549 2328 802 2392 istorum,
835 2343 959 2398 quas
980 2328 1046 2383 ad
1077 2326 1302 2396 gloriam
1329 2333 1384 2380 ct
1410 2324 1750 2394 majestatcm

173 2428 231 2476 et
262 2421 636 2490 aequalitatem
686 2436 809 2475 cum
848 2419 1012 2475 Patre
1059 2417 1472 2489 significandam
1524 2416 1750 2471 faciunt.

170 2510 247 2567 De
272 2528 509 2583 quorum
532 2528 762 2569 numero
787 2522 873 2568 est
899 2512 1033 2567 illud
1060 2509 1220 2569 Joan.
1254 2528 1289 2566 x
1314 2528 1330 2566 :
1370 2508 1482 2580 Ego
1517 2517 1567 2562 et
1595 2507 1756 2563 Pater

169 2615 337 2655 unum
370 2618 576 2656 sumus.
607 2601 780 2670 Cujus
802 2601 906 2656 loci
938 2601 1265 2656 sententiam
1294 2600 1624 2655 catholicam
1658 2598 1756 2652 ad-

172 2705 368 2746 versus
389 2691 578 2745 Arium
611 2692 984 2762 explicaturus
1019 2690 1344 2755 Alexander,
1401 2690 1541 2743 hanc
1569 2688 1757 2761 ἐπεξή-

171 2799 336 2855 γησιν
363 2784 669 2854 subjungit.
703 2783 859 2850 Quod
890 2783 1109 2853 quidem
1162 2778 1429 2837 Dominus
1462 2780 1616 2844 dicit,
1646 2795 1753 2834 non

170 2871 393 2928 Patrem
427 2874 667 2944 seipsum
699 2873 1065 2944 pronmtiaus
1106 2892 1119 2926 :
1145 2872 1280 2926 Οὐδὲ
1306 2873 1406 2937 τὰς
1431 2875 1499 2945 τῇ
1521 2873 1757 2933 ὑποστάσ-

174 2981 261 3020 σει
285 2966 383 3020 δύο
429 2966 619 3036 φύσεις
651 2966 781 3038 μίαν
812 2961 950 3019 εἶναι
1004 2965 1336 3037 σαφηνίζων.
1396 2963 1512 3020 Hoc
1567 2972 1672 3030 est,
1696 2972 1758 3019 ut

1850 485 1976 525 cum
2007 468 2124 543 ipse
2158 466 2374 536 φύσεως
2432 479 2634 521 nomen
2689 463 2899 536 passim
2946 462 3150 516 usitato
3173 456 3436 512 Ecclesia:

1851 577 2015 617 sensu
2086 568 2313 630 usurpet
2379 558 2585 628 :idque
2650 553 2931 610 mordicus
2988 558 3179 608 contra
3239 548 3434 601 Arium

1851 661 2111 717 tueatur,
2163 668 2329 707 unam
2381 666 2505 707 esse
2552 650 2914 720 eamdemque
2970 643 3152 698 Patris
3219 655 3283 695 ac
3340 637 3438 693 Fi-

1851 746 1910 801 lii
1956 754 2242 808 naturam,
2273 752 2333 801 et
2352 743 2593 799 Verbum
2626 741 2786 812 φύσει
2820 738 3017 794 Filium
3065 732 3247 789 Patris
3310 744 3437 786 esse

1851 835 2015 891 sicuti
2042 851 2072 890 e
2105 843 2297 890 contra
2331 833 2615 888 contendit
2650 831 2847 886 Filium
2890 844 2999 884 non
3045 840 3170 881 esse
3194 822 3296 894 τῆς
3344 821 3437 876 αὖ·
3494 902 3499 907 ι

1850 929 1948 1000 τῆς
2022 926 2237 997 φύσεως
2311 928 2425 990 τοῖς
2475 926 2811 997 γενομένοις.
2890 921 3074 988 Quare
3141 920 3431 988 superest.

1853 1028 1913 1073 ut
1960 1020 2126 1073 verba
2167 1016 2376 1081 Graeca,
2442 1018 2520 1071 uti
2558 1031 2705 1071 nunc
2770 1014 2991 1085 quidem
3044 1012 3207 1081 vulgo
3242 1009 3437 1076 legun-

1850 1119 1962 1172 tur,
2009 1110 2094 1164 vel
2154 1109 2534 1162 hasreticorum
2583 1106 2812 1171 malitia,
2863 1104 2949 1158 vel
2992 1101 3213 1158 inscitia
3262 1099 3435 1153 libra-

1850 1202 2059 1257 riorum
2093 1210 2352 1270 corrupta
2405 1199 2675 1256 dicamus.
2732 1194 2889 1262 Quod
2942 1192 3101 1248 facile
3144 1189 3432 1254 concedet,

1851 1294 2103 1366 quisquis
2133 1302 2373 1348 vestrum
2403 1306 2514 1346 non
2560 1291 2797 1361 ignorat,
2831 1286 3134 1348 auditores,
3168 1290 3432 1353 quantum

1852 1384 2180 1439 calamitatis
2233 1391 2288 1438 et
2335 1397 2585 1437 errorum
2644 1389 2875 1450 utraque
2906 1377 3074 1449 pestis
3118 1379 3435 1431 sanctorum

1851 1476 2075 1531 Patrum
2107 1476 2327 1547 scriptis
2361 1474 2608 1530 intulerit
2643 1493 2656 1528 :
2691 1488 2813 1547 quae
2849 1487 3038 1542 gressu
3070 1467 3235 1523 nimis
3262 1466 3435 1520 libero

1854 1586 1950 1640 per
1978 1568 2259 1623 Orientem
2285 1567 2581 1638 aliquando
2626 1564 3009 1636 grassabatur,
3040 1575 3165 1615 cum
3195 1559 3434 1614 dissecta

1855 1663 1911 1717 in
1941 1662 2177 1718 haereses
2200 1668 2254 1717 et
2285 1661 2524 1732 partium
2551 1658 2734 1714 studia
2761 1656 3030 1715 Ecclesia,
3057 1654 3218 1709 malis
3239 1650 3435 1721 hujus.-

1783 1736 1826 1791 Β
1854 1753 2000 1808 modi
2024 1753 2261 1816 artibus,
2308 1768 2421 1807 sum
2448 1751 2684 1821 quisque
2709 1763 2891 1806 causa:
2909 1745 3271 1818 patrocinium
3296 1755 3439 1813 qua!-

1850 1852 2018 1902 reret.
2059 1844 2200 1900 Huic
2233 1852 2416 1899 autem
2447 1845 2570 1899 loco
2598 1843 2789 1898 vitium
2813 1841 3020 1896 factum
3045 1838 3304 1907 antiquus
3350 1835 3442 1895 bi.-

1853 1937 2036 1992 storiaa
2054 1937 2444 1991 ecclesiastica:
2470 1936 2744 2006 interpres
2769 1931 3110 2004 Epiphanius
3135 1930 3442 1985 Scholasti-

1853 2042 1953 2083 cus
1988 2028 2196 2097 liquido
2239 2026 2481 2083 ostendit
2512 2047 2525 2081 :
2561 2041 2722 2097 quem
2767 2024 2956 2079 Graeca
2985 2022 3148 2078 verba
3172 2036 3282 2075 non
3316 2021 3440 2092 qui-

1853 2117 1976 2172 dem
2014 2124 2241 2181 mutata,
2296 2119 2389 2174 sed
2444 2116 2782 2187 transposito
2830 2115 3083 2179 articulo,
3140 2113 3246 2167 hoc
3277 2112 3441 2167 modo

1854 2211 1985 2265 olim
2031 2211 2228 2280 legisse
2274 2217 2499 2280 apparet
2536 2229 2549 2264 :
2585 2208 2720 2263 osse
2767 2210 2834 2279 τῇ
2881 2206 3178 2260 ὑποστάσει
3209 2204 3302 2258 δύο
3339 2204 3441 2275 φᾶ-

1857 2317 1968 2364 σεις
2000 2300 2096 2379 τὴν
2124 2301 2252 2371 μίαν
2297 2297 2434 2354 εἶναι
2458 2300 2788 2373 σαφηνίζων,
2835 2299 2965 2353 dum
3003 2299 3168 2352 vertit
3202 2314 3216 2350 :
3259 2295 3443 2367 Neque

1855 2390 2281 2447 substantialiter
2301 2389 2434 2444 duas
2458 2402 2679 2444 naturas
2718 2405 2836 2459 quae
2873 2399 2950 2443 est
2971 2405 3099 2454 una,
3135 2387 3435 2441 declarans.

1855 2482 2027 2550 Quem
2056 2497 2245 2538 verum
2278 2490 2333 2537 et
2361 2482 2694 2537 catholicum
2726 2482 2891 2552 hujus
2922 2480 3031 2536 loci
3061 2495 3285 2535 sensum
3315 2493 3442 2535 esse

1856 2576 2013 2631 facile
2042 2575 2358 2650 perspiciet,
2391 2575 2645 2645 quisquis
2699 2574 2803 2629 hoc
2854 2573 3016 2628 modo
3049 2588 3170 2628 rem
3220 2586 3440 2627 mecum

1856 2667 2308 2723 consideraverit.
2338 2665 2633 2722 Catholicae
2658 2665 2917 2722 Ecclesia:
2935 2664 3092 2729 fides,
3122 2680 3243 2734 qua:
3267 2678 3441 2717 unum

1856 2759 2026 2816 Deum
2060 2762 2115 2818 in
2138 2759 2427 2823 Trinitale,
2454 2768 2509 2814 et
2537 2758 2861 2813 Trinitatem
2892 2758 2948 2811 in
2980 2756 3188 2811 unitate
3221 2770 3445 2811 venera-

1859 2861 1970 2915 tur,
2006 2854 2150 2907 inter
2176 2852 2460 2930 oppositos
2490 2866 2742 2906 errorum
2777 2851 3056 2919 scopulos,
3092 2858 3143 2904 et
3180 2847 3443 2917 multipli-

1858 2957 1952 2999 ces
1980 2942 2391 3000 mendaciorum
2416 2942 2695 3017 ambages,
2724 2940 2890 3011 regia:
2919 2940 3020 2994 via:
3040 2939 3234 3002 instar,
3264 2939 3444 2993 medio

172 3029 453 3125 interpres
477 3055 545 3110 ad
569 3029 796 3110 verbum
828 3053 1006 3109 reddit
1035 3072 1048 3107 :
1081 3029 1263 3123 Neque
1304 3052 1439 3106 duas
1471 3029 1756 3108 secundum
1783 3078 1826 3136 ο
1862 3035 1988 3089 loco
2013 3034 2240 3098 ίηοθάίιν
2269 3034 2519 3136 deﬂui“?
2547 3033 2675 3088 hinc
2708 3032 2838 3136 ίιξσθ
2872 3030 3216 3134 ίιηηιίηίξηιίίι
3266 3029 3443 3136 1133:8-

176 3145 509 3215 uypostasim
534 3154 761 3199 naturas
791 3160 954 3198 unam
993 3161 1109 3199 esse
1131 3143 1412 3198 declarans
1443 3159 1461 3197 :
1486 3144 1582 3200 sed
1610 3145 1757 3215 quod

173 3234 375 3301 Filius,
400 3238 596 3309 inquit,
622 3240 864 3311 perfecte
884 3247 1167 3312 paternam
1198 3222 1615 3294 similitudinem
1645 3253 1763 3295 ser-

178 3338 296 3386 vat.
347 3331 650 3398 Quaesitum
687 3350 717 3389 a
746 3351 835 3392 me
864 3335 965 3391 fuit
994 3334 1119 3405 quis
1158 3348 1355 3389 sensus
1387 3332 1604 3387 illorum
1639 3346 1763 3387 ver-

173 3428 375 3480 borum
411 3444 426 3480 :
461 3427 597 3481 Οὐδὲ
644 3427 742 3492 τὰς
787 3430 854 3500 τῇ
900 3428 1197 3482 ὑποστάσει
1238 3425 1332 3480 δύο
1377 3424 1570 3493 φύσεις
1631 3423 1761 3495 μίαν

172 3510 318 3572 εἶναι
347 3520 680 3591 σαφηνίζων,
715 3538 876 3592 neque
912 3520 1046 3575 duas
1105 3519 1389 3575 secundum
1428 3518 1758 3588 hypostasim

175 3619 433 3667 naturam
473 3628 635 3667 unum
661 3630 773 3668 esse
795 3612 1098 3668 declarans.
1155 3613 1293 3667 Cum
1346 3610 1493 3666 enim
1543 3610 1634 3666 hic
1665 3624 1762 3665 ne-

176 3717 454 3772 quaquam
481 3704 548 3759 de
570 3702 989 3769 lncarnationis,
1004 3705 1119 3760 sive
1137 3704 1447 3776 οἰκονομίας
1476 3704 1758 3777 mysterio,

174 3794 233 3844 et
261 3790 605 3862 hypostatica
652 3791 815 3848 Verbi
845 3794 1139 3865 carnisque
1172 3795 1376 3849 unione
1413 3804 1637 3865 agatur;
1665 3793 1760 3850 sed

178 3879 249 3936 ad
282 3881 653 3937 sanctissima:
683 3881 972 3940 Trinitatis
1020 3883 1369 3954 mysterium,
1411 3885 1527 3940 sive
1549 3884 1617 3940 ad
1646 3884 1763 3940 θεο-

179 3972 371 4041 λογίαν
406 3973 562 4029 locus
588 3974 876 4045 pertineat,
909 3977 1201 4033 manifeste
1253 3977 1392 4033 duas
1419 3976 1665 4032 diversas
1709 3985 1764 4032 et

180 4061 479 4119 distinctas
516 4063 695 4121 Patris
727 4074 783 4122 ‘et
838 4065 963 4121 Filii
992 4075 1220 4125 naturas
1249 4083 1454 4139 ponere
1489 4066 1703 4122 videtur
1745 4086 1756 4121 :

181 4153 332 4225 quod
360 4155 590 4226 impium
617 4157 733 4211 Arii
772 4157 969 4229 dogma
1001 4165 1139 4221 erat,
1199 4160 1289 4213 cui
1323 4157 1623 4218 refellendo
1647 4164 1761 4213 tota

182 4249 301 4304 haec
330 4250 563 4320 epistola
599 4250 853 4320 opposita
886 4257 992 4306 est.
1021 4249 1161 4317 Quid
1196 4250 1402 4320 igitur?
1454 4265 1584 4304 num
1624 4247 1763 4304 forte

180 4340 359 4395 ἄλλων
392 4341 578 4413 ἰητρὸς
603 4342 765 4406 αὐτὸς
784 4340 968 4396 ἕλκεσι
1001 4341 1189 4414 βρύει;
1226 4343 1321 4399 sed
1351 4342 1510 4406 absit,
1543 4348 1604 4396 ut
1635 4356 1763 4397 san-

1862 3143 1984 3189 sum
2014 3134 2283 3192 monstra,
2334 3142 2454 3196 qua:
2486 3126 2680 3180 insano
2710 3126 2950 3181 clamore
2992 3125 3273 3178 veritatem
3311 3124 3446 3177 alla-

1861 3227 2046 3273 trant:
2081 3228 2140 3274 ut
2167 3233 2343 3293 neque
2372 3233 2639 3292 personas
2669 3233 2795 3272 cum
2833 3214 3074 3271 Sabellio
3103 3213 3437 3279 confundat,

1860 3328 2038 3387 neque
2055 3327 2179 3366 cum
2204 3310 2335 3364 Ario
2363 3309 2730 3366 substantiam
2762 3317 3000 3381 separet.
3030 3305 3186 3362 Hanc
3212 3306 3445 3360 catholi-

1861 3421 1938 3462 ca:
1956 3405 2201 3461 veritatis
2230 3417 2559 3477 cynosuram
2577 3400 2950 3456 Alexandrum
2973 3414 3190 3472 quoque
3204 3397 3309 3452 hoc
3322 3399 3445 3453 loco

1863 3504 2111 3554 secutum
2132 3504 2370 3559 constat,
2395 3495 2489 3566 qui
2516 3493 2813 3564 propositis
2842 3490 3048 3547 Christi
3070 3489 3277 3555 verbis,
3303 3488 3444 3544 duos

1862 3589 1992 3644 hinc
2039 3587 2167 3643 inde
2213 3586 2552 3641 adulterinos
2607 3600 2803 3640 sensus
2857 3597 3168 3646 removens,
3219 3581 3446 3637 tertium

1861 3681 2060 3739 deinde
2090 3694 2281 3735 verum
2311 3685 2365 3733 et
2396 3676 2694 3749 genuinum
2731 3674 3034 3747 subjungit.
3063 3672 3198 3743 Ego,
3242 3671 3442 3742 inquit,

1861 3784 1910 3833 et
1932 3774 2093 3828 Pater
2118 3789 2280 3833 unum
2298 3787 2503 3835 sumus,
2528 3784 2634 3823 non
2663 3775 2723 3822 ut
2739 3783 2798 3823 se
2818 3766 3034 3821 Patrem
3065 3781 3187 3822 esse
3206 3764 3447 3820 afﬁrma-

1862 3872 1967 3921 ret.
1999 3877 2108 3933 quo
2140 3874 2495 3933 personarum
2519 3855 2922 3921 confusionem,
2940 3862 2993 3908 et
3018 3850 3237 3911 Sabellii
3256 3850 3448 3904 υἱοπά-

1862 3973 1993 4027 τορσι
2026 3954 2187 4029 tollit.
2227 3951 2414 4021 Neque
2443 3957 2503 4005 ut
2532 3946 2969 4006 substantialiter
3016 3943 3162 3999 duas.
3192 3950 3444 4005 naturas,

1863 4064 1983 4120 quae
2009 4054 2093 4106 est
2122 4061 2248 4110 una,
2279 4043 2583 4099 declararet
2624 4059 2639 4098 :
2675 4040 2781 4095 hoc
2810 4047 2918 4105 est,
2950 4053 3061 4093 non
3103 4043 3162 4091 ut
3193 4050 3359 4090 unam
3381 4049 3447 4090 ac

1864 4138 2331 4211 simplicissimam
2359 4134 2543 4190 Patris
2572 4133 2807 4204 Filiique
2827 4139 3080 4187 naturam
3112 4130 3170 4184 in
3200 4129 3340 4184 duas
3363 4127 3448 4182 dio

1863 4234 2071 4292 videret
2103 4246 2253 4305 :quo
2306 4227 2626 4291 substantiae
2670 4225 3073 4298 separationem
3103 4224 3173 4277 ab
3200 4221 3333 4276 Ario
3360 4221 3447 4275 in-

1866 4326 2176 4388 troductam
2206 4332 2468 4381 removet.
2493 4318 2760 4383 Tandem,
2792 4317 3025 4375 sublatis
3055 4312 3327 4373 bincinde
3355 4326 3447 4368 er-

184 4390 351 4395 w-_-
606 4390 763 4406 η--.
1227 4390 1321 4399 --ρ
1352 4390 1510 4406 -----,
1549 4390 1602 4396 --
1635 4390 1734 4397 η-

182 4433 500 4490 ctissimum
548 4434 729 4488 virum
766 4390 1083 4504 hujusmddi
1115 4435 1237 4490 labe
1287 4449 1576 4505 aspergere
1607 4435 1763 4505 quis-
1796 4420 1843 4479 Β
1866 4435 2052 4476 mrum
2082 4415 2367 4482 extremis.
2401 4413 2727 4480 catholicam
2758 4409 2880 4505 eius
2906 4408 3013 4463 loci
3044 4413 3281 4505 mentem
3309 4390 3447 4505 sub:

182 4542 353 4596 quam
407 4534 637 4582 conetur
672 4522 842 4582 lMihi
904 4541 1035 4582 vero
1075 4526 1181 4582 loci
1210 4526 1376 4596 hujus
1436 4526 1782 4593 sententiam

184 4620 374 4673 animo
397 4619 641 4673 versanti
700 4617 822 4674 duae
865 4618 1231 4675 occurrebant
1259 4621 1524 4685 rationes,
1559 4620 1762 4691 quibus

185 4711 234 4769 si
268 4728 384 4768 non
407 4710 694 4782 explicari,
740 4712 932 4767 saltem
952 4713 1206 4768 excusari
1261 4728 1423 4783 posse
1450 4714 1759 4769 videbatur.

185 4800 461 4859 Videlicet
513 4807 817 4865 auctorem,
848 4808 911 4856 ut
941 4800 1273 4856 Arianorum
1326 4803 1655 4857 sententiam
1684 4818 1764 4858 re-

187 4894 363 4957 fellat,
391 4892 639 4963 ipsorum
663 4892 769 4948 sibi
796 4907 961 4949 voces
989 4908 1055 4949 ac
1110 4893 1376 4949 formulas
1403 4894 1624 4949 mutari.
1666 4893 1765 4948 Vel

185 4986 236 5043 si
256 5000 363 5042 suo
382 5000 570 5049 sensu,
589 4984 813 5054 suisque
828 4984 1012 5040 verbis
1038 4986 1282 5042 locutum
1309 4987 1562 5050 velimus,
1579 4986 1763 5056 φύσιν,

185 5077 307 5132 sive
337 5083 588 5132 naturam
610 5088 712 5144 pro
739 5075 1034 5135 ὑποστάσει
1078 5079 1355 5148 accepisse
1388 5096 1401 5131 :
1448 5077 1595 5148 quod
1622 5077 1765 5133 forte

184 5166 699 5237 antiquissimorum
727 5172 1011 5222 auctorum
1035 5168 1298 5239 exemplis
1318 5183 1429 5223 non
1453 5175 1620 5223 caret.
1656 5167 1764 5224 Sed

185 5259 318 5312 dum
350 5257 600 5326 pressius
619 5257 850 5340 .singula
898 5260 1167 5329 expendo,
1193 5267 1446 5319 neutrum
1488 5259 1622 5313 mihi
1655 5259 1764 5314 loci

185 5362 388 5404 sensus
418 5347 706 5403 admittere
732 5349 965 5405 videtur.
992 5350 1237 5407 Primum
1286 5352 1430 5408 enim
1478 5352 1616 5416 suis,
1650 5367 1761 5408 non

186 5440 522 5495 Arianorum
539 5440 741 5508 verbis,
768 5458 892 5498 eum
914 5444 1063 5515 loqui
1102 5443 1610 5501 manifestissimum
1651 5453 1757 5500 est.

183 5526 394 5588 Deinde
455 5535 735 5600 utcunque
775 5535 1020 5604 exempla
1070 5535 1194 5606 quis
1230 5533 1475 5607 proferat
1520 5535 1757 5606 φύσεως,

184 5621 299 5677 sive
341 5626 552 5671 natura:
581 5638 769 5680 vocem
798 5641 899 5697 pro
928 5627 1224 5682 ὑποστάσει
1271 5628 1564 5701 aliquando
1603 5643 1759 5685 acce-

288 5774 306 5810 ‘
326 5774 453 5832 Jac.
498 5792 538 5846 ι,
577 5777 661 5832 l7.

1862 4512 2007 4583 jicit,
2035 4508 2290 4565 videlicet
2321 4505 2519 4560 Filium
2549 4513 2747 4558 natura
2779 4500 2929 4554 Patri
2961 4515 3059 4570 per
3082 4497 3266 4553 omnia
3291 4496 3449 4551 simi-

1867 4606 1993 4669 lem,
2028 4609 2084 4657 et
2110 4598 2435 4655 invariatam
2458 4595 2640 4651 Patris
2688 4594 2979 4665 imaginem
3010 4605 3133 4646 esse
3162 4608 3177 4644 :
3210 4604 3320 4659 quo
3353 4588 3447 4643 ille

1864 4704 1919 4753 et
1972 4710 2136 4752 unam
2194 4691 2549 4761 eamdemque
2603 4687 2782 4749 Patris
2808 4693 2863 4742 et
2893 4682 3015 4738 Filii
3063 4689 3337 4746 naturam,
3389 4689 3445 4736 et

1867 4790 2161 4846 distinctas
2186 4785 2460 4858 prototypi
2483 4789 2537 4838 et
2564 4780 2818 4852 imaginis
2844 4778 3170 4851 hypostases
3214 4774 3446 4833 conﬁte-

1868 4893 1978 4940 tur.
2004 4881 2112 4939 Sed
2141 4881 2230 4935 hic
2259 4878 2392 4933 mihi
2420 4890 2607 4931 aurem
2637 4874 2762 4945 quis
2798 4872 3040 4936 vellicet,
3070 4880 3126 4925 et
3171 4869 3301 4942 quid
3349 4868 3446 4923 δύο

1869 4980 1936 5049 τῇ
1971 4975 2270 5035 ὑποστάσει
2326 4970 2519 5041 φύσεις
2570 4967 2674 5025 sibi
2736 4966 2926 5031 velint,
2977 4962 3123 5018 haud
3175 4961 3449 5017 immerito

1866 5075 2245 5142 quaerat,cum
2274 5064 2419 5136 apud
2470 5069 2700 5117 caeteros
2742 5058 3003 5114 Ecclesiae
3052 5056 3244 5112 Patres
3301 5054 3447 5110 haud

1870 5163 2029 5220 facile
2053 5157 2371 5230 hujusmodi
2396 5152 2657 5226 loquendi
2686 5151 2910 5211 modum
2941 5151 3016 5206 sit
3051 5148 3313 5220 reperire.
3341 5147 3449 5204 Sed

1869 5272 1981 5312 non
2003 5268 2114 5309 uno
2139 5251 2304 5322 hujus
2329 5246 2571 5319 epistolae
2599 5245 2721 5300 loco
2748 5241 2960 5298 ostendi
2981 5249 3161 5312 potest
3212 5240 3451 5294 ὑποστά-

1871 5363 2007 5410 σεως
2033 5341 2354 5399 vocabulum
2377 5353 2488 5393 non
2508 5342 2618 5392 tam
2646 5332 2986 5389 individuum
3015 5347 3110 5387 seu
3131 5330 3448 5386 distinctum

1867 5436 2246 5510 personalihus
2266 5428 2688 5503 proprietatibus
2723 5426 3053 5495 subjectum,
3079 5424 3166 5479 vel
3188 5439 3452 5499 persona-

1865 5531 1973 5590 lem
2020 5523 2429 5585 subsistentiam
2470 5520 2683 5575 auctori
2719 5527 2909 5574 nostro
2929 5515 3259 5588 significare,
3285 5530 3448 5589 quam

1866 5623 2087 5680 modum
2113 5614 2469 5684 subsistendi,
2499 5630 2657 5685 quem
2691 5610 2939 5669 Justinus
2969 5609 3195 5681 Martyr,
3253 5608 3453 5679 aliique
