3850 6160
460 300 565 355 543

1520 301 1579 356 S.
1623 300 2043 357 ALEXANDER
2078 303 2631 361 ALEXANDBINUS.

3598 288 3707 364 sn

455 407 631 469 Graeci
655 411 888 484 theologi
910 413 999 466 τὸν
1029 413 1228 485 τρόπον
1247 414 1343 485 τῆς
1374 414 1680 485 ὑπάρξεως,
1729 417 1815 471 vel
1866 417 2029 471 etiam

2133 427 2342 490 terpres
2376 418 2580 474 recedit
2613 437 2626 473 :
2672 416 2945 489 Tanquam
2991 434 3082 487 per
3125 394 3315 488 ipsum,
3345 416 3482 473 velut
3509 419 3708 474 imma-

459 503 803 573 simpliciter,
842 504 940 574 τὴν
997 502 1227 576 ὓπαρξιν
1280 506 1577 575 appellant.
1631 506 1709 561 Ita
1767 508 2030 565 Joannem

456 594 850 665 evangelistam
898 596 1167 650 dicentem
1201 615 1214 651 :
1244 596 1308 650 In
1344 598 1601 667 principio
1633 609 1747 653 erat
1782 600 2028 665 Verbum.

458 695 514 742 et
577 687 755 739 omnia
815 703 907 756 per
960 688 1129 755 ipsum
1179 688 1326 757 facta
1374 700 1517 754 sunt,
1564 691 1659 763 τὴν
1733 694 2032 767 ἰδιότροπον

460 782 627 836 αὑτοῦ
660 782 975 848 ὑπόστασιν,
999 783 1280 852 proprium
1324 782 1445 853 ejus
1496 787 1863 843 subsistentia:
1920 805 2034 846 mo-

459 872 612 936 dum,
639 876 772 941 sive,
799 884 855 928 ut
880 873 1215 943 Epiphanius
1237 878 1420 941 vertit,
1449 880 1725 947 propriam
1754 880 1874 947 ejus
1902 882 2035 937 sub-

461 965 718 1019 stantiam
761 965 1075 1034 designasse
1098 965 1174 1018 ait
1216 984 1228 1018 :
1276 965 1454 1034 ipsum
1502 968 1711 1022 scilicet
1769 967 2031 1034 Verbum,

458 1070 558 1127 per
582 1057 725 1127 quod
752 1056 890 1110 facta
920 1065 1046 1109 sunt
1078 1058 1285 1121 omnia,
1310 1057 1481 1112 fuisse
1500 1067 1625 1113 ante
1637 1061 1818 1114 omnia
1841 1069 2033 1118 etesse

459 1148 577 1204 sive
604 1148 904 1204 subsistere
943 1146 1220 1202 diversum
1252 1148 1382 1219 quid
1432 1164 1463 1203 a
1497 1150 1710 1206 czeteris
1736 1154 2029 1208 omnibus:

457 1253 622 1309 quam
655 1239 745 1292 ille
792 1238 1093 1307 signanter,
1146 1238 1446 1312 ἰδιότροπον
1499 1240 1793 1295 ὑπόστασιν
1851 1249 2030 1295 vocat.

457 1330 668 1398 Quibus
718 1331 879 1400 paulo
939 1339 1061 1399 post
1117 1330 1420 1401 subjungit,
1467 1332 1728 1386 mundum
1768 1347 1831 1387 ex
1862 1333 2033 1387 nihilo
2074 1359 2078 1364 -

456 1417 816 1490 productum,
869 1418 1140 1490 νεωτέραν
1180 1417 1324 1487 ἔχειν
1385 1419 1486 1489 τῆς
1531 1419 1878 1484 ὑποστάσεως
1942 1421 2035 1475 καὶ

455 1510 767 1584 πρόσφατον
797 1511 1029 1580 γένεσιν,
1069 1512 1410 1565 recentiorem
1452 1512 1698 1566 habuisse
1734 1516 2033 1583 generatio-

458 1620 598 1668 nem,
625 1605 760 1668 sive,
791 1611 851 1657 ut
874 1602 1211 1672 Epiphanius
1238 1606 1305 1658 ad
1350 1604 1575 1658 verbum
1605 1603 1804 1670 reddit,
1860 1605 2035 1660 novel-

457 1693 566 1749 lam
582 1694 771 1749 habere
795 1695 1106 1750 substantia:
1135 1705 1488 1768 recentemque
1542 1696 1889 1750 nativitatem.
1930 1695 2031 1752 Ubi

454 1787 591 1841 nihil
624 1786 769 1841 aliud
800 1787 1154 1851 ὑποστάσεως
1183 1804 1315 1843 voce
1364 1789 1589 1859 intelligi
1638 1798 1839 1859 potest,
1867 1805 2031 1859 quam

456 1879 577 1950 ipsa
616 1878 850 1951 ὑπαρξις
871 1889 925 1935 et
955 1883 1295 1937 exsistentia.
1327 1879 1480 1936 Unde
1534 1897 1697 1952 quam
1743 1881 1905 1936 modo
1933 1881 2032 1953 τῆς

456 1971 808 2033 ὑποστάσεως
838 1970 1073 2038 γένεσιν,
1096 1972 1492 2038 productionem
1546 1973 1614 2025 ad
1672 1972 2033 2026 exsistendum

456 2062 617 2127 dixit,
642 2078 769 2117 mox
799 2063 1165 2134 azquipollenti
1200 2065 1465 2118 vocabulo
1492 2064 1747 2118 οὑσίωσιν
1775 2064 2029 2134 appellat.

458 2150 525 2206 Et
556 2154 747 2224 paucis
782 2153 1087 2224 interjectis
1146 2154 1266 2209 Filii
1327 2156 1592 2226 unigeniti
1645 2157 2033 2228 ἀνεκδιήγητον

457 2243 753 2300 ὑπόστασιν
783 2254 979 2314 vocat;
1015 2246 1084 2302 de
1107 2262 1213 2316 qua
1247 2247 1486 2318 Spiritus
1542 2257 1767 2305 sanctus
1798 2250 2032 2321 prophe-

456 2336 568 2392 tico
594 2338 817 2394 oraculo
864 2338 1075 2393 dixerat
1110 2358 1123 2392 τ
1154 2339 1265 2411 Τὴν
1318 2340 1513 2409 γενεὰν
1559 2341 1721 2394 αὑτοῦ
1779 2342 1860 2404 τίς
1914 2340 2033 2411 διη-

454 2425 718 2500 ﬁderat;
775 2424 1174 2483 Generationem
1224 2431 1337 2499 ejus
1391 2432 1509 2502 quis
1561 2431 1872 2488 euarrabit?
1931 2431 2032 2487 libi

456 2519 752 2573 ὑπόστασιν
785 2527 839 2573 et
861 2520 1052 2588 γενεάν
1088 2523 1400 2589 promiscue
1424 2535 1523 2592 pro
1571 2537 1683 2575 uno
1733 2523 2033 2593 eodemque

457 2609 588 2682 poni
619 2610 745 2681 quis
774 2626 885 2665 non
910 2610 1092 2665 videt?
1112 2611 1243 2678 Quir
1273 2612 1399 2667 licet
1421 2613 1476 2666 in
1502 2612 1706 2668 divinis
1745 2614 1856 2667 sint
1884 2614 2023 2668 inse-

457 2702 748 2773 parabilia,
781 2702 836 2756 in
866 2706 1079 2758 caeteris
1113 2713 1293 2758 tamen
1325 2707 1573 2776 γενητοῖς
1614 2704 1796 2773 γενεά,
1827 2707 1912 2759 via
1963 2705 2031 2771 τῇ

457 2790 758 2847 ὑπόστασιν
785 2807 908 2847 esse
940 2792 1175 2847 videtur.
1199 2791 1404 2849 Verum
1427 2804 1482 2849 et
1517 2795 1649 2849 illud
1677 2811 1745 2850 ex
1777 2796 1913 2851 locis
1945 2796 2035 2849 ba-

457 2892 655 2940 ctenus
689 2900 720 2939 a
766 2901 853 2940 me
882 2886 1165 2955 productis
1223 2902 1320 2943 vos
1372 2888 1718 2958 perspexisse
1770 2888 2027 2949 arbitror,

460 2974 823 3046 Epiphanium
847 2984 1083 3031 veterem
1122 2979 1492 3048 interpretem,
1538 2979 1740 3048 ubique
1797 2978 2033 3032 ὑποστά-

2132 511 2370 564 culatum
2393 519 2443 563 et
2467 508 2697 562 animale
2726 509 2992 578 speculum
3021 509 3213 564 diuina:
3261 508 3506 579 imaginis
3538 508 3709 564 Pater

2131 602 2533 672 conspiceretur.
2586 600 2710 656 Haec
2760 603 3103 672 interpretes.
3137 599 3379 668 Quorum
3425 603 3708 657 neminem

2134 693 2377 747 auctoris
2422 699 2659 748 mentem
2690 701 3005 762 penetrasse
3030 692 3391 762 praeﬁdentem
3445 693 3543 748 sed
3577 708 3711 748 vere

2133 782 2510 838 atIirmaverim
2541 804 2552 838 :
2583 800 2705 838 cum
2737 784 3069 855 transposita
3090 785 3372 839 distinctio
3414 786 3709 856 glaucoma

2133 874 2270 944 ipsis
2307 873 2581 929 olfuderit.
2619 872 2724 929 Sed
2758 890 2882 929 eum
2911 890 2977 930 ex
3010 873 3116 929 levi
3157 875 3363 931 erroris
3411 876 3711 931 occasione

2133 966 2352 1035 elegans
2380 965 2686 1020 disserendi
2716 967 2973 1020 materies
3006 980 3065 1020 se
3091 963 3307 1027 offerat,
3332 964 3464 1019 illud
3496 965 3710 1036 princi-

2135 1059 2225 1125 pio
2251 1057 2578 1119 monuerim,
2607 1056 3063 1125 quemadmodum
3092 1056 3486 1111 nobilissimam
3513 1055 3710 1111 Corin-

2134 1145 2233 1198 thii
2265 1146 2390 1199 aeris
2420 1147 2727 1209 misturam,
2758 1160 2825 1200 ex
2848 1146 2967 1199 auri
2998 1145 3334 1216 aliorumque
3361 1145 3707 1201 metallorum

2135 1237 2521 1307 colliquatione
2547 1246 2761 1292 enatam
2792 1244 3003 1293 veteres
3035 1237 3321 1307 prodidere
3353 1255 3367 1290 :
3400 1237 3474 1291 ita
3499 1252 3570 1292 ex
3606 1251 3704 1290 va-

2135 1329 2235 1385 riis
2265 1328 2574 1383 divinorum
2603 1327 2945 1396 elo-,uiorum
2978 1327 3227 1384 conﬂatis
3252 1328 3392 1381 inter
3411 1342 3471 1383 se
3485 1334 3542 1381 et
3573 1342 3707 1381 con-

2134 1421 2431 1476 tessellatis
2463 1421 2622 1485 locis,
2674 1431 2929 1491 tanquam
2959 1436 3025 1476 ex
3055 1436 3190 1475 auro
3219 1420 3448 1490 probato
3476 1420 3703 1490 septies.

2136 1513 2562 1584 pulcherrimum
2590 1513 2741 1568 illum
2766 1520 2821 1569 et
2850 1528 2976 1569 vere
2998 1528 3221 1568 aureum
3250 1521 3566 1567 sanctorum
3602 1511 3705 1567 Pa-

2135 1612 2281 1658 trum
2306 1603 2562 1674 loquendi
2592 1604 2969 1658 characterem
3001 1604 3285 1659 exsistere.
3319 1601 3492 1669 Quem
3520 1605 3617 1673 qui
3650 1604 3704 1658 in

2137 1710 2319 1750 rerum
2342 1709 2620 1751 sacrarum
2647 1694 2970 1748 tractatione
3001 1693 3299 1764 negligunt,
3332 1694 3408 1747 illi
3459 1696 3703 1763 plerum-

2135 1803 2240 1857 que
2258 1787 2709 1859 persuasihilibus
2725 1786 2977 1840 humana:
2989 1786 3269 1855 sapientiae
3285 1786 3461 1840 verbis
3479 1785 3702 1857 turgidi,

2134 1879 2454 1934 ostensione
2475 1885 2654 1933 autem
2709 1876 2937 1948 spiritus
2975 1884 3029 1930 et
3056 1875 3276 1931 virtutis
3322 1876 3594 1937 destituti,
3630 1891 3708 1933 aes

2133 1986 2355 2031 sonans.
2375 1979 2433 2024 ut
2447 1969 2689 2040 Apostoli
2708 1968 2887 2024 verbis
2901 1972 3041 2030 utar,
3054 1977 3107 2022 et
3121 1967 3424 2038 cymbalum
3437 1968 3705 2023 tinniens‘

2131 2063 2387 2120 evadunt.
2425 2062 2555 2117 Mihi
2612 2069 2793 2117 autem
2839 2062 2983 2116 inter
3019 2068 3214 2115 caetera
3243 2069 3560 2115 sant-torum
3604 2058 3706 2113 Pa-

2132 2162 2275 2209 trum
2311 2162 2681 2220 monumenta,
2712 2168 2833 2223 qua:
2855 2168 2999 2207 nunc
3030 2151 3098 2206 ad
3128 2167 3346 2206 manum
3403 2160 3534 2208 sunt
3580 2153 3705 2206 Ale-

2132 2247 2325 2302 xandri
2356 2247 2600 2315 epistolae
2622 2246 3045 2316 pulcherrimam
3073 2244 3415 2299 vermiculati
3465 2244 3555 2299 vel
3588 2260 3706 2299 mu-

2132 2340 2233 2395 sivi
2265 2340 2446 2409 operis
2478 2339 2713 2407 speciem
2747 2337 2951 2393 referre
2979 2336 3255 2391 videntur.
3303 2336 3380 2390 ita
3426 2336 3704 2406 perpetuis

2132 2444 2304 2486 sacrae
2344 2428 2640 2501 Scriptura:
2681 2428 3024 2485 emblematis
3059 2428 3414 2483 interstincta:
3440 2429 3701 2483 relucent.

2131 2518 2287 2586 Quod
2315 2535 2426 2592 prie
2457 2520 2691 2584 caeteris,
2739 2518 2825 2574 vel
2882 2531 3028 2573 unus
3060 2517 3151 2573 hic
3199 2518 3352 2573 locus
3400 2519 3709 2574 luculenter

2130 2613 2392 2670 ostendit.
2423 2612 2559 2668 Cum
2603 2614 2748 2667 enim
2781 2610 3074 2683 Sapientiae
3124 2625 3246 2680 cap.
3290 2625 3390 2673 vn,
3424 2611 3575 2665 inter
3602 2611 3707 2665 alia

2132 2708 2413 2761 innumera
2443 2705 2637 2776 elogia,
2673 2703 2950 2774 Sapientia
2983 2701 3166 2755 divina
3197 2711 3419 2755 vocetur
3456 2701 3708 2770 ἀπαύγα-

2132 2814 2245 2864 σμα
2297 2797 2469 2866 φωτὸς
2528 2796 2719 2862 ἀῖδιου,
2779 2795 2873 2848 καὶ
2909 2793 3170 2864 ἔσοπτρον
3221 2793 3557 2863 ἀκηλίδωτον
3608 2795 3706 2866 τῆς

2129 2888 2221 2941 τοῦ
2278 2888 2410 2941 Θεοῦ
2469 2887 2767 2959 ἐνεργείας,
2831 2887 2926 2940 καὶ
2981 2884 3144 2938 εἰκὼν
3204 2886 3303 2955 τῆς
3369 2885 3705 2957 ἁγαθότητος

2130 2979 2293 3033 αὑτοῦ
2327 2997 2338 3009 ·
2366 2981 2468 3034 hoc
2505 2986 2608 3045 est,
2658 2978 2858 3032 candor
2903 2976 3038 3031 lucis
3081 2986 3321 3040 (εισι-πω,
3350 2986 3401 3031 et
3433 2979 3705 3045 speculum

465 3083 605 3131 σεως
633 3082 841 3131 vocem,
874 3084 982 3121 non
1008 3069 1421 3123 Subsistentiam
1452 3086 1518 3124 ex
1546 3078 1762 3139 recepta
1810 3081 2031 3124 sancto-
2062 3103 2103 3161 Ο
2135 3074 2247 3161 sine
2268 3073 2477 3126 macula
2515 3071 2606 3125 Dei
2636 3070 2953 3139 majestatis,
2978 3079 3026 3123 et
3049 3071 3220 3140 imago
3244 3067 3498 3123 bonitatis
3532 3069 3700 3135 illius,

462 3172 583 3211 rum
614 3156 830 3211 Patrum
864 3166 918 3211 et
956 3157 1167 3213 Scholte
1207 3160 1625 3225 consuetudine,
1660 3160 1755 3214 sed
1778 3161 2035 3214 substan-

460 3245 592 3299 tiam
622 3261 746 3299 cum
777 3246 993 3317 vulgato
1038 3247 1335 3304 Bibliorum
1382 3251 1673 3319 interprete
1717 3251 2033 3307 reddidisse.

462 3333 618 3393 Unde
638 3344 691 3397 et
717 3338 817 3391 hoc
842 3338 979 3403 loco,
1003 3340 1100 3405 τὰς
1123 3343 1190 3411 τῇ
1220 3342 1514 3396 ὑποστάσει
1536 3341 1626 3394 δύο
1650 3342 1858 3411 φύσεις,
1884 3343 2036 3396 subs-

460 3429 758 3493 tatttiaﬁter
777 3428 913 3483 duas
934 3440 1152 3486 naturas
1172 3434 1365 3500 vertit;
1391 3433 1493 3487 hoc
1517 3443 1599 3488 est
1627 3450 1857 3503 quarum
1887 3442 2036 3488 utra-

461 3534 568 3589 que
597 3517 867 3573 diversam
898 3521 1261 3577 substantiam
1292 3523 1406 3579 sive
1436 3523 1773 3579 subsistendi
1814 3524 2034 3579 modum

460 3608 678 3666 habeat.
1672 3616 1677 3625 ·

535 3699 715 3772 Atque
743 3707 859 3761 haec
891 3705 1109 3776 quidem
1144 3704 1210 3760 ad
1230 3703 1521 3769 ditiicilem,
1548 3714 1601 3760 et
1627 3721 1750 3760 vere
1773 3703 2034 3760 Gordium

461 3791 629 3861 hujus
649 3799 891 3867 epistola:
922 3798 1147 3861 nodum,
1178 3798 1261 3853 vel
1293 3798 1635 3861 solvendum,
1665 3797 1749 3852 vel
1785 3797 2037 3853 scinden-

462 3881 594 3937 dum
627 3888 802 3942 attuli.
824 3888 954 3953 Quzc
977 3905 1075 3957 ego
1102 3889 1408 3943 doctiorum
1449 3888 1656 3958 judicio
1679 3888 1878 3943 lubens
1912 3889 2039 3944 sub-

464 3975 640 4030 mitto.
668 3975 740 4032 De
766 3996 874 4048 quo
897 3980 1017 4034 loco
1051 3982 1096 4036 si
1118 3981 1241 4050 quis
1271 3980 1505 4035 certiora
1541 3996 1626 4035 me
1652 3977 1921 4044 docuerit,
1954 3995 2037 4034 nae

465 4063 558 4120 ille
585 4082 834 4139 magnam
859 4071 961 4127 sibi
992 4072 1182 4143 gratiae
1209 4069 1514 4126 mercedem
1540 4069 1678 4140 apud
1702 4086 1787 4126 me
1819 4086 2037 4141 prome—

465 4159 659 4213 ruerit.

538 4247 615 4304 Ex
655 4252 915 4322 praedicto
954 4253 1076 4323 divi,
1099 4253 1327 4308 Joannis
1371 4254 1490 4309 loco
1537 4256 1873 4326 probaturus
1912 4252 2037 4308 Ale-

462 4341 671 4398 xander
696 4342 892 4397 Filium
922 4343 1015 4399 Dei
1053 4359 1147 4413 per
1183 4344 1367 4398 omnia
1406 4346 1712 4415 exprimere
1744 4354 1797 4399 et
1832 4342 2035 4399 referre

2137 3147 2260 3233 quis
2282 3181 2387 3218 non
2418 3164 2561 3218 videt
2581 3163 2691 3217 divi
2731 3162 2885 3216 Pauli
2911 3163 3157 3232 exemplo
3181 3164 3360 3216 locum
3397 3161 3549 3217 hunc
3582 3163 3704 3217 inde

2136 3254 2276 3310 vivis
2331 3254 2606 3308 coloribus
2665 3252 3084 3307 adumbratam?
3129 3251 3299 3320 Cujus
3370 3267 3473 3323 ego
3538 3254 3703 3308 ductu

2136 3356 2189 3402 et
2216 3347 2497 3417 auspiciis,
2517 3346 2624 3400 duo
2648 3345 2734 3398 illa
2751 3345 2982 3414 epitheta
3016 3344 3221 3413 speculi
3252 3342 3589 3413 ἁκηλιδώτου
3611 3345 3703 3399 καὶ

2137 3436 2403 3508 ἐμψύχου,
2433 3437 2574 3491 male
2598 3436 2665 3490 ab
2712 3435 3103 3504 interpretibus
3161 3436 3460 3503 conjuncta
3509 3434 3703 3489 distin-

2137 3529 2317 3583 ctione
2341 3528 2661 3597 interposita
2689 3526 2970 3582 diviserim
2996 3543 3011 3580 :
3042 3533 3095 3580 et
3146 3527 3419 3596 posterius
3454 3527 3524 3581 ad
3568 3527 3704 3582 divi-

2136 3635 2261 3674 nam
2293 3620 2580 3689 imaginem
2604 3618 2915 3673 retulerim:
2951 3616 3161 3689 Ὠσπερ
3185 3617 3251 3671 δι’
3279 3619 3544 3689 ἐσόπτρου
3572 3621 3703 3687 ἀκη-

2136 3710 2379 3774 λιδώτου,
2415 3711 2509 3763 καὶ
2541 3709 2784 3781 ἐμψύχου
2832 3707 2981 3771 θείας
3027 3708 3231 3771 εἰκόνος
3263 3708 3427 3761 αὑτοῦ
3472 3707 3705 3780 θεωρου-

2140 3805 2303 3875 μένου
2323 3804 2416 3857 τοῦ
2441 3803 2671 3874 Πατρός·
2707 3801 2971 3867 Quoniam
3004 3816 3096 3870 per
3138 3802 3309 3869 ipsum
3333 3809 3587 3870 tanquam
3619 3818 3705 3869 per

2137 3895 2404 3965 speculum
2434 3894 2545 3947 sine
2564 3891 2796 3958 macula,
2819 3899 2869 3946 et
2898 3908 3074 3950 veram
3101 3893 3207 3944 sive
3229 3891 3527 3944 auimatam
3572 3891 3701 3944 diri-

2137 4004 2261 4042 uam
2287 3986 2571 4056 imaginem
2594 3985 2703 4053 ipse
2733 3985 2894 4038 etiam
2926 3982 3090 4037 Pater
3117 3983 3458 4051 conspicitur.
3492 3981 3700 4037 Etenim

2136 4095 2261 4135 cum
2293 4079 2584 4148 Apostolus
2609 4076 2676 4130 ad
2699 4076 2915 4131 Coloss.
2939 4090 2978 4137 ι,
3004 4089 3149 4130 vers.
3174 4074 3262 4136 l5,
3305 4071 3501 4127 Filium
3524 4075 3702 4127 εἰκόνα

2134 4168 2230 4224 τοῦ
2261 4168 2797 4241 ἀοράτουῄηιαῃὶηεηι
2829 4165 2928 4219 Dei
2964 4164 3240 4218 invisibilis
3277 4164 3625 4233 appellasset,
3652 4174 3700 4217 ct

2135 4264 2301 4318 Arius
2328 4261 2571 4331 improbe
2592 4259 2657 4313 ad
2688 4256 3074 4313 stabiliendum
3134 4270 3376 4310 errorem
3416 4271 3581 4310 suum
3638 4270 3700 4310 eo

2139 4355 2260 4409 loco
2294 4354 2626 4417 abuteretur,
2656 4347 2889 4420 eleganti
2913 4361 3047 4401 sane
3068 4345 3330 4415 adjuncto
3363 4358 3558 4401 noster
3607 4360 3700 4398 au-

463 4430 640 4489 Patris
670 4442 943 4496 naturam,
974 4434 1202 4504 ejusque
1234 4435 1673 4506 ἀπαράλλακτον,
1713 4437 1843 4491 sine“
1881 4436 2031 4490 inva-

2137 4454 2255 4501 ctor
2307 4444 2569 4515 ἔμψυχον,
2614 4442 2730 4496 sive
2771 4440 3064 4492 animatam
3110 4437 3400 4507 imaginem
3453 4436 3697 4491 eumdem

462 4527 657 4583 riatam
687 4529 976 4601 imaginem
1026 4530 1302 4598 exhibere,
1350 4531 1523 4601 ipsius
1572 4533 1772 4588 Christi
1817 4532 2033 4587 Domini

463 4619 645 4675 verbis
675 4637 742 4675 ex
773 4624 961 4678 eodem
990 4625 1319 4695 evangelista
1348 4625 1400 4678 id
1423 4623 1728 4688 conﬁrmat,
1762 4622 1866 4688 Qui
1896 4623 2032 4677 videt

462 4727 565 4775 me,
596 4712 730 4768 uidet
756 4725 805 4768 et
845 4713 1080 4781 Patrem,
1125 4725 1178 4772 et
1218 4717 1538 4787 subjungit:
1576 4717 1787 4788 ’Ὥσπερ
1822 4714 1890 4767 δι’
1915 4715 2031 4782 ⁸ἐστ

459 4799 664 4876 όπτρου
696 4805 1025 4877 ἁκηλιδώτου
1060 4807 1152 4861 καὶ
1175 4807 1437 4879 ἐμψύχου,
1465 4806 1613 4870 θείας
1637 4807 1842 4871 εἰκόνος
1862 4806 2025 4860 αὑτοῦ

460 4893 835 4969 (θεωρουμένου
885 4898 976 4952 τοῦ
1012 4899 1243 4971 Πατρός.
1282 4900 1716 4972 Quandoquidem
1744 4897 1908 4954 Pater
1935 4915 2028 4970 per

459 4989 632 5059 ipsum
669 4989 804 5043 velut
824 5006 915 5059 per
942 4991 1208 5060 speculum
1246 4994 1589 5062 purissimum
1639 4991 1877 5063 idemque
1906 4992 2017 5046 ani-

461 5089 685 5143 matum,
745 5080 799 5134 in
843 5099 944 5152 quo
996 5082 1092 5137 Dei
1140 5086 1450 5151 exprimitur
1507 5096 1558 5139 et
1620 5086 1785 5139 elucet
1828 5087 2026 5156 imago,

463 5171 739 5240 manifeste
769 5175 1001 5227 cernitur
1030 5192 1048 5229 :
1084 5177 1158 5229 ita
1202 5192 1397 5246 magno
1447 5177 1737 5231 verborum
1768 5185 2028 5247 apparatu

462 5263 734 5333 interpres
757 5274 943 5317 nost-r
971 5266 1193 5338 Anglus.
1220 5266 1316 5323 Vel
1348 5276 1404 5322 ut
1437 5268 1770 5339 Epiphanius
1802 5270 1869 5324 ad
1913 5284 2031 5324 ver-

461 5349 591 5407 bum
623 5368 637 5403 :
672 5352 945 5423 Tanquam
965 5371 1055 5423 per
1075 5359 1337 5425 specu'um
1372 5358 1482 5412 sine
1513 5359 1742 5424 macula,
1802 5369 1852 5413 et
1913 5361 2031 5412 ani-

463 5451 683 5506 matum,
714 5460 805 5512 per
849 5444 1079 5500 divinant
1111 5448 1221 5512 eius
1267 5451 1543 5520 imaginem
1592 5451 2032 5522 contemplaretur

464 5529 701 5587 Patrem.
726 5534 771 5585 Α
800 5535 998 5603 quibus
1054 5552 1153 5593 nec
1194 5537 1540 5598 Camerarius
1590 5540 1915 5599 Theodoreti
1947 5542 2031 5596 in-

537 5696 551 5723 ι
590 5689 620 5745 1
656 5684 777 5738 Cor.
820 5689 1014 5757 xtlt,i.

2138 4540 2394 4613 appellat,
2412 4545 2471 4590 ut
2491 4532 2900 4591 similitudinem
2935 4530 3391 4600 perfectissimam
3417 4530 3564 4585 inter
3597 4528 3698 4583 Pa-

2135 4645 2275 4692 trem
2309 4631 2615 4701 Filiumque
2648 4625 3152 4699 signiticantissima
3197 4637 3334 4679 voce
3375 4633 3570 4677 contra
3599 4624 3699 4677 ha—

2135 4730 2431 4785 reticorum
2459 4721 2688 4777 oﬂ‘ucias
2742 4725 2984 4781 tueatur,
3048 4724 3104 4772 et
3155 4713 3332 4779 ζῶντα
3381 4713 3558 4783 Λόγον
3599 4712 3698 4768 ἀπὸ

2126 4818 2324 4886 ζῶντος
2369 4811 2582 4884 Πατρδς
2604 4807 2873 4879 prodiisse
2911 4806 3124 4862 doceat.
3154 4804 3293 4860 Cum
3322 4805 3470 4860 enim
3506 4807 3697 4875 duplex

2128 4913 2201 4968 sit
2250 4909 2429 4977 imago
2462 4910 2521 4958 ut
2552 4899 3005 4958 scholasticorum
3045 4897 3440 4968 antesignanus
3482 4906 3635 4968 parte
3658 4913 3693 4961 ι,

2128 5021 2182 5075 q.
2213 5001 2303 5064 55,
2331 5006 2385 5054 et
2409 4996 2522 5066 jam
2550 4994 2678 5048 olim
2708 4990 3044 5063 Epiphanius
3077 4990 3133 5043 in
3167 4988 3564 5044 Anommorum
3595 4989 3696 5044 bae-

2128 5094 2260 5157 resi,
2291 5105 2411 5160 cap.
2447 5089 2502 5152 5,
2534 5086 2719 5141 docuit
2747 5103 2759 5139 :
2786 5084 2956 5138 altera
2988 5084 3045 5136 in
3092 5096 3152 5135 re
3193 5080 3443 5152 ejusdem
3468 5092 3691 5145 natura,

2133 5192 2192 5238 ut
2226 5184 2403 5251 imago
2429 5177 2593 5248 Regis
2644 5177 2700 5230 in
2737 5173 2909 5240 Filio;
2938 5175 3109 5228 altera
3152 5173 3207 5226 in
3246 5188 3306 5227 re
3342 5173 3575 5228 diversa:
3601 5188 3696 5227 na—

2130 5279 2265 5325 turae
2292 5282 2573 5340 expressa,
2605 5265 2784 5336 qualis
2813 5270 2897 5318 est
2939 5264 3116 5333 imago
3153 5262 3422 5332 principis
3448 5264 3506 5317 in
3536 5279 3693 5317 num-

2130 5376 2241 5423 mo,
2302 5360 2388 5414 vel
2437 5357 2644 5420 tabula,
2693 5363 2786 5409 aut
2842 5362 3041 5409 statua.
3102 5353 3247 5418 Sive,
3291 5363 3351 5407 ut
3408 5351 3692 5425 Epiphanii

2130 5449 2310 5504 verbis
2334 5455 2480 5511 utar,
2524 5447 2713 5509 altera,
2744 5444 2832 5498 διὰ
2863 5445 2964 5514 τῆς
2993 5445 3315 5516 γεννητικῆς
3346 5446 3692 5516 ὁμοουσιότη-

2132 5557 2241 5604 τος,
2274 5539 2441 5595 altera
2473 5536 2562 5592 διὰ
2590 5537 2894 5607 χρωμάτων
2916 5537 3262 5607 εἰκαζομένη,
3299 5539 3379 5590 vel
3412 5552 3510 5607 per
3537 5538 3691 5591 aliam
