3850 6160
130 294 234 343 545

1583 271 1886 329 ΝΟΤΙΤΙΛ.

3289 262 3397 323 546

129 414 517 473 quamcunque
582 398 870 453 materiam
949 394 1223 451 diversam
1252 433 1267 459 ,
1337 401 1394 449 et
1451 391 1719 464 ἁνομοού-

1831 366 2130 443 Alexander
2164 382 2363 440 Filium
2391 381 2486 440 Dei
2528 383 2772 455 ἔμψυχον
2818 383 2967 438 θείαν
3005 383 3188 435 εἰκόνα
3214 383 3402 454 appel-

131 511 243 547 σιον
290 505 591 563 expressa,
651 490 816 545 Arius
874 490 1105 561 ejusque
1157 494 1457 544 sectatores
1507 483 1708 538 Filium

127 584 310 640 Patris
363 584 659 655 imaginem
707 584 1001 655 posteriori
1057 580 1222 636 modo
1266 580 1604 640 intellexere,
1652 584 1713 631 ut

128 678 365 733 diversa
396 692 428 732 a
459 676 623 732 Patre
650 686 863 733 natura:
890 690 1016 732 eum
1044 689 1169 730 esse
1210 673 1543 729 evincerent.
1567 670 1712 739 Quin

129 788 241 827 uno
285 771 391 828 hoc
438 770 559 840 ipso
610 768 810 824 Filium
867 769 1135 824 minorem
1199 767 1363 821 Patre
1421 764 1714 820 ostendere

126 869 314 924 conati
347 875 495 931 sunt,
524 868 653 937 quia
683 866 860 923 Patris
891 867 1072 937 imago
1095 873 1343 920 vocatur.
1376 860 1453 917 ita
1489 861 1716 916 Marcel-

130 963 216 1017 lus
251 960 399 1032 apud
448 959 741 1015 Eusebium
773 958 912 1012 libro
945 974 985 1020 ι,
1017 973 1082 1013 ex
1124 956 1328 1011 Asterii
1358 962 1540 1009 mente
1566 952 1711 1007 aﬂir-

128 1062 265 1120 ntat,
298 1052 552 1106 τοσοῦτον
577 1052 671 1104 τὸν
691 1049 822 1104 Θεὸν
846 1049 941 1103 τοῦ
956 1050 1131 1118 Λόγου
1151 1048 1449 1119 διαφέρειν,
1473 1047 1596 1100 ὅσον
1622 1045 1714 1099 καὶ

127 1147 417 1218 ἅνθρωπος
443 1145 543 1216 τῆς
586 1141 781 1198 ἑαυτοῦ
824 1142 1031 1205 εἰκόνος
1075 1141 1353 1211 διαφέρειν
1389 1139 1570 1192 δοκεῖ·
1607 1139 1712 1192 hoc

130 1248 216 1295 est
253 1254 269 1289 :
308 1237 451 1291 Deus
481 1236 536 1289 in
571 1244 776 1288 tantum
822 1250 855 1287 a
908 1233 1073 1286 Verbo
1109 1247 1205 1286 suo
1244 1231 1459 1299 «li/ferre
1488 1229 1711 1291 ridetur,

130 1332 184 1384 in
216 1338 474 1401 quantum
500 1329 654 1382 homo
694 1326 760 1380 ab
809 1325 1041 1394 imagine
1078 1341 1197 1378 sua.
1230 1324 1377 1378 Idem
1424 1323 1713 1376 Marcellus

131 1424 463 1477 catholicam
529 1420 729 1476 Asterii
803 1418 1168 1474 assertionem
1235 1415 1541 1485 exagitans,
1606 1428 1714 1484 qua

134 1514 374 1570 Verbum
429 1513 751 1567 invariatam
820 1508 997 1564 Patris
1054 1508 1347 1578 imaginem
1404 1505 1716 1559 affirmave-

133 1616 238 1668 rat,
276 1607 466 1660 multis
520 1603 910 1667 debacchatur,
966 1615 1088 1671 quae
1129 1607 1186 1655 et
1227 1598 1370 1669 apud
1420 1596 1713 1652 Eusebium

134 1708 189 1754 et
235 1697 603 1768 Epiphanium
668 1694 866 1751 haeresi
925 1706 1078 1747 1.!er
1126 1706 1194 1746 ex
1256 1691 1459 1745 Acacio
1507 1689 1717 1743 haben-

133 1799 244 1845 tur.
289 1790 397 1845 Sed
442 1789 661 1844 fanatici
719 1785 955 1841 hominis
1008 1784 1203 1839 deliria
1259 1781 1538 1850 castigans
1577 1780 1718 1833 Aea-

134 1886 255 1940 eius
298 1902 313 1938 :
360 1901 379 1934 ι
426 1881 543 1948 Τυ,
586 1882 796 1951 inquit,
835 1878 927 1934 Dei
988 1878 1283 1947 imaginem
1337 1874 1513 1944 ἀζωΐᾳ
1564 1890 1715 1945 περι-

132 1975 376 2051 γράψας,
417 1975 554 2040 sive,
606 1973 713 2028 vita
749 1973 866 2035 ipsa
906 1969 1143 2039 privam.
1183 1981 1358 2036 neque
1404 1963 1713 2029 Dominutn,

139 2084 319 2139 neque
377 2066 548 2122 Deum
588 2080 713 2121 esse
755 2064 1044 2129 concedis;
1081 2061 1176 2118 sed
1220 2057 1552 2114 immobilem
1582 2054 1717 2109 dun-

136 2168 290 2217 taxat
320 2160 634 2230 imaginem,
676 2158 837 2212 οἱονεὶ
865 2156 1069 2226 ἄψυχον
1101 2151 1195 2207 καὶ
1221 2149 1416 2214 ἄζωον,
1446 2153 1507 2201 ιιι
1532 2145 1717 2199 anima

135 2258 361 2324 vitaque
392 2252 707 2309 destitutam
750 2271 764 2306 :
796 2250 1032 2304 viventis
1078 2253 1260 2301 autem
1292 2242 1564 2297 viventem
1621 2236 1716 2291 Dei

138 2347 433 2416 imaginem
487 2359 611 2400 esse
664 2357 851 2415 negas.
898 2338 1047 2396 Idem
1105 2352 1326 2409 quoque
1377 2333 1717 2405 Epiphanius

139 2441 269 2493 inter.
309 2453 497 2502 L-xxvt,
555 2445 745 2491 contra
795 2434 1011 2489 Aetium
1074 2429 1465 2484 Anommorum
1516 2424 1719 2495 princi-

136 2548 283 2604 pem,
310 2528 508 2583 Filium
563 2544 629 2583 ex
677 2526 840 2582 Patre
882 2532 1072 2580 natum
1105 2519 1408 2582 contendit,
1444 2523 1504 2571 ut
1547 2514 1717 2570 Deum

136 2628 205 2681 de
238 2624 372 2685 Deo,
406 2624 588 2677 lumen
633 2621 703 2675 de
741 2618 967 2681 lumine,
1010 2615 1273 2685 aequalem
1322 2626 1416 2680 per
1455 2608 1637 2663 omnia
1666 2615 1719 2660 et

139 2715 664 2774 consubstantialem
678 2710 858 2777 Patri;
883 2708 1062 2778 cujus,
1087 2706 1288 2776 inquit,
1311 2704 1492 2770 imago
1519 2708 1603 2754 est
1619 2699 1719 2751 οὐκ

138 2810 369 2880 ἄψυχος,
423 2806 559 2860 ἀλλὰ
599 2802 812 2875 Πατρὸς
859 2794 1343 2871 χαρακτηρίξουσα
1394 2792 1581 2860 γένος·
1615 2804 1719 2841 non

135 2879 326 2972 aspera
347 2902 561 2963 animae,
596 2896 686 2952 sed
735 2901 1015 2965 paternum
1048 2905 1208 2962 genus
1253 2885 1569 2955 exprimens.
1593 2879 1720 2935 Haec

140 2995 503 3066 Epiphanius.
556 2988 746 3060 Neque
797 2983 1052 3042 dissentit
1099 2979 1394 3045 Eusebius,
1452 2977 1547 3047 qui
1592 2989 1718 3030 cum

144 3094 285 3149 libro
330 3106 370 3145 ιι
423 3086 719 3156 Theologia:
777 3080 962 3137 eccles.
1013 3076 1167 3132 varia
1212 3070 1536 3144 protulisset
1575 3068 1718 3130 loca,

143 3202 266 3259 qua:
293 3182 476 3239 Patris
503 3179 842 3235 divinitatem
888 3172 1230 3245 gloriamque
1268 3163 1591 3238 praedicant,
1623 3159 1722 3214 ad-

146 3252 228 3335 dit
259 3275 479 3339 deinde,
506 3273 699 3328 horum
727 3267 975 3323 omnium
1014 3260 1355 3331 unigenitum
1398 3254 1491 3309 Dei
1522 3252 1725 3308 Filium

150 3367 445 3438 imaginem
502 3357 851 3427 cogitandum
899 3368 1023 3411 esse
1052 3370 1068 3406 :
1102 3351 1216 3421 Οὐχ
1261 3345 1554 3438 ὼς-ιὶψύχῳ
1601 3341 1724 3414 ὅλῃ,

144 3435 368 3518 eius;
400 3455 457 3506 ὲν
489 3449 603 3522 Υἱῷ
631 3447 793 3515 ζῶντι
832 3440 1293 3515 μεμορφωμένην.
1323 3435 1447 3491 Non
1475 3444 1728 3503 tanquam

147 3553 205 3606 in
237 3548 467 3604 materia
492 3544 739 3605 inanimi,
773 3538 863 3595 sed
894 3547 953 3591 ut
993 3538 1049 3591 in
1089 3531 1237 3587 Filio
1265 3531 1461 3585 vivente
1511 3540 1727 3595 expres-

146 3660 289 3699 sam.
333 3639 543 3707 Quibus
580 3635 765 3691 verbis
792 3629 1009 3702 egregie
1029 3626 1229 3697 duplex
1247 3617 1611 3690 illaimaginis
1640 3629 1731 3670 ra-

152 3801 434 3902 plicatnr—z
456 3801 688 3894 quarum
715 3819 884 3872 altera
914 3813 1141 3884 ἄψυχος,
1172 3825 1240 3865 ex
1283 3806 1468 3862 Acacii
1492 3810 1547 3859 et
1571 3801 1734 3856 Euse—

152 3901 231 3977 bii
251 3916 459 3981 verbis,
489 3915 655 3969 altera
690 3908 842 3976 ζῶσα
872 3907 965 3961 καὶ
995 3903 1257 3975 ἔμψυχος,
1307 3915 1376 3955 ex
1430 3901 1679 3952 correcto
1702 3907 1734 3947 a

154 4014 320 4070 nobis
369 4006 665 4065 Alexandri
718 4005 840 4059 loco
891 3999 1075 4056 vocari
1122 3993 1343 4067 poterit.
1380 3990 1522 4057 Quin
1568 3988 1733 4042 etiam

154 4124 223 4163 ex
274 4108 396 4177 ipso
425 4100 662 4158 Eusebio
690 4099 833 4153 libro
862 4111 880 4150 1
916 4101 1107 4148 contra
1156 4085 1470 4142 Marcellum
1494 4081 1733 4177 Ancyra-

155 4215 308 4262 num,
340 4195 433 4250 ubi
460 4186 900 4249 commemoratis
917 4183 1038 4253 ejus
1057 4178 1288 4242 deliriis,
1315 4189 1549 4247 quorum
1575 4168 1738 4226 modo

157 4288 532 4348 meminimus,
560 4282 836 4338 hominem
869 4275 1024 4332 valde
1054 4271 1309 4327 caecutire
1340 4267 1437 4330 ait,
1468 4280 1570 4320 nec
1601 4276 1737 4317 con-

157 4384 407 4443 srderare
436 4399 450 4434 :
478 4378 553 4440 ὡς
572 4377 666 4430 καὶ
686 4376 715 4427 ὁ
746 4370 873 4434 Υἱὸς
899 4367 1121 4421 δύναται
1140 4360 1381 4433 ἔμψυχός
1414 4374 1547 4410 ποτε
1576 4354 1739 4410 εἰκὼν

163 4478 300 4531 ἰδίου
327 4471 539 4543 Ila:pr
560 4466 814 4538 λεχθῆναι
851 4482 864 4517 :
898 4460 977 4514 Po

160 4566 346 4622 Patris
363 4538 644 4631 imaginem
673 4554 798 4621 dici,
817 4567 934 4606 cum
956 4548 1025 4603 sit
1056 4545 1212 4600 Patri
1232 4558 1388 4612 quam
1407 4538 1736 4594 simillimus.

161 4660 340 4726 Quam
380 4629 823 4710 ille'sententiam
868 4643 1042 4697 multo
1070 4638 1352 4709 c0piosius
1382 4632 1618 4703 explicat
1644 4629 1737 4683 lib.

160 4720 423 4818 vaang.
469 4748 785 4803 demonstr.,
817 4734 995 4804 capite
1032 4731 1089 4792 4,
1114 4728 1205 4783 ubi
1246 4725 1426 4791 docet,
1455 4720 1616 4778 sicuti
1653 4733 1742 4774 re-

162 4845 247 4914 gis
282 4840 575 4908 imaginem
608 4839 831 4904 propter
870 4828 1048 4897 ipsum
1073 4836 1254 4892 regem
1290 4828 1637 4877 veneramur,
1666 4810 1744 4865 ita

154 4904 335 4992 ctiam
369 4904 567 4985 Filium
605 4921 947 4995 unigenitum
988 4915 1205 4972 unicam
1246 4911 1341 4966 Dei
1384 4907 1565 4962 Patris
1603 4904 1745 4959 invi-

167 5026 349 5086 sibilis
398 5022 707 5091 imaginem,
748 5010 975 5068 Deitatis
1020 5009 1228 5063 honore
1278 4996 1739 5074 prosequendum,

167 5130 380 5193 utpote,
406 5085 750 5187 qui-natura
785 5106 930 5161 Deus
961 5109 1048 5158 est
1088 5102 1155 5156 de
1193 5097 1325 5160 Deo,
1358 5093 1453 5149 καὶ
1500 5090 1571 5143 δι’
1618 5085 1741 5193 ὅλου

172 5176 334 5278 σιῖιζει
491 5207 649 5279 μόνου
686 5198 821 5256 Θεοῦ
849 5196 946 5269 τὴν
963 5193 1198 5266 ἔμψυχον
1228 5188 1322 5243 καὶ
1348 5185 1527 5279 ζῶσαν
1554 5176 1743 5279 νοερόν

172 5268 379 5370 εἰκόνα,
422 5268 563 5355 mea
605 5296 783 5351 πάντα
810 5291 890 5361 τῷ
928 5285 1106 5358 Πατρὶ
1137 5275 1632 5370 παρωμοιωμένιγν·

175 5416 264 5470 per
294 5363 474 5452 omnia
504 5391 603 5446 Dei
625 5388 808 5443 Patris
852 5385 1143 5439 animatum
1171 5385 1220 5431 et
1257 5375 1448 5433 vivam,
1477 5376 1527 5423 et
1548 5363 1747 5420 intelli-

175 5457 377 5564 gentem
409 5485 713 5556 imaginem,
753 5476 1006 5546 Patrique
1054 5474 1110 5527 in
1143 5464 1387 5523 omnibus
1415 5457 1746 5515 simillimam

175 5548 471 5643 senserant.
500 5548 734 5644 Videtis,
768 5574 826 5631 ni
858 5564 1035 5636 fallor,
1067 5562 1367 5647 auditores,
1404 5565 1567 5624 quam
1607 5548 1749 5603 bene

1820 479 1916 542 let,
1968 485 2024 533 et
2052 491 2214 547 quam
2245 491 2310 530 ea
2344 490 2449 529 vox
2480 476 2616 530 nihil
2648 476 2852 530 humile
2881 481 2935 529 et
2971 474 3250 543 indignum
3288 472 3405 527 Deo

1818 572 2028 626 tribuat
2051 588 2067 638 ;
2100 569 2199 625 sed
2222 583 2513 634 summam,
2545 578 2599 624 et
2621 568 2688 623 ad
2702 568 2883 622 vivum
2907 580 3223 635 expressam
3238 572 3405 620 natu-

1819 680 1894 735 rae
1924 663 2222 735 gloriaque
2235 669 2475 733 paterna!
2495 659 2912 716 similitudinem
2942 657 3103 713 nobis
3128 657 3403 726 designet.

1892 754 2022 809 Eam
2050 769 2215 825 porro
2240 768 2433 808 vocem
2464 766 2530 807 ex
2563 751 2743 805 medio
2773 747 2998 804 Graecia:
3026 765 3130 805 usu
3176 748 3404 804 desum-

1819 856 1990 919 ptam,
2036 846 2225 902 nescio
2254 845 2414 915 cujus
2448 844 2648 899 veteris
2678 841 2921 896 auctoris
2952 840 3227 896 sententia
3258 838 3405 910 apud

1823 938 2099 995 Stobaeum
2144 946 2399 1004 testatur,
2461 937 2549 991 cui
2598 950 2692 989 rex
2752 932 2993 1007 ἔμψυχος
3043 931 3208 986 εἰκὼν
3267 928 3405 984 Θεοῦ

1821 1032 2048 1088 dicitur.
2092 1032 2170 1086 Ita
2211 1030 2493 1100 Longinus
2531 1028 2822 1083 notissimo
2866 1027 2961 1080 illo
3004 1025 3183 1093 elogio
3216 1022 3404 1077 Euna-

1819 1125 1895 1194 pii
1943 1142 1957 1177 :
2006 1121 2332 1192 Βιϐλιοθήκη
2381 1120 2619 1189 ἔμψυχος
2665 1118 2759 1170 καὶ
2804 1112 3140 1184 περιπατοῦν
3189 1113 3406 1183 μουσεῖ-

1818 1231 1899 1267 ον.
1951 1212 2018 1265 Et
2078 1210 2371 1265 Marcellus
2432 1207 2659 1263 Arcadii
2725 1205 3072 1276 imperatoris
3117 1202 3401 1272 magister,

1823 1300 2009 1355 Suidaa
2066 1299 2472 1369 lexicographo,
2536 1297 2718 1352 minus
2741 1295 2881 1350 forte
2931 1302 3087 1357 noto,
3137 1294 3235 1349 sed
3286 1308 3402 1347 non

1820 1393 2004 1448 minus
2031 1392 2263 1462 eleganti
2288 1390 2540 1445 encomio
2568 1408 2581 1443 :
2609 1388 2819 1459 Κόσμος
2844 1387 3044 1458 ἀρετῆς
3073 1384 3314 1454 ἁπάσης,
3343 1384 3404 1454 ἢ,

1821 1483 1880 1536 τό
1899 1499 1962 1552 γε
1984 1481 2423 1554 ἁρμονικώτερον
2452 1481 2645 1544 εἰπεῖν,
2670 1478 2837 1549 ἀρετή
2868 1493 2952 1539 τις
2985 1474 3243 1546 ἔμψυχος·
3273 1462 3405 1528 0m-

1821 1576 1904 1629 nis
1935 1575 2143 1628 virtutis
2180 1582 2570 1635 ornamentum,
2605 1572 2682 1625 vel
2722 1570 2897 1638 potius
2936 1555 3053 1621 viva
3085 1577 3132 1620 et
3163 1566 3405 1619 animata

1821 1666 2063 1738 quwdam
2107 1668 2292 1720 virtus.
2345 1665 2566 1720 Graecas
2616 1664 2780 1717 hasce
2825 1660 3096 1716 sermonis
3149 1657 3405 1713 lauticias

1751 1784 1793 1841 Β
1823 1761 2058 1816 feliciter
2097 1766 2490 1829 expresserunt
2539 1756 2743 1811 Latini.
2788 1752 2931 1820 Quid
2965 1752 3110 1807 enim
3141 1751 3405 1819 spirantia

1817 1856 1989 1924 signa,
2020 1860 2075 1909 et
2106 1855 2369 1922 spirantia
2400 1850 2611 1905 mollius
2643 1866 2775 1911 cura,
2821 1856 2875 1901 et
2909 1846 3008 1900 vivi
3036 1844 3098 1899 de
3140 1861 3407 1898 marmore

1816 1947 1990 2001 vultus
2048 1944 2336 2000 Maronis?
2392 1943 2535 2010 Quid
2592 1940 2886 2012 Propertii,
2949 1936 3121 1992 vivida
3183 1948 3232 1999 et
3287 1940 3405 1991 ani-

1817 2057 1964 2093 mosa
2014 2039 2216 2109 signa?
2277 2034 2420 2102 Quid
2478 2033 2753 2088 Ammiani
2806 2031 3071 2100 spirantia
3133 2031 3407 2101 signorum

1817 2134 2089 2203 ﬁgmenta,
2133 2131 2238 2185 nisi
2295 2125 2549 2199 ἔμψυχαῖ
2601 2123 2709 2180 Sed
2762 2131 2979 2194 portum
3023 2123 3091 2178 de
3155 2121 3408 2193 proximo

1818 2225 2114 2297 prospicio,
2140 2238 2302 2294 quem
2341 2220 2559 2286 subibo,
2596 2219 2643 2273 si
2674 2233 2738 2273 ex
2769 2217 2939 2271 variis
2969 2232 3090 2285 qua:
3116 2214 3217 2269 sub
3243 2212 3407 2269 linem

1820 2319 1982 2388 hujus
2010 2317 2256 2387 epistolae
2295 2316 2569 2382 interpres
2600 2317 2809 2380 peccat,
2841 2324 3009 2363 unum
3047 2307 3225 2361 adhuc
3250 2306 3407 2361 addi-

1819 2411 1970 2465 dero.
1990 2405 2314 2471 Alexander,
2336 2412 2398 2458 ut
2429 2403 2810 2458 haereticorum
2844 2399 3215 2453 curiositatem
3251 2397 3407 2452 freno

1819 2502 2017 2571 injecto
2058 2504 2392 2568 compescat,
2430 2494 2730 2547 ὑπόστασιν
2754 2489 2898 2554 Filii,
2949 2489 3064 2544 sive
3103 2487 3407 2544 exsistendi

1820 2596 2061 2659 modum,
2095 2598 2155 2647 ut
2183 2591 2318 2655 dixi,
2344 2588 2496 2661 πάσῃ
2528 2589 2596 2657 τῇ
2632 2586 2834 2654 γενητῇ
2873 2581 3033 2652 φύσει
3061 2581 3409 2651 impervesti~

1820 2685 2052 2757 gabilem
2081 2683 2308 2746 asserit;
2344 2694 2521 2748 neque
2541 2678 2641 2748 τὴν
2662 2675 2771 2728 τῶν
2796 2672 3031 2742 λογικῶν
3069 2673 3230 2741 φύσιν
3255 2687 3411 2726 com-

1822 2776 2161 2849 prehendere
2201 2789 2365 2845 posse
2419 2768 2698 2842 quomodo
2732 2766 2896 2820 Pater
2935 2765 3123 2836 genuit
3146 2762 3407 2818 Verbum.

1822 2873 1884 2927 in
1942 2879 2177 2938 utroque
2233 2867 2602 2922 hallucinatur
2653 2876 2829 2916 novus
2875 2867 3064 2914 noster
3112 2857 3409 2928 interpres.

1822 2964 2066 3019 Primum
2113 2959 2332 3031 quidem
2361 2955 2510 3028 quod
2569 2954 2669 3027 τὴν
2701 2950 2936 3025 γενητὴν
2974 2949 3155 3019 φύσιν,
3201 2947 3269 3003 de
3298 2962 3408 3019 qua

1825 3056 2081 3129 superius
2097 3053 2203 3124 egi,
2222 3060 2470 3106 naturam
2487 3046 2763 3102 mortalem
2788 3042 3042 3099 reddidit.
3058 3041 3246 3112 Neque
3266 3042 3409 3096 enim

1749 3149 1792 3207 C
1825 3158 1936 3204 tam
1971 3144 2224 3217 angustis
2272 3141 2540 3198 limitibus
2581 3146 2765 3193 creata
2817 3143 3015 3191 natura
3059 3133 3412 3189 circumscri-

1829 3242 2027 3308 benda,
2052 3254 2175 3295 cum
2205 3245 2259 3292 et
2285 3234 2463 3306 angeli
2503 3233 2617 3288 sint
2653 3230 2873 3300 γενητοὶ
2902 3231 3015 3283 sive
3048 3227 3238 3292 creati,
3271 3212 3413 3297 quos

1828 3339 2012 3387 tamen
2074 3326 2334 3383 mortales
2385 3338 2512 3379 cum
2573 3318 2783 3376 saniori
2831 3318 3209 3387 theOIOgorum
3258 3325 3413 3385 parte

1830 3422 2256 3491 haudquaquam
2295 3410 2707 3484 appellaverim.
2758 3405 2946 3477 Neque
2990 3407 3186 3461 melius
3233 3405 3288 3458 in
3324 3419 3414 3459 se-

1830 3514 2011 3572 cundo
2064 3510 2309 3565 membro
2338 3509 2372 3577 ή
2402 3504 2508 3559 τῶν
2550 3500 2786 3570 λογικῶν
2831 3499 3016 3570 φύσις.
3063 3504 3259 3550 natura
3308 3496 3415 3551 hu-

1830 3620 1992 3662 mana
2019 3602 2359 3669 rationisque
2392 3597 2665 3667 particeps
2688 3592 3015 3662 explicatur.
3048 3588 3164 3643 Nisi
3197 3588 3321 3658 quis
3352 3586 3413 3641 ἓν

1831 3697 1919 3753 διὰ
1947 3697 2093 3751 δυοῖν
2142 3694 2491 3762 interpretem
2539 3685 2816 3740 addidisse
2846 3682 3139 3737 existimet.
3171 3676 3316 3734 Sane
3344 3678 3413 3732 ad

1832 3798 2085 3845 naturam
2134 3785 2244 3839 τῶν
2291 3778 2527 3851 λογικῶν
2595 3778 2761 3834 etiam
2808 3774 3053 3846 angelos,
3100 3780 3155 3828 et
3189 3770 3414 3842 quidem

1834 3881 2111 3955 praecipuo
2139 3878 2264 3947 jure
2294 3875 2567 3945 pertinere
2626 3870 2752 3941 quis
2798 3866 3050 3923 dubitet?
3086 3865 3299 3931 Quibus
3332 3874 3415 3918 ta-

1835 3986 1959 4029 men
1997 3985 2151 4041 aeque
2203 3982 2268 4022 ac
2306 3964 2636 4028 hominibus,
2681 3960 2879 4017 divina:
2915 3956 3286 4030 generationis
3326 3971 3417 4009 ar-

1836 4078 2033 4121 canum
2088 4061 2333 4131 ignotum
2360 4063 2415 4111 et
2465 4051 2742 4109 ineffabile
2785 4064 2927 4112 esse,
2976 4057 3211 4103 testatur
3249 4047 3415 4102 etiam

1838 4160 1956 4227 ipse
2018 4150 2324 4207 Alexander
2386 4146 2659 4217 superius.
2722 4140 2990 4213 Unigeniti
3050 4138 3415 4201 subsistentia,

1841 4246 2038 4318 inquit,
2068 4261 2173 4299 non
2202 4243 2375 4296 solum
2396 4238 2838 4307 evangelistarum
2864 4232 3164 4294 solertiam,
3186 4227 3276 4282 sed
3306 4228 3419 4297 [or-

1841 4340 2002 4394 tassis
2057 4337 2220 4391 etiam
2275 4332 2584 4402 angelorum
2636 4327 2955 4381 intellectum
3009 4330 3244 4392 superat.
3309 4318 3447 4407 Sed.

982 4474 1065 4513 ηε
1112 4410 1275 4510 “in;
1290 4410 1518 4505 “Filium
1569 4449 1738 4503 υίυαηι
1769 4488 1813 4513 ἢ
1841 4430 1987 4502 quod
2017 4437 2204 4484 noster
2236 4426 2292 4479 in
2317 4423 2483 4479 dubio
2519 4421 2827 4489 relinquere
2860 4414 3101 4478 videtur,
3148 4412 3199 4464 id
3229 4410 3414 4464 caeteri

1769 4488 1814 4544 Β
1843 4488 2035 4578 Patres
2081 4519 2327 4577 disertim
2366 4525 2421 4570 et
2456 4488 2776 4569 constanter
2820 4507 3114 4561 affirmant.
3152 4502 3218 4556 Et
3271 4516 3419 4556 nunc

1842 4617 2065 4689 quidem
2100 4629 2167 4669 ex
2201 4610 2408 4666 Graecis
2448 4620 2590 4660 unus
2618 4603 2750 4658 mihi
2795 4594 3062 4654 Eusebius
3103 4596 3419 4651 testimonio

1844 4684 2082 4766 dicundo
2127 4705 2292 4760 adsit.
2331 4702 2382 4758 Is
2418 4699 2557 4753 lib.l
2601 4694 2779 4752 Theol.
2814 4692 2966 4757 εδει,
3006 4704 3127 4759 cap.
3162 4686 3250 4753 ιε,
3282 4684 3420 4739 Uni-

1845 4802 2012 4874 geniti
2053 4797 2460 4871 generationem
2489 4805 2600 4845 non
2634 4788 2796 4842 nobis
2846 4784 3023 4841 solum
3076 4777 3420 4850 inipervesti-

1843 4871 2079 4967 gabi-lem
2121 4890 2380 4952 afﬁrmat,
2410 4885 2547 4940 ἀλλὰ
2577 4883 2670 4937 καὶ
2712 4880 2913 4942 πάσαις
2952 4878 3073 4939 ταῖς
3116 4871 3421 4943 κρείττοσιν

1847 4963 1881 5060 ἦ
1909 4987 2028 5043 καθ’
2051 4979 2196 5057 ἡμᾶς
2214 4982 2495 5052 δυνάμεσι,
2521 4976 2612 5033 sed
2633 4976 2793 5029 etiam
2831 4971 3034 5025 cunctis
3062 4963 3420 5036 superioribus

1848 5054 2149 5136 virtutibus.
2182 5073 2419 5128 Accedat
2446 5086 2510 5126 ex
2544 5067 2752 5123 Latinis
2782 5062 3130 5124 Ambrosius,
3156 5057 3252 5113 lib.
3288 5073 3303 5110 ι
3343 5054 3422 5109 De

1850 5171 1974 5242 ﬁde,
2007 5184 2128 5239 cap.
2154 5168 2188 5222 5
2217 5186 2229 5221 :
2262 5163 2398 5218 Mihi
2444 5158 2765 5231 impossibile
2798 5164 2875 5209 est
2918 5150 3265 5223 generationis
3288 5146 3426 5202 seire

1850 5271 2126 5320 secretum.
2166 5258 2316 5329 Mens
2346 5255 2547 5325 deﬁcit,
2590 5265 2688 5305 vos:
2723 5247 2862 5303 silet.
2889 5261 2995 5299 non
3042 5258 3160 5296 mea
3193 5248 3423 5305 tantum,

1851 5355 1941 5411 sed
1968 5363 2018 5409 et
2037 5350 2362 5423 angelorum.

1923 5446 2027 5513 Qui
2067 5445 2221 5499 locus
2257 5448 2312 5495 et
2333 5435 2443 5493 'me
2484 5440 2791 5506 opportune
2821 5427 3022 5486 silentii
3052 5424 3330 5485 admonet,
3368 5426 3428 5471 ut

1855 5538 2089 5596 decurso
2116 5529 2519 5593 dissertationis
2544 5526 2721 5586 stadio
2756 5519 3006 5593 lampada
3036 5517 3159 5574 aliis
3189 5512 3423 5569 tradam.

1773 5700 1845 5720 .-
