3850 6160
449 208 563 267 ῊῚ

1578 205 1637 260 S.
1679 199 2079 259 ALEXANDRI
2117 198 2580 259 ALEXANDRINI

702 382 740 400 ,,
1119 382 1266 401 ,,,
1435 380 1667 401 .,,
2499 378 3393 402 ,,.,,.,;,,,

1386 560 1545 715 S.
1654 559 2764 717 ALEXANDRI

1643 831 1953 889 EPISCOPI
1990 833 2465 890 ALEX‘ANDRINI

922 963 1667 1128 EPISTOL/E
1758 1010 1938 1122 DE
2018 1011 2557 1125 ABIANA
2664 1012 3219 1128 HZERESI

1228 1249 1627 1355 DEQUE
1702 1248 1955 1337 ARlI
2036 1246 2911 1345 DEPOSITIONE.

1398 1552 1555 1624 Apud
1586 1553 2002 1623 Tnsobom‘run,
2028 1555 2175 1613 Hist.
2211 1555 2341 1611 eccl.
2373 1553 2470 1608 lib.
2494 1568 2533 1616 ι,
2569 1566 2692 1623 cap.
2719 1553 2774 1607 ι.

449 1708 687 1770 hylam...
711 1692 1383 1770 Αιεφαηάτί-Αιεταηᾴήω
1408 1696 1635 1770 episcopi
1667 1696 1737 1750 ad
1781 1696 2015 1752 Alexan-
2045 1708 2089 1762 Α

797 1767 951 1820 drum
999 1764 1664 1833 Comtantinapolitanum.

482 2000 487 2005 .
519 1947 558 2006 Ι.
597 1945 957 2007 Charissimo,
982 1952 1036 2000 et
1065 1942 1308 1999 unanimi
1343 1940 1496 1997 fratri
1532 1941 1868 2014 Alexandro,
1892 1946 2019 2003 Ale-

445 2044 652 2097 xander
687 2041 742 2094 in
774 2033 999 2094 Domino
1028 2038 1279 2092 salutem.

513 2131 885 2204 [inproborum
912 2130 1194 2184 hominum
1232 2128 1507 2194 voluntas,
1541 2126 1928 2186 dominationis
1962 2140 2019 2187 et

444 2225 688 2297 pecuniae
706 2218 883 2286 avida,
915 2219 1218 2290 majoribus
1245 2212 1510 2275 Ecclesiis
1541 2234 1754 2289 semper
1772 2219 2018 2276 insidiari

443 2319 602 2380 solet,
635 2316 764 2372 dum
797 2314 871 2367 illi
899 2329 997 2383 per
1030 2312 1210 2366 varias
1238 2311 1558 2366 occasiones
1584 2312 2016 2367 ecclesiasticam

443 2413 698 2483 pietatem
731 2413 1065 2478 oppugnant.
1103 2402 1316 2459 Etenim
1342 2418 1372 2457 a
1399 2402 1616 2457 diabolo
1641 2404 1737 2472 qui
1782 2404 1835 2458 in
1884 2404 2019 2474 ipsis

441 2506 702 2568 operatur
726 2536 743 2562 ,
787 2496 855 2550 ad
881 2492 1217 2566 propositam
1265 2492 1400 2563 ipsis
1453 2492 1733 2547 libidinem
1768 2494 2016 2563 incitati,

441 2590 653 2659 abjecta
707 2589 855 2643 omni
890 2586 1172 2658 religione,
1205 2585 1376 2641 divini
1415 2584 1609 2653 judicii
1650 2597 1855 2640 metum
1885 2602 2020 2642 con-

441 2681 681 2735 culcant.
714 2679 791 2735 De
820 2680 1019 2749 quibus
1047 2694 1147 2749 ego
1180 2678 1275 2748 qui
1310 2678 1489 2748 patior
1513 2718 1528 2744 ,
1578 2694 1804 2735 necesse
1855 2680 2018 2735 habui

442 2773 753 2844 signiﬁcare
784 2771 973 2843 pietati
1009 2780 1223 2835 vestrae,
1244 2777 1304 2823 ut
1339 2768 1409 2825 ab
1436 2771 1749 2841 hujusmodi
1783 2772 2020 2827 homini-

443 2866 546 2920 bus
579 2865 840 2927 caveatis,
869 2879 937 2918 ne
965 2864 1089 2932 quis
1138 2856 1357 2916 illorum
1387 2862 1444 2917 in
1470 2873 1682 2921 vestras
1712 2866 1878 2919 etiam
1916 2865 2020 2920 Ec-

442 2958 640 3013 clesias
673 2956 866 3029 pedem
899 2956 1102 3010 inferre
1147 2967 1474 3026 prazsumat,
1521 2958 1635 3013 sive
1671 2975 1769 3029 per
1799 2974 1859 3014 se
1905 2961 2020 3014 sive

2133 1692 2534 1768 Ἀλεξάνδρῳ
2550 1692 2892 1768 ἐπιᾳκόπορ
2923 1683 3369 1768 ᾏλὲξανδρξᾷίας
3394 1696 3692 1768 ἐπιστολὴ

2191 1766 2341 1833 πρὸς
2402 1762 2798 1831 Ἀλέξανδρον
2851 1763 3189 1817 ἐπίσκοπον
3229 1762 3690 1823 Κωνσταντίνού

2183 1838 2421 1899 πόλεως
2436 1835 2530 1904 (1).
2544 1898 2547 1901 _

2186 1948 2235 2005 Ι.
2267 1949 2358 2020 Τῷ
2392 1949 2704 2021 τιμιωτάτῳ
2731 1948 2965 2022 ἀδελφῷ,
3001 1950 3096 2003 καὶ
3137 1951 3397 2022 ὁμοψύχῳ
3440 1952 3693 2019 Ἀλεξάνδ

2117 2043 2248 2113 δραι»,
2294 2040 2638 2113 Ἀλέξανδρος
2669 2043 2727 2094 ὲν
2752 2042 2941 2111 Κυρίῳ
2990 2042 3219 2112 χαίρειν.

2200 2134 2265 2186 Ἦ
2306 2132 2565 2203 φίλαρχος
2589 2131 2698 2185 τῶν
2732 2131 3018 2204 μοχθηρῶν
3045 2131 3346 2203 ἀνθρώπων
3373 2133 3470 2186 καὶ
3498 2132 3694 2206 φιλάρ·

2117 2238 2283 2292 γυρος
2318 2220 2606 2291 πρόθεσις,
2651 2224 2770 2284 ταῖς
2805 2221 3087 2284 δοκούσαις
3119 2222 3207 2275 ἀεὶ
3254 2223 3462 2291 μείζοσι
3494 2240 3689 2295 παροι-

2118 2315 2264 2377 κίαις
2293 2312 2535 2381 πέφυκεν
2569 2311 2949 2375 ἐπιϐουλεύειν,
2976 2312 3063 2366 διὰ
3087 2314 3342 2367 ποικίλων
3363 2316 3691 2385 προφάσεων

2116 2406 2224 2459 τῶν
2260 2404 2515 2458 τοιούτων
2544 2404 2932 2475 ἐπιτιθεμένων
2965 2407 3031 2475 τῇ
3072 2405 3498 2477 ὲκκλησιαστικῇ
3535 2408 3690 2460 εὑσε-

2119 2497 2260 2569 ϐείᾳ.
2289 2496 2815 2569 Οἰστρηλατούμενοι
2852 2496 2961 2568 γὰρ
2985 2497 3090 2548 ὑπὸ
3124 2496 3218 2552 τοῦ
3250 2496 3606 2567 ἐνεργοῦντος
3637 2499 3692 2548 ἐν

2120 2589 2303 2652 αὐτοῖς
2328 2588 2572 2642 διαϐόλου
2589 2630 2604 2654 ,
2635 2590 2714 2651 εἰς
2740 2589 2838 2658 τὴν
2871 2589 3235 2660 προκειμένην
3269 2591 3449 2652 αὑτοῖς
3476 2588 3691 2658 ἡδονὴν,

2119 2679 2299 2747 πάσης
2320 2678 2613 2741 ,εὐλαϐείας
2654 2679 3173 2748 ἀποσκιρτήσαντες,
3209 2677 3438 2731 πατοῦσι
3477 2677 3693 2745 τὸντῆς

2120 2770 2351 2840 κρίσεως
2373 2770 2467 2823 τοῦ
2489 2769 2622 2823 Θεοῦ
2646 2770 2827 2838 φόϐον.
2854 2771 2988 2841 Περὶ
3007 2763 3081 2823 ὧν
3102 2771 3393 2837 ἀναγκαῖον
3413 2767 3484 2839 ἦν
3508 2785 3603 2839 μοι
3620 2767 3693 2837 τῷ

2119 2862 2402 2932 πάσχοντι,
2429 2859 2665 2932 δηλῶσαι
2694 2863 2762 2932 τῇ
2791 2860 3032 2932 ὑμετέρᾳ
3062 2860 3333 2931 εὐλαϐείᾳ,
3371 2860 3460 2911 ἵνα
3492 2858 3694 2927 φυλάτ-

2120 2952 2285 3022 τησθε
2305 2954 2432 3015 τοὺς
2462 2951 2753 3016 τοιούτους,
2784 2954 2854 3024 μή
2876 2969 2961 3015 τις
2986 2951 3162 3004 αὐτῶν
3188 2950 3433 3023 τολμήσῃ
3456 2951 3554 3002 καὶ
3574 2952 3693 3011 ταῖς

443 3061 542 3116 per
574 3047 713 3102 alios
748 3065 762 3101 :
795 3046 995 3100 callent
1021 3044 1168 3099 enim
1208 3045 1437 3099 malefici
1474 3047 1819 3104 simulatione
1844 3050 1916 3104 uti
1950 3049 2018 3103 ad

2125 3043 2415 3115 ὑμετέραις
2447 3045 2760 3116 παροικίαις
2787 3044 3063 3113 ἐπιϐῆναι,
3090 3040 3289 3113 ἡτοιυ.
3319 3042 3455 3115 εἴτε)
3477 3045 3545 3096 δι’
3571 3045 3693 3095 ἑαυ-

445 3137 691 3192 fraudem
721 3137 1056 3192 faciendam:
1089 3146 1142 3192 et
1173 3152 1269 3207 per
1306 3138 1513 3194 litteras
1545 3140 1846 3197 mendaciis
1873 3158 2023 3196 com-

441 3230 652 3299 positas
678 3237 843 3299 atque
871 3229 1195 3291 adornatas,
1243 3245 1363 3299 qua:
1390 3230 1665 3287 hominem
1711 3232 1779 3286 ad
1810 3234 2023 3303 simpli-

442 3335 560 3373 cem
589 3335 653 3374 ac
684 3318 955 3373 sinceram
982 3317 1140 3373 fidem
1168 3317 1435 3373 intentum
1479 3320 1693 3391 possint
1746 3320 2018 3392 decipere.

443 3410 606 3464 Arius
652 3410 817 3481 igitur
863 3420 917 3465 et
956 3410 1193 3467 Achillas
1234 3428 1406 3481 nuper
1435 3412 1813 3481 conjuratione
1845 3413 2018 3482 facta,

443 3498 680 3553 Colluthi
723 3500 1070 3554 ambitionem
1097 3500 1442 3564 aemulantes,
1478 3499 1635 3570 longe
1667 3499 1878 3569 pejores
1919 3502 2014 3556 illo

442 3590 791 3645 exstiterunt.
826 3589 960 3643 Nam
1000 3589 1289 3645 Colluthus
1314 3590 1532 3661 quidem
1573 3590 1663 3661 qui
1717 3592 1815 3645 hos
1863 3590 2014 3661 ipsos

445 3684 814 3753 reprehendit,
848 3684 974 3737 mali
1010 3684 1274 3754 propositi
1315 3682 1398 3737 sui
1445 3690 1767 3753 praetextum
1820 3693 2015 3737 nactus

514 3840 593 3911 (i)
627 3841 1086 3894 Κωνσταντίνου
1124 3842 1377 3907 πόλεως.
1429 3838 1522 3894 Hae
1554 3840 1675 3895 diue
1713 3856 1876 3896 voces
1908 3857 2019 3896 non

440 3920 745 3981 occurrunt
787 3912 841 3981 in
881 3911 1154 3980 aliquibus
1199 3918 1357 3981 vettt
1385 3926 1543 3974 mss...
1605 3920 1671 3981 ut
1729 3928 1902 3981 neque
1959 3913 2017 3966 in

444 3982 632 4037 Graeca
649 3980 962 4036 Theodoriti
977 3981 1214 4036 editione
1224 3997 1318 4049 per
1337 3980 1631 4050 Robertum
1654 3980 2013 4050 Stephanum,

451 4063 510 4106 ut
535 4053 791 4106 observat
831 4050 1040 4120 Pagius
1092 4052 1159 4104 ad
1207 4048 1335 4105 ann.
1389 4051 1515 4113 5l7,
1548 4048 1657 4120 ξε).
1689 4048 1825 4105 Vide
1852 4053 2014 4106 etiam

449 4122 729 4176 Baluzium
778 4119 845 4174 ad
879 4119 998 4192 cap.
1032 4123 1065 4174 '5
1093 4122 1186 4176 lib.
1220 4136 1249 4173 ν
1276 4120 1420 4175 Petri
1453 4121 1520 4175 de
1550 4119 1729 4175 Marca
1782 4121 1851 4175 De
1889 4139 2015 4175 con—-

448 4194 654 4247 cordia.

517 4262 594 4333 (2)
627 4263 764 4316 Εἴτε
787 4261 862 4314 δι’
894 4261 1117 4315 ἄλλων.
1149 4260 1274 4317 Haec
1314 4260 1477 4333 verba
1512 4261 1568 4333 in
1616 4275 1715 4333 sua
1765 4260 2017 4314 versione

447 4326 633 4388 omisit
664 4333 1233 4401 Cliristophorsouus,
1271 4339 1324 4385 et
1374 4326 1611 4385 Jacobus
1648 4329 1976 4384 Sirmuudus
1999 4369 2013 4391 ,

450 4418 551 4458 nec
584 4403 847 4457 habentur
894 4400 1035 4471 apud
1071 4401 1472 4471 Nicephorum,
1521 4415 1622 4471 nec
1676 4401 1728 4453 in
1778 4402 2017 4454 editione

450 4473 757 4527 Basiliensi.
793 4470 972 4538 Quare
1020 4488 1130 4525 non
1185 4470 1383 4525 mirum
1415 4478 1499 4525 est
1557 4470 1927 4525 Camerarium
1960 4472 2013 4524 in

447 4560 549 4597 sua
583 4543 1029 4612 interpretatione
1066 4557 1131 4596 ea
1173 4542 1449 4612 omisisse.
1496 4539 1776 4612 Habentur
1833 4550 2016 4612 tamen

452 4614 507 4667 in
545 4610 768 4682 reliquis
790 4613 1213 4682 exemplaribus,
1248 4610 1424 4682 Regio
1457 4611 1703 4682 scilicet,
1739 4610 2017 4664 Saviliano

451 4694 506 4738 et
533 4678 737 4737 Allatii.
791 4680 897 4753 Sed
940 4678 995 4736 et
1025 4678 1360 4753 Epiphanius
1392 4678 1769 4753 Scholasticus
1821 4682 2018 4753 insuo

450 4753 749 4822 exemplari
778 4766 841 4806 ea
876 4746 1097 4821 legerat.
1131 4746 1229 4822 Sic?
1251 4751 1394 4805 enim
1419 4751 1580 4804 vertit
1607 4768 1621 4803 :
1648 4746 1728 4822 Ne
1744 4750 1861 4819 quis
1883 4750 2018 4819 forte

450 4819 737 4893 praesumat
759 4819 948 4876 eorum
963 4823 1015 4875 in
1038 4821 1294 4891 parwcias
1322 4828 1520 4873 vestras
1540 4819 1804 4885 accedere,
1830 4822 1906 4874 vel
1927 4834 2047 4889 per‘

454 4911 530 4960 se,
560 4895 639 4948 vel
662 4909 756 4963 per
779 4894 933 4946 alios.

526 4964 603 5034 (5)
639 4956 866 5034 ’Ἄρειος
894 4962 1042 5034 γοῦν
1071 4960 1169 5034 καὶ
1210 4956 1597 5034 Ἀχιᾷλᾶςεὴῐιι
1644 4959 2018 5034 manuscrith

453 5029 642 5089 codice
688 5029 912 5087 Henrici
962 5032 1187 5095 Savilii,
1232 5038 1289 5085 et
1347 5031 1403 5082 in
1457 5030 1696 5084 editione
1732 5029 2018 5086 Basiliciisi

466 5101 781 5172 Ἀχιλλεύς
813 5103 1096 5172 scribitur,
1128 5099 1405 5172 quomodo
1430 5100 1590 5172 etiam
1629 5100 1757 5172 legit
1782 5098 2019 5169 Epipha-

455 5169 581 5226 nius
616 5170 1005 5228 Scholasticus.
1037 5171 1112 5227 Ita
1147 5169 1364 5241 quoque
1396 5169 1793 5241 scribiturhoc
1823 5186 2019 5241 nomen

454 5241 509 5294 in
535 5242 762 5312 epistola
799 5242 1092 5296 Alexandri
1123 5239 1364 5312 episcopi
1395 5239 1735 5312 Alexandriae
1778 5240 1845 5293 ad
1892 5243 2018 5312 uni-7

455 5324 645 5364 versas
699 5309 972 5367 Ecclesias
997 5350 1012 5373 ,
1064 5309 1378 5367 ubi'omnes
1425 5309 1542 5363 Arii
1579 5318 1878 5367 sectatores
1922 5310 2019 5380 qui

454 5380 911 5434 cxcommunicati
971 5381 1222 5444 fuerant,
1268 5380 1461 5434 ordine
1510 5388 1892 5446 recensentur;
1955 5396 2019 5434 ac

454 5446 665 5512 primus
692 5450 931 5504 omnium
962 5453 1276 5505 nominatur
1292 5449 1549 5504 Achilles.
1583 5448 1673 5502 Sic
1704 5451 1847 5504 enim
1880 5450 2021 5504 scri-

456 5514 606 5589 bitur
648 5515 707 5568 in
748 5520 932 5574 multis
964 5521 1407 5589 exemplaribus,
1464 5527 1518 5573 et
1550 5520 1693 5589 apud
1740 5519 2019 5575 Gelasium

454 5583 825 5653 Cyzicenumu

526 5651 604 5721 (4)
636 5652 697 5705 Ὀ
714 5653 830 5722 μὲν
852 5656 960 5727 γὰρ
978 5657 1179 5724 αὐτοῖς
1203 5659 1435 5726 τούτοις
1459 5657 1749 5731 ἐγκαλῶν.
1773 5655 2021 5714 Christo-

2119 3134 2246 3199 τῶν,
2270 3136 2377 3187 εἴτε
2407 3136 2473 3188 δι’
2505 3135 2676 3189 ἄλλων
2696 3135 2792 3205 (9)·
2822 3135 2994 3188 ἱκανοὶ
3018 3134 3124 3206 γὰρ
3147 3134 3541 3206 ὑποκρίνασθαι
3560 3133 3694 3206 πρὸς

2120 3230 2334 3299 ἀπάτην
2365 3230 2414 3280 οἱ
2439 3227 2632 3299 γόητες
2652 3246 2664 3257 ·
2697 3229 2729 3298 ἢ
2755 3227 2842 3280 διάι
2873 3229 3216 3298 γραμμάτων
3246 3225 3459 3296 ψευδῶς
3492 3243 3695 3296 κεκομ-

2118 3322 2420 3391 ψευμένων,
2456 3320 2551 3373 καὶ
2583 3319 2894 3389 δυναμένων
2943 3319 3262 3389 ὑφαρπάσαι
3297 3317 3387 3371 τὸν
3418 3319 3569 3389 ἁπλῇ
3609 3318 3693 3371 πί-

2120 3429 2233 3465 στει
2280 3413 2374 3465 καὶ
2423 3412 2665 3482 ἀκεραίῳ
2709 3413 3140 3482 προσεσχηκότα.
3179 3413 3396 3483 ’Ἄρειος
3441 3410 3577 3478 γοῦν
3602 3411 3693 3464 καὶ

2132 3501 2378 3570 Ἀχιλλᾶς
2412 3502 2512 3571 (5),
2550 3501 2891 3570 συνωμοσίαν
2929 3502 3155 3571 ἔναγχος
3191 3502 3572 3571 ποιησάμενοι,
3599 3500 3693 3572 τὴν

2120 3593 2421 3646 Κολλοὺθου
2469 3593 2757 3664 φιλαρχίαν
2791 3594 2925 3646 πολὺ
2960 3597 3138 3664 χεῖρον
3169 3594 3202 3663 ἢ
3238 3595 3445 3656 ἐκεῖνος
3488 3592 3693 3664 ἐζήλω-

2124 3701 2244 3738 σαν.
2292 3686 2351 3737 Ὀ
2395 3687 2493 3755 μὲν
2532 3686 2641 3757 γὰρ
2691 3685 2872 3748 αὐτοῖς
2919 3685 3128 3749 τούτοις
3176 3684 3421 3753 ἐγκαλῶν
3449 3684 3553 3756 (4),
3600 3686 3690 3754 τῆξ

2126 3842 2436 3913 phorsonus
2461 3844 2575 3914 haec
2603 3845 2766 3898 verba
2789 3883 2804 3906 ,
2834 3846 3018 3908 αὑτοῖς
3046 3844 3254 3906 τούτοις
3286 3843 3342 3897 in
3375 3854 3578 3898 neutro
3606 3860 3693 3914 ger

2127 3912 2258 3967 itere
2286 3916 2511 3983 accepit.
2540 3912 2629 3967 Sic
2663 3915 2805 3989 enim
2838 3920 3000 3989 vertit
3029 3934 3040 3968 :
3072 3914 3175 3968 Ille
3208 3916 3345 3989 enim
3385 3912 3693 3984 quanquam

2119 4000 2210 4036 eas
2241 3988 2384 4050 ipsas
2416 4000 2496 4038 res
2526 4000 2655 4052 quas
2682 3985 2792 4045 isti,
2827 3985 3108 4053 coarguere
3144 3985 3438 4037 conabatur
3460 4025 3476 4046 ,
3517 3995 3692 4039 tamen

2118 4055 2344 4120 improbi
2374 4055 2456 4107 sui
2494 4055 2721 4106 instituti
2767 4071 2983 4107 causam
3028 4056 3215 4108 saltem
3244 4054 3559 4107 simulatam
3600 4057 3694 4108 hac

2119 4124 2298 4178 buisse
2334 4125 2473 4177 visus
2516 4134 2613 4178 est.
2646 4122 2859 4191 Reliqui
2897 4140 3022 4178 vero
3056 4128 3415 4193 interpretes,
3456 4126 3696 4193 Epipha-

2120 4195 2245 4249 nius
2274 4196 2481 4265 scilicet
2516 4193 2906 4265 Scholasticus,
2931 4195 3170 4249 Joannes
3197 4193 3440 4265 Langus,
3471 4193 3696 4249 Inachis

2119 4279 2241 4319 mus
2269 4264 2615 4319 Camerarius
2648 4279 2709 4317 ac
2736 4263 3084 4327 Sirmundus,
3111 4266 3164 4318 in
3196 4263 3504 4319 masculino
3537 4280 3697 4318 acer»

2120 4343 2355 4403 perunt,
2389 4333 2535 4403 etde
2566 4333 2787 4387 Arianis
2820 4335 3200 4389 intellexerunt
3247 4350 3387 4403 quos
3433 4336 3696 4402 culpabat

2118 4404 2426 4472 Colluthus.
2445 4402 2688 4469 Quorum
2713 4404 2928 4472 quidem
2953 4405 3274 4458 sententiam
3299 4405 3497 4472 magis
3498 4406 3692 4472 probo.

2118 4471 2253 4528 Nam
2311 4474 2366 4528 in
2427 4471 2907 4543 Chrisﬁtophbrsoni
2964 4475 3409 4541 interpretatione
3482 4471 3694 4527 nullum

2120 4558 2341 4598 sensum
2367 4543 2539 4598 video.
2565 4542 2695 4608 Quae
2724 4552 2852 4598 sunt
2872 4543 3014 4596 enim
3059 4545 3162 4597 illae
3187 4559 3272 4597 res
3294 4583 3309 4607 ,
3355 4559 3498 4612 quas
3527 4544 3697 4598 Arius

2120 4623 2174 4667 et
2201 4613 2486 4667 Colluthus
2513 4614 2880 4667 aceusaliant?
2904 4613 3095 4668 Verius
3120 4613 3347 4667 omnino
3373 4623 3483 4677 est,
3507 4614 3696 4669 Collu-

2121 4683 2274 4736 thum
2310 4697 2603 4737 accusasse
2649 4683 2835 4736 Arium
2867 4689 2922 4737 et
2962 4691 3263 4738 sectatores
3318 4683 3495 4737 illius.
3558 4682 3697 4737 Nam

2122 4767 2246 4807 cum
2264 4761 2408 4823 esset
2436 4754 2719 4823 presbyter
2753 4754 2914 4807 unius
2932 4768 3003 4823 ex
3030 4752 3282 4823 paraaciis
3307 4753 3662 4808 Alexandriae
3688 4793 3704 4817 ,

2121 4821 2573 4893 quemadmodum
2605 4821 2770 4876 Arius
2815 4833 2869 4876 et
2915 4821 3195 4893 Carponas
3254 4837 3318 4876 ac
3371 4824 3701 4887 Sarmatas,

2122 4893 2237 4962 ipse
2268 4892 2322 4945 in
2354 4894 2591 4961 parcecia
2638 4909 2735 4947 sua
2780 4892 3092 4961 perversam
3137 4893 3434 4961 quamdam
3463 4893 3696 4962 doctri-

2120 4961 2519 5035 uam,_perinde
2555 4978 2617 5015 ac
2641 4964 2828 5035 Arius,
2865 4962 3211 5035 praedicavit,
3264 4971 3323 5016 ut
3352 4961 3530 5015 tradit
3556 4964 3695 5035 ΔΕιιί-

2121 5032 2355 5103 phanius
2385 5033 2440 5086 in
2471 5032 2662 5087 haeresi
2695 5032 3039 5087 Arianorum.
3092 5032 3244 5087 Unde
3276 5042 3398 5085 orta
3432 5042 3521 5086 est
3553 5032 3698 5086 inter

2119 5118 2216 5158 eos
2244 5103 2550 5171 aemulatio,
2592 5117 2716 5156 cum
2749 5103 2946 5170 singuli
2988 5117 3146 5157 suum
3194 5103 3393 5171 dogma
3443 5110 3695 5156 astruere
3734 5132 3745 5166 ι

2121 5183 2470 5227 conarentur.
2515 5170 2569 5225 ιιι
2613 5172 2757 5226 enim
2790 5172 3009 5227 evenire
3052 5173 3190 5227 solet
3224 5170 3367 5225 inter
3402 5171 3696 5227 haereticos

2121 5243 2461 5298 diversarum
2485 5250 2778 5297 sectarum.
2809 5240 3096 5313 Colluthus
3118 5242 3302 5313 igitur,
3331 5258 3471 5313 cum
3503 5244 3692 5295 Arium

2120 5319 2379 5382 tanquam
2397 5313 2619 5380 impium
2647 5321 2806 5382 atque
2830 5310 3299 5382 haereticum'apud
3314 5310 3694 5365 Alexandrum

2122 5381 2458 5453 accusasset,
2481 5390 2535 5437 et
2552 5381 2854 5437 Alexander
2867 5383 3052 5436 Arium
3075 5381 3345 5450 deponere
3371 5383 3692 5453 aliquandiu

2121 5452 2457 5520 distulisset;
2501 5454 2792 5508 occasione
2834 5461 3087 5521 arrepta,
3112 5467 3233 5507 sese
3263 5453 3334 5504 ab
3377 5451 3695 5507 Alexandro

2120 5525 2358 5593 scjunxit
2377 5562 2413 5593 ,_
2439 5531 2613 5593 et_pri
2641 5524 2900 5593 episcopo
2928 5537 3126 5593 agens,
3161 5522 3519 5593 presbyteros
3550 5523 3696 5576 ordio

2122 5594 2291 5649 navit.
2321 5591 2453 5649 Vide
2482 5591 2774 5648 Bamuium
2811 5591 2879 5648 ad
2905 5591 3034 5647 anu.
3067 5592 3198 5648 Chr.
3224 5591 3353 5661 515,
3380 5607 3510 5665 cap.
3534 5593 3628 5648 28.
