3850 6160
154 285 258 341 549

1563 275 1943 335 EPISTOLIE.

3300 274 3400 331 55“

155 398 354 455 ἑαυτοῦ
383 401 664 473 ’μοχθηρᾶς
694 400 1065 473 προαιρέσεως
1101 395 1226 472 εὗρε
1254 397 1523 472 πρόφασιν
1543 413 1558 426 ⁸
1591 399 1641 451 οἱ
1673 398 1723 451 δὲ

1835 405 1953 461 est;
1992 395 2081 450 isti
2111 409 2261 456 vero,
2299 393 2523 464 impiam
2559 393 2707 448 illius
2751 409 2818 449 ex
2848 393 3072 449 Christo
3120 394 3398 449 nundina»

151 491 251 561 τὴν
319 495 529 548 ἐκείνου
575 494 1049 569 Χριστεμπορείαν
1093 494 1170 565 (5)
1212 492 1562 566 θεωροῦντες,
1595 495 1726 546 οὐκ-

150 587 238 640 έτι
278 585 376 656 τῆς
411 586 734 659 Ἐκκλησίας
770 587 1071 659 ὑποχείριοι
1120 587 1301 657 μένειν
1333 587 1722 659 ἐκαρτέρησαν·

149 676 265 728 ἀλλ’
292 677 507 741 ἑαυτοῖς
532 678 768 750 σπήλαια
796 678 1007 753 λῃστῶν
1047 679 1519 750 οίκοδομήσαντες,
1574 678 1725 732 ἀδια-

149 767 389 831 λείπτως
426 771 484 822 ἐν
524 771 708 834 αὐτοῖς
761 770 1036 825 ποιοῦνται
1079 772 1358 836 συνόδους,
1410 770 1623 843 νύκτωρ
1665 786 1727 823 τε

150 860 246 912 καὶ
297 860 419 931 μεθ’
451 862 661 934 ἡμέραν
705 863 765 916 ἐν
813 865 933 927 ταῖς
965 863 1108 917 κατὰ
1149 864 1384 936 Χριστοῦ
1429 865 1524 918 καὶ
1569 863 1726 936 ἡμῶν

151 951 427 1016 διαϐολαῖς
468 955 812 1026 ἀσκούμενοι.
873 957 936 1009 Οἳ
989 957 1170 1028 πάσης
1215 957 1315 1027 τῆς
1365 956 1726 1027 ἀποστολικῆς

154 1042 415 1106 εὐσεϐοῦς
454 1045 611 1115 δόξης
655 1045 1118 1118 κατηγοροῦντες,
1161 1047 1432 1118 Ἰουδαῖκῷ
1483 1048 1724 1119 προσχή-

156 1151 288 1202 ματι
335 1137 712 1207 Χριστομάχον
754 1138 1149 1209 συνεκρότησαν
1201 1141 1580 1209 ἐργαστήριον,
1626 1141 1724 1210 τὴν

152 1225 384 1299 θεότητα
444 1226 537 1280 τοῦ
581 1225 833 1300 Σωτῆρος
879 1230 1033 1301 ήμῶν
1079 1231 1421 1302 ἀρνούμενοι,
1473 1232 1568 1284 καὶ
1612 1234 1724 1295 τοῖς

149 1318 318 1371 νᾶσιν
369 1319 484 1370 ἴσον
521 1313 658 1371 εἶναι
701 1319 1087 1392 κηρύσσοντες.
1119 1322 1307 1375 Πᾶσάν
1339 1339 1399 1375 τε
1430 1321 1594 1374 αὐτοῦ
1626 1323 1724 1393 τῆς

151 1409 424 1480 σωτηρίου
491 1412 800 1484 οἰκονομίας
857 1416 951 1468 καὶ
1014 1415 1083 1469 δι’
1146 1418 1292 1486 ἡμᾶς
1348 1415 1723 1480 ταπεινώσεως

150 1501 336 1573 φωνὴν
377 1503 743 1575 ἐκλεξάμενοι,
775 1504 1035 1570 ἐξαύτῶν
1066 1508 1402 1579 συναγείρειν
1429 1508 1722 1579 πειρῶνται

148 1595 248 1665 τῆς
277 1595 534 1659 ἀσεϐείας
569 1596 778 1650 ἐαυτῶν
807 1598 867 1650 τὸ
894 1601 1174 1670 κήρυγμα,
1207 1600 1306 1670 τῆς
1331 1599 1569 1670 ἀρχῆθεν
1607 1599 1724 1653 θεό-

146 1702 317 1754 τητος
365 1686 529 1739 αὐτοῦ
565 1687 659 1741 καὶ
703 1687 852 1759 παρὰ
884 1689 963 1760 τῷ
987 1691 1160 1761 Πατρὶ
1193 1690 1350 1762 δόξης
1388 1690 1615 1744 ἀλέκτου
1643 1690 1720 1762 (6)

1828 487 2031 542 tionem
2073 494 2377 548 cernentes,
2409 500 2517 539 non
2550 487 2783 555 amplius
2816 484 3071 540 Ecclesia:
3117 485 3398 554 subjacere

1826 579 2154 644 voluerunt;
2193 577 2287 632 sed
2342 577 2617 646 speluncis
2671 577 2943 631 latronum
2999 577 3102 631 sibi
3142 585 3397 631 constru-

1826 669 1930 722 ctis
1952 707 1967 732 ,
2001 667 2120 723 sine
2169 666 2574 721 intermissione
2601 674 2904 722 conventus
2938 666 2994 720 in
3031 667 3140 721 illis
3185 678 3352 737 agunt
3383 705 3398 729 ,

1825 769 1990 817 noctu
2021 767 2186 829 atque
2213 758 2450 813 interdiu
2479 760 2782 814 calumnias
2823 761 3084 814 adversus
3116 757 3397 814 Christum

1823 857 1878 903 et
1906 848 2191 904 adversum
2237 862 2338 903 nos
2364 849 2858 904 comminiscentes.
2889 847 2992 914 Qui
3025 864 3148 903 cum
3180 864 3396 903 onmem

1824 938 1967 1008 piam
2020 945 2076 993 et
2126 939 2480 1009 apostolicam
2511 939 2812 992 doctrinam
2847 939 3131 1002 incusent,
3165 937 3398 992 Judaico

1824 1043 1976 1083 more
2020 1028 2084 1082 ad
2135 1027 2559 1097 impugnandum
2603 1028 2879 1083 Christum
2924 1029 3200 1082 ofﬁcinam
3235 1029 3397 1084 insti-

1825 1129 2066 1182 tuerunt,
2097 1121 2404 1178 Servatoris
2429 1122 2598 1177 nostri
2621 1123 2877 1178 deitatem
2907 1133 3192 1193 negantes,
3219 1133 3274 1178 et
3308 1139 3398 1180 re-

1824 1211 1988 1281 liquis
2038 1213 2292 1268 omnibus
2344 1215 2605 1283 aequalem
2661 1231 2782 1269 cum
2839 1230 2960 1270 esse
3012 1216 3390 1286 praedicantes.

1822 1302 2190 1372 Collectisque
2220 1305 2475 1358 omnibus
2510 1305 2644 1361 locis
2669 1306 2724 1359 in
2764 1307 2966 1376 quibus
3001 1323 3183 1362 sermo
3214 1317 3298 1363 est
3326 1311 3395 1364 de

1824 1395 2049 1448 salutari
2085 1395 2204 1463 ejus
2241 1396 2648 1465 dispensatione
2692 1406 2746 1451 et
2780 1398 2847 1452 de
2879 1399 3184 1467 abjectione
3215 1402 3394 1456 nostri

1823 1500 1988 1540 causa
2016 1487 2083 1541 ab
2109 1502 2174 1542 eo
2203 1498 2475 1558 suscepta,
2515 1489 2808 1559 impietatis
2838 1505 2950 1544 suae
2978 1491 3278 1546 doctrinam
3306 1509 3398 1547 eo-

1825 1591 1944 1629 rum
1966 1578 2292 1632 auctoritate
2340 1581 2662 1634 conﬁrmare
2702 1581 2984 1646 nituntur,
3032 1583 3150 1636 loca
3190 1583 3392 1653 quibus

1823 1676 2023 1723 aeterna
2047 1669 2290 1738 ejusdem
2319 1669 2579 1726 divinitas
2608 1680 2661 1727 et
2685 1673 3086 1744 inexplicabilis
3117 1677 3259 1745 apud
3287 1674 3392 1730 Pa-

147 1777 274 1839 τοὺς
305 1777 497 1846 λόγους
530 1778 1013 1850 ἀποστρεφόμενοι.
1045 1779 1153 1850 Τὴν
1181 1761 1315 1848 γοῦν
1353 1780 1614 1853 Ἑλλήνων
1656 1761 1716 1834 τε

1826 1768 1956 1814 trem
1988 1761 2160 1831 gloria
2192 1764 2480 1827 astruitur,
2507 1772 2844 1820 aversantes.
2878 1765 3036 1820 Cum'
3059 1766 3226 1837 igitur
3258 1784 3392 1838 gen-

149 1869 244 1922 καὶ
287 1868 558 1924 Ἰουδαίων
596 1869 767 1941 ἀσεϐῆ
802 1872 932 1942 περὶ
971 1871 1205 1942 Χριστοῦ
1237 1873 1395 1937 δόξαν
1429 1873 1723 1944 κρατύνον-

146 1975 260 2023 τες,
286 1959 382 2012 τὸν
408 1962 538 2034 παρ’
571 1961 747 2016 αὐτῶν
779 1962 998 2018 ἔπαινον
1036 1964 1110 2028 ὡς
1143 1964 1220 2018 ἐνι
1253 1965 1487 2036 μάλιστα
1513 1965 1723 2038 θηρῶν-

146 2068 276 2104 ται·
323 2053 500 2108 πάντα
529 2053 627 2125 μὲν
657 2055 758 2108 ὅσα
789 2054 911 2108 καθ’
933 2055 1090 2126 ἡμῶν
1125 2057 1257 2129 παρ’
1280 2058 1462 2121 αὐτοῖς
1499 2057 1720 2126 γελᾶται

148 2144 658 2215 πραγματευόμενοι
682 2163 696 2176 ·
739 2145 955 2208 στάσεις
985 2145 1042 2198 δὲ
1067 2148 1198 2216 ἡμῖν
1224 2147 1344 2200 καθ’
1384 2147 1596 2218 ἡμέραν
1629 2149 1720 2201 καὶ

146 2233 426 2305 διωγμοὺς
469 2235 861 2308 ἐπεγείροντες.
901 2238 1011 2291 Καὶ
1044 2237 1203 2291 τοῦτο
1243 2239 1360 2309 μὲν,
1399 2238 1721 2310 δικαστήρια

149 2326 596 2399 συγκροτοῦντες,
635 2327 700 2381 δι’
744 2329 992 2399 ἐντυχίας
1038 2331 1408 2402 γυναικαρίων
1467 2331 1544 2400 (7)
1590 2333 1722 2386 ἀτά-

145 2431 291 2468 κτων
328 2415 364 2468 ἂ
391 2417 708 2487 ἠπάτησαν·
748 2417 906 2471 τοῦτο
937 2419 1016 2482 δὲ,
1047 2419 1136 2471 τὸν
1157 2419 1575 2492 Χριστιανισμὺν
1602 2421 1719 2474 δια-

150 2507 451 2580 σύροντες,
521 2510 587 2562 ἐκ
640 2509 734 2562 τοῦ
791 2512 1203 2582 περιτροχάζειν
1283 2516 1464 2568 πᾶσαν
1523 2515 1719 2583 ἀγυιὰν

152 2601 408 2670 ἁσέμνως
446 2600 544 2664 τὰς
586 2603 716 2672 παρ’
752 2602 932 2665 αὐτοῖς
974 2605 1262 2674 νεωτέρας.
1309 2605 1466 2658 Ἀλλὰ
1497 2606 1588 2660 καὶ
1629 2605 1720 2659 τὸν

152 2693 428 2764 ἄρρηκτον
473 2692 566 2744 τοῦ
591 2692 824 2764 Χριστοῦ
870 2693 1098 2762 χιτῶνα,
1128 2695 1186 2747 ὃν
1219 2697 1266 2748 οἰ
1305 2696 1487 2766 δήμιοι
1528 2695 1719 2750 διελεῖν

148 2784 250 2836 οὐκ
287 2783 698 2848 ἐϐουλεύσαντο,
735 2785 888 2838 αὐτοὶ
927 2785 1106 2854 σχίσαι
1149 2786 1469 2859 ἐτόλμησαν.

220 3049 288 3100 Il.
342 3047 532 3119 Ἡμεῖς
585 3049 682 3121 μὲν
715 3045 830 3116 οῦν,
861 3051 896 3106 ἃ
919 3052 1109 3124 καὶτῷ
1153 3053 1252 3124 βίῳ
1302 3055 1479 3108 αὐτῶν
1519 3058 1610 3110 καὶ
1649 3060 1714 3129 τῇ
1746 3103 1790 3164 C

220 3139 346 3164 -_!-.
391 3141 723 3164 1.-.-----.Ι.---
781 3141 973 3164 ..-ι---
1043 3142 1124 3164 9.]-
1155 3143 1196 3164 -ὶ
1247 3143 1404 3164 λιμννΛΙ
1438 3162 1466 3164 ,κ
1586 3146 1610 3164 η

143 3139 348 3210 ἀνοσίῳ
390 3141 727 3212 ἐπιχειρήσει
777 3141 1000 3213 πρέπει,
1038 3142 1126 3196 διὰ
1150 3143 1209 3196 τὺ
1247 3143 1546 3208 λανθάνειν,
1584 3146 1713 3218 βρα-

144 3229 282 3292 δέως
341 3231 760 3300 ἐπιστήσαντες,
813 3231 1106 3302 παμψηφεὶ
1152 3233 1250 3303 τῆς
1309 3237 1719 3306 προσκυνούσης

148 3318 386 3388 Χριστοῦ
436 3319 536 3392 τὴν
575 3320 799 3391 θεότητα
873 3320 1198 3394 Ἐκκλησίας
1243 3325 1582 3397 ἐξηλάσαμεν
1620 3328 1715 3398 (8).

160 3412 551 3482 Ἐπεχείρησαν
582 3413 639 3466 δὲ
675 3415 1028 3487 περιδρομαῖς
1075 3417 1344 3488 χρώμενοι
1387 3420 1508 3472 καθ’
1542 3421 1715 3490 ήμῶν,

145 3503 536 3573 παρεκϐαίνειν
576 3505 710 3576 πρὸς
743 3508 868 3570 τοὺς
907 3508 1214 3580 ὁμόφρονας
1257 3509 1716 3582 συλλειτουργοὺς,

147 3596 392 3665 σχήματι
437 3596 534 3666 μὲν
576 3598 796 3668 εἰρήνης
834 3600 928 3651 καὶ
959 3599 1203 3663 ἐνὼσεως
1234 3602 1457 3667 ἀξίωσιν
1495 3605 1721 3676 ὑποκρι-

143 3687 363 3756 νόμενοι
384 3705 397 3717 ·
433 3689 494 3741 τὸ
524 3689 582 3741 δέ
611 3690 834 3760 ἀληθὲς,
871 3695 1214 3764 συναρπάσαι
1248 3695 1398 3759 τινὰς
1430 3696 1608 3749 αὐτῶν
1641 3700 1721 3760 είς

143 3778 244 3849 τὴν
277 3779 415 3831 ἰδίαν
441 3781 594 3833 νόσον
620 3781 707 3834 διὰ
743 3784 1133 3853 χρηστολογίας
1173 3785 1560 3852 σπουδάζοντες
1580 3805 1592 3817 ·
1627 3789 1720 3841 κα).

149 3867 553 3940 στωμυλώτερα
585 3871 886 3941 γράμματα
933 3874 1061 3944 παρ’
1094 3872 1270 3926 αὐτῶν
1306 3873 1600 3938 αἰτοῦντες,
1636 3875 1721 3928 ἵνα

149 3959 724 4031 παραναγινώσκοντες
767 3963 905 4016 αὐτὰ
941 3967 1053 4027 τοῖς
1090 3966 1179 4018 ὑπ’
1214 3966 1392 4019 αὐτῶν
1432 3968 1721 4038 ἠπατημέ-

149 4067 282 4115 νοις,
311 4051 710 4123 ἀμετανοήτους
738 4055 823 4122 ἐφ’
854 4049 932 4118 οἷς
965 4055 1272 4126 ἐσφάλησαν
1303 4057 1722 4122 κατασκευάζω-

146 4158 254 4206 σιν,
290 4143 734 4215 ἐπιτριϐομένους
765 4147 845 4208 είς
882 4146 1152 4212 ἀσέϐειαν,
1184 4147 1259 4210 ὡς
1300 4148 1366 4200 ἂν
1400 4150 1721 4221 συμψήφους

145 4235 329 4298 αὐτοῖς
351 4236 446 4288 καὶ
479 4237 784 4308 ὁμόφρονας
812 4237 1024 4308 ἔχοντες
1056 4239 1404 4302 ἐπισκόπους.
1443 4241 1551 4310 Ούχ
1579 4241 1722 4312 ἅπερ

146 4324 278 4392 γοῦν
318 4327 450 4398 παρ’
489 4328 621 4398 ἡμῖν
669 4328 918 4398 πονηρῶς
969 4328 1211 4393 ἐδίδαξαν
1260 4347 1319 4382 τε
1364 4330 1459 4382 καὶ
1503 4329 1724 4401 διεπρά-

1825 1851 2000 1906 tilium
2033 1868 2096 1908 ac
2121 1851 2430 1908 Judazorum
2463 1855 2682 1925 impiam
2719 1856 2787 1911 de
2814 1856 3035 1913 Christo
3064 1859 3393 1914 sententiam

1821 1945 2166 2009 conﬁrment,
2195 1947 2409 2002 laudem
2445 1946 2516 2002 ab
2565 1947 2674 2004 illis
2719 1949 2866 2002 omni
2923 1959 3040 2004 arte
3069 1965 3133 2004 ac
3180 1951 3394 2006 ratione

1823 2044 2204 2106 aucupantur:
2237 2054 2301 2093 ea
2331 2038 2551 2108 quidem
2579 2054 2702 2110 quae
2729 2041 2808 2094 illi
2857 2041 2914 2096 in
2949 2043 3112 2097 nobis
3142 2042 3394 2097 deridere

1821 2128 2028 2190 solent,
2077 2129 2257 2182 omnia
2320 2129 2724 2200 contingentes;
2788 2131 3084 2187 seditiones
3116 2139 3295 2186 autem
3326 2147 3393 2185 ac

1821 2202 2242 2288 persecutiones.
2265 2220 2527 2275 adversus
2565 2235 2667 2276 nos
2691 2221 2934 2290 quotidie
2955 2222 3278 2276 excitantes.
3319 2220 3388 2275 Et

1820 2324 1966 2363 nunc
2021 2310 2239 2380 quidem
2286 2309 2353 2364 ad
2387 2312 2634 2380 judicum
2679 2313 2970 2366 tribunalia
3020 2328 3120 2368 nos
3167 2314 3392 2368 trahunt

1822 2415 1918 2470 per
1941 2399 2402 2470 interpellationes
2441 2403 2728 2457 mulierum
2757 2403 3102 2472 disciplinam
3134 2419 3243 2458 non
3270 2419 3390 2460 ser—

1821 2491 2086 2555 vantium,
2121 2507 2259 2561 quas
2309 2492 2412 2560 ipsi
2467 2492 2520 2546 in
2576 2509 2815 2548 errorem
2845 2493 3211 2559 induxerunt;
3243 2511 3391 2549 nunc

1813 2571 2142 2639 Christianae
2160 2585 2405 2653 religioni
2433 2586 2688 2654 probrum
2718 2594 2878 2656 atque
2897 2586 3175 2640 infamiam
3207 2603 3391 2656 asper-

1819 2685 1954 2746 gunt
1974 2717 1989 2742 ,
2033 2677 2161 2730 dum
2184 2678 2493 2746 juvencula:
2523 2678 2764 2747 ipsorum
2796 2693 2890 2748 per
2937 2692 3128 2733 omnes
3156 2679 3305 2733 vicos
3335 2689 3390 2734 et

1819 2770 2055 2837 compita
2095 2770 2324 2838 turpiter
2377 2769 2830 2824 circumcursant.
2865 2767 2971 2824 Sed
3006 2777 3060 2823 et
3092 2769 3390 2824 indissolu-

1817 2860 1979 2914 bilem
2014 2859 2218 2915 Chrisﬁ
2261 2861 2496 2914 tunicam
2523 2900 2538 2926 ,
2587 2876 2748 2930 quam
2777 2862 3062 2918 carniﬁces
3091 2862 3220 2916 olim
3250 2862 3391 2917 divi-

1820 2950 1948 3007 dere
1981 2953 2294 3015 noluerunt,
2331 2953 2420 3007 isti
2442 2953 2560 3008 ausi
2588 2960 2714 3006 sunt
2743 2952 3072 3008 discindere.

1892 3043 1954 3098 ll.
1996 3043 2074 3098 Ac
2109 3059 2208 3099 nos
2241 3043 2458 3113 quidem
2499 3059 2619 3098 cum
2651 3060 2714 3098 ea
2757 3060 2876 3115 quae
2907 3045 3028 3098 vitae
3058 3044 3300 3115 ipsorum
3327 3058 3391 3100 ac

1821 3134 2043 3190 nefariis
2070 3135 2356 3189 conatibus
2397 3143 2746 3203 competunt,
2793 3134 2970 3189 serius
3003 3142 3221 3204 propter
3244 3135 3392 3204 ipso-

1818 3244 1938 3282 rum
1969 3228 2204 3282 latebras
2227 3226 2771 3296 deprehendissemus
2794 3267 2808 3290 ,
2845 3230 3120 3280 communi
3146 3229 3388 3280 omnium

1820 3315 2078 3388 suffragio
2107 3332 2175 3372 ex
2198 3324 2341 3371 coetu
2367 3316 2623 3372 Ecclesia:
2652 3333 2772 3387 qua:
2812 3317 3013 3372 Christi
3048 3317 3388 3373 divinitatem

1819 3413 2029 3474 adorat,
2059 3427 2152 3467 eos
2190 3411 2471 3479 ejecimus.
2527 3411 2634 3480 lpsi
2678 3426 2806 3465 vero
2833 3420 3022 3465 contra
3060 3428 3161 3468 nos
3201 3415 3306 3466 huc
3335 3422 3390 3467 et

1820 3506 1948 3558 illuc
1970 3503 2362 3566 discurrentes,
2395 3504 2462 3557 ad
2501 3504 2736 3572 collegas
2780 3511 3000 3559 nostros
3028 3505 3169 3559 idem
3199 3505 3389 3560 nobis-

1820 3612 1943 3650 cum
1971 3596 2264 3650 sentientes
2293 3594 2562 3664 proﬁcisci
2616 3594 3008 3649 instituerunt:
3055 3596 3236 3664 specie
3267 3596 3389 3664 qui-

1821 3687 1942 3741 dem
1973 3700 2159 3754 pacem
2190 3692 2243 3740 et
2276 3684 2624 3739 concordiam
2664 3691 2915 3754 expetere
2941 3701 2998 3739 se
3029 3685 3386 3752 simulantes;

1821 3790 1881 3829 re
1908 3778 2024 3844 ipsa
2055 3789 2183 3830 vero
2213 3773 2476 3843 quosdam
2507 3789 2694 3829 eorum
2722 3774 2934 3829 blandis
2960 3775 3305 3830 sermonibus
3332 3777 3387 3830 in

1820 3882 2062 3922 errorem
2094 3882 2252 3921 suum
2281 3865 2568 3921 traducere
2595 3876 2876 3921 conantes.
2913 3869 2956 3920 A
2987 3869 3186 3938 quibus
3219 3870 3387 3923 etiam

1820 3959 2161 4014 verbosiores
2193 3959 2451 4026 epistolas
2500 3958 2770 4029 ﬂagitant,
2810 3967 2868 4013 ut
2899 3974 2990 4014 eas
3022 3961 3261 4029 legentes
3290 3960 3390 4015 ho-

1822 4051 2061 4106 minibus
2095 4065 2233 4119 quos
2263 4051 2364 4119 ipsi
2388 4051 2718 4119 deceperunt
2739 4090 2754 4114 ,
2807 4065 2902 4105 eos
2948 4051 3300 4119 pertinaciter
3331 4052 3388 4105 in

1822 4160 2009 4201 errore
2044 4161 2389 4215 perseverare
2422 4146 2622 4200 faciant
2670 4147 2874 4214 absque
2915 4145 3026 4198 ullo
3055 4145 3390 4215 pcenitentize

1823 4258 1988 4298 sensu
2022 4244 2076 4297 in
2129 4243 2404 4312 impietate
2440 4244 2757 4308 obduratos,
2789 4242 2949 4311 quasi
2982 4242 3076 4311 qui
3105 4242 3390 4311 episcopos

1824 4335 1964 4389 idem
1994 4350 2178 4390 secum
2210 4336 2506 4390 sentientes
2524 4351 2587 4389 ac
2617 4335 2718 4389 sibi
2749 4333 3110 4402 suifragantes
3130 4332 3390 4387 habeant.

147 4417 330 4484 ξαντο,
382 4418 738 4489 ὁμολογοῦσιν
800 4421 1002 4484 αὐτοῖς,
1051 4420 1116 4474 δι’
1156 4421 1192 4474 ἆ
1238 4423 1330 4476 καὶ
1371 4422 1715 4495 ἐξώσθησαν·

1826 4425 1900 4479 Ea
1931 4441 2094 4496 porro
2138 4442 2260 4497 qua:
2317 4426 2458 4495 apud
2509 4441 2608 4482 nos
2658 4440 2935 4495 perperam
2985 4424 3290 4479 docuerunt
3335 4430 3392 4476 ct

219 4617 297 4685 (5)
319 4616 439 4686 Τὴν
457 4616 694 4690 ἐκείνου
716 4622 1235 4690 Χρθστεμπορείαν.
1268 4623 1720 4688 Colluthus,'cum

147 4696 297 4742 esset
325 4688 616 4763 presbyter
640 4688 1015 4755 Alexandriae,
1047 4688 1364 4763 arrogantia
1411 4709 1474 4748 ac
1504 4697 1723 4750 temeri-

149 4765 260 4812 tate
285 4762 466 4835 elatus
492 4802 504 4823 ,
551 4775 672 4835 pro_
698 4763 956 4833 episcopo
989 4777 1048 4835 se
1092 4762 1366 4835 gesserat,
1413 4767 1722 4835 multosque

150 4827 506 4906 presbiteros
536 4827 1276 4906 a:cAdiaconos'ordina'verat.
1307 4833 1511 4906 Verum
1545 4836 1599 4889 in
1632 4827 1723 4906 sy-

150 4898 296 4976 nodo
324 4899 670 4955 Alexandria:
717 4911 1046 4976 congregata
1079 4913 1291 4976 cunctae
1339 4905 1458 4971 ejus
1499 4898 1722 4959 ordina-

149 4972 331 5043 tiones
367 4978 553 5043 postea
597 4972 849 5043 rescissaé
891 4972 1049 5038 sunt;
1093 4981 1147 5028 et
1183 4975 1496 5043 quicunque
1539 4976 1607 5028 ab
1656 4989 1722 5030 eo

147 5037 385 5090 ordinati
412 5039 647 5106 fuerant,
680 5043 734 5095 in
763 5037 1293 5098 laicorumordin'em
1326 5037 1454 5098 sunt
1477 5045 1719 5108 redacti,

145 5114 211 5160 ut
253 5114 490 5184 testatur
517 5110 850 5184 Athanasius
896 5116 950 5166 in
979 5113 1311 5184 Apologetico
1355 5114 1582 5169 secundo
1625 5113 1724 5167 ad-

145 5177 614 5252 rersus_:4riait_os.
646 5180 785 5235 Hinc
825 5191 1049 5252 apparet
1087 5177 1184 5237 cu'r
1205 5184 1509 5238 Alexander
1538 5185 1726 5239 Collu-

146 5247 307 5326 thum
334 5247 756 5326 Χριστὲμπορον
787 5247 964 5313 vocet,
989 5268 1053 5307 eo
1084 5254 1227 5326 quod
1260 5255 1467 5326 scilicet
1504 5257 1724 5309 ordina-

152 5318 334 5395 tiones
359 5318 740 5395 venderet,:et
763 5338 826 5377 ex
860 5318 1118 5376 manuum
1153 5325 1498 5393 impositione
1538 5340 1602 5378 ac
1635 5340 1725 5380 re-

151 5385 714 5462 liquissacramentis
746 5400 1016 5462 quasstum
1047 5385 1313 5462 captaret.

219 5455 511 5533 (6)__Ad§nc
527 5455 802 5533 ἀλέκτοᾲ
834 5462 893 5515 1η
907 5455 1292 5533 manuscripto
1303 5462 1489 5518 codice
1505 5461 1723 5533 Henrici

157 5524 378 5598 Sarilii,
412 5524 470 5581 in
501 5529 650 5598 regio
682 5531 871 5586 codice
898 5529 949 5584 J.
976 5530 1096 5585 Pini
1123 5572 1138 5596 ,
1169 5524 1222 5588 et
1260 5535 1316 5587 in
1347 5534 1584 5588 editione
1616 5532 1722 5587 Ba-

156 5597 369 5651 siliensi
398 5597 596 5674 legitur
609 5599 864 5674 ᾁλήκτου.
892 5598 1174 5674 Vulgatam
1195 5610 1374 5658 tamen
1393 5605 1724 5674 scripturam

157 5674 384 5741 tuentur
433 5669 643 5741 reliqui
679 5669 896 5726 codices
917 5712 931 5736 ,
974 5669 1027 5726 et
1060 5669 1344 5741 Epiphanii
1376 5669 1724 5729 ’Scholastici

157 5736 565 5808 interpretatio."
612 5736 717 5796 Sed
743 5749 796 5799 et
826 5743 884 5800 in
911 5736 1594 5814 editione—Basiliensipro
1639 5745 1725 5801 his

1819 4627 2002 4683 verbis
2033 4625 2182 4697 παρὰ
2202 4624 2280 4695 τῷ
2310 4625 2502 4697 Πατρί,
2543 4624 2918 4697 legiturmtpa
2938 4622 3291 4697 roﬁllacpdc.

1891 4697 1966 4767 (7)
2014 4695 2092 4750 Δι’
2119 4697 2398 4767 ἐντςυχίιις
2434 4695 2859 4767 γυναικαρίωνζ
2891 4695 3198 4767 Amplector
3223 4695 3393 4767 intera

1820 4764 2175 4836 pretationem
2206 4765 2524 4836 Camerarii,
2559 4767 2650 4834 qui
2682 4767 2771 4836 sic
2791 4765 2988 4836 vertit.
3017 4779 3108 4836 per
3133 4764 3389 4836 interpel-

1823 4833 2044 4890 lationes
2085 4835 2539 4896 muliercularum,
2578 4833 2692 4889 etc.
2729 4834 2837 4888 Nec
2872 4835 3012 4888 male
3050 4833 3390 4902 Epiphanius

1824 4905 2200 4960 Scholasticus
2231 4905 2522 4959 additiones
2547 4907 2951 4974 interpretatur.
2973 4903 3228 4973 lntelligit
3244 4903 3388 4974 enirn

1824 4977 2037 5030 libellos
2093 4976 2501 5030 accusationum
2528 5014 2542 5036 ,
2577 4972 2714 5044 quos
2750 4975 3006 5028 mulieres
3060 4974 3128 5027 ab
3162 4972 3392 5044 Arianis

1826 5046 2140 5100 subornatae
2174 5045 2519 5116 porrigebant
2538 5043 2839 5116 jn’dicibus_
2866 5044 3127 5116 adversus
3157 5043 3389 5116 Alexan-

1823 5116 1981 5169 drum
2027 5113 2345 5185 episcopuni
2396 5115 2754 5185 Alexandriae:
2809 5113 2952 5167 Sane
3012 5113 3232 5185 ἐντυχία
3292 5127 3395 5182 pro

1823 5186 2009 5255 libello
2034 5180 2264 5255 supplici
2291 5185 2527 5255 sumitur
2563 5185 2632 5239 ab
2663 5180 2984 5249 Athanasio,
3012 5192 3072 5238 ut
3099 5180 3390 5237 observavi

1824 5256 1883 5310 in
1899 5253 2343 5308 adnotationibus
2372 5253 2718 5309 Eusebianis.

1895 5326 1970 5396 (8)
1984 5323 2319 5396 Παμψηςρεί,
2331 5364 2342 5375 .
2353 5323 2479 5396 Ἰτῆς
2494 5323 2876 5392 Ἑκκλησίας,
2893 5321 3296 5396 ἐξηλάσαμεν.

1825 5389 1912 5450 his
1955 5389 2145 5449 verbis
2192 5389 2503 5463 colligitur,
2562 5389 2712 5448 hanc
2755 5389 3040 5463 epistolam
3098 5389 3394 5463 Alesandri

1825 5465 2086 5535 scriptam
2106 5480 2229 5520 esse
2258 5461 2379 5535 post
2407 5466 2672 5535 synodum
2706 5461 3129 5535 Alexandrinam
3159 5501 3172 5522 ,
3205 5461 3259 5514 in
3285 5475 3394 5529 qua

1827 5532 2116 5590 damnatus
2143 5532 2450 5589 erat’Arius‘
2472 5549 2596 5588 cum
2627 5535 2811 5589 sociis.
2835 5532 2980 5586 Duas
3007 5540 3186 5587 autem
3204 5601 3209 5602 ί
3230 5545 3395 5602 syno-

1828 5605 1929 5659 dos
1982 5605 2361 5676 episcoporum
2393 5602 2615 5674 Egypti
2656 5604 2917 5660 adversus
2947 5602 3135 5676 Arium
3164 5601 3397 5676 _ej_uSque

1829 5673 2258 5746 socios’colle'git
2285 5673 2592 5746 Alexander
2613 5676 2903 5746 episcopus
2935 5673 3279 5741 Alexandriae
3296 5709 3312 5736 ,
3338 5675 3398 5724 ut

1829 5745 1973 5801 infra
2005 5746 2254 5818 pluribus
2281 5745 2655 5802 ostendemus.
