3850 6160
451 285 550 341 551

1544 275 1605 328 S.
1647 266 2043 326 ALEXAND!“
2078 264 2540 323 ALEXANDle

3603 249 3714 308 ὅθ

452 405 702 469 egerunt.
733 407 785 452 et
823 409 1056 467 quorum
1084 407 1252 447 causa
1274 407 1304 446 ιι
1326 390 1485 447 nobis
1510 397 1640 446 sunt
1663 389 1897 459 expulsi,
1932 403 2030 443 ne-

2145 386 2242 441 me
2284 386 2318 457 ἢ
2354 385 2534 453 σιωπῇ
2560 381 2731 435 ταῦτα
2774 377 3178 450 παραδιδόασιν,
3224 373 3261 443 ἢ
3300 372 3715 469 πεπλασμένοις

450 506 723 562 quaquam
764 490 872 543 illis
900 486 1229 542 conﬁtentur
1253 501 1267 550 ;
1298 483 1393 539 sed
1421 485 1507 539 vel
1537 483 1755 538 silentio
1783 484 1889 536 ista
1914 489 2028 535 tra-

440 584 608 648 dunt,
641 583 725 638 vel
756 582 897 636 ﬁctis
942 578 1287 636 sermonibus
1340 585 1395 631 et
1437 576 1653 630 libellis
1699 573 2029 643 conscriptis

449 678 720 738 velantes,
755 673 937 729 fucum
968 671 1193 726 faciunt.
1226 668 1614 723 Probabilibus
1650 669 1833 736 itaque
1860 673 1914 721 et
1961 665 2029 720 ad

454 768 879 822 aSsentationem
894 763 1215 835 compositis
1230 760 1520 831 colloquiis
1534 759 1852 829 pestiferam
1875 772 2031 813 suam

455 858 760 912 doctrinam
822 856 1182 931 obtegeutes,
1234 853 1622 923 simpliciorem
1673 865 1945 921 quemque
1977 857 2033 906 et

458 948 635 1003 fraudi
685 949 990 1018 expositum
1048 945 1516 1008 circumveniunt,
1595 959 1772 1013 neque
1816 942 2032 997 interim

459 1046 689 1110 parcunt
719 1039 973 1109 pietatem
1008 1048 1248 1093 nostram
1281 1035 1426 1106 apud
1461 1050 1652 1092 omnes
1686 1033 2029 1089 calumniari.

460 1127 616 1183 Unde
663 1128 720 1180 ﬁt
752 1135 811 1181 ut
841 1127 1089 1182 nonnulli
1137 1126 1335 1181 litteris
1370 1140 1560 1181 eorum
1589 1125 1993 1181 subseribentes
2016 1161 2032 1186 ,

459 1220 517 1275 in
536 1220 835 1276 Ecclesiam
856 1235 951 1275 eos
971 1219 1257 1289 recipiant,
1277 1233 1401 1271 cum
1431 1224 1615 1271 tamen
1645 1214 2037 1270 comministris

448 1310 554 1380 qui
581 1310 684 1364 hoc
711 1311 830 1365 ausi
858 1317 1006 1375 sunt,
1040 1308 1385 1380 gravissima,
1420 1317 1479 1360 ut
1513 1306 1725 1376 opinor,
1746 1304 2040 1373 reprehen-

461 1404 636 1460 sionis
669 1403 950 1457 immineat
988 1402 1243 1468 infamia;
1292 1418 1357 1457 eo
1404 1400 1552 1471 quod
1596 1412 1699 1452 nec
1731 1398 2039 1466 apostolica

462 1496 649 1565 regula
703 1494 757 1548 id
794 1494 1081 1565 permittit,
1114 1502 1170 1547 et
1214 1492 1483 1547 diabolica
1523 1492 1580 1546 in
1632 1492 1766 1562 ipsis
1797 1489 2042 1560 operatio

464 1589 727 1643 adversus
760 1586 1037 1642 Christum
1091 1585 1192 1639 hoc
1234 1585 1378 1639 facto
1422 1583 1654 1639 validius
1704 1582 2039 1636 accendizur.

460 1678 831 1743 Quamobrem
861 1678 998 1730 nihil
1033 1685 1321 1731 cunctatus
1343 1716 1357 1739 ,
1420 1676 1618 1730 fratres
1660 1672 2040 1735 dilectissimi,

2127 475 2307 543 λόγοις
2374 475 2469 527 καὶ
2538 469 2839 541 ἐγγράφοις
2918 464 3331 528 ἐπισκιάζοντες
3396 458 3713 515 ἀπατῶσιν.

2128 565 2561 636 Πειθανωτέραις
2605 562 2735 631 γοῦν
2792 560 2889 613 καὶ
2939 556 3267 628 βωμολόχοις
3320 551 3563 624 ὁμιλίαις
3613 550 3718 620 τὴν

2131 657 2451 730 φθοροποιὸν
2491 652 2669 709 αὐτῶν
2709 649 3052 705 διδασκαλίαν
3099 643 3560 717 ἑπικρύπτοντες,
3587 656 3719 693 συν-

2131 750 2467 823 αρπάζουσιν
2534 745 2625 799 τὸν
2665 745 2745 807 είς
2791 741 3006 811 ἀπάτην
3047 737 3394 807 ἐκκείμενον,
3454 734 3563 787 οὐκ
3605 733 3720 785 ἀπ-

2131 842 2379 911 εχόμενοι
2421 836 2516 891 καὶ
2553 834 2647 888 τοῦ
2682 832 2833 907 παρὰ
2871 834 3003 885 πᾶσι
3034 827 3383 896 συκοφαντεῖν
3413 824 3512 895 τὴν
3566 824 3716 892 ἡμε-

2131 932 2295 1002 τέραν
2356 925 2658 981 εὐσέϐειαν.
2712 922 2871 975 Ὅθεν
2923 919 3018 974 καὶ
3072 915 3355 987 ωμὸαίνει
3398 912 3555 975 τινὰς
3599 912 3718 973 τοῖς

2134 1023 2455 1096 γράμμασιν
2510 1015 2692 1072 αὐτῶν
2741 1013 3186 1084 ὑπογράφοντας,
3246 1008 3323 1096 εις
3380 1002 3720 1096 Ἐκκλησίαν

2135 1090 2487 1183 είσδέγεσθαι·
2532 1106 2814 1179 μεγίστης,
2834 1104 2909 1166 ὠς
2946 1095 3385 1171 οἷμαι,δια6ολῆς
3420 1090 3719 1161 ἐπικειμέι-

2135 1223 2233 1276 νης
2273 1206 2387 1267 τοῖς
2434 1200 2592 1254 τοῦτο
2635 1196 2877 1267 τολμῶσι
2924 1190 3383 1261 συλλειτουργοῖς,
3440 1185 3520 1255 τῷ
3577 1186 3720 1254 μήτε

2135 1274 2227 1352 τδν
2265 1292 2620 1351 άποστολικὸν
2663 1289 2865 1343 κανόνα
2905 1283 3062 1338 τοῦτο
3100 1280 3419 1351 συγχωρεῖν,
3448 1275 3592 1330 ἀλλά
3624 1274 3721 1328 καὶ

2139 1387 2455 1444 ὑπεκκαίειν
2483 1384 2579 1454 τὴν
2618 1381 2705 1435 ἐπ’
2739 1380 2921 1440 αὐτοῖς
2961 1373 3269 1441 διαδολικὴν
3309 1368 3449 1423 κατὰ
3473 1361 3719 1437 Χριστοῦ

2140 1481 2437 1553 ἐνέργειαν.
2485 1476 2578 1544 Διὸ
2622 1473 2687 1543 δὴ
2733 1472 2828 1524 καὶ
2876 1468 3027 1521 οὐδὲν
3073 1463 3372 1553 μελλήσας,
3414 1455 3718 1553 ἀγαπητοὶ,

2140 1547 2378 1646 δηλωσαι
2421 1571 2550 1640 ὑμῖν
2591 1569 2691 1637 τὴν
2730 1565 2840 1618 τῶν
2888 1558 3142 1613 τοιούτων
3177 1552 3431 1609 ἀπιστίαν
3476 1547 3720 1618 ἐμαυτὸν

2142 1637 2485 1730 summa,
2524 1658 2788 1726 λεγόντων
2819 1654 2901 1706 ὅτι
2928 1646 2997 1721 ἦν
3024 1665 3154 1701 ποτε
3185 1647 3273 1698 ὅτε
3302 1643 3400 1696 οὐκ
3432 1637 3501 1711 ἦν
3533 1642 3565 1693 ὁ
3594 1637 3722 1699 Υἱὸς

465 1771 708 1824 animum
743 1784 807 1823 ac
850 1769 1104 1823 ﬁduciam
1154 1769 1385 1838 sumpsi,
1420 1774 1478 1821 ut
1510 1765 1787 1837 perfidiam
1811 1765 2040 1818 istorum

2145 1756 2235 1811 τοῦ
2262 1754 2420 1818 Θεοῦ,
2450 1754 2545 1807 καὶ
2570 1751 2790 1819 γέγονεν
2819 1745 3044 1815 ὕστερον
3077 1744 3106 1794 ό
3134 1739 3394 1838 πρότερον
3427 1734 3504 1805 μὴ
3541 1732 3725 1837 ὑπάρ-

466 1860 622 1914 vobis
648 1857 946 1913 indicarem
988 1859 1082 1929 qui
1118 1858 1307 1912 dicunt
1342 1877 1355 1911 :
1393 1857 1494 1910 fuit
1525 1866 1736 1926 tempus
1766 1870 1890 1909 eum
1926 1868 2036 1907 non

466 1957 614 2004 esset
643 1946 814 2003 Filius
845 1946 974 2014 Dei;
1013 1955 1069 2002 et
1104 1948 1196 2017 qui
1224 1948 1377 2018 prius
1405 1962 1517 2000 non
1560 1953 1699 2007 erat,
1742 1951 1929 2013 postea
1954 1957 2043 1995 ex-

2140 1867 2273 1919 χων,
2312 1845 2550 1908 τοιοῦτος
2588 1840 2877 1911 γενόμενος
2917 1837 3005 1889 ὅτε
3036 1833 3129 1887 καί
3169 1847 3296 1884 ποτε
3327 1827 3572 1897 γέγονεν,
3610 1818 3724 1885 οἷος

2144 1916 2236 1995 καὶ
2263 1940 2368 2001 πᾶς
2395 1933 2531 1990 εἶναι
2559 1934 2798 2001 πέφυκεν
2823 1927 3123 1999 ἅνθρωπος.
3151 1922 3333 1976 Πάντα
3356 1921 3488 1990 γὰρ,
3526 1916 3721 1986 φασιν,

468 2042 648 2107 stitit;
698 2040 821 2096 talis
863 2011 1040 2094 factus
1066 2079 1081 2103 ,
1122 2011 1563 2109 quandocunque
1596 2011 1814 2092 demum
1866 2035 2042 2088 factus

2145 2033 2171 2084 ὁ
2192 2031 2320 2093 Θεὸς
2352 2029 2410 2095 ἐξ
2434 2030 2533 2082 οὐκ
2564 2026 2731 2078 ὄντων
2757 2021 2976 2092 ἐποίησε
2993 2059 3008 2083 ,
3055 2013 3631 2086 συναναλαμϐάνοντες
3656 2011 3722 2080 τῇ

467 2141 589 2197 est,
621 2133 801 2202 qualis
853 2132 1083 2202 quilibet
1122 2102 1402 2185 hominum
1450 2102 1798 2199 nascisolet.
1847 2125 2042 2182 Omnia

2145 2122 2253 2176 τῶν
2285 2121 2540 2174 ἁπάντων
2575 2115 2807 2185 λογικῶν
2836 2130 2895 2166 τε
2926 2111 3020 2165 καὶ
3048 2110 3254 2178 ἀλόγων
3292 2106 3463 2160 κτίσει
3499 2104 3599 2158 καὶ
3631 2102 3725 2153 τὸν

461 2225 634 2288 enim,
665 2232 723 2278 ut
750 2224 924 2287 aiunt,
959 2222 1102 2279 Deus
1147 2221 1278 2278 fecit
1315 2237 1382 2277 ex
1423 2220 1625 2286 nihilo;
1683 2222 1739 2273 in
1768 2220 2045 2274 creatione

2147 2214 2276 2268 Υἱὸν
2332 2211 2426 2265 τοῦ
2475 2209 2632 2263 Θεοῦ.
2708 2203 2802 2271 Οἷς
2847 2202 3150 2266 ἀκολούθως
3200 2200 3293 2253 καὶ
3343 2196 3507 2267 φασὶν
3556 2193 3721 2248 αὐτὸν

464 2316 711 2369 omnium
747 2330 951 2378 rerum,
984 2323 1095 2368 tam
1130 2313 1476 2369 rationalium
1516 2327 1677 2382 quam
1709 2312 1920 2365 ratione
1948 2323 2044 2363 ca-

2145 2304 2379 2377 τρεπτῆς
2419 2298 2557 2355 εἶναι
2599 2301 2843 2370 φύσεως,
2893 2298 3092 2369 ἀρετῆς
3133 2312 3192 2347 τε
3236 2292 3331 2375 καῖε.
3366 2288 3568 2350 κακίας
3603 2288 3724 2339 ὲπιο

465 2408 727 2471 τοηιίυῐη,
755 2408 920 2463 etiam
942 2406 1137 2461 Filium
1161 2404 1253 2460 Dei
1269 2377 1806 2475 comprehendentcs.
1834 2401 2043 2466 Quibus

2145 2396 2417 2451 δεκτικόν·
2470 2396 2564 2447 καὶ
2596 2396 2664 2463 τῇ
2702 2392 2769 2456 ἐξ
2811 2393 2923 2444 οὐκ
2961 2389 3149 2442 ὄντων·
3172 2383 3452 2444 ὑποθέσει,
3489 2379 3590 2432 καὶ
3626 2377 3723 2440 τὰς

462 2501 636 2555 etiam
659 2508 1059 2571 consequenter
1090 2498 1316 2562 addunt,
1340 2512 1464 2552 eum
1492 2495 1770 2549 mutabilis
1796 2508 1918 2547 esse
1941 2506 2043 2546 na-

2147 2490 2297 2553 θείας
2335 2487 2429 2540 τοῦ
2475 2482 2616 2541 εἶναι
2656 2484 2818 2538 αὐτὸν
2861 2482 2950 2536 ἀεὶ
2994 2474 3442 2549 συναναιροῦντες
3473 2468 3720 2571 Γραφὰς,

473 2600 629 2657 turas,
657 2560 985 2661 virtutisque
1013 2604 1077 2644 ac
1098 2588 1215 2642 vitii
1250 2560 1526 2658 capacem.
1558 2585 1849 2655 Positaque
1876 2583 2047 2639 semel

2148 2584 2204 2637 αἳ
2249 2582 2312 2635 τὸ
2350 2581 2619 2654 ἄτρεπτον
2665 2576 2760 2629 τοῦ
2805 2575 2978 2644 Λόγου
2999 2613 3014 2638 ,
3076 2570 3172 2624 καὶ¹
3213 2568 3309 2639 τὴν
3353 2565 3587 2633 θεότητα
3627 2560 3725 2631 τῆς

474 2684 576 2739 hac
601 2655 912 2751 sententia;
946 2681 1147 2736 Filium
1188 2680 1279 2736 Dei
1308 2655 1373 2736 ex
1412 2681 1578 2734 nihilo
1617 2694 1739 2734 esse
1763 2720 1777 2744 ,
1837 2678 2047 2732 divinas

2153 2676 2350 2745 Σοφίας
2374 2672 2468 2726 τοῦ
2497 2661 2672 2740 Λόγου
2705 2668 3080 2740 σημαίνουσιν,
3112 2665 3149 2719 ἆ
3172 2665 3320 2715 ἐστιν
3344 2660 3372 2712 ὁ
3393 2655 3655 2729 Χριστός.

467 2775 708 2833 Litteras
736 2778 803 2833 de
833 2748 1135 2831 aeternitate
1159 2776 1278 2845 ejus
1299 2783 1568 2839 evertunt,
1593 2774 1793 2844 quibus
1822 2772 2232 2829 immutabilitas
2262 2778 2318 2827 et
2349 2768 2606 2825 divinitas
2639 2763 2931 2835 Sapientia
2962 2777 3027 2817 ac
3045 2759 3233 2824 Verbi,
3260 2770 3383 2828 qua:
3409 2761 3543 2808 sunt
3561 2748 3721 2806 Chri-

465 2882 616 2937 stus,
640 2873 965 2929 ostenditur.

549 2967 635 3023 Ill.
677 2965 981 3022 Possumus
1012 2980 1167 3036 ergo,
1201 2971 1262 3019 ut
1289 2963 1443 3018 aiunt
1491 2962 1583 3018 isi
1627 2961 1903 3029 scelerati,
1940 2974 2043 3015 nos

2212 2953 2305 3006 ΙΙΙ.
2336 2946 2621 3019 Δυνάμεθα
2648 2944 2778 3014 γοῦν
2804 2944 2895 2997 καὶ
2922 2945 3101 3014 ἡμεῖς,
3132 2940 3296 3010 κρασὶν
3317 2940 3365 2992 οἱ
3392 2937 3721 3008 ἀλάστορες,

475 3074 693 3130 quoque
714 3073 838 3114 esse
871 3057 965 3111 ﬁlii
1001 3028 1119 3121 Dei,
1153 3056 1383 3126 perinde
1416 3069 1481 3110 ac
1510 3055 1622 3109 ille.
1659 3053 1934 3125 Scriptum
1961 3059 2046 3107 est

2146 3043 2251 3097 uici.
2277 3040 2529 3110 γενέσθαι
2568 3034 2724 3101 Θεοῦ,
2754 3036 2892 3103 ὅπερ
2926 3035 3200 3095 κάκεῖνος.
3240 3029 3559 3100 Γέγραπται
3591 3028 3718 3098 γάρ·

477 3151 621 3205 enim
640 3152 659 3182 ¹
688 3168 700 3204 :
740 3148 913 3203 Filios
936 3149 1089 3220 genui
1114 3157 1166 3201 et
1196 3146 1445 3201 exaltavi.
1493 3144 1626 3200 Cum
1658 3160 1787 3200 vero
1812 3144 1922 3199 illis
1944 3142 2047 3198 ob-

2156 3133 2327 3199 Υίοὺς
2357 3130 2656 3202 ἐγέννησα
2681 3127 2778 3182 καὶ
2809 3127 3046 3195 ΰψωσα.
3089 3122 3513 3194 Ἐπιφερομένου
3541 3120 3602 3174 δὲ
3630 3118 3723 3174 αὗο

473 3245 679 3314 jectum
713 3241 875 3297 fuerit
912 3242 965 3296 id
1001 3240 1149 3312 quod
1183 3241 1469 3312 sequitur:
1498 3237 1610 3305 Ipsi
1636 3248 1809 3291 autem
1844 3251 2049 3305 spreve-

474 3346 602 3389 runt
631 3348 747 3392 me:
779 3332 923 3404 quod
955 3333 1174 3401 quidem
1210 3347 1318 3385 non
1342 3331 1597 3387 convenit
1620 3337 1826 3384 natum
1854 3326 2050 3382 Serva-

474 3427 617 3482 toris
646 3426 740 3497 qui
774 3433 969 3495 suapte
1003 3431 1200 3478 natura
1231 3431 1317 3477 est
1346 3421 1703 3477 immutabilis
1736 3440 1751 3476 :
1786 3420 1865 3474 illi
1902 3417 2050 3473 omni

482 3517 785 3573 reverentia
828 3531 891 3570 ac
936 3516 1199 3585 religione
1237 3514 1471 3583 abjecta,
1524 3512 1692 3568 Deum
1728 3512 1899 3576 aiunt,
1926 3525 2050 3565 cum

482 3607 769 3680 prazsciret
817 3620 881 3660 ac
907 3604 1251 3676 praevidisset
1299 3604 1446 3674 quod
1476 3602 1648 3658 Filius
1681 3603 1860 3673 ipsum
1900 3615 2053 3672 spre-

478 3706 645 3754 turus
677 3714 788 3753 non
836 3705 1000 3762 esset,
1040 3698 1192 3753 illum
1243 3714 1311 3753 ex
1343 3698 1598 3753 omnibus
1644 3695 1894 3766 elegisse.
1932 3692 2051 3748 Non

482 3791 634 3845 enim
666 3796 726 3843 ut
760 3798 955 3843 natura
986 3796 1039 3843 et
1071 3789 1429 3859 prmrogativa
1458 3788 1693 3858 quadam
1720 3786 2051 3856 praecipuum

484 3879 783 3949 quidquam
813 3893 922 3948 prae
949 3883 1162 3935 caeteris
1193 3880 1318 3935 filiis
1355 3880 1666 3942 habentem,
1699 3892 1822 3933 eum
1854 3877 2051 3948 elegit:

485 3971 688 4041 quippe
723 3971 819 4040 qui
863 3979 1061 4025 natura
1092 3970 1237 4026 filius
1265 3986 1376 4026 non
1417 3971 1509 4033 sit,
1545 3981 1602 4024 ut
1631 3969 1916 4040 inquiunt;
1960 3984 2056 4023 ne-

486 4078 595 4133 que
622 4069 681 4116 ut
702 4064 794 4132 qui
825 4063 1063 4134 aliquam
1102 4064 1327 4119 haberet
1364 4064 1751 4134 preprietptem
1785 4069 1840 4118 et
1873 4060 2054 4116 dotem

485 4152 558 4207 ad
594 4153 774 4222 ipsum
803 4154 1050 4224 proxime
1077 4155 1460 4221 aecedeiitem;
1505 4154 1599 4209 sed
1632 4155 1809 4224 ipsum
1840 4167 2057 4223 quoque

484 4245 772 4302 mutabilis
820 4248 1171 4302 exsistentem
1214 4254 1441 4309 naturae,
1488 4248 1560 4303 ob
1587 4247 1829 4301 studium
1876 4257 2057 4301 tamen

487 4347 546 4394 et
574 4348 889 4393 accuratam
926 4355 1140 4393 morum
1176 4340 1512 4410 diligentiam
1551 4340 1617 4394 ad
1644 4339 1839 4393 vitium
1880 4339 2059 4394 neuti-

480 4445 657 4501 quam
684 4429 1088 4496 deﬂectentem,
1126 4432 1288 4502 elegit
1314 4430 1458 4488 Deus
1483 4452 1497 4488 :
1530 4434 1664 4488 adeo
1694 4441 1755 4487 ut
1782 4433 1827 4487 si
1858 4431 2057 4486 Paulus

2147 3228 2260 3291 τοῖς
2286 3223 2381 3278 τοῦ
2406 3223 2653 3291 λέγοντος
2680 3218 2805 3289 ἑξῆς
2834 3218 2927 3270 τοῦ
2968 3215 3154 3287 ῥητοῦ,
3182 3214 3361 3269 Αὐτοὶ
3392 3211 3463 3265 δέ
3484 3229 3563 3279 με
3592 3210 3725 3279 ἠθέ-

2147 3335 2367 3388 τησαν,
2397 3317 2534 3387 ὅπερ
2576 3314 2637 3367 οὐ
2685 3311 2910 3382 φυσικόν
2943 3309 3017 3379 (9)
3052 3310 3197 3361 ἐστιν
3240 3306 3316 3377 τῷ
3348 3305 3586 3375 Σωτῆρι,
3617 3303 3725 3356 ὕψει

2148 3412 2248 3484 τῆς
2300 3408 2515 3480 φύσεως
2572 3406 2877 3477 ἀτρέπτου,
2933 3403 3113 3472 πάσης
3165 3397 3447 3460 εὐλαϐείας
3500 3396 3727 3458 ἑαυτοὺς

2150 3502 2556 3575 ἐρημώσαντες,
2580 3496 2738 3551 τοῦτό
2783 3512 2913 3566 φασι
2952 3492 3086 3565 (ιω,
3118 3490 3420 3563 προγνώσει
3466 3490 3565 3543 καὶ
3595 3505 3725 3559 προ-

2152 3594 2354 3666 θεωρίᾳ
2396 3593 2523 3663 περὶ
2552 3589 2717 3644 αὐτοῦ
2749 3589 2927 3642 εἰδότα
2966 3586 3058 3640 τὸν
3087 3584 3249 3647 Θεὸν,
3278 3584 3361 3636 ὅτι
3397 3582 3499 3635 οὐκ
3528 3580 3727 3651 ἀθετή-

2155 3700 2257 3746 σει,
2287 3679 2584 3754 ὲξειλέχθαι
2612 3678 2774 3731 αὑτὸν
2806 3677 2912 3731 ἀπὺ
2941 3676 3177 3729 πάντων.
3211 3672 3285 3726 Οὐ
3319 3671 3427 3743 γὰρ
3450 3671 3613 3739 φύσει
3640 3670 3728 3723 καὶ

2152 3776 2273 3830 κατ’
2306 3773 2579 3846 ἐξαίρετον
2615 3772 2721 3826 τῶν
2754 3771 2926 3825 ἄλλων
2966 3769 3096 3822 υἱῶν
3140 3765 3332 3837 ἔχοντά
3358 3781 3429 3817 τι·
3466 3762 3593 3816 οὔτε
3623 3763 3727 3835 γάρ

2154 3868 2312 3937 φύσει
2364 3867 2478 3927 υἱός
2527 3882 2611 3926 τις
2660 3864 2806 3916 ἐστὶν
2852 3860 2944 3915 τοῦ
2994 3859 3151 3921 Θεοῦ,
3181 3859 3379 3929 φασίν·
3429 3856 3559 3910 οὗτε
3611 3857 3727 3910 τινὰ

2156 3956 2345 4028 ἔχοντα
2373 3954 2607 4025 ἰδιότητα
2637 3951 2771 4023 πρὸς
2800 3950 2982 4014 αὑτὸν,
3011 3948 3148 4001 ἀλλά
3174 3947 3268 3999 καὶ
3290 3944 3452 3998 αὐτὸν
3487 3942 3726 4013 τρεπτῆς

2155 4049 2486 4120 τυγχάνοντα
2546 4042 2794 4114 φύσεως,
2857 4040 2945 4095 διά
2992 4040 3208 4111 τρόπων
3260 4035 3580 4105 ἐπιμέλειαν
3639 4032 3727 4087 καὶ

2155 4141 2386 4211 ἄσκησιν
2420 4138 2493 4210 μὴ
2523 4136 2852 4209 τρεπόμενον
2884 4134 2976 4186 ἐπὶ
3000 4133 3061 4184 τὸ
3089 4134 3288 4202 χεῖρον,
3320 4127 3623 4193 ἐξελέξατοσ
3654 4125 3725 4187 ὡς

2155 4236 2204 4287 εί
2235 4235 2330 4287 καί
2351 4231 2557 4294 Παῦλος
2584 4229 2741 4283 τοῦτο
2770 4227 3014 4298 βιάσαιτο
3041 4225 3136 4278 καὶ
3166 4223 3390 4292 Πέτρος,
3421 4219 3593 4290 μηδὲν
3620 4218 3725 4271 δια-

2157 4326 2341 4399 φέρειν
2373 4324 2575 4378 τούτων
2612 4322 2708 4394 τὴν
2738 4321 2942 4374 ἐκείνου
2986 4318 3226 4387 υἱότηταο
3268 4315 3347 4377 εἰς
3387 4312 3724 4383 παράστασιν

2157 4419 2215 4473 δὲ
2257 4419 2356 4488 τῆς
2404 4413 2800 4488 φρενοϐλαϐοῦς
2843 4412 3045 4480 ταύτης
3083 4405 3461 4472 διδασκαλίας,
3490 4405 3589 4457 καὶ
3615 4403 3726 4464 ταῖς

478 4537 545 4577 ac
572 4522 773 4581 Petrus
804 4530 1063 4576 contento
1109 4524 1290 4577 studio
1318 4524 1374 4577 in
1407 4525 1461 4578 id
1491 4525 1887 4591 incubuissent,
1921 4523 2047 4577 nihil

2160 4511 2401 4582 Γραφαῖς
2444 4504 2915 4578 ὲμπαροινοῦντες,
2968 4501 3062 4555 καὶ
3107 4496 3531 4567 παρατιθέμενοι
3577 4493 3640 4546 τὸ
3672 4493 3726 4545 ὲν

479 4614 547 4668 ab
583 4614 812 4669 istorum
844 4613 1108 4670 ﬁliatione
1131 4616 1507 4686 discrepatura
1540 4615 1703 4671 fuerit
1735 4615 1900 4686 hujus
1926 4615 2063 4671 ﬁlia-

480 4706 575 4760 tio.
619 4705 797 4777 Atque
835 4715 892 4760 ut
916 4707 1163 4762 insanam
1195 4709 1354 4764 istam
1381 4708 1688 4764 doctrinam
1714 4709 2062 4773 conﬁrment,

2162 4601 2409 4672 Ψαλμοῖς
2444 4599 2573 4670 περὶ
2599 4594 2833 4667 Χριστοῦ
2876 4593 3056 4665 ῥητὸν,
3095 4589 3265 4652 οὕτως
3294 4587 3433 4658 ἔχονο
3480 4582 3723 4652 Ἠτάπη-

2157 4708 2276 4759 σας
2313 4690 2737 4755 δικαιοσύνην,
2793 4686 2893 4738 καὶ
2950 4685 3249 4753 ἐμίσησας
3300 4678 3578 4732 ἀδικίαν·
3638 4674 3726 4728 διὰ

481 4795 553 4851 Se
568 4798 794 4866 ripturis
823 4799 999 4853 sacris
1034 4800 1434 4856 contumeliose
1479 4801 1789 4865 illudentes,
1833 4799 2047 4855 affeninl

2157 4785 2331 4838 τοῦτο
2361 4781 2566 4852 ἕχρισέ
2594 4793 2668 4832 σε
2694 4781 2726 4832 ὁ
2756 4777 2898 4841 Θεός
2933 4790 3049 4829 σου
3086 4775 3292 4827 ἔλαιον
3319 4766 3726 4840 ἀγαλλιάσεως

491 4887 624 4941 illud
666 4887 813 4956 quod
872 4888 926 4941 in
979 4886 1215 4944 Psalmis
1268 4888 1337 4944 de
1375 4888 1598 4945 Christo
1643 4891 1845 4945 dictum
1886 4891 2060 4945 cst’:

493 4978 747 5032 Dilexisti
773 4978 1068 5047 justitiam,
1099 4989 1146 5033 et
1178 4981 1340 5035 odisti
1385 4982 1757 5052 iniquitatem:
1786 4993 2058 5051 propterea

492 5072 645 5125 unxit
676 5081 726 5125 te
761 5070 900 5125 Deus
934 5081 1052 5125 tuus
1075 5072 1188 5126 oleo
1218 5074 1420 5127 laetitiae
1441 5088 1549 5142 pra:
1576 5073 1899 5128 consortibus
1932 5075 2055 5127 tuis.

612 5232 628 5261 ³
666 5227 780 5284 ιδα.
812 5228 943 5295 ι,2.
1017 5234 1037 5262 ²
1071 5228 1222 5285 Psat.
1258 5247 1405 5296 xuv,
1442 5231 1499 5285 8.

566 5345 643 5489 29)
679 5348 759 5400 Οὐ
791 5348 1071 5414 φυσικόν.
1111 5347 1398 5416 Ἀφύσικον
1423 5347 1593 5403 codex
1615 5348 1818 5418 Regius
1844 5345 1893 5402 J.
1916 5345 2060 5400 Pini.

598 5416 706 5489 10)“
724 5416 1164 5489 ’quycbqartsg
1190 5418 1366 5472 τοῦτό
1397 5433 1565 5486 φασι.
1600 5418 1730 5472 Post
1759 5420 1873 5489 haec
1901 5418 2060 5489 verba

2159 4876 2318 4945 παρὰ
2344 4873 2487 4939 τοὺς
2506 4871 2798 4943 μετόχους
2828 4883 2963 4921 σου.

2166 5354 2351 5401 tamen
2388 5343 2763 5401 Scholasticus
2792 5345 2980 5399 eadem
3014 5343 3179 5398 verba
3210 5342 3265 5396 in
3299 5356 3400 5397 suo
3434 5338 3627 5394 codice
3655 5339 3721 5394 le-

598 5416 679 5486 ιθ)
724 5411 1164 5486 Ἐῥημώσαντες
1187 5411 1366 5472 τοῦτό
1397 5433 1565 5486 φασι.
1600 5411 1730 5472 Ροεῖ
1759 5420 1873 5472 haec
1901 5418 2047 5473 verb:

2166 5418 2245 5485 git
2273 5419 2377 5472 hoc
2413 5417 2554 5471 loco.
2593 5416 2685 5470 Sic
2717 5416 2860 5471 enim
2891 5415 3088 5486 verti}:
3119 5411 3277 5486 Omni
3302 5411 3595 5486 reverentia
3613 5425 3722 5478 spo-

498 5480 790 5544 in‘co'dice'
828 5480 1026 5540 Eeonis
1072 5480 1245 5541 Allatii
1292 5480 1415 5541 haec
1449 5490 1744 5550 adduntur,
1786 5487 1908 5541 οὔτε
1946 5487 2067 5541 τινὰ
2167 5480 2355 5541 limites
2405 5486 2732 5555 semetipsos,
2771 5487 2960 5539 aiunt:
2990 5481 3098 5537 Nec
3129 5484 3372 5555 utiquam
3414 5480 3571 5534 habet
3608 5496 3722 5555 pro—

500 5559 691 5628 ἑχοντα
714 5555 948 5628 ἰδιότητα
977 5556 1325 5628 πρὸς-αὺτὸν,
1358 5558 1493 5611 ἀλλά
1514 5560 1609 5611 καὶ
1637 5560 1798 5613 αὑτὸν
1828 5558 2047 5627 τρεπτῆς

2164 5558 2438 5625 prietatem
2476 5556 2543 5628 ad
2573 5551 2689 5628 eum
2714 5570 2732 5628 ς
2758 5556 2846 5610 sed
2869 5571 2987 5608 cum
3015 5554 3081 5628 sit
3120 5551 3233 5628 ipse
3266 5563 3466 5605 natura
3504 5551 3722 5628 mutaui-

500 5624 833 5696 τῦγχάνοντα
863 5624 1095 5696 φύσεως,
1121 5626 1255 5680 Male
1291 5624 1530 5696 quidem.
1564 5628 1691 5683 Haec
1723 5624 1876 5684 enim
1898 5624 2063 5681 verba

500 5695 732 5753 inferius
772 5694 952 5748 locum
1002 5694 1222 5762 habent,
1256 5694 1324 5750 ut
1356 5698 1682 5755 videbimus.
1726 5697 2063 5770 Epiphanius

2168 5619 2258 5709 tis,
2294 5629 2444 5709 sciuit
2483 5627 2547 5682 de
2567 5627 2662 5681 illo
2698 5627 2836 5680 Deus
2862 5619 3194 5694 prwscientia
3222 5634 3271 5680 et
3297 5619 3722 5694 pra'contempla-

2168 5706 2455 5769 tione,_etc.
