3850 6160
216 256 324 316 553

1638 257 2017 316 EPISTULA].

3352 265 3458 321 554

284 376 378 433 IV.
409 376 547 449 Περὶ
576 375 675 447 μὲν
697 369 789 431 οὖν
814 375 896 429 ἇτι
921 375 952 427 6
983 375 1109 441 Υἱὸς
1138 376 1232 432 τοῦ
1261 376 1418 447 Θεοῦ,
1447 377 1569 433 οὔτε
1604 379 1665 447 ἐξ
1693 380 1768 434 ob:

1965 375 2054 434 Ν.
2101 376 2295 434 Verum
2325 380 2469 451 quod
2501 378 2671 435 Filius
2701 376 2793 432 Dei
2819 376 2995 435 factus
3022 393 3130 434 non
3161 379 3233 435 sit
3277 396 3345 435 ex
3368 381 3453 435 ni-

208 469 384 525 ὅντων
409 468 721 539 γεγένηται,
747 467 871 523 οὔτε
896 462 967 539 ἦν
996 485 1126 523 ποτε
1154 469 1243 523 ὅτε
1264 469 1366 523 οὐκ
1391 464 1479 539 ἦν,
1511 470 1788 542 αὐτάρκης

214 561 502 616 παιδεῦσαι
541 561 793 632 Ἰωάννης
826 564 856 616 6
895 562 1314 634 εὐαγγελιπὴς,
1345 561 1569 634 γράφων
1615 562 1789 628 οὕτως

210 654 345 726 περὶ
371 652 558 709 αὑτοῦ·
600 654 654 706 '0
679 654 1014 724 μονογενὴς
1042 654 1192 722 Υἱὸς,
1219 658 1253 710 ό
1286 655 1371 708 ὢν
1398 658 1486 723 εις
1515 656 1624 710 τὸν
1646 658 1787 712 κόλ-

207 759 334 799 πον
356 744 464 800 τοῦ
493 746 742 814 Πατρός.
779 746 1179 818 Προνοούμενος
1212 746 1323 816 γὰρ
1350 747 1378 799 6
1409 747 1790 811 θεῖοςδεικνύ-

208 854 301 890 ναι
348 835 685 900 διδάσκαλος,
714 835 959 906 ἀλλήλων
1006 835 1284 908 ἀχώριστα
1328 837 1629 909 πράγματα
1670 838 1784 903 δύο,

205 929 304 984 τὸν
332 928 550 1002 Πατέρα
579 929 676 982 καὶ
698 929 789 983 τὸν
815 928 965 996 Υῑὸν,
999 928 1127 984 ὄντα
1156 930 1318 985 αὑτὸν
1348 932 1407 985 ὲν
1431 935 1542 997 τοῖς
1568 931 1786 997 κόλποις

203 1022 305 1076 τοῦ
352 1022 564 1095 Πατρὸς
604 1022 902 1094 ὠνόμασεν.
951 1022 1110 1077 am
1157 1024 1267 1096 γὰρ
1308 1025 1404 1081 καὶ
1454 1028 1535 1081 ὅτι
1583 1030 1696 1091 τοῖς
1726 1027 1785 1094 ἐξ

206 1116 313 1169 οὐκ
347 1115 517 1170 ὄντων
558 1116 869 1186 γενομένοις
902 1118 932 1169 ὁ
970 1116 1145 1187 Λόγος
1170 1117 1267 1172 τοῦ
1303 1118 1440 1173 Θεοῦ
1478 1121 1538 1173 οὐ
1571 1137 1786 1192 συναρι-

206 1206 446 1277 θμεῖται,
478 1206 675 1261 πάντα
703 1208 776 1261 δι’
811 1207 1000 1263 αὐτοῦ
1042 1210 1347 1280 γεγονέναι
1383 1213 1412 1265 6
1438 1211 1598 1276 αὐτός
1621 1229 1784 1284 φησιν

219 1299 492 1370 Ἰωάννης.
528 1300 641 1370 Τὴν
669 1299 777 1372 γὰρ
806 1299 1106 1372 ἰδιότροπον
1136 1302 1301 1357 αὐτοῦ
1343 1303 1638 1359 ὑπόστασιν
1662 1304 1784 1377 ἐδή-

203 1389 380 1445 λωσεν
422 1391 611 1446 εἰπών·
650 1393 746 1446 Ἐν
774 1392 933 1463 ἀρχῇ
971 1390 1052 1465 ἦν
1078 1397 1111 1447 ό
1139 1396 1360 1465 Λόγος,
1399 1395 1501 1450 καὶ
1528 1399 1562 1449 ὁ
1591 1398 1783 1466 Λόγος

202 1478 285 1553 ἦν
309 1482 459 1551 πρὸς
498 1484 605 1537 τὸν
647 1482 815 1548 Θεὸν,
860 1484 959 1538 καὶ
1005 1485 1148 1551 Θεὸς
1174 1481 1255 1555 ἦν
1284 1489 1318 1540 d
1343 1488 1552 1557 Λόγος·
1584 1487 1783 1542 πάντα

202 1571 282 1627 δι’
312 1573 497 1628 αὑτοῦ
533 1573 791 1643 ἐγένετο,
830 1574 929 1628 καὶ
952 1574 1130 1645 χωρὶς
1156 1575 1341 1630 αὑτοῦ
1370 1576 1605 1647 ἐγένετο
1641 1576 1784 1632 οὐδὲ

201 1663 275 1719 ἐν
297 1664 330 1717 ὃ
350 1663 605 1737 γέγονεν
634 1664 766 1737 (ll).
795 1666 996 1738 Eiydp
1030 1668 1204 1723 πάντα
1234 1667 1302 1721 δι’
1346 1668 1509 1722 αὐτοῦ
1541 1669 1779 1738 ἐγένετο,

202 1755 324 1820 πῶς
362 1758 392 1812 6
419 1759 531 1821 τοῖς
559 1758 870 1829 γενομένοις
914 1759 976 1813 τὸ
1006 1754 1146 1814 εἶναι
1192 1760 1574 1831 χαρισάμενος,
1615 1762 1777 1825 αὐτὸς

200 1849 336 1902 ποτὲ
377 1850 479 1904 οὐκ
506 1845 604 1922 ἦν;
633 1854 707 1906 Ub
747 1853 856 1926 γάρ
882 1872 1002 1919 πως
1036 1858 1066 1909 6
1105 1855 1276 1921 Λόγος
1317 1855 1380 1909 τὸ
1418 1856 1625 1921 ποιοῦν,
1663 1859 1777 1921 τοῖς

200 1940 514 2010 γενομένας
543 1942 643 2012 τῆς
686 1944 859 2016 αὐτῆς
898 1940 1036 1998 εἶναι
1066 1945 1280 2015 φύσεως
1314 1946 1625 2017 διορίζεταιυ
1660 1948 1775 2017 εἴγε

198 2029 368 2094 αὐτὸς
401 2032 497 2101 μὲν
523 2028 592 2104 ἦν
627 2035 687 2088 ἐν
722 2036 888 2108 ἀρχῇ,
931 2036 1108 2091 πάντα
1140 2037 1197 2090 δὲ
1236 2037 1305 2090 δι’
1332 2038 1498 2092 αὐτοῦ
1540 2038 1773 2107 ἐγένετο,

201 2116 299 2170 καὶ
324 2116 383 2183 ἐξ
411 2118 510 2173 οὐκ
538 2119 706 2175 ὄντων
746 2124 1018 2195 ἐποίησεν.
1054 2124 1324 2179 Ἐναντιον
1345 2127 1456 2198 γὰρ
1491 2127 1638 2182 δοκεῖ
1664 2132 1777 2194 τοῖς

198 2205 259 2273 ἐξ
289 2209 392 2263 οὐκ
426 2210 593 2264 ὄντων
634 2214 944 2284 γενομένοις
979 2216 1041 2271 τὸ
1081 2216 1163 2280 ὃν,
1191 2220 1285 2272 καὶ
1313 2219 1621 2291 ἀφεστηκὸς
1648 2221 1777 2290 σφό-

197 2297 325 2369 δρα.
355 2300 429 2352 Τὸ
480 2302 580 2372 μὲν
625 2302 767 2374 γὰρ,
813 2305 1018 2377 μεταξὺ
1059 2308 1275 2381 Πατρὺς
1316 2310 1412 2364 καὶ
1455 2311 1584 2365 Υἱοῦ
1621 2313 1775 2367 οὐδὲν

195 2389 469 2445 δείκνυσιν
513 2389 653 2448 εἶναι
699 2395 1000 2469 διάστημα,
1049 2400 1157 2453 οὐδ’
1198 2400 1326 2474 ἄχρι
1376 2403 1518 2468 τινὸς
1565 2404 1774 2469 ἑννοίας

198 2477 357 2532 τοῦτο
403 2484 771 2549 φαντασιῶσαι
809 2487 909 2557 τῆς
949 2486 1129 2560 ψυχῆς
1160 2490 1480 2564 δυναμένης.
1514 2494 1589 2547 Τὸ
1625 2495 1684 2549 δὲ
1715 2494 1773 2563 ἐξ

194 2571 301 2625 οὐκ
324 2572 493 2629 ὄντων
515 2574 959 2651 δημιουργεῖσθαι
992 2583 1082 2637 τὸν
1107 2583 1333 2657 κόσμον,
1362 2586 1631 2659 νεωτέραν
1662 2587 1774 2660 ἔχει

194 2665 298 2736 τῆς
325 2668 672 2736 ὑποστάσεως
702 2675 798 2728 καὶ
819 2676 1129 2747 πρόσφατον
1150 2677 1247 2750 τὴν
1277 2678 1510 2747 γένεσιν,
1545 2678 1650 2732 ὑπὸ
1676 2676 1772 2732 τοῦ

195 2755 413 2829 Πατρὺς
430 2759 519 2815 διὰ
544 2763 641 2816 τοῦ
660 2764 795 2818 Υἱοῦ
828 2768 1045 2823 πάντων
1069 2769 1366 2841 εἰληφότων
1393 2771 1495 2843 τὴν
1518 2770 1773 2844 τοιαύτην

198 2849 472 2935 obditus-tv.
503 2852 726 2927 Μακρὸν
756 2855 887 2926 γοῦν
917 2857 1199 2933 θεωρήσας
1221 2860 1316 2915 τοῦ
1346 2862 1481 2916 Θεοῦ
1510 2862 1691 2935 Λόγου⁸
1712 2863 1774 2917 τδ

197 2933 291 3010 ἦν,
319 2944 415 2997 καὶ
442 2944 737 3020 ὑπεραῖρον
766 2950 868 3022 τῆς
902 2953 1011 3007 τῶν
1040 2954 1314 3027 γεννητῶν
1342 2955 1579 3021 διανοίας
1607 2933 1718 3028 (12)
1743 2958 1773 3009 ὁ

195 3032 588 3125 Morare;
634 3042 905 3117 Ἰωάννης,
955 3045 1171 3115 γένεσιν
1213 3048 1378 3104 αὐτοῦ
1416 3050 1510 3104 καὶ
1555 3049 1771 3123 ποίησιν
1798 3068 1841 3125 ο

195 3123 511 3195 ἀπηξίωσεν
550 3132 725 3188 εἰπεῖν
743 3173 760 3198 ,
801 3136 923 3191 οὐδὲ
949 3141 1070 3202 ταῖς
1102 3140 1438 3212 ὁμοστοίχοις
1479 3140 1766 3206 συλλαϐαῖς

194 3214 315 3287 (l3)
340 3219 403 3271 τὸ
431 3220 619 3276 ποιοῦν
651 3228 764 3289 τοίς
800 3228 1142 3299 γιγνομένοις
1186 3230 1449 3302 ὀνομάσαι
1475 3231 1768 3304 τολμήσας.

193 3310 313 3380 οὐχ
357 3311 439 3366 δτι
478 3314 771 3386 ἀγέννητος
810 3315 898 3391 ἦν’
933 3319 993 3373 ἐν
1024 3321 1135 3393 γὰρ
1164 3322 1461 3395 ἀγέννητον
1488 3326 1518 3378 ὁ
1553 3325 1767 3396 Πατήρ

193 3398 314 3453 ἀλλ’
351 3404 436 3457 ὃτι
472 3405 573 3475 τῆς
611 3406 907 3482 ὲξεσμένης
947 3410 1056 3467 τῶν
1098 3414 1518 3484 εὐαγγελιστιῖω,
1550 3416 1690 3486 τάχα
1712 3415 1770 3470 δὲ

191 3493 293 3545 καὶ
334 3494 581 3564 ἀγγέλων
621 3501 976 3573 καταλήψεως
1024 3505 1354 3579 ὑπερέκεινά
1393 3507 1507 3581 (ﬂ)
1548 3509 1697 3562 ἐστιν
1731 3508 1767 3578 ή

190 3584 289 3639 τοῦ
326 3589 645 3658 μονογενοῦς
671 3592 804 3646 Θεοῦ
837 3594 1221 3669 ἀνεκδιήγητος
1246 3598 1561 3664 ὑπόστασις.

264 3853 329 3911 ν.
368 3853 463 3917 Εἰς
508 3855 746 3920 εὐσεϐεῖς
784 3858 885 3911 οὐκ
931 3853 1081 3929 οἶμαι
1125 3856 1470 3930 λογιζομένου
1512 3860 1623 3933 (15)
1664 3859 1761 3914 τοῦ

262 4006 472 4065 ³Ιοαη.
502 4027 554 4077 ι,
596 4012 678 4067 l8.
740 4014 763 4046 '*
790 4014 920 4073 ibid.
949 4016 1063 4071 1-3.
1132 3982 1141 3991 θ

253 4168 369 4239 (ll)
411 4164 678 4240 Ἐγένετο
701 4169 842 4225 οὐδὲ
862 4169 932 4223 ἓν
950 4169 982 4224 ὃ
1012 4170 1274 4240 γέγονεν.
1298 4169 1440 4240 Duae
1471 4181 1760 4240 postremae

184 4254 353 4322 loces
402 4239 605 4322 desunt
635 4242 696 4322 in
740 4239 1247 4322 editionenllober'ti
1280 4239 1572 4322 §tephani,
1614 4241 1757 4322 etin

186 4308 501 4375 Bssiliensi,
537 4320 592 4368 et
634 4313 690 4369 in
740 4312 930 4367 codice
976 4310 1147 4380 Regio
1187 4310 1236 4365 J.
1280 4308 1423 4365 Pini.
1473 4308 1757 4366 Habentur

188 4388 373 4477 tamen.
700 4381 900 4477 [segnis
930 4382 1137 4477 ιιιὲρῑ,
1159 4390 1214 4477 et
1238 4380 1303 4477 in
1342 4381 1591 4437 versione
1626 4381 1757 4463 Epi-
1789 4422 1832 4477 υ

226 4452 377 4506 hanii
406 4452 754 4509 Scholastici.
785 4450 891 4509 Sed
918 4462 972 4508 et
1012 4452 1543 4523 Christophorsonus
1576 4450 1756 4507 eas’in

209 4523 348 4578 ibris
377 4522 495 4578 suis
528 4531 829 4594 repererat,
862 4531 923 4577 ιιι
949 4538 1017 4579 ει
1047 4522 1498 4591 interpretatione
1521 4524 1641 4593 ejus
1669 4537 1759 4594 ap-

258 4664 375 4748 (l?)
405 4666 515 4748 Ιςαὶ
536 4662 859 4748 ὑπεραῖρον
876 4664 988 4748 τῇς
1014 4663 1449 4748 τῶνάξεννῃτῶν
1466 4662 1751 4748 διανοίας.

189 4733 553 4807 Scribendum
582 4744 717 4807 puto
745 4733 987 4807 γενητῶν
1016 4750 1113 4805 per
1143 4735 1376 4807 simplex
1403 4752 1466 4807 ν;
1496 4742 1657 4807 atque
1680 4735 1754 4789 ita

187 4805 388 4876 legisse
419 4803 631 4861 videtur
665 4803 1036 4877 Epiphanius,—
1062 4806 1155 4877 qui
1188 4803 1270 4861 sic
1293 4806 1451 4859 vertit
1477 4822 1490 4859 :
1516 4803 1583 4877 Et
1602 4820 1752 4857 crea-

191 4875 368 4946 turam
431 4875 733 4932 uniuersam
772 4875 1196 4946 intelligentiam
1262 4875 1750 4946 transcendentem.

184 4944 573 5016 Conjecturam
608 4960 783 5002 meam
829 4944 1172 5001 conﬁrmavit
1199 4945 1332 4999 mihi
1367 4953 1555 5015 postea
1581 4944 1749 5016 codex

185 5017 373 5088 regius
399 5015 459 5088 ,J.
491 5016 635 5080 Pini,
668 5017 728 5088 in
770 5033 879 5086 quo
918 5017 993 5088 ita
1040 5017 1506 5088 planescriptttm
1541 5015 1746 5088 ingeni,

185 5022 373 5088 regius
409 5022 459 5071 J.
491 5022 635 5080 Pini,
668 5022 725 5070 in
770 5033 879 5086 quo
918 5022 993 5071 ia
1040 5022 1201 5084 plane
1242 5022 1506 5086 scriptum
1541 5022 1746 5079 inveni,

185 5094 249 5163 nt
280 5087 648 5163 conieceram.
700 5085 806 5163 Pro
852 5022 1168 5163 bits‘paipov,
1199 5086 1274 5163 _i_n
1314 5087 1553 5163 editione
1600 5084 1751 5139 Basi-

185 5156 347 5229 ἰξεηεί
380 5157 577 5229 legitur
601 5156 915 5229 ὑπερόριον,
942 5155 997 5213 et
1024 5155 1081 5212 in
1114 5155 1304 5213 codice
1334 5156 1628 5223 Allatiano,
1664 5170 1750 5210 re-

185 5228 330 5283 ctius
359 5234 420 5281 ut
442 5226 661 5296 Opinor.

272 5301 364 5373 ιδ)
390 5292 551 5373 ρὺδὲ
590 5297 721 5373 refe
743 5296 1137 5373 ,ῥιιοστρίκοις
1157 5294 1516 5373 ,συλλρδιιίς-
1542 5292 1603 5373 ιι]
1641 5308 1748 5373 ηιξ-

283 5365 366 5427 ice
389 5369 604 5426 Henrici
630 5365 861 5432 Savillii,
887 5376 942 5423 et
962 5368 1018 5421 in
1033 5365 1279 5422 editione
1314 5365 1594 5421 Basiliensi
1617 5365 1753 5421 scri-

177 5444 327 5500 bitur
376 5442 704 5513 ρμοστιχοῖς,
734 5439 1124 5513 minus__recte,
1171 5446 1229 5513 u_t
1267 5436 1515 5513 equidem
1553 5435 1749 5513 sentio.

178 5514 338 5570 Certe
362 5500 734 5575 Camerarius,
755 5509 847 5579 qui
871 5500 1162 5564 editionem
1186 5500 1537 5579 Basiliensem
1561 5500 1754 5560 Latine

181 5585 568 5653 interpretatus
589 5589 691 5644 est,
717 5577 1072 5653 bngsrolxotg,
1098 5579 1243 5653 legit,
1267 5586 1327 5630 ut
1344 5591 1407 5653 ei:
1435 5577 1754 5653 interpreta-

182 5645 341 5709 tione'
356 5657 481 5723 ejus
516 5645 763 5721 apparet;
797 5648 888 5703 Sic
925 5645 1070 5723 enim
1093 5645 1262 5723 vertit
1293 5663 1305 5698 :
1341 5645 1425 5699 Ne
1453 5645 1753 5723 earumdem

174 5716 403 5788 quidem'
432 5716 804 5777 elementorum
850 5718 1203 5787 complexione
1239 5721 1295 5772 in
1336 5732 1455 5771 voce
1486 5716 1751 5786 facientis,

423 5800 696 5861 PATROL.
741 5801 856 5862 GR.
901 5799 1110 5861 XVIII.

1889 467 2022 536 hilo,
2059 477 2113 525 et
2158 468 2303 542 quod
2353 479 2569 541 tempus
2602 482 2713 523 non
2758 466 2919 523 fuerit
2962 483 3085 523 cum
3140 484 3250 523 non
3282 481 3451 536 esset,

1889 559 2103 617 abunde
2137 559 2296 617 docet
2337 559 2579 618 Joannes
2610 561 2943 633 evangelista
2973 558 3041 615 de
3079 559 3173 614 illo
3199 560 3277 615 ita
3319 561 3455 617 scri-

1888 653 2102 710 bens':
2132 652 2441 724 Unigenitus
2491 652 2686 719 Filius,
2719 655 2809 724 qui
2842 663 2923 708 est
2969 654 3025 708 in
3074 653 3193 708 sinu
3245 651 3450 714 Patris.

1886 743 2021 800 Nam
2067 760 2193 800 cum
2237 744 2456 802 divinus
2504 746 2764 816 magister
2794 744 3081 800 ostendere
3130 745 3313 810 vellet,
3357 743 3456 800 Pa-

1886 843 2025 893 trem
2051 852 2116 891 ac
2153 835 2348 891 Filium
2374 836 2513 892 duas
2533 852 2620 892 res
2652 851 2774 892 esse
2803 852 2834 891 a
2865 851 2925 892 se
2953 843 3142 891 mutuo
3163 837 3454 908 insepara-

1885 930 2045 995 biles,
2085 930 2232 986 hunc
2285 930 2340 984 in
2389 931 2511 986 sinu
2562 929 2742 985 Patris
2791 944 2915 985 esse
2963 929 3122 986 dixit.
3163 928 3285 985 Jam
3324 944 3454 985 vero

1885 1018 2034 1091 quod
2067 1018 2302 1077 Verbum
2337 1019 2432 1077 Dei
2481 1020 2624 1076 inter
2658 1035 2749 1077 res
2783 1036 2848 1076 ex
2881 1020 3055 1077 nihilo
3094 1029 3309 1077 creatas
3342 1026 3452 1077 non

1885 1113 2253 1179 contineatur,
2284 1113 2426 1168 idem
2453 1111 2690 1169 Joannes
2732 1122 2984 1179 testatur,
3018 1131 3142 1169 cum
3176 1115 3288 1169 ait:
3324 1114 3451 1169 0m-

1886 1205 1976 1260 nia
2006 1221 2099 1275 per
2123 1206 2294 1275 ipsum
2328 1204 2474 1274 facta
2498 1222 2628 1263 esse.
2656 1204 3105 1276 Pr0priam_enim
3136 1206 3257 1275 ejus
3282 1205 3453 1278 hypo-

1885 1297 2059 1353 stasin
2110 1297 2409 1352 declaravit
2459 1297 2647 1353 dicens
2670 1298 2731 1351 δε
2764 1295 2830 1350 In
2879 1298 3134 1367 principio
3172 1308 3289 1352 erat
3322 1297 3452 1352 Ver-

1885 1386 2027 1454 bum,
2061 1395 2112 1441 et
2150 1385 2376 1441 Verbum
2398 1396 2511 1441 erat
2543 1385 2682 1457 apud
2705 1386 2895 1452 Deum,
2922 1397 2971 1441 et
3004 1386 3146 1442 Deus
3174 1396 3287 1442 erat
3323 1387 3453 1443 Ver-

1883 1477 2002 1532 bum
2027 1493 2044 1530 :
2071 1479 2247 1533 omnia
2281 1495 2374 1548 per
2402 1479 2575 1548 ipsum
2609 1479 2755 1549 facta
2787 1489 2930 1541 sunt,
2981 1487 3033 1533 et
3080 1479 3192 1534 sine
3223 1479 3337 1549 ipso
3364 1480 3452 1550 fa-

1883 1580 2024 1625 ctum
2057 1579 2135 1625 est
2173 1572 2305 1625 nihil
2336 1570 2474 1642 quod
2505 1571 2708 1640 factum
2737 1580 2833 1625 est.
2867 1570 2999 1625 Nam
3051 1571 3098 1626 si
3144 1572 3324 1626 omnia
3352 1588 3451 1643 per

1884 1661 2062 1732 ipsum
2086 1662 2227 1716 facta
2255 1669 2406 1727 sunt,
2441 1660 2714 1731 quomodo
2735 1661 2783 1716 is
2804 1662 2897 1730 qui
2929 1661 3095 1718 rebus
3135 1661 3292 1718 factis
3312 1678 3450 1732 prte-

1882 1752 2022 1806 stitit
2054 1757 2115 1806 ut
2144 1760 2345 1817 essent,
2394 1753 2509 1824 ipse
2554 1752 2852 1821 aliquando
2887 1768 2998 1808 non
3045 1754 3293 1809 exstitit?
3317 1753 3449 1809 Ver-

1881 1842 2010 1897 bum
2032 1845 2175 1898 enim
2198 1844 2344 1915 quod
2376 1844 2526 1908 facit,
2558 1859 2901 1916 nequaquam
2926 1845 3173 1916 ejusdem
3194 1862 3319 1903 esse
3348 1863 3450 1902 na-

1883 1942 2018 1989 turae
2059 1950 2183 1990 cum
2232 1937 2396 1991 rebus
2454 1936 2614 1991 factis
2664 1936 2991 2006 intelligitur
3031 1936 3278 2007 :quippe
3322 1952 3448 1992 cum

1880 2024 2058 2095 ipsum
2085 2026 2305 2096 quidem
2341 2036 2488 2083 esset
2538 2027 2597 2081 in
2627 2028 2899 2099 principio
2923 2045 2938 2095 ;
2961 2034 3158 2081 cuncta
3186 2041 3316 2083 vero
3352 2044 3449 2099 per

1882 2117 2016 2174 illud
2050 2118 2194 2173 facta
2225 2119 2337 2176 sint
2367 2128 2422 2174 et
2450 2134 2515 2175 cx
2544 2118 2717 2174 nihilo
2745 2119 2985 2175 condita.
3019 2117 3193 2174 Porro
3221 2119 3275 2174 id
3300 2120 3448 2191 quod

1878 2219 1985 2275 est,
2007 2213 2344 2268 contrarium
2370 2227 2491 2268 esse
2516 2212 2751 2275 videtur,
2768 2220 2836 2267 et
2873 2212 3033 2282 longe
3068 2211 3347 2268 diversum
3376 2213 3447 2269 ab

1876 2302 1988 2361 illis
2019 2320 2141 2375 quae
2177 2303 2319 2359 facta
2363 2311 2493 2359 sunt
2528 2319 2595 2359 ex
2621 2303 2811 2358 nihilo.
2863 2300 2999 2356 Nam
3052 2302 3187 2357 illud
3224 2302 3444 2373 quidem

1876 2396 2138 2462 declarat,
2170 2397 2380 2451 nullum
2423 2411 2548 2451 esse
2593 2395 2939 2451 intervallum
2968 2394 3111 2463 inter
3132 2384 3356 2449 Patrem
3390 2405 3444 2451 et

1876 2487 2097 2551 Filium,
2135 2500 2260 2541 cum
2306 2487 2523 2541 animus
2570 2500 2640 2540 ne
2689 2483 2924 2553 simplici
2973 2482 3192 2552 quidem
3234 2483 3442 2553 cogita-

1876 2579 2027 2634 tione
2060 2577 2264 2649 lingere
2306 2578 2481 2648 possit
2511 2578 2680 2632 ullam
2717 2578 2860 2631 inter
2900 2584 3193 2645 utrumque
3233 2574 3441 2632 distan-

1876 2670 2031 2725 tiam.
2062 2667 2141 2725 Ex
2173 2668 2345 2723 nihilo
2385 2681 2516 2723 vero
2558 2667 2732 2722 creari
2772 2666 3055 2730 mundum,
3085 2663 3441 2720 recentiorem

1874 2762 2080 2818 indicat
2110 2778 2175 2817 ac
2202 2776 2466 2833 nuperam
2492 2760 2815 2816 substantiae
2841 2758 3131 2829 originem,
3162 2771 3287 2812 cum
3319 2757 3442 2811 uni-

1874 2869 2032 2910 versa
2069 2852 2383 2924 hujusmodi
2426 2852 2723 2907 essentiam
2764 2866 2794 2904 a
2818 2849 2979 2905 Patre
3006 2847 3316 2919 acceperint
3345 2861 3442 2918 per

1874 2928 2094 3000 Filium.
2133 2944 2271 3000 Cum
2303 2943 2470 3014 igitur
2511 2941 2685 2997 divini
2723 2939 2882 2996 Verbi
2909 2940 3204 2998 essentiam
3232 2937 3440 3009 longis—

1874 3036 2033 3103 sime,
2064 3042 2120 3091 et
2144 3035 2286 3089 ultra
2315 3048 2533 3090 omnem
2564 3032 2948 3103 cogitationem
2979 3044 3167 3085 eorum
3198 3044 3319 3100 quae
3343 3044 3438 3100 ge-

1874 3127 1991 3182 nita
2021 3133 2150 3182 sunt
2183 3126 2419 3196 positam
2465 3122 2925 3192 contemplaretur
2957 3121 3239 3192 piissimus
3275 3119 3439 3176 Joan-

1869 3234 1993 3283 nes,
2044 3217 2449 3288 generationem
2480 3216 2600 3286 ejus
2631 3222 2685 3270 et
2720 3214 2986 3268 facturam
3017 3212 3200 3269 dicere
3242 3212 3438 3279 noluit,

1869 3308 2133 3365 factorem
2165 3308 2360 3365 iisdem
2387 3307 2573 3364 verbis
2605 3306 2805 3377 quibus
2839 3320 2904 3361 ea
2954 3320 3076 3374 quae
3105 3305 3247 3358 facta
3286 3314 3436 3369 sunt,

1867 3402 2156 3474 designare
2184 3401 2409 3456 minime
2441 3415 2630 3456 ausus.
2662 3397 2782 3453 Non
2809 3397 2956 3468 quod
2985 3395 3222 3453 Verbum
3253 3395 3328 3451 sit
3351 3395 3436 3450 in—

1868 3495 2112 3566 genitum
2143 3514 2158 3550 :
2192 3494 2342 3550 solus
2365 3493 2509 3549 enim
2537 3490 2700 3546 Pater
2733 3490 3008 3562 ingenitus
3039 3496 3121 3545 est
3146 3508 3159 3544 :
3190 3489 3283 3544 sed
3305 3487 3435 3559 quia

1870 3585 2283 3643 solertissimam
2339 3582 2827 3655 evangelistarum,
2892 3583 3246 3652 ipsorumque
3298 3580 3434 3637 adeo

1868 3678 2184 3750 angelorum
2208 3677 2761 3748 comprehensionem
2795 3674 3131 3731 transcendit
3167 3674 3431 3745 unigeniti

1864 3767 1990 3824 Filii
2024 3769 2425 3840 inexplicabilis
2454 3767 2830 3825 subsistentia.

1934 3859 2002 3916 ν.
2040 3859 2222 3926 Quare
2255 3862 2397 3916 inter
2418 3859 2538 3931 pios
2570 3874 2690 3916 meo
2723 3857 2940 3930 quidem
2964 3858 3174 3929 judicio
3202 3872 3432 3915 censen-

1866 4179 1959 4222 aut
1984 4170 2248 4239 [actorum
2272 4170 2353 4223 uti
2380 4186 2564 4224 ausus.
2587 4170 2647 4224 ln
2688 4172 2837 4241 regio
2867 4172 2997 4227 item
3022 4171 3212 4227 codice
3228 4170 3278 4227 J.
3304 4169 3429 4226 Pini

1864 4240 2126 4312 scriptum
2162 4241 2345 4312 inveni
2377 4241 2734 4312 ὁμοστοίχοις.
2760 4240 2944 4312 Hujus
2989 4250 3170 4297 autem
3204 4242 3309 4297 loci
3339 4257 3430 4297 sa-

1862 4312 1934 4366 tis
1977 4310 2198 4381 obscuri
2241 4310 2362 4381 hicg
2392 4310 2497 4381 εειΔ
2520 4326 2740 4366 sensus.
2781 4310 3021 4367 Joannes
3066 4313 3425 4381 evangelista,

1861 4395 1984 4434 cum
2020 4380 2285 4449 originem
2323 4378 2445 4434 Filii
2477 4379 2569 4434 Dei
2609 4382 2767 4435 vellet
2797 4397 3088 4450 exponere,
3122 4378 3242 4434 eam
3275 4396 3304 4434 a
3341 4398 3428 4437 re-

1864 4465 1985 4505 rum
2031 4457 2338 4521 creatarum
2364 4450 2723 4521 productione
2754 4452 2910 4521 longe
2947 4451 3196 4521 distinxit
3217 4469 3232 4517 ;
3255 4452 3427 4505 cavit-

1862 4537 1970 4602 que
1999 4520 2433 4602 diligentissime,
2464 4536 2533 4602 ne
2570 4521 2628 4575 in
2661 4520 2987 4602 declaranda
3028 4520 3151 4574 Filii
3186 4521 3425 4602 essentia

1864 4591 2055 4661 iisdem
2101 4591 2285 4647 verbis
2333 4597 2598 4661 uteretur,
2641 4591 2841 4661 quibus
2882 4606 3066 4646 rerum
3115 4600 3421 4661 creatarum

1860 4660 2126 4731 originem
2149 4660 2418 4731 exposuit;
2441 4660 2575 4714 Nam
2608 4658 2675 4715 in
2695 4661 3019 4716 declaranda
3052 4660 3267 4730 quidem
3300 4658 3424 4715 Filii

1859 4731 2120 4795 essentia,
2158 4746 2294 4787 usus
2326 4739 2410 4786 est
2438 4731 2605 4786 verbo
2634 4740 2768 4797 erat,
2802 4732 2857 4785 in
2891 4731 3209 4800 exponenda
3239 4737 3422 4783 autem

1859 4801 2077 4872 origine
2097 4815 2280 4872 rerum
2309 4809 2615 4872 creatarum
2636 4800 2780 4872 dixit
2797 4799 3031 4872 ἐγένετο,
3066 4800 3119 4854 id
3159 4807 3245 4872 est
3272 4799 3421 4868 facta

1858 4869 2000 4941 sunt.
2044 4869 2279 4941 Subjicit
2315 4870 2510 4926 deinde
2540 4870 2870 4941 Alexander,
2891 4873 2989 4941 οὐχ
3018 4871 3100 4925 ὅτι
3125 4869 3420 4941 ἀγέννητος

1855 4937 1924 5013 ἣν
1942 4960 1955 4972 ·
1986 4941 2044 5013 ἓν
2072 4937 2181 5013 γὰρ
2214 4941 2504 5013 ἀγέννητον
2529 4940 2783 5013 ὁΠατήρ,
2809 4940 2864 4996 id
2892 4937 3000 5013 est,
3025 4958 3129 4995 non
3155 4937 3292 5013 quod
3312 4937 3419 4992 Ἐἰ-

1857 5008 1961 5066 lius
1994 5008 2093 5066 Dei
2121 5008 2226 5066 n'on
2255 5008 2337 5081 sit
2363 5008 2595 5081 genitus.
2623 5008 2797 5081 Unum
2821 5012 2961 5066 enim
3001 5021 3081 5066 est
3104 5008 3413 5081 ingenitum,

1858 5081 2021 5137 Pater
2047 5082 2266 5137 scilicet.
2309 5080 2440 5146 Quae
2471 5080 2689 5152 quidem
2728 5080 3023 5152 Alexandri
3059 5081 3224 5152 verba
3249 5080 3412 5152 beni-

1855 5168 1960 5218 gne
2000 5152 2346 5221 intelligenda
2373 5148 2505 5206 sunt
2546 5152 2649 5206 hoc
2686 5151 2848 5206 modo
2875 5170 2889 5205 :
2918 5150 3038 5205 Non
3070 5150 3215 5221 quod
3244 5148 3416 5221 Filius

1855 5221 1950 5279 Dei
2002 5219 2329 5293 principium
2360 5222 2619 5293 originis
2653 5237 2920 5293 suainon
2945 5219 3166 5293 _habeat
3194 5237 3210 5286 ;
3254 5219 3416 5273 habet

1853 5291 2091 5348 enim're
2119 5306 2244 5346 vera
2290 5291 2617 5362 principium
2657 5292 2906 5362 originis,
2945 5291 3183 5353 Patrem,
3215 5305 3283 5345 ex
3304 5302 3411 5359 quo

1852 5364 2067 5433 genitus
2087 5368 2172 5417 est
2198 5380 2210 5416 :
2244 5362 2340 5416 sed
2365 5361 2492 5432 quia
2520 5362 2729 5433 nullum
2755 5361 2917 5417 habet
2940 5361 3266 5433 principium
3286 5367 3407 5433 tem-

1852 5430 2024 5556 geris,
2054 5433 2256 5502 quippe
2285 5430 2475 5501 qui—ab
2507 5432 2654 5486 omni
2678 5430 3229 5556 mternitafecgenitus
3255 5430 3327 5486 sit
3347 5444 3401 5483 ei

1898 5511 2033 5556 atre.
2077 5502 2319 5556 ἁγοόνως
2347 5505 2441 5556 καὶ
2473 5502 2866 5556 ἅμεσιτεύτως.
2901 5512 2960 5556 ιιι
3037 5502 3161 5556 ιιικί
3203 5501 3391 5556 dicunt

1898 5511 2033 5566 atre,
2072 5501 2319 5574 ἆχρόνως
2347 5505 2441 5557 καὶ
2473 5502 2866 5573 ἅμεσιτεύτως,
2901 5512 2960 5557 ιιι
2988 5501 3161 5556 Graeci
3203 5501 3401 5569 dicunt

1852 5574 1906 5629 id
1938 5576 2158 5630 estsine
2184 5574 2296 5643 ullgo
2323 5580 2566 5643 tempore
2598 5587 2663 5625 ac
2702 5574 2899 5628 medio.

1952 5644 2035 5786 l4;
2070 5638 2456 5724 Ὑπερέκειναῖ
2488 5643 2772 5696 Ἐπέκεινα
2788 5644 2955 5698 codex
2973 5641 3177 5766 Regius
3198 5640 3251 5701 J.
3270 5638 3411 5693 Pini.

1952 5716 2016 5770 15
2082 5714 2369 5781 Εὑσεόεις
2422 5716 2533 5770 οὐκ
2590 5710 2751 5784 οἶμαι
2805 5713 3039 5785 λογιζομ
3080 5730 3206 5767 νου.
3259 5708 3411 5763 Hunc

1949 5708 2035 5785 15)
2082 5708 2369 5781 Εὺάεόεἴς
2422 5716 2533 5770 οὐκ
2590 5710 2751 5784 οἶμαι
2805 5708 3206 5785 λογιζομένου.
3259 5708 3415 5763 Hunc

3032 5808 3106 5867 18
