3850 6160
494 232 599 290 555

1599 234 1657 291 S.
1702 232 2092 290 ALEXANDRI
2126 233 2594 293 ALEXANDRINI

3612 237 3701 293 556

486 358 592 413 dus
634 370 745 412 non
782 362 889 423 est,
926 358 1018 428 qui
1054 357 1196 413 ultra
1225 356 1328 414 ista
1377 357 1581 429 aliquid
1613 359 1891 430 inquirere
1916 374 2008 429 pra

2155 358 2314 431 μέχρι
2359 358 2561 413 τούτων
2606 360 2888 432 ἐπερωτᾷν
2929 376 2981 413 τι
3030 360 3353 432 τολμῶντος,
3386 362 3476 417 διὰ
3502 362 3556 417 τὸ
3590 366 3701 436 ἁνή-

488 449 677 515 sumit,
710 465 820 505 non
855 451 1174 508 auscultans
1208 452 1262 507 id
1286 453 1432 524 quod
1462 452 1727 524 scriptum
1758 460 1843 509 est
1864 455 1884 486 ⁸
1913 472 1925 507 :
1962 453 2057 507 Αί-

489 542 628 599 tiora
664 552 712 598 te
748 560 811 599 ne
834 544 1127 615 quwsieris,
1155 553 1207 599 et
1242 544 1555 600 sublimiora
1584 554 1632 600 te
1672 563 1734 600 ne
1773 547 2049 602 scruteris.

2160 467 2282 503 κοον
2320 451 2435 515 τοῦ,
2468 451 2857 520 Χαλεπώτερά
2887 466 3003 507 σου
3036 452 3122 523 μὴ
3157 451 3328 522 ζήτει,
3363 456 3461 510 καὶ
3493 457 3701 525 ὑψηλό-

2157 542 2296 610 τερά
2341 559 2455 596 σου
2501 542 2588 613 μὴ
2632 542 2885 609 ἐξέταζε.
2938 544 3003 598 Ei
3045 545 3154 618 γὰρ
3205 547 3404 619 ἑτέρων
3453 547 3698 617 πολλῶνὴ

487 632 624 689 Nam
654 635 702 692 si
722 636 1018 691 multarum
1056 636 1287 691 aliarum
1317 652 1499 693 rerum
1530 638 1773 708 cognitio
1807 654 1927 710 quae
1952 638 2008 693 ha

2156 634 2372 702 γνῶσις,
2408 635 2500 689 καὶ
2539 636 2741 690 τούτων
2791 636 3134 708 ἀσυγκρίτως
3179 637 3556 709 κολοὸωτέρων
3576 680 3590 703 ,
3617 641 3701 693 κέ-

487 727 647 798 longe
701 726 988 784 inferiores
1046 734 1212 793 sunt,
1272 728 1522 783 humanae
1581 730 1777 784 mentis
1833 740 2052 800 captum

484 819 721 885 excedit,
757 819 1068 890 cujusmodi
1098 828 1226 876 sunt
1256 822 1399 891 apud
1429 820 1656 876 Paulum
1684 823 1988 892 apostolum
2006 821 2048 887 ⁸,

483 927 550 968 ea
582 928 698 983 qua:
723 912 905 967 oculus
970 928 1073 967 non
1104 913 1255 979 vidit,
1297 931 1389 969 nec
1435 916 1581 969 auris
1614 915 1836 979 audivit,
1875 932 1965 969 nec
1996 917 2051 968 in

481 1019 573 1058 eor
591 1002 814 1058 hominis
848 1003 1216 1072 ascenderunt,
1247 1020 1363 1076 qua
1393 1006 1709 1074 preparavit
1740 1006 1881 1060 Deus
1921 1006 2051 1060 dili-

477 1095 716 1164 gentibus
766 1112 860 1160 se;
906 1095 1216 1167 cujusmodi
1269 1098 1432 1153 etiam
1484 1106 1613 1154 sunt
1663 1100 1853 1163 stellae,
1909 1115 2047 1170 quas

479 1188 623 1245 Deus
653 1187 967 1243 Ahrahamo
997 1188 1129 1243 dicit
1150 1191 1169 1220 ⁷
1198 1204 1306 1244 non
1345 1205 1505 1261 posse
1544 1191 1819 1245 numerari
1846 1210 1859 1255 ;
1887 1201 1939 1246 et
1976 1191 2043 1245 il-

477 1281 607 1337 lud'
631 1301 645 1337 :
670 1282 900 1336 Arenam
940 1282 1103 1336 maris
1137 1292 1185 1336 et
1217 1292 1394 1353 guttas
1424 1284 1614 1350 pluvia:
1644 1285 1760 1353 quis
1801 1284 2042 1338 dinume-

475 1376 656 1433 rabit?
701 1375 976 1449 quomodo
1024 1376 1194 1431 divini
1225 1376 1389 1432 Verbi
1431 1378 1721 1433 essentiam
1769 1379 2042 1434 curiosius

475 1469 804 1540 investigare
833 1469 1104 1539 quispiam
1131 1468 1349 1540 poterit,
1386 1469 1492 1524 nisi
1517 1477 1634 1523 atra
1673 1469 1781 1523 bile
1815 1470 1885 1525 sit
1918 1486 2043 1540 per-

474 1562 657 1618 citus?
685 1560 761 1617 De
790 1576 898 1633 qua
933 1561 1284 1632 prOpheticus
1317 1560 1553 1632 Spiritus
1581 1563 1655 1616 ita
1699 1562 1872 1617 dicit’
1899 1580 1913 1617 :
1942 1561 2040 1617 Ce-

2159 743 2395 796 κρυπται
2427 727 2526 799 τὴν
2556 727 2901 799 ἀνθρωπίνην
2939 728 3259 801 κατάληψιν·
3294 725 3383 783 οἷὰ
3417 733 3529 783 ἐστι
3567 730 3701 802 παρὰ

2153 819 2370 890 Παύλῳ,
2393 819 2433 874 d
2460 821 2765 891 ὀφθαλμὸς
2786 823 2897 875 οὐκ
2921 817 3063 887 εἶδε,
3090 822 3190 875 καὶ
3212 818 3322 888 οὖς
3335 825 3445 877 οὐκ
3472 821 3697 893 ἤκουσε,

2152 914 2248 968 καὶ
2281 914 2381 967 ἐπὶ
2412 914 2663 983 καρδίαν
2693 912 3005 982 ἀνθρώπου
3032 917 3142 968 οὐκ
3175 914 3378 982 ἀνέϐη,
3409 912 3447 968 ἃ
3481 915 3699 984 ἡτοίμα-

2150 1019 2261 1058 σεν
2303 1007 2335 1057 ὁ
2371 1004 2511 1071 Θεὸς
2556 1004 2680 1071 τοῖς
2727 1004 3040 1075 ἀγαπῶσιν
3069 1006 3284 1059 αὐτόν·
3325 1005 3460 1059 ἀλλὰ
3502 1005 3590 1060 καὶ
3635 1005 3698 1060 τὰ

2149 1096 2320 1168 ἄστρα
2365 1098 2526 1168 φησὶν
2566 1100 2595 1151 ὁ
2630 1097 2761 1162 Θεὸς
2800 1097 2878 1167 τῷ
2919 1098 3165 1170 Ἀϐραὰμ
3190 1096 3488 1170 ἀριθμῆσαι
3521 1097 3590 1169 μὴ
3613 1098 3697 1152 δύ·-

2146 1207 2320 1244 νασαι·
2371 1191 2465 1245 καὶ
2509 1190 2623 1255 ἔτι,
2657 1193 2877 1260 Ἀμμον
2908 1190 3233 1245 θαλασσῶν
3276 1191 3374 1245 καὶ
3417 1192 3699 1261 σταγόνας

2144 1282 2343 1347 ὑετοῦ,
2373 1282 2527 1353 φησὶ,
2574 1284 2665 1348 τίς
2708 1282 3127 1352 ἐξαριθμήσει;
3159 1282 3275 1347 πῶς
3318 1283 3383 1337 ἂν
3418 1284 3696 1354 περιεργά-

2152 1374 2305 1427 σαιτό
2341 1391 2426 1437 τις
2466 1374 2564 1445 τὴν
2594 1373 2688 1428 τοῦ
2726 1373 2858 1428 Θεοῦ
2892 1375 3065 1442 Λόγου
3108 1374 3435 1438 ὑπόστασιν,
3478 1374 3627 1437 ἐκτὸς
3652 1375 3697 1426 εἰ

2145 1465 2218 1536 μὴ
2252 1464 2613 1537 μελαγχολικῇ
2644 1465 2880 1518 διαθέσει
2906 1464 3132 1536 ληφθεὶς
3156 1466 3443 1536 τυγχάνοι;
3476 1466 3606 1537 Περὶ
3633 1461 3695 1537 ἦς

2138 1556 2579 1628 τὸ.προφητικὸν
2623 1557 2850 1628 Πνεῦμὰ
2897 1574 3057 1628 φησι·
3116 1557 3236 1625 Τὴν
3269 1557 3478 1626 γενεὰν
3521 1556 3697 1612 αὐτοῦ

471 1656 794 1709 nerationem
830 1655 943 1725 ejus
975 1655 1090 1725 quis
1120 1656 1430 1711 enarrabit?
1464 1655 1527 1709 Et
1561 1656 1817 1712 Scrvator
1851 1664 2007 1713 noste

2140 1649 2230 1713 τίς
2260 1648 2643 1718 διηγήσεται;
2668 1648 2736 1702 Ἢ
2766 1650 2856 1703 καὶ
2890 1650 3046 1713 αὐτὸς
3074 1650 3103 1702 ὁ
3134 1650 3325 1719 Σωτὴρ
3351 1648 3526 1720 ἡμῶν,
3554 1650 3697 1723 εὐερ-

470 1746 637 1803 totius
669 1746 856 1803 mundi
907 1747 1190 1804 columnas
1228 1746 1492 1803 beneﬁcio
1526 1749 1892 1821 obstringens,
1933 1749 2005 1803 hu

2140 1740 2314 1809 γετῶν
2349 1743 2471 1805 τοὺς
2504 1742 2719 1796 πάντων
2759 1742 2868 1797 τῶν
2899 1744 2957 1796 ἐν
2995 1742 3183 1814 κόσμῳ
3229 1743 3412 1806 κίονας
3445 1740 3576 1813 (16),
3605 1742 3697 1814 τὴν

464 1839 555 1908 jus
586 1838 667 1893 rei
708 1838 958 1893 notitiam
1001 1847 1260 1910 tanquam
1307 1854 1448 1895 onus
1499 1840 1569 1895 ab
1616 1840 1723 1895 illis
1757 1854 2008 1894 removeri

2137 1833 2266 1904 περὶ
2293 1831 2496 1886 τούτων
2523 1832 2722 1901 γνῶσιν
2756 1833 2868 1906 (17)
2891 1834 3066 1889 αὐτῶν
3089 1835 3481 1906 ἀποφορτίσθαι
3512 1837 3695 1891 ἐσπού-

465 1929 679 1985 studuit
705 1949 718 1983 :
744 1929 1000 1985 omnibus
1029 1930 1247 2001 quidem
1282 1930 1415 2000 ipsis
1446 1946 1611 2001 supra
1640 1939 1891 1985 naturam
1913 1946 2008 1986 esst

2133 1924 2283 1977 δασε·
2317 1925 2449 1977 πᾶσι
2477 1924 2576 1995 μὲν
2604 1922 2699 1978 οὖν
2743 1926 2925 1990 αὐτοῖς
2960 1926 3225 1995 ἀφύσικον
3258 1922 3395 1981 εἶναι
3426 1927 3596 1996 λέγων
3623 1931 3696 1994 είς

465 2021 654 2080 dicens
688 2022 835 2078 istud
881 2022 1065 2077 animo
1093 2023 1585 2093 comprehendere;
1637 2024 1739 2078 soli
1774 2038 1901 2078 vero
1930 2022 2034 2076 Pa-

452 2114 535 2169 tri
563 2122 870 2185 competere
901 2114 1070 2169 divini
1102 2114 1267 2183 hujus
1318 2114 1563 2185 mysterii
1607 2115 2027 2184 perceptionem.

465 2204 636 2262 Nemo
664 2206 825 2271 enim,
870 2206 1048 2276 inquit
1072 2207 1138 2271 ¹⁰,
1172 2207 1337 2270 novit,
1373 2209 1487 2275 quis
1527 2207 1596 2261 sit
1633 2206 1682 2259 F
1686 2207 1807 2261 ilius
1842 2216 2031 2275 prtvter

465 2294 699 2360 Patrem,
741 2304 791 2350 et
812 2312 959 2351 nemo
1001 2296 1141 2351 novit
1183 2295 1401 2351 Patrem
1431 2307 1784 2367 praeterquam
1830 2295 2024 2352 Filius.

454 2386 577 2451 Qua
609 2386 676 2442 de
706 2402 765 2443 re
790 2387 954 2442 etiam
985 2387 1201 2442 Patrem
1225 2388 1431 2445 dixisse
1461 2389 1722 2455 arbitror,
1761 2388 2028 2444 Arcanum

459 2494 629 2532 meum
659 2479 787 2532 mihi
811 2480 875 2542 ”,
908 2486 962 2534 et
994 2478 1151 2534 meis.

527 2568 617 2624 VI.
658 2569 814 2636 Quod
861 2554 987 2625 vero
1033 2576 1289 2625 extremae
1341 2570 1628 2626 dementia:
1672 2571 1777 2634 sit,
1803 2570 2023 2626 'Filium

454 2660 551 2717 Dei
594 2676 661 2716 ex
709 2676 819 2715 non
864 2660 1210 2717 exstantibus
1252 2660 1457 2717 factum
1509 2664 1745 2733 opinari,
1799 2679 1923 2717 cum
1970 2663 2023 2718 id

453 2753 601 2822 quod
645 2767 708 2807 ex
743 2766 853 2806 non
889 2753 1233 2830 exstantibus
1274 2752 1479 2808 factum
1526 2762 1631 2821 est,
1667 2755 2021 2823 temporalem

455 2844 653 2899 habeat
700 2844 1150 2909 essentiam;res
1197 2845 1314 2915 ipsa
1363 2845 1592 2911 indicat,
1646 2846 1775 2900 licet
1816 2834 2030 2917 stupidi.

452 2936 542 2991 isti
587 2935 856 2990 insaniam
899 2949 1095 2989 vocum
1128 2950 1352 2990 suarum
1384 2951 1496 2991 non
1530 2936 1850 3007 intelligant.
1883 2934 2020 2991 lllud

2134 2016 2459 2088 κατάληψιν,
2491 2017 2636 2088 μόνῳ
2669 2017 2738 2088 [δὲ
2785 2018 2862 2088 τῷ
2909 2020 3084 2091 Πατρὶ
3121 2020 3435 2075 ἀνακεῖσθαι
3482 2020 3579 2091 τὴν
3606 2020 3694 2074 τοῦ

2133 2107 2406 2162 θειοτάτου
2451 2109 2638 2162 τούτου
2701 2110 2997 2182 μυστηρίου
3046 2111 3281 2181 εἴδησιν
3337 2111 3544 2178 Οὐδεὶς
3593 2111 3695 2183 γὰρ

2131 2204 2283 2271 ἔγνω
2310 2204 2402 2270 τίς
2436 2204 2606 2258 ἐστιν
2634 2208 2666 2259 ό
2703 2204 2853 2271 Υἱὸς,
2885 2205 3077 2275 λέγων,
3099 2208 3149 2260 εὶ
3173 2207 3257 2277 μὴ
3284 2211 3316 2261 ὀ
3342 2208 3565 2277 Πατήρ·
3603 2210 3694 2263 καὶ

2130 2294 2235 2347 τὸν
2268 2293 2498 2363 Πατέρα
2521 2297 2718 2362 οὐδεὶς
2742 2297 2896 2367 ἔγνω
2922 2300 2975 2352 εὶ
2994 2297 3080 2368 μὴ
3115 2302 3148 2352 ό
3182 2300 3329 2365 Υἱός.
3361 2300 3496 2370 Περὶ
3523 2296 3584 2356 οὗ
3609 2301 3696 2354 καὶ

2126 2387 2217 2440 τὸν
2262 2385 2480 2459 Πατέρα
2526 2386 2676 2460 οἶμαι
2717 2388 2927 2458 λέγειν,
2962 2389 3031 2444 Τὸ
3062 2391 3395 2459 μυστήριόν
3420 2410 3537 2461 μου
3570 2392 3693 2462 ἐμοὶ

2128 2478 2221 2529 καὶ
2248 2481 2358 2541 τοῖς
2393 2481 2544 2549 ὲμοῖς
2568 2478 2701 2550 (l8).
3502 2544 3505 2545 ,

2199 2564 2286 2623 Vl.
2322 2571 2442 2623 Ὅτι
2471 2570 2527 2623 δὲ
2575 2570 2858 2641 μανιῶδες,
2891 2572 2952 2625 τὸ
2996 2571 3056 2637 ἐξ
3101 2572 3199 2626 οὐκ
3240 2573 3407 2628 ὄντων
3436 2575 3529 2627 τὸν
3571 2574 3695 2628 Υἱδν

2124 2660 2404 2730 γεγονέναι
2452 2664 2688 2733 φρονεῖν,
2722 2664 2978 2734 χρονικὴν
3023 2664 3215 2735 ἔχοντα
3258 2664 3356 2735 τὴν
3400 2664 3691 2736 προϐολὴν,

2124 2750 2348 2805 αὐτόθεν
2377 2752 2650 2805 δείκνυται
2680 2752 2740 2805 τὸ
2767 2751 2824 2819 ἐξ
2851 2752 2950 2805 οὐκ
2976 2753 3143 2807 ὄντων
3187 2752 3324 2825 (19).,
3355 2753 3456 2807 κᾶν
3489 2754 3693 2823 ἀγνοῶ-

2124 2860 2206 2897 σιν
2233 2845 2282 2896 οἱ
2305 2843 2517 2913 ἀνόητοι
2542 2843 2639 2915 τὴν
2667 2843 2764 2913 τῆς
2802 2843 2985 2913 φωνῆς
3015 2843 3192 2897 αὐτῶν
3236 2844 3451 2915 μανίαν.
3482 2845 3556 2897 ’Ἡ
3589 2845 3693 2917 γὰρ

2121 2936 2331 3008 χρόνοις
2361 2934 2807 3006 ἐμπολιτεύεσθαι
2832 2934 2913 2988 δεῖ
2944 2935 3025 3000 τὸ,
3053 2937 3163 2988 οὐκ
3187 2930 3285 3005 ἦν,
3311 2937 3345 3006 ἢ
3372 2936 3571 2999 αἰῶνός
3590 2954 3694 2989 τινι

447 3024 617 3089 enim,
650 3039 751 3077 non
773 3032 909 3088 erat,
946 3023 1002 3077 in
1048 3032 1287 3095 tempore
1320 3027 1531 3082 censeri
1563 3034 1797 3097 oportet,
1828 3037 1921 3082 aut
1959 3030 2008 3083 in

2126 3030 2466 3115 διαστήματι.
2498 3030 2561 3081 Εἰ
2589 3027 2766 3081 τοίνυν
2807 3027 3003 3099 ἀληθὲς
3049 3028 3132 3089 τὸ,
3166 3028 3360 3083 πάντα
3401 3027 3475 3080 δι’
3506 3029 3695 3083 αὐτοῦ

446 3116 629 3186 aliquo
656 3116 757 3170 aevi
787 3115 983 3186 spatio.
1006 3114 1075 3168 At
1104 3116 1151 3171 si
1176 3120 1360 3172 verum
1385 3127 1488 3183 est,
1523 3121 1700 3173 omnia
1723 3137 1813 3189 per
1840 3121 2010 3190 ipsum

442 3208 593 3275 facta
622 3223 753 3273 esse,
802 3213 1018 3263 constat
1054 3209 1242 3279 utique
1288 3216 1343 3265 et
1379 3225 1552 3266 aevum
1591 3218 1645 3266 et
1683 3218 1920 3282 tempus,
1957 3221 2011 3267 et

444 3298 681 3368 spatium
708 3313 890 3364 omne,
927 3306 982 3355 et
1028 3299 1162 3355 illud
1211 3302 1524 3372 aliquando,
1574 3305 1630 3358 in
1664 3306 1864 3374 quibus
1899 3321 2008 3359 non

442 3388 611 3445 fuisse
640 3390 930 3460 reperitur,
960 3405 1058 3461 per
1084 3392 1264 3462 ipsum
1296 3394 1439 3449 facta
1469 3410 1609 3450 esse.
1642 3394 1705 3449 Et
1731 3396 2007 3466 quomodo

436 3481 735 3537 absurdum
765 3498 875 3538 non
917 3484 1008 3549 sit,
1034 3501 1159 3541 eum
1199 3485 1293 3555 qui
1332 3495 1576 3557 tempora
1613 3496 1667 3542 et
1714 3488 1910 3543 saecula
1939 3503 2003 3543 ac

530 3630 553 3661 “
588 3628 755 3683 Eccli.
785 3646 881 3695 ιιι,
924 3629 1013 3685 2‘2.

436 3700 476 3730 ¹¹
514 3697 627 3752 Isa.
663 3716 824 3765 xxw,
850 3699 937 3754 16.

430 3820 595 3891 etiam
623 3820 803 3891 locum
834 3820 1116 3877 emendavi
1143 3838 1209 3877 ex
1233 3821 1563 3891 supradictis
1592 3819 1875 3876 codicibus
1902 3821 1998 3875 Al~

432 3889 547 3961 latii
581 3903 644 3961 ac
675 3889 884 3954 Savilii,
923 3901 977 3946 et
1008 3908 1074 3947 ex
1110 3894 1258 3961 regio
1305 3889 1494 3946 codice
1520 3890 1568 3945 J.
1604 3891 1751 3961 Pini,
1795 3892 1994 3961 quibus

429 3959 755 4032 astipulatur
779 3960 956 4032 editio
978 3959 1315 4026 Basiliehsis,
1350 3963 1457 4017 nisi
1508 3962 1653 4032 quod
1681 3959 1993 4032 τολμῶντας

428 4028 614 4103 habet,
636 4045 767 4103 _non_
788 4030 1114 4101 τολμῶντος.
1157 4033 1496 4103 Epiphanius
1526 4028 1719 4103 tamen
1759 4028 1989 4103 Schola-

426 4097 600 4154 sticus
635 4100 689 4174 in
718 4097 914 4174 plurali
946 4118 1175 4174 numero
1203 4097 1418 4174 "legisse
1465 4102 1686 4174 videtur
1708 4102 1991 4173 λογιζομέ-

423 4186 545 4241 νους
573 4171 698 4233 τοὺς
726 4170 1055 4241 τολμῶντας.
1088 4170 1147 4227 In
1177 4170 1298 4227 cod:
1342 4188 1456 4241 reg.
1490 4171 1538 4226 J.
1571 4170 1691 4241 Pini
1724 4170 1867 4227 totus
1897 4170 1991 4228 hic

422 4239 576 4313 locus
605 4241 677 4295 ita
709 4238 967 4313 scribitur
998 4259 1010 4293 :
1047 4242 1140 4306 Εἰς
1164 4238 1445 4297 εὐσέϐειαν
1474 4242 1572 4294 οὐκ
1602 4238 1755 4313 οἶμαι
1783 4243 1993 4311 λογιζο-

425 4310 616 4382 μένους
641 4312 767 4382 reb;
793 4330 848 4381 μ.
873 4329 946 4377 τ.,
973 4313 1062 4382 ξπ.
1096 4329 1150 4365 τι
1181 4313 1512 4382 τολμῶντας.

491 4380 603 4453 (l6)
618 4379 907 4453 juxta»:
934 4381 1053 4435 τῶν
1082 4382 1152 4435 ἐν
1187 4379 1390 4453 κόσμῳ
1436 4384 1661 4450 κίονας.
1707 4384 1836 4438 Post
1874 4385 1986 4439 haec
2020 4384 2062 4437 D

416 4449 1203 4525 yerba'JacobusSirmundus
1243 4449 1313 4507 in'
1334 4454 1585 4525 editione
1610 4449 1707 4510 Sua
1750 4466 1983 4525 quatuor

416 4520 517 4575 has
542 4536 703 4595 voces
733 4522 959 4586 addidit,
990 4524 1127 4595 τοὺς
1143 4523 1435 4595 θεηγόρους
1460 4524 1601 4595 φημὶ
1631 4520 1978 4589 ἀποστόλους,

417 4592 605 4645 nescio
627 4607 764 4662 quos
788 4601 1009 4647 secutus
1031 4592 1272 4649 codices.
1303 4592 1464 4648 Certe
1486 4592 1551 4648 in'
1569 4598 1773 4650 nostris
1796 4612 1981 4651 exeru-

414 4662 660 4735 plaribus
693 4670 745 4717 et
779 4663 832 4735 in
872 4663 1156 4720 Basiliensi
1185 4666 1420 4720 editione
1458 4680 1565 4719 non
1598 4667 1896 4735 habentur;
1927 4675 1981 4720 et

414 4732 919 4806 scholiumupotius
946 4735 1191 4806 redolent
1228 4736 1514 4804 cujusdam
1552 4738 1652 4790 viri
1689 4737 1854 4800 docti,
1883 4732 1979 4806 qui

413 4801 481 4877 ad
515 4803 655 4877 latus
685 4803 811 4877 libri
838 4804 921 4859 sui
955 4804 1009 4858 id
1032 4801 1340 4877 notaverat,
1366 4807 1776 4877 perdcolumnas
1810 4801 1978 4877 signi-

414 4870 564 4944 ficari
596 4872 813 4944 divinos
837 4876 1136 4944 apostolos.
1173 4876 1333 4931 Certe
1366 4870 1421 4929 in
1455 4876 1692 4944 Epistola
1720 4870 1886 4930 Pauli
1911 4877 1976 4931 ad

410 4939 632 4998 Galatas
664 4939 942 4999 Petrus—ct
962 4944 1198 5002 Jacobus
1227 4939 1781 5001 dicuntur-columnae
1809 4948 1977 5002 fuisse

408 5010 686 5088 Ecclesia:
708 5012 877 5069 Porro
893 5016 1053 5088 initio
1070 5016 1231 5085 hujus
1248 5017 1453 5088 periodi
1469 5018 1813 5072 scribendum
1834 5018 1865 5088 ἢ
1884 5019 1975 5072 καὶ

409 5084 619 5156 αὐτὸςό
647 5085 858 5156 Σωτήρ,
891 5085 944 5139 id
964 5093 1068 5149 est,
1090 5084 1340 5156 quocirca
1366 5085 1611 5141 Servatur
1642 5084 1969 5147 nosterfetc.

480 5154 593 5226 (17)
628 5154 743 5226 Τὴν
772 5154 903 5222 περὶ
938 5154 1164 5210 τούτων
1192 5159 1435 5226 γνῶσιν.
1473 5158 1527 5211 In
1552 5158 1741 5213 codice
1776 5157 1976 5213 Leonis

407 5223 589 5298 Allatii
634 5232 687 5278 et
726 5224 780 5298 in
827 5226 1063 5298 editione
1095 5223 1383 5282 Basiliensi
1426 5230 1687 5297 scriptum
1720 5236 1805 5282 est
1844 5230 1973 5298 περὶ

404 5292 614 5368 τούτου,
646 5296 873 5368 rectius,
919 5298 974 5368 ni
1024 5297 1201 5368 fallor.
1246 5298 1431 5364 Neque
1481 5292 1639 5353 aliter
1683 5300 1811 5367 legit
1842 5292 1972 5368 Epi-

403 5362 639 5430 phanius
666 5362 1059 5422 Scholasticus.
1095 5366 1187 5421 Sic
1218 5362 1363 5422 enim
1386 5370 1546 5422 vertit
1569 5370 1713 5423 hunc
1736 5362 1924 5422 loclim
1953 5387 1965 5423 :

406 5430 551 5485 Nam
571 5443 620 5487 et
649 5436 757 5501 ipse
781 5435 1027 5490 Servator
1054 5448 1307 5504 prwstare
1328 5437 1500 5492 volens
1525 5440 1766 5493 omnibus
1787 5440 1841 5492 in
1873 5439 1970 5492 hoc

398 5504 599 5640 ἵιιριάο
634 5503 927 5624 ἓοίιιηιηίδ,
977 5503 1134 5575 hujus
1182 5510 1429 5561 notitiam
1472 5508 1536 5561 ab
1579 5511 1655 5563 eis
1683 5506 1974 5563 exonerare

424 5589 477 5625 es
506 5589 643 5626 mam
674 5616 687 5628 .

424 5582 500 5625 est
506 5582 668 5626 inam‘t
674 5616 687 5628 .

473 5641 586 5714 (18)
620 5641 731 5697 Καὶ
764 5642 884 5708 τοῖς
915 5643 1097 5712 ἐμοῖς.
1133 5644 1370 5703 Jacobus
1413 5645 1739 5705 Sirmundus
1767 5649 1823 5704 in
1850 5648 1967 5705 cdi-

1122 3628 1199 3700 {1
1220 3630 1343 3688 Cor.
1380 3649 1441 3699 u,
1474 3633 1530 3691 9.
1623 3600 1645 3665 ’ί
1675 3632 1801 3688 Gen.
1846 3651 1937 3699 xv,
1970 3634 2023 3689 5.

2120 3108 2444 3195 γεγονέναι,
2488 3122 2727 3193 δηλονότι
2772 3121 2865 3176 καὶ
2912 3123 3018 3185 πᾶς
3060 3122 3194 3177 αἰὼν
3223 3124 3314 3177 καὶ
3352 3125 3569 3194 χρόνος,
3602 3125 3692 3179 καὶ

2115 3217 2475 3287 διαστήματα,
2503 3215 2596 3268 καὶ
2615 3214 2674 3267 τὺ
2699 3214 2846 3277 ποτὲ,
2866 3214 2921 3266 ἐν
2936 3208 3016 3277 οἷς
3042 3214 3103 3266 τὸ
3123 3216 3233 3268 οὐκ
3253 3210 3331 3285 ἦν
3354 3216 3697 3285 εὑρίσκεται,

2114 3307 2178 3361 δι’
2207 3306 2369 3361 αὐτοῦ
2416 3307 2650 3376 ἐγένετο.
2694 3306 2805 3359 Καὶ
2840 3305 2954 3369 πῶς
2985 3306 3085 3359 οὐκ
3130 3306 3418 3371 ἀπίθανον,
3467 3308 3563 3362 τὸν
3599 3308 3693 3362 καὶ

2112 3399 2333 3469 χρόνους
2362 3398 2456 3451 καὶ
2488 3397 2689 3460 αἰῶνας
2733 3396 2826 3449 καὶ
2872 3396 3113 3466 καιροὺς,
3147 3397 3203 3449 ὲν
3234 3392 3312 3461 οἷς
3339 3397 3424 3462 τὸ,
3452 3399 3569 3452 οὐκ
3590 3394 3691 3470 ἦν,

2114 3488 2518 3559 συμπέφυρται,
2551 3487 2874 3555 ποιήσαντα,
2922 3485 3083 3539 αὐτόν
3124 3502 3254 3539 ποτε
3300 3486 3374 3557 μὴ
3417 3482 3562 3542 εἶναι
3602 3486 3692 3541 λέ-

2129 3634 2150 3665 ⁸
2188 3632 2353 3687 Eccli.
2398 3647 2436 3697 ι,
2466 3630 2521 3684 2.
2625 3631 2645 3662 ο
2679 3628 2792 3683 Isa.
2820 3642 2938 3693 Lill,
2973 3627 3025 3683 8.
3140 3629 3184 3660 ¹⁶
3214 3627 3408 3684 Matth.
3453 3645 3543 3695 χι,
3592 3629 3688 3686 ετ.

2107 3821 2255 3875 tione
2291 3834 2389 3875 sua
2413 3819 2679 3888 expunxit
2717 3820 2830 3875 haec
2862 3819 3045 3875 verba.
3081 3814 3242 3888 Certe
3268 3828 3376 3888 non
3402 3810 3683 3888 habentur

2104 3892 2159 3944 in
2198 3891 2387 3945 codice
2428 3884 2625 3943 Leonis
2656 3891 2861 3953 Allatii,
2895 3898 2947 3944 et
2986 3884 3257 3956 superﬂua
3286 3884 3550 3936 videntur
3578 3885 3689 3941 hoc

2101 3961 2239 4015 loco.
2278 3959 2448 4013 Porro
2490 3960 2641 4013 locus
2670 3960 2769 4015 istc
2799 3962 3344 4027 dcsumptusestex
3384 3966 3513 4027 cap.
3551 3971 3689 4027 μιν

2100 4033 2268 4085 Isaiae.
2312 4029 2410 4084 Ubi
2442 4029 2804 4099 Hieronymus
2834 4022 3176 4083 notat—verba
3224 4022 3477 4099 illa__:AEt
3522 4023 3682 4099 dimi:

2097 4100 2369 4155 Secretum
2399 4115 2570 4153 meum
2594 4093 2721 4153 mihi
2738 4117 2755 4163 ;
2788 4109 3041 4154 secretum
3071 4111 3240 4149 meum
3268 4093 3417 4156 mihi,
3450 4108 3567 4148 non
3591 4094 3688 4148 ha-

2097 4171 2215 4225 beri
2236 4173 2291 4224 in
2311 4169 2687 4240 Septuaginta,
2706 4170 2798 4224 sed
2816 4164 3291 4240 exﬁTheodotiouis
3311 4164 3688 4240 translatione

2098 4242 2169 4295 ab
2199 4231 2432 4311 Origene
2467 4231 2650 4293 addita
2674 4231 2841 4311 esse.
2882 4237 3197 4311 Procopius
3217 4243 3397 4287 autem
3438 4231 3683 4311 Gaaaaus

2097 4304 2647 4381 exinte'rpretatione
2686 4304 3293 4381 SymmachiAs'uppleta
3337 4318 3465 4381 esse
3515 4304 3681 4381 dicit.

2198 4322 2642 4380 mterpretauone
2686 4322 2999 4381 Symmachi
3043 4324 3105 4362 su
3144 4322 3293 4375 picta
3337 4322 3465 4372 esse
3515 4322 3681 4359 arcu.

2163 4380 2575 4453 (19)_Abro't)er
2623 4378 2924 4453 deberetur
2968 4322 3146 4453 τὸ
3174 4373 3687 4453 οὺζιηᾷντωγ..ι]³-

2089 4443 2618 4507 οοῦυέὸίτῐιιιιηόυε
2674 4451 2819 4504 hunc
2867 4450 3043 4503 locum
3085 4448 3163 4503 ita
3207 4443 3397 4507 edidit,
3442 4444 3684 4499 αὐτόθεν

2084 4520 2355 4594 δείκνυται
2383 4524 2447 4588 ὲκ
2477 4521 2571 4574 τοῦ
2607 4519 2804 4594 ὲξᾼούκ-
2837 4519 3023 4572 ὄντων.
3066 4516 3131 4569 Et
3159 4523 3331 4594 totum
3368 4515 3559 4594 locum
3589 4516 3682 4594 _sic

2085 4584 2471 4664 interpretatus
2493 4598 2575 4647 est
2601 4609 2613 4642 :
2650 4584 2815 4664 Quod
2835 4606 2952 4643 vero
2992 4598 3225 4664 extrema
3264 4584 3331 4664 sit
3361 4584 3641 4637 dementia
3660 4624 3679 4651 ,

2084 4657 2287 4716 Filium
2320 4679 2383 4716 ea;
2413 4679 2515 4714 non
2564 4660 2891 4715 exstantibus
2922 4671 3094 4712 ortum
3128 4657 3457 4716 existimare,
3512 4664 3683 4724 atque

2081 4732 2135 4785 in
2163 4743 2389 4800 tempore
2410 4731 2743 4801 productum,
2768 4730 2998 4784 indidem
3021 4738 3185 4801 patet,
3211 4726 3307 4801 hac
3335 4735 3434 4801 est,
3463 4740 3536 4776 ea:
3565 4743 3679 4801 non

2079 4796 2431 4868 exstantibus,
2462 4811 2567 4857 etc.
2604 4801 2802 4855 Verum
2839 4815 2961 4853 cum
3002 4796 3135 4852 nulli
3166 4796 3387 4851 codices
3417 4796 3497 4848 ita
3523 4797 3680 4868 scri-

2078 4882 2234 4954 ptum
2278 4865 2533 4954 hnabcant,
2580 4873 2850 4954 vulgatam
2905 4870 3186 4924 lectionem
3239 4874 3454 4954 militare
3503 4865 3678 4920 nefas

2079 4936 2238 4999 duco.
2291 4942 2447 5009 Quod
2480 4948 2528 4998 si
2576 4936 2948 5011 conjecturam
3000 4948 3254 5011 nostrain
3284 4936 3415 5011 licet
3452 4949 3677 5011 puppe-

2077 5030 2241 5085 nere,
2293 5004 2548 5085 e'xistimo
2580 5004 2807 5085 delemla
2844 5026 2963 5085 esse
3000 5010 3113 5085 haec
3146 5005 3309 5061 verba
3346 5004 3408 5085 τὸ
3432 5004 3522 5085 ea
3560 5006 3673 5057 οὐκ

2076 5084 2263 5146 ὄντων,
2297 5100 2418 5154 quae
2444 5083 2636 5139 scholii
2674 5083 2793 5155 loco
2822 5081 2888 5134 ad
2913 5081 3209 5155 marginem
3238 5081 3685 5155 ascriptamost-

2075 5166 2137 5208 ea
2200 5144 2260 5210 in
2315 5144 2522 5209 textum
2577 5144 3054 5225 translatasunt.‘
3083 5148 3255 5225 Porro
3313 5144 3675 5225 Epiphanius

2078 5225 2453 5279 Scho’lasticus
2483 5226 2626 5277 hunc
2658 5224 2837 5277 locum
2863 5222 2938 5275 ita
2966 5220 3164 5274 vertit:
3196 5216 3321 5269 Non
3350 5231 3475 5267 reor
3509 5216 3677 5295 igna-

2075 5312 2194 5349 rare
2232 5296 2512 5364 sapientes,
2536 5295 2657 5364 quia
2680 5307 2926 5346 resonant
2950 5299 3026 5343 est
3057 5304 3259 5364 sapere,
3289 5300 3354 5364 ex
3378 5301 3486 5338 non
3515 5299 3677 5337 exst-

2072 5355 2327 5419 stentibu's
2358 5355 2558 5434 factum
2593 5363 2640 5415 F
2646 5364 2823 5434 ilium;
2859 5376 2976 5434 cum
3006 5355 3180 5426 utique
3210 5355 3400 5434 habeat
3449 5364 3675 5434 tempo-

2073 5437 2184 5489 rale
2208 5425 2547 5504 principium,
2572 5432 2709 5505 quod
2736 5430 3031 5505 ostenditur
3049 5425 3118 5483 ex.
3144 5425 3675 5505 nonexsistentibus

2071 5493 2292 5574 factum.
2331 5493 2484 5560 Unde
2521 5493 3127 5574 ap'parethpiphanium
3163 5497 3361 5569 legisse
3394 5493 3678 5567 χρονικὴν

2072 5571 2191 5649 ἕχον
2214 5579 2309 5648 τὴν
2337 5571 2607 5648 προϐολῆκᾶ
2635 5574 2692 5627 τὸ
2714 5572 2773 5638 ἐξ
2804 5573 2904 5625 οὐκ
2929 5571 3115 5624 ὄντων.
