3850 6160
217 253 327 307 557

1653 252 2034 314 EPISTOLAS.

3373 260 3479 319 538

228 383 382 436 γειν;
426 364 759 438 ’Δδιανόητον
787 366 895 438 γὰρ
926 368 1038 436 (20)
1069 370 1161 424 καὶ
1192 370 1371 442 πάσης
1408 371 1646 443 ἀμαθίας
1676 374 1800 428 ἀνά-

1914 384 2262 449 tempestates
2312 377 2573 443 condidit,
2631 378 2684 432 in
2736 377 2933 448 quibus
2980 376 3134 444 illud,
3189 393 3293 431 non
3341 386 3476 432 erat.

227 461 431 527 πλέων,
464 460 557 516 τὸν
597 462 768 517 αἴτιον
799 463 1090 535 γενόμενόν
1126 484 1290 532 τινος,
1331 468 1493 522 αὐτὸν
1522 472 1811 540 μεταγενέ-

230 568 423 625 στερον
445 552 624 622 λέγειν
658 554 760 624 τῆς
799 556 1008 610 ἐκείνου
1035 558 1318 627 γενέσεως.
1352 562 1677 634 Προηγεῖται
1702 563 1810 636 γὰρ

229 647 353 699 κατ’
378 644 574 710 αὐτοὺς
603 647 701 717 τῆς
728 646 796 700 τὰ
825 647 922 702 ὅλα
959 649 1396 726 δημιουργούσης
1436 654 1528 709 τοῦ
1555 656 1691 709 Θεοῦ
1722 674 1809 711 σο-

226 736 359 804 φίας
389 737 566 791 έκεῖνο
604 736 664 791 τὸ
690 737 985 810 διάστημα,
1026 742 1085 796 ὲν
1124 735 1170 811 ᾧ
1198 760 1330 813 φασι
1377 744 1450 817 μὴ
1481 746 1808 817 γεγενῆσθαι

223 830 319 884 τὸν
345 830 475 884 Υίὺν
519 831 623 885 ὑπὸ
671 831 766 887 τοῦ
808 835 1041 907 Πατρός·
1084 837 1421 912 ψευδομένης
1460 844 1579 896 κατ’
1615 843 1809 908 αὐτοὺς

226 921 442 993 καὶτῆς
461 925 842 993 Πρωτότωιον
855 926 1016 982 αὐτὸν
1038 924 1176 983 εἶναι
1191 930 1395 1002 πάσης
1412 935 1661 1003 κτίσεως
1680 938 1807 992 ἀνα-

224 1013 561 1087 γορευούσης
597 1015 840 1088 Γραφῆς.
890 1018 1161 1090 Σύμφωνα
1188 1022 1318 1091 γοῦν
1347 1025 1555 1091 τούτοις
1590 1027 1690 1099 βοᾷ
1715 1030 1807 1082 καὶ

222 1107 255 1161 ὸ
280 1108 793 1179 μεγαλοφωνότατος
814 1111 1044 1178 Παῦλος,
1077 1114 1301 1184 φάσκων
1331 1119 1460 1190 περὶ
1485 1119 1669 1173 αὑτοῦ·
1707 1122 1809 1174 Ὃν

223 1200 404 1270 ἔθηκε
439 1205 820 1275 κληρονόμον
861 1204 1120 1272 πάντων,
1146 1208 1222 1263 δι’
1248 1205 1321 1265 οὗ
1365 1213 1463 1266 καὶ
1501 1213 1643 1280 τοὺς
1675 1214 1807 1268 αἰῶ-

222 1310 340 1360 νας
390 1295 697 1365 ἐποίησεν.
762 1297 923 1351 Ἀλλά
963 1299 1058 1352 καὶ
1105 1298 1175 1351 ἐν
1224 1300 1385 1366 αὐτῷ
1432 1302 1681 1374 ἐκτίσθη
1735 1306 1807 1361 τὰ

225 1385 445 1453 πάντα,
472 1386 547 1441 τὰ
583 1388 655 1441 ἐν
686 1387 811 1454 τοῖς
838 1388 1116 1457 οὐρανοῖς
1147 1390 1244 1444 καὶ
1287 1390 1358 1445 τὰ
1402 1392 1502 1447 ἐπὶ
1532 1395 1643 1464 τῆς
1672 1396 1803 1465 γῆς,

223 1476 299 1531 τὰ
327 1479 509 1545 ὁρατὰ
545 1479 646 1533 καὶ
676 1481 749 1534 τὰ
788 1481 1030 1549 ἀόρατα,
1072 1482 1192 1536 εἴτε
1238 1483 1448 1552 ἀρχαὶ,
1487 1486 1608 1540 εἴτε
1636 1487 1807 1552 ἐξου-

222 1569 376 1631 σίαι,
408 1568 528 1622 εἴτε
557 1571 934 1639 κυριότητες,
964 1573 1084 1628 εἴτε
1117 1576 1337 1643 θρόνοι·
1367 1576 1565 1632 πάντα
1595 1579 1668 1633 δι’
1701 1584 1807 1635 αὺ-

222 1658 334 1765 τοῦ
373 1658 473 1714 καὶ
513 1661 814 1748 εὶς-,αὐτὸν
857 1662 1143 1719 ἔκτισται·
1179 1667 1277 1720 καὶ
1312 1669 1494 1735 αὐτός
1531 1670 1661 1726 ἐστι
1690 1674 1802 1742 πρὸ

222 1765 487 1807 παντων.

296 1926 412 1982 νιι.
455 1928 844 2003 Ἀσεσεστάτης
876 1929 969 1987 οὖν
997 1935 1256 2008 φανείσης
1292 1938 1389 2009 τῆς
1412 1937 1470 2006 ἐξ
1513 1939 1613 1993 οὐκ
1637 1940 1804 1995 ὄντων

217 2016 552 2086 ὑποθέσεως,
586 2020 795 2095 ἀνάγκη
834 2024 926 2078 τὸν
972 2026 1191 2098 Πατέρα
1229 2028 1316 2081 ἀεὶ
1356 2025 1496 2083 εἶναι
1547 2032 1800 2105 Πατέρα·

216 2106 339 2162 ἐστι
367 2109 424 2163 δὲ
448 2110 637 2183 Πατὴρ
669 2114 755 2166 ἀεὶ
787 2114 1051 2186 παρόντος
1078 2115 1172 2170 τοῦ
1206 2116 1362 2183 Υἱοῦ,
1393 2119 1460 2173 δι’
1492 2120 1550 2175 ὃν
1590 2139 1805 2195 χρημα-

216 2199 363 2265 τίζει
398 2203 587 2276 Πατήρ
614 2204 747 2278 (21).
792 2208 902 2262 ’Δεὶ
940 2209 998 2263 δὲ
1048 2211 1313 2283 παρόντος
1350 2212 1497 2283 αύτῷ
1530 2215 1622 2268 τοῦ
1648 2216 1802 2281 Υἱοῦ,

217 2293 309 2346 ἀεί
348 2295 545 2348 ὲστινό
596 2296 785 2370 Πατὴρ
824 2299 1050 2365 τέλειος,
1088 2302 1376 2376 ἀνελλιπὴς
1414 2308 1698 2377 τυγχάνων
1745 2313 1804 2363 ὲν

214 2382 299 2454 τῷ
334 2384 514 2455 καλῷ·
551 2386 612 2438 οὐ
643 2387 926 2459 χρονικιῖὴ,
955 2391 1074 2445 οὐδὲ
1102 2394 1166 2446 ὲκ
1193 2394 1576 2467 διαστήματος,
1598 2400 1718 2455 οὐδὲ
1744 2399 1805 2465 ἐξ

214 2475 321 2529 οὐκ
363 2475 531 2531 ὄντων
574 2479 839 2550 γεννήσας
887 2482 978 2536 τὸν
1029 2486 1290 2559 μονογενῆ
1326 2488 1471 2559 Υίόν.
1503 2490 1569 2542 Τί
1613 2490 1669 2544 δὲ
1704 2492 1804 2547 οὐκ

214 2565 437 2620 ἀνόσιον
477 2567 541 2621 τὸ
581 2569 791 2639 λέγειν,
842 2572 974 2625 ποτὲ
1021 2573 1097 2645 μὴ
1139 2571 1278 2631 εἶναι
1325 2578 1423 2651 τὴν
1477 2581 1677 2652 Σοφίαν
1708 2584 1802 2637 τοῦ

213 2658 379 2724 Θεοῦ,
409 2658 507 2731 τὴν
551 2660 832 2731 λέγουσαν·
880 2665 1030 2736 Ἐγὼ
1069 2665 1229 2736 ἤμην
1262 2673 1396 2739 παρ’
1432 2673 1592 2741 αὐτῷ
1616 2664 1805 2745 κάρμό-

211 2747 424 2819 ζουσα,
470 2752 585 2823 ἐγὼ
630 2754 791 2824 ἤμην
818 2750 859 2828 ᾖ
890 2756 1290 2827 προσέχαιρεν
1312 2779 1325 2790 ·
1362 2761 1396 2833 ἢ
1445 2764 1544 2835 τὴν
1579 2765 1804 2838 δύναμιν

211 2843 314 2899 τοῦ
366 2844 500 2906 Θεοῦ
554 2848 630 2918 μὴ
679 2848 942 2922 ὑπάρχειν
989 2852 1144 2905 ποτέ·
1187 2853 1220 2923 ἢ
1278 2852 1368 2908 τὸν
1418 2856 1591 2925 Λόγον
1640 2859 1803 2914 αὑτοῦ

212 2939 665 3010 ὴκρωτηριᾶσθαι
692 2941 824 2995 ποτέ
842 2960 854 2972 ·
896 2942 929 3014 ἢ
954 2942 1021 2997 τά
1055 2943 1186 2999 ἄλλα
1212 2943 1271 3011 ἐξ
1294 2939 1366 3001 ὧν
1391 2949 1419 3001 ὁ
1451 2949 1577 3015 Υἱὸς
1604 2952 1805 3025 γνωρί-

1911 468 2200 524 confusum
2238 476 2343 534 est,
2383 473 2560 540 ipsum
2607 470 2902 540 aliquando
2935 484 3045 524 non
3087 469 3366 524 exstitisse
3394 467 3480 523 di-

1912 563 2073 618 cere?
2117 562 2213 618 Est
2242 562 2388 617 enim
2432 554 2671 617 alienum
2709 579 2738 616 a
2761 578 2927 619 sensu
2970 563 3227 632 omnique
3255 564 3477 633 plenum

1911 656 2147 719 inscitia,
2172 670 2296 711 eum
2335 655 2428 724 qui
2468 653 2703 724 alicujus
2734 655 2810 709 rei
2840 662 3031 709 auctor
3074 654 3165 720 sit,
3199 653 3387 710 eadem
3417 668 3480 710 re

1912 748 2269 818 posteriorem
2303 746 2591 801 aﬂirmarc.
2630 744 2840 815 Quippe
2884 745 3040 815 juxta
3087 745 3305 799 illorum
3347 760 3477 800 sen-

1910 840 2160 906 tentiam,
2201 841 2433 912 spatium
2470 840 2733 909 temporis
2762 854 2871 909 quo
2924 838 3112 892 dicunt
3154 834 3351 892 Filium
3380 835 3478 891 Dei

1909 947 2020 987 non
2049 935 2325 988 exstitisse
2368 948 2433 987 ex
2483 927 2664 995 Patre,
2706 930 2987 1001 praecessit
3020 927 3342 998 sapientiam
3381 926 3477 983 Dei

1908 1023 2152 1080 omnium
2195 1039 2378 1079 rerum
2426 1022 2824 1078 conditricem:
2858 1020 3226 1091 mentiturque
3274 1033 3477 1075 secun-

1909 1115 2037 1170 dum
2065 1130 2159 1170 eos
2192 1112 2495 1184 Scriptura,
2521 1127 2641 1182 qua:
2679 1112 3090 1181 Primogem'tum
3120 1110 3290 1163 omnis
3323 1126 3476 1163 crea-

1909 1215 2043 1261 tura:
2072 1206 2226 1260 illum
2267 1215 2423 1260 vocat
2449 1207 2510 1259 ".
2558 1198 2767 1270 Quibus
2796 1219 3038 1259 consona
3082 1212 3357 1274 suntquae
3388 1219 3477 1258 vo-

1908 1296 2219 1351 calissimus
2267 1294 2468 1350 Paulus
2496 1293 2564 1349 de
2610 1294 2703 1348 illo
2733 1293 3016 1365 praedicat,
3065 1293 3138 1349 ita
3171 1293 3362 1351 dicens
3388 1294 3471 1349 "z

1910 1387 2073 1455 Quem
2097 1388 2367 1443 constituit
2394 1385 2648 1441 lueredem
2679 1387 3037 1441 universomm
3065 1403 3083 1440 :
3101 1401 3193 1456 per
3220 1404 3371 1457 quem
3394 1386 3475 1457 fe-

1908 1479 1977 1531 cit
2009 1487 2059 1532 et
2089 1478 2307 1533 stecula.
2342 1476 2447 1532 Sed
2476 1486 2530 1533 et
2555 1477 2599 1508 ¹¹⁵
2629 1478 2683 1531 in
2709 1478 2820 1546 ipso
2850 1476 3061 1531 condita
3090 1488 3212 1532 sunt
3233 1480 3476 1534 universa

1907 1569 1965 1622 in
1989 1570 2133 1624 cretis
2158 1579 2208 1623 et
2240 1571 2297 1623 in
2334 1578 2496 1634 terra,
2533 1566 2764 1623 visibilia
2784 1577 2833 1621 et
2872 1567 3177 1633 invisibilia,
3202 1571 3306 1625 sive
3328 1572 3478 1640 prin-

1909 1661 2151 1729 cipatus,
2209 1661 2315 1715 sive
2371 1668 2686 1730 potestates,
2740 1660 2845 1714 sive
2896 1658 3314 1727 dominationes,
3373 1663 3478 1716 sive

1765 1792 1774 1801 .
1834 1734 1877 1789 Β
1910 1749 2124 1805 throni:
2152 1751 2331 1805 omnia
2369 1767 2461 1820 per
2504 1751 2671 1818 ipsum
2721 1759 2898 1804 creata
2950 1759 3113 1804 sunt:
3162 1761 3212 1806 et
3253 1752 3362 1821 ipse
3400 1761 3477 1806 est

1908 1852 2028 1898 ante
2053 1845 2252 1897 omnia.

1976 1934 2088 1992 νη.
2112 1935 2350 1993 Proinde
2377 1951 2502 1991 cum
2533 1936 2603 1991 ab
2631 1937 2780 1990 omni
2827 1935 3029 2006 pietate
3086 1934 3477 1990 alienissimam

1906 2046 2030 2086 esse
2050 2038 2312 2102 appareat
2344 2030 2670 2086 sententiam
2698 2028 2847 2082 illam
2869 2027 2936 2082 de
2964 2042 3075 2081 non
3108 2027 3474 2089 exstantibus,

1906 2121 2220 2177 necessario
2242 2121 2532 2177 dicendum
2564 2129 2669 2187 est,
2704 2117 2920 2174 Patrem
2960 2134 3177 2190 semper
3222 2133 3349 2174 esse
3375 2116 3478 2171 Pa-

1904 2221 2065 2268 trem.
2115 2211 2277 2268 Pater
2324 2224 2507 2267 autem
2546 2219 2652 2277 est,
2683 2217 2951 2281 praesente
2979 2225 3193 2280 semper
3216 2208 3374 2275 Filio,
3406 2210 3477 2265 ob

1906 2320 2069 2376 quem
2102 2305 2305 2361 dicitur
2329 2304 2509 2361 Pater.
2556 2303 2828 2371 Quocirca
2861 2318 2985 2358 cum
3020 2318 3234 2373 semper
3261 2303 3311 2358 ei
3341 2318 3475 2373 pra:-

1907 2414 2035 2454 sens
2064 2398 2136 2454 sit
2160 2396 2355 2463 Filius,
2378 2402 2599 2469 ‘semper
2630 2408 2713 2453 est
2733 2396 3008 2467 perfectus
3036 2394 3219 2461 Pater,
3246 2397 3393 2450 nulla
3414 2412 3476 2451 re

1906 2492 2200 2550 destitutus
2228 2493 2286 2547 in
2302 2493 2446 2548 bono
2465 2511 2477 2546 :
2494 2491 2586 2562 qui
2604 2507 2714 2561 non
2732 2492 2786 2545 in
2809 2498 3073 2559 tempore,
3103 2505 3282 2559 neque
3302 2506 3366 2546 ex
3387 2489 3442 2545 in
3458 2519 3474 2530 -

1905 2587 2386 2658 tervallo,nequee
2411 2601 2520 2641 non
2544 2584 3147 2649 exstantibusmnicum
3166 2581 3360 2637 Filium
3385 2598 3465 2655 ge-

1906 2676 2045 2733 nuit.
2062 2676 2347 2743 Quomodo
2373 2684 2553 2730 autem
2574 2675 2797 2746 impium
2817 2690 2924 2728 non
2943 2675 3013 2729 sit
3026 2673 3227 2739 dicere,
3244 2674 3473 2744 Sapien-

1907 2769 2037 2823 tiam
2053 2767 2149 2824 Dei
2182 2768 2474 2839 aliquando
2499 2783 2613 2822 non
2629 2767 3054 2837 exstitisse,quaa
3069 2766 3138 2822 de
3171 2782 3229 2822 se
3256 2768 3373 2837 ipsa
3399 2767 3477 2821 ita

1907 2858 2149 2929 loquitur
2164 2859 2208 2890 ³⁸
2230 2877 2245 2915 :
2266 2857 2376 2928 Ego
2395 2850 2539 2912 era‘m
2562 2858 2702 2928 apud
2720 2859 2891 2929 ipsum
2921 2868 3111 2912 cuncta
3129 2875 3438 2929 componens
3454 2874 3477 2914 :

1906 2966 1999 3021 ego
2037 2966 2185 3004 eram
2228 2950 2314 3002 cui
2365 2947 2738 3029 adgautlebat?
2805 2957 2897 3003 aut
2943 2950 3198 3005 virtutem
3236 2946 3331 3005 Dei
3380 2950 3481 3003 ali-

215 3032 393 3099 ζεται,
434 3033 530 3086 καὶ
563 3035 593 3088 ὁ
633 3034 823 3106 Πατὴρ
863 3036 1455 3110 χαρᾳκτηρίζεταωΤὸ
1481 3044 1588 3117 γὰρ
1622 3045 1800 3103 ἀπαύ-

1909 3041 2126 3112 quando
2154 3056 2261 3096 non
2286 3040 2567 3096 exstitisse
2599 3058 2611 3094 :
2645 3047 2738 3094 aut
2768 3037 3003 3094 Verbum
3034 3040 3153 3109 ejus
3186 3040 3480 3110 aliquando

213 3140 410 3195 γασμα
435 3125 532 3196 τῆς
561 3125 720 3199 δόξης
761 3128 836 3198 μὴ
868 3125 1006 3184 εἶναι
1045 3130 1243 3202 λέγειν,
1274 3138 1585 3207 συναναιρεί
1608 3139 1703 3192 καὶ
1739 3138 1800 3192 τὸ

214 3215 573 3287 πρωτότυπον
612 3218 747 3287 φῶς,
789 3213 850 3275 οὗ
888 3223 1034 3276 ἐστιν
1057 3224 1419 3297 ἀπαύγασμα.
1446 3229 1511 3282 El
1550 3229 1607 3282 δὲ
1641 3233 1734 3285 καὶ
1766 3235 1799 3303 ἡ

214 3306 385 3360 εἰκὼν
409 3308 504 3361 τοῦ
544 3308 678 3363 Θεοῦ
710 3309 810 3363 οὐκ
842 3306 910 3383 ἦν
951 3314 1056 3382 ἀεὶ,
1086 3316 1244 3387 δῆλον
1283 3319 1366 3372 ὃτι
1396 3320 1504 3373 οὐδ’
1543 3317 1605 3377 οὗ
1653 3324 1799 3377 ἐστιν

214 3399 405 3466 εἰκὼν,
427 3400 572 3456 ἔστιν
595 3402 702 3457 ἀεί.
741 3403 901 3463 Ἀλλὰ
921 3407 1015 3461 καὶ
1038 3408 1115 3480 τῷ
1146 3410 1220 3481 μὴ
1243 3408 1380 3466 εἶναι
1424 3414 1516 3467 τὸν
1544 3417 1641 3485 τῆς
1671 3417 1801 3470 ὑπο-

217 3493 464 3558 στάσεως
503 3494 596 3548 τοῦ
634 3494 768 3549 Θεοῦ
800 3499 1142 3572 χαρακτῆρα,
1177 3508 1578 3578 συναναιρεῖται
1608 3511 1798 3561 κακεῖ-

216 3598 329 3648 νος,
354 3586 384 3637 ό
424 3585 637 3649 πάντως
664 3588 791 3673 παρτ
830 3586 993 3642 αὐτοῦ
1027 3594 1578 3667 χαρακτηριζόμενος·
1624 3599 1712 3665 Ἐξ
1732 3594 1799 3672 ἦς

213 3674 368 3728 ἔστιν
397 3674 523 3729 ἰδεῖν
550 3676 645 3748 τὴν
680 3678 899 3751 υἱότητα
924 3682 1019 3735 τοῦ
1063 3685 1313 3757 Σωτῆρος
1343 3687 1521 3758 ἡμῶν,
1549 3689 1799 3761 οὐδεμίαν

214 3763 451 3834 ἔχουσαν
478 3766 759 3821 κοινωνίαν
787 3770 923 3856 πρὸς
942 3770 1039 3843 τὴν
1074 3774 1181 3829 τῶν
1207 3775 1408 3831 λοιπῶν
1439 3777 1679 3849 υἱὸτητα.
1706 3782 1799 3836 Ὃν

216 3856 422 3926 τρόπον
448 3856 556 3929 γὰρ
591 3860 624 3929 ἡ
663 3860 898 3933 ἄρῤητος
942 3864 1104 3918 αὑτοῦ
1137 3866 1447 3935 ὑπόστασις,
1485 3871 1800 3945 ἀσυγκρίτῳ

218 3948 462 4021 ὑπεροχῇ
507 3950 719 4023 ἐδείχθη
766 3954 1137 4029 ὑπερκειμένη
1169 3959 1383 4015 πάντων
1433 3950 1517 4026 οἷς
1547 3964 1711 4027 αὐτὸς
1740 3966 1800 4019 τὸ

216 4037 361 4095 εἶναι
384 4042 695 4114 ἐχαρίσατο,
724 4045 896 4112 οὕτως
930 4050 1075 4121 καὶὴ
1108 4052 1291 4124 υίότης
1322 4054 1487 4107 αὐτοῦ
1525 4056 1667 4111 κατά
1696 4057 1778 4125 φύ-

218 4146 308 4185 σιν
326 4132 666 4203 τυγχάνουσα
684 4135 783 4207 τῆς
814 4140 1084 4214 πατρικῆς
1116 4140 1387 4212 θεότητος,
1405 4142 1614 4216 ἀλέκτῳ
1634 4147 1735 4200 ὑπε
1743 4164 1802 4219 ρ-

216 4228 320 4297 οχῇ
373 4226 621 4298 διαφέρει
666 4228 773 4282 τῶν
825 4229 891 4284 δι’
939 4232 1106 4286 αὑτοῦ
1154 4232 1300 4287 θέσει
1361 4236 1795 4308 υἱοθετηθέντων.

232 4318 292 4370 ’0
325 4318 424 4388 μὲν
450 4317 560 4390 γὰρ
600 4319 872 4390 ἀτρέπτου
922 4322 1136 4393 φύσεως
1163 4329 1417 4397 τυγχάνει
1437 4367 1451 4392 ,
1485 4328 1686 4394 τέλειος
1724 4330 1799 4384 ὢν

1908 3134 2080 3190 fuisse
2109 3134 2419 3188 mutilatum
2460 3153 2471 3187 :
2498 3141 2591 3187 aut
2630 3133 2733 3187 alia
2771 3133 3097 3203 quandoque
3124 3131 3387 3198 defuisse,
3411 3149 3480 3187 ex

1908 3227 2108 3297 quibus
2148 3225 2322 3281 Filius
2356 3226 2705 3296 cognoscitur
2735 3233 2789 3280 et
2841 3224 3002 3280 Pater
3044 3225 3400 3294 designatur?
3428 3222 3480 3279 Is

1905 3319 2051 3376 enim
2082 3321 2177 3389 qui
2207 3324 2370 3389 negat
2412 3316 2760 3387 splendorem
2789 3317 2973 3387 gloriae
2998 3317 3282 3381 exsistere,
3315 3316 3481 3370 simul

1906 3411 2049 3466 tollit
2086 3411 2424 3482 primitivum
2460 3411 2642 3464 lumen
2688 3408 2847 3478 cujus
2892 3416 2977 3464 est
3024 3408 3300 3479 splendor.
3336 3407 3402 3460 Et
3431 3408 3481 3462 si

1908 3504 2085 3574 imago
2112 3502 2206 3559 Dei
2230 3520 2454 3574 semper
2482 3518 2593 3557 non
2617 3502 2738 3567 fuit,
2760 3517 2859 3557 nec
2882 3501 3034 3555 illum
3063 3516 3279 3571 semper
3306 3499 3481 3556 fuisse

1907 3596 2079 3666 liquet
2120 3596 2279 3666 cujus
2324 3596 2502 3667 imago
2534 3603 2639 3651 est.
2682 3593 2924 3663 Denique
2967 3594 3215 3665 negando
3249 3594 3479 3665 ﬁguram

1908 3687 2228 3743 substantiae
2280 3687 2374 3742 Dei
2413 3702 2625 3757 semper
2675 3685 2877 3751 fuisse,
2913 3686 3077 3739 simul
3130 3686 3341 3740 tollitur
3388 3687 3481 3741 ille

1907 3779 2001 3849 qui
2038 3779 2279 3851 perfecte
2314 3781 2381 3835 ab
2428 3795 2490 3834 co
2524 3779 2869 3848 exprimitur.
2902 3779 2978 3832 Ex
3019 3794 3127 3850 quo
3170 3780 3296 3834 licet
3326 3794 3479 3849 pers-

1907 3873 2115 3944 picere,
2150 3871 2463 3927 ﬁliationem
2496 3868 2802 3927 Servatoris
2837 3872 3011 3925 nostri
3069 3870 3206 3924 nihil
3254 3862 3501 3941 prorsus

1907 3964 2109 4019 habere
2134 3979 2423 4018 commune
2452 3978 2575 4017 cum
2620 3964 2957 4033 reliquorum
3012 3962 3291 4018 liliatione.
3344 3962 3480 4017 Nam

1907 4057 2365 4129 quemadmodum
2439 4057 2871 4127 inexplicabilem
2926 4056 3046 4126 ejus
3115 4058 3478 4111 substantiam

1908 4148 2320 4218 incomparabili
2372 4148 2694 4203 excellentia
2753 4155 3016 4218 praestare
3064 4155 3344 4202 ostensum
3395 4155 3480 4203 eSt

1906 4241 2135 4311 reliquis
2164 4240 2422 4295 omnibus
2456 4239 2657 4308 quibus
2687 4240 2776 4295 ille
2805 4240 3101 4296 essentiam
3142 4240 3363 4305 tribuit;
3398 4239 3480 4295 sic

1907 4344 1961 4391 et
1997 4335 2120 4404 ejus
2156 4335 2368 4398 llliatio,
2400 4349 2522 4403 qua:
2546 4334 2703 4403 juxta
2736 4340 2988 4388 naturam
3019 4340 3103 4387 est
3132 4343 3370 4403 paternae
3397 4334 3481 4387 di-

218 4409 317 4465 καὶ
346 4412 435 4466 διὰ
470 4412 688 4468 πάντων
711 4415 961 4489 ἀνενδεὴς
986 4436 999 4448 ·
1035 4421 1084 4472 οἱ
1111 4420 1189 4484 δὲ,
1223 4423 1287 4493 τῇ
1311 4423 1393 4485 είς
1422 4422 1658 4495 ἑκάτερα
1676 4441 1800 4496 τρο-

1909 4426 2170 4491 vinitatis,
2196 4425 2456 4480 ineffabili
2487 4425 2722 4495 quadam
2748 4426 3065 4495 prazstantia
3096 4435 3319 4494 superat
3341 4426 3480 4479 ﬁlia-

219 4504 298 4573 πῇ
326 4502 694 4574 ὑποκείμενοι,
726 4504 826 4576 τῆς
878 4508 1027 4580 παρὰ
1062 4510 1249 4563 τούτου
1291 4512 1539 4584 βοηθείας
1569 4515 1797 4571 δέονται,

218 4594 287 4647 Τί
321 4592 434 4666 γὰρ
454 4594 522 4648 ἂν
550 4597 646 4649 καὶ
672 4597 942 4668 προκόψαι
973 4599 1084 4672 ἔχοι
1110 4603 1143 4675 ή
1172 4603 1265 4657 τοῦ
1296 4604 1431 4658 Θεοῦ
1462 4607 1641 4677 σοφία,
1676 4607 1710 4680 ἢ
1748 4609 1800 4662 τί

217 4685 550 4757 προσλαϐεῖν
577 4689 611 4758 ἡ
652 4688 1029 4762 αὐτοαλήθεια,
1062 4694 1095 4765 ἢ
1134 4695 1163 4746 ὁ
1191 4694 1323 4759 Θεὸς
1346 4697 1553 4767 Λόγος;
1581 4698 1706 4764 Πῶς
1734 4699 1801 4754 ἂν

209 4766 333 4843 ’ἔχοι
378 4771 734 4845 βελτιωθῆναι
782 4779 816 4848 η
875 4779 1008 4852 ζωὴ,
1037 4782 1100 4835 τὸ
1153 4782 1402 4855 ἀληθινὸν
1457 4788 1602 4857 φῶς;
1637 4790 1700 4843 El
1745 4790 1802 4843 δὲ

216 4866 399 4930 τοῦτο,
429 4864 583 4937 πόσῳ
615 4866 776 4920 πλέον
807 4869 1070 4939 ἀφύσικον
1109 4876 1385 4946 τυγχάνει,
1424 4880 1637 4950 μωρίας
1670 4882 1799 4934 ποτὲ

214 4956 476 5030 δεκτικὴν
508 4959 759 5029 γενέσθαι
788 4962 886 5034 τὴν
916 4966 1128 5034 σοφίαν,
1160 4968 1193 5039 ἢ
1224 4970 1320 5041 τὴν
1345 4970 1438 5023 τοῦ
1468 4971 1604 5026 Θεοῦ
1639 4972 1797 5027 δύνα-

220 5070 316 5123 μιν
339 5053 594 5127 ἀσθενείᾳ
612 5057 1043 5131 προσπλακῆναι,
1066 5062 1098 5133 ἢ
1123 5061 1314 5135 ἀλογίᾳ
1334 5064 1426 5117 τὸν
1448 5063 1605 5133 λόγον
1632 5066 1801 5136 ἀμαυ-

220 5144 483 5215 ρωθῆναι,
517 5146 550 5219 ἤ
590 5146 668 5219 τῷ
706 5148 941 5222 ἀληθινῷ
986 5152 1123 5221 φωτὶ
1175 5155 1528 5227 έπιμιχθῆναι
1575 5157 1796 5223 σκότος;

215 5236 313 5290 τοῦ
349 5237 450 5307 μὲν
487 5240 809 5297 Ἀποστόλου
840 5246 1063 5301 αὐτόθεν
1085 5248 1330 5318 λέγοντος
1349 5269 1361 5282 ·
1400 5252 1497 5318 Τίς
1521 5256 1799 5308 κοινωνία

1905 4519 2111 4574 tionem
2138 4532 2327 4573 eorum
2359 4518 2454 4587 qui
2504 4533 2601 4586 per
2646 4517 2825 4585 ipsum
2879 4516 3122 4585 adoptati
3186 4525 3315 4570 sunt
3360 4517 3476 4571 lilii.

1904 4610 2039 4665 Nam
2066 4612 2184 4680 ipse
2222 4611 2441 4680 quidem
2495 4610 2853 4664 immutabilis
2898 4617 2982 4664 est
3034 4614 3267 4673 natura},
3308 4609 3479 4665 unde-

1904 4717 2120 4772 cunque
2173 4702 2487 4771 perlcctus,
2544 4715 2647 4755 nec
2687 4700 2853 4754 ullius
2906 4700 2985 4754 rei
3045 4699 3295 4769 indigens
3345 4718 3358 4754 :
3422 4700 3478 4753 bi

1904 4807 2202 4850 verocum
2252 4793 2536 4847 mutationi
2576 4793 2632 4846 in
2666 4802 2957 4862 utramque
2990 4806 3201 4861 partem
3240 4793 3352 4847 sint
3380 4793 3477 4849 ob—

1907 4884 2077 4950 noxii,
2108 4900 2247 4954 opus
2282 4885 2483 4939 habent
2514 4886 2663 4940 illius
2693 4885 2915 4939 auxilio.
2954 4884 3127 4949 Quem
3174 4885 3319 4939 enim
3352 4899 3475 4954 pro-

1907 4976 2110 5031 fectum
2142 4976 2321 5032 facere
2349 4985 2528 5047 potest
2556 4975 2650 5031 Dei
2679 4976 2987 5045 sapientia?
3009 4975 3164 5042 Quod
3215 4992 3474 5048 augmen-

1907 5079 2022 5122 tum
2055 5069 2306 5139 aceipere
2336 5076 2517 5139 potest
2553 5069 2673 5137 ipsa
2706 5069 2910 5123 veritas
2940 5076 2994 5122 et
3024 5067 3169 5122 Deus
3200 5066 3475 5122 Verbum?

1907 5161 2025 5228 Qua
2063 5161 2275 5217 ratione
2306 5162 2498 5216 melior
2554 5161 2666 5215 lieri
2715 5161 2890 5231 possit
2929 5161 3039 5215 vita
3090 5170 3144 5216 et
3184 5161 3277 5214 lux
3310 5161 3479 5219 vera?

1907 5252 2062 5320 Quod
2099 5253 2146 5308 si
2174 5253 2247 5306 ita
2281 5267 2341 5307 se
2379 5252 2561 5316 habet,
2603 5259 2806 5323 quanto
2856 5250 3150 5307 absurdius
3173 5258 3278 5316 est,
3311 5258 3370 5304 ut
3389 5267 3477 5307 sa-

330 5398 375 5429 "
408 5394 576 5452 Eccli.
614 5415 775 5467 xnv,
806 5400 861 5455 5.
942 5404 987 5436 “
1018 5403 1225 5461 Coloss.
1269 5422 1308 5472 ι,
1342 5408 1429 5476 l5;
1452 5405 1613 5465 Hebr.
1633 5412 1743 5477 1,2.
1786 5412 1800 5441 ¹

1909 5409 2071 5469 olass.
2101 5426 2141 5476 l,
2174 5408 2265 5475 16,
2303 5409 2390 5463 17.
2472 5409 2513 5440 ί³
2550 5407 2708 5463 Prov.
2742 5424 2861 5474 vnn,
2887 5408 2977 5464 50.

290 5528 407 5609 (20)
454 5531 838 5609 Ἀδιαιτόητον
878 5540 1009 5609 γάρ.
1058 5537 1115 5593 In
1150 5541 1339 5598 codice
1372 5543 1569 5599 Leonis
1609 5546 1793 5600 Allatii

1973 5545 2105 5627 (21)-
2117 5547 2181 5599 Δι
2216 5545 2280 5627 ,δ’
2292 5544 2628 5627 χρηματίζει
2642 5544 2968 5627 ’Πατῄρηιῐη
2985 5545 3477 5627 manuse-ripto'co'~

218 5602 497 5687 ξςςῇριιρω,
521 5612 604 5687 est
632 5602 1064 5687 dtvo'qtgv,_'quod_
1088 5613 1476 5687 magis__probo.
1513 5617 1687 5685 Atque
1717 5620 1792 5671 ita
1898 5602 2020 5672 dice
2066 5602 2515 5671 ilenrici'ga'rilii
2553 5602 2750 5687 legitur
2779 5602 2844 5671 δῖ’
2868 5618 2956 5687 ίὸν,
2988 5602 3286 5687 (ιιιοῐηορο⁵
3308 5618 3475 5671 etiam

220 5671 351 5753 legit
402 5670 765 5753 Epiplianius'
795 5670 1208 5736 scholasticus:
1256 5670 1347 5738 Sic
1395 5687 1541 5739 enim
1590 5670 1789 5745 \l'ertitt

219 5739 464 5797 Stultum
488 5739 567 5799 est
594 5748 756 5813 enim,
786 5759 834 5804 et
866 5755 1009 5807 omni
1038 5762 1245 5820 peccato
1270 5756 1501 5824 plenum,
1531 5739 1673 5813 etc.”

1900 5690 2030 5770 legit
2055 5686 2822 5770 Ερὶρίιοηίιιεδεςιιιιριιιειὶςυε.
2860 5686 2920 5744 In
2947 5686 3095 5761 regio
3119 5687 3167 5744 J.
3201 5686 3320 5743 Pini
3348 5689 3472 5743 eod.

1901 5756 2373 5827 scriptu—mrinveni
2400 5760 2465 5814 δι’
2499 5756 2578 5817 οὗ.
