3850 6160
452 237 557 294 559

1577 228 1634 283 S.
1677 225 2074 284 ALEXANDRI
2112 223 2290 287 ALEX
2300 225 2577 284 ANDRINI

3593 229 3687 287 560

454 351 659 424 pientia
688 344 980 419 aliquando
1009 344 1255 403 stultitim
1292 357 1460 416 capax
1508 341 1693 404 fuerit.
1741 350 1802 398 ut
1847 342 2003 398 virtm

2124 340 2269 412 φωτὶ
2315 340 2465 411 πρὸς
2510 342 2750 411 σκότος,
2799 342 2839 413 ἦ
2894 343 2987 412 τίς
3028 345 3423 417 συμφώνησις
3471 351 3691 421 Χριστῷ

451 443 545 501 Dei
574 441 878 499 inﬁrmitati
911 437 1208 509 conjuncta
1238 435 1330 502 sit,
1367 442 1460 490 aut
1494 444 1555 489 ut
1585 434 1725 489 ratio
1753 432 2020 490 obscura-

447 543 505 590 ta
535 534 701 593 fuerit
727 532 1004 596 vecordia,
1033 538 1127 586 aut
1156 527 1393 585 tenebrae
1418 541 1545 582 cum
1580 540 1707 581 vera
1734 525 1857 582 luce
1894 539 2023 596 per-

447 627 665 685 mixtae?
685 641 807 683 cum
825 623 1120 695 Apostolus
1148 621 1352 678 diserte
1372 619 1521 675 dicat
1539 619 1583 651 ¹⁶
1611 637 1623 673 :
1645 617 1777 685 Qua:
1798 618 2021 674 societas

449 723 556 777 luci
575 739 694 778 cum
724 719 965 779 tenebris,
992 726 1082 770 aut
1109 731 1225 787 qua:
1244 712 1512 768 conventio
1533 709 1743 768 Christo
1774 727 1892 766 cum
1919 709 2022 766 Be-

448 816 587 874 lial?
618 822 672 871 et
705 814 964 869 Salomon
986 813 1027 848 "
1055 814 1213 879 neget
1241 807 1357 862 ﬁeri
1388 820 1570 877 posse,
1596 812 1655 860 ut
1688 804 2022 877 cogitatione

448 904 941 980 comprehendatur
991 903 1075 956 via
1133 898 1337 955 colubri
1397 912 1552 967 super
1596 906 1800 967 petram
1826 935 1844 962 ,
1898 910 2021 967 qua:

445 996 699 1054 Christus
745 1002 829 1051 est
883 993 1041 1064 juxta
1100 989 1429 1046 sententiam
1490 987 1643 1041 Pauli
1666 987 1729 1042 ⁵⁸.
1756 984 2019 1043 Homines

445 1104 576 1145 vero
606 1096 663 1143 et
685 1087 884 1158 angeli,
916 1084 1009 1156 qui
1040 1093 1168 1140 sunt
1199 1082 1321 1152 ejus
1350 1087 1638 1144 creaturae,
1674 1078 2015 1135 benedictio-

445 1197 568 1236 nem
616 1186 946 1251 acceperunt
989 1183 1050 1232 ut
1095 1174 1443 1247 proﬁcerent,
1471 1173 1526 1227 in
1563 1173 1783 1228 virtutis
1834 1173 2018 1229 studio

443 1276 570 1332 etin
601 1273 875 1330 mandatis
905 1272 1041 1343 legis
1070 1285 1191 1341 sese
1216 1276 1561 1329 exercentes,
1589 1282 1658 1321 ne
1683 1267 1740 1322 in
1775 1266 1906 1321 vitia
1933 1265 2018 1321 di-

442 1366 718 1422 labantur.
741 1363 1107 1431 Quamobrem
1143 1360 1407 1415 Dominus
1434 1365 1644 1421 noster,
1669 1371 1796 1412 cum
1816 1364 2015 1412 natura

440 1461 514 1515 sit
544 1458 717 1513 Filius
748 1456 1035 1520 Patris,ab
1064 1454 1321 1511 omnibus
1350 1454 1630 1508 adoretur.
1665 1449 1732 1505 Hi
1761 1464 1893 1507 vero
1919 1449 2016 1506 de-

2128 434 2278 502 πρὸς
2323 435 2575 504 Βελίαρ;
2612 434 2710 489 τοῦ
2733 435 2793 490 δὲ
2838 436 3198 509 Σολομῶντος,
3220 441 3302 494 ὅτι
3349 440 3606 497 ἀδύνατον
3630 444 3691 498 ἂν

2125 524 2212 597 εἴη
2259 525 2361 581 κᾶν
2417 526 2580 598 μέχρι
2623 528 2759 600 πρὸς
2808 529 3016 594 ἑννοίας
3049 530 3158 603 (22)
3197 533 3482 607 εὑρεθῆναι
3524 536 3691 605 ὀδοὺς

2129 616 2320 686 ὄφεως
2337 616 2438 672 ἐπὶ
2464 620 2705 689 πέτρας,
2735 622 2858 694 ἥτις
2885 622 3027 677 κατὰ
3059 624 3272 681 Παῦλόν
3305 627 3454 682 ἐστιν
3496 631 3526 684 ὁ
3562 631 3690 703 Χριν

2131 710 2274 776 στός.
2300 712 2365 766 οι
2389 712 2446 766 δὲ
2462 712 2739 785 κτίσματα
2755 715 2918 769 αὑτοῦ
2944 716 3322 788 τυγχάνοντες,
3343 718 3614 793 ἄνθρωποί
3634 738 3690 775 τε

2128 805 2222 858 καὶ
2240 804 2483 874 ἄγγελοι,
2510 807 2604 860 καὶ
2633 806 2882 877 εὐλογίας
2919 809 3169 881 εἰλήφασι
3201 811 3549 883 προκόπτειν,
3575 816 3693 887 ἀρε-

2125 899 2244 962 ταῖς
2287 897 2613 971 ἀσκούμενοι
2650 901 2746 955 καὶ
2784 901 3036 973 νομίμοις
3072 903 3310 968 ἐντολαῖς
3332 903 3447 977 (25)
3480 907 3611 978 πρὸς
3634 908 3691 961 τὸ

2127 988 2202 1060 μὴ
2226 989 2579 1062 ἁμαρτάνειν.
2610 992 2701 1045 Διὸ
2725 991 2789 1063 δὴ
2816 995 2846 1046 ὁ
2872 992 3076 1065 Κύριος
3104 993 3260 1065 ήμῶν
3286 995 3445 1065 φύσει
3472 997 3565 1050 τοῦ
3592 998 3691 1053 Ila-

2122 1080 2250 1151 τρὸς
2289 1081 2417 1145 Υἱὸς
2457 1082 2763 1153 τυγχάνων,
2790 1083 2896 1137 ὑπὸ
2928 1084 3147 1139 πάντων
3180 1086 3581 1156 προσκυνεῖται.
3630 1088 3689 1140 0i

2122 1172 2201 1237 δὲ,
2223 1174 2549 1245 ἀποθέμενοι
2581 1174 2641 1227 τὸ
2672 1174 2888 1247 πνεῦμα
2925 1176 3023 1248 τῆς
3048 1175 3308 1240 δουλείας,
3332 1175 3392 1243 ἐξ
3431 1177 3689 1249 ἀνδραγα-

2123 1264 2380 1337 θημάτων
2409 1267 2504 1321 καὶ
2555 1268 2841 1340 προκοπῆς
2880 1269 2942 1322 τὸ
2991 1267 3092 1340 τῆς
3135 1267 3406 1334 υἱοθεσίας
3446 1269 3688 1333 λαϐόντες

2125 1357 2361 1429 πνεῦμα,
2390 1359 2481 1414 διὰ
2504 1360 2600 1414 τοῦ
2629 1360 2787 1430 φύσει
2826 1361 2957 1417 Υίοῦ
2986 1362 3447 1435 εὐεργετούμενοι,
3490 1364 3690 1434 γίγνον-

2120 1470 2212 1509 ται
2240 1455 2392 1510 αὐτοὶ
2418 1456 2567 1512 θέσει
2599 1459 2723 1513 υἱοί.

444 1552 624 1622 posito
656 1549 853 1620 spiritu
909 1548 1214 1611 servitutis,
1251 1545 1346 1602 ubi
1385 1560 1448 1600 ex
1491 1543 1726 1599 fortibus
1760 1540 1939 1609 factis,
1970 1549 2024 1597 et
2052 1558 2117 1598 ex
2151 1548 2415 1605 continuo
2443 1565 2743 1622 progressu
2793 1552 3047 1623 spiritum
3109 1551 3416 1622 adoptionis
3469 1566 3687 1624 accepe-

434 1646 575 1710 rint,
610 1642 875 1699 beneilcio
898 1642 1017 1713 ejus
1054 1639 1146 1713 qui
1173 1647 1369 1695 natura
1401 1647 1487 1693 est
1514 1636 1707 1702 Filius,
1736 1634 1830 1690 lilii
1858 1634 1993 1690 iiunt
2024 1634 2281 1707 adoptivi.
2885 1627 2896 1639 ’
2952 1624 2961 1637 ί

512 1738 649 1797 Vill.
679 1739 761 1795 Ac
792 1753 1107 1810 germanam
1137 1736 1359 1807 quidem
1394 1742 1450 1789 et
1486 1733 1767 1805 propriam
1819 1746 1885 1786 ac
1914 1745 2003 1786 na-

2187 1735 2320 1792 Vﬂl.
2346 1738 2457 1812 Τὴν
2500 1740 2599 1811 μὲν
2641 1735 2734 1794 οὖν
2765 1741 2993 1812 γνησίαν
3035 1740 3201 1794 αὐτοῦ
3242 1741 3337 1794 καὶ
3371 1740 3684 1811 ἱειότροπον,

439 1834 697 1898 turalem,
719 1831 1085 1900 eximiamque
1110 1829 1233 1899 ejus
1263 1827 1574 1883 iiliationem
1596 1824 1803 1881 Paulus
1832 1824 2017 1881 decla-

438 1927 605 1987 ravit,
639 1925 713 1979 ita
742 1923 931 1979 dicens
963 1921 1031 1978 de
1061 1920 1173 1977 Deo
1209 1922 1252 1955 "
1288 1941 1301 1976 :
1341 1921 1447 1988 Qui
1492 1921 1706 1990 proprio
1740 1915 1884 1973 Filio
1915 1935 2017 1973 non

437 2019 687 2090 pepercit,
744 2014 836 2072 sed
889 2029 984 2084 pro
1034 2014 1204 2078 nobis,
1248 2028 1358 2069 non
1406 2012 1754 2069 naturalibus
1806 2011 2017 2067 scilicet

440 2111 589 2176 (iliis,
620 2109 775 2164 illum
800 2105 1044 2163 tradidit.
1077 2104 1211 2161 Nam
1244 2114 1302 2162 ut
1342 2106 1494 2160 illum
1542 2102 1906 2174 distingueret
1946 2103 2017 2159 ab

438 2204 508 2259 iis
537 2203 631 2275 qui
658 2217 766 2257 non
800 2207 929 2258 sunt
959 2199 1179 2271 proprie
1214 2197 1619 2269 lilii,proprium
1652 2194 1856 2251 Filium
1888 2211 2015 2253 esse

437 2311 562 2351 eum
604 2294 764 2350 dixit.
812 2293 870 2349 In
919 2292 1216 2363 Evangelio
1259 2306 1391 2346 vero
1438 2291 1702 2362 legitur"
1741 2309 1756 2346 :
1804 2288 1908 2345 Hic
1936 2300 2016 2346 est

441 2384 617 2441 Filius
643 2402 788 2441 meus
819 2384 1064 2446 dilectus,
1108 2382 1166 2437 in
1206 2398 1308 2453 quo
1348 2381 1479 2435 mihi
1506 2382 1825 2452 complacui.
1870 2378 2014 2437 Prae—

437 2486 586 2534 terea
615 2478 669 2531 in
696 2476 930 2533 Psalmis
964 2473 1225 2531 Servator
1256 2474 1333 2527 ait
1349 2474 1395 2506 ¹¹
1435 2493 1449 2527 :
1484 2472 1741 2528 Dominus
1785 2472 1921 2528 dixit
1945 2472 2014 2527 ad

436 2583 552 2622 me:
585 2565 761 2622 Filius
788 2582 936 2621 meus
969 2582 1023 2621 es
1055 2574 1131 2619 tu.
1162 2561 1267 2619 Ubi
1291 2578 1351 2620 se
1372 2577 1695 2635 germanum
1728 2577 1794 2620 ac
1822 2565 2015 2635 genui-

435 2672 570 2714 num
614 2671 739 2713 esse
786 2655 1191 2719 demonstrans,
1225 2652 1363 2709 alios
1404 2660 1602 2724 praeter
1642 2669 1702 2709 se
1747 2653 2013 2726 genuinos

437 2765 549 2805 non
577 2764 701 2805 esse
732 2746 1025 2820 signiﬁcat.
1058 2744 1179 2801 Jam
1208 2760 1340 2802 vero
1367 2743 1628 2816 quidnam
1654 2742 1788 2800 illud
1821 2750 1907 2801 est
1925 2746 1971 2787 ε’
1995 2763 2009 2800 :

437 2839 524 2896 Ea:
558 2849 710 2896 utero
741 2849 863 2896 ante
890 2838 1193 2910 Luciferum
1237 2840 1391 2910 genui
1425 2841 1515 2895 te?
1552 2837 1639 2894 An
1681 2853 1794 2895 non
1827 2850 2013 2912 aperte

436 2932 641 2989 indicat
667 2932 974 2987 naturalem
1011 2931 1227 3002 paterni
1254 2941 1446 3001 partus
1480 2928 1820 2997 liliationem,
1845 2947 2008 3003 quam

2118 1830 2212 1885 καὶ
2243 1831 2499 1904 φυσικὴν,
2529 1832 2623 1886 καὶ
2650 1831 3032 1904 κατεξαίρετον
3070 1834 3294 1906 υἱὸτητα
3314 1834 3343 1886 ὁ
3369 1832 3580 1896 Παῦλος
3604 1833 3689 1887 οὔ·

2115 1940 2223 1987 τως
2256 1924 2592 1997 ἀπεφήνατο,
2626 1929 2754 2000 περὶ
2779 1927 2916 1981 Θεοῦ
2948 1925 3115 1981 εἰπών
3134 1943 3147 1956 ⁸
3185 1927 3293 1992 ’ος
3316 1942 3384 1996 τε
3409 1924 3521 1979 τοῦ
3543 1926 3687 1981 ίδιου

2125 2015 2261 2070 Υίοῦ
2298 2018 2411 2071 οὐκ
2446 2017 2748 2087 ἐφείσατο,
2770 2019 2907 2074 ἀλλ’
2935 2016 3088 2087 ὑπὲρ
3105 2016 3295 2087 ἡμῶν,
3325 2017 3569 2089 δηλονότι
3587 2016 3689 2071 τῶν

2118 2110 2193 2183 μὴ
2212 2110 2371 2179 φύσει
2400 2110 2555 2176 υἱῶν,
2574 2111 2914 2182 παρέδωκεν
2927 2114 3130 2167 αὐτόν.
3163 2114 3308 2186 Πρὸς
3329 2110 3438 2185 γὰρ
3459 2111 3690 2166 ἀντιδιαο

2118 2196 2306 2269 στολὴν
2333 2197 2444 2251 τῶν
2465 2199 2566 2253 οὐκ
2588 2198 2752 2263 ίδίων,
2779 2200 2939 2254 αὐτὸν
2962 2200 3117 2255 ἴδιον
3148 2202 3284 2255 Υἱόν
3306 2200 3506 2271 ἔφησεν
3534 2196 3689 2255 εἶναι.

2128 2289 2214 2344 Ἐν
2240 2289 2298 2344 δὲ
2326 2289 2404 2363 τῷ
2447 2292 2795 2364 Εὐαγγελίῳ·
2826 2289 3015 2360 Οὗτός
3051 2293 3223 2346 ἐστιν
3250 2296 3284 2347 ὀ
3336 2294 3473 2359 Υἱός
3499 2309 3622 2362 μου
3659 2294 3690 2345 ὁ

2113 2382 2442 2461 ἀγαστητρς,
2488 2385 2559 2440 ἐν
2585 2377 2634 2452 ᾧ
2661 2386 2985 2455 εὐδόκησα.
3027 2385 3115 2440 Ἐν
3155 2384 3406 2456 Ψαλμοῖς
3436 2387 3466 2438 ό
3500 2386 3689 2456 Σωτήρ

2114 2493 2277 2548 φησιν
2292 2494 2305 2508 ·
2335 2479 2553 2548 Κύριος
2572 2474 2703 2533 εἷπε
2728 2477 2878 2548 πρὸς
2897 2477 2996 2550 μὲ,
3035 2480 3169 2544 Υἱός
3191 2495 3309 2547 μου
3336 2474 3395 2533 εἷ
3418 2478 3501 2533 σύ
3517 2495 3533 2509 ’
3558 2494 3688 2549 γνηυ

2113 2569 2337 2643 σιότητα
2388 2571 2720 2642 ἐμφανίζων,
2757 2571 3010 2643 σημαίνει
3042 2571 3118 2644 μὴ
3164 2566 3303 2625 εἶναι
3351 2569 3518 2624 αὑτοῦ
3558 2587 3688 2642 γνη-

2113 2660 2262 2727 σίους
2285 2663 2435 2727 υίοὺς
2461 2663 2653 2728 ἄλλους
2690 2662 2843 2729 τινὰς
2885 2665 3017 2736 παρ’
3053 2664 3235 2718 αὐτόν.
3265 2662 3332 2716 Τί
3375 2662 3435 2716 δὲ
3471 2664 3573 2717 καὶ
3608 2660 3687 2727 τὸ,

2124 2751 2226 2808 Ἐκ
2253 2753 2513 2823 γαστρὸς
2542 2754 2658 2822 πρὸ
2693 2754 3040 2825 Ἑωσφόρου
3077 2753 3379 2824 ἐγέννησά
3421 2767 3535 2818 σε;
3559 2754 3690 2825 Οὐχὶ

2109 2845 2369 2918 ἄντικρυς
2394 2846 2493 2920 τῆς
2520 2847 2796 2920 πατρικῆς
2834 2847 3137 2920 μαιεύσεως
3165 2847 3397 2920 φυσικὴν
3421 2848 3688 2903 ἐνδείκνυ-

2110 2956 2199 2993 ται
2251 2940 2506 3011 υἱότητα,
2566 2940 2626 2994 οὐ
2675 2941 2890 3013 τρόπων
2940 2939 3227 3013 ἐπιμελείᾳ
3271 2940 3364 2994 καὶ
3403 2937 3688 3012 προκοπῆς

435 3039 548 3079 non
573 3028 830 3078 accurata
862 3036 1077 3077 morum
1103 3021 1486 3089 castigatione,
1518 3036 1630 3076 non
1659 3022 2003 3079 exercitatio-

2111 3032 2365 3104 άσκήσει,
2414 3031 2549 3086 ἀλλά
2595 3031 2811 3101 φύσεως
2857 3031 3111 3104 ἰδιώματι
3148 3031 3352 3104 ταύτην
3396 3032 3685 3103 λαχόντος

436 3131 507 3172 ne
545 3114 809 3170 virtutum
864 3128 930 3169 ac
970 3112 1238 3185 proiectu,
1272 3111 1369 3169 sed
1421 3121 1630 3169 naturae
1678 3114 2009 3187 proprietate

435 3209 663 3265 sortitus
695 3206 818 3263 est?
848 3204 1217 3273 Quamobrem
1253 3203 1569 3275 unigenitus
1593 3203 1815 3276 quidem
1836 3204 2010 3263 Filius

432 3299 611 3357 Patris
643 3299 853 3356 ﬁrmam
890 3312 956 3352 ac
986 3297 1236 3353 stabilem
1260 3296 1502 3369 possidet
1533 3296 1849 3355 tiliationem
1875 3317 1888 3353 :
1920 3313 2009 3353 ra-

432 3393 719 3450 tionalium
737 3404 868 3447 vero
891 3388 1128 3445 ﬁliorum
1162 3388 1511 3461 adoptionem
1544 3403 1655 3445 non
1678 3395 1872 3446 natura
1898 3390 2007 3448 illis

429 3492 764 3555 co‘mpetere,
798 3481 897 3539 sed
943 3495 1159 3536 morum
1209 3480 1481 3551 probitate
1518 3488 1575 3535 et
1609 3479 1708 3536 Dei
1740 3481 2006 3537 beneﬁcio

431 3576 649 3645 parari,
713 3571 1145 3641 mutabilemque
1198 3584 1342 3634 esse,
1399 3571 1650 3640 agnoscit
1698 3566 2002 3641 Scriptura.

440 3665 683 3720 Videntes
721 3663 860 3718 enim
910 3661 1013 3732 ﬁlii
1048 3659 1148 3715 Dei
1184 3659 1327 3730 ﬁlias
1365 3658 1665 3725 hominum,
1694 3670 2003 3729 acceperunt

428 3753 532 3810 sibi
556 3770 748 3809 uxores
776 3752 845 3817 ³³,
876 3759 933 3808 et
964 3765 1085 3822 quae
1104 3758 1430 3820 sequuntur.
1461 3747 1528 3804 Et
1564 3749 1693 3805 alibi
1722 3750 1802 3805 ’δε
1825 3748 2001 3807 Filios

426 3847 583 3918 genui
615 3854 665 3900 et
702 3844 959 3910 exaltavi,
988 3842 1091 3913 ipsi
1122 3851 1299 3897 autem
1348 3851 1649 3911 spreverunt
1676 3857 1797 3907 me;
1827 3840 1997 3899 Deum

425 3953 523 4008 per
555 3935 751 3993 Isaiam
774 3935 1094 4007 prophetam
1125 3933 1333 3991 dixisse
1354 3935 1687 4006 accepimus.

494 4027 589 4085 IX.
611 4027 776 4083 Plura
799 4042 925 4083 cum
952 4026 1157 4098 possim
1193 4026 1397 4092 dicere,
1435 4027 1634 4083 fratres
1656 4027 1989 4095 charissimi,

495 4189 540 4220 “
574 4185 635 4241 11
659 4186 783 4242 Cor.
816 4205 894 4253 vi,
920 4187 1005 4248 Η,
1042 4186 1126 4241 15.
1205 4187 1246 4217 ¹⁷
1278 4185 1432 4241 Prov.
1463 4202 1589 4253 xxx,
1620 4186 1708 4242 l9.
1778 4187 1820 4218 ’⁸
1852 4184 1882 4241 1
1915 4186 2041 4243 Cor.
2074 4189 2184 4253 ΧΑ.

495 4304 498 4320 ,
530 4259 581 4313 7.
648 4259 693 4290 ’⁸
726 4256 876 4313 Psal.
902 4272 1023 4322 (ιιι,
1057 4257 1109 4311 '5.
1185 4257 1231 4288 ⁸³
1266 4255 1393 4311 Gen.
1423 4274 1472 4312 vi
1495 4297 1511 4323 ,
1540 4257 1596 4313 2.
1672 4256 1719 4289 "’
1755 4254 1957 4323 Isa.'1,
2002 4259 2058 4314 2.

423 4273 462 4313 ιι
484 4301 498 4325 ,
530 4259 581 4313 7.
648 4259 693 4290 ’⁸
726 4256 876 4313 Psal.
902 4272 1023 4322 cux,
1057 4257 1109 4311 '5.
1185 4257 1231 4288 ⁸³
1266 4255 1393 4311 Gen.
1423 4274 1472 4312 vn
1495 4297 1511 4323 ,
1540 4257 1596 4313 2.

2116 3118 2276 3173 Ὅθεν
2303 3120 2399 3174 καὶ
2422 3121 2811 3192 ἀμετάπτωτον
2830 3122 2944 3193 ἔχει
2965 3122 3065 3194 τὴν
3089 3123 3314 3193 υἱύτητα
3336 3124 3368 3176 ὁ
3395 3121 3685 3194 μονογενής

2114 3208 2244 3274 Υἱὸς
2269 3209 2362 3263 τοῦ
2398 3211 2645 3283 Πατρός·
2678 3211 2778 3285 τὴν
2807 3212 2864 3267 δὲ
2901 3212 3011 3267 τῶν
3041 3212 3271 3282 λογικῶν
3302 3212 3597 3279 υἱοθεσίαν,
3624 3212 3681 3267 οὐ

2113 3301 2253 3357 κατὰ
2283 3302 2442 3374 φύσιν
2475 3303 2826 3377 ὑπάρχουσαν
2854 3305 3056 3369 αὐτοῖς,
3091 3302 3226 3358 ἀλλὰ
3249 3303 3469 3376 τρόπων
3492 3305 3681 3376 ὲπιτη·

2110 3392 2342 3467 δειότητι
2366 3396 2459 3449 καὶ
2485 3395 2662 3468 δωρεᾷ
2686 3394 2844 3462 Θεοῦ,
2878 3397 2971 3450 καὶ
2998 3394 3354 3467 μεταπτώτην
3381 3390 3525 3450 οἶδεν
3553 3395 3583 3448 ὀ
3597 3393 3681 3447 16-

2108 3498 2225 3552 γος.
2272 3482 2527 3551 Ἰδόντες
2555 3485 2665 3555 γὰρ
2693 3487 2749 3539 οἱ
2775 3485 2892 3540 υἱοί
2922 3484 3030 3540 τοῦ
3057 3484 3204 3540 θεοῦ
3225 3485 3332 3552 τὰς
3352 3485 3680 3556 θυγατέρος

2107 3574 2226 3630 τῶν
2253 3577 2598 3646 ἀνθρώπων,
2621 3578 2841 3634 ἔλαϐον
2876 3577 3111 3646 ἑαυτοῖς
3140 3577 3448 3648 γυναῖκας,
3486 3579 3587 3633 καὶ
3614 3578 3681 3632 τὰ

2106 3666 2253 3739 ἐξῆςο
2281 3667 2394 3734 καὶ,
2427 3667 2600 3736 Υἱσὺς
2635 3667 2936 3741 ἐγέννησα
2975 3669 3075 3725 καί
3107 3669 3364 3740 ὖψωσα’
3400 3671 3576 3726 αὐτοὶ
3612 3669 3681 3723 δέ

2099 3773 2177 3827 με
2197 3758 2522 3828 ἠθέτησαν,
2555 3759 2643 3816 διὰ
2677 3759 2899 3815 Ἥσαϊου
2926 3761 3205 3835 εἰρηκέναι
3231 3761 3323 3817 τὸν
3351 3762 3485 3818 θεὸν
3507 3762 3682 3818 ἐδιδά-

2104 3850 2331 3924 χθημενο

2171 4023 2260 4080 IX.
2300 4025 2477 4081 Πολλά
2516 4026 2694 4097 λέγειν
2737 4026 2893 4099 ἔχων,
2947 4026 3239 4099 ἀγαπητοὶ,
3300 4027 3676 4099 παρέρχομαι,

2266 4189 2309 4222 ¹⁹
2340 4189 2489 4246 Rom.
2527 4205 2655 4256 vnn,
2682 4188 2771 4244 32.
2843 4190 2893 4221 ὀ
2922 4187 3114 4245 Matth.
3150 4204 3242 4250 ιιι,
3280 4188 3369 4244 17.
3448 4190 3492 4221 ²¹
3517 4187 3671 4245 Ρωι.

491 4378 604 4451 (Ἡ)
623 4377 819 4451 ,Μέχρι
838 4375 988 4451 πρρς
1025 4375 1281 4451 ἐννοίας.
1312 4373 1371 4430 1η
1398 4375 1593 4451 codice
1632 4375 1818 4451 Allatii
1847 4375 1996 4451 legi-

2110 4384 2279 4451 tamen
2321 4377 2746 4451 minimeAcapax
2770 4374 3205 4451 videtur_eorum
3253 4372 3677 4451 natura._'l‘otos

420 4445 513 4504 tur
570 4445 764 4522 μέχρις
809 4445 1052 4512 ἐννοίας,
1108 4445 1314 4502 omissa
1365 4446 1542 4530 altera
1584 4445 1991 4572 praepositione.

420 4519 720 4572 Utramque
742 4524 926 4572 tamen
956 4531 1144 4572 vocem
1173 4525 1422 4572 aanoscnt
1446 4516 1583 4572 Emo
1626 4532 1785 4572 anius
1814 4516 1991 4572 Scho-

419 4516 720 4589 Utramque
742 4524 926 4589 tamen
956 4531 1144 4589 vocem
1173 4517 1422 4589 agnoscit
1442 4516 1785 4589 Epiphanius
1814 4516 1992 4589 Schoe

419 4585 667 4654 lasticus,
697 4588 791 4659 qui
825 4588 906 4659 sic
928 4588 1089 4659 vertit
1119 4604 1135 4641 :
1169 4585 1507 4659 Impossibile
1528 4585 1607 4644 est
1635 4589 1714 4642 vel
1738 4603 1899 4659 usque
1921 4588 1991 4642 ad

419 4658 965 4730 opinioneminvenire
984 4658 1095 4712 vias
1117 4658 1402 4730 serpentis.

635 4728 756 4811 Καὶ.
791 4730 1060 4813 νομίμοις
1102 4724 1397 4813 ἐντολαῖς.
1445 4728 1506 4782 In
1546 4726 1747 4813 codice
1791 4724 1990 4813 [areanis

416 4797 600 4855 Allatii
649 4797 1048 4870 scriptuinlest
1091 4799 1186 4852 καὶ
1232 4798 1492 4869 νομίμους
1543 4797 1781 4870 ὲντολάςε
1816 4797 1990 4870 Quam

415 4873 747 4941 scripturam
766 4864 837 4924 ἰιι
888 4868 1141 4941 editione;
1174 4883 1274 4923 sua
1296 4864 1605 4941 amplexus
1637 4864 1989 4941 estAJacobus

416 4936 778 5003 Sirmundus,
830 4947 886 4995 et
939 4939 1083 4993 hunc
1129 4938 1309 4993 locum
1362 4936 1439 4991 ita
1474 4939 1679 4993 vertit:
1712 4936 1821 5003 Qui
1886 4955 1988 4992 au-

415 5020 517 5065 tem
558 5011 673 5081 ejus
721 5020 842 5064 sunt
876 5019 1154 5072 creaturas,
1212 5010 1448 5081 homines
1492 5019 1541 5063 et
1576 5009 1765 5081 angeli,
1810 5017 1861 5062 et
1903 5010 1988 5063 be-

412 5080 758 5137 nedictionem
784 5090 1113 5147 acceperunt,
1141 5087 1199 5131 ut
1232 5080 1540 5148 proﬁcerent
1570 5080 1811 5134 virtutem
1835 5094 1988 5132 exer-

411 5160 603 5216 centes,
661 5159 710 5206 et
757 5149 1132 5205 mandatorum
1185 5148 1317 5219 leges
1375 5166 1438 5205 ne
1482 5159 1771 5220 peccarent.
1810 5148 1986 5217 Atque

413 5221 556 5275 hanc
600 5222 909 5285 lectionem,
944 5237 1002 5277 re
1035 5221 1298 5274 attentius
1345 5219 1675 5284 examinata,
1716 5219 1984 5273 veriorem

451 5297 563 5345 nlo.
587 5291 677 5345 Ait
703 5292 848 5345 enim
873 5291 1197 5354 Alexander,
1228 5289 1394 5344 Deum
1419 5291 1557 5345 duas
1578 5306 1667 5345 res
1693 5289 1985 5344 tradidisse

453 5361 726 5415 ominibus
758 5367 813 5415 et
826 5361 1089 5431 _angelis,
1120 5369 1181 5413 ut
1214 5360 1269 5414 in
1314 5362 1516 5431 virtute
1550 5375 1874 5431 progressus
1900 5358 1981 5412 fa-

409 5445 534 5484 cere
555 5439 797 5499 possent.
824 5428 891 5501 Et
934 5428 1189 5501 mandata
1225 5430 1443 5499 quidem
1476 5428 1608 5501 legis
1638 5428 1704 5483 ad
1729 5430 1830 5501 hoc
1856 5443 1985 5499 pro-

411 5508 654 5571 sunt,_ne
679 5499 907 5552 crimina
940 5500 1370 5571 admittantquze
1392 5502 1507 5571 lege
1536 5499 1807 5571 prohibita
1830 5505 1983 5553 sunt.

410 5568 723 5638 Benedictio
744 5570 965 5638 veroad
996 5569 1099 5624 hoc
1122 5568 1362 5638 prodest,
1401 5568 1465 5623 ut
1488 5568 1553 5624 ini
1574 5570 1790 5624 virtutis
1822 5584 1982 5624 excr-

411 5637 669 5690 ritatione
700 5636 941 5704 quotidie
969 5636 1275 5705 proﬁciant.
1315 5639 1420 5693 Sed
1461 5642 1700 5695 occurrit
1728 5640 1831 5693 hoc
1862 5641 1975 5692 loco

409 5705 716 5760 dillicultas.
748 5705 967 5774 Angelis
999 5707 1143 5761 enim
1185 5708 1487 5777 profectum
1514 5710 1782 5774 attribuit,
1819 5709 1975 5775 cuius

2094 4449 2240 4504 enim
2269 4464 2390 4505 sese
2421 4444 2705 4519 applicant
2732 4446 2907 4519 angeli
2936 4445 3007 4501 ad
3049 4444 3279 4519 id__quod
3331 4445 3507 4519 semel
3556 4461 3675 4519 am-_-

2093 4519 2235 4599 p_l_exi
2261 4526 2417 4586 sunt;
2584 4514 2844 4599 paulatim
2872 4514 3311 4599 progrediuntur
3341 4515 3413 4599 ad
3438 4515 3674 4599 idquod

2091 4583 2330 4660 eligunt;
2378 4583 2489 4660 sed
2514 4583 2694 4658 primo
2723 4583 3025 4660 impetu‘ad
3072 4598 3348 4660 summum
3384 4583 3673 4658 fastigium

2090 4655 2438 4729 perveniunt,
2476 4655 2552 4712 it'a
2581 4655 3027 4729 utneculterius
3071 4655 3350 4726 progredi,
3389 4671 3500 4711 nec
3522 4655 3674 4712 retro

2090 4726 2289 4785 reverti
2320 4730 2553 4785 valeant.
2606 4726 2841 4784 Materiae
2880 4728 3030 4782 enim
3066 4732 3325 4798 expertes
3363 4734 3523 4798 sunt,
3553 4740 3675 4798 qua:

2092 4798 2463 4855 infirmitatem
2488 4806 2544 4854 et
2575 4798 2997 4854 inconstantiam
3028 4792 3219 4866 gignit.
3254 4792 3673 4866 Dicendum'ta-

2088 4885 2214 4924 men
2242 4879 2348 4935 est,
2381 4870 2603 4994 angelos
2632 4868 2707 4923 ita
2729 4870 2966 4950 primum
2996 4865 3211 4921 creatos
3234 4865 3584 4949 esse.a"Deo,
3615 4873 3675 4921 ut

2088 4950 2274 4994 essent
2296 4946 2444 4994 muta
2489 4940 2607 4994 iles.
2641 4946 2696 4994 et
2720 4940 2940 4994 virtutis
2970 4949 3199 4994 capaces
3234 4950 3301 4991 ac
3330 4944 3471 4994 vnn.
3503 4946 3673 4994 utque

2088 4950 2274 4995 essent
2296 4936 2607 5003 mutabiles,
2641 4946 2696 4994 et
2720 4936 2940 4994 virtutis
2970 4949 3199 5008 capaces
3234 4950 3301 5008 ac
3330 4936 3471 5001 vitii,
3503 4946 3673 5008 utque

2129 5013 2351 5068 rolicere
2391 5018 2615 5080 possent
2655 5009 2712 5080 in
2757 5008 2974 5071 melius,
3010 5013 3107 5061 aut
3138 5007 3195 5080 in
3236 5007 3486 5080 deterius
3536 5007 3665 5062 labi.

2136 5097 2240 5136 anc
2272 5077 2441 5136 fuisse
2481 5079 2803 5137 sententiam
2831 5087 3072 5134 veterum
3110 5077 3519 5147 theologorum,
3556 5086 3668 5132 tum

2085 5166 2151 5205 ex
2187 5151 2494 5207 Alexandro
2529 5158 2696 5221 patet,
2728 5157 2852 5221 tum_
2885 5164 2951 5221 ex
2981 5161 3047 5203 eo
3072 5147 3220 5221 quod
3263 5147 3431 5203 Arius
3462 5162 3533 5203 ac
3565 5163 3671 5221 σξιο

2087 5222 2189 5276 teri
2215 5217 2551 5287 asserebant,
2589 5219 2786 5273 Filium
2826 5217 2919 5273 Dei
2952 5218 3267 5287 mutabilem
3289 5233 3438 5284 esse,
3468 5225 3530 5273 et
3559 5219 3672 5275 vir-

2085 5294 2219 5348 tutis
2256 5308 2319 5347 ac
2347 5291 2466 5346 vitii
2493 5286 2769 5359 capacem.
2812 5287 2922 5343 Nec
2964 5288 3111 5343 ullus
3140 5286 3559 5343 Catholicomm
3588 5289 3671 5344 eis

2084 5378 2321 5432 unquam
2351 5361 2572 5432 obiecit,
2595 5360 2944 5432 angelosnon
2970 5373 3094 5413 esse
3115 5359 3400 5432 mutabilis
3423 5369 3667 5432 natura.

2086 5428 2343 5489 Sciebant
2373 5428 2518 5486 enim
2563 5430 2614 5484 id
2650 5428 2928 5500 proprium
2949 5442 3090 5500 _esse
3123 5430 3297 5483 solius
3340 5428 3460 5493 Dei.
3483 5432 3582 5500 qui
3612 5431 3669 5482 in

2084 5505 2257 5558 sacris
2308 5502 2505 5556 litteris
2530 5497 2858 5556 diserte—ait
2892 5517 2903 5552 :
2938 5497 3049 5567 Ego
3073 5515 3213 5561 sum,
3238 5510 3290 5553 et
3320 5515 3428 5553 non
3466 5497 3666 5554 uiator.

2082 5574 2268 5644 Angeli
2293 5588 2422 5628 vero
2447 5572 2574 5629 licet
2594 5570 2808 5626 diilicile
2831 5575 3132 5636 mutentur,
3160 5571 3454 5624 mutationi
3481 5579 3669 5626 tamen

2081 5646 2301 5700 obnoxii
2331 5649 2476 5699 sunt.
