3850 6160
193 284 296 340 561

1599 285 1976 344 EPISTOLAE.

3348 305 3449 365 563

192 399 452 474 φορτικδν
470 395 609 456 εἶναι
632 401 882 473 νομίσας,
903 402 993 459 διά
1015 401 1272 458 πλειόνων
1286 402 1634 470 διδασκάλους
1651 405 1762 477 ὀμό

1880 415 2133 467 consulte
2184 420 2469 482 praetereo,
2522 415 2721 487 quippe
2767 417 2877 488 qui”
2910 417 3281 491 importunum
3324 441 3448 484 esse

192 508 399 563 φρονας
421 492 878 565 ὑπομιμνήσκειν.
905 492 1070 548 Αὐτοὶ
1117 492 1231 565 γὰρ
1266 491 1594 549 θεοδίδακτοί
1629 495 1773 561 ἐστε,

188 585 296 640 οὐκ
320 583 640 653 ἀγνοοῦντες
654 584 739 639 ὅτι
771 585 807 656 ἡ
843 583 1069 657 ἔναγχος
1099 586 1451 641 ἐπαναστᾶσα
1483 587 1551 658 τῇ
1580 585 1777 658 ἐκκλη-

193 678 448 748 σιαστικῇ
497 675 747 749 εὐσεϐείᾳ
795 676 1143 744 διδασκαλία,
1210 677 1462 742 Ἐὗίωνός
1510 680 1627 733 ἐστι
1669 679 1777 733 -καὶ

202 767 462 839 ’Δρτεμᾶ,
486 767 578 820 καὶ
602 766 765 838 ζῆλος
791 767 884 822 τοῦ
907 767 1048 823 κατά
1087 768 1416 839 Ἀντιόχειαν
1437 767 1652 823 Παύλου
1677 767 1774 823 τοῦ

190 858 570 929 Σαμοσατὲως,
608 860 810 931 συνόδῳ
845 860 940 915 καὶ
972 860 1150 934 κρίσει
1178 861 1288 914 τῶν
1321 860 1633 931 ἁπανταχοῦ
1656 862 1775 914 ἐπι-

189 953 415 1007 σκόπων
448 952 927 1025 ἀποκηρυχθέντος
959 953 1064 1026 τῆς
1099 954 1429 1027 Ἐκκλησίας
1448 971 1462 985 °
1511 954 1572 1008 ὃν
1600 954 1775 1008 διαδε-

190 1043 423 1115 ξάμενος
448 1044 762 1111 Λουκιανὸς,
789 1046 1218 1116 ἀποσυνάγωγος
1247 1044 1429 1116 ἔμεινε
1460 1045 1627 1118 τριῶν
1654 1047 1774 1100 ἐπι-

188 1137 410 1191 σκόπων
436 1133 550 1208 (24)
592 1137 870 1202 πολυετεῖς
922 1137 1168 1210 χρόνους.
1239 1133 1343 1192 Ὦν
1382 1138 1483 1210 τῆς
1520 1139 1772 1205 άσεὸείας

190 1229 289 1302 τὴν
335 1228 514 1302 τρύγα
540 1230 932 1302 ἐῤῥοφηκότες,
964 1230 1062 1286 νῦν
1106 1232 1238 1303 ἡμῖν
1265 1233 1321 1285 oi
1354 1230 1415 1297 ἐξ
1454 1231 1559 1286 ὀὐκ
1604 1232 1773 1286 όντων

190 1323 541 1396 ἐπεφύησαν,
592 1323 664 1378 τά
700 1324 925 1378 ἐκείνων
977 1325 1337 1397 κεκρυμμένα
1394 1325 1769 1397 μοσχεύματα,

193 1414 410 1487 ’Δρειός
438 1431 502 1468 τε
540 1414 638 1469 καὶ
673 1415 942 1486 Ἀχιλλᾶς,
971 1415 1064 1471 καὶ
1102 1416 1146 1488 ἡ
1174 1416 1284 1471 τῶν
1320 1417 1418 1473 σὺν
1460 1418 1645 1483 αὐτοῖς
1673 1437 1771 1473 πο-

190 1508 569 1581 νηρευομένων
617 1507 852 1573 σύνοδος.
896 1508 1007 1565 Καὶ
1052 1508 1154 1563 οὐκ
1191 1505 1287 1563 οἷδ’
1331 1509 1479 1576 ὅπως
1521 1513 1581 1565 ἐν
1602 1512 1773 1585 Συρίᾳ

191 1600 655 1673 χειροτονηθέντες
697 1599 987 1655 ἐπίσκοποι
1015 1603 1163 1672 τρεῖς
1185 1600 1297 1673 (25)
1330 1601 1420 1657 διά
1458 1600 1554 1657 τοῦ
1588 1620 1772 1658 συναι-

191 1698 301 1749 νεϊν
331 1694 535 1761 αὐτοῖς,
580 1694 675 1747 ἐπὶ
716 1693 778 1747 τὸ
822 1695 1004 1766 χεῖρον
1033 1694 1392 1749 ὑπεκκαίουσι
1412 1712 1428 1727 ο
1470 1696 1603 1769 περὶ
1632 1689 1707 1751 ὧν
1733 1698 1769 1767 ήη

195 1787 365 1859 φισις
407 1784 790 1841 ὑπανακείσθω
817 1783 1019 1859 (sum:
1070 1785 1313 1858 ὑμετέρᾳ
1356 1786 1671 1860 δοκιμασίᾳ.
1703 1788 1767 1842 οι
1801 1772 1844 1829 Β

193 1881 286 1946 τὰς
317 1881 416 1953 μὲν
450 1879 549 1934 τοῦ
593 1880 864 1953 σωτηρίου
894 1880 1118 1947 πάθους,
1165 1879 1549 1945 ταπεινώσεως
1582 1898 1641 1934 τε
1670 1883 1767 1936 καὶ

195 1972 473 2038 -ιενώσεως
503 1973 599 2031 καὶ
625 1974 724 2046 τῆς
764 1973 1105 2046 καλουμένης
1127 1972 1295 2029 αὐτοῦ
1323 1974 1626 2046 πτωχείας,
1671 1977 1767 2031 καί⁵

192 2061 263 2121 Iw
289 2066 616 2138 ἐπικτήτους
659 2068 693 2120 ὁ
718 2064 910 2138 Σωτὴρ
944 2064 1012 2120 δι’
1036 2066 1185 2137 ἡμᾶς
1229 2065 1515 2131 ἀνεδέξατο
1558 2067 1762 2136 φωνὰς,

193 2159 275 2213 5ιά
307 2159 529 2231 μνήμης
572 2158 816 2231 ἔχοντες,
864 2158 1252 2231 παρατίθενται
1284 2158 1377 2212 ἐπὶ
1428 2163 1762 2232 παραγραφῇ

190 2250 285 2322 τῆς
330 2249 591 2305 ἀνωτάτω
624 2250 723 2304 καὶ
767 2249 1006 2322 ἀρχῆθεν
1040 2249 1208 2305 αὐτοῦ
1250 2249 1521 2322 θεότητος.
1558 2249 1679 2305 Τῶν
1706 2250 1765 2305 δὲ

191 2344 283 2419 τῆς
314 2342 551 2415 φυσικῆς
590 2341 756 2397 αὐτοῦ
778 2343 937 2415 δόξης
956 2360 1016 2397 τε
1046 2343 1143 2397 καὶ
1185 2343 1464 2412 εὐγενείας
1490 2343 1586 2398 καὶ
1611 2342 1762 2415 παρὰ

189 2433 263 2507 τῷ
280 2433 456 2505 Πατρὶ
479 2432 645 2505 μονῆς
670 2433 1019 2505 σημαντικῶν
1036 2432 1209 2503 λόγων
1228 2431 1589 2504 ἐπιλήσμονες
1613 2430 1765 2501 γεγό-

190 2542 372 2583 δασινυ
418 2520 531 2581 οἷόν
563 2527 680 2580 ἐστι
700 2525 784 2593 τὸ,
825 2526 974 2597 Ἐγὼ
1014 2527 1113 2581 καὶ
1137 2530 1173 2582 ό
1197 2527 1405 2597 Πατὴρ
1450 2526 1521 2582 ἓν
1550 2527 1757 2598 ἐσμεν.

180 2623 365 2693 ὀπερ
378 2620 543 2691 φησιν
563 2619 830 2692 ὀΚύριος,
852 2619 913 2674 οὐ
940 2620 1159 2694 Πατέρα
1174 2620 1365 2675 ἐαυτὸν
1391 2620 1757 2694 ἀναγορεύων,

183 2712 305 2767 οὐδὲ
333 2713 435 2776 τάς
459 2714 528 2784 τῇ
580 2713 875 2768 ὑποστάσει
925 2711 1018 2766 δύο
1075 2712 1267 2782 φύσεις
1300 2711 1415 2785 (27)
1453 2712 1581 2784 μίαν
1620 2708 1760 2768 εἶναι

180 2803 523 2876 σαφηνιζωνο
554 2805 671 2859 ἀλλ’
697 2807 781 2859 ἅτε
824 2805 925 2878 τὴν
956 2804 1226 2878 πατρικὴν
1266 2804 1565 2877 ἐμφέρειαν
1604 2806 1763 2877 ἀκρι-

180 2897 296 2962 ϐῶς
343 2898 554 2968 πέφυκε
610 2897 803 2963 σώζειν
839 2900 869 2953 ὁ
898 2898 1023 2962 Υἱὸς
1065 2897 1161 2952 τοῦ
1204 2896 1441 2970 Πατρδς,
1477 2899 1578 2970 τὴν
1620 2899 1762 2953 κατά

179 2989 364 3043 πάντα
407 2988 700 3059 ὁμοιότητα
743 2986 909 3041 αὑτοῦ
939 2989 1005 3041 ἐκ
1046 2987 1262 3057 φύσεως
1308 2988 1757 3061 άπομαξάμενος,

180 3076 279 3133 καὶ
308 3076 725 3149 ἀπαράλλακτος
750 3076 915 3131 εἰκὼν
948 3075 1043 3131 τοῦ
1082 3077 1296 3149 Πατρὸς
1328 3078 1631 3149 τυγχάνων,
1666 3080 1760 3133 καὶ

1878 501 2098 573 ducam,
2133 504 2388 563 doctores
2418 508 2513 578 qui
2553 509 2843 566 nobiscum
2864 514 3239 583 consentiunt,
3272 518 3448 587 pluri-

1875 596 1981 653 bus
2013 597 2328 656 admonere.
2364 600 2475 671 Ipsi
2529 604 2677 658 enim
2729 619 2760 658 a
2810 603 2923 661 Deo
2952 605 3103 661 docti
3145 609 3315 667 estis:
3347 628 3449 668 nec

1876 686 2164 759 ignoratis,
2198 704 2321 744 eam
2351 691 2658 747 doctrinam
2708 709 2831 764 quin
2879 695 3144 752 adversus
3188 699 3447 757 ecclesia-

1875 779 2072 835 sticam
2105 781 2363 851 pietatem
2404 798 2580 853 nuper
2618 794 2784 856 caput
2810 787 3024 852 extulit,
3056 787 3283 847 Ebionis
3324 806 3449 848 esse

1873 876 1928 925 et
1953 869 2191 927 Artemae
2216 889 2230 927 :
2262 888 2362 928 nec
2385 873 2532 929 aliud
2561 890 2706 942 esse,
2727 891 2890 947 quam
2914 877 3270 934 imitationem
3291 878 3445 936 Pauli

1877 957 2244 1028 Samosateni,
2273 963 2579 1020 Antiochiae
2609 966 2877 1037 episcopi,
2920 970 3014 1038 qui
3048 969 3294 1025 omnium
3326 971 3447 1027 ubi-

1873 1067 1982 1123 que
2015 1053 2411 1126 episcoporum
2451 1057 2687 1113 concilio
2726 1073 2792 1112 ac
2839 1058 3050 1128 judicio
3088 1060 3158 1115 ab
3201 1059 3445 1117 Ecclesia

1872 1152 2121 1203 remotus
2152 1155 2257 1203 est.
2288 1146 2392 1203 Cui
2426 1149 2726 1208 succedens
2752 1149 3050 1219 Lucianus,
3073 1152 3323 1222 pluribus
3355 1168 3447 1208 an-

1872 1236 1961 1293 nis
1983 1253 2013 1292 a
2042 1240 2614 1296 communionetrium
2637 1228 3015 1312 episcoporum
3033 1259 3156 1300 sese
3171 1244 3441 1315 abjunxit.

1871 1324 2084 1384 Horum
2140 1330 2436 1401 impietatis
2484 1329 2672 1388 faecem
2706 1348 2830 1388 cum
2886 1334 3220 1402 hausissent,
3266 1351 3445 1407 nuper

1871 1420 2034 1478 nobis
2066 1421 2174 1477 orti
2195 1430 2325 1478 sunt
2354 1422 2670 1490 Exucontii,
2689 1426 2904 1481 occulta
2934 1427 3151 1483 illorum
3172 1431 3445 1500 germina,

1870 1513 2036 1572 Arius
2067 1515 2279 1572 scilicet
2306 1523 2362 1572 et
2389 1515 2657 1585 Achillas,
2679 1524 2735 1572 et
2763 1517 2974 1589 reliqua
3003 1520 3294 1589 impiorum
3318 1522 3450 1578 istis

1871 1608 2266 1666 adbmrentium
2311 1611 2490 1666 turba.
2539 1611 2619 1667 Ac
2667 1613 2855 1668 nescio
2879 1628 2989 1684 quo
3015 1613 3181 1669 modo
3208 1614 3451 1670 ordinati.

1873 1697 1929 1752 in
1961 1695 2120 1769 Syria
2140 1708 2256 1756 tres
2278 1700 2542 1771 episcopi,
2566 1701 2677 1759 illis
2694 1702 3107 1769 consentiendo,
3130 1719 3227 1761 eos
3254 1704 3325 1760 ad
3351 1721 3446 1777 pe—

1869 1789 1991 1861 jora
2020 1790 2269 1847 incitant.
2301 1790 2545 1860 Quorum
2572 1792 2841 1865 judicium
2879 1803 3063 1852 vestro
3087 1797 3324 1852 examini
3351 1814 3446 1855 re-

1871 1891 2141 1940 servetur.
2177 1882 2282 1951 Qui
2315 1885 2578 1942 salutaris
2617 1887 2891 1957 passionis
2922 1896 2978 1943 et
3010 1887 3332 1958 abjectionis
3361 1899 3447 1943 at-

1871 1990 1979 2047 que
1994 1975 2383 2034 exinanitionis
2404 1986 2459 2033 et
2476 1979 2812 2049 paupertatis
2829 1996 2991 2051 quam
3011 1989 3230 2047 vocant,
3251 1996 3444 2037 eorum

1871 2066 2107 2138 denique
2137 2068 2385 2125 omnium
2407 2084 2529 2140 quae
2560 2067 2818 2125 Servator
2842 2080 3029 2126 nostra
3057 2086 3226 2127 causa
3254 2085 3441 2128 susce-

1870 2157 1973 2228 pit,
2005 2157 2278 2215 ascititias
2308 2173 2471 2216 voces
2497 2160 2762 2216 memoria
2787 2162 3108 2228 retinentes,
3129 2178 3222 2219 eas
3242 2161 3311 2217 ad
3343 2178 3440 2218 su-

1869 2262 2117 2319 premam
2140 2257 2513 2322 teternamque
2537 2250 2687 2309 illius
2712 2251 3053 2309 divinitatem
3088 2250 3436 2309 refellendam

1870 2338 2126 2397 aﬂ‘erunt.
2172 2339 2373 2399 Eorum
2425 2351 2605 2399 autem
2634 2345 2926 2401 verborum
2964 2356 3087 2415 quae
3134 2345 3443 2401 naturalem

1867 2433 1989 2504 ejus
2009 2432 2237 2505 gloriam
2264 2449 2328 2491 ac
2360 2434 2699 2492 nobilitatem
2739 2444 2796 2491 et
2841 2434 2984 2507 apud
3024 2435 3240 2492 Patrem
3278 2451 3437 2492 man-

1869 2524 2081 2582 sionem
2103 2524 2412 2600 designant,
2428 2542 2657 2598 prorsus
2686 2528 3033 2584 immemores
3062 2535 3209 2584 sunt.
3240 2526 3441 2598 Cujus-

1867 2618 2015 2675 modi
2037 2625 2123 2675 est
2154 2618 2287 2674 illud
2305 2619 2351 2651 ³⁵
2386 2639 2400 2674 :
2435 2618 2547 2691 Ego
2571 2628 2622 2675 et
2657 2618 2841 2684 Pater,
2865 2636 3028 2674 unum
3054 2636 3259 2676 sumus.
3281 2619 3447 2688 Quod.

1866 2712 2089 2784 quidem
2136 2710 2402 2769 Dominus
2446 2712 2599 2778 dicit,
2621 2728 2732 2768 non
2784 2727 2895 2783 quo
2923 2728 2983 2769 se
3011 2713 3190 2783 ipsum
3220 2713 3441 2771 Patrem

1866 2803 2164 2870 renuntiet,
2197 2817 2299 2861 nec
2344 2818 2456 2875 quo
2507 2802 2647 2861 duas
2679 2818 2948 2873 personas
2975 2818 3142 2857 unam
3174 2818 3299 2859 esse
3342 2803 3441 2859 de-

1866 2904 2172 2965 monstret;
2221 2896 2318 2952 sed
2367 2895 2625 2966 quoniam
2671 2893 2850 2950 Patris
2906 2893 3076 2951 Filius
3125 2908 3440 2965 expressam

1866 2988 2053 3046 Patris
2082 2987 2500 3046 similitudinem
2524 2988 2875 3044 exactissime
2891 2997 3093 3053 servat,
3120 2988 3324 3058 quippe
3346 2987 3451 3056 qui

1866 3080 2235 3136 omnimodam
2279 3081 2401 3152 ejus
2444 3078 2852 3137 similitudinem
2903 3094 2935 3133 a
2978 3084 3176 3134 natura
3206 3078 3441 3148 impres-

179 3166 277 3223 τοῦ
322 3141 680 3241 πρωτοτύπου
710 3141 968 3233 Planum;
1015 3141 1322 3241 χαρακτήρ.
1357 3141 1521 3223 Ὅθεν
1547 3141 1642 3223 κα).
1683 3169 1762 3241 τῷ

1868 3186 1983 3227 sam
2013 3172 2234 3238 habeat,
2269 3141 2450 3243 sitque
2480 3173 2659 3244 imago
2673 3170 2852 3227 Patris
2885 3170 3035 3224 nulla
3061 3174 3115 3225 in
3147 3185 3209 3226 re
3231 3141 3441 3225 discre-

179 3261 483 3334 τηνικαῦτα
510 3261 761 3317 ποθοῦντι
784 3262 911 3316 ίδεῖν
938 3261 1190 3331 Φιλίππῳ
1226 3260 1473 3331 ἀφθόνως
1500 3263 1531 3316 ό
1559 3262 1762 3335 Κύριος

180 3353 495 3427 ἐμφανίζει,
529 3353 667 3426 πρὸς
709 3353 768 3408 δν
799 3354 1026 3423 λέγοντα
1047 3369 1061 3383 ·
1098 3350 1307 3418 Δεῖξον
1343 3353 1491 3423 ἡμῖν
1516 3354 1625 3408 τὸν
1643 3357 1762 3408 Πα-

179 3444 345 3515 τέρα,
376 3444 557 3516 λέγει·
597 3447 663 3500 '0
684 3443 956 3515 ἐψακὼς
975 3443 1101 3516 ἐμὲ,
1121 3442 1341 3514 stipam
1359 3443 1469 3499 τὸν
1491 3444 1723 3513 Πατέρα
1740 3463 1754 3476 ·

178 3536 373 3610 ὥσπερ
400 3536 469 3590 δι’
512 3537 775 3610 ἐσόπτρου
808 3534 1142 3610 ἀκηλιδώτου
1178 3535 1272 3590 καὶ
1317 3534 1564 3606 ἐμψύχου
1609 3535 1759 3602 θείας

176 3629 411 3694 εἰκόνος,
444 3630 610 3684 αὐτοῦ
641 3629 1015 3702 θεωρουμένου
1052 3627 1150 3683 τοῦ
1182 3627 1413 3700 Πατρός.
1449 3623 1550 3683 Ὃν
1574 3629 1759 3700 ὅμοιον

178 3724 245 3777 ἐν
270 3722 527 3793 Ψαλμοῖς
561 3725 612 3777 οἱ
646 3722 936 3793 ἁγιώτατοι
978 3738 1173 3792 φασινο
1221 3721 1325 3777 Ἑν
1350 3717 1432 3785 τῷ
1453 3721 1602 3789 φωτί
1643 3736 1760 3777 σου

292 3880 341 3913 ⁸⁸
367 3877 533 3934 Joan.
571 3895 629 3943 ι,
664 3879 753 3935 50.
830 3878 877 3910 ³⁸
898 3877 1062 3933 lacn.
1102 3893 1217 3944 xiv,
1246 3877 1301 3943 8,
1337 3876 1390 3933 9.

251 4056 373 4129 (24)
415 4056 902 4128 Ἇποσυνάγωγος
938 4058 1133 4129 ἔμεινε
1175 4057 1351 4125 τριῶν
1387 4057 1757 4129 ἐπισκόπων.

180 4127 361 4200 Hujus
380 4129 536 4200 verbi
556 4130 665 4200 vim
689 4127 798 4200 non
807 4127 1208 4200 intellexerunt
1235 4129 1584 4200 interpretes.
1607 4127 1757 4193 Quos

180 4196 410 4255 secutus
439 4199 707 4254 Baronius
737 4198 804 4252 ad
835 4214 1036 4254 annum
1069 4198 1174 4254 518
1213 4196 1423 4262 scribit,
1457 4196 1759 4253 Lucianum

180 4286 215 4324 a
240 4270 423 4340 tribus
454 4270 731 4340 episcopis
762 4269 869 4324 sibi
900 4270 1161 4340 continue
1188 4268 1629 4340 succedentibus,
1652 4267 1756 4321 Ec-

178 4339 356 4395 clesia
384 4338 622 4410 ejectum
646 4338 864 4410 'fuisse._
884 4338 1050 4410 Atqui
1078 4354 1190 4395 non
1223 4338 1327 4393 hoc
1354 4338 1491 4410 dicit
1518 4338 1755 4410 Alexan-

178 4410 304 4471 der,
336 4409 436 4466 sed
485 4418 698 4464 tantum
738 4410 816 4463 ait
842 4407 1142 4466 Lucianum
1193 4409 1433 4464 schisma
1470 4408 1664 4463 fecisse
1700 4409 1760 4460 in

180 4480 545 4535 Antiochensi
570 4478 835 4542 Ecclesia,
864 4488 918 4534 et
950 4479 1055 4536 sub
1081 4479 1258 4534 tribus
1283 4478 1557 4549 episc0pis
1584 4477 1762 4533 conti-

180 4565 292 4605 nue
310 4550 421 4606 sibi
450 4549 875 4606 succedentibus
893 4551 1153 4606 collectas
1167 4564 1414 4604 seorsum
1430 4548 1757 4616 celebrasse.

181 4619 237 4675 Id
284 4620 436 4676 enim
462 4619 755 4691 _signilicat
799 4635 908 4677 vox
947 4620 1394 4691 ἀποσυνάγωγος,
1422 4617 1609 4691 itaque
1632 4617 1760 4688 Epi-

179 4691 424 4761 phanius
455 4687 833 4761 Scliolasticus
875 4706 987 4746 non
1026 4693 1168 4761 male
1201 4687 1346 4761 hunc
1372 4688 1550 4761 locum
1589 4687 1760 4761 inter-

180 4757 434 4830 pretatus
484 4771 569 4816 est
617 4760 724 4816 hoc
777 4762 960 4827 modo,
1016 4760 1104 4814 cui
1141 4759 1418 4815 succedens
1468 4757 1755 4830 Lucianus,

178 4829 338 4885 extra
389 4847 690 4901 synanogas
722 4833 918 4901 mansit
954 4832 1114 4885 trium
1141 4831 1499 4901 episcoporum
1530 4829 1760 4901 plurimo

179 4900 439 4973 tempore.
480 4900 714 4957 Basilius
741 4900 796 4955 in
821 4901 1051 4972 epistola
1080 4900 1255 4973 prima
1299 4901 1366 4973 ad
1406 4900 1758 4973 Amphibolof

179 4972 371 5043 citium
426 4969 905 5043 παρασυναγωγῆν
956 4969 1191 5043 usurpat
1222 4970 1412 5026 eodem
1442 4969 1629 5035 sensu,
1665 4969 1755 5023 ubi

180 5041 477 5111 distinguit
506 5041 645 5098 inter
676 5043 949 5110 haeresim,
990 5051 1046 5098 et
1077 5041 1337 5105 schisma,
1372 5048 1426 5095 et
1450 5055 1759 5112 παρασυνα-

185 5110 395 5184 γωγήν.
427 5113 910 5185 Παρασυνγαγωγάς
938 5120 1146 5185 autem,
1167 5112 1258 5185 ait
1281 5126 1407 5168 esse
1444 5110 1758 5185 illegitimos

181 5181 531 5254 conventus;
542 5185 640 5254 qui
670 5184 809 5239 ﬁunt
821 5181 905 5254 ab
935 5183 1307 5254 immorigeris
1320 5181 1659 5254 presbyteris
1671 5181 1758 5254 vel

181 5252 466 5324 episcopis
504 5251 577 5310 et'
610 5254 787 5309 laicis.
822 5253 987 5310 Verbi
1018 5251 1215 5324 gratia,
1266 5251 1755 5324 si’quis‘criminis

182 5321 500 5388 convictus,
530 5330 586 5380 et
611 5340 645 5378 a
677 5324 981 5394 ministerio
1002 5321 1161 5380 sacro
1188 5321 1512 5394 suspensus,
1547 5321 1758 5394 judicio

184 5408 301 5448 non
343 5403 555 5461 pareat,
600 5393 699 5450 sed
745 5395 1109 5451 ministerium
1149 5392 1309 5450 suum
1340 5393 1493 5448 obire
1523 5392 1674 5457 velit,
1704 5400 1759 5447 et

187 5465 452 5589 patulum
503 5465 746 5535 colligat.
788 5465 934 5520 Inter
963 5462 1438 5536 παρασυναγωγήν
1486 5470 1665 5518 autem
1703 5469 1758 5518 et

187 5549 251 5589 se
293 5535 436 5589 isma
469 5550 663 5589 narum
690 5535 876 5589 distat.
909 5535 1083 5589 Porro
1112 5548 1280 5589 causa
1309 5533 1618 5589 schismatis
1650 5530 1757 5588 Lu-

185 5530 436 5606 scbism‘a
469 5530 663 5606 parum
690 5535 876 5606 distat.
909 5530 1083 5606 Porri)
1112 5530 1280 5591 causa
1309 5530 1618 5606 scliismatis
1650 5530 1757 5606 Lu-

187 5605 352 5661 eiano
385 5601 491 5660 fuit
531 5604 781 5661 doctrina
827 5605 984 5661 Pauli
1032 5601 1434 5661 Samosatensis
1463 5617 1630 5672 quam
1656 5603 1752 5658 dc-

189 5673 470 5746 fendebat,
502 5684 561 5731 ut
596 5676 756 5732 docet
791 5676 1121 5746 Alexander.
1159 5674 1331 5746 Qujus
1353 5673 1528 5746 gratia
1549 5673 1642 5727 diu
1665 5687 1755 5728 se-

191 5745 409 5816 paravit
453 5761 516 5803 se
562 5762 594 5803 a
646 5747 824 5805 tribus
862 5745 1156 5820 episc0pis,
1182 5741 1412 5816 Domni),
1446 5741 1663 5817 Tymao
1693 5759 1757 5803 ac

1866 3277 2028 3334 pans,
2054 3270 2110 3318 et
2130 3262 2392 3332 primitivi
2421 3262 2753 3332 exemplaris
2781 3276 3042 3340 expressa
3063 3260 3254 3332 ﬁgura.
3282 3258 3449 3316 Unde

1862 3357 2029 3412 etiam
2054 3352 2306 3425 Philippo
2338 3363 2469 3410 tunc
2488 3354 2673 3415 videre
2701 3356 2941 3426 cupienti
2973 3353 3236 3409 Dominus
3265 3352 3440 3407 abun-

1862 3447 1932 3504 de
1958 3453 2373 3503 commonstrat.
2410 3445 2624 3502 Dicenti
2654 3447 2798 3501 enim
2826 3466 2840 3502 :
2888 3444 3115 3502 Ostende
3141 3443 3289 3499 nobis
3319 3443 3433 3498 Pa-

1865 3547 2020 3605 trem,
2057 3536 2353 3607 respondet
2380 3554 2395 3590 :
2442 3536 2548 3602 Qui
2582 3535 2708 3591 uidit
2737 3552 2839 3601 me,
2869 3534 2997 3591 vidit
3033 3544 3084 3590 et
3115 3534 3330 3590 Patrem
3347 3535 3392 3566 "
3421 3550 3437 3588 '.

1865 3630 2067 3700 quippe
2094 3643 2218 3684 cum
2244 3642 2341 3699 per
2370 3626 2724 3698 purissimum
2743 3633 2797 3682 et
2826 3627 3125 3681 animatum
3154 3624 3436 3697 speculum

1868 3721 2068 3777 divinat
2116 3721 2372 3792 imaginis
2422 3719 2540 3789 ipse
2567 3718 2960 3789 conspiciatur.
3000 3717 3212 3786 Quibus
3258 3717 3437 3775 simile

1861 4052 2084 4127 Cyrilio.
2109 4054 2342 4127 Tantum
2366 4068 2497 4127 vero
2520 4052 2587 4108 ad
2612 4055 2874 4127 quitatem
2898 4052 3154 4127 Ecclesia:
3178 4072 3437 4118 reversus

1863 4122 1967 4188 est,
2013 4136 2071 4178 ut
2117 4139 2182 4178 ex
2227 4122 2537 4177 Alexandro
2572 4124 2869 4194 colligitur.
2905 4124 3089 4194 Neque
3117 4129 3263 4182 enim
3305 4144 3432 4187 eum

1864 4210 2035 4265 usque
2053 4194 2119 4247 ad
2139 4195 2343 4265 exitum
2363 4194 2486 4247 vitae
2506 4194 2560 4248 in
2583 4195 2875 4250 schismate
2910 4196 3178 4252 mansisse
3207 4199 3434 4254 Alexan-

1862 4264 1961 4338 der
2008 4265 2221 4338 scribit,
2255 4264 2348 4320 sed
2381 4271 2591 4338 tantum
2626 4266 2789 4338 longo
2834 4272 3076 4338 tempore
3119 4276 3431 4338 separatum

1861 4335 2050 4391 fuisse.
2090 4334 2356 4389 Caeterum
2384 4333 2525 4389 hanc
2550 4333 2741 4404 vocem
2768 4333 3197 4404 ἀποσυνάγωγος
3216 4347 3432 4393 mutua-

1789 4391 1833 4446 Ῑ)
1862 4415 1951 4461 tus
1980 4415 2064 4476 est
2095 4404 2399 4476 Alexander
2429 4419 2493 4476 ex
2512 4403 2758 4476 Joannis
2800 4391 3119 4475 Evangeiio,
3162 4391 3427 4476 capIxivi,

1864 4476 1959 4531 ubi
2002 4475 2257 4531 Christus
2302 4473 2550 4545 praedicit
2596 4476 2857 4545 apostolis
2901 4473 3038 4540 suis,
3076 4473 3448 4545 quod—Judmi.

1865 4546 2014 4615 ipsos
2038 4560 2069 4601 e
2098 4544 2388 4617 synagogis
2422 4545 2536 4617 suis
2562 4544 2791 4616 ejecturi
2832 4554 3037 4612 essent,
3078 4544 3433 4617 ἀποσυναγώ-

1863 4633 1990 4684 γους
2018 4615 2330 4668 ποιῦσουσιν
2359 4615 2523 4685 ὑμᾶς.
2597 4615 2601 4616 ⁷
3338 4615 3345 4617 ’

1863 4755 1903 4759 _
1935 4686 2057 4759 (ἓξὲξ)
2090 4654 2185 4739 ’έν
2199 4686 2408 4759 Συρίᾳ
2448 4702 2595 4759 χειρ.
2625 4685 2942 4759 ἐπίσκοποι
2974 4687 3146 4753 τρεῖς.
3182 4686 3432 4759 intelligit

1862 4754 2167 4826 Eusebium
2188 4754 2449 4826 Caesarea:
2483 4754 2784 4826 Palaestina:
2814 4758 3150 4826 epifscOpuni,
3183 4754 3431 4812 Theodb-

1862 4834 1979 4880 tum
2005 4824 2284 4880 Laodicea:
2311 4831 2366 4879 et
2394 4824 2684 4879 Paulinum
2706 4824 2859 4894 Tyri.
2892 4824 3173 4880 llos—enini
3204 4828 3429 4882 anathe-

1861 4906 2007 4954 mate
2054 4896 2340 4950 damnatos
2387 4896 2554 4950 fuisse
2608 4894 2676 4948 ab
2726 4895 3037 4951 Alexandro
3090 4896 3431 4953 Alexandria:

1861 4968 2139 5037 episcopo,
2169 4973 2404 5021 testatur
2447 4966 2610 5021 Arius
2660 4965 2715 5018 in
2758 4967 2998 5037 cpistola,
3027 4968 3094 5020 ad
3136 4965 3430 5037 Eusebium

1862 5035 2330 5107 Nicomediensem
2374 5038 2711 5107 episcopum,
2752 5051 2873 5107 qum
2915 5035 3152 5091 refertur
3191 5052 3223 5091 a
3252 5036 3432 5093 Theo-

1862 5107 2062 5173 dorito,
2097 5105 2243 5161 Hist.
2268 5104 2517 5161 each—lib.
2551 5104 2593 5169 I’,
2620 5120 2742 5174 cap.
2780 5104 2831 5160 5.

1931 5178 2045 5248 (26)
2082 5177 2543 5248 ν’Υπανέῑκείσθω.
2585 5174 2643 5229 ln
2667 5175 2875 5248 codice
2905 5175 3107 5248 Leonis
3142 5175 3348 5248 Allatii,
3380 5188 3433 5232 et

1863 5243 2131 5317 in'Regio
2172 5243 2221 5299 J.
2246 5244 2401 5317 Pini,
2432 5246 2574 5317 etin
2617 5245 2859 5317 editione
2904 5246 3189 5301 Basiliensi
3216 5248 3433 5317 legitur

1861 5315 2188 5375 ἀνακείσθω.
2233 5316 2515 5382 Quomodo
2561 5315 2726 5371 etiam
2775 5317 3037 5372 scribitur
3088 5316 3232 5387 apud
3271 5317 3433 5374 Nice-

1900 5391 2114 5444 horum.

1861 5406 2204 5532 pngiBmi'dg
2228 5455 2302 5532 τῇ
2328 5453 2665 5532 {inventast
2704 5454 2814 5532 δύο
2838 5458 3071 5532 φύσεις.
3100 5455 3246 5515 Duas
3269 5466 3432 5532 natu-

1860 5527 1954 5586 ras
1996 5527 2130 5585 dicit
2180 5528 2504 5592 Alexander,
2555 5542 2666 5581 non
2710 5527 3030 5597 simpliciter
3075 5537 3130 5583 et
3182 5531 3433 5585 absolute

1862 5602 2018 5665 duas,
2067 5599 2163 5672 sed
2210 5599 2568 5672 personaliter
2601 5598 2762 5664 duas,
2805 5614 2879 5672 eo
2925 5599 3078 5672 quod
3119 5600 3172 5653 in
3215 5600 3432 5655 duabus

1862 5666 2371 5744 personisex'sistat
2401 5683 2506 5744 una
2550 5676 2764 5724 natura.
2795 5666 2975 5737 Quare
3014 5669 3173 5741 φύσις
3212 5673 3268 5726 ἐν
3300 5672 3430 5724 ὑπος-

1863 5741 2049 5800 στάσει
2075 5741 2217 5799 idem
2239 5749 2321 5799 est
2347 5743 2487 5803 quod
2519 5752 2772 5803 persona.
