3850 6160
437 306 542 363 565
1534 304 1590 357 s.
1628 299 2023 361 ALEXANDRI
2044 282 2525 355 'ALEXANDRINI
3256 336 3263 349 ρ
3568 293 3678 352 set

436 429 521 478 est
558 418 609 474 id
653 417 799 490 quod
842 418 1019 475 sancti
1047 417 1240 473 dicunt
1294 416 1347 471 in
1388 414 1666 472 Psalmis:
1699 415 1766 471 In
1807 417 1990 470 lumine

2102 416 2366 484 ὀψόμεθα
2397 410 2540 481 φῶς.
2589 411 2680 464 Διὸ
2698 410 2775 482 ’δὴ
2824 402 2972 463 καὶὸ
3004 404 3177 479 τιμῶν
3203 406 3294 461 τὸν
3327 405 3485 475 Υῖὺν,
3536 410 3678 478 τιμᾷ

438 523 528 567 tuo
550 510 837 566 videbimus
874 511 1048 565 lumen
1074 512 1141 566 ”.
1171 509 1437 576 Quocirca
1470 510 1562 579 qui
1606 508 1812 564 honore
1841 507 1990 562 allicit

2103 506 2192 559 τὸν
2247 506 2466 577 Πατέρα
2502 504 2634 576 (28),
2688 503 2782 556 καὶ
2837 501 3079 564 είκότως·
3125 501 3273 554 πᾶσα
3318 498 3426 572 γὰρ
3470 499 3677 571 ἀσεϐὴς

438 604 657 667 Filium,
715 603 880 658 simul
930 603 1137 657 honore
1175 599 1334 654 allicit
1381 600 1634 666 Patrem;
1687 610 1741 654 et
1769 600 1862 670 qui
1904 600 2001 654 ho-

437 701 599 747 norat
643 691 879 757 Patrem,
910 693 1141 746 honorat
1162 691 1323 746 etiam
1354 689 1549 745 Filium
1578 691 1623 722 ²⁸
1657 708 1671 745 :
1712 698 1764 745 et
1784 690 2001 760 quidem

438 786 653 841 merito.
680 784 852 841 Omne
880 785 1023 840 enim
1054 784 1281 853 impium
1310 783 1534 838 verbum
1558 782 1702 853 quod
1731 782 2005 853 profertur

438 871 492 925 in
528 870 745 939 Filium,
777 872 844 926 ad
875 886 1161 942 personam
1191 870 1370 927 Patris
1396 873 1649 942 pertinet.

506 962 574 1019 Χ.
617 964 745 1020 Post
776 965 889 1019 haec
917 979 1063 1028 vero,
1096 963 1293 1019 fratres
1324 965 1656 1030 charissimi,
1690 966 1777 1020 cui
1806 965 2002 1020 mirum

435 1057 686 1112 videatur
726 1056 781 1111 id
816 1057 958 1129 quod
990 1060 1293 1128 scripturus
1325 1074 1479 1125 sum,
1524 1060 1567 1114 si
1596 1059 1897 1115 calumnias
1935 1059 2003 1114 ab

438 1147 546 1203 illis
570 1148 830 1204 confictas
849 1149 1110 1205 adversus
1133 1166 1219 1206 me
1264 1162 1317 1206 et
1362 1152 1622 1209 adversus
1651 1153 2003 1225 religiosissi-

437 1251 583 1291 mam
616 1238 825 1308 plebem
848 1242 1186 1309 exposuero?
1219 1241 1352 1296 Nam
1380 1244 1471 1313 qui
1510 1245 1848 1299 divinitatem
1877 1244 2001 1299 Filii

436 1320 533 1377 Dei
553 1338 866 1396 oppugnare
895 1329 1135 1398 aggressi
1174 1338 1342 1395 sunt,
1380 1347 1480 1387 nos
1526 1348 1742 1404 quoque
1785 1335 2002 1405 ingrato

437 1416 619 1471 animo
650 1418 912 1474 conviciis
938 1428 1191 1490 appetere
1218 1437 1325 1476 non
1348 1433 1627 1480 verentur.
1658 1425 1763 1491 Qui
1792 1441 1891 1481 nec
1918 1427 2001 1481 ul-

436 1506 519 1561 los
543 1521 609 1561 ex
641 1509 880 1579 antiquis
912 1511 1015 1566 sibi
1037 1514 1343 1582 comparari
1375 1516 1594 1571 volunt:
1628 1532 1727 1572 nec
1752 1533 1846 1574 eos
1879 1519 2000 1590 qui-

433 1595 539 1653 bus
574 1613 676 1653 nos
702 1599 771 1654 ab
800 1600 1019 1656 ineunte
1051 1610 1209 1657 aetate
1250 1605 1521 1675 magiStris
1550 1608 1634 1661 usi
1664 1623 1875 1672 sumus,
1906 1626 2000 1665 ex-

433 1690 639 1760 aequari
668 1690 772 1745 sibi
807 1693 1103 1762 patiuntur.
1138 1693 1243 1749 Sed
1290 1712 1391 1751 nec
1429 1699 1596 1752 ullum
1626 1715 1693 1754 ex
1745 1702 1998 1756 omnibus

2105 599 2253 671 φωνὴ
2275 601 2353 662 είς
2386 600 2477 652 τὸν
2511 597 2637 651 Υἱδν
2666 595 2917 665 λέγεσθαι
2961 592 3303 667 τολμωμένη,
3331 594 3412 655 είς
3435 592 3529 646 τὸν
3559 593 3675 646 Πα-

2103 689 2234 761 τέρα
2262 688 2357 760 τὴν
2384 685 2656 759 ἀναφορὰν
2682 686 2814 757 ἔχει.

2173 960 2239 1015 Χ.
2282 960 2391 1013 Καὶ
2418 960 2467 1014 τί
2496 958 2793 1014 λοιπὸνέτι
2824 959 3132 1032 θαυμαστὸν
3155 959 3184 1013 ὃ
3213 958 3391 1030 μέλλω
3414 957 3669 1029 γράφειν,

2103 1054 2393 1124 ἀγατπιτοὶ,
2423 1054 2471 1105 εί
2495 1052 2593 1116 τάς
2618 1054 2737 1107 κατ’
2764 1052 2897 1124 ἐμοῦ
2933 1052 3146 1122 ψευδεῖς
3172 1050 3422 1113 διαϐολὰς
3454 1050 3552 1103 καὶ
3575 1047 3670 1101 τοῦ

2104 1144 2489 1199 εὐσεϐεστάτου
2524 1145 2678 1215 ἡμῶν
2718 1145 2848 1199 λαοῦ
2893 1144 3222 1215 ὲκθήσομαι;
3263 1144 3327 1197 υἱ
3373 1140 3482 1213 γὰρ
3527 1139 3671 1194 κατά

2103 1238 2199 1309 τῆς
2230 1236 2479 1309 θεότητος
2509 1238 2602 1291 τοῦ
2632 1238 2762 1291 Υίοῦ
2784 1236 2876 1292 τοῦ
2902 1236 3035 1291 Θεοῦ
3070 1235 3528 1308 παραταξάμενοι,
3552 1232 3671 1286 οὐδὲ

2101 1326 2201 1391 τὰς
2240 1326 2360 1380 καθ’
2387 1326 2541 1397 ἡμῶν
2584 1327 2907 1398 ἀχαρίστους
2952 1325 3234 1397 παροινίας
3282 1320 3670 1395 παραιτοῦνται

2103 1419 2297 1487 λέγειν’
2326 1419 2378 1472 οἵ
2402 1436 2464 1488 γε
2490 1419 2607 1472 οὐδὲ
2627 1419 2735 1473 τῶν
2763 1418 3002 1492 ἀρχαίων
3031 1417 3180 1481 τινάς
3208 1416 3515 1487 συγκρίνειν
3546 1417 3672 1468 ἑαυ-

2102 1512 2214 1572 τοῖς
2244 1507 2506 1575 ἀξιοῦσιν,
2539 1509 2658 1563 οὐδὲ
2689 1504 2770 1573 οἷς
2796 1511 2955 1581 ἡμεῖς
2989 1510 3054 1563 ὲκ
3081 1508 3285 1562 παίδων
3316 1506 3670 1579 ὡμιλήσαμεν

2101 1598 2458 1664 διδασκάλοις,
2512 1598 2818 1665 ἐξισοῦσθαι
2866 1600 3155 1671 ἐνέχονται.
3212 1598 3348 1653 Ἀλλ’
3393 1597 3515 1651 οὐδὲ
3562 1596 3670 1651 τῶν

2103 1687 2198 1743 νῦν
2231 1688 2506 1761 πανταχοῦ
2542 1690 2965 1762 συλλειτουργῶν
2988 1707 3107 1745 τινα
3134 1690 3214 1755 είς
3256 1688 3451 1761 μέτρον
3478 1688 3668 1757 σοφίας

434 1780 528 1849 qui
552 1779 713 1836 hodie
743 1790 871 1837 sunt
901 1785 1118 1856 collega:
1146 1788 1341 1852 nostri,
1367 1789 1433 1843 ad
1462 1790 1789 1847 mediocrem
1821 1794 1990 1848 scien-

2102 1778 2376 1847 ήγοῦνται·
2421 1780 2569 1850 μόνοι
2603 1781 2755 1851 σοφοὶ
2786 1782 2881 1835 καὶ
2904 1782 3228 1852 ἀκτήμονες,
3262 1782 3356 1835 καὶ
3385 1780 3669 1851 δογμάτων

433 1870 565 1925 tiam
593 1874 904 1942 pervenisse
927 1886 1191 1934 censent:
1245 1881 1390 1936 solos
1438 1883 1709 1952 sapientes
1752 1900 1817 1939 ac
1863 1886 1999 1941 nihil

432 1963 796 2033 possidentes,
822 1967 967 2024 solos
999 1968 1311 2040 dogmatum
1344 1973 1652 2031 inventores
1679 1992 1737 2032 se
1768 1993 1888 2033 esse
1914 1978 1999 2048 ja-

432 2061 666 2121 ctantes,
700 2057 911 2128 sibique
944 2061 1076 2116 solis
1110 2076 1174 2117 ea
1206 2064 1439 2119 revelata
1472 2081 1613 2131 esse,
1639 2083 1759 2138 qua:
1796 2069 1998 2126 nemini

436 2160 889 2215 unquam-eorum
929 2151 1020 2220 qui
1052 2152 1153 2207 sub
1197 2155 1336 2210 coelo
1378 2144 1614 2221 sunt,‘in
1643 2168 1879 2217 mentem
1910 2178 1999 2217 ve-

432 2240 632 2294 nerint.
658 2239 703 2295 Ο
730 2241 951 2312 impiam
985 2248 1381 2317 arrogantiam!
1416 2265 1450 2304 o
1478 2253 1754 2307 vesaniam
1777 2254 1999 2310 immen-

430 2333 579 2386 sam!
608 2346 642 2386 ο
691 2333 907 2391 inanem
948 2337 1197 2407 gloriam,
1232 2349 1350 2395 atra
1398 2342 1504 2398 bile
1545 2345 1767 2415 percitis
1798 2363 1997 2405 conve-

430 2424 697 2479 nientem!
732 2441 765 2480 o
796 2429 1051 2498 superbia
1083 2429 1317 2499 Satanae,
1350 2450 1471 2505 quae
1501 2438 1783 2492 sceleratis
1806 2454 1995 2495 eorum

430 2517 703 2574 mentibus
734 2518 964 2575 insedit!
997 2520 1116 2578 Non
1142 2524 1249 2581 illis
1287 2528 1549 2596 pudorem
1590 2530 1823 2585 incussit
1851 2540 1998 2587 vete-

429 2622 550 2663 rum
584 2608 989 2682 Scripturarum
1035 2618 1398 2687 perspicuitas
1430 2621 1719 2691 religiosa:
1752 2637 1854 2678 nec
1882 2624 1997 2679 colv

425 2700 669 2772 legarum
701 2714 1013 2762 nostrorum
1044 2711 1394 2768 consentiens
1437 2713 1503 2768 de
1543 2713 1761 2770 Christo
1789 2715 1997 2771 doctri-

425 2807 495 2846 na
536 2793 820 2850 audaciam
852 2814 1040 2854 eorum
1071 2800 1333 2857 adversus
1364 2803 1515 2857 illum
1550 2806 1828 2875 repressit.
1860 2806 1998 2872 Quo-

424 2900 548 2939 rum
598 2886 927 2956 impietatem
992 2907 1061 2947 ne
1116 2893 1220 2963 ipsi
1278 2893 1496 2964 quidem
1531 2895 1805 2952 daemones
1829 2897 1995 2953 laturi

425 2985 575 3044 sunt,
609 2981 809 3051 quippe
837 2983 930 3052 qui
964 2993 1179 3049 cavent,
1208 3002 1276 3042 ne
1304 3002 1468 3057 quam
1500 2988 1763 3045 adversus
1794 2988 1993 3046 Filium

424 3069 520 3125 Dei
548 3072 767 3142 impiam
799 3089 987 3130 vocem
1020 3078 1290 3133 emittant.

2102 1872 2319 1942 εὑρεταὶ
2337 1871 2584 1941 λέγοντες
2605 1868 2761 1938 εἶναι,
2790 1873 2885 1927 καὶ
2907 1874 3089 1937 αὐτοῖς
3114 1872 3560 1942 ἀποκεκαλύφθαι
3583 1871 3673 1941 μό-

2101 1980 2231 2028 νοις,
2266 1964 2407 2034 ἆπερ
2434 1965 2606 2019 οὐδενὶ
2634 1964 2741 2018 τῶν
2774 1965 2877 2018 ὐπὸ
2910 1965 3001 2019 τὸν
3041 1965 3189 2036 ἥλιον
3229 1964 3397 2036 ἑτέρῳ
3425 1964 3670 2032 πέφυκεν

2100 2055 2272 2108 ἐλθεῖν
2294 2058 2372 2120 είς
2396 2056 2621 2114 ἔννοιαν.
2649 2059 2713 2110 ’Ὠ
2741 2058 2953 2112 ἀνοσίου
2985 2057 3153 2127 τύφου
3185 2057 3278 2111 καὶ
3304 2056 3542 2128 ἀμέτρου
3567 2075 3669 2129 μαο

2100 2147 2236 2211 νίας,
2261 2150 2353 2199 καὶ
2378 2149 2769 2220 μελαγχολικῆς
2795 2151 3147 2222 ἡρμοσμένης
3169 2149 3327 2220 δόξης
3343 2148 3459 2221 (29)
3485 2151 3664 2221 κενῆς,

2099 2241 2192 2293 καὶ
2235 2240 2522 2295 σατανικοῦ
2562 2243 2929 2313 φρονήματος,
2966 2244 3045 2307 είς
3077 2242 3173 2305 τὰς
3211 2242 3457 2306 ἀνοσίους
3489 2242 3668 2304 αὐτῶν

2097 2333 2275 2404 ψυχὰς
2310 2332 2789 2405 ἀποσκιρὼσαντος
2810 2335 2954 2407 (50)!
2990 2336 3063 2389 Οὐ
3095 2336 3387 2407 κατῄδεσεν
3410 2337 3607 2399 αὐτοὺς
3632 2337 3665 2405 ἡ

2098 2425 2205 2481 τῶν
2237 2426 2477 2497 ἀρκαίων
2511 2426 2737 2497 Γραφῶν
2766 2426 3006 2495 φιλόθεος
3035 2430 3314 2500 σαφήνεια*
3341 2428 3464 2482 οὐδὲ
3494 2430 3529 2499 ἡ
3558 2428 3666 2481 τῶν

2099 2517 2521 2590 συλλειτουργῶν
2552 2520 2838 2590 σύμφωνος
2864 2521 2991 2593 περ).
3028 2520 3262 2593 Χριστοῦ
3286 2520 3537 2576 εὐλάϐεια
3567 2520 3665 2592 τὴν

2099 2610 2217 2662 κατ’
2254 2610 2417 2663 αὐτοῦ
2468 2610 2775 2684 θρασύτητα
2817 2613 2993 2666 αὐτῶν
3033 2612 3360 2684 ἠμαύρωσεν
3391 2612 3524 2683 (51).
3566 2607 3692 2666 Ὦνο

2097 2703 2216 2755 οὐδὲ
2254 2702 2322 2756 τὰ
2349 2703 2599 2774 δαιμόνια
2640 2704 2739 2775 τῆς
2782 2704 3158 2777 ἀνοσιουργίας
3187 2704 3454 2773 ἀνέξεται,
3483 2705 3663 2777 φωνὴν

2098 2794 2414 2868 βλάσφημον
2448 2795 2589 2852 κατά
2621 2795 2710 2850 τοῦ
2746 2794 2875 2850 Υίοῦ
2904 2796 2997 2850 τοῦ
3026 2795 3159 2850 Θεοῦ
3192 2798 3365 2853 εἰπεῖν
3397 2797 3661 2867 φυλαττό-

2100 2901 2251 2955 μενα.

492 3160 584 3216 XI.
614 3162 792 3234 Atque
825 3165 938 3221 haec
966 3183 1066 3237 pro
1092 3170 1236 3225 virili
1270 3178 1424 3241 parte
1453 3188 1600 3229 nunc
1638 3189 1669 3228 a
1690 3175 1849 3231 nobis
1876 3175 1990 3231 dis-

2165 3163 2254 3218 Xl.
2297 3165 2483 3221 Ταῦτα
2518 3167 2617 3239 μὲν
2637 3161 2729 3221 οὖν
2757 3169 2888 3239 ἡμῖν
2916 3165 3057 3221 κατὰ
3075 3166 3174 3239 τὴν
3196 3165 3478 3239 παροῦσαν
3501 3165 3661 3247 δύνα-

425 3260 612 3324 putata
647 3255 759 3311 sint
798 3257 1063 3314 adversus
1112 3276 1207 3317 eos
1245 3263 1337 3333 qui
1371 3264 1427 3317 in
1476 3264 1725 3335 imperita
1762 3269 1993 3323 materia

422 3350 678 3411 tanquam
718 3344 773 3399 in
799 3347 1021 3417 pulvere
1046 3350 1269 3405 volutati
1293 3394 1306 3416 ,
1354 3352 1631 3410 Christum
1673 3357 1993 3429 impugnare

423 3436 662 3505 aggressi
694 3448 834 3505 sunt,
860 3448 916 3497 et
953 3450 1201 3499 nostram
1242 3462 1370 3518 erga
1403 3448 1555 3505 illum
1597 3450 1851 3520 pietatem
1899 3468 1991 3507 ca-

423 3526 680 3583 lumniari
725 3530 1096 3590 instituerunt.
1137 3537 1304 3592 Aiunt
1340 3541 1487 3595 enim
1538 3542 1631 3597 isti
1680 3544 1987 3613 ineptarum

422 3620 729 3679 fabularum
759 3626 1070 3685 inventores
1098 3646 1218 3695 nos,
1243 3633 1336 3703 qui
1361 3634 1579 3704 impiam
1597 3638 1815 3692 etnullo
1839 3636 1989 3691 Scri-

421 3716 707 3779 pturarum
742 3716 1053 3774 testimonio
1096 3718 1286 3775 fultam
1336 3722 1730 3794 blasphemiam
1781 3743 1846 3783 ex
1878 3744 1987 3785 non

421 3803 767 3861 exstantibus
800 3822 1136 3876 aversamur,
1154 3812 1264 3868 duo
1288 3814 1524 3884 ingenita
1552 3831 1818 3875 asserere.
1844 3818 1989 3875 Duo-

422 3906 544 3949 rum
580 3895 722 3948 enim
754 3896 982 3953 alterum
1015 3905 1328 3960 necessario
1363 3922 1483 3963 esse
1524 3908 1814 3966 dicendum
1847 3912 1988 3966 amr-

422 3992 574 4042 mant
594 3984 831 4056 imperiti
858 4008 870 4043 :
905 3998 998 4046 aut
1028 3992 1178 4049 illum
1214 4011 1280 4051 ex
1330 4011 1442 4052 non
1472 4002 1815 4058 exstantibus
1843 4017 1984 4069 esse,

422 4083 517 4135 aut
558 4088 705 4133 certe
735 4078 845 4134 duo
880 4097 998 4137 esse
1029 4085 1266 4153 ingenita
1294 4107 1306 4141 :
1342 4104 1440 4144 nec
1488 4091 1795 4163 intelligunt
1824 4096 1986 4150 rudes

420 4175 585 4235 atque
614 4169 823 4239 ignari,
864 4174 1091 4230 multum
1135 4178 1399 4235 interesse
1427 4182 1570 4238 inter
1592 4182 1811 4241 Patrem
1837 4186 1987 4258 inge-

420 4258 617 4324 nitum,
648 4268 702 4314 et
732 4276 820 4317 res
850 4264 920 4318 ab
963 4264 1055 4320 illo
1103 4276 1316 4326 creatas
1344 4286 1408 4325 ex
1438 4273 1629 4340 nihilo,
1664 4283 1775 4330 tam
1806 4278 1982 4333 ratio-

495 4444 537 4474 ⁹⁷
570 4442 720 4499 Psal.
750 4460 912 4513 xxxv,
948 4448 1032 4503 10.
1111 4451 1156 4482 ’⁸
1185 4450 1346 4509 Joan.
1369 4471 1423 4519 γ,
1452 4455 1542 4510 25.

2103 3276 2193 3330 μιν
2241 3260 2644 3332 έπαπορείσθω,
2695 3261 2832 3331 πρὸς
2882 3263 3009 3324 τοὺς
3050 3259 3358 3331 ἀπαιδεύτῳ
3403 3258 3507 3332 ὕλῃ
3551 3258 3661 3329 (52)

2098 3351 2239 3405 κατὰ
2279 3352 2373 3405 τοῦ
2415 3353 2651 3425 Χριστοῦ
2693 3352 3097 3423 κονισαμένους,
3141 3351 3233 3405 καὶ
3259 3351 3360 3422 τὴν
3392 3351 3472 3415 είς
3500 3350 3661 3404 αὐτὸν

2097 3443 2375 3499 εὐσέϐειαν
2410 3446 2567 3517 ἡμῶν
2603 3448 2952 3514 συκοφαντεῖν
2985 3442 3368 3515 προθεμένους.
3395 3444 3532 3496 Φασὶ⁸
3554 3442 3661 3515 γὰρ

2098 3542 2243 3611 ἡμᾶς
2274 3541 2323 3593 οἱ
2356 3539 2649 3609 φληνάφων
2680 3538 2967 3609 ὲφευρεταὶ⁴
3009 3536 3212 3607 μύθων,
3250 3536 3662 3606 ἀποστρεφομέ-

2094 3646 2217 3692 νους
2243 3629 2342 3700 τὴν
2366 3627 2425 3693 ἐξ
2450 3629 2550 3681 οὐκ
2572 3628 2739 3682 ὄντων
2765 3627 2936 3697 ἀσεϐῆ
2968 3627 3062 3680 καὶ
3092 3626 3335 3699 ἄγραφον
3362 3627 3505 3681 κατὰ
3530 3628 3663 3698 Χρι-

2098 3719 2224 3773 στοῦ
2250 3719 2617 3791 βλασφημίαν,
2653 3719 2921 3790 ἀγέννητα
2951 3718 3217 3775 διδάσκειν
3247 3717 3359 3773 δύο.
3385 3720 3542 3771 Δυοίν
3568 3718 3664 3772 θά-

2094 3827 2247 3881 τερον
2276 3811 2521 3880 λέγοντες
2549 3811 2658 3864 δεῖν
2695 3806 2834 3863 εἶναι
2865 3811 2914 3862 οἱ
2942 3809 3268 3875 ἀπαίδευτοι,
3295 3811 3329 3881 ἢ
3360 3810 3420 3874 ἐξ
3450 3812 3551 3864 οὐκ
3577 3812 3663 3864 ὅν-

2094 3921 2200 3957 των
2226 3903 2387 3957 αὐτὸν
2413 3898 2551 3956 εἶναι
2588 3905 2825 3975 φρονεῖν,
2865 3902 2898 3973 ἢ
2936 3902 3154 3964 πάντως
3188 3903 3457 3972 ἀγέννητα
3483 3902 3660 3971 λέγειν

2093 3994 2204 4046 δύου
2240 3992 2560 4062 ἀγνοοῦντες
2598 3994 2646 4045 οἱ
2683 3993 2989 4057 ἀνάσκετοι,
3023 3991 3099 4055 ὡς
3126 3992 3335 4063 μακρὸν
3357 3990 3424 4045 ἂν
3449 3992 3533 4063 εῐη
3563 4008 3657 4062 με-

2095 4086 2224 4150 ταξύ
2254 4084 2466 4156 Πατρὸς
2494 4086 2810 4155 ἀγεννήτου,
2836 4084 2928 4137 καὶ
2951 4083 3058 4137 τῶν
3089 4082 3416 4137 κτισθέντων
3445 4083 3539 4136 ὑπ’
3562 4083 3659 4136 αὐ-

2092 4177 2185 4231 τοῦ
2219 4176 2279 4242 ἐξ
2301 4178 2402 4231 οὐκ
2432 4177 2620 4241 ὄντων,
2655 4175 2887 4245 λογικῶν
2913 4193 2971 4228 τε
2995 4177 3089 4229 καὶ
3116 4174 3344 4243 ἀλόγων.
3372 4170 3475 4227 Ὧν
3507 4191 3657 4245 μεσι-

2090 4271 2319 4325 τεύουσα
2353 4272 2513 4341 φύσις
2558 4271 2846 4342 μονογενὴς
2866 4270 3000 4342 (55),
3041 4269 3109 4322 δι’
3136 4263 3204 4340 ἦς
3242 4268 3313 4322 τὰ
3346 4268 3444 4323 ὅλα
3473 4267 3532 4334 ἐξ
3559 4267 3659 4321 οὐκ

492 4557 605 4645 (ἓξ)
628 4558 781 4645 (Τιμᾷ
810 4561 1192 4645 τῲςοζῖατέρα.
1232 4566 1574 4645 Epiphanius
1610 4568 1981 4645 scholasticus

2102 4571 2321 4645 phanius
2355 4570 2729 4645 scholasticus
2752 4571 2945 4645 legisse
2982 4570 3195 4645 videtur
3217 4571 3655 4645 ἀποσκιρτήσαν-

417 4628 665 4710 quaedam
686 4630 785 4710 llic
811 4633 959 4710 addit
988 4628 1109 4704 qua;
1137 4652 1247 4695 non
1279 4628 1529 4709 ieguntur
1562 4642 1617 4695 in
1647 4639 1853 4695 Graeco.
1893 4640 1984 4696 Sic
2015 4628 2049 4634 ⁷
2086 4628 2195 4706 τος.
2230 4640 2321 4696 Sic
2354 4642 2499 4696 cnim
2540 4643 2701 4697 vertit
2728 4660 2741 4695 :
2779 4628 3051 4710 Svapientia
3096 4640 3311 4696 Satanas
3348 4642 3403 4696 in
3423 4628 3655 4699 'an'imas

417 4699 563 4778 enim
610 4699 1197 4778 hebeti-Quapropter
1245 4718 1297 4761 et
1330 4699 1425 4778 ’ᾇκὶ
1474 4710 1696 4764 honorat
1741 4711 1979 4777 Patrem,

419 4770 643 4847 honorat
671 4781 721 4824 et
749 4769 1185 4847 Filiunz,'et'qui
1230 4769 1452 4835 uouerat
1500 4780 1723 4847 Filium,
1762 4769 1986 4835 honorat

415 4849 466 4895 et
491 4838 731 4920 Patrem,
754 4852 803 4897 et
835 4838 990 4899 recte.
1024 4838 1197 4920 Quam
1228 4848 1512 4904 lectionem
1544 4838 1867 4906 conﬁrmant
1899 4868 1986 4906 se-

418 4910 658 4991 quentia.
692 4909 878 4991 ltaque
902 4909 1062 4969 error
1080 4917 1291 4991 videtur
1320 4920 1688 4984 librariorum,
1724 4922 1815 4991 qui
1842 4922 1984 4977 hanc

417 4984 1043 5055 pericopeuomiserunt
1075 4986 1282 5055 decepti
1316 5005 1513 5043 vocum
1546 4984 1922 5047 similitudine.

509 5049 599 5119 29)
622 5051 733 5133 Ιξαὶ
747 5057 1196 5133 μελαγχολικῆς
1210 5049 1595 5133 ἡρμοσμένης
1616 5062 1819 5133 δόξης.
1845 5061 1987 5133 Lego

419 5121 844 5195 μελαγχολικοῖς,
892 5121 1347 5195 quemadmodum
1392 5121 1841 5187 edidit-Jacobus
1870 5121 1985 5187 Sir-

418 5190 657 5265 mundus
686 5209 700 5245 :
728 5190 1100 5272 ciijus_'taincii
1130 5197 1329 5272 factum
1350 5200 1581 5272 probare
1603 5218 1709 5255 non
1737 5218 1982 5272 possum,

416 5262 481 5340 in.
502 5275 567 5340 eo
600 5262 743 5340 quod
768 5265 1071 5340 lectionem
1113 5269 1315 5340 nullius
1345 5262 1532 5340 scripti
1561 5262 1766 5327 codicis
1792 5262 1983 5327 aucto;

418 5332 578 5383 ritate
599 5332 867 5387 llrmatam
899 5337 952 5390 in
987 5346 1192 5391 textum
1224 5332 1507 5396 admittere
1536 5358 1644 5396 non
1674 5343 1977 5397 dubitavit:

414 5399 683 5479 quamad
714 5403 853 5479 latus
882 5408 1139 5462 editionis
1169 5425 1281 5463 suae
1313 5412 1556 5478 rejicerc.
1593 5421 1686 5469 aut
1721 5414 1777 5466 in
1810 5416 1981 5467 adnoo

415 5470 716 5551 tationibus
758 5473 960 5551 referre
1002 5480 1183 5545 potius
1215 5470 1588 5551 conveniebat.
1621 5483 1778 5551 Apud
1814 5484 1973 5538 Nice-

416 5536 668 5625 999mm.
691 5542 744 5594 in
778 5544 870 5623 un.
912 5536 1030 5609 νηί,
1061 5562 1180 5625 cap.
1226 5550 1275 5613 7,
1312 5551 1505 5625 legitur
1533 5536 1627 5606 καὶ
1662 5536 1978 5625 εὶελαγχοῖι-
2024 5576 2025 5579 η

413 5606 723 5689 κῆς-ξόξῃῂς,
748 5614 949 5689 omissa
977 5606 1109 5669 voce
1130 5606 1504 5689 ἧρμοσμξνης.

486 5675 600 5754 (ὅθ)
622 5675 1224 5760 ,Ἆηποςξξιιρώσαντοξξ
1256 5675 1330 5741 Ιη’
1352 5675 1734 5760 ιηέιῖιιεοτὶριο
1790 5694 1975 5750 codice

417 5740 636 5805 κρητῆρι
676 5740 892 5804 Savilii'
910 5740 1176 5828 scriptum
1198 5740 1201 5741 ⁷
1220 5766 1301 5813 est
1348 5740 1974 5837 έᾷσάὶήὶἶῶἓςᾶἒὶἕοςῖἶρἷ

2089 4729 2270 4766 eorum
2296 4712 2641 4782 nequissimus
2669 4711 2986 4782 vehementer
3005 4710 3274 4782 insiliens.

2159 4783 2269 4855 (51)
2311 4780 2703 4855 Ἠμαύρωσεγ.
2762 4780 3214 4855 (ἒοιιιξιι-ΙλεξοιλὶεΔ
3250 4782 3432 4855 ᾼΙΙοιίἰ
3491 4783 3656 4855 habet

2091 4850 2399 4927 ἡμέρωσεν,
2422 4853 2695 4927 Atque_ita
2716 4866 2941 4927 prorsus
2968 4851 3098 4921 legit
3120 4850 3456 4927 Epiphanius
3487 4852 3656 4927 Scho-

2087 4922 2335 4985 lasticus,
2379 4930 2438 4976 ut
2482 4938 2554 4992 ex
2599 4923 3044 4990 interpretatione
3098 4922 3216 4990 ejus
3266 4932 3511 4992 apparet.
3562 4923 3653 4978 Sic

2088 4993 2234 5047 enim
2264 4992 2464 5046 vertit:
2503 4990 2627 5045 Non
2662 4992 3141 5046 comministrorum
3174 4990 3389 5046 concors
3419 5009 3652 5049 reveren-

2089 5064 2165 5118 tia
2193 5062 2256 5115 de
2282 5061 2516 5123 Christo,
2548 5062 2874 5130 ferocitatem
2898 5077 3082 5131 eorum
3111 5062 3475 5131 mansuefecit.

2159 5133 2274 5202 (5‘2)
2318 5129 2665 5200 Ἀπαιδεύτῳ
2700 5132 2841 5200 ὕλῃ.
2886 5129 2977 5185 Sic
3018 5129 3531 5202 vocatdialecticas
3566 5150 3651 5188 ar-

2125 5204 2541 5263 umentationes,
2600 5202 2801 5273 quibus
2859 5202 3113 5273 utebatur
3168 5201 3330 5273 Arius
3384 5203 3649 5259 adversus

2125 5220 2541 5263 umentattones,
2600 5220 2801 5273 QUIBUS
2859 5220 3113 5256 metiatur
3168 5220 3330 5256 ATIUS
3384 5220 3649 5259 aGVCI‘SUS

2085 5220 2291 5329 ghristi
2314 5273 2670 5348 divinitatem.
2700 5270 2765 5348 1η¹
2785 5271 2974 5325 codice
3002 5281 3179 5348 tamen
3210 5272 3391 5326 Allatii
3419 5289 3526 5348 pro
3555 5273 3651 5348 ὕλῃ

2086 5342 2507 5418 Ιεειιιιιχύλακῇ,
2546 5343 2597 5395 id
2628 5351 2712 5418 est
2747 5342 2967 5418 latratu,
2998 5340 3144 5412 quod
3173 5356 3283 5395 non
3316 5340 3508 5418 probo.

2156 5409 2266 5485 (55)
2290 5409 2399 5485 Ὧν
2412 5409 2817 5485 μὲσιτεύουσζα
2834 5409 3384 5485 φύαιξμονογεγῆς.
3412 5412 3649 5485 Benigne

2084 5482 2495 5554 intelligendum
2524 5490 2608 5537 est
2634 5484 2786 5554 quod;
2806 5483 2908 5536 hoc
2941 5482 3061 5535 loco
3085 5482 3165 5554 ait
3195 5482 3519 5554 Alexander,
3553 5482 3649 5537 na~

2085 5551 2627 5623 turam'unigcnitam
2652 5551 2901 5623 mediam
2930 5567 3053 5606 esse
3068 5552 3222 5605 inter
3247 5551 3465 5607 Patrem
3497 5553 3649 5622 ingev

2084 5627 2257 5679 nilum
2289 5632 2343 5678 et
2375 5621 2675 5678 creaturas.
2726 5621 2828 5677 Ubi
2878 5631 3130 5693 naturam
3180 5623 3347 5677 sumit
3392 5638 3490 5693 pro
3527 5621 3647 5691 per-

2086 5711 2241 5749 sona.
2274 5693 2531 5766 lntclligit
2560 5694 2705 5766 enim
2752 5693 2912 5766 φύσιν
2954 5694 3027 5766 ἐν⁸
3045 5692 3359 5766 ὑποστάσει,
3392 5692 3453 5748 ut
3486 5693 3647 5761 paulo

2087 5774 2210 5822 ante
2240 5760 2568 5826 locutus'est
2606 5760 2932 5823 Alexander.
2983 5760 3214 5820 Mediam
3265 5772 3444 5821 autem
3490 5760 3646 5818 vocat
