3850 6160
228 266 336 327 Βδό

1628 265 2017 325 EPISTOLA‘].

3366 274 3471 332 566

226 380 396 437 ὄντων
423 376 677 456 ἐποίησεν
702 378 730 430 ὁ
760 375 949 450 Πατὴρ
970 376 1066 432 τοῦ
1096 378 1230 433 Θεοῦ
1254 379 1449 449 Λόγου·
1478 377 1513 450 ἢ
1549 379 1610 445 ἐξ
1634 381 1799 435 αὑτοῦ

1909 381 2055 437 nales
2088 395 2251 454 quam
2277 380 2506 438 rationis
2537 391 2810 456 expertes.
2848 383 2989 440 Inter
3025 401 3145 457 qua
3198 387 3305 443 duo
3358 406 3471 447 me-

218 468 320 525 τοῦ
351 470 503 533 ὄντος
533 468 742 540 Πατρὸς
774 469 1114 542 γεγέννηται·
1145 471 1220 535 ὡς
1248 472 1343 525 καὶ
1370 473 1531 537 αὑτός
1562 490 1664 527 που
1693 474 1800 527 διε-

229 562 547 635 μαρτύρατο
571 561 745 630 λέγων
770 563 798 612 ό
824 560 1048 634 Κύριος,
1083 563 1136 614 Ὀ
1160 563 1405 633 ἀγαπῶν
1423 563 1529 618 τόν
1549 564 1796 635 Πατέρα,

222 654 429 729 ἀγαπᾷ
458 654 557 710 καὶ
584 653 692 708 τὸν
728 656 863 708 Υἱὸν
892 654 1000 708 τὸν
1030 655 1463 725 γεγεννημένον
1495 656 1564 721 ἐξ
1590 657 1795 715 αὑτοῦ.

291 922 416 977 XII.
456 916 687 994 Hept‘tbv
712 923 869 995 ἡμεῖς
894 921 1066 986 οὕτως
1092 922 1436 993 πιστεύομεν,
1468 922 1542 985 ὡς
1571 923 1635 993 τῇ
1668 922 1800 975 ἀπο-

220 1014 446 1086 στολικῇ
496 1014 789 1087 Ἐκκλησία
830 1014 992 1067 δοκεῖ’
1034 1016 1129 1078 Είς
1174 1014 1331 1089 μόνον
1362 1014 1653 1086 ἀγέννητον
1692 1015 1799 1067 Πα-

218 1106 381 1184 τέρα,
402 1106 593 1162 οὐδένα
615 1106 709 1159 τοῦ
746 1104 882 1160 εἶναι
911 1105 1058 1177 αὐτῷ
1083 1107 1174 1160 τὸν
1199 1108 1370 1160 αἴτιον
1400 1106 1610 1176 έχοντα,
1640 1105 1800 1178 ἄτρε-

221 1199 359 1253 πτόν
384 1216 443 1251 τε
462 1200 555 1253 καὶ
575 1198 950 1263 ἀναλλοίωτον,
978 1199 1064 1252 ἀεὶ
1084 1197 1226 1252 κατά
1251 1199 1318 1253 τὰ
1337 1200 1474 1253 αὐτά
1499 1200 1591 1254 καὶ
1618 1200 1798 1254 ὡσαύ-

218 1308 332 1354 τως
362 1289 572 1360 ἔχοντα,
605 1290 728 1344 οὔτε
754 1290 1053 1363 προκοπὴν,
1078 1289 1202 1343 οὔτε
1233 1290 1458 1361 μείωσιν
1483 1291 1801 1361 ἐπιδεχόμε-

220 1400 333 1436 νον·
362 1384 546 1454 Νόμου
589 1384 682 1437 καὶ
725 1383 1026 1457 Προφτητῶν
1059 1384 1153 1437 καὶ
1190 1384 1536 1453 Εὐαγγελίων
1580 1385 1797 1456 δοτῆρα,

222 1474 579 1546 πατριαρχῶν
606 1476 699 1528 καὶ
725 1475 1063 1541 ἀποστόλων,
1086 1474 1181 1529 καὶ
1206 1476 1459 1530 ἁπάντων
1493 1476 1659 1545 ἁγίων
1686 1476 1800 1529 Κύο

225 1583 360 1638 ριον.
400 1567 514 1621 Καὶ
552 1569 632 1631 είς
669 1566 764 1621 ἕνα
800 1567 1004 1641 Κύριον
1051 1567 1255 1638 Ἰησοῦν
1281 1568 1535 1640 Χριστὸν,
1562 1569 1652 1622 τὸν
1674 1569 1800 1622 Υίὺν

220 1658 318 1711 τοῦ
353 1658 489 1712 Θεοῦ
528 1660 619 1713 τὸν
662 1659 945 1731 μονογενῆ,
975 1660 1301 1732 γεννηθέντα
1344 1662 1444 1713 οὐκ
1474 1662 1539 1714 ὲκ
1580 1659 1673 1714 τοῦ
1724 1661 1799 1732 μὴ

1902 475 2051 530 dium
2106 473 2359 530 obtinens
2412 474 2691 546 unigenita
2745 483 2941 532 natura
3001 476 3094 533 Dei
3155 477 3313 535 Verbi
3372 497 3470 552 per

1900 578 2063 633 quam
2098 561 2257 619 Pater
2290 565 2546 620 universa
2592 565 2834 620 condidit
2880 583 2944 622 ex
2995 566 3166 625 nihilo
3191 612 3206 635 ,
3241 585 3307 626 ex
3350 570 3470 641 ipso

1900 669 2031 709 vero
2058 652 2218 711 Patre
2244 657 2527 726 progenita
2556 667 2657 713 est.
2691 657 2845 714 Sicut
2889 660 3007 730 ipse
3033 658 3294 717 Dominus
3332 678 3471 733 quo-

1902 744 2024 799 dam
2052 746 2172 802 loco
2196 754 2428 804 testatus
2460 758 2544 805 est
2569 750 2655 806 his
2684 752 2865 808 verbis
2891 753 2937 784 ’³
2970 768 2983 806 :
3021 752 3127 819 Qui
3157 753 3330 826 diligit
3361 754 3471 810 Pa-

1903 844 2055 899 trem,
2085 836 2261 907 diligit
2293 838 2454 891 etiam
2486 837 2688 893 Filium
2723 842 2812 911 qui
2856 858 2920 896 ea:
2947 860 3005 898 eo
3031 845 3235 914 genitus
3263 857 3363 901 est.

1974 926 2088 984 XII.
2131 928 2207 984 De
2235 931 2433 1001 quibus
2455 947 2556 988 nos
2592 932 2668 987 ita
2692 934 2987 1002 credimus,
3014 937 3471 1008 quemadmodum

1902 1021 2197 1088 apostolica
2233 1022 2400 1078 sentit
2434 1021 2677 1080 Ecclesia
2707 1046 2719 1080 :
2752 1024 2812 1081 In
2850 1044 3017 1082 unum
3046 1030 3345 1102 ingenitum
3367 1031 3473 1086 Pa--

1901 1120 2057 1181 trem,
2091 1114 2183 1184 qui
2213 1130 2243 1168 a
2288 1116 2438 1171 nullo
2469 1131 2692 1173 causam
2718 1119 2877 1176 habet
2905 1122 3156 1177 essentiae
3188 1138 3300 1179 suae
3328 1142 3340 1177 :
3372 1139 3471 1180 nec

1901 1205 2245 1260 conversioni
2276 1206 2579 1261 obnoxium
2608 1223 2709 1263 nec
2748 1211 3072 1278 mutationi,
3118 1212 3211 1283 qui
3257 1228 3471 1283 semper

1901 1296 2091 1353 eodem
2128 1298 2291 1353 modo
2320 1314 2380 1355 se
2414 1300 2598 1365 habet,
2625 1316 2725 1357 nec
2770 1303 3071 1373 profectum
3107 1321 3207 1361 nec
3233 1306 3471 1361 diminu-

1900 1388 2104 1444 tionem
2138 1389 2373 1445 admittit
2399 1411 2411 1446 :
2448 1394 2540 1463 qui
2570 1391 2765 1465 Legem
2795 1402 2848 1451 et
2876 1394 3175 1466 Prophetas
3211 1406 3263 1452 et
3294 1397 3472 1453 Evan—

1901 1479 2038 1548 gelia
2068 1478 2226 1534 nobis
2263 1480 2444 1536 dedit:
2479 1483 2572 1552 qui
2605 1482 2868 1539 Dominus
2918 1495 3001 1541 est
3038 1488 3467 1557 patriarcharum

1901 1578 1955 1625 et
1989 1573 2360 1642 apostolorum
2391 1583 2816 1646 sanctorumque
2841 1577 3104 1632 omnium.
3133 1577 3199 1633 Et
3222 1580 3278 1633 in
3300 1596 3469 1634 unum

1908 1651 2195 1718 Dominum
2229 1662 2414 1720 Jesum
2439 1664 2740 1733 Christum,
2759 1666 2957 1723 Filium
2982 1667 3075 1723 Dei
3105 1670 3473 1739 unigenitum:

220 1748 395 1815 ὀντος,
424 1749 536 1803 ἀλλ’
554 1751 635 1803 νὲκ
654 1751 747 1804 τοῦ
768 1751 918 1815 ὄντος
941 1752 1174 1823 Πατρὸς,
1203 1753 1262 1805 οὑ
1287 1751 1428 1806 κατά
1448 1752 1546 1816 τὰς
1572 1752 1677 1807 τῶν
1702 1770 1796 1806 σωο

1909 1770 2007 1810 non
2038 1771 2106 1811 ex
2142 1756 2317 1811 nihilo
2346 1758 2591 1829 genitum
2617 1800 2631 1824 ,
2683 1759 2779 1816 sed
2816 1776 2882 1817 ex
2908 1776 2974 1816 eo
3004 1761 3097 1832 qui
3147 1760 3307 1818 Pater
3345 1769 3471 1830 est;

226 1840 414 1912 μάτων
446 1841 789 1912 ὁμοιότητας,
810 1845 931 1906 ταῖς
956 1846 1148 1914 τομαῖς
1179 1843 1211 1915 ἢ
1243 1846 1362 1907 ταῖς
1393 1845 1456 1896 ὲκ
1485 1843 1797 1915 διαιρέσεων

220 1932 561 2005 ἀποῤῥοίαις,
606 1932 793 2002 ὥσπερ
832 1935 1104 2005 magna?
1128 1935 1239 1996 ,καὶ
1285 1935 1584 2006 Βαλεντίνῳ
1630 1936 1793 1989 δοκεῖ·

220 2026 338 2079 ἀλλ’
364 2027 617 2099 ἀρῤήτως
649 2029 744 2081 καὶ
782 2028 1209 2100 ἀνεκδιηγήτως,
1243 2029 1381 2083 κατὰ
1425 2030 1515 2081 τὸν
1552 2030 1797 2096 εἰπόντα,

220 2118 297 2182 ὥς
334 2119 594 2192 ἀνωτέρω
630 2120 1040 2193 παρεθήκαμεν,
1090 2121 1209 2190 Τὴν
1247 2122 1461 2190 γενεὰν
1493 2122 1678 2177 αὐτοῦ
1710 2124 1800 2189 τίς

220 2209 608 2283 διητήσεται;
649 2213 762 2284 Τῆς
805 2214 1154 2278 ὑποστάσεως
1195 2213 1358 2268 αὑτοῦ
1399 2216 1549 2288 πάσῃ
1580 2217 1645 2286 τῇ
1679 2232 1801 2283 γεν-

224 2307 357 2376 νητῇ
391 2304 548 2373 φύσει
571 2303 684 2376 (54)
713 2305 1147 2377 ἀπερωργάστου
1187 2305 1576 2377 τυγχανούσης,
1618 2304 1800 2385 καθῲς

221 2397 318 2450 καὶ
361 2397 525 2462 αὐτὸς
564 2400 593 2451 ὁ
638 2399 827 2470 Πατὴρ
870 2399 1300 2471 ἀπεριέργαστός
1339 2402 1474 2466 ἐστι,
1508 2401 1595 2455 διὰ
1631 2401 1691 2455 τὸ
1726 2402 1799 2474 μὴ

224 2491 423 2561 χωρεῖν
450 2490 549 2560 τὴν
571 2490 680 2543 τῶν
714 2489 948 2560 λογικῶν
979 2493 1159 2562 φύσιν,
1192 2494 1291 2565 τῆς
1320 2494 1595 2565 πατρικῆς
1625 2494 1804 2563 θεογο-

225 2578 341 2644 νίας
366 2580 464 2652 τὴν
495 2581 718 2652 εἴδησιν·
754 2568 897 2654 ἅπερ
937 2584 996 2637 οὐ
1040 2586 1167 2655 παρ’
1197 2584 1330 2655 ἐμοῦ
1360 2584 1441 2641 δεῖ,
1483 2584 1673 2657 μαθεῖν
1712 2585 1803 2640 ἄν·

224 2672 357 2744 δρας
401 2673 479 2745 τῷ
516 2673 617 2745 τῆς
652 2673 910 2745 ἀληθείας
948 2676 1228 2748 πνεύματι
1261 2678 1628 2749 κινουμένους,
1660 2680 1802 2750 ὑπη-

223 2761 427 2833 χούσης
458 2764 607 2833 ἡμᾶς
635 2764 726 2816 καὶ
752 2764 851 2835 τῆς
879 2764 1162 2837 φθασάσης
1190 2766 1427 2837 Χριστοῦ
1459 2768 1584 2838 περὶ
1612 2767 1801 2820 τούτου

226 2855 413 2926 φωνῆς
459 2856 556 2910 καὶ
608 2856 985 2929 διδασκούσης·
1038 2859 1248 2925 Οὐδεὶς
1289 2856 1412 2913 οἶδε
1453 2861 1543 2926 τίς
1581 2860 1805 2914 ἐστινό

227 2945 451 3015 Πατὴρ,
488 2949 541 3001 εὶ
570 2948 656 3015 μὴ
689 2951 723 3002 ό
762 2949 913 3015 Υἱός·
941 2949 1038 3003 καὶ
1068 2950 1267 3016 οὐδεὶς
1299 2945 1422 3003 οἶδε
1452 2951 1543 3017 τίς
1575 2950 1745 3004 ἐστιν
1773 2953 1805 3004 ὁ

235 3036 391 3103 Υἱὸς,
425 3041 476 3091 εὶ
509 3037 594 3107 μὴ
625 3041 658 3092 ό
690 3039 913 3107 Πατήρ.
960 3040 1262 3111 ’Λτρεπτον
1294 3041 1480 3094 τοῦτον
1522 3042 1615 3094 καὶ
1643 3040 1804 3095 ἀναλ-

227 3128 449 3183 λοίωτον
476 3128 552 3194 ὡς
581 3129 672 3184 τὸν
700 3129 944 3203 Πατέρα,
980 3132 1276 3203 ἀπροσδεῆ,
1308 3134 1401 3186 καὶ
1427 3133 1627 3186 τέλειον
1657 3132 1804 3198 Υἱὸν,

229 3222 443 3294 ἐμφερῆ
478 3221 556 3294 τῷ
581 3223 757 3296 Πατρὶ
793 3223 1212 3297 μεμαθήκαμεν,
1243 3226 1386 3297 μόνῳ
1422 3225 1499 3297 τῷ
1532 3227 1808 3298 ἀγεννήτῳ

230 3311 551 3383 λειπόμενον
577 3314 806 3367 ἐκείνου.
840 3315 1016 3368 Εἰκὼν
1043 3318 1149 3384 γάρ
1178 3318 1324 3368 ἐστιν
1352 3315 1805 3387 ἀπηκριϐωμένη,

234 3402 328 3457 διαὶ
355 3403 771 3473 ἀπαράλλακτος
795 3404 887 3458 τοῦ
914 3406 1146 3477 Πατρός.
1177 3406 1401 3461 Πάντων
1425 3407 1532 3478 γὰρ
1554 3401 1807 3479 εἶναιτὴν

230 3496 419 3551 εἰκόνα
443 3498 554 3569 (55)
580 3498 782 3570 πλήρη,
824 3499 891 3552 δι’
929 3492 1004 3554 ὧν
1039 3501 1073 3571 ἡ
1109 3500 1310 3570 μείζων
1333 3488 1600 3571 ἐμφέρεια
1627 3500 1806 3570 δῆλον,

230 3590 308 3654 ὡς
341 3590 507 3653 αὐτὸς
537 3589 851 3644 ἐπαίδευσεν
883 3594 911 3644 ὀ
943 3591 1164 3663 Κύριος·
1217 3593 1272 3646 '0
1311 3592 1512 3662 Πατήρ
1538 3600 1687 3663 μου,·
1724 3593 1809 3647 λέ-

232 3698 368 3749 γων,
399 3681 611 3750 μείζων
639 3701 761 3753 μου
800 3683 950 3738 ἐστί.
981 3685 1092 3738 Καὶ
1119 3684 1278 3753 κατὰ,
1299 3685 1455 3738 τοῦτο
1494 3686 1587 3739 καὶ
1624 3686 1684 3739 τὸ
1722 3685 1810 3740 ἀεὶ⁴

231 3769 374 3828 εἶναι
400 3773 491 3828 τὸν
520 3775 648 3830 Υίὸν
679 3778 744 3829 ἐκ
768 3777 862 3830 τοῦ
886 3777 1100 3852 Πατρὸς
1131 3777 1481 3848 πιστεύομεν.
1524 3779 1808 3847 Ἁπαύγα-

231 3879 359 3933 σμα
400 3865 507 3937 γάρ
544 3866 677 3920 ἐστι
713 3866 826 3936 τῆς
862 3867 1068 3936 δόξης,
1108 3869 1204 3923 καὶ
1235 3868 1541 3939 χαρακτὴρ
1570 3868 1679 3937 τῆς
1706 3886 1810 3922 πα-

239 3957 430 4029 τρικῆς
450 3958 859 4027 ὑποστάσεως.
900 3961 1059 4015 Ἀλλά
1084 3962 1158 4032 μή
1182 3978 1267 4026 τις
1299 3961 1361 4014 τὸ
1392 3961 1484 4016 ἀεὶ
1512 3960 1648 4033 πρὸς
1679 3960 1809 4013 ὑπό-

238 4066 387 4105 νοιαν
427 4050 747 4122 Ἀγεννήτου
775 4051 1116 4123 λαμϐανέτω,
1153 4052 1229 4116 ὡς
1248 4050 1448 4106 οίονται
1468 4054 1516 4105 oi
1539 4052 1607 4105 τά
1630 4050 1809 4121 ψυχῆς

236 4141 566 4213 αἰσθητήρια
608 4143 1016 4216 πεπηρωμένοι.
1065 4142 1200 4197 Οῦτε
1231 4144 1339 4215 γὰρ
1371 4144 1432 4197 τὸ
1455 4141 1553 4214 ἦν,
1597 4141 1723 4223 οὔτε
1749 4143 1808 4195 τὸ

234 4233 352 4297 ἀεὶ,
377 4233 509 4292 οὔτε·
526 4234 586 4288 τὸ
613 4234 724 4303 πρὸ
748 4234 995 4299 αἰώνων,
1026 4235 1220 4289 ταύτόν
1240 4236 1355 4289 ἐστι
1377 4235 1455 4306 τῷ
1488 4236 1807 4307 Ἀγεννήτῳ.

246 4322 389 4376 Ἀλλ’
420 4324 529 4377 οὐδ’
568 4323 743 4380 ὁτιοῦν
789 4325 1086 4397 ἀνθρώπων
1137 4326 1311 4380 ἔννοια
1357 4327 1810 4399 ὀνοματοποιῆσαι

1900 1862 2009 1903 non
2037 1862 2326 1918 corporum
2359 1865 2548 1915 more,
2598 1867 2694 1920 per
2739 1852 3034 1910 incisiones
3089 1861 3183 1909 aut
3226 1852 3473 1909 deﬂuxus

1900 1939 2254 2004 divisionum,
2289 1942 2745 2013 quemadmodum
2784 1941 3021 1999 Sabellio
3047 1944 3263 1998 videtur
3294 1952 3349 2000 et
3369 1942 3473 1999 Va-

1900 2031 2137 2098 lentino,
2190 2032 2284 2087 sed
2343 2032 2711 2104 inexplicabili
2749 2041 2801 2090 et
2846 2035 3200 2092 inenarrabili
3236 2037 3471 2108 quodam

1901 2124 2086 2192 modo,
2128 2124 2284 2194 juxta
2318 2125 2595 2197 prophetae
2625 2126 2788 2181 verba
2829 2126 2876 2158 ³ο
2911 2143 3031 2198 qua:
3080 2144 3247 2198 supra
3282 2131 3475 2185 retuli-

1902 2231 2068 2272 mus:
2105 2216 2499 2271 Generationem
2559 2216 2671 2287 ejus
2734 2219 2849 2288 quis
2903 2219 3216 2274 enarrabit?
3267 2219 3475 2290 Quippe

1902 2322 2025 2362 cum
2058 2308 2178 2377 ejus
2203 2307 2612 2363 subsistentiam
2652 2308 2798 2362 nulla
2834 2309 3080 2364 mortalis
3108 2317 3305 2363 natura
3348 2325 3473 2380 per-

1902 2399 2170 2469 vestigare
2195 2398 2389 2469 possit,
2415 2398 2557 2454 sicut
2591 2414 2691 2454 nec
2720 2397 2880 2453 Pater
2910 2399 2979 2453 ab
3012 2398 3121 2453 ullo
3160 2398 3474 2470 investigari

1902 2492 2121 2556 potest;
2162 2493 2449 2556 propterea
2503 2487 2650 2558 quod
2695 2488 2977 2543 rationalis
3011 2495 3203 2543 natura
3253 2489 3474 2544 modum

1903 2578 2099 2633 divinat:
2129 2579 2277 2635 illius
2301 2594 2368 2635 ex
2387 2578 2548 2636 Patre
2580 2581 2947 2652 generationis
2978 2582 3256 2653 percipere
3295 2579 3476 2638 haud-

1904 2686 2178 2743 quaquam
2212 2673 2373 2727 valet.
2406 2670 2607 2727 Verum
2642 2673 2892 2730 homines
2920 2673 3014 2743 qui
3046 2671 3251 2744 Spiritu
3274 2675 3476 2729 verita-

1906 2765 1976 2820 tis
2010 2774 2324 2832 moventur,
2367 2780 2477 2821 non
2527 2779 2664 2835 opus
2695 2764 2898 2821 habent
2927 2766 3031 2821 ista
3060 2781 3088 2819 a
3119 2782 3205 2821 me
3231 2766 3476 2834 discere,

1906 2873 2029 2911 cum
2065 2857 2289 2912 auribus
2333 2856 2539 2914 nostris
2600 2857 2855 2913 insonent
2890 2859 3050 2931 verba
3099 2859 3208 2928 jam
3267 2861 3393 2915 olim
3447 2877 3477 2914 a

1906 2946 2125 3003 Christo
2153 2947 2257 3002 hac
2284 2948 2351 3003 de
2373 2963 2432 3004 re
2467 2948 2701 3019 prolata,
2726 2964 2936 3019 nosque
2964 2950 3039 3004 ita
3065 2951 3293 3006 doceant
3317 2970 3330 3007 :
3369 2949 3480 3005 Ne-

1908 3055 1992 3092 mo
2026 3040 2166 3093 norit
2197 3039 2414 3093 Patrem
2443 3041 2550 3094 nisi
2580 3039 2777 3108 Filius,
2808 3054 2856 3096 et
2884 3059 3030 3097 nemo
3062 3044 3202 3097 novit
3244 3044 3360 3114 quis
3409 3044 3479 3097 sit

1910 3128 2085 3184 Filius
2116 3131 2219 3184 nisi
2255 3129 2415 3184 Pater
2453 3130 2517 3187 ³¹.
2554 3129 2711 3186 Hunc
2739 3133 3113 3188 conversionis
3142 3148 3206 3187 ac
3233 3135 3481 3189 mutatio-

1909 3226 1996 3278 nis
2023 3231 2299 3293 expertem
2336 3222 2562 3292 perinde
2589 3236 2651 3278 ac
2688 3223 2926 3290 Patrem,
2959 3225 3163 3281 nullius
3209 3233 3478 3295 egentem,

1908 3325 1961 3368 et
1994 3313 2291 3383 perfectum
2314 3312 2532 3379 Filium,
2557 3312 2842 3384 Patrisque
2873 3316 3101 3372 similem
3127 3332 3249 3372 esse
3276 3316 3475 3371 didieir

1909 3420 2051 3470 mus,
2084 3406 2188 3460 hoc
2221 3406 2338 3462 solo
2362 3406 2676 3461 inferiorem
2697 3405 2876 3474 Patre,
2902 3407 3049 3477 quod
3084 3408 3480 3479 ingenitus-non

1907 3505 2007 3553 est.
2047 3497 2142 3554 Est
2162 3498 2308 3554 enim
2347 3498 2525 3571 imago
2556 3497 2734 3553 Patris
2765 3499 3116 3555 exactissima
3144 3508 3199 3556 et
3239 3500 3294 3555 in
3327 3501 3478 3556 nullo

1909 3588 2246 3662 discrepans.
2275 3591 2486 3662 Quippe
2514 3592 2703 3662 liquet,
2736 3607 2859 3647 eum
2894 3593 3187 3663 imaginem
3209 3609 3331 3650 esse
3362 3594 3475 3664 ple-

1910 3696 1978 3734 ne
2007 3684 2189 3735 omnia
2220 3682 2611 3747 continentem,
2639 3682 2839 3753 quibus
2895 3684 3131 3737 maxima
3182 3683 3482 3740 similitudo

1910 3771 2251 3837 declaratur,
2283 3772 2426 3829 sicut
2467 3775 2584 3843 ipse
2608 3773 2871 3829 Dominus
2918 3773 3139 3840 docuit,
3191 3790 3315 3830 cum
3358 3776 3479 3831 ait:

1912 3863 2074 3917 Pater
2103 3864 2276 3934 major
2309 3882 2387 3919 me
2414 3874 2491 3919 est
2517 3865 2581 3919 ³².
2632 3863 2698 3919 Et
2750 3866 3048 3922 secundum
3094 3865 3198 3921 hoc
3224 3864 3420 3921 Filium
3452 3882 3484 3923 e

1910 3953 2072 4010 Patre
2098 3971 2312 4026 semper
2342 3956 2609 4013 exsistere
2642 3957 2940 4014 credimus.
2972 3955 3071 4012 Est
3121 3959 3268 4014 enim
3310 3958 3485 4028 splen-

1910 4048 2008 4103 dor
2030 4057 2268 4120 paternae
2294 4049 2497 4121 gloriw,
2527 4061 2576 4106 et
2598 4052 2773 4123 ﬁgura
2798 4051 3109 4107 substantia:
3136 4052 3248 4122 ejus
3274 4051 3340 4106 ³³.
3375 4049 3482 4107 Sed

1913 4157 2073 4196 nemo
2123 4157 2245 4197 eam
2296 4157 2484 4198 vocem
2538 4160 2739 4213 semper
2783 4143 2849 4199 ad
2883 4143 3249 4214 suspicionem
3303 4142 3485 4198 trahat

1913 4231 2166 4302 lngeniti,
2203 4231 2344 4287 sicut
2375 4233 2689 4289 existimant
2730 4234 2768 4288 ii
2821 4234 2916 4304 qui
2958 4249 3157 4290 sensus
3187 4233 3354 4288 animi
3386 4233 3487 4290 ob-

1914 4332 2143 4379 caecatos
2173 4324 2394 4381 habent.
2433 4324 2567 4378 Nam
2610 4340 2712 4379 nec
2751 4325 2977 4381 verbum
3009 4333 3151 4388 erat,
3213 4338 3313 4378 nec
3345 4339 3486 4379 sem—

236 4416 550 4482 σπουδάσει,
582 4417 730 4488 δηλοῖ
759 4417 820 4471 τὸ
858 4411 1171 4489 ἀγέννητον.
1214 4418 1302 4482 Ὠς
1342 4421 1435 4473 καὶ
1467 4421 1610 4491 ὑμᾶς
1641 4420 1804 4485 οὕτως

1914 4430 2022 4482 per,
2050 4430 2150 4470 nec
2174 4426 2296 4470 ante
2320 4415 2517 4470 swcuta
2550 4416 2692 4471 idem
2725 4422 2810 4471 est
2839 4415 2985 4486 quod
3014 4414 3340 4485 lngenitum.
3373 4413 3482 4470 Sed

236 4506 556 4577 ἐκδέχεσθαι
583 4508 845 4575 πιστεύω,
879 4510 975 4564 καὶ
1010 4510 1325 4582 τεθάρῤηκα
1352 4513 1419 4582 τῇ
1443 4512 1570 4583 περὶ
1591 4512 1804 4565 πάντων

1917 4522 2091 4577 neque
2125 4505 2272 4561 aliud
2318 4506 2487 4560 ullum
2521 4505 2847 4561 vocabulum
2885 4503 3120 4559 humana
3151 4519 3305 4559 mens
3335 4516 3487 4557 com-

236 4596 392 4668 ὗμῶν
425 4596 558 4670 ὀρθῇ
596 4598 867 4670 προθέσει,
914 4599 1056 4653 κατά
1103 4600 1305 4672 μηδένα
1358 4601 1558 4672 τρόπον
1606 4602 1811 4658 τούτων

241 4686 343 4742 τῶν
389 4687 668 4757 ὀνομάτων
710 4688 772 4742 τὸ
808 4689 1098 4759 ἀγέννητον
1128 4687 1445 4760 δηλούντων.
1489 4691 1670 4745 Ἔοικε
1704 4691 1811 4762 γὰρ

319 4844 368 4876 υ
386 4836 589 4894 Noun.
605 4839 725 4905 νβ.

236 5010 496 5079 naturam
526 5004 885 5079 unigenitam,
919 5021 1033 5079 non
1063 5007 1209 5079 quod
1230 5007 1563 5079 gUnigenitus
1592 5006 1818 5063 inferior

234 5071 505 5147 sitPatre,
529 5071 785 5146 sedquod
804 5092 901 5147 per
914 5071 1279 5147 illum'omnia
1302 5071 1431 5133 facit
1450 5078 1630 5142 Pater,
1665 5086 1723 5131 ut
1741 5080 1817 5132 ait

233 5142 478 5219 {cannes
510 5141 864 5219 evangelista.
912 5146 1068 5204 Unde
1094 5148 1160 5201 δι’
1178 5141 1254 5219 Δοὗ
1296 5149 1517 5219 proprie
1554 5141 1818 5219 tribuitur

236 5211 402 5274 Filio,
452 5211 915 5282 quemadmodum
970 5226 1127 5273 notat
1174 5211 1415 5275 Basilius
1461 5220 1516 5273 in
1558 5218 1698 5273 libro
1741 5218 1816 5273 De

236 5282 449 5351 Spiritu
479 5296 682 5342 sancto.

307 5353 635 5427 (atthica
680 5355 755 5427 τῇ
799 5356 1059 5426 γεννητῇ
1102 5359 1301 5427 φύσει.
1353 5358 1533 5412 Malim
1577 5357 1817 5414 scribere

235 5426 464 5502 Iamcf],
495 5426 955 5502 quemadmodum
988 5426 1184 5498 legisse
1206 5429 1420 5502 videtur
1450 5428 1806 5502 Epiphanius.

239 5491 605 5567 Vetjitbnipt,
627 5498 768 5551 omni
782 5507 972 5567 creatq:
994 5491 1199 5552 mitam:
1218 5491 1683 5567 imperscriitdbili,
1701 5505 1806 5553 etc.

311 5563 425 5637 (55)
462 5563 712 5621 Πάντων
752 5568 862 5637 γὰρ
902 5564 1054 5622 εἶναι
1090 5568 1206 5636 τὴν
1248 5563 1469 5624 εἰκόνα.
1516 5569 1574 5624 ln
1623 5568 1811 5624 codice

241 5630 525 5689 Saviliano
555 5645 609 5690 et
645 5636 700 5690 in
738 5630 977 5694 editione
1010 5630 1297 5694 Dasil'iensi
1329 5642 1556 5695 verbum
1579 5640 1808 5693 interse-

240 5703 385 5759 ritur
422 5704 527 5762 hoc
556 5708 738 5774 modo,
790 5709 1002 5764 πάντων
1036 5709 1143 5782 γὰρ
1186 5705 1323 5764 εἶναι
1372 5709 1450 5763 δεῖ
1492 5709 1589 5781 τὴν
1629 5710 1810 5763 εἰκόνα

1918 4598 2133 4653 minisci
2169 4606 2347 4669 potest
2372 4597 2518 4669 quod
2546 4597 2815 4669 signiticet
2844 4598 3163 4669 ingenitum.
3209 4597 3385 4667 Atque
3408 4596 3487 4650 ita

1917 4708 2015 4747 vos
2047 4692 2347 4764 intelligere
2379 4692 2579 4758 credo,
2632 4704 2921 4762 vestroque
2990 4692 3046 4746 in
3094 4691 3350 4746 omnibus
3400 4705 3490 4746 re-

812 4842 857 4874 ³⁰
885 4842 996 4898 Iaa.
1023 4846 1214 4909 Ltn,8.
1291 4847 1332 4878 "
1366 4845 1564 4903 Matth.
1597 4864 1671 4912 ιιι,
1700 4847 1788 4902 27.
1870 4850 1913 4881 ³²
1947 4847 2109 4903 Joan.
2137 4860 2246 4914 xw,
2271 4848 2360 4904 28.
2440 4849 2482 4880 ³³
2518 4847 2677 4903 Hebr.
2716 4865 2755 4913 ι,
2793 4849 2845 4902 5.

1923 5013 2127 5084 πλήρη.
2159 5012 2332 5084 Atque
2362 5013 2434 5066 ita
2462 5014 2657 5083 legisse
2692 5011 2907 5067 videtur
2943 5010 3281 5084 Epiphanius
3314 5007 3488 5064 Sebo-

1921 5081 2166 5161 lasticus.
2200 5081 2291 5161 Sic
2316 5084 2458 5138 enim
2491 5081 2673 5147 vet‘tit,
2721 5092 2772 5137 et
2805 5081 3015 5136 omnino
3048 5082 3485 5161 imqginemncon-l

1921 5155 2056 5208 venit
2084 5168 2195 5223 esse
2228 5154 2440 5221 ‘plenam
2474 5171 2679 5221 eorum,
2717 5170 2808 5223 per
2839 5169 2956 5223 qua:
2986 5169 3091 5223 non
3110 5150 3488 5223 desitaliquid

1922 5223 1987 5277 ab
2027 5220 2329 5293 aequalitate
2354 5223 2467 5294 ejus
2497 5224 2647 5293 cujus
2666 5220 2861 5294 imago
2886 5232 2984 5294 est.
3020 5221 3126 5294 Sed
3156 5230 3208 5278 et
3234 5220 3487 5294 ChriSto—

1921 5292 2230 5363 phors’onus
2269 5292 2514 5364 eamdem
2546 5292 2874 5364 scripturam
2918 5292 2972 5346 in
3008 5293 3163 5349 libris
3191 5292 3314 5364 suis
3334 5307 3489 5362 repe-

1920 5362 2088 5424 rerat,
2121 5364 2226 5418 nisi
2254 5363 2400 5433 quod
2421 5362 2530 5416 δεῖν
2552 5364 2606 5418 in
2629 5362 2738 5420 illis
2758 5364 3163 5433 exemplaribus
3186 5363 3485 5433 legebatur,

1917 5435 2113 5489 melius
2136 5433 2386 5504 fortasse.
2421 5433 2676 5490 Refertur
2700 5438 2843 5490 enim
2870 5434 2936 5488 ad
2967 5450 3153 5489 vocem
3182 5433 3340 5503 δῆλον
3369 5450 3489 5504 quae

1919 5504 2185 5576 sequitur.
2221 5503 2376 5576 Quod
2412 5507 2457 5560 si
2488 5505 2567 5557 δεῖ
2597 5505 2772 5576 legere
2801 5506 3078 5571 malimus,
3107 5512 3222 5576 tum
3245 5503 3460 5576 scribet)

1918 5575 2047 5629 dum
2086 5576 2191 5630 erit
2215 5574 2488 5645 δηλοῦται,
2523 5584 2579 5631 ιιι
2604 5574 2799 5646 legitur
2827 5577 2882 5631 in
2905 5576 3092 5631 codice
3120 5574 3320 5632 Leonis
3351 5575 3496 5629 Alla-

1919 5647 2000 5712 tii,
2040 5661 2137 5716 pro
2154 5646 2341 5719 δῆλον.
