3850 6160
437 237 541 298 56⁸1

1549 229 1607 283 s.
1645 227 2044 283 ALEXAND!“
2084 207 2550 283 ALEXANDBINI

3574 216 3680 281 568

438 356 527 403 cto
571 345 826 404 consilio‘
851 360 916 405 ac
961 344 1242 416 proposito
1293 342 1528 408 conﬁdo,
1567 343 1970 414 quandoquidet

2104 343 2266 396 οἱονεὶ
2307 341 2514 412 χρόνων
2552 334 2692 393 εἶναι
2741 339 3076 410 παρέκτασις
3106 336 3277 392 ταῦτα
3317 337 3384 392 τὰ
3419 339 3676 411 ὀνόματα,

437 446 553 501 haec
573 442 741 497 verba
767 440 1082 495 nullatenus
1105 437 1405 510 ingenitum
1435 436 1760 509 signiﬁcant.
1794 435 2005 492 Etenim

434 536 552 591 haec
577 534 742 589 verba
765 532 902 586 nihil
929 530 1076 586 aliud
1104 531 1358 586 videntur
1399 544 1524 586 esse
1549 544 1712 599 quam
1743 529 2006 600 temporis

438 626 723 696 productio
757 645 771 682 :
809 625 904 682 sed
935 623 1274 679 divinitatem
1300 662 1316 689 ,
1346 629 1401 678 et
1429 622 1587 694 quasi
1631 622 2006 693 antiquitatem

437 716 710 788 Unigeniti
739 732 838 789 pro
869 716 1132 789 dignitate
1172 715 1480 785 exprimere
1523 729 1633 768 non
1660 724 1892 786 possunt
1923 734 1937 770 :
1973 730 2005 769 a

435 810 637 865 sanctis
671 816 852 864 autem
884 807 1020 863 viris
1050 807 1260 877 prolata
1285 812 1444 872 sunt,
1478 805 1608 860 dum
1653 806 1851 876 singuli
1900 806 2004 862 hoc

433 901 744 972 mysterium
777 915 877 972 pro
902 909 1066 971 captu
1113 915 1212 954 suo
1244 899 1493 954 nituntur
1535 899 1868 970 exprimere,
1912 915 2004 954 ve-

432 991 576 1045 niam
602 999 846 1062 petentes
882 991 950 1046 ab
977 991 1342 1055 auditoribus,
1374 1005 1496 1046 cum
1527 991 1676 1061 justa
1711 1006 1774 1046 ac
1805 991 2005 1061 proha-

430 1082 521 1137 bili
551 1083 905 1138 excusatione
949 1082 1218 1139 dicendo:
1257 1081 1376 1137 Huc
1433 1098 1606 1153 usque
1655 1083 1998 1153 pertigimus.

396 1173 578 1242 ~Quod
611 1174 654 1229 si
685 1175 776 1245 qui
828 1183 986 1236 sunt,
1028 1175 1120 1245 qui
1169 1174 1237 1229 ab
1290 1190 1384 1231 ore
1440 1175 1656 1230 mortali
1683 1190 1869 1249 vocem
1903 1177 2001 1230 ali-

426 1279 587 1334 quam
614 1274 931 1336 exspectent
961 1268 1396 1338 praestantiorem
1432 1267 1672 1321 humano
1700 1282 1863 1324 sensu
1906 1284 2000 1324 ca-

425 1362 647 1424 ptuque,
675 1359 877 1412 abolita
903 1374 1048 1424 esse,
1067 1358 1331 1425 dicentes,
1351 1373 1416 1414 ea
1444 1374 1565 1429 quae
1593 1358 1728 1429 ipsis
1754 1375 1819 1416 ex
1844 1369 1999 1431 parte

423 1455 551 1501 sunt
579 1450 832 1520 cognita;
880 1451 1042 1523 longe
1102 1450 1346 1522 profecto
1382 1451 1612 1507 inferius
1651 1460 1736 1507 est
1779 1453 1997 1508 illorum

421 1553 517 1608 spe
545 1547 708 1610 atque
735 1545 1144 1613 exspectatione
1185 1544 1410 1599 verbum
1441 1555 1578 1607 erat,
1612 1551 1666 1598 et
1696 1561 1916 1615 semper,
1943 1554 1996 1600 et

420 1638 540 1684 ante
575 1632 791 1687 swcula.
833 1632 897 1686 Et
927 1634 1192 1706 quidquid
1219 1634 1436 1691 tandem
1486 1637 1757 1706 prolatum
1786 1635 1990 1703 fuerit,

2108 435 2208 506 τὴν
2240 434 2422 505 μέντοι
2455 433 2575 486 κατ’
2607 431 2763 499 ἀξίαν
2792 429 2886 485 τοῦ
2931 430 3268 500 Μονογενοῦς
3304 430 3549 502 θεότητα,
3585 433 3678 485 καὶ

2107 521 2218 580 οἷον
2239 525 2572 598 ἀρχαιότητα
2596 525 2878 597 σημαίνειν
2901 524 2976 596 μὴ
2997 524 3286 595 δυνάμενα·
3309 522 3414 577 τῶν
3432 523 3488 577 δὲ
3509 523 3676 592 ἁγίων

2105 619 2316 690 ἀνδρῶν
2357 619 2432 684 ὼς
2463 618 2691 689 δύναμις
2724 617 2939 688 ἑκάστῳ
2973 617 3269 688 ἐμφανίσαι
3295 615 3355 670 τὸ
3385 617 3677 688 μυστήριον

2108 709 2464 782 βιαζομένων,
2519 710 2612 764 καὶ
2659 708 2986 781 συγγνώμην
3034 705 3322 762 αἰτούντων
3371 704 3520 777 παρά
3567 705 3676 759 τῶν

2104 803 2390 875 ἀκροατῶν
2417 804 2485 857 δι’
2515 803 2737 874 εὐλόγου
2763 786 3078 872 ἀπολογίας,
3105 801 3330 874 (56).διὰ
3352 801 3445 855 τοῦ
3474 800 3670 870 λέγειν’

2103 897 2198 961 Είς
2232 895 2268 950 ἀ
2301 896 2636 968 ἐφθάσαμεν.
2673 896 2735 948 Εἰ
2764 896 2823 949 δέ
2850 913 2904 950 τι
2933 894 3083 967 παρὰ
3113 896 3175 948 τὸ
3202 892 3557 964 ἀνθρώπινον,
3586 892 3674 948 διὰ

2103 988 2326 1060 χειλέων
2359 988 2584 1061 φθέγμα
2609 987 2790 1060 μεῖζόν
2818 1005 2870 1042 τι
2901 986 3270 1062 προσδοκῶσιν
3292 987 3341 1040 oi
3369 985 3579 1058 ἄνδρες,
3605 985 3675 1039 τὰ

2103 1085 2168 1135 ἐκ
2194 1083 2392 1154 μέρους
2421 1081 2606 1146 αὐτοῖς
2635 1080 2999 1153 γνωρισθέντα
3027 1079 3137 1151 (37)
3174 1077 3562 1149 καταργεῖσθαι
3589 1077 3674 1131 λέ-

2100 1192 2308 1244 γοντες,
2343 1175 2499 1245 δῆλον
2545 1176 2627 1228 ὅτι
2669 1174 2802 1228 πολὺ
2836 1172 2929 1226 τοῦ
2959 1171 3306 1243 ἐλπιζομένου
3339 1170 3586 1224 λείπεται
3614 1170 3673 1224 τὸ

2100 1264 2199 1334 ἦν,
2233 1265 2329 1319 καὶ
2370 1266 2432 1318 τὸ
2465 1265 2576 1330 ἀεὶ,
2610 1266 2704 1320 καὶ
2745 1265 2808 1318 τὸ
2839 1265 2951 1333 πρὸ
2991 1265 3234 1319 αὶώνωιυ
3265 1264 3401 1334 ὅπερ
3435 1263 3478 1316 δ’
3514 1261 3580 1316 ἂν
3613 1258 3669 1336 ᾖ,

2097 1361 2198 1413 οὐκ
2225 1358 2340 1412 ἐστι
2365 1358 2560 1412 ταύτὸν
2586 1357 2664 1429 τῷ
2707 1359 3028 1430 Ἀγεννήτῳ.
3055 1354 3262 1410 Οὐκοῦν
3288 1355 3366 1426 τῷ
3392 1356 3488 1426 μὲν
3509 1355 3672 1423 ἀγεν-

2097 1453 2242 1524 νήτῳ
2274 1451 2468 1523 Πατρὶ,
2515 1454 2710 1505 οἰκεῖον
2743 1449 2958 1522 ἀξίωμα
2995 1448 3310 1518 φυλακτέον,
3344 1447 3546 1519 μηδένα
3571 1445 3668 1500 τοῦ

2097 1541 2231 1599 εἶναι
2265 1545 2413 1617 αὐτῷ
2436 1546 2530 1599 τὸν
2557 1544 2728 1598 αἴτιον
2747 1543 3021 1612 λέγοντας·
3049 1542 3127 1614 τῷ
3149 1543 3206 1596 δὲ
3234 1540 3344 1612 Υἰῷ
3363 1540 3462 1612 τὴν
3493 1539 3668 1611 ἁρμό-

2096 1634 2293 1700 ζουσαν
2327 1635 2491 1708 τιμὴν
2520 1635 2910 1706 ἀπονεμητέον,
2949 1634 3045 1706 τὴν
3068 1627 3304 1706 ’ἄναρχον
3337 1631 3485 1704 αὐτῷ
3515 1631 3669 1705 παρὰ

419 1739 528 1779 non
560 1725 704 1779 idem
750 1734 835 1782 est
875 1743 999 1782 cum
1055 1729 1320 1800 Ingenito.
1358 1728 1545 1798 Itaque
1591 1727 1739 1784 Patri
1772 1729 1970 1800 quiden

2095 1726 2186 1781 τοῦ
2231 1727 2443 1799 Πατρὺς
2491 1727 2742 1799 γέννησιν
2776 1726 3143 1790 ἀνατιθέντας,
3175 1727 3269 1778 καὶ
3304 1725 3380 1788 ὡς
3422 1723 3666 1793 ἐφθάσα-

415 1815 660 1885 ingenito
684 1819 960 1888 propriam
997 1818 1318 1890 dignitatem
1350 1835 1569 1876 servare
1601 1829 1835 1892 oportet,
1868 1821 1992 1876 nul-

415 1906 523 1961 lam
548 1923 672 1962 eum
707 1909 906 1966 habere
937 1911 1272 1968 exsistentiae
1305 1927 1417 1968 suae
1467 1927 1689 1970 causam
1734 1913 1992 1983 proﬁten-

412 1998 524 2054 do:
559 1997 698 2056 Filio
747 2018 875 2059 vero
915 2013 1231 2076 competens
1279 2006 1455 2062 honor
1504 2008 1823 2064 tribuendus
1870 2016 1986 2075 est,

411 2090 682 2163 principio
707 2106 983 2150 carentem
1015 2111 1081 2151 ex
1112 2097 1275 2152 Patre
1316 2099 1723 2170 generationem
1769 2102 1820 2157 ei
1850 2103 1991 2158 assi-

409 2183 648 2251 gnando,
681 2185 997 2257 cultumque
1053 2188 1126 2252 ei,
1155 2189 1297 2244 sicut
1352 2190 1610 2257 diximus,
1639 2192 1986 2262 exhibendo;

408 2272 481 2327 ita
520 2281 580 2327 ut
607 2277 984 2332 tantummodo
1005 2287 1141 2344 erat,
1175 2290 1228 2335 et
1256 2297 1476 2351 semper,
1519 2290 1574 2338 et
1603 2293 1725 2339 ante
1758 2285 1983 2353 secula,

402 2363 494 2434 pie
547 2379 612 2419 ac
655 2366 909 2436 religiose
958 2368 1026 2424 de
1064 2370 1158 2425 illo
1209 2370 1606 2442 praediccmus:
1640 2373 1984 2432 divinitatem

403 2455 624 2525 quidem
677 2458 798 2530 ejus
836 2476 1180 2534 nequaquam
1238 2464 1585 2535 rejicientes,
1633 2467 1729 2521 sed
1760 2469 1983 2540 imagini

402 2553 565 2618 atque
608 2552 905 2622 exemplari
937 2552 1116 2611 Patris
1159 2557 1577 2627 respondentem
1627 2559 1683 2613 in
1726 2561 1982 2618 omnibus

400 2640 813 2698 similitudinem
841 2646 891 2700 ei
943 2648 1303 2707 ascribentes.
1365 2649 1554 2706 Solum
1608 2667 1738 2709 vero
1770 2653 1982 2725 ingeni-

397 2740 514 2785 tum
547 2732 724 2790 Patris
751 2738 1032 2806 proprium
1090 2755 1212 2795 esse
1256 2741 1539 2807 dicamus,
1598 2758 1723 2798 cum
1758 2753 1812 2800 et
1863 2747 1980 2816 ipse

401 2821 659 2879 Servator
699 2826 899 2882 dixerit
947 2829 1034 2883 “z
1071 2829 1234 2885 Pater
1291 2833 1465 2903 major
1515 2851 1596 2890 me
1625 2844 1723 2891 est.
1773 2835 1978 2894 Praeter

398 2914 542 2968 hanc
573 2923 754 2970 autem
804 2919 949 2989 piam
1001 2921 1068 2977 de
1107 2921 1269 2978 Patre
1330 2932 1385 2980 et
1433 2924 1572 2982 Filio
1603 2930 1968 2995 sententiam,

397 3021 567 3060 unum
598 3007 822 3078 insuper
852 3008 1112 3080 Spiritum
1148 3023 1397 3071 sanctum
1419 3057 1434 3083 ,
1479 3025 1540 3072 ut
1587 3018 1784 3076 divinae
1819 3018 1969 3077 Scri-

397 3104 568 3167 pturae
600 3115 701 3155 nos
740 3101 956 3170 docent,
981 3105 1343 3176 conﬁtemur;
1374 3111 1467 3180 qui
1517 3120 1570 3166 et
1617 3121 1839 3170 sanctos
1867 3115 1967 3170 ho-

394 3191 572 3246 mines
598 3190 810 3252 Veteris
844 3193 1198 3263 Testamenti,
1233 3207 1286 3254 et
1313 3199 1526 3257 divinos
1547 3201 1798 3261 doctores
1845 3206 1965 3276 ejus

393 3281 538 3349 quod
569 3280 778 3338 Novum
810 3286 1133 3355 appellatur,
1165 3288 1462 3346 innovavit.
1498 3290 1670 3347 Unam
1701 3303 1963 3365 praeterea

391 3384 456 3424 ac
481 3373 653 3427 solam
676 3375 1021 3441 catholicam,
1056 3380 1419 3449 apostolicam
1470 3381 1806 3440 Ecclesiam:
1842 3402 1963 3457 qua;

389 3475 608 3533 semper
633 3465 849 3536 quidem
888 3468 1324 3539 inexpugnabilis
1354 3480 1438 3527 est
1461 3514 1476 3539 ,
1507 3474 1634 3529 licet
1669 3476 1960 3533 universus

387 3552 538 3610 orbis
573 3570 694 3611 eam
721 3567 1032 3630 oppugnet:
1065 3562 1262 3616 victrix
1304 3573 1482 3620 autem
1517 3573 1602 3621 est
1633 3568 1812 3622 omnis
1857 3569 1962 3622 im-

385 3643 489 3712 piae
538 3646 793 3703 factionis
849 3650 1268 3720 haereticorum,
1327 3657 1420 3726 qui
1473 3658 1735 3716 adversus
1788 3660 1959 3730 ipsam

384 3748 743 3808 consurgunt.
775 3742 985 3814 Quippe
1022 3744 1268 3814 Sponsus
1297 3748 1444 3804 illius
1477 3751 1690 3808 animos
1743 3760 1958 3809 nostros

384 3827 731 3885 conﬁrmavit
750 3832 833 3888 his
846 3835 1026 3891 verbis
1050 3854 1061 3888 :
1089 3835 1369 3908 Conﬁdite,
1384 3859 1477 3912 ego
1503 3844 1602 3897 vici
1622 3845 1872 3900 mundum
1889 3848 1953 3898 ³³.

384 3917 467 3972 Ad
527 3920 642 3977 haec
724 3927 976 3983 novimus
1053 3934 1509 3991 resurrectionem
1583 3945 1959 4008 mortuorum;

383 4009 542 4076 cujus
577 4013 828 4081 primitiae
849 4015 948 4072 fuit
980 4017 1241 4078 Dominus
1273 4032 1459 4082 noster
1489 4025 1651 4084 Jesus
1679 4029 1956 4096 Christus,

381 4101 476 4170 qui
506 4117 726 4160 carnem
765 4121 953 4164 revera
983 4113 1235 4180 gestavit,
1271 4131 1380 4171 non
1412 4118 1528 4172 sola
1568 4123 1768 4191 specie,
1806 4138 1957 4178 sum-

380 4197 530 4261 ptam
565 4209 628 4250 ex
658 4194 828 4252 Maria
858 4197 1087 4270 Deipara
1115 4225 1126 4258 :
1162 4207 1255 4274 qui
1288 4207 1343 4262 in
1375 4209 1480 4265 ﬁne
1507 4213 1853 4281 saeculorum,
1895 4225 1955 4270 ut

2096 1836 2216 1890 μεν,
2259 1818 2407 1892 αὐτῷ
2453 1819 2612 1883 σέϐας
2658 1819 3055 1890 ἀπονέμοντες,
3105 1818 3261 1889 μόνον
3292 1816 3530 1881 εὐσεϐῶς
3569 1818 3666 1873 καὶ

2092 1909 2352 1981 εὐφήμως
2377 1909 2442 1963 τὸ
2472 1906 2572 1980 ἦν,
2603 1909 2697 1962 καὶ
2729 1909 2791 1961 τὸ
2817 1907 2929 1972 ἀεὶ,
2955 1908 3049 1961 καὶ
3079 1907 3140 1960 τὸ
3170 1907 3282 1976 πρὸ
3314 1905 3544 1962 αἰώνων
3578 1908 3664 1962 λέ-

2090 2019 2276 2071 γοντες
2303 2003 2388 2056 ἐπ’
2421 2003 2603 2057 αὐτοῦ’
2627 2003 2727 2075 τὴν
2761 2003 2940 2074 μέντοι
2967 2001 3196 2074 θεότητα
3225 2003 3388 2056 αὐτοῦ
3414 2003 3489 2074 μὴ
3522 2021 3664 2076 παρ-

2089 2099 2418 2171 αιτούμενοι,
2461 2099 2596 2154 ἀλλά
2634 2103 2700 2171 τῇ
2747 2100 2912 2154 εἰκόνι
2955 2099 3050 2154 καί
3098 2098 3176 2170 τῷ
3212 2100 3517 2172 χαρακτῆρι
3568 2099 3662 2153 τοῦ

2089 2191 2298 2264 Πατρὸς
2326 2190 2791 2264 ἀπηκριϐωμένην
2814 2190 3108 2263 ἐμφέρειαν
3145 2190 3284 2244 κατά
3315 2191 3492 2245 πάντα
3525 2193 3659 2246 ἀνα-

2083 2285 2342 2348 τιθέντες.
2368 2285 2441 2338 Τὸ
2461 2284 2516 2337 δέ
2537 2284 2830 2356 ἀγέννητον
2855 2282 2934 2355 τῷ
2953 2284 3128 2354 Πατρὶ
3153 2283 3310 2354 μόνον
3335 2284 3532 2354 ἰδίωμα
3546 2284 3657 2355 (58)

2085 2380 2337 2449 παρεῖναι
2364 2376 2696 2443 δοξάζοντες,
2729 2377 2826 2432 ἀτε
2849 2377 2906 2430 δέ
2929 2378 3023 2430 καὶ
3041 2376 3203 2430 αὐτοῦ
3233 2377 3532 2446 φάσκοντος
3565 2376 3656 2430 τοῦ

2083 2467 2354 2539 Σωτῆροςο
2396 2468 2459 2522 Ὀ
2489 2467 2690 2536 Πατήρ
2715 2485 2835 2537 μου
2861 2466 3073 2538 μείζων
3097 2484 3218 2537 μου
3247 2467 3397 2522 ἐστι.
3426 2467 3574 2537 Πρὸς
3601 2466 3656 2520 δὲ

2080 2561 2144 2629 τῇ
2177 2558 2390 2613 εὐσεϐεῖ
2411 2560 2582 2632 ταύτῃ
2614 2559 2740 2627 περ)¹
2770 2559 2982 2630 Πατρὸς
3015 2559 3110 2612 καὶ
3140 2557 3267 2612 Υἱοῦ
3296 2556 3444 2632 δόξῃ,
3473 2555 3657 2622 καθὼς

2077 2650 2226 2720 ἡμᾶς
2267 2650 2324 2704 αἱ
2353 2651 2490 2705 θεῖαι
2522 2650 2736 2722 Γραφαὶ
2759 2649 3114 2715 διδάσκουσιν,
3155 2649 3213 2703 ἓν
3241 2648 3467 2720 Πνεῦμα
3503 2650 3657 2718 ἆγιον

2075 2744 2465 2817 ὁμολογοῦμεν,
2498 2745 2560 2799 τὸ
2587 2745 2838 2814 καινίσαν
2866 2743 2979 2816 ('59)
3019 2743 3145 2807 τούς
3175 2761 3236 2797 τε
3271 2745 3368 2815 τῆς
3407 2744 3652 2809 Παλαιᾶς

2074 2837 2348 2910 Διαθήκης
2381 2839 2569 2908 ἁγίους
2608 2837 2944 2910 ἀνθρώπους,
2979 2838 3073 2892 καὶ
3103 2837 3228 2900 τοὺς
3255 2837 3355 2907 τῆς
3382 2855 3654 2908 χρηματι-

2075 2928 2276 3000 ζούσης
2321 2931 2528 3002 Καινῆς
2583 2931 2876 2995 παιδευτὰς
2925 2930 3121 2994 θείους.
3156 2931 3300 2985 Μίαν
3351 2931 3446 2984 καὶ
3482 2931 3651 3003 μόνην

2074 3020 2389 3094 καθολικὴν,
2431 3023 2531 3095 τὴν
2573 3022 2933 3093 ἀποστολικὴν
2976 3021 3317 3094 Ἐκκλησίαν
3354 3023 3652 3094 ἀκαθαίρε-

2070 3131 2161 3169 τον
2198 3113 2298 3186 μὲν
2327 3115 2432 3179 ἀεὶ,
2476 3114 2582 3168 κᾶν
2621 3116 2729 3179 πᾶς
2765 3115 2794 3167 ὁ
2825 3115 3027 3185 κόσμος
3054 3115 3190 3186 αὐτῇ
3225 3113 3482 3186 πολεμεῖν
3522 3116 3647 3186 βου-

2072 3202 2435 3276 λεύηται(40)·
2466 3203 2756 3278 νικηφόρον
2780 3203 2838 3257 δέ
2860 3205 3038 3275 πάσης
3064 3205 3163 3275 τῆς
3185 3204 3292 3257 τῶν
3321 3205 3649 3276 ἑτεροδόξων

2073 3296 2442 3368 ἀσεϐεστάτης
2488 3297 2927 3363 ἐπαναστάσεως,
2967 3296 3252 3369 εὐθαρσεῖς
3289 3298 3438 3368 ἡμᾶς
3475 3315 3647 3351 κατα-

2023 3419 2025 3422 ‹
2070 3388 2434 3453 σκευάσαντος
2459 3388 2568 3462 (41)
2604 3389 2696 3442 τοῦ
2745 3389 3132 3443 Οἰκοδεσπότου
3176 3388 3366 3458 αὐτῆς,
3409 3389 3501 3442 διὰ
3547 3389 3644 3443 τοῦ

2072 3480 2220 3552 βοᾷψ
2255 3483 2554 3550 Θαρσεῖτε,
2596 3482 2711 3552 ἐγὼ
2737 3481 3024 3549 νενίκηκα
3050 3481 3158 3536 τὸν
3187 3482 3435 3554 κόοςμον.
3483 3482 3644 3535 Μετά

2069 3576 2224 3630 τοῦτο
2255 3577 2354 3647 τὴν
2383 3579 2448 3630 ἐκ
2491 3577 2699 3649 νεκρῶν
2729 3578 3020 3633 ἀνάστασιν
3049 3577 3288 3649 οἴδαμεν·
3317 3571 3387 3647 ἦς
3413 3578 3643 3651 ἀπαρχὴ

2067 3668 2288 3738 γέγονεν
2315 3671 2342 3723 ὁ
2378 3670 2582 3741 Κύριος
2612 3669 2768 3743 ἡμῶν
2814 3668 3018 3740 Ἰησοῦς
3043 3669 3297 3741 Χριστὸς,
3335 3669 3496 3740 σῶμα
3538 3688 3638 3739 φοι

2067 3757 2229 3828 ρέσας
2261 3758 2476 3830 ἀληθῶς
2505 3760 2597 3812 καὶ
2625 3761 2684 3812 οὐ
2712 3759 2947 3830 δοκήσει,
2989 3761 3052 3813 ἐκ
3076 3759 3178 3831 τῆς
3209 3759 3470 3813 Θεοτόκου
3511 3761 3642 3813 Μα-

2065 3846 2205 3918 ρίας,
2243 3849 2334 3902 ἐπὶ
2368 3851 2641 3923 συντελείᾳ
2677 3852 2784 3906 τῶν
2823 3851 3032 3907 αἰώνων
3061 3854 3141 3916 είς
3168 3852 3425 3924 ἀθέτησιν
3455 3852 3642 3925 ἀμαρ-

2059 3937 2179 4004 τίας
2203 3941 2544 4014 ἐπιδημήσας
2581 3942 2658 4014 τῷ
2695 3943 2839 4012 γένει
2879 3943 2986 3997 τῶν
3017 3943 3339 4016 ἀνθρώπων,
3380 3959 3638 4013 σταυρω-

2053 4030 2172 4095 θεὶς
2213 4034 2308 4086 καὶ
2339 4034 2644 4102 ἀποθανὼν,
2692 4036 2803 4090 ἀλλ’
2837 4038 2898 4091 οὐ
2943 4037 3032 4093 διὰ
3067 4037 3240 4091 ταῦτα
3282 4036 3382 4107 τῆς
3431 4034 3634 4089 ἑαυτοῦ

2055 4123 2307 4196 θεότητος
2344 4127 2520 4196 ἥττων
2565 4129 2945 4199 γεγενημένοςο
2991 4129 3228 4192 ἀναστὰς
3281 4130 3346 4181 ἐκ
3390 4127 3629 4198 νεκρῶν,
3695 4123 3697 4130 ί

2052 4216 2384 4289 ἀναληφθεὶς
2412 4218 2469 4285 ἐν
2499 4220 2766 4290 οὐρανοῖς,
2795 4219 3100 4292 καθήμενος
3137 4220 3196 4274 ἐν
3220 4218 3371 4289 δεξιᾷ
3390 4218 3484 4288 τῆς
3523 4235 3632 4288 με-

378 4294 662 4353 peccatum
701 4289 1012 4358 tolleretur,
1059 4296 1126 4381 ad
1165 4296 1460 4355 humanum
1493 4319 1664 4373 genus
1695 4305 1945 4373 advenit,
1981 4302 2027 4358 D
2051 4308 2388 4381 γαλωσύνης.

377 4382 636 4454 crucique
671 4384 810 4440 tixus
874 4395 929 4442 et
990 4399 1239 4448 mortuus
1260 4404 1381 4463 est:
1421 4413 1521 4453 nec
1563 4407 1746 4456 tamen
1800 4404 2004 4460 idcirco
2035 4404 2336 4466 divinitatis
2370 4421 2482 4462 sua:
2526 4405 2908 4465 detrimentum
2954 4408 3171 4466 sensit:
3208 4407 3504 4463 suscitatus
3555 4422 3630 4462 ex

376 4480 627 4546 mortuis,
663 4494 974 4554 assumptus
1022 4485 1078 4540 in
1112 4491 1333 4557 emtum,
1369 4494 1668 4566 sedensque
1717 4497 1783 4550 ad
1833 4499 2109 4556 dexteram
2145 4501 2465 4572 majestatis.

447 4634 492 4666 ³⁸
521 4637 682 4697 Joan.
715 4659 825 4710 xiv,
856 4645 947 4700 28.
1027 4647 1072 4679 ³⁵
1102 4647 1264 4705 Ιοαη.
1295 4667 1408 4716 xvi,
1441 4653 1529 4708 55.

375 4749 558 4837 Ξ..(Ξξῧ)
585 4756 687 4837 Affi-
709 4757 815 4837 τρῦ
844 4759 1061 4837 λέγειν·
1081 4765 1186 4837 Εἰς
1206 4763 1245 4837 ἂ
1269 4765 1632 4837 ἐφθάσαμεν.
1659 4769 1758 4824 Hic
1786 4773 1940 4828 locus

372 4823 596 4907 cuin
626 4823 1450 4907 Christophorsonodilucidius
1481 4823 1943 4898 vertendus—vide-

372 4891 768 4980 LuraEatenus
819 4891 882 4978 de
941 4900 1021 4954 his
1074 4902 1226 4980 rebus
1285 4891 1941 4980 ἱῃδιὶιιιὶιιιιιξςξηῖιῖἇιιεῶἷδ

367 4969 555 5042 ωηερε
585 4975 781 5042 nostra?
807 4970 883 5042 vis
907 4974 1148 5042 consequi
1175 4977 1359 5042 potuit.

436 5029 559 5114 (157)¹
585 5035 660 5089 Τὰ
680 5036 748 5114 ἐκ
779 5038 994 5114 μέρους
1025 5029 1228 5110 αὐτοῖς
1252 5047 1666 5114 γνωρισθέντα.
1711 5050 1768 5104 In
1806 5068 1938 5108 mss.

365 5099 866 5181 codicih‘tisﬁcgio',
896 5099 1168 5168 Allatiano
1199 5099 1595 5181 et'Saviliano,
1615 5099 1682 5175 et
1713 5099 1777 5174 ii.

362 5171 512 5254 tione
551 5171 860 5254 Basiliensi‘
888 5182 1156 5254 scriptum
1205 5195 1288 5238 est
1331 5171 1679 5254 γνωσθέντα.
1705 5171 1932 5247 videtur

362 5244 830 5332 ?B‘3‘B-3‘_'!{'der9
872 5244 1181 5332 Alexﬁeﬂe".
1211 5257 1275 5332 ad
1310 5244 1484 5310 ιόουηι
1515 5257 1668 5314 Pauli
1698 5244 1929 5332 είιὲὸέίόίιί

361 5307 901 5403 iglflp‘istolnaupri‘nia
949 5322 1025 5403 ad.
1056 5307 1350 5403 Corinthi,
1373 5307 1930 5403 ei"'p&r'_z2'}:35,{5§é'ii

359 5389 493 5467 :1:qu
507 5390 680 5467 Aetna}:
701 5397 851 5467 parte
877 5392 1270 5467 prop/tetanum.
1295 5396 1370 5448 lta
1399 5389 1542 5453 certe
1571 5389 1928 5459 hunc'locum

360 5453 980 5531 expos‘uitlipﬁihanius'
1009 5461 1400 5520 Scholasticus.

587 5515 881 5602 Tq3:liatpl
918 5515 1466 5602 po’ror—ln
1508 5539 1698 5596 codice
1727 5543 1926 5601 Leonis

577 5582 850 5676 scriptum
889 5582 980 5652 est
1004 5582 1182 5672 μόνω.
1201 5582 1924 5676 5éﬁ"fei'i}iuivc"6«ifct§§°:ilif

358 5664 537 5720 gatam
571 5664 898 5730 scripturam
932 5664 1167 5725 tuentur.

2119 4774 2232 4845 (39)
2265 4775 2338 4845 Τό
2385 4778 2686 4831 καινίσαν.
2730 4775 2790 4831 In
2816 4777 3003 4834 codice
3033 4778 3230 4834 Leonis
3260 4778 3443 4833 Allatii
3470 4787 3525 4835 et
3561 4781 3625 4838 in

2043 4844 2289 4919 Regio}.
2324 4844 2439 4919 Pini
2474 4848 2735 4919 scriptum
2771 4854 2854 4902 est
2872 4849 3129 4919 κινῆσαν,
3168 4864 3330 4918 quam
3370 4850 3621 4918 scriptu-

2041 4915 2314 4990 ram_licet
2339 4917 2531 4987 reliqui
2557 4915 2773 4972 codices
2803 4915 3058 4986 refutent,
3083 4915 3226 4973 haud
3253 4928 3434 4974 tamen
3462 4915 3625 4990 sper-

2037 4983 2272 5040 nendam
2299 4996 2449 5054 puto.

2107 5054 2219 5129 (d0)
2252 5055 2416 5129 ᾼὺτςῇ
2435 5057 3128 5129 πολεμεῖνγβουλεύηται.
3152 5058 3210 5113 In
3232 5058 3619 5129 manuscripto

2038 5123 2226 5200 codice
2259 5123 2468 5200 Savjlii,
2501 5123 2631 5200 et
2657 5123 3201 5200 edit_ione_Basiliensi
3222 5133 3490 5200 scriptum
3512 5123 3616 5187 'eSt

2041 5192 2314 5270 βούληται.
2352 5195 2457 5270 _Sed
2489 5197 2637 5270 etin
2680 5196 2869 5252 codice
2895 5198 2946 5254 J.
2975 5199 3095 5254 Pini
3123 5192 3386 5270 scriptum
3416 5201 3615 5257 inveni

2038 5265 2290 5339 πολε-μεῖν
2315 5267 2450 5339 αὐτῇ
2481 5266 2756 5339 βούληται.

2097 5336 2209 5406 (41)
2236 5336 2567 5410 Εὺ-θαρονεῖς
2609 5336 2766 5410 ἡμᾶς
2807 5341 3392 5410 κατασκευάσαντος.
3423 5337 3609 5410 Magis

2027 5404 2202 5477 placet
2225 5408 2518 5477 scriptura,
2547 5404 2709 5477 quam
2741 5408 2796 5460 in
2815 5409 3004 5462 codice
3026 5410 3319 5472 Allatiano,
3343 5404 3397 5464 et
3415 5411 3470 5463 in
3493 5404 3610 5465 Βαο-

2023 5475 2231 5546 siliensi
2262 5475 2500 5532 editione
2521 5475 2719 5546 reperi,
2755 5479 3268 5544 κατασκευάζοντος.
3297 5480 3608 5536 Conﬁrmat

1971 5594 1979 5602 .
2022 5545 2163 5619 hanc
2213 5547 2500 5603 lectionem
2550 5545 2887 5618 Epiphanius
2937 5549 3330 5614 Scholasticus,
3376 5551 3470 5619 qui
3515 5553 3606 5607 sic

2020 5618 2456 5690 yertit,__secttros
2486 5634 2579 5672 nos
2639 5619 2860 5690 faciente
2887 5621 3278 5688 patrefamilias
3310 5618 3448 5690 ejus,
3483 5631 3602 5678 etc.

2020 5686 2080 5739 In
2111 5686 2300 5745 codice
2329 5689 2459 5746 item
2485 5690 2634 5754 regio
2657 5689 2704 5746 J.
2743 5688 2862 5745 Pini
2895 5691 2968 5745 ita
2999 5686 3278 5747 scribitur.
