  <div class='ocr_page' id='page_1' title='image "/cluster/home/n/w/nwhite01/storage/ocr_20150623/18/nnc1.0046978550/292.png"; bbox 0 0 3850 6160; ppageno 0'>
   <div class='ocr_carea' id='block_1_1' title="bbox 211 278 319 334">
    <p class='ocr_par' dir='ltr' id='par_1_1' title="bbox 211 278 319 334">
     <span class='ocr_line' id='line_1_1' title="bbox 211 278 319 334; baseline 0 0"><span class='ocrx_word' id='word_1_1' title='bbox 211 278 319 334; x_wconf 83' lang='lat'><strong>569</strong></span> 
     </span>
    </p>
   </div>
   <div class='ocr_carea' id='block_1_2' title="bbox 1613 277 1998 334">
    <p class='ocr_par' dir='ltr' id='par_1_2' title="bbox 1613 277 1998 334">
     <span class='ocr_line' id='line_1_2' title="bbox 1613 277 1998 334; baseline -0.003 0"><span class='ocrx_word' id='word_1_2' title='bbox 1613 277 1998 334; x_wconf 62' lang='lat' dir='ltr'><strong>EPISTOLIE.</strong></span> 
     </span>
    </p>
   </div>
   <div class='ocr_carea' id='block_1_3' title="bbox 3350 277 3458 333">
    <p class='ocr_par' dir='ltr' id='par_1_3' title="bbox 3350 277 3458 333">
     <span class='ocr_line' id='line_1_3' title="bbox 3350 277 3458 333; baseline 0.019 -3"><span class='ocrx_word' id='word_1_3' title='bbox 3350 277 3458 333; x_wconf 78' lang='lat'><strong>570</strong></span> 
     </span>
    </p>
   </div>
   <div class='ocr_carea' id='block_1_4' title="bbox 279 391 1746 468">
    <p class='ocr_par' dir='ltr' id='par_1_4' title="bbox 279 391 1742 468">
     <span class='ocr_line' id='line_1_4' title="bbox 279 391 1742 468; baseline 0 -20"><span class='ocrx_word' id='word_1_4' title='bbox 279 391 420 448; x_wconf 80' lang='lat' dir='ltr'><strong>Xlll.</strong></span> <span class='ocrx_word' id='word_1_5' title='bbox 459 391 642 447; x_wconf 85' lang='grc' dir='ltr'>Ταῦτα</span> <span class='ocrx_word' id='word_1_6' title='bbox 665 393 730 446; x_wconf 84' lang='grc' dir='ltr'>ὲκ</span> <span class='ocrx_word' id='word_1_7' title='bbox 755 393 952 464; x_wconf 81' lang='grc' dir='ltr'><strong>μέρους</strong></span> <span class='ocrx_word' id='word_1_8' title='bbox 981 391 1283 466; x_wconf 78' lang='grc' dir='ltr'>ὲνεχάραξα</span> <span class='ocrx_word' id='word_1_9' title='bbox 1302 397 1369 468; x_wconf 81' lang='grc' dir='ltr'>τῇ</span> <span class='ocrx_word' id='word_1_10' title='bbox 1398 395 1678 468; x_wconf 77' lang='grc' dir='ltr'><strong>ἐπιστολῇ,</strong></span> <span class='ocrx_word' id='word_1_11' title='bbox 1712 412 1742 449; x_wconf 90' lang='grc' dir='ltr'><strong>τ</strong></span> 
     </span>
    </p>
   </div>
   <div class='ocr_carea' id='block_1_5' title="bbox 1850 391 3448 468">
    <p class='ocr_par' dir='ltr' id='par_1_5' title="bbox 1850 393 3448 467">
     <span class='ocr_line' id='line_1_5' title="bbox 1850 393 3448 467; baseline 0 -18"><span class='ocrx_word' id='word_1_12' title='bbox 1850 448 1852 455; x_wconf 84' lang='grc'><strong>,</strong></span> <span class='ocrx_word' id='word_1_13' title='bbox 1948 393 2081 450; x_wconf 80' lang='grc' dir='ltr'><strong>ΧΙΙΙ.</strong></span> <span class='ocrx_word' id='word_1_14' title='bbox 2120 393 2246 452; x_wconf 70' lang='lat' dir='ltr'><strong>Haec</strong></span> <span class='ocrx_word' id='word_1_15' title='bbox 2279 411 2346 452; x_wconf 76' lang='lat' dir='ltr'><strong>ex</strong></span> <span class='ocrx_word' id='word_1_16' title='bbox 2385 402 2540 467; x_wconf 90' lang='lat' dir='ltr'><strong>parte</strong></span> <span class='ocrx_word' id='word_1_17' title='bbox 2586 395 2878 466; x_wconf 71' lang='lat' dir='ltr'><strong>perscripsi</strong></span> <span class='ocrx_word' id='word_1_18' title='bbox 2912 395 2968 450; x_wconf 91' lang='lat' dir='ltr'><strong>in</strong></span> <span class='ocrx_word' id='word_1_19' title='bbox 3025 395 3128 450; x_wconf 88' lang='lat' dir='ltr'><strong>hac</strong></span> <span class='ocrx_word' id='word_1_20' title='bbox 3182 394 3448 466; x_wconf 84' lang='lat' dir='ltr'><strong>epistola,</strong></span> 
     </span>
    </p>
   </div>
   <div class='ocr_carea' id='block_1_6' title="bbox 211 486 1780 561">
    <p class='ocr_par' dir='ltr' id='par_1_6' title="bbox 211 486 1780 561">
     <span class='ocr_line' id='line_1_6' title="bbox 211 486 1780 561; baseline 0 -21"><span class='ocrx_word' id='word_1_21' title='bbox 211 486 332 540; x_wconf 83' lang='grc' dir='ltr'>καθ’</span> <span class='ocrx_word' id='word_1_22' title='bbox 374 486 604 539; x_wconf 76' lang='grc' dir='ltr'>ἕκαστον</span> <span class='ocrx_word' id='word_1_23' title='bbox 643 487 730 539; x_wconf 77' lang='grc' dir='ltr'>ἐπ’</span> <span class='ocrx_word' id='word_1_24' title='bbox 771 486 1053 559; x_wconf 87' lang='grc' dir='ltr'>ἀκριϐείας</span> <span class='ocrx_word' id='word_1_25' title='bbox 1099 487 1350 559; x_wconf 82' lang='grc' dir='ltr'><strong>γράφειν,</strong></span> <span class='ocrx_word' id='word_1_26' title='bbox 1388 489 1663 561; x_wconf 82' lang='grc' dir='ltr'>φορτικὸν,</span> <span class='ocrx_word' id='word_1_27' title='bbox 1702 489 1780 554; x_wconf 86' lang='grc' dir='ltr'>ὡς</span> 
     </span>
    </p>
   </div>
   <div class='ocr_carea' id='block_1_7' title="bbox 207 574 1778 652">
    <p class='ocr_par' dir='ltr' id='par_1_7' title="bbox 207 574 1778 652">
     <span class='ocr_line' id='line_1_7' title="bbox 207 574 1778 652; baseline 0.001 -20"><span class='ocrx_word' id='word_1_28' title='bbox 207 579 365 648; x_wconf 75' lang='grc' dir='ltr'>ἔφην,</span> <span class='ocrx_word' id='word_1_29' title='bbox 411 574 549 632; x_wconf 78' lang='grc' dir='ltr'>εῖναι</span> <span class='ocrx_word' id='word_1_30' title='bbox 594 577 839 650; x_wconf 82' lang='grc' dir='ltr'><strong>νομίσας,</strong></span> <span class='ocrx_word' id='word_1_31' title='bbox 885 578 974 632; x_wconf 84' lang='grc' dir='ltr'>διὰ</span> <span class='ocrx_word' id='word_1_32' title='bbox 1017 579 1080 632; x_wconf 83' lang='grc' dir='ltr'><strong>τὸ</strong></span> <span class='ocrx_word' id='word_1_33' title='bbox 1125 580 1259 651; x_wconf 83' lang='grc' dir='ltr'>μηδὲ</span> <span class='ocrx_word' id='word_1_34' title='bbox 1302 579 1400 651; x_wconf 82' lang='grc' dir='ltr'>τὴν</span> <span class='ocrx_word' id='word_1_35' title='bbox 1439 579 1591 650; x_wconf 78' lang='grc' dir='ltr'>ἱεράν</span> <span class='ocrx_word' id='word_1_36' title='bbox 1623 580 1778 652; x_wconf 85' lang='grc' dir='ltr'>ὑμῶν</span> 
     </span>
    </p>
   </div>
   <div class='ocr_carea' id='block_1_8' title="bbox 205 666 1777 738">
    <p class='ocr_par' dir='ltr' id='par_1_8' title="bbox 205 666 1777 738">
     <span class='ocr_line' id='line_1_8' title="bbox 205 666 1777 738; baseline 0 -17"><span class='ocrx_word' id='word_1_37' title='bbox 205 667 381 722; x_wconf 87' lang='grc' dir='ltr'>ταῦτα</span> <span class='ocrx_word' id='word_1_38' title='bbox 409 667 687 738; x_wconf 82' lang='grc' dir='ltr'><strong>λεληθέναι</strong></span> <span class='ocrx_word' id='word_1_39' title='bbox 717 666 972 738; x_wconf 84' lang='grc' dir='ltr'>σπουδήν.</span> <span class='ocrx_word' id='word_1_40' title='bbox 1003 667 1188 722; x_wconf 90' lang='grc' dir='ltr'>Ταῦτα</span> <span class='ocrx_word' id='word_1_41' title='bbox 1224 667 1565 738; x_wconf 82' lang='grc' dir='ltr'>διδάσκομεν,</span> <span class='ocrx_word' id='word_1_42' title='bbox 1605 667 1777 721; x_wconf 89' lang='grc' dir='ltr'>ταῦτα</span> 
     </span>
    </p>
   </div>
   <div class='ocr_carea' id='block_1_9' title="bbox 205 758 1778 833">
    <p class='ocr_par' dir='ltr' id='par_1_9' title="bbox 205 758 1778 833">
     <span class='ocr_line' id='line_1_9' title="bbox 205 758 1778 833; baseline -0.001 -18"><span class='ocrx_word' id='word_1_43' title='bbox 205 761 566 833; x_wconf 87' lang='grc' dir='ltr'>κηρύττομεν.</span> <span class='ocrx_word' id='word_1_44' title='bbox 607 758 792 813; x_wconf 88' lang='grc' dir='ltr'>Ταῦτα</span> <span class='ocrx_word' id='word_1_45' title='bbox 831 758 932 830; x_wconf 85' lang='grc' dir='ltr'>τῆς</span> <span class='ocrx_word' id='word_1_46' title='bbox 977 759 1303 831; x_wconf 87' lang='grc' dir='ltr'>Ἐκκλησίας</span> <span class='ocrx_word' id='word_1_47' title='bbox 1339 758 1410 812; x_wconf 87' lang='grc' dir='ltr'><strong>τά</strong></span> <span class='ocrx_word' id='word_1_48' title='bbox 1446 760 1778 814; x_wconf 86' lang='grc' dir='ltr'>ἀποστολικά</span> 
     </span>
    </p>
   </div>
   <div class='ocr_carea' id='block_1_10' title="bbox 203 844 1775 924">
    <p class='ocr_par' dir='ltr' id='par_1_10' title="bbox 203 844 1775 924">
     <span class='ocr_line' id='line_1_10' title="bbox 203 844 1775 924; baseline -0.001 -18"><span class='ocrx_word' id='word_1_49' title='bbox 203 853 469 923; x_wconf 82' lang='grc' dir='ltr'>δόγματα,</span> <span class='ocrx_word' id='word_1_50' title='bbox 497 853 636 924; x_wconf 84' lang='grc' dir='ltr'>ὑπὲρ</span> <span class='ocrx_word' id='word_1_51' title='bbox 657 844 732 904; x_wconf 82' lang='grc' dir='ltr'>ὧν</span> <span class='ocrx_word' id='word_1_52' title='bbox 751 851 844 904; x_wconf 69' lang='grc' dir='ltr'><strong>καὶ</strong></span> <span class='ocrx_word' id='word_1_53' title='bbox 864 849 1301 923; x_wconf 87' lang='grc' dir='ltr'>ἀποθνήσκομεν,</span> <span class='ocrx_word' id='word_1_54' title='bbox 1323 850 1430 904; x_wconf 86' lang='grc' dir='ltr'><strong>τῶν</strong></span> <span class='ocrx_word' id='word_1_55' title='bbox 1450 850 1775 922; x_wconf 72' lang='grc' dir='ltr'><strong>ἐξόμνυσθαι</strong></span> 
     </span>
    </p>
   </div>
   <div class='ocr_carea' id='block_1_11' title="bbox 200 936 1775 1014">
    <p class='ocr_par' dir='ltr' id='par_1_11' title="bbox 200 936 1775 1014">
     <span class='ocr_line' id='line_1_11' title="bbox 200 936 1775 1014; baseline 0.001 -18"><span class='ocrx_word' id='word_1_56' title='bbox 200 944 339 997; x_wconf 79' lang='grc' dir='ltr'>αὐτὰ</span> <span class='ocrx_word' id='word_1_57' title='bbox 379 942 714 1014; x_wconf 77' lang='grc' dir='ltr'>βιαζομένων</span> <span class='ocrx_word' id='word_1_58' title='bbox 758 936 922 1014; x_wconf 83' lang='grc' dir='ltr'>ἦττον</span> <span class='ocrx_word' id='word_1_59' title='bbox 970 943 1408 1014; x_wconf 80' lang='grc' dir='ltr'>πεφροντικότες,</span> <span class='ocrx_word' id='word_1_60' title='bbox 1455 944 1504 996; x_wconf 86' lang='grc' dir='ltr'><strong>εί</strong></span> <span class='ocrx_word' id='word_1_61' title='bbox 1546 943 1640 996; x_wconf 77' lang='grc' dir='ltr'><strong>καὶ</strong></span> <span class='ocrx_word' id='word_1_62' title='bbox 1685 942 1775 998; x_wconf 82' lang='grc' dir='ltr'>διὰ</span> 
     </span>
    </p>
   </div>
   <div class='ocr_carea' id='block_1_12' title="bbox 203 1033 1776 1106">
    <p class='ocr_par' dir='ltr' id='par_1_12' title="bbox 203 1033 1776 1106">
     <span class='ocr_line' id='line_1_12' title="bbox 203 1033 1776 1106; baseline 0 -18"><span class='ocrx_word' id='word_1_63' title='bbox 203 1035 452 1105; x_wconf 76' lang='grc' dir='ltr'>βασάνων</span> <span class='ocrx_word' id='word_1_64' title='bbox 480 1033 866 1103; x_wconf 78' lang='grc' dir='ltr'>ἀναγκάζουσι,</span> <span class='ocrx_word' id='word_1_65' title='bbox 894 1033 990 1105; x_wconf 79' lang='grc' dir='ltr'>τὴν</span> <span class='ocrx_word' id='word_1_66' title='bbox 1025 1035 1081 1087; x_wconf 80' lang='grc' dir='ltr'>ὲν</span> <span class='ocrx_word' id='word_1_67' title='bbox 1110 1033 1293 1096; x_wconf 82' lang='grc' dir='ltr'>αὐτοῖς</span> <span class='ocrx_word' id='word_1_68' title='bbox 1320 1033 1508 1087; x_wconf 78' lang='grc' dir='ltr'>ἐλπίδα</span> <span class='ocrx_word' id='word_1_69' title='bbox 1543 1033 1617 1106; x_wconf 80' lang='grc' dir='ltr'>μὴ</span> <span class='ocrx_word' id='word_1_70' title='bbox 1641 1035 1776 1088; x_wconf 88' lang='grc' dir='ltr'>ἀπο-</span> 
     </span>
    </p>
   </div>
   <div class='ocr_carea' id='block_1_13' title="bbox 202 1123 1772 1200">
    <p class='ocr_par' dir='ltr' id='par_1_13' title="bbox 202 1123 1772 1200">
     <span class='ocr_line' id='line_1_13' title="bbox 202 1123 1772 1200; baseline 0.001 -19"><span class='ocrx_word' id='word_1_71' title='bbox 202 1128 573 1200; x_wconf 82' lang='grc' dir='ltr'>στρεφόμενοι.</span> <span class='ocrx_word' id='word_1_72' title='bbox 636 1123 736 1180; x_wconf 84' lang='grc' dir='ltr'>Ὦν</span> <span class='ocrx_word' id='word_1_73' title='bbox 789 1127 1018 1182; x_wconf 78' lang='grc' dir='ltr'>ἐναντίοι</span> <span class='ocrx_word' id='word_1_74' title='bbox 1070 1128 1349 1198; x_wconf 87' lang='grc' dir='ltr'>γενόμενοι</span> <span class='ocrx_word' id='word_1_75' title='bbox 1393 1130 1441 1182; x_wconf 90' lang='grc' dir='ltr'><strong>οί</strong></span> <span class='ocrx_word' id='word_1_76' title='bbox 1496 1129 1640 1199; x_wconf 77' lang='grc' dir='ltr'>ἀμφὶ</span> <span class='ocrx_word' id='word_1_77' title='bbox 1680 1129 1772 1183; x_wconf 82' lang='grc' dir='ltr'><strong>τὸν</strong></span> 
     </span>
    </p>
   </div>
   <div class='ocr_carea' id='block_1_14' title="bbox 202 1219 1772 1294">
    <p class='ocr_par' dir='ltr' id='par_1_14' title="bbox 202 1219 1772 1294">
     <span class='ocr_line' id='line_1_14' title="bbox 202 1219 1772 1294; baseline 0.002 -21"><span class='ocrx_word' id='word_1_78' title='bbox 202 1223 421 1293; x_wconf 82' lang='grc' dir='ltr'>Ἀρειον</span> <span class='ocrx_word' id='word_1_79' title='bbox 446 1221 540 1274; x_wconf 77' lang='grc' dir='ltr'><strong>καὶ</strong></span> <span class='ocrx_word' id='word_1_80' title='bbox 580 1219 826 1290; x_wconf 80' lang='grc' dir='ltr'>Ἀχιλλᾶν</span> <span class='ocrx_word' id='word_1_81' title='bbox 859 1220 953 1274; x_wconf 68' lang='grc' dir='ltr'><strong>καὶ</strong></span> <span class='ocrx_word' id='word_1_82' title='bbox 977 1221 1024 1273; x_wconf 79' lang='grc' dir='ltr'>οἱ</span> <span class='ocrx_word' id='word_1_83' title='bbox 1059 1220 1157 1290; x_wconf 80' lang='grc' dir='ltr'><strong>τῆς</strong></span> <span class='ocrx_word' id='word_1_84' title='bbox 1184 1221 1441 1294; x_wconf 81' lang='grc' dir='ltr'>ἀληθείας</span> <span class='ocrx_word' id='word_1_85' title='bbox 1471 1225 1566 1275; x_wconf 76' lang='grc' dir='ltr'><strong>σὺν</strong></span> <span class='ocrx_word' id='word_1_86' title='bbox 1588 1221 1772 1286; x_wconf 81' lang='grc' dir='ltr'>αὐτοῖς</span> 
     </span>
    </p>
   </div>
   <div class='ocr_carea' id='block_1_15' title="bbox 194 1311 1770 1386">
    <p class='ocr_par' dir='ltr' id='par_1_15' title="bbox 194 1311 1770 1386">
     <span class='ocr_line' id='line_1_15' title="bbox 194 1311 1770 1386; baseline 0.002 -21"><span class='ocrx_word' id='word_1_87' title='bbox 194 1313 465 1384; x_wconf 78' lang='grc' dir='ltr'>πολέμιοι,</span> <span class='ocrx_word' id='word_1_88' title='bbox 517 1311 880 1383; x_wconf 86' lang='grc' dir='ltr'>ἀπεὼσθησαν</span> <span class='ocrx_word' id='word_1_89' title='bbox 933 1313 1031 1384; x_wconf 80' lang='grc' dir='ltr'>τῆς</span> <span class='ocrx_word' id='word_1_90' title='bbox 1097 1313 1443 1384; x_wconf 88' lang='grc' dir='ltr'>Ἐκκλησίας,</span> <span class='ocrx_word' id='word_1_91' title='bbox 1501 1313 1770 1386; x_wconf 81' lang='grc' dir='ltr'>ἀλλότριοι</span> 
     </span>
    </p>
   </div>
   <div class='ocr_carea' id='block_1_16' title="bbox 193 1404 1768 1477">
    <p class='ocr_par' dir='ltr' id='par_1_16' title="bbox 193 1404 1768 1477">
     <span class='ocr_line' id='line_1_16' title="bbox 193 1404 1768 1477; baseline -0.001 -18"><span class='ocrx_word' id='word_1_92' title='bbox 193 1406 473 1477; x_wconf 88' lang='grc' dir='ltr'>γενόμενοι</span> <span class='ocrx_word' id='word_1_93' title='bbox 513 1404 612 1475; x_wconf 82' lang='grc' dir='ltr'>τῆς</span> <span class='ocrx_word' id='word_1_94' title='bbox 643 1404 898 1468; x_wconf 85' lang='grc' dir='ltr'>εὐσεϐοῦς</span> <span class='ocrx_word' id='word_1_95' title='bbox 925 1406 1081 1476; x_wconf 76' lang='grc' dir='ltr'>ἡμῶν</span> <span class='ocrx_word' id='word_1_96' title='bbox 1111 1405 1475 1470; x_wconf 84' lang='grc' dir='ltr'>διδασκαλίας,</span> <span class='ocrx_word' id='word_1_97' title='bbox 1513 1406 1655 1460; x_wconf 84' lang='grc' dir='ltr'>κατὰ</span> <span class='ocrx_word' id='word_1_98' title='bbox 1679 1407 1768 1459; x_wconf 77' lang='grc' dir='ltr'><strong>τὸν</strong></span> 
     </span>
    </p>
   </div>
   <div class='ocr_carea' id='block_1_17' title="bbox 193 1495 1770 1569">
    <p class='ocr_par' dir='ltr' id='par_1_17' title="bbox 193 1495 1770 1569">
     <span class='ocr_line' id='line_1_17' title="bbox 193 1495 1770 1569; baseline -0.001 -18"><span class='ocrx_word' id='word_1_99' title='bbox 193 1497 466 1569; x_wconf 81' lang='grc' dir='ltr'>μακάρων</span> <span class='ocrx_word' id='word_1_100' title='bbox 496 1496 705 1550; x_wconf 80' lang='grc' dir='ltr'>Παῦλον</span> <span class='ocrx_word' id='word_1_101' title='bbox 732 1495 978 1565; x_wconf 83' lang='grc' dir='ltr'>λέγοντα·</span> <span class='ocrx_word' id='word_1_102' title='bbox 1007 1497 1081 1550; x_wconf 82' lang='grc' dir='ltr'><strong>Εἴ</strong></span> <span class='ocrx_word' id='word_1_103' title='bbox 1104 1515 1194 1563; x_wconf 86' lang='grc' dir='ltr'><strong>τις</strong></span> <span class='ocrx_word' id='word_1_104' title='bbox 1218 1495 1374 1566; x_wconf 79' lang='grc' dir='ltr'>ὑμᾶς</span> <span class='ocrx_word' id='word_1_105' title='bbox 1403 1495 1770 1567; x_wconf 72' lang='grc' dir='ltr'>εὐαγγελίζε-</span> 
     </span>
    </p>
   </div>
   <div class='ocr_carea' id='block_1_18' title="bbox 187 1588 1767 1660">
    <p class='ocr_par' dir='ltr' id='par_1_18' title="bbox 187 1588 1767 1660">
     <span class='ocr_line' id='line_1_18' title="bbox 187 1588 1767 1660; baseline -0.001 -17"><span class='ocrx_word' id='word_1_106' title='bbox 187 1608 283 1644; x_wconf 85' lang='grc' dir='ltr'><strong>ται</strong></span> <span class='ocrx_word' id='word_1_107' title='bbox 321 1591 460 1658; x_wconf 79' lang='grc' dir='ltr'>παρ’</span> <span class='ocrx_word' id='word_1_108' title='bbox 486 1590 518 1643; x_wconf 84' lang='grc' dir='ltr'><em>ὃ</em></span> <span class='ocrx_word' id='word_1_109' title='bbox 549 1588 930 1659; x_wconf 80' lang='grc' dir='ltr'>παρελάϐετε,</span> <span class='ocrx_word' id='word_1_110' title='bbox 956 1589 1221 1659; x_wconf 79' lang='grc' dir='ltr'>ἀνάθεμα</span> <span class='ocrx_word' id='word_1_111' title='bbox 1249 1589 1426 1656; x_wconf 76' lang='grc' dir='ltr'>ἔστω,</span> <span class='ocrx_word' id='word_1_112' title='bbox 1455 1589 1569 1642; x_wconf 81' lang='grc' dir='ltr'><strong>κᾶν</strong></span> <span class='ocrx_word' id='word_1_113' title='bbox 1595 1589 1767 1660; x_wconf 76' lang='grc' dir='ltr'>ἀγγε-</span> 
     </span>
    </p>
   </div>
   <div class='ocr_carea' id='block_1_19' title="bbox 185 1681 1767 1755">
    <p class='ocr_par' dir='ltr' id='par_1_19' title="bbox 185 1681 1767 1755">
     <span class='ocr_line' id='line_1_19' title="bbox 185 1681 1767 1755; baseline 0 -19"><span class='ocrx_word' id='word_1_114' title='bbox 185 1687 291 1749; x_wconf 82' lang='grc' dir='ltr'><strong>λος</strong></span> <span class='ocrx_word' id='word_1_115' title='bbox 323 1682 395 1748; x_wconf 80' lang='grc' dir='ltr'><em>ἐξ</em></span> <span class='ocrx_word' id='word_1_116' title='bbox 427 1681 688 1750; x_wconf 73' lang='grc' dir='ltr'>οὐρανοῦ</span> <span class='ocrx_word' id='word_1_117' title='bbox 722 1683 876 1736; x_wconf 80' lang='grc' dir='ltr'>εἷναι</span> <span class='ocrx_word' id='word_1_118' title='bbox 918 1683 1300 1755; x_wconf 81' lang='grc' dir='ltr'>προσποιῆται.</span> <span class='ocrx_word' id='word_1_119' title='bbox 1350 1681 1509 1736; x_wconf 88' lang='grc' dir='ltr'><strong>Ἀλλά</strong></span> <span class='ocrx_word' id='word_1_120' title='bbox 1540 1682 1654 1747; x_wconf 75' lang='grc' dir='ltr'>καὶ,</span> <span class='ocrx_word' id='word_1_121' title='bbox 1693 1683 1767 1736; x_wconf 77' lang='lat' dir='ltr'><strong>Et</strong></span> 
     </span>
    </p>
   </div>
   <div class='ocr_carea' id='block_1_20' title="bbox 184 1773 1763 1844">
    <p class='ocr_par' dir='ltr' id='par_1_20' title="bbox 184 1773 1763 1844">
     <span class='ocr_line' id='line_1_20' title="bbox 184 1773 1763 1844; baseline -0.001 -16"><span class='ocrx_word' id='word_1_122' title='bbox 184 1792 276 1840; x_wconf 86' lang='grc' dir='ltr'><strong>τις</strong></span> <span class='ocrx_word' id='word_1_123' title='bbox 330 1775 872 1842; x_wconf 83' lang='grc' dir='ltr'>ἑτεροδιδασκαλεῖ,</span> <span class='ocrx_word' id='word_1_124' title='bbox 923 1774 1021 1828; x_wconf 80' lang='grc' dir='ltr'>καὶ</span> <span class='ocrx_word' id='word_1_125' title='bbox 1061 1774 1148 1844; x_wconf 81' lang='grc' dir='ltr'><em>μὴ</em></span> <span class='ocrx_word' id='word_1_126' title='bbox 1198 1774 1590 1843; x_wconf 80' lang='grc' dir='ltr'>προσέρχεται</span> <span class='ocrx_word' id='word_1_127' title='bbox 1639 1773 1763 1840; x_wconf 82' lang='grc' dir='ltr'>τοῖς</span> 
     </span>
    </p>
   </div>
   <div class='ocr_carea' id='block_1_21' title="bbox 181 1865 1760 1938">
    <p class='ocr_par' dir='ltr' id='par_1_21' title="bbox 181 1865 1760 1938">
     <span class='ocr_line' id='line_1_21' title="bbox 181 1865 1760 1938; baseline -0.001 -16"><span class='ocrx_word' id='word_1_128' title='bbox 181 1868 527 1938; x_wconf 70' lang='grc' dir='ltr'>ὑγιαίνουσι</span> <span class='ocrx_word' id='word_1_129' title='bbox 563 1868 765 1936; x_wconf 80' lang='grc' dir='ltr'>λόγοις</span> <span class='ocrx_word' id='word_1_130' title='bbox 805 1867 928 1933; x_wconf 87' lang='grc' dir='ltr'>τοῖς</span> <span class='ocrx_word' id='word_1_131' title='bbox 954 1866 1063 1920; x_wconf 84' lang='grc' dir='ltr'><strong>τοῦ</strong></span> <span class='ocrx_word' id='word_1_132' title='bbox 1100 1867 1321 1934; x_wconf 81' lang='grc' dir='ltr'>Κυρίου</span> <span class='ocrx_word' id='word_1_133' title='bbox 1358 1865 1524 1934; x_wconf 74' lang='grc' dir='ltr'><strong>ἡμῶν</strong></span> <span class='ocrx_word' id='word_1_134' title='bbox 1565 1866 1760 1934; x_wconf 82' lang='grc' dir='ltr'>Ἰησοῦ</span> 
     </span>
    </p>
   </div>
   <div class='ocr_carea' id='block_1_22' title="bbox 178 1958 1757 2029">
    <p class='ocr_par' dir='ltr' id='par_1_22' title="bbox 178 1958 1757 2029">
     <span class='ocr_line' id='line_1_22' title="bbox 178 1958 1757 2029; baseline 0 -16"><span class='ocrx_word' id='word_1_135' title='bbox 178 1959 468 2029; x_wconf 82' lang='grc' dir='ltr'>Χριστοῦ,</span> <span class='ocrx_word' id='word_1_136' title='bbox 504 1959 603 2014; x_wconf 79' lang='grc' dir='ltr'>καὶ</span> <span class='ocrx_word' id='word_1_137' title='bbox 631 1958 704 2028; x_wconf 78' lang='grc' dir='ltr'>τῇ</span> <span class='ocrx_word' id='word_1_138' title='bbox 733 1961 856 2014; x_wconf 80' lang='grc' dir='ltr'>κατ’</span> <span class='ocrx_word' id='word_1_139' title='bbox 889 1960 1204 2014; x_wconf 74' lang='grc' dir='ltr'>εὐσέϐειαν</span> <span class='ocrx_word' id='word_1_140' title='bbox 1233 1958 1615 2026; x_wconf 75' lang='grc' dir='ltr'>διδασκαλίᾳ,</span> <span class='ocrx_word' id='word_1_141' title='bbox 1664 1976 1757 2013; x_wconf 82' lang='grc' dir='ltr'>τε·</span> 
     </span>
    </p>
   </div>
   <div class='ocr_carea' id='block_1_23' title="bbox 176 2051 1760 2121">
    <p class='ocr_par' dir='ltr' id='par_1_23' title="bbox 176 2051 1760 2121">
     <span class='ocr_line' id='line_1_23' title="bbox 176 2051 1760 2121; baseline -0.002 -16"><span class='ocrx_word' id='word_1_142' title='bbox 176 2053 464 2120; x_wconf 67' lang='grc' dir='ltr'>τύςεωται,</span> <span class='ocrx_word' id='word_1_143' title='bbox 486 2051 682 2121; x_wconf 79' lang='grc' dir='ltr'>μηδὲν</span> <span class='ocrx_word' id='word_1_144' title='bbox 703 2052 1119 2121; x_wconf 79' lang='grc' dir='ltr'>ἐπιστάμενος,</span> <span class='ocrx_word' id='word_1_145' title='bbox 1141 2051 1232 2105; x_wconf 72' lang='grc' dir='ltr'><strong>καὶ</strong></span> <span class='ocrx_word' id='word_1_146' title='bbox 1260 2052 1327 2105; x_wconf 88' lang='grc' dir='ltr'><strong>τά</strong></span> <span class='ocrx_word' id='word_1_147' title='bbox 1354 2051 1499 2121; x_wconf 78' lang='grc' dir='ltr'>ἑξῆς.</span> <span class='ocrx_word' id='word_1_148' title='bbox 1526 2051 1760 2115; x_wconf 83' lang='grc' dir='ltr'>Τούτους</span> 
     </span>
    </p>
   </div>
   <div class='ocr_carea' id='block_1_24' title="bbox 173 2139 1758 2213">
    <p class='ocr_par' dir='ltr' id='par_1_24' title="bbox 173 2139 1758 2213">
     <span class='ocr_line' id='line_1_24' title="bbox 173 2139 1758 2213; baseline -0.001 -17"><span class='ocrx_word' id='word_1_149' title='bbox 173 2139 270 2197; x_wconf 76' lang='grc' dir='ltr'><strong>οὖν</strong></span> <span class='ocrx_word' id='word_1_150' title='bbox 297 2141 831 2212; x_wconf 83' lang='grc' dir='ltr'>άναθεματισθὲντας</span> <span class='ocrx_word' id='word_1_151' title='bbox 863 2144 974 2196; x_wconf 86' lang='grc' dir='ltr'><strong>ἀπὸ</strong></span> <span class='ocrx_word' id='word_1_152' title='bbox 1006 2143 1106 2213; x_wconf 76' lang='grc' dir='ltr'><strong>τῆς</strong></span> <span class='ocrx_word' id='word_1_153' title='bbox 1143 2142 1522 2213; x_wconf 74' lang='grc' dir='ltr'>ἀδελφότητος,</span> <span class='ocrx_word' id='word_1_154' title='bbox 1569 2142 1758 2212; x_wconf 78' lang='grc' dir='ltr'>μηδεὶς</span> 
     </span>
    </p>
   </div>
   <div class='ocr_carea' id='block_1_25' title="bbox 172 2230 1748 2303">
    <p class='ocr_par' dir='ltr' id='par_1_25' title="bbox 172 2230 1748 2303">
     <span class='ocr_line' id='line_1_25' title="bbox 172 2230 1748 2303; baseline 0 -19"><span class='ocrx_word' id='word_1_155' title='bbox 172 2231 334 2303; x_wconf 82' lang='grc' dir='ltr'>ὑμῶν</span> <span class='ocrx_word' id='word_1_156' title='bbox 379 2230 639 2300; x_wconf 81' lang='grc' dir='ltr'>δεχέσθω,</span> <span class='ocrx_word' id='word_1_157' title='bbox 699 2231 832 2303; x_wconf 83' lang='grc' dir='ltr'>μηδὲ</span> <span class='ocrx_word' id='word_1_158' title='bbox 886 2231 1159 2302; x_wconf 86' lang='grc' dir='ltr'>ἀνεχέσθω</span> <span class='ocrx_word' id='word_1_159' title='bbox 1205 2231 1314 2285; x_wconf 83' lang='grc' dir='ltr'>τῶν</span> <span class='ocrx_word' id='word_1_160' title='bbox 1359 2231 1663 2302; x_wconf 83' lang='grc' dir='ltr'>λεγομένων</span> <span class='ocrx_word' id='word_1_161' title='bbox 1715 2231 1748 2302; x_wconf 80' lang='grc' dir='ltr'><strong>ἢ</strong></span> 
     </span>
    </p>
   </div>
   <div class='ocr_carea' id='block_1_26' title="bbox 168 2325 1754 2395">
    <p class='ocr_par' dir='ltr' id='par_1_26' title="bbox 168 2325 1754 2395">
     <span class='ocr_line' id='line_1_26' title="bbox 168 2325 1754 2395; baseline -0.001 -15"><span class='ocrx_word' id='word_1_162' title='bbox 168 2325 540 2395; x_wconf 81' lang='grc' dir='ltr'>γραφομένων</span> <span class='ocrx_word' id='word_1_163' title='bbox 583 2325 674 2378; x_wconf 84' lang='grc' dir='ltr'>ὑπ’</span> <span class='ocrx_word' id='word_1_164' title='bbox 721 2325 919 2379; x_wconf 84' lang='grc' dir='ltr'>αὐτῶν.</span> <span class='ocrx_word' id='word_1_165' title='bbox 966 2326 1150 2380; x_wconf 84' lang='grc' dir='ltr'>Πάντα</span> <span class='ocrx_word' id='word_1_166' title='bbox 1177 2325 1286 2394; x_wconf 83' lang='grc' dir='ltr'><strong>γάρ</strong></span> <span class='ocrx_word' id='word_1_167' title='bbox 1317 2326 1363 2378; x_wconf 80' lang='grc' dir='ltr'>οἱ</span> <span class='ocrx_word' id='word_1_168' title='bbox 1395 2325 1588 2395; x_wconf 79' lang='grc' dir='ltr'>γόητες</span> <span class='ocrx_word' id='word_1_169' title='bbox 1623 2325 1754 2394; x_wconf 72' lang='grc' dir='ltr'>ψεύ-</span> 
     </span>
    </p>
   </div>
   <div class='ocr_carea' id='block_1_27' title="bbox 165 2415 1750 2489">
    <p class='ocr_par' dir='ltr' id='par_1_27' title="bbox 165 2415 1750 2489">
     <span class='ocr_line' id='line_1_27' title="bbox 165 2415 1750 2489; baseline -0.001 -19"><span class='ocrx_word' id='word_1_170' title='bbox 165 2417 376 2481; x_wconf 87' lang='grc' dir='ltr'>δονται,</span> <span class='ocrx_word' id='word_1_171' title='bbox 409 2417 666 2489; x_wconf 81' lang='grc' dir='ltr'>ἀλήθειαν</span> <span class='ocrx_word' id='word_1_172' title='bbox 696 2417 756 2469; x_wconf 84' lang='grc' dir='ltr'><strong>ού</strong></span> <span class='ocrx_word' id='word_1_173' title='bbox 787 2417 860 2487; x_wconf 79' lang='grc' dir='ltr'>μὴ</span> <span class='ocrx_word' id='word_1_174' title='bbox 883 2417 1194 2488; x_wconf 81' lang='grc' dir='ltr'>λαλήσουσι.</span> <span class='ocrx_word' id='word_1_175' title='bbox 1230 2415 1612 2488; x_wconf 83' lang='grc' dir='ltr'>Περιέρχονται</span> <span class='ocrx_word' id='word_1_176' title='bbox 1642 2415 1750 2487; x_wconf 88' lang='grc' dir='ltr'><strong>γάρ</strong></span> 
     </span>
    </p>
   </div>
   <div class='ocr_carea' id='block_1_28' title="bbox 164 2507 1750 2580">
    <p class='ocr_par' dir='ltr' id='par_1_28' title="bbox 164 2507 1750 2580">
     <span class='ocr_line' id='line_1_28' title="bbox 164 2507 1750 2580; baseline -0.001 -19"><span class='ocrx_word' id='word_1_177' title='bbox 164 2509 271 2573; x_wconf 77' lang='grc' dir='ltr'>τὰς</span> <span class='ocrx_word' id='word_1_178' title='bbox 322 2508 538 2572; x_wconf 84' lang='grc' dir='ltr'>πόλεις,</span> <span class='ocrx_word' id='word_1_179' title='bbox 592 2509 743 2562; x_wconf 83' lang='grc' dir='ltr'>οὐδὲν</span> <span class='ocrx_word' id='word_1_180' title='bbox 790 2508 975 2579; x_wconf 78' lang='grc' dir='ltr'>ἓτερον</span> <span class='ocrx_word' id='word_1_181' title='bbox 1029 2509 1498 2580; x_wconf 78' lang='grc' dir='ltr'>σπουδάζοντες,ἢ</span> <span class='ocrx_word' id='word_1_182' title='bbox 1537 2507 1614 2578; x_wconf 85' lang='grc' dir='ltr'>τῷ</span> <span class='ocrx_word' id='word_1_183' title='bbox 1651 2509 1750 2578; x_wconf 77' lang='grc' dir='ltr'>τῆς</span> 
     </span>
    </p>
   </div>
   <div class='ocr_carea' id='block_1_29' title="bbox 164 2598 1746 2672">
    <p class='ocr_par' dir='ltr' id='par_1_29' title="bbox 164 2598 1746 2672">
     <span class='ocr_line' id='line_1_29' title="bbox 164 2598 1746 2672; baseline -0.003 -18"><span class='ocrx_word' id='word_1_184' title='bbox 164 2599 356 2668; x_wconf 81' lang='grc' dir='ltr'>φιλίας</span> <span class='ocrx_word' id='word_1_185' title='bbox 407 2601 758 2672; x_wconf 72' lang='grc' dir='ltr'>προσχήματι</span> <span class='ocrx_word' id='word_1_186' title='bbox 806 2599 902 2652; x_wconf 76' lang='grc' dir='ltr'><strong>καὶ</strong></span> <span class='ocrx_word' id='word_1_187' title='bbox 959 2598 1037 2669; x_wconf 84' lang='grc' dir='ltr'><strong>τῷ</strong></span> <span class='ocrx_word' id='word_1_188' title='bbox 1095 2599 1195 2670; x_wconf 82' lang='grc' dir='ltr'>τῆς</span> <span class='ocrx_word' id='word_1_189' title='bbox 1227 2601 1448 2671; x_wconf 79' lang='grc' dir='ltr'>εἰρήνης</span> <span class='ocrx_word' id='word_1_190' title='bbox 1502 2599 1746 2669; x_wconf 84' lang='grc' dir='ltr'>ὀνόματι,</span> 
     </span>
    </p>
   </div>
   <div class='ocr_carea' id='block_1_30' title="bbox 162 2687 1747 2761">
    <p class='ocr_par' dir='ltr' id='par_1_30' title="bbox 162 2687 1747 2761">
     <span class='ocr_line' id='line_1_30' title="bbox 162 2687 1747 2761; baseline -0.001 -19"><span class='ocrx_word' id='word_1_191' title='bbox 162 2689 233 2742; x_wconf 82' lang='grc' dir='ltr'>δι’</span> <span class='ocrx_word' id='word_1_192' title='bbox 271 2689 618 2761; x_wconf 79' lang='grc' dir='ltr'>ὑποκρίσεως</span> <span class='ocrx_word' id='word_1_193' title='bbox 654 2691 748 2742; x_wconf 81' lang='grc' dir='ltr'><strong>καὶ</strong></span> <span class='ocrx_word' id='word_1_194' title='bbox 778 2687 1066 2753; x_wconf 85' lang='grc' dir='ltr'>κολακείας</span> <span class='ocrx_word' id='word_1_195' title='bbox 1095 2689 1400 2761; x_wconf 84' lang='grc' dir='ltr'>γράμματα</span> <span class='ocrx_word' id='word_1_196' title='bbox 1427 2689 1626 2742; x_wconf 89' lang='grc' dir='ltr'>διδόναι</span> <span class='ocrx_word' id='word_1_197' title='bbox 1652 2689 1747 2741; x_wconf 84' lang='grc' dir='ltr'>καὶ</span> 
     </span>
    </p>
   </div>
   <div class='ocr_carea' id='block_1_31' title="bbox 161 2780 1746 2852">
    <p class='ocr_par' dir='ltr' id='par_1_31' title="bbox 161 2780 1746 2852">
     <span class='ocr_line' id='line_1_31' title="bbox 161 2780 1746 2852; baseline 0.001 -20"><span class='ocrx_word' id='word_1_198' title='bbox 161 2780 490 2851; x_wconf 85' lang='grc' dir='ltr'>λαμϐάνειν,</span> <span class='ocrx_word' id='word_1_199' title='bbox 523 2781 657 2852; x_wconf 84' lang='grc' dir='ltr'>πρὸς</span> <span class='ocrx_word' id='word_1_200' title='bbox 679 2781 740 2834; x_wconf 85' lang='grc' dir='ltr'><strong>τὸ</strong></span> <span class='ocrx_word' id='word_1_201' title='bbox 768 2780 976 2834; x_wconf 81' lang='grc' dir='ltr'>πλανᾶν</span> <span class='ocrx_word' id='word_1_202' title='bbox 1013 2780 1102 2833; x_wconf 80' lang='grc' dir='ltr'><strong>διὰ</strong></span> <span class='ocrx_word' id='word_1_203' title='bbox 1122 2781 1326 2835; x_wconf 91' lang='grc' dir='ltr'>τούτων</span> <span class='ocrx_word' id='word_1_204' title='bbox 1348 2782 1417 2834; x_wconf 85' lang='grc' dir='ltr'><strong>τὰ</strong></span> <span class='ocrx_word' id='word_1_205' title='bbox 1449 2781 1539 2834; x_wconf 84' lang='grc' dir='ltr'>ὑπ’</span> <span class='ocrx_word' id='word_1_206' title='bbox 1569 2780 1746 2834; x_wconf 81' lang='grc' dir='ltr'>αὐτῶν</span> 
     </span>
    </p>
   </div>
   <div class='ocr_carea' id='block_1_32' title="bbox 1883 487 3450 560">
    <p class='ocr_par' dir='ltr' id='par_1_32' title="bbox 1883 487 3450 560">
     <span class='ocr_line' id='line_1_32' title="bbox 1883 487 3450 560; baseline -0.001 -14"><span class='ocrx_word' id='word_1_207' title='bbox 1883 487 2098 560; x_wconf 87' lang='lat' dir='ltr'><strong>singula</strong></span> <span class='ocrx_word' id='word_1_208' title='bbox 2130 494 2385 544; x_wconf 88' lang='lat' dir='ltr'><strong>accurate</strong></span> <span class='ocrx_word' id='word_1_209' title='bbox 2413 487 2666 560; x_wconf 86' lang='lat' dir='ltr'><strong>persequi</strong></span> <span class='ocrx_word' id='word_1_210' title='bbox 2700 487 3070 558; x_wconf 90' lang='lat' dir='ltr'><strong>importunum</strong></span> <span class='ocrx_word' id='word_1_211' title='bbox 3115 489 3411 545; x_wconf 77' lang='lat' dir='ltr'><strong>arbitratus</strong></span> <span class='ocrx_word' id='word_1_212' title='bbox 3431 527 3450 556; x_wconf 88' lang='lat'><strong>,</strong></span> 
     </span>
    </p>
   </div>
   <div class='ocr_carea' id='block_1_33' title="bbox 1879 578 3450 652">
    <p class='ocr_par' dir='ltr' id='par_1_33' title="bbox 1879 578 3450 652">
     <span class='ocr_line' id='line_1_33' title="bbox 1879 578 3450 652; baseline 0.001 -18"><span class='ocrx_word' id='word_1_213' title='bbox 1879 587 1940 634; x_wconf 92' lang='lat' dir='ltr'><strong>ut</strong></span> <span class='ocrx_word' id='word_1_214' title='bbox 1971 585 2130 635; x_wconf 87' lang='lat' dir='ltr'><strong>antea</strong></span> <span class='ocrx_word' id='word_1_215' title='bbox 2158 578 2304 645; x_wconf 79' lang='lat' dir='ltr'><strong>di&#39;xi,</strong></span> <span class='ocrx_word' id='word_1_216' title='bbox 2341 595 2409 636; x_wconf 87' lang='lat' dir='ltr'><strong>eo</strong></span> <span class='ocrx_word' id='word_1_217' title='bbox 2442 579 2587 650; x_wconf 91' lang='lat' dir='ltr'><strong>quod</strong></span> <span class='ocrx_word' id='word_1_218' title='bbox 2617 579 2923 650; x_wconf 79' lang='lat' dir='ltr'><strong>religiosam</strong></span> <span class='ocrx_word' id='word_1_219' title='bbox 2953 587 3188 636; x_wconf 78' lang='lat' dir='ltr'><strong>vestram</strong></span> <span class='ocrx_word' id='word_1_220' title='bbox 3217 580 3450 652; x_wconf 71' lang='lat' dir='ltr'><strong>diligen-</strong></span> 
     </span>
    </p>
   </div>
   <div class='ocr_carea' id='block_1_34' title="bbox 1877 669 3447 741">
    <p class='ocr_par' dir='ltr' id='par_1_34' title="bbox 1877 669 3447 741">
     <span class='ocr_line' id='line_1_34' title="bbox 1877 669 3447 741; baseline 0.001 -17"><span class='ocrx_word' id='word_1_221' title='bbox 1877 669 2006 724; x_wconf 90' lang='lat' dir='ltr'><strong>tiam</strong></span> <span class='ocrx_word' id='word_1_222' title='bbox 2037 685 2146 724; x_wconf 92' lang='lat' dir='ltr'><strong>non</strong></span> <span class='ocrx_word' id='word_1_223' title='bbox 2181 670 2403 726; x_wconf 85' lang='lat' dir='ltr'><strong>lateant.</strong></span> <span class='ocrx_word' id='word_1_224' title='bbox 2458 669 2582 725; x_wconf 69' lang='lat' dir='ltr'><strong>Hzec</strong></span> <span class='ocrx_word' id='word_1_225' title='bbox 2611 670 2894 735; x_wconf 89' lang='lat' dir='ltr'><strong>docemus,</strong></span> <span class='ocrx_word' id='word_1_226' title='bbox 2925 670 3040 725; x_wconf 63' lang='lat' dir='ltr'><strong>haec</strong></span> <span class='ocrx_word' id='word_1_227' title='bbox 3065 670 3447 741; x_wconf 70' lang='lat' dir='ltr'><strong>praedicamus.</strong></span> 
     </span>
    </p>
   </div>
   <div class='ocr_carea' id='block_1_35' title="bbox 1877 757 3448 834">
    <p class='ocr_par' dir='ltr' id='par_1_35' title="bbox 1877 757 3448 834">
     <span class='ocr_line' id='line_1_35' title="bbox 1877 757 3448 834; baseline 0.004 -22"><span class='ocrx_word' id='word_1_228' title='bbox 1877 757 2003 814; x_wconf 66' lang='lat' dir='ltr'><strong>Haec</strong></span> <span class='ocrx_word' id='word_1_229' title='bbox 2047 768 2175 814; x_wconf 92' lang='lat' dir='ltr'><strong>sunt</strong></span> <span class='ocrx_word' id='word_1_230' title='bbox 2231 761 2531 831; x_wconf 82' lang='lat' dir='ltr'><strong>apostolica</strong></span> <span class='ocrx_word' id='word_1_231' title='bbox 2568 758 2826 816; x_wconf 66' lang='lat' dir='ltr'><strong>Ecclesia!</strong></span> <span class='ocrx_word' id='word_1_232' title='bbox 2873 761 3162 832; x_wconf 79' lang='lat' dir='ltr'><strong>dogmata,</strong></span> <span class='ocrx_word' id='word_1_233' title='bbox 3195 778 3295 832; x_wconf 89' lang='lat' dir='ltr'><strong>pro</strong></span> <span class='ocrx_word' id='word_1_234' title='bbox 3322 763 3448 834; x_wconf 69' lang='lat' dir='ltr'><strong>qui~</strong></span> 
     </span>
    </p>
   </div>
   <div class='ocr_carea' id='block_1_36' title="bbox 1875 849 3448 922">
    <p class='ocr_par' dir='ltr' id='par_1_36' title="bbox 1875 849 3448 922">
     <span class='ocr_line' id='line_1_36' title="bbox 1875 849 3448 922; baseline 0.003 -19"><span class='ocrx_word' id='word_1_235' title='bbox 1875 849 1977 904; x_wconf 92' lang='lat' dir='ltr'><strong>bus</strong></span> <span class='ocrx_word' id='word_1_236' title='bbox 2003 858 2231 904; x_wconf 89' lang='lat' dir='ltr'><strong>mortem</strong></span> <span class='ocrx_word' id='word_1_237' title='bbox 2258 865 2475 921; x_wconf 90' lang='lat' dir='ltr'><strong>quoque</strong></span> <span class='ocrx_word' id='word_1_238' title='bbox 2505 851 2737 905; x_wconf 88' lang='lat' dir='ltr'><strong>libenter</strong></span> <span class='ocrx_word' id='word_1_239' title='bbox 2783 851 3090 922; x_wconf 85' lang='lat' dir='ltr'><strong>oppetimus</strong></span> <span class='ocrx_word' id='word_1_240' title='bbox 3111 891 3126 916; x_wconf 95' lang='lat'><strong>,</strong></span> <span class='ocrx_word' id='word_1_241' title='bbox 3158 854 3310 922; x_wconf 87' lang='lat' dir='ltr'><strong>parvi</strong></span> <span class='ocrx_word' id='word_1_242' title='bbox 3366 853 3448 907; x_wconf 86' lang='lat' dir='ltr'><strong>fa-</strong></span> 
     </span>
    </p>
   </div>
   <div class='ocr_carea' id='block_1_37' title="bbox 1873 939 3445 1012">
    <p class='ocr_par' dir='ltr' id='par_1_37' title="bbox 1873 939 3445 1012">
     <span class='ocr_line' id='line_1_37' title="bbox 1873 939 3445 1012; baseline 0.001 -18"><span class='ocrx_word' id='word_1_243' title='bbox 1873 939 2078 997; x_wconf 81' lang='lat' dir='ltr'><strong>cientes</strong></span> <span class='ocrx_word' id='word_1_244' title='bbox 2103 942 2316 1010; x_wconf 71' lang='lat' dir='ltr'><strong>eos&#39;qui</strong></span> <span class='ocrx_word' id='word_1_245' title='bbox 2349 957 2449 996; x_wconf 91' lang='lat' dir='ltr'><strong>nos</strong></span> <span class='ocrx_word' id='word_1_246' title='bbox 2491 940 2596 995; x_wconf 86' lang='lat' dir='ltr'><strong>ista</strong></span> <span class='ocrx_word' id='word_1_247' title='bbox 2626 957 2825 1012; x_wconf 89' lang='lat' dir='ltr'><strong>negare</strong></span> <span class='ocrx_word' id='word_1_248' title='bbox 2868 942 3231 1012; x_wconf 87' lang='lat' dir='ltr'><strong>compellunt,</strong></span> <span class='ocrx_word' id='word_1_249' title='bbox 3263 959 3445 1012; x_wconf 89' lang='lat' dir='ltr'><strong>spem-</strong></span> 
     </span>
    </p>
   </div>
   <div class='ocr_carea' id='block_1_38' title="bbox 1872 1031 3446 1102">
    <p class='ocr_par' dir='ltr' id='par_1_38' title="bbox 1872 1031 3446 1102">
     <span class='ocr_line' id='line_1_38' title="bbox 1872 1031 3446 1102; baseline 0.001 -17"><span class='ocrx_word' id='word_1_250' title='bbox 1872 1047 1978 1102; x_wconf 87' lang='lat' dir='ltr'><strong>que</strong></span> <span class='ocrx_word' id='word_1_251' title='bbox 2004 1031 2058 1085; x_wconf 94' lang='lat' dir='ltr'><strong>in</strong></span> <span class='ocrx_word' id='word_1_252' title='bbox 2085 1031 2154 1086; x_wconf 91' lang='lat' dir='ltr'><strong>iis</strong></span> <span class='ocrx_word' id='word_1_253' title='bbox 2187 1031 2420 1101; x_wconf 88' lang='lat' dir='ltr'><strong>positam</strong></span> <span class='ocrx_word' id='word_1_254' title='bbox 2453 1047 2561 1086; x_wconf 90' lang='lat' dir='ltr'><strong>non</strong></span> <span class='ocrx_word' id='word_1_255' title='bbox 2609 1032 2928 1102; x_wconf 89' lang='lat' dir='ltr'><strong>abjicientes</strong></span> <span class='ocrx_word' id='word_1_256' title='bbox 2951 1071 2966 1095; x_wconf 94' lang='lat'><strong>,</strong></span> <span class='ocrx_word' id='word_1_257' title='bbox 3002 1031 3128 1085; x_wconf 90' lang='lat' dir='ltr'><strong>licet</strong></span> <span class='ocrx_word' id='word_1_258' title='bbox 3188 1033 3280 1087; x_wconf 90' lang='lat' dir='ltr'><strong>isti</strong></span> <span class='ocrx_word' id='word_1_259' title='bbox 3329 1041 3446 1086; x_wconf 80' lang='lat' dir='ltr'><strong>tor-</strong></span> 
     </span>
    </p>
   </div>
   <div class='ocr_carea' id='block_1_39' title="bbox 1873 1121 3443 1189">
    <p class='ocr_par' dir='ltr' id='par_1_39' title="bbox 1873 1121 3443 1189">
     <span class='ocr_line' id='line_1_39' title="bbox 1873 1121 3443 1189; baseline 0.002 -12"><span class='ocrx_word' id='word_1_260' title='bbox 1873 1123 2071 1178; x_wconf 88' lang='lat' dir='ltr'><strong>mentis</strong></span> <span class='ocrx_word' id='word_1_261' title='bbox 2099 1122 2358 1178; x_wconf 87' lang='lat' dir='ltr'><strong>adhibitis</strong></span> <span class='ocrx_word' id='word_1_262' title='bbox 2407 1123 2514 1177; x_wconf 90' lang='lat' dir='ltr'><strong>vim</strong></span> <span class='ocrx_word' id='word_1_263' title='bbox 2557 1121 2802 1178; x_wconf 70' lang='lat' dir='ltr'><strong>aderant.</strong></span> <span class='ocrx_word' id='word_1_264' title='bbox 2850 1121 3061 1189; x_wconf 88' lang='lat' dir='ltr'><strong>Quibus</strong></span> <span class='ocrx_word' id='word_1_265' title='bbox 3091 1122 3443 1180; x_wconf 85' lang='lat' dir='ltr'><strong>adversantes</strong></span> 
     </span>
    </p>
   </div>
   <div class='ocr_carea' id='block_1_40' title="bbox 1869 1216 3442 1287">
    <p class='ocr_par' dir='ltr' id='par_1_40' title="bbox 1869 1216 3442 1287">
     <span class='ocr_line' id='line_1_40' title="bbox 1869 1216 3442 1287; baseline 0.002 -17"><span class='ocrx_word' id='word_1_266' title='bbox 1869 1217 2034 1272; x_wconf 83' lang='lat' dir='ltr'><strong>Arius</strong></span> <span class='ocrx_word' id='word_1_267' title='bbox 2064 1223 2117 1272; x_wconf 87' lang='lat' dir='ltr'><strong>et</strong></span> <span class='ocrx_word' id='word_1_268' title='bbox 2140 1216 2399 1279; x_wconf 87' lang='lat' dir='ltr'><strong>Achillas,</strong></span> <span class='ocrx_word' id='word_1_269' title='bbox 2431 1227 2482 1271; x_wconf 90' lang='lat' dir='ltr'><strong>et</strong></span> <span class='ocrx_word' id='word_1_270' title='bbox 2521 1217 2614 1287; x_wconf 90' lang='lat' dir='ltr'><strong>qui</strong></span> <span class='ocrx_word' id='word_1_271' title='bbox 2650 1231 2772 1271; x_wconf 92' lang='lat' dir='ltr'><strong>cum</strong></span> <span class='ocrx_word' id='word_1_272' title='bbox 2815 1217 2923 1272; x_wconf 91' lang='lat' dir='ltr'><strong>illis</strong></span> <span class='ocrx_word' id='word_1_273' title='bbox 2958 1224 3086 1271; x_wconf 85' lang='lat' dir='ltr'><strong>sunt</strong></span> <span class='ocrx_word' id='word_1_274' title='bbox 3133 1217 3317 1272; x_wconf 85' lang='lat' dir='ltr'><strong>hostes</strong></span> <span class='ocrx_word' id='word_1_275' title='bbox 3350 1233 3442 1273; x_wconf 78' lang='grc' dir='ltr'>νε·-</span> 
     </span>
    </p>
   </div>
   <div class='ocr_carea' id='block_1_41' title="bbox 1868 1307 3439 1380">
    <p class='ocr_par' dir='ltr' id='par_1_41' title="bbox 1868 1307 3439 1380">
     <span class='ocr_line' id='line_1_41' title="bbox 1868 1307 3439 1380; baseline 0.001 -20"><span class='ocrx_word' id='word_1_276' title='bbox 1868 1309 2068 1372; x_wconf 91' lang='lat' dir='ltr'><strong>ritatis,</strong></span> <span class='ocrx_word' id='word_1_277' title='bbox 2095 1307 2339 1364; x_wconf 83' lang='lat' dir='ltr'><strong>Ecclesia</strong></span> <span class='ocrx_word' id='word_1_278' title='bbox 2365 1309 2578 1380; x_wconf 76' lang='lat' dir='ltr'><strong>expulsi</strong></span> <span class='ocrx_word' id='word_1_279' title='bbox 2605 1316 2752 1373; x_wconf 88' lang='lat' dir='ltr'><strong>sunt,</strong></span> <span class='ocrx_word' id='word_1_280' title='bbox 2778 1317 2964 1380; x_wconf 86' lang='lat' dir='ltr'><strong>utpote</strong></span> <span class='ocrx_word' id='word_1_281' title='bbox 2988 1308 3147 1364; x_wconf 86' lang='lat' dir='ltr'><strong>alieni</strong></span> <span class='ocrx_word' id='word_1_282' title='bbox 3182 1323 3214 1362; x_wconf 89' lang='lat' dir='ltr'><strong>a</strong></span> <span class='ocrx_word' id='word_1_283' title='bbox 3252 1319 3439 1364; x_wconf 88' lang='lat' dir='ltr'><strong>nostra</strong></span> 
     </span>
    </p>
   </div>
   <div class='ocr_carea' id='block_1_42' title="bbox 1869 1399 3440 1472">
    <p class='ocr_par' dir='ltr' id='par_1_42' title="bbox 1869 1399 3440 1472">
     <span class='ocr_line' id='line_1_42' title="bbox 1869 1399 3440 1472; baseline 0.003 -20"><span class='ocrx_word' id='word_1_284' title='bbox 1869 1401 1956 1470; x_wconf 91' lang='lat' dir='ltr'><strong>pia</strong></span> <span class='ocrx_word' id='word_1_285' title='bbox 1989 1399 2260 1464; x_wconf 87' lang='lat' dir='ltr'><strong>doctrina,</strong></span> <span class='ocrx_word' id='word_1_286' title='bbox 2289 1400 2444 1470; x_wconf 83' lang='lat' dir='ltr'><strong>juxta</strong></span> <span class='ocrx_word' id='word_1_287' title='bbox 2490 1401 2708 1457; x_wconf 87' lang='lat' dir='ltr'><strong>beatum</strong></span> <span class='ocrx_word' id='word_1_288' title='bbox 2751 1401 3010 1465; x_wconf 87' lang='lat' dir='ltr'><strong>Paulum,</strong></span> <span class='ocrx_word' id='word_1_289' title='bbox 3045 1403 3135 1472; x_wconf 92' lang='lat' dir='ltr'><strong>qui</strong></span> <span class='ocrx_word' id='word_1_290' title='bbox 3166 1404 3239 1456; x_wconf 84' lang='lat' dir='ltr'><strong>ait</strong></span> <span class='ocrx_word' id='word_1_291' title='bbox 3263 1403 3346 1460; x_wconf 74' lang='lat' dir='ltr'><strong>“z</strong></span> <span class='ocrx_word' id='word_1_292' title='bbox 3380 1403 3440 1459; x_wconf 88' lang='lat' dir='ltr'><strong>Si</strong></span> 
     </span>
    </p>
   </div>
   <div class='ocr_carea' id='block_1_43' title="bbox 1867 1491 3436 1566">
    <p class='ocr_par' dir='ltr' id='par_1_43' title="bbox 1867 1491 3436 1566">
     <span class='ocr_line' id='line_1_43' title="bbox 1867 1491 3436 1566; baseline 0.004 -22"><span class='ocrx_word' id='word_1_293' title='bbox 1867 1492 1982 1563; x_wconf 88' lang='lat' dir='ltr'><strong>quis</strong></span> <span class='ocrx_word' id='word_1_294' title='bbox 2009 1491 2151 1547; x_wconf 84' lang='lat' dir='ltr'><strong>vobis</strong></span> <span class='ocrx_word' id='word_1_295' title='bbox 2181 1494 2612 1566; x_wconf 82' lang='lat' dir='ltr'><strong>evangelizaverit</strong></span> <span class='ocrx_word' id='word_1_296' title='bbox 2659 1505 2851 1562; x_wconf 79' lang='lat' dir='ltr'><strong>prwter</strong></span> <span class='ocrx_word' id='word_1_297' title='bbox 2891 1496 2944 1549; x_wconf 92' lang='lat' dir='ltr'><strong>id</strong></span> <span class='ocrx_word' id='word_1_298' title='bbox 2973 1496 3107 1566; x_wconf 84' lang='lat' dir='ltr'><strong>quod</strong></span> <span class='ocrx_word' id='word_1_299' title='bbox 3135 1497 3436 1564; x_wconf 81' lang='lat' dir='ltr'><strong>accepistis,</strong></span> 
     </span>
    </p>
   </div>
   <div class='ocr_carea' id='block_1_44' title="bbox 1865 1582 3434 1655">
    <p class='ocr_par' dir='ltr' id='par_1_44' title="bbox 1865 1582 3434 1655">
     <span class='ocr_line' id='line_1_44' title="bbox 1865 1582 3434 1655; baseline 0.003 -19"><span class='ocrx_word' id='word_1_300' title='bbox 1865 1582 2147 1636; x_wconf 82' lang='lat' dir='ltr'><strong>anathema</strong></span> <span class='ocrx_word' id='word_1_301' title='bbox 2191 1586 2298 1650; x_wconf 88' lang='lat' dir='ltr'><strong>sit;</strong></span> <span class='ocrx_word' id='word_1_302' title='bbox 2348 1585 2471 1642; x_wconf 88' lang='lat' dir='ltr'><strong>licet</strong></span> <span class='ocrx_word' id='word_1_303' title='bbox 2513 1585 2752 1655; x_wconf 82' lang='lat' dir='ltr'><strong>angelum</strong></span> <span class='ocrx_word' id='word_1_304' title='bbox 2775 1586 2837 1640; x_wconf 91' lang='lat' dir='ltr'><strong>de</strong></span> <span class='ocrx_word' id='word_1_305' title='bbox 2851 1586 2977 1640; x_wconf 74' lang='lat' dir='ltr'><strong>caelo</strong></span> <span class='ocrx_word' id='word_1_306' title='bbox 2995 1603 3048 1640; x_wconf 84' lang='lat' dir='ltr'><strong>se</strong></span> <span class='ocrx_word' id='word_1_307' title='bbox 3067 1603 3175 1641; x_wconf 84' lang='lat' dir='ltr'><strong>esse</strong></span> <span class='ocrx_word' id='word_1_308' title='bbox 3199 1586 3434 1642; x_wconf 88' lang='lat' dir='ltr'><strong>simulet.</strong></span> 
     </span>
    </p>
   </div>
   <div class='ocr_carea' id='block_1_45' title="bbox 1869 1672 3440 1748">
    <p class='ocr_par' dir='ltr' id='par_1_45' title="bbox 1869 1672 3440 1748">
     <span class='ocr_line' id='line_1_45' title="bbox 1869 1672 3440 1748; baseline 0.004 -22"><span class='ocrx_word' id='word_1_309' title='bbox 1869 1672 1974 1729; x_wconf 91' lang='lat' dir='ltr'><strong>Sed</strong></span> <span class='ocrx_word' id='word_1_310' title='bbox 2006 1685 2078 1738; x_wconf 90' lang='lat' dir='ltr'><strong>et,</strong></span> <span class='ocrx_word' id='word_1_311' title='bbox 2116 1674 2178 1730; x_wconf 89' lang='lat' dir='ltr'><strong>Si</strong></span> <span class='ocrx_word' id='word_1_312' title='bbox 2217 1677 2333 1745; x_wconf 85' lang='lat' dir='ltr'><strong>quis</strong></span> <span class='ocrx_word' id='word_1_313' title='bbox 2372 1675 2520 1729; x_wconf 85' lang='lat' dir='ltr'><strong>aliud</strong></span> <span class='ocrx_word' id='word_1_314' title='bbox 2548 1679 2766 1741; x_wconf 88' lang='lat' dir='ltr'><strong>doceat,</strong></span> <span class='ocrx_word' id='word_1_315' title='bbox 2798 1688 2846 1731; x_wconf 90' lang='lat' dir='ltr'><strong>et</strong></span> <span class='ocrx_word' id='word_1_316' title='bbox 2878 1696 2978 1732; x_wconf 87' lang='lat' dir='ltr'><strong>non</strong></span> <span class='ocrx_word' id='word_1_317' title='bbox 3026 1680 3320 1748; x_wconf 83' lang='lat' dir='ltr'><strong>acquiescat</strong></span> <span class='ocrx_word' id='word_1_318' title='bbox 3350 1696 3440 1733; x_wconf 79' lang='lat' dir='ltr'><strong>sa-</strong></span> 
     </span>
    </p>
   </div>
   <div class='ocr_carea' id='block_1_46' title="bbox 1863 1769 3437 1835">
    <p class='ocr_par' dir='ltr' id='par_1_46' title="bbox 1863 1769 3437 1835">
     <span class='ocr_line' id='line_1_46' title="bbox 1863 1769 3437 1835; baseline 0.001 -12"><span class='ocrx_word' id='word_1_319' title='bbox 1863 1770 1967 1824; x_wconf 88' lang='lat' dir='ltr'><strong>cris</strong></span> <span class='ocrx_word' id='word_1_320' title='bbox 1997 1769 2322 1824; x_wconf 78' lang='lat' dir='ltr'><strong>sermonibus</strong></span> <span class='ocrx_word' id='word_1_321' title='bbox 2361 1769 2575 1824; x_wconf 86' lang='lat' dir='ltr'><strong>Domini</strong></span> <span class='ocrx_word' id='word_1_322' title='bbox 2621 1773 2789 1824; x_wconf 82' lang='lat' dir='ltr'><strong>nostri</strong></span> <span class='ocrx_word' id='word_1_323' title='bbox 2838 1769 2967 1825; x_wconf 79' lang='lat' dir='ltr'><strong>Iesu</strong></span> <span class='ocrx_word' id='word_1_324' title='bbox 3015 1769 3249 1835; x_wconf 81' lang='lat' dir='ltr'><strong>Christi,</strong></span> <span class='ocrx_word' id='word_1_325' title='bbox 3297 1779 3346 1824; x_wconf 93' lang='lat' dir='ltr'><strong>et</strong></span> <span class='ocrx_word' id='word_1_326' title='bbox 3391 1771 3437 1824; x_wconf 85' lang='lat' dir='ltr'><strong>ei</strong></span> 
     </span>
    </p>
   </div>
   <div class='ocr_carea' id='block_1_47' title="bbox 1862 1858 3437 1930">
    <p class='ocr_par' dir='ltr' id='par_1_47' title="bbox 1862 1858 3437 1930">
     <span class='ocr_line' id='line_1_47' title="bbox 1862 1858 3437 1930; baseline 0.003 -19"><span class='ocrx_word' id='word_1_327' title='bbox 1862 1875 1978 1929; x_wconf 77' lang='lat' dir='ltr'><strong>qua:</strong></span> <span class='ocrx_word' id='word_1_328' title='bbox 2000 1858 2284 1913; x_wconf 86' lang='lat' dir='ltr'><strong>secundum</strong></span> <span class='ocrx_word' id='word_1_329' title='bbox 2325 1861 2568 1927; x_wconf 80' lang='lat' dir='ltr'><strong>pietatem</strong></span> <span class='ocrx_word' id='word_1_330' title='bbox 2605 1871 2678 1914; x_wconf 86' lang='lat' dir='ltr'><strong>est</strong></span> <span class='ocrx_word' id='word_1_331' title='bbox 2713 1860 2967 1914; x_wconf 73' lang='lat' dir='ltr'><strong>doctrinm</strong></span> <span class='ocrx_word' id='word_1_332' title='bbox 2990 1877 3009 1924; x_wconf 89' lang='lat'><strong><em>;</em></strong></span> <span class='ocrx_word' id='word_1_333' title='bbox 3040 1863 3083 1915; x_wconf 82' lang='lat' dir='ltr'><strong>is</strong></span> <span class='ocrx_word' id='word_1_334' title='bbox 3109 1861 3330 1930; x_wconf 83' lang='lat' dir='ltr'><strong>inﬂatur</strong></span> <span class='ocrx_word' id='word_1_335' title='bbox 3355 1861 3437 1915; x_wconf 86' lang='lat' dir='ltr'><strong>ni-</strong></span> 
     </span>
    </p>
   </div>
   <div class='ocr_carea' id='block_1_48' title="bbox 1863 1949 3442 2021">
    <p class='ocr_par' dir='ltr' id='par_1_48' title="bbox 1863 1949 3442 2021">
     <span class='ocr_line' id='line_1_48' title="bbox 1863 1949 3442 2021; baseline 0.003 -21"><span class='ocrx_word' id='word_1_336' title='bbox 1863 1949 1939 2002; x_wconf 81' lang='lat' dir='ltr'><strong>hil</strong></span> <span class='ocrx_word' id='word_1_337' title='bbox 1969 1951 2134 2006; x_wconf 79' lang='lat' dir='ltr'><strong>sciens</strong></span> <span class='ocrx_word' id='word_1_338' title='bbox 2164 1951 2207 1982; x_wconf 73' lang='grc' dir='ltr'><strong>³τ</strong></span> <span class='ocrx_word' id='word_1_339' title='bbox 2240 1970 2252 2005; x_wconf 89' lang='lat'><strong>:</strong></span> <span class='ocrx_word' id='word_1_340' title='bbox 2287 1959 2341 2004; x_wconf 90' lang='lat' dir='ltr'><strong>et</strong></span> <span class='ocrx_word' id='word_1_341' title='bbox 2372 1966 2493 2021; x_wconf 58' lang='lat' dir='ltr'><strong>qua:</strong></span> <span class='ocrx_word' id='word_1_342' title='bbox 2532 1959 2854 2021; x_wconf 87' lang='lat' dir='ltr'><strong>sequuntur.</strong></span> <span class='ocrx_word' id='word_1_343' title='bbox 2889 1951 3000 2006; x_wconf 89' lang='lat' dir='ltr'><strong>llos</strong></span> <span class='ocrx_word' id='word_1_344' title='bbox 3040 1952 3204 2020; x_wconf 82' lang='lat' dir='ltr'><strong>igitur</strong></span> <span class='ocrx_word' id='word_1_345' title='bbox 3227 1951 3294 2005; x_wconf 92' lang='lat' dir='ltr'><strong>ab</strong></span> <span class='ocrx_word' id='word_1_346' title='bbox 3322 1953 3442 2005; x_wconf 86' lang='lat' dir='ltr'><strong>uni-</strong></span> 
     </span>
    </p>
   </div>
   <div class='ocr_carea' id='block_1_49' title="bbox 1861 2042 3435 2099">
    <p class='ocr_par' dir='ltr' id='par_1_49' title="bbox 1861 2042 3435 2099">
     <span class='ocr_line' id='line_1_49' title="bbox 1861 2042 3435 2099; baseline 0.001 -4"><span class='ocrx_word' id='word_1_347' title='bbox 1861 2042 2034 2096; x_wconf 87' lang='lat' dir='ltr'><strong>versis</strong></span> <span class='ocrx_word' id='word_1_348' title='bbox 2105 2042 2369 2098; x_wconf 84' lang='lat' dir='ltr'><strong>fratribus</strong></span> <span class='ocrx_word' id='word_1_349' title='bbox 2427 2044 2915 2098; x_wconf 87' lang='lat' dir='ltr'><strong>anathematizatos</strong></span> <span class='ocrx_word' id='word_1_350' title='bbox 2978 2060 3138 2099; x_wconf 89' lang='lat' dir='ltr'><strong>nemo</strong></span> <span class='ocrx_word' id='word_1_351' title='bbox 3194 2051 3435 2099; x_wconf 86' lang='lat' dir='ltr'><strong>vestrum</strong></span> 
     </span>
    </p>
   </div>
   <div class='ocr_carea' id='block_1_50' title="bbox 1862 2134 3438 2204">
    <p class='ocr_par' dir='ltr' id='par_1_50' title="bbox 1862 2134 3438 2204">
     <span class='ocr_line' id='line_1_50' title="bbox 1862 2134 3438 2204; baseline 0.001 -18"><span class='ocrx_word' id='word_1_352' title='bbox 1862 2134 2146 2204; x_wconf 83' lang='lat' dir='ltr'><strong>suscipiat,</strong></span> <span class='ocrx_word' id='word_1_353' title='bbox 2173 2150 2273 2189; x_wconf 92' lang='lat' dir='ltr'><strong>nec</strong></span> <span class='ocrx_word' id='word_1_354' title='bbox 2299 2149 2362 2189; x_wconf 88' lang='lat' dir='ltr'><strong>ea</strong></span> <span class='ocrx_word' id='word_1_355' title='bbox 2384 2150 2504 2204; x_wconf 62' lang='lat' dir='ltr'><strong>qua!</strong></span> <span class='ocrx_word' id='word_1_356' title='bbox 2534 2135 2602 2189; x_wconf 91' lang='lat' dir='ltr'><strong>ab</strong></span> <span class='ocrx_word' id='word_1_357' title='bbox 2635 2135 2742 2189; x_wconf 90' lang='lat' dir='ltr'><strong>illis</strong></span> <span class='ocrx_word' id='word_1_358' title='bbox 2767 2142 2859 2189; x_wconf 91' lang='lat' dir='ltr'><strong>aut</strong></span> <span class='ocrx_word' id='word_1_359' title='bbox 2889 2135 3147 2188; x_wconf 90' lang='lat' dir='ltr'><strong>dicuntur</strong></span> <span class='ocrx_word' id='word_1_360' title='bbox 3177 2143 3269 2188; x_wconf 87' lang='lat' dir='ltr'><strong>aut</strong></span> <span class='ocrx_word' id='word_1_361' title='bbox 3299 2135 3438 2190; x_wconf 78' lang='lat' dir='ltr'><strong>scri-</strong></span> 
     </span>
    </p>
   </div>
   <div class='ocr_carea' id='block_1_51' title="bbox 1857 2223 3436 2298">
    <p class='ocr_par' dir='ltr' id='par_1_51' title="bbox 1857 2223 3436 2298">
     <span class='ocr_line' id='line_1_51' title="bbox 1857 2223 3436 2298; baseline 0.001 -19"><span class='ocrx_word' id='word_1_362' title='bbox 1857 2223 2061 2279; x_wconf 89' lang='lat' dir='ltr'><strong>buntur</strong></span> <span class='ocrx_word' id='word_1_363' title='bbox 2114 2225 2382 2280; x_wconf 89' lang='lat' dir='ltr'><strong>admittat.</strong></span> <span class='ocrx_word' id='word_1_364' title='bbox 2439 2225 2633 2280; x_wconf 89' lang='lat' dir='ltr'><strong>Omnia</strong></span> <span class='ocrx_word' id='word_1_365' title='bbox 2701 2227 2845 2280; x_wconf 85' lang='lat' dir='ltr'><strong>enim</strong></span> <span class='ocrx_word' id='word_1_366' title='bbox 2909 2226 3244 2280; x_wconf 88' lang='lat' dir='ltr'><strong>mentiuntur</strong></span> <span class='ocrx_word' id='word_1_367' title='bbox 3297 2242 3436 2298; x_wconf 69' lang='lat' dir='ltr'><strong>prae-</strong></span> 
     </span>
    </p>
   </div>
   <div class='ocr_carea' id='block_1_52' title="bbox 1856 2316 3432 2388">
    <p class='ocr_par' dir='ltr' id='par_1_52' title="bbox 1856 2316 3432 2388">
     <span class='ocr_line' id='line_1_52' title="bbox 1856 2316 3432 2388; baseline 0.001 -17"><span class='ocrx_word' id='word_1_368' title='bbox 1856 2316 2186 2387; x_wconf 88' lang='lat' dir='ltr'><strong>stigiatores,</strong></span> <span class='ocrx_word' id='word_1_369' title='bbox 2220 2332 2320 2371; x_wconf 89' lang='lat' dir='ltr'><strong>nec</strong></span> <span class='ocrx_word' id='word_1_370' title='bbox 2351 2319 2633 2373; x_wconf 90' lang='lat' dir='ltr'><strong>veritatem</strong></span> <span class='ocrx_word' id='word_1_371' title='bbox 2666 2333 2904 2388; x_wconf 90' lang='lat' dir='ltr'><strong>unquam</strong></span> <span class='ocrx_word' id='word_1_372' title='bbox 2946 2319 3253 2388; x_wconf 88' lang='lat' dir='ltr'><strong>loquentur.</strong></span> <span class='ocrx_word' id='word_1_373' title='bbox 3314 2317 3432 2373; x_wconf 88' lang='lat' dir='ltr'><strong>Cir-</strong></span> 
     </span>
    </p>
   </div>
   <div class='ocr_carea' id='block_1_53' title="bbox 1855 2409 3428 2480">
    <p class='ocr_par' dir='ltr' id='par_1_53' title="bbox 1855 2409 3428 2480">
     <span class='ocr_line' id='line_1_53' title="bbox 1855 2409 3428 2480; baseline 0.003 -18"><span class='ocrx_word' id='word_1_374' title='bbox 1855 2419 2114 2462; x_wconf 89' lang='lat' dir='ltr'><strong>cumeunt</strong></span> <span class='ocrx_word' id='word_1_375' title='bbox 2145 2409 2414 2480; x_wconf 90' lang='lat' dir='ltr'><strong>siquidem</strong></span> <span class='ocrx_word' id='word_1_376' title='bbox 2441 2410 2713 2474; x_wconf 75' lang='lat' dir='ltr'><strong>civitates,</strong></span> <span class='ocrx_word' id='word_1_377' title='bbox 2759 2410 2890 2463; x_wconf 83' lang='lat' dir='ltr'><strong>nihil</strong></span> <span class='ocrx_word' id='word_1_378' title='bbox 2929 2409 3076 2463; x_wconf 88' lang='lat' dir='ltr'><strong>aliud</strong></span> <span class='ocrx_word' id='word_1_379' title='bbox 3108 2411 3388 2466; x_wconf 87' lang='lat' dir='ltr'><strong>molientes</strong></span> <span class='ocrx_word' id='word_1_380' title='bbox 3412 2449 3428 2476; x_wconf 90' lang='lat'><strong>,</strong></span> 
     </span>
    </p>
   </div>
   <div class='ocr_carea' id='block_1_54' title="bbox 1854 2499 3432 2570">
    <p class='ocr_par' dir='ltr' id='par_1_54' title="bbox 1854 2499 3432 2570">
     <span class='ocr_line' id='line_1_54' title="bbox 1854 2499 3432 2570; baseline 0.001 -19"><span class='ocrx_word' id='word_1_381' title='bbox 1854 2513 2016 2568; x_wconf 90' lang='lat' dir='ltr'><strong>quam</strong></span> <span class='ocrx_word' id='word_1_382' title='bbox 2050 2509 2108 2553; x_wconf 87' lang='lat' dir='ltr'><strong>ut</strong></span> <span class='ocrx_word' id='word_1_383' title='bbox 2144 2499 2396 2554; x_wconf 64' lang='lat' dir='ltr'><strong>amicitia:</strong></span> <span class='ocrx_word' id='word_1_384' title='bbox 2427 2502 2608 2570; x_wconf 90' lang='lat' dir='ltr'><strong>specie</strong></span> <span class='ocrx_word' id='word_1_385' title='bbox 2635 2508 2690 2555; x_wconf 90' lang='lat' dir='ltr'><strong>et</strong></span> <span class='ocrx_word' id='word_1_386' title='bbox 2721 2500 2821 2554; x_wconf 92' lang='lat' dir='ltr'><strong>sub</strong></span> <span class='ocrx_word' id='word_1_387' title='bbox 2866 2499 3085 2554; x_wconf 84' lang='lat' dir='ltr'><strong>nomine</strong></span> <span class='ocrx_word' id='word_1_388' title='bbox 3114 2499 3266 2570; x_wconf 89' lang='lat' dir='ltr'><strong>pacis</strong></span> <span class='ocrx_word' id='word_1_389' title='bbox 3287 2539 3304 2564; x_wconf 93' lang='lat'><strong>,</strong></span> <span class='ocrx_word' id='word_1_390' title='bbox 3335 2515 3432 2570; x_wconf 90' lang='lat' dir='ltr'><strong>per</strong></span> 
     </span>
    </p>
   </div>
   <div class='ocr_carea' id='block_1_55' title="bbox 1855 2590 3428 2662">
    <p class='ocr_par' dir='ltr' id='par_1_55' title="bbox 1855 2590 3428 2662">
     <span class='ocr_line' id='line_1_55' title="bbox 1855 2590 3428 2662; baseline 0.003 -18"><span class='ocrx_word' id='word_1_391' title='bbox 1855 2590 2254 2646; x_wconf 88' lang='lat' dir='ltr'><strong>simulationem</strong></span> <span class='ocrx_word' id='word_1_392' title='bbox 2286 2599 2341 2646; x_wconf 92' lang='lat' dir='ltr'><strong>et</strong></span> <span class='ocrx_word' id='word_1_393' title='bbox 2369 2591 2665 2648; x_wconf 89' lang='lat' dir='ltr'><strong>blanditias</strong></span> <span class='ocrx_word' id='word_1_394' title='bbox 2689 2591 2820 2647; x_wconf 88' lang='lat' dir='ltr'><strong>dent</strong></span> <span class='ocrx_word' id='word_1_395' title='bbox 2854 2591 3062 2647; x_wconf 89' lang='lat' dir='ltr'><strong>litteras</strong></span> <span class='ocrx_word' id='word_1_396' title='bbox 3087 2601 3250 2662; x_wconf 86' lang='lat' dir='ltr'><strong>atque</strong></span> <span class='ocrx_word' id='word_1_397' title='bbox 3281 2594 3428 2648; x_wconf 84' lang='lat' dir='ltr'><strong>acci-</strong></span> 
     </span>
    </p>
   </div>
   <div class='ocr_carea' id='block_1_56' title="bbox 1851 2685 3428 2756">
    <p class='ocr_par' dir='ltr' id='par_1_56' title="bbox 1851 2685 3428 2756">
     <span class='ocr_line' id='line_1_56' title="bbox 1851 2685 3428 2756; baseline 0.001 -18"><span class='ocrx_word' id='word_1_398' title='bbox 1851 2685 2041 2756; x_wconf 89' lang='lat' dir='ltr'><strong>piant;</strong></span> <span class='ocrx_word' id='word_1_399' title='bbox 2075 2687 2275 2756; x_wconf 84' lang='lat' dir='ltr'><strong>quibus</strong></span> <span class='ocrx_word' id='word_1_400' title='bbox 2316 2686 2656 2740; x_wconf 85' lang='lat' dir='ltr'><strong>mulierculas</strong></span> <span class='ocrx_word' id='word_1_401' title='bbox 2688 2703 2889 2754; x_wconf 85' lang='lat' dir='ltr'><strong>paucas</strong></span> <span class='ocrx_word' id='word_1_402' title='bbox 2919 2686 2982 2739; x_wconf 90' lang='lat' dir='ltr'><strong>ab</strong></span> <span class='ocrx_word' id='word_1_403' title='bbox 3022 2686 3150 2756; x_wconf 83' lang='lat' dir='ltr'><strong>ipsis</strong></span> <span class='ocrx_word' id='word_1_404' title='bbox 3189 2685 3428 2754; x_wconf 84' lang='lat' dir='ltr'><strong>deceptas</strong></span> 
     </span>
    </p>
   </div>
   <div class='ocr_carea' id='block_1_57' title="bbox 1853 2777 3425 2846">
    <p class='ocr_par' dir='ltr' id='par_1_57' title="bbox 1853 2777 3425 2846">
     <span class='ocr_line' id='line_1_57' title="bbox 1853 2777 3425 2846; baseline 0.003 -16"><span class='ocrx_word' id='word_1_405' title='bbox 1853 2786 1900 2830; x_wconf 87' lang='lat' dir='ltr'><strong>et</strong></span> <span class='ocrx_word' id='word_1_406' title='bbox 1932 2778 2159 2846; x_wconf 84' lang='lat' dir='ltr'><strong>peccatis</strong></span> <span class='ocrx_word' id='word_1_407' title='bbox 2189 2788 2406 2831; x_wconf 84' lang='lat' dir='ltr'><strong>onustas</strong></span> <span class='ocrx_word' id='word_1_408' title='bbox 2440 2778 2496 2831; x_wconf 88' lang='lat' dir='ltr'><strong>in</strong></span> <span class='ocrx_word' id='word_1_409' title='bbox 2517 2794 2746 2833; x_wconf 86' lang='lat' dir='ltr'><strong>errorem</strong></span> <span class='ocrx_word' id='word_1_410' title='bbox 2768 2777 3021 2832; x_wconf 86' lang='lat' dir='ltr'><strong>inducant</strong></span> <span class='ocrx_word' id='word_1_411' title='bbox 3057 2777 3102 2810; x_wconf 84' lang='grc'>³⁸</span> <span class='ocrx_word' id='word_1_412' title='bbox 3125 2785 3177 2834; x_wconf 86' lang='lat' dir='ltr'><strong>et</strong></span> <span class='ocrx_word' id='word_1_413' title='bbox 3208 2786 3425 2834; x_wconf 65' lang='lat' dir='ltr'><strong>caetera.</strong></span> 
     </span>
    </p>
   </div>
   <div class='ocr_carea' id='block_1_58' title="bbox 159 2872 2295 2946">
    <p class='ocr_par' dir='ltr' id='par_1_58' title="bbox 159 2872 2295 2946">
     <span class='ocr_line' id='line_1_58' title="bbox 159 2872 2295 2946; baseline -0.001 -17"><span class='ocrx_word' id='word_1_414' title='bbox 159 2875 524 2946; x_wconf 70' lang='grc' dir='ltr'>ἠπατημένα</span> <span class='ocrx_word' id='word_1_415' title='bbox 545 2876 720 2945; x_wconf 74' lang='grc' dir='ltr'>ὀλίγα</span> <span class='ocrx_word' id='word_1_416' title='bbox 743 2873 1116 2944; x_wconf 74' lang='grc' dir='ltr'>γυναικάρια,</span> <span class='ocrx_word' id='word_1_417' title='bbox 1143 2875 1551 2946; x_wconf 76' lang='grc' dir='ltr'>σεσορευμένα</span> <span class='ocrx_word' id='word_1_418' title='bbox 1573 2875 1900 2945; x_wconf 79' lang='grc' dir='ltr'>ἁμαρτίαις,</span> <span class='ocrx_word' id='word_1_419' title='bbox 1934 2873 2028 2925; x_wconf 78' lang='grc' dir='ltr'><strong>καὶ</strong></span> <span class='ocrx_word' id='word_1_420' title='bbox 2056 2872 2124 2925; x_wconf 81' lang='grc' dir='ltr'>τὰ</span> <span class='ocrx_word' id='word_1_421' title='bbox 2151 2873 2295 2943; x_wconf 78' lang='grc' dir='ltr'>ὲξῆς.</span> 
     </span>
    </p>
   </div>
   <div class='ocr_carea' id='block_1_59' title="bbox 232 2988 1744 3065">
    <p class='ocr_par' dir='ltr' id='par_1_59' title="bbox 232 2988 1744 3065">
     <span class='ocr_line' id='line_1_59' title="bbox 232 2988 1744 3065; baseline -0.002 -18"><span class='ocrx_word' id='word_1_422' title='bbox 232 2991 380 3048; x_wconf 76' lang='lat' dir='ltr'><strong>XIV.</strong></span> <span class='ocrx_word' id='word_1_423' title='bbox 425 2992 659 3056; x_wconf 81' lang='grc' dir='ltr'>Τούτους</span> <span class='ocrx_word' id='word_1_424' title='bbox 687 2988 780 3046; x_wconf 80' lang='grc' dir='ltr'><strong>οὖν</strong></span> <span class='ocrx_word' id='word_1_425' title='bbox 805 2993 931 3057; x_wconf 76' lang='grc' dir='ltr'>τοὺς</span> <span class='ocrx_word' id='word_1_426' title='bbox 963 2992 1032 3046; x_wconf 81' lang='grc' dir='ltr'>τὰ</span> <span class='ocrx_word' id='word_1_427' title='bbox 1061 2992 1298 3047; x_wconf 85' lang='grc' dir='ltr'>τοσαῦτα</span> <span class='ocrx_word' id='word_1_428' title='bbox 1329 2992 1472 3047; x_wconf 86' lang='grc' dir='ltr'>κατὰ</span> <span class='ocrx_word' id='word_1_429' title='bbox 1506 2991 1744 3065; x_wconf 80' lang='grc' dir='ltr'>Χριστοῦ</span> 
     </span>
    </p>
   </div>
   <div class='ocr_carea' id='block_1_60' title="bbox 1923 2988 3426 3061">
    <p class='ocr_par' dir='ltr' id='par_1_60' title="bbox 1923 2988 3426 3061">
     <span class='ocr_line' id='line_1_60' title="bbox 1923 2988 3426 3061; baseline 0.001 -19"><span class='ocrx_word' id='word_1_430' title='bbox 1923 2988 2063 3043; x_wconf 78' lang='lat' dir='ltr'><strong>XIV.</strong></span> <span class='ocrx_word' id='word_1_431' title='bbox 2112 2988 2224 3046; x_wconf 85' lang='lat' dir='ltr'><strong>Hos</strong></span> <span class='ocrx_word' id='word_1_432' title='bbox 2253 3006 2385 3060; x_wconf 85' lang='lat' dir='ltr'><strong>ergo</strong></span> <span class='ocrx_word' id='word_1_433' title='bbox 2417 2989 2509 3061; x_wconf 92' lang='lat' dir='ltr'><strong>qui</strong></span> <span class='ocrx_word' id='word_1_434' title='bbox 2538 2997 2617 3044; x_wconf 89' lang='lat' dir='ltr'><strong>tot</strong></span> <span class='ocrx_word' id='word_1_435' title='bbox 2643 3005 2706 3045; x_wconf 89' lang='lat' dir='ltr'><strong>ac</strong></span> <span class='ocrx_word' id='word_1_436' title='bbox 2750 2997 2901 3044; x_wconf 90' lang='lat' dir='ltr'><strong>tanta</strong></span> <span class='ocrx_word' id='word_1_437' title='bbox 2933 2989 3052 3044; x_wconf 90' lang='lat' dir='ltr'><strong>ausi</strong></span> <span class='ocrx_word' id='word_1_438' title='bbox 3082 2997 3211 3046; x_wconf 93' lang='lat' dir='ltr'><strong>sunt</strong></span> <span class='ocrx_word' id='word_1_439' title='bbox 3236 2997 3426 3045; x_wconf 90' lang='lat' dir='ltr'><strong>contra</strong></span> 
     </span>
    </p>
   </div>
   <div class='ocr_carea' id='block_1_61' title="bbox 157 3083 1746 3172">
    <p class='ocr_par' dir='ltr' id='par_1_61' title="bbox 157 3083 1744 3156">
     <span class='ocr_line' id='line_1_61' title="bbox 157 3083 1744 3156; baseline 0.002 -18"><span class='ocrx_word' id='word_1_440' title='bbox 157 3085 562 3156; x_wconf 79' lang='grc' dir='ltr'>τολμήσαντας,</span> <span class='ocrx_word' id='word_1_441' title='bbox 591 3084 716 3147; x_wconf 81' lang='grc' dir='ltr'>τοὺς</span> <span class='ocrx_word' id='word_1_442' title='bbox 750 3083 841 3136; x_wconf 82' lang='grc' dir='ltr'><strong>τὸν</strong></span> <span class='ocrx_word' id='word_1_443' title='bbox 873 3084 1299 3154; x_wconf 84' lang='grc' dir='ltr'>Χριστιανισμδν</span> <span class='ocrx_word' id='word_1_444' title='bbox 1327 3084 1484 3139; x_wconf 87' lang='grc' dir='ltr'>τοῦτο</span> <span class='ocrx_word' id='word_1_445' title='bbox 1525 3085 1622 3154; x_wconf 85' lang='grc' dir='ltr'><strong>μὲν</strong></span> <span class='ocrx_word' id='word_1_446' title='bbox 1650 3083 1744 3141; x_wconf 87' lang='grc' dir='ltr'>δη-</span> 
     </span>
    </p>
   </div>
   <div class='ocr_carea' id='block_1_62' title="bbox 1850 3083 3430 3172">
    <p class='ocr_par' dir='ltr' id='par_1_62' title="bbox 1850 3083 3430 3155">
     <span class='ocr_line' id='line_1_62' title="bbox 1850 3083 3430 3155; baseline 0.001 -18"><span class='ocrx_word' id='word_1_447' title='bbox 1850 3083 2163 3150; x_wconf 87' lang='lat' dir='ltr'><strong>Christum;</strong></span> <span class='ocrx_word' id='word_1_448' title='bbox 2196 3085 2289 3153; x_wconf 92' lang='lat' dir='ltr'><strong>qui</strong></span> <span class='ocrx_word' id='word_1_449' title='bbox 2319 3085 2689 3140; x_wconf 77' lang='lat' dir='ltr'><strong>Christianam</strong></span> <span class='ocrx_word' id='word_1_450' title='bbox 2729 3085 3045 3155; x_wconf 88' lang='lat' dir='ltr'><strong>religionem</strong></span> <span class='ocrx_word' id='word_1_451' title='bbox 3078 3084 3273 3155; x_wconf 89' lang='lat' dir='ltr'><strong>partim</strong></span> <span class='ocrx_word' id='word_1_452' title='bbox 3305 3084 3430 3138; x_wconf 88' lang='lat' dir='ltr'><strong>irri-</strong></span> 
     </span>
    </p>
   </div>
   <div class='ocr_carea' id='block_1_63' title="bbox 161 3171 1741 3248">
    <p class='ocr_par' dir='ltr' id='par_1_63' title="bbox 161 3171 1741 3248">
     <span class='ocr_line' id='line_1_63' title="bbox 161 3171 1741 3248; baseline -0.003 -19"><span class='ocrx_word' id='word_1_453' title='bbox 161 3177 331 3248; x_wconf 72' lang='grc' dir='ltr'>μοσία</span> <span class='ocrx_word' id='word_1_454' title='bbox 374 3173 753 3245; x_wconf 83' lang='grc' dir='ltr'>διασύραντας,</span> <span class='ocrx_word' id='word_1_455' title='bbox 798 3171 956 3225; x_wconf 90' lang='grc' dir='ltr'>τοῦτο</span> <span class='ocrx_word' id='word_1_456' title='bbox 1001 3173 1057 3226; x_wconf 85' lang='grc' dir='ltr'>δὲ</span> <span class='ocrx_word' id='word_1_457' title='bbox 1095 3174 1185 3226; x_wconf 74' lang='grc' dir='ltr'>ἐπὶ</span> <span class='ocrx_word' id='word_1_458' title='bbox 1222 3174 1586 3244; x_wconf 85' lang='grc' dir='ltr'>δικαστηρίων</span> <span class='ocrx_word' id='word_1_459' title='bbox 1620 3175 1741 3225; x_wconf 80' lang='grc' dir='ltr'>ἐπι-</span> 
     </span>
    </p>
   </div>
   <div class='ocr_carea' id='block_1_64' title="bbox 156 3256 1742 3335">
    <p class='ocr_par' dir='ltr' id='par_1_64' title="bbox 156 3256 1742 3335">
     <span class='ocr_line' id='line_1_64' title="bbox 156 3256 1742 3335; baseline -0.003 -17"><span class='ocrx_word' id='word_1_460' title='bbox 156 3266 408 3335; x_wconf 76' lang='grc' dir='ltr'>δεικτιᾷν</span> <span class='ocrx_word' id='word_1_461' title='bbox 442 3256 942 3333; x_wconf 76' lang='grc' dir='ltr'>φιλοτιμουμένους,</span> <span class='ocrx_word' id='word_1_462' title='bbox 981 3263 1109 3325; x_wconf 79' lang='grc' dir='ltr'>τοὺς</span> <span class='ocrx_word' id='word_1_463' title='bbox 1140 3261 1376 3332; x_wconf 70' lang='grc' dir='ltr'>διωγμὸν</span> <span class='ocrx_word' id='word_1_464' title='bbox 1409 3264 1542 3332; x_wconf 85' lang='grc' dir='ltr'>ἡμῖν</span> <span class='ocrx_word' id='word_1_465' title='bbox 1575 3263 1634 3314; x_wconf 84' lang='grc' dir='ltr'>ὲν</span> <span class='ocrx_word' id='word_1_466' title='bbox 1667 3262 1742 3314; x_wconf 85' lang='grc' dir='ltr'>εί-</span> 
     </span>
    </p>
   </div>
   <div class='ocr_carea' id='block_1_65' title="bbox 161 3352 1742 3428">
    <p class='ocr_par' dir='ltr' id='par_1_65' title="bbox 161 3352 1742 3428">
     <span class='ocr_line' id='line_1_65' title="bbox 161 3352 1742 3428; baseline 0.02 -33"><span class='ocrx_word' id='word_1_467' title='bbox 161 3357 306 3428; x_wconf 66' lang='grc' dir='ltr'>ρήνῃ</span> <span class='ocrx_word' id='word_1_468' title='bbox 335 3355 399 3406; x_wconf 80' lang='grc' dir='ltr'><strong>τὸ</strong></span> <span class='ocrx_word' id='word_1_469' title='bbox 424 3355 545 3406; x_wconf 77' lang='grc' dir='ltr'>ὅσον</span> <span class='ocrx_word' id='word_1_470' title='bbox 580 3353 666 3405; x_wconf 72' lang='grc' dir='ltr'><strong>ἐπ’</strong></span> <span class='ocrx_word' id='word_1_471' title='bbox 692 3352 874 3415; x_wconf 83' lang='grc' dir='ltr'>αὐτοῖς</span> <span class='ocrx_word' id='word_1_472' title='bbox 900 3352 1312 3424; x_wconf 71' lang='grc' dir='ltr'>ἐπεγείραντας,</span> <span class='ocrx_word' id='word_1_473' title='bbox 1339 3353 1466 3415; x_wconf 72' lang='grc' dir='ltr'><strong>τοὺς</strong></span> <span class='ocrx_word' id='word_1_474' title='bbox 1486 3353 1546 3406; x_wconf 73' lang='grc' dir='ltr'>τὸ</span> <span class='ocrx_word' id='word_1_475' title='bbox 1571 3354 1742 3424; x_wconf 66' lang='grc' dir='ltr'><strong>ἀρῤη·</strong></span> 
     </span>
    </p>
   </div>
   <div class='ocr_carea' id='block_1_66' title="bbox 153 3445 1737 3518">
    <p class='ocr_par' dir='ltr' id='par_1_66' title="bbox 153 3445 1737 3518">
     <span class='ocr_line' id='line_1_66' title="bbox 153 3445 1737 3518; baseline -0.001 -18"><span class='ocrx_word' id='word_1_476' title='bbox 153 3465 250 3501; x_wconf 89' lang='grc' dir='ltr'><strong>τον</strong></span> <span class='ocrx_word' id='word_1_477' title='bbox 285 3447 583 3518; x_wconf 78' lang='grc' dir='ltr'>μυστήριον</span> <span class='ocrx_word' id='word_1_478' title='bbox 617 3445 716 3516; x_wconf 86' lang='grc' dir='ltr'><strong>τῆς</strong></span> <span class='ocrx_word' id='word_1_479' title='bbox 745 3445 980 3516; x_wconf 86' lang='grc' dir='ltr'>Χριστοῦ</span> <span class='ocrx_word' id='word_1_480' title='bbox 1006 3445 1274 3514; x_wconf 82' lang='grc' dir='ltr'>γενέσεως</span> <span class='ocrx_word' id='word_1_481' title='bbox 1296 3446 1737 3516; x_wconf 86' lang='grc' dir='ltr'>ὲκνευρίσαντας,</span> 
     </span>
    </p>
   </div>
   <div class='ocr_carea' id='block_1_67' title="bbox 153 3536 1739 3609">
    <p class='ocr_par' dir='ltr' id='par_1_67' title="bbox 153 3536 1739 3609">
     <span class='ocr_line' id='line_1_67' title="bbox 153 3536 1739 3609; baseline -0.002 -18"><span class='ocrx_word' id='word_1_482' title='bbox 153 3537 388 3601; x_wconf 77' lang='grc' dir='ltr'>τούτους</span> <span class='ocrx_word' id='word_1_483' title='bbox 414 3536 874 3609; x_wconf 81' lang='grc' dir='ltr'>ἀποστραφέντες,</span> <span class='ocrx_word' id='word_1_484' title='bbox 901 3536 1178 3607; x_wconf 73' lang='grc' dir='ltr'>ἀγαπητοὶ</span> <span class='ocrx_word' id='word_1_485' title='bbox 1195 3538 1286 3591; x_wconf 76' lang='grc' dir='ltr'><strong>καὶ</strong></span> <span class='ocrx_word' id='word_1_486' title='bbox 1302 3537 1562 3608; x_wconf 67' lang='grc' dir='ltr'>όμόψυχοι</span> <span class='ocrx_word' id='word_1_487' title='bbox 1589 3536 1739 3590; x_wconf 86' lang='grc' dir='ltr'>ἀδελ-</span> 
     </span>
    </p>
   </div>
   <div class='ocr_carea' id='block_1_68' title="bbox 157 3627 1738 3701">
    <p class='ocr_par' dir='ltr' id='par_1_68' title="bbox 157 3627 1738 3701">
     <span class='ocr_line' id='line_1_68' title="bbox 157 3627 1738 3701; baseline -0.001 -18"><span class='ocrx_word' id='word_1_488' title='bbox 157 3631 271 3701; x_wconf 73' lang='grc' dir='ltr'>φοὶ,</span> <span class='ocrx_word' id='word_1_489' title='bbox 318 3629 601 3700; x_wconf 69' lang='grc' dir='ltr'>σύμψηφοι</span> <span class='ocrx_word' id='word_1_490' title='bbox 634 3627 847 3696; x_wconf 85' lang='grc' dir='ltr'>γίνεσθε</span> <span class='ocrx_word' id='word_1_491' title='bbox 893 3628 1034 3682; x_wconf 84' lang='grc' dir='ltr'><strong>κατά</strong></span> <span class='ocrx_word' id='word_1_492' title='bbox 1075 3629 1172 3699; x_wconf 83' lang='grc' dir='ltr'><strong>τῆς</strong></span> <span class='ocrx_word' id='word_1_493' title='bbox 1223 3629 1522 3700; x_wconf 83' lang='grc' dir='ltr'>μανιώδους</span> <span class='ocrx_word' id='word_1_494' title='bbox 1561 3629 1738 3682; x_wconf 78' lang='grc' dir='ltr'>αὐτῶν</span> 
     </span>
    </p>
   </div>
   <div class='ocr_carea' id='block_1_69' title="bbox 155 3715 1739 3791">
    <p class='ocr_par' dir='ltr' id='par_1_69' title="bbox 155 3715 1739 3791">
     <span class='ocr_line' id='line_1_69' title="bbox 155 3715 1739 3791; baseline 0.002 -21"><span class='ocrx_word' id='word_1_495' title='bbox 155 3719 386 3790; x_wconf 81' lang='grc' dir='ltr'>τόλμης,</span> <span class='ocrx_word' id='word_1_496' title='bbox 411 3717 533 3771; x_wconf 87' lang='grc' dir='ltr'>καθ’</span> <span class='ocrx_word' id='word_1_497' title='bbox 560 3716 852 3788; x_wconf 86' lang='grc' dir='ltr'>ὁμοιότητα</span> <span class='ocrx_word' id='word_1_498' title='bbox 875 3717 983 3771; x_wconf 80' lang='grc' dir='ltr'>τῶν</span> <span class='ocrx_word' id='word_1_499' title='bbox 1012 3715 1507 3791; x_wconf 84' lang='grc' dir='ltr'>ἀγανακτησάντων</span> <span class='ocrx_word' id='word_1_500' title='bbox 1539 3721 1739 3774; x_wconf 87' lang='grc' dir='ltr'>συλλει-</span> 
     </span>
    </p>
   </div>
   <div class='ocr_carea' id='block_1_70' title="bbox 155 3810 1734 3882">
    <p class='ocr_par' dir='ltr' id='par_1_70' title="bbox 155 3810 1734 3882">
     <span class='ocr_line' id='line_1_70' title="bbox 155 3810 1734 3882; baseline 0.001 -18"><span class='ocrx_word' id='word_1_501' title='bbox 155 3810 406 3882; x_wconf 84' lang='grc' dir='ltr'>τουργῶν</span> <span class='ocrx_word' id='word_1_502' title='bbox 447 3811 623 3881; x_wconf 79' lang='grc' dir='ltr'>ἡμῶν,</span> <span class='ocrx_word' id='word_1_503' title='bbox 674 3812 767 3864; x_wconf 72' lang='grc' dir='ltr'><strong>καὶ</strong></span> <span class='ocrx_word' id='word_1_504' title='bbox 801 3811 1219 3865; x_wconf 74' lang='grc' dir='ltr'>ἐπιστειλάντων</span> <span class='ocrx_word' id='word_1_505' title='bbox 1260 3829 1347 3882; x_wconf 90' lang='grc' dir='ltr'><strong>μοι</strong></span> <span class='ocrx_word' id='word_1_506' title='bbox 1385 3812 1503 3865; x_wconf 84' lang='grc' dir='ltr'>κατ’</span> <span class='ocrx_word' id='word_1_507' title='bbox 1534 3813 1734 3876; x_wconf 84' lang='grc' dir='ltr'>αὐτῶν,</span> 
     </span>
    </p>
   </div>
   <div class='ocr_carea' id='block_1_71' title="bbox 155 3900 1735 3974">
    <p class='ocr_par' dir='ltr' id='par_1_71' title="bbox 155 3900 1735 3974">
     <span class='ocr_line' id='line_1_71' title="bbox 155 3900 1735 3974; baseline 0.003 -20"><span class='ocrx_word' id='word_1_508' title='bbox 155 3902 251 3954; x_wconf 76' lang='grc' dir='ltr'><strong>καὶ</strong></span> <span class='ocrx_word' id='word_1_509' title='bbox 279 3900 361 3974; x_wconf 82' lang='grc' dir='ltr'>τῷ</span> <span class='ocrx_word' id='word_1_510' title='bbox 381 3901 531 3972; x_wconf 81' lang='grc' dir='ltr'>τόμῳ</span> <span class='ocrx_word' id='word_1_511' title='bbox 555 3903 1100 3973; x_wconf 68' lang='grc' dir='ltr'>συνυπογραψάντων.</span> <span class='ocrx_word' id='word_1_512' title='bbox 1141 3903 1207 3954; x_wconf 81' lang='grc' dir='ltr'><strong>’Δ</strong></span> <span class='ocrx_word' id='word_1_513' title='bbox 1232 3903 1326 3956; x_wconf 72' lang='grc' dir='ltr'><strong>καὶ</strong></span> <span class='ocrx_word' id='word_1_514' title='bbox 1347 3903 1735 3974; x_wconf 76' lang='grc' dir='ltr'>διεπεμψάμην</span> 
     </span>
    </p>
   </div>
   <div class='ocr_carea' id='block_1_72' title="bbox 154 3989 1731 4066">
    <p class='ocr_par' dir='ltr' id='par_1_72' title="bbox 154 3989 1731 4066">
     <span class='ocr_line' id='line_1_72' title="bbox 154 3989 1731 4066; baseline 0.002 -22"><span class='ocrx_word' id='word_1_515' title='bbox 154 3991 286 4061; x_wconf 81' lang='grc' dir='ltr'>ὑμῖν</span> <span class='ocrx_word' id='word_1_516' title='bbox 329 3990 420 4044; x_wconf 79' lang='grc' dir='ltr'><strong>διά</strong></span> <span class='ocrx_word' id='word_1_517' title='bbox 462 3989 556 4044; x_wconf 92' lang='grc' dir='ltr'><strong>τοῦ</strong></span> <span class='ocrx_word' id='word_1_518' title='bbox 604 3990 720 4044; x_wconf 81' lang='grc' dir='ltr'>υίοῦ</span> <span class='ocrx_word' id='word_1_519' title='bbox 758 4009 860 4062; x_wconf 87' lang='grc' dir='ltr'><strong>μου</strong></span> <span class='ocrx_word' id='word_1_520' title='bbox 907 3993 1168 4057; x_wconf 86' lang='grc' dir='ltr'>Ἀπίωνος</span> <span class='ocrx_word' id='word_1_521' title='bbox 1205 3993 1299 4046; x_wconf 89' lang='grc' dir='ltr'><strong>τοῦ</strong></span> <span class='ocrx_word' id='word_1_522' title='bbox 1331 3993 1578 4047; x_wconf 85' lang='grc' dir='ltr'>διακόνου</span> <span class='ocrx_word' id='word_1_523' title='bbox 1599 3995 1731 4066; x_wconf 72' lang='grc'><strong>(42),</strong></span> 
     </span>
    </p>
   </div>
   <div class='ocr_carea' id='block_1_73' title="bbox 153 4081 1733 4156">
    <p class='ocr_par' dir='ltr' id='par_1_73' title="bbox 153 4081 1733 4156">
     <span class='ocr_line' id='line_1_73' title="bbox 153 4081 1733 4156; baseline 0.001 -20"><span class='ocrx_word' id='word_1_524' title='bbox 153 4083 312 4136; x_wconf 80' lang='grc' dir='ltr'>τοῦτο</span> <span class='ocrx_word' id='word_1_525' title='bbox 345 4081 444 4152; x_wconf 83' lang='grc' dir='ltr'><strong>μὲν</strong></span> <span class='ocrx_word' id='word_1_526' title='bbox 471 4083 652 4154; x_wconf 80' lang='grc' dir='ltr'>πάσης</span> <span class='ocrx_word' id='word_1_527' title='bbox 689 4083 964 4152; x_wconf 79' lang='grc' dir='ltr'>Αίγύπτου</span> <span class='ocrx_word' id='word_1_528' title='bbox 1013 4085 1108 4138; x_wconf 71' lang='grc' dir='ltr'><strong>καὶ</strong></span> <span class='ocrx_word' id='word_1_529' title='bbox 1157 4083 1442 4156; x_wconf 68' lang='grc' dir='ltr'>Θηϐαΐδος,</span> <span class='ocrx_word' id='word_1_530' title='bbox 1493 4085 1652 4138; x_wconf 87' lang='grc' dir='ltr'>τοῦτο</span> <span class='ocrx_word' id='word_1_531' title='bbox 1677 4085 1733 4138; x_wconf 89' lang='grc' dir='ltr'>δὲ</span> 
     </span>
    </p>
   </div>
   <div class='ocr_carea' id='block_1_74' title="bbox 153 4174 1732 4246">
    <p class='ocr_par' dir='ltr' id='par_1_74' title="bbox 153 4174 1732 4246">
     <span class='ocr_line' id='line_1_74' title="bbox 153 4174 1732 4246; baseline 0.001 -18"><span class='ocrx_word' id='word_1_532' title='bbox 153 4174 364 4245; x_wconf 88' lang='grc' dir='ltr'>Λιϐύης</span> <span class='ocrx_word' id='word_1_533' title='bbox 410 4192 470 4228; x_wconf 84' lang='grc' dir='ltr'><strong>τε</strong></span> <span class='ocrx_word' id='word_1_534' title='bbox 521 4176 614 4228; x_wconf 78' lang='grc' dir='ltr'><strong>καὶ</strong></span> <span class='ocrx_word' id='word_1_535' title='bbox 662 4175 1065 4239; x_wconf 85' lang='grc' dir='ltr'>Πενταπόλεως,</span> <span class='ocrx_word' id='word_1_536' title='bbox 1121 4177 1214 4229; x_wconf 74' lang='grc' dir='ltr'>καὶ</span> <span class='ocrx_word' id='word_1_537' title='bbox 1261 4177 1480 4246; x_wconf 90' lang='grc' dir='ltr'>Συρίας,</span> <span class='ocrx_word' id='word_1_538' title='bbox 1525 4178 1619 4230; x_wconf 68' lang='grc' dir='ltr'><strong>καὶ</strong></span> <span class='ocrx_word' id='word_1_539' title='bbox 1653 4177 1732 4231; x_wconf 75' lang='grc' dir='ltr'>ἔτι</span> 
     </span>
    </p>
   </div>
   <div class='ocr_carea' id='block_1_75' title="bbox 149 4266 1732 4337">
    <p class='ocr_par' dir='ltr' id='par_1_75' title="bbox 149 4266 1732 4337">
     <span class='ocr_line' id='line_1_75' title="bbox 149 4266 1732 4337; baseline 0.001 -17"><span class='ocrx_word' id='word_1_540' title='bbox 149 4267 360 4328; x_wconf 82' lang='grc' dir='ltr'>Λυκίας</span> <span class='ocrx_word' id='word_1_541' title='bbox 411 4266 504 4320; x_wconf 78' lang='grc' dir='ltr'><strong>καὶ</strong></span> <span class='ocrx_word' id='word_1_542' title='bbox 549 4267 898 4337; x_wconf 84' lang='grc' dir='ltr'>Παμφυλίας,</span> <span class='ocrx_word' id='word_1_543' title='bbox 957 4268 1160 4331; x_wconf 87' lang='grc' dir='ltr'>Ἀσίας,</span> <span class='ocrx_word' id='word_1_544' title='bbox 1187 4269 1600 4332; x_wconf 85' lang='grc' dir='ltr'>Καππαδοκίας,</span> <span class='ocrx_word' id='word_1_545' title='bbox 1637 4269 1732 4321; x_wconf 76' lang='grc' dir='ltr'>καὶ</span> 
     </span>
    </p>
   </div>
   <div class='ocr_carea' id='block_1_76' title="bbox 146 4353 1730 4430">
    <p class='ocr_par' dir='ltr' id='par_1_76' title="bbox 146 4353 1730 4430">
     <span class='ocr_line' id='line_1_76' title="bbox 146 4353 1730 4430; baseline 0.003 -22"><span class='ocrx_word' id='word_1_546' title='bbox 146 4358 256 4410; x_wconf 87' lang='grc' dir='ltr'><strong>τῶν</strong></span> <span class='ocrx_word' id='word_1_547' title='bbox 286 4357 462 4412; x_wconf 80' lang='grc' dir='ltr'>ἄλλων</span> <span class='ocrx_word' id='word_1_548' title='bbox 492 4358 813 4430; x_wconf 83' lang='grc' dir='ltr'>περιχόρων.</span> <span class='ocrx_word' id='word_1_549' title='bbox 852 4353 954 4410; x_wconf 78' lang='grc' dir='ltr'><strong>⁶Ὧν</strong></span> <span class='ocrx_word' id='word_1_550' title='bbox 986 4359 1108 4412; x_wconf 85' lang='grc' dir='ltr'>καθ’</span> <span class='ocrx_word' id='word_1_551' title='bbox 1141 4359 1452 4430; x_wconf 83' lang='grc' dir='ltr'>ὁμοιότητα,</span> <span class='ocrx_word' id='word_1_552' title='bbox 1480 4360 1571 4412; x_wconf 76' lang='grc' dir='ltr'><strong>καὶ</strong></span> <span class='ocrx_word' id='word_1_553' title='bbox 1599 4361 1730 4430; x_wconf 76' lang='grc' dir='ltr'>παρ’</span> 
     </span>
    </p>
   </div>
   <div class='ocr_carea' id='block_1_77' title="bbox 1843 3175 3427 3246">
    <p class='ocr_par' dir='ltr' id='par_1_77' title="bbox 1843 3175 3427 3246">
     <span class='ocr_line' id='line_1_77' title="bbox 1843 3175 3427 3246; baseline 0.001 -16"><span class='ocrx_word' id='word_1_554' title='bbox 1843 3181 2034 3230; x_wconf 86' lang='lat' dir='ltr'><strong>serunt</strong></span> <span class='ocrx_word' id='word_1_555' title='bbox 2059 3175 2277 3244; x_wconf 90' lang='lat' dir='ltr'><strong>publice</strong></span> <span class='ocrx_word' id='word_1_556' title='bbox 2297 3216 2310 3239; x_wconf 91' lang='lat'><strong>,</strong></span> <span class='ocrx_word' id='word_1_557' title='bbox 2346 3177 2544 3245; x_wconf 88' lang='lat' dir='ltr'><strong>partim</strong></span> <span class='ocrx_word' id='word_1_558' title='bbox 2577 3177 2631 3230; x_wconf 94' lang='lat' dir='ltr'><strong>in</strong></span> <span class='ocrx_word' id='word_1_559' title='bbox 2663 3175 2890 3246; x_wconf 87' lang='lat' dir='ltr'><strong>judiciis</strong></span> <span class='ocrx_word' id='word_1_560' title='bbox 2921 3175 3211 3230; x_wconf 87' lang='lat' dir='ltr'><strong>traducere</strong></span> <span class='ocrx_word' id='word_1_561' title='bbox 3240 3190 3306 3230; x_wconf 89' lang='lat' dir='ltr'><strong>ac</strong></span> <span class='ocrx_word' id='word_1_562' title='bbox 3331 3175 3427 3231; x_wconf 86' lang='lat' dir='ltr'><strong>de-</strong></span> 
     </span>
    </p>
   </div>
   <div class='ocr_carea' id='block_1_78' title="bbox 1840 3266 3421 3338">
    <p class='ocr_par' dir='ltr' id='par_1_78' title="bbox 1840 3266 3421 3338">
     <span class='ocr_line' id='line_1_78' title="bbox 1840 3266 3421 3338; baseline -0.001 -17"><span class='ocrx_word' id='word_1_563' title='bbox 1840 3276 2030 3321; x_wconf 86' lang='lat' dir='ltr'><strong>notare</strong></span> <span class='ocrx_word' id='word_1_564' title='bbox 2059 3266 2276 3322; x_wconf 90' lang='lat' dir='ltr'><strong>student</strong></span> <span class='ocrx_word' id='word_1_565' title='bbox 2307 3286 2319 3320; x_wconf 91' lang='lat'>:</span> <span class='ocrx_word' id='word_1_566' title='bbox 2370 3268 2461 3337; x_wconf 86' lang='lat' dir='ltr'><strong>qui</strong></span> <span class='ocrx_word' id='word_1_567' title='bbox 2494 3268 2648 3338; x_wconf 91' lang='lat' dir='ltr'><strong>pacis</strong></span> <span class='ocrx_word' id='word_1_568' title='bbox 2691 3275 2936 3337; x_wconf 86' lang='lat' dir='ltr'><strong>tempore</strong></span> <span class='ocrx_word' id='word_1_569' title='bbox 2990 3267 3421 3337; x_wconf 88' lang='lat' dir='ltr'><strong>persecutionem</strong></span> 
     </span>
    </p>
   </div>
   <div class='ocr_carea' id='block_1_79' title="bbox 1840 3359 3421 3430">
    <p class='ocr_par' dir='ltr' id='par_1_79' title="bbox 1840 3359 3421 3430">
     <span class='ocr_line' id='line_1_79' title="bbox 1840 3359 3421 3430; baseline 0.001 -20"><span class='ocrx_word' id='word_1_570' title='bbox 1840 3359 2104 3413; x_wconf 86' lang='lat' dir='ltr'><strong>adversus</strong></span> <span class='ocrx_word' id='word_1_571' title='bbox 2133 3373 2234 3413; x_wconf 90' lang='lat' dir='ltr'><strong>nos</strong></span> <span class='ocrx_word' id='word_1_572' title='bbox 2257 3399 2274 3424; x_wconf 95' lang='lat'><strong>,</strong></span> <span class='ocrx_word' id='word_1_573' title='bbox 2326 3367 2592 3429; x_wconf 90' lang='lat' dir='ltr'><strong>quantum</strong></span> <span class='ocrx_word' id='word_1_574' title='bbox 2625 3360 2678 3413; x_wconf 89' lang='lat' dir='ltr'><strong>in</strong></span> <span class='ocrx_word' id='word_1_575' title='bbox 2710 3359 2845 3430; x_wconf 89' lang='lat' dir='ltr'><strong>ipsis</strong></span> <span class='ocrx_word' id='word_1_576' title='bbox 2897 3367 3016 3422; x_wconf 87' lang='lat' dir='ltr'><strong>est,</strong></span> <span class='ocrx_word' id='word_1_577' title='bbox 3073 3361 3421 3425; x_wconf 78' lang='lat' dir='ltr'><strong>excitarunt;</strong></span> 
     </span>
    </p>
   </div>
   <div class='ocr_carea' id='block_1_80' title="bbox 1839 3447 3421 3522">
    <p class='ocr_par' dir='ltr' id='par_1_80' title="bbox 1839 3447 3421 3522">
     <span class='ocr_line' id='line_1_80' title="bbox 1839 3447 3421 3522; baseline 0.001 -19"><span class='ocrx_word' id='word_1_578' title='bbox 1839 3452 1930 3520; x_wconf 90' lang='lat' dir='ltr'><strong>qui</strong></span> <span class='ocrx_word' id='word_1_579' title='bbox 1966 3449 2238 3505; x_wconf 77' lang='lat' dir='ltr'><strong>ineﬂ‘abile</strong></span> <span class='ocrx_word' id='word_1_580' title='bbox 2267 3453 2584 3522; x_wconf 78' lang='lat' dir='ltr'><strong>mysterium</strong></span> <span class='ocrx_word' id='word_1_581' title='bbox 2608 3451 2975 3522; x_wconf 88' lang='lat' dir='ltr'><strong>generationis</strong></span> <span class='ocrx_word' id='word_1_582' title='bbox 3004 3447 3210 3507; x_wconf 80' lang='lat' dir='ltr'><strong>Christi</strong></span> <span class='ocrx_word' id='word_1_583' title='bbox 3263 3467 3421 3508; x_wconf 90' lang='lat' dir='ltr'><strong>ener-</strong></span> 
     </span>
    </p>
   </div>
   <div class='ocr_carea' id='block_1_81' title="bbox 1837 3544 3422 3616">
    <p class='ocr_par' dir='ltr' id='par_1_81' title="bbox 1837 3544 3422 3616">
     <span class='ocr_line' id='line_1_81' title="bbox 1837 3544 3422 3616; baseline 0.003 -18"><span class='ocrx_word' id='word_1_584' title='bbox 1837 3553 2037 3599; x_wconf 83' lang='lat' dir='ltr'><strong>varunt</strong></span> <span class='ocrx_word' id='word_1_585' title='bbox 2063 3564 2075 3598; x_wconf 90' lang='lat'><strong>:</strong></span> <span class='ocrx_word' id='word_1_586' title='bbox 2107 3544 2229 3611; x_wconf 91' lang='lat' dir='ltr'><strong>hos,</strong></span> <span class='ocrx_word' id='word_1_587' title='bbox 2259 3545 2505 3616; x_wconf 87' lang='lat' dir='ltr'><strong>inquam,</strong></span> <span class='ocrx_word' id='word_1_588' title='bbox 2542 3552 2859 3602; x_wconf 82' lang='lat' dir='ltr'><strong>aversantes</strong></span> <span class='ocrx_word' id='word_1_589' title='bbox 2884 3587 2900 3612; x_wconf 91' lang='lat'><strong>,</strong></span> <span class='ocrx_word' id='word_1_590' title='bbox 2929 3545 3237 3600; x_wconf 82' lang='lat' dir='ltr'><strong>cbarissimi</strong></span> <span class='ocrx_word' id='word_1_591' title='bbox 3258 3557 3422 3616; x_wconf 86' lang='lat' dir='ltr'><strong>atque</strong></span> 
     </span>
    </p>
   </div>
   <div class='ocr_carea' id='block_1_82' title="bbox 1837 3636 3416 3708">
    <p class='ocr_par' dir='ltr' id='par_1_82' title="bbox 1837 3636 3416 3708">
     <span class='ocr_line' id='line_1_82' title="bbox 1837 3636 3416 3708; baseline 0.001 -17"><span class='ocrx_word' id='word_1_592' title='bbox 1837 3636 2125 3692; x_wconf 88' lang='lat' dir='ltr'><strong>unanimes</strong></span> <span class='ocrx_word' id='word_1_593' title='bbox 2162 3636 2387 3699; x_wconf 76' lang='lat' dir='ltr'><strong>fratres,</strong></span> <span class='ocrx_word' id='word_1_594' title='bbox 2430 3637 2804 3708; x_wconf 77' lang='lat' dir='ltr'><strong>suﬂ‘ragamini</strong></span> <span class='ocrx_word' id='word_1_595' title='bbox 2850 3637 3010 3692; x_wconf 91' lang='lat' dir='ltr'><strong>nobis</strong></span> <span class='ocrx_word' id='word_1_596' title='bbox 3038 3639 3301 3694; x_wconf 90' lang='lat' dir='ltr'><strong>adversus</strong></span> <span class='ocrx_word' id='word_1_597' title='bbox 3330 3638 3416 3693; x_wconf 87' lang='lat' dir='ltr'><strong>fu-</strong></span> 
     </span>
    </p>
   </div>
   <div class='ocr_carea' id='block_1_83' title="bbox 1836 3729 3416 3798">
    <p class='ocr_par' dir='ltr' id='par_1_83' title="bbox 1836 3729 3416 3798">
     <span class='ocr_line' id='line_1_83' title="bbox 1836 3729 3416 3798; baseline 0.001 -17"><span class='ocrx_word' id='word_1_598' title='bbox 1836 3729 2038 3782; x_wconf 90' lang='lat' dir='ltr'><strong>riosam</strong></span> <span class='ocrx_word' id='word_1_599' title='bbox 2078 3729 2293 3782; x_wconf 86' lang='lat' dir='ltr'><strong>illorum</strong></span> <span class='ocrx_word' id='word_1_600' title='bbox 2325 3729 2609 3783; x_wconf 87' lang='lat' dir='ltr'><strong>audaciam</strong></span> <span class='ocrx_word' id='word_1_601' title='bbox 2637 3768 2654 3792; x_wconf 89' lang='lat'><strong>,</strong></span> <span class='ocrx_word' id='word_1_602' title='bbox 2703 3729 2929 3798; x_wconf 91' lang='lat' dir='ltr'><strong>perinde</strong></span> <span class='ocrx_word' id='word_1_603' title='bbox 2974 3743 3038 3783; x_wconf 88' lang='lat' dir='ltr'><strong>ac</strong></span> <span class='ocrx_word' id='word_1_604' title='bbox 3066 3729 3288 3798; x_wconf 72' lang='lat' dir='ltr'><strong>collega:</strong></span> <span class='ocrx_word' id='word_1_605' title='bbox 3317 3744 3416 3783; x_wconf 86' lang='lat' dir='ltr'><strong>no-</strong></span> 
     </span>
    </p>
   </div>
   <div class='ocr_carea' id='block_1_84' title="bbox 1837 3819 3416 3890">
    <p class='ocr_par' dir='ltr' id='par_1_84' title="bbox 1837 3819 3416 3890">
     <span class='ocr_line' id='line_1_84' title="bbox 1837 3819 3416 3890; baseline 0.001 -17"><span class='ocrx_word' id='word_1_606' title='bbox 1837 3819 1960 3884; x_wconf 83' lang='lat' dir='ltr'><strong>stri,</strong></span> <span class='ocrx_word' id='word_1_607' title='bbox 1991 3819 2082 3888; x_wconf 94' lang='lat' dir='ltr'><strong>qui</strong></span> <span class='ocrx_word' id='word_1_608' title='bbox 2112 3819 2376 3889; x_wconf 88' lang='lat' dir='ltr'><strong>indignati</strong></span> <span class='ocrx_word' id='word_1_609' title='bbox 2416 3828 2566 3881; x_wconf 91' lang='lat' dir='ltr'><strong>sunt,</strong></span> <span class='ocrx_word' id='word_1_610' title='bbox 2597 3830 2651 3874; x_wconf 88' lang='lat' dir='ltr'><strong>et</strong></span> <span class='ocrx_word' id='word_1_611' title='bbox 2691 3820 2850 3874; x_wconf 89' lang='lat' dir='ltr'><strong>nobis</strong></span> <span class='ocrx_word' id='word_1_612' title='bbox 2885 3819 3148 3890; x_wconf 86' lang='lat' dir='ltr'><strong>epistolas</strong></span> <span class='ocrx_word' id='word_1_613' title='bbox 3179 3821 3416 3890; x_wconf 89' lang='lat' dir='ltr'><strong>scripse-</strong></span> 
     </span>
    </p>
   </div>
   <div class='ocr_carea' id='block_1_85' title="bbox 1835 3911 3412 3981">
    <p class='ocr_par' dir='ltr' id='par_1_85' title="bbox 1835 3911 3412 3981">
     <span class='ocr_line' id='line_1_85' title="bbox 1835 3911 3412 3981; baseline 0.003 -17"><span class='ocrx_word' id='word_1_614' title='bbox 1835 3921 1962 3964; x_wconf 89' lang='lat' dir='ltr'><strong>runt</strong></span> <span class='ocrx_word' id='word_1_615' title='bbox 1991 3911 2254 3967; x_wconf 85' lang='lat' dir='ltr'><strong>adversus</strong></span> <span class='ocrx_word' id='word_1_616' title='bbox 2285 3912 2430 3975; x_wconf 91' lang='lat' dir='ltr'><strong>illos,</strong></span> <span class='ocrx_word' id='word_1_617' title='bbox 2462 3921 2514 3967; x_wconf 89' lang='lat' dir='ltr'><strong>et</strong></span> <span class='ocrx_word' id='word_1_618' title='bbox 2539 3921 2688 3966; x_wconf 81' lang='lat' dir='ltr'><strong>torno</strong></span> <span class='ocrx_word' id='word_1_619' title='bbox 2719 3921 2909 3968; x_wconf 90' lang='lat' dir='ltr'><strong>nostro</strong></span> <span class='ocrx_word' id='word_1_620' title='bbox 2943 3912 3412 3981; x_wconf 88' lang='lat' dir='ltr'><strong>subscripserunt.</strong></span> 
     </span>
    </p>
   </div>
   <div class='ocr_carea' id='block_1_86' title="bbox 1833 4001 3414 4074">
    <p class='ocr_par' dir='ltr' id='par_1_86' title="bbox 1833 4001 3414 4074">
     <span class='ocr_line' id='line_1_86' title="bbox 1833 4001 3414 4074; baseline 0.001 -18"><span class='ocrx_word' id='word_1_621' title='bbox 1833 4001 1962 4068; x_wconf 76' lang='lat' dir='ltr'><strong>Quae</strong></span> <span class='ocrx_word' id='word_1_622' title='bbox 1995 4003 2157 4057; x_wconf 89' lang='lat' dir='ltr'><strong>etiam</strong></span> <span class='ocrx_word' id='word_1_623' title='bbox 2194 4003 2260 4057; x_wconf 89' lang='lat' dir='ltr'><strong>ad</strong></span> <span class='ocrx_word' id='word_1_624' title='bbox 2293 4019 2390 4058; x_wconf 90' lang='lat' dir='ltr'><strong>vos</strong></span> <span class='ocrx_word' id='word_1_625' title='bbox 2417 4003 2541 4058; x_wconf 90' lang='lat' dir='ltr'><strong>misi</strong></span> <span class='ocrx_word' id='word_1_626' title='bbox 2583 4019 2678 4073; x_wconf 90' lang='lat' dir='ltr'><strong>per</strong></span> <span class='ocrx_word' id='word_1_627' title='bbox 2717 4003 2884 4058; x_wconf 85' lang='lat' dir='ltr'><strong>ﬁlium</strong></span> <span class='ocrx_word' id='word_1_628' title='bbox 2921 4019 3100 4058; x_wconf 91' lang='lat' dir='ltr'><strong>meum</strong></span> <span class='ocrx_word' id='word_1_629' title='bbox 3149 4002 3414 4074; x_wconf 79' lang='lat' dir='ltr'><strong>Apionem</strong></span> 
     </span>
    </p>
   </div>
   <div class='ocr_carea' id='block_1_87' title="bbox 1831 4092 3410 4165">
    <p class='ocr_par' dir='ltr' id='par_1_87' title="bbox 1831 4092 3410 4165">
     <span class='ocr_line' id='line_1_87' title="bbox 1831 4092 3410 4165; baseline 0.002 -19"><span class='ocrx_word' id='word_1_630' title='bbox 1831 4093 2138 4159; x_wconf 90' lang='lat' dir='ltr'><strong>diaconum,</strong></span> <span class='ocrx_word' id='word_1_631' title='bbox 2171 4093 2366 4163; x_wconf 89' lang='lat' dir='ltr'><strong>partim</strong></span> <span class='ocrx_word' id='word_1_632' title='bbox 2396 4110 2463 4148; x_wconf 82' lang='lat' dir='ltr'><strong>ex</strong></span> <span class='ocrx_word' id='word_1_633' title='bbox 2487 4095 2742 4150; x_wconf 87' lang='lat' dir='ltr'><strong>universa</strong></span> <span class='ocrx_word' id='word_1_634' title='bbox 2768 4093 3002 4165; x_wconf 65' lang='lat' dir='ltr'><strong>{Egypto</strong></span> <span class='ocrx_word' id='word_1_635' title='bbox 3028 4109 3090 4147; x_wconf 88' lang='lat' dir='ltr'><strong>ac</strong></span> <span class='ocrx_word' id='word_1_636' title='bbox 3113 4092 3410 4158; x_wconf 87' lang='lat' dir='ltr'><strong>Thebaide,</strong></span> 
     </span>
    </p>
   </div>
   <div class='ocr_carea' id='block_1_88' title="bbox 1831 4184 3410 4258">
    <p class='ocr_par' dir='ltr' id='par_1_88' title="bbox 1831 4184 3410 4258">
     <span class='ocr_line' id='line_1_88' title="bbox 1831 4184 3410 4258; baseline -0.001 -19"><span class='ocrx_word' id='word_1_637' title='bbox 1831 4185 2026 4256; x_wconf 87' lang='lat' dir='ltr'><strong>partim</strong></span> <span class='ocrx_word' id='word_1_638' title='bbox 2059 4202 2125 4241; x_wconf 79' lang='lat' dir='ltr'><strong>ex</strong></span> <span class='ocrx_word' id='word_1_639' title='bbox 2157 4185 2326 4257; x_wconf 86' lang='lat' dir='ltr'><strong>Libya</strong></span> <span class='ocrx_word' id='word_1_640' title='bbox 2351 4201 2414 4240; x_wconf 89' lang='lat' dir='ltr'><strong>ac</strong></span> <span class='ocrx_word' id='word_1_641' title='bbox 2443 4185 2724 4258; x_wconf 88' lang='lat' dir='ltr'><strong>Pentapoli</strong></span> <span class='ocrx_word' id='word_1_642' title='bbox 2753 4205 2768 4241; x_wconf 91' lang='lat'><strong>:</strong></span> <span class='ocrx_word' id='word_1_643' title='bbox 2805 4187 2932 4241; x_wconf 88' lang='lat' dir='ltr'><strong>item</strong></span> <span class='ocrx_word' id='word_1_644' title='bbox 2969 4202 3036 4241; x_wconf 80' lang='lat' dir='ltr'><strong>ex</strong></span> <span class='ocrx_word' id='word_1_645' title='bbox 3069 4184 3226 4257; x_wconf 87' lang='lat' dir='ltr'><strong>Syria</strong></span> <span class='ocrx_word' id='word_1_646' title='bbox 3247 4227 3262 4253; x_wconf 89' lang='lat'><strong>,</strong></span> <span class='ocrx_word' id='word_1_647' title='bbox 3303 4185 3410 4258; x_wconf 84' lang='lat' dir='ltr'><strong>Ly-</strong></span> 
     </span>
    </p>
   </div>
   <div class='ocr_carea' id='block_1_89' title="bbox 1829 4275 3412 4349">
    <p class='ocr_par' dir='ltr' id='par_1_89' title="bbox 1829 4275 3412 4349">
     <span class='ocr_line' id='line_1_89' title="bbox 1829 4275 3412 4349; baseline 0.001 -18"><span class='ocrx_word' id='word_1_648' title='bbox 1829 4277 1936 4344; x_wconf 88' lang='lat' dir='ltr'><strong>cia,</strong></span> <span class='ocrx_word' id='word_1_649' title='bbox 1973 4275 2310 4349; x_wconf 86' lang='lat' dir='ltr'><strong>Pamphylia,</strong></span> <span class='ocrx_word' id='word_1_650' title='bbox 2336 4277 2488 4343; x_wconf 85' lang='lat' dir='ltr'><strong>Asia,</strong></span> <span class='ocrx_word' id='word_1_651' title='bbox 2527 4278 2871 4349; x_wconf 81' lang='lat' dir='ltr'><strong>Cappadocia</strong></span> <span class='ocrx_word' id='word_1_652' title='bbox 2905 4278 3138 4348; x_wconf 89' lang='lat' dir='ltr'><strong>aliisque</strong></span> <span class='ocrx_word' id='word_1_653' title='bbox 3165 4276 3412 4333; x_wconf 83' lang='lat' dir='ltr'><strong>ﬁnitimis</strong></span> 
     </span>
    </p>
   </div>
   <div class='ocr_carea' id='block_1_90' title="bbox 1829 4368 3411 4439">
    <p class='ocr_par' dir='ltr' id='par_1_90' title="bbox 1829 4368 3411 4439">
     <span class='ocr_line' id='line_1_90' title="bbox 1829 4368 3411 4439; baseline 0.001 -17"><span class='ocrx_word' id='word_1_654' title='bbox 1829 4368 2147 4439; x_wconf 89' lang='lat' dir='ltr'><strong>provinciis.</strong></span> <span class='ocrx_word' id='word_1_655' title='bbox 2186 4368 2430 4434; x_wconf 86' lang='lat' dir='ltr'><strong>Quorum</strong></span> <span class='ocrx_word' id='word_1_656' title='bbox 2463 4370 2714 4438; x_wconf 82' lang='lat' dir='ltr'><strong>exemplo</strong></span> <span class='ocrx_word' id='word_1_657' title='bbox 2746 4384 2776 4423; x_wconf 89' lang='lat' dir='ltr'><strong>a</strong></span> <span class='ocrx_word' id='word_1_658' title='bbox 2809 4368 2964 4423; x_wconf 89' lang='lat' dir='ltr'><strong>vobis</strong></span> <span class='ocrx_word' id='word_1_659' title='bbox 3011 4384 3229 4438; x_wconf 87' lang='lat' dir='ltr'><strong>quoque</strong></span> <span class='ocrx_word' id='word_1_660' title='bbox 3269 4369 3411 4423; x_wconf 86' lang='lat' dir='ltr'><strong>litte-</strong></span> 
     </span>
    </p>
   </div>
   <div class='ocr_carea' id='block_1_91' title="bbox 147 4449 1746 4530">
    <p class='ocr_par' dir='ltr' id='par_1_91' title="bbox 147 4449 1731 4523">
     <span class='ocr_line' id='line_1_91' title="bbox 147 4449 1731 4523; baseline 0.001 -21"><span class='ocrx_word' id='word_1_661' title='bbox 147 4449 306 4520; x_wconf 79' lang='grc' dir='ltr'>ὑμῶν</span> <span class='ocrx_word' id='word_1_662' title='bbox 351 4449 899 4516; x_wconf 77' lang='grc' dir='ltr'>δέξασθαι.πὲποιθα.</span> <span class='ocrx_word' id='word_1_663' title='bbox 937 4450 1150 4504; x_wconf 82' lang='grc' dir='ltr'>Πολλῶν</span> <span class='ocrx_word' id='word_1_664' title='bbox 1188 4452 1296 4522; x_wconf 88' lang='grc' dir='ltr'><strong>γάρ</strong></span> <span class='ocrx_word' id='word_1_665' title='bbox 1329 4469 1416 4522; x_wconf 88' lang='grc' dir='ltr'><strong>μοι</strong></span> <span class='ocrx_word' id='word_1_666' title='bbox 1453 4451 1731 4523; x_wconf 61' lang='grc' dir='ltr'>βοηθημάτ</span> 
     </span>
    </p>
   </div>
   <div class='ocr_carea' id='block_1_92' title="bbox 1850 4449 3410 4530">
    <p class='ocr_par' dir='ltr' id='par_1_92' title="bbox 1850 4458 3410 4529">
     <span class='ocr_line' id='line_1_92' title="bbox 1850 4458 3410 4529; baseline -0.001 -15"><span class='ocrx_word' id='word_1_667' title='bbox 1850 4475 1924 4515; x_wconf 77' lang='lat' dir='ltr'><strong>&#39;as</strong></span> <span class='ocrx_word' id='word_1_668' title='bbox 1955 4476 2042 4516; x_wconf 88' lang='lat' dir='ltr'><strong>me</strong></span> <span class='ocrx_word' id='word_1_669' title='bbox 2072 4467 2424 4529; x_wconf 90' lang='lat' dir='ltr'><strong>accepturum</strong></span> <span class='ocrx_word' id='word_1_670' title='bbox 2453 4475 2575 4516; x_wconf 90' lang='lat' dir='ltr'><strong>esse</strong></span> <span class='ocrx_word' id='word_1_671' title='bbox 2619 4459 2854 4514; x_wconf 82' lang='lat' dir='ltr'><strong>confido.</strong></span> <span class='ocrx_word' id='word_1_672' title='bbox 2898 4458 3032 4513; x_wconf 85' lang='lat' dir='ltr'><strong>Nam</strong></span> <span class='ocrx_word' id='word_1_673' title='bbox 3070 4474 3193 4514; x_wconf 92' lang='lat' dir='ltr'><strong>cum</strong></span> <span class='ocrx_word' id='word_1_674' title='bbox 3240 4460 3410 4513; x_wconf 89' lang='lat' dir='ltr'><strong>multa</strong></span> 
     </span>
    </p>
   </div>
   <div class='ocr_carea' id='block_1_93' title="bbox 144 4541 1726 4616">
    <p class='ocr_par' dir='ltr' id='par_1_93' title="bbox 144 4541 1726 4616">
     <span class='ocr_line' id='line_1_93' title="bbox 144 4541 1726 4616; baseline 0.002 -21"><span class='ocrx_word' id='word_1_675' title='bbox 144 4559 256 4596; x_wconf 89' lang='grc' dir='ltr'><strong>των</strong></span> <span class='ocrx_word' id='word_1_676' title='bbox 291 4541 432 4613; x_wconf 81' lang='grc' dir='ltr'>πρὸς</span> <span class='ocrx_word' id='word_1_677' title='bbox 471 4542 596 4606; x_wconf 81' lang='grc' dir='ltr'>τοὺς</span> <span class='ocrx_word' id='word_1_678' title='bbox 630 4542 920 4612; x_wconf 77' lang='grc' dir='ltr'>βλαϐέντας</span> <span class='ocrx_word' id='word_1_679' title='bbox 965 4544 1399 4616; x_wconf 83' lang='grc' dir='ltr'>πεπορισμένων,</span> <span class='ocrx_word' id='word_1_680' title='bbox 1439 4545 1533 4596; x_wconf 75' lang='grc' dir='ltr'><strong>καὶ</strong></span> <span class='ocrx_word' id='word_1_681' title='bbox 1569 4545 1726 4598; x_wconf 90' lang='grc' dir='ltr'>τοῦτο</span> 
     </span>
    </p>
   </div>
   <div class='ocr_carea' id='block_1_94' title="bbox 146 4633 1724 4708">
    <p class='ocr_par' dir='ltr' id='par_1_94' title="bbox 146 4633 1724 4708">
     <span class='ocr_line' id='line_1_94' title="bbox 146 4633 1724 4708; baseline 0.002 -21"><span class='ocrx_word' id='word_1_682' title='bbox 146 4633 371 4707; x_wconf 77' lang='grc' dir='ltr'>εὖρεται</span> <span class='ocrx_word' id='word_1_683' title='bbox 403 4635 820 4707; x_wconf 84' lang='grc' dir='ltr'>λυσιφάρμακον</span> <span class='ocrx_word' id='word_1_684' title='bbox 860 4634 956 4688; x_wconf 90' lang='grc' dir='ltr'><strong>τοῦ</strong></span> <span class='ocrx_word' id='word_1_685' title='bbox 1002 4635 1092 4688; x_wconf 86' lang='grc' dir='ltr'><strong>ὑπ’</strong></span> <span class='ocrx_word' id='word_1_686' title='bbox 1131 4636 1310 4689; x_wconf 81' lang='grc' dir='ltr'>αὐτῶν</span> <span class='ocrx_word' id='word_1_687' title='bbox 1354 4638 1724 4708; x_wconf 81' lang='grc' dir='ltr'>ἀπατηθέντος</span> 
     </span>
    </p>
   </div>
   <div class='ocr_carea' id='block_1_95' title="bbox 143 4725 1722 4801">
    <p class='ocr_par' dir='ltr' id='par_1_95' title="bbox 143 4725 1722 4801">
     <span class='ocr_line' id='line_1_95' title="bbox 143 4725 1722 4801; baseline 0.004 -23"><span class='ocrx_word' id='word_1_688' title='bbox 143 4725 295 4788; x_wconf 87' lang='grc' dir='ltr'>λαοῦ,</span> <span class='ocrx_word' id='word_1_689' title='bbox 333 4727 669 4798; x_wconf 78' lang='grc' dir='ltr'>πειθομένων</span> <span class='ocrx_word' id='word_1_690' title='bbox 705 4729 801 4781; x_wconf 69' lang='grc' dir='ltr'>καὶ</span> <span class='ocrx_word' id='word_1_691' title='bbox 845 4730 966 4791; x_wconf 85' lang='grc' dir='ltr'>ταῖς</span> <span class='ocrx_word' id='word_1_692' title='bbox 1005 4727 1116 4798; x_wconf 59' lang='lat'><strong>(13)</strong></span> <span class='ocrx_word' id='word_1_693' title='bbox 1151 4728 1260 4781; x_wconf 87' lang='grc' dir='ltr'><strong>τῶν</strong></span> <span class='ocrx_word' id='word_1_694' title='bbox 1301 4729 1722 4801; x_wconf 86' lang='grc' dir='ltr'>συλλειτουργῶν</span> 
     </span>
    </p>
   </div>
   <div class='ocr_carea' id='block_1_96' title="bbox 142 4818 1719 4894">
    <p class='ocr_par' dir='ltr' id='par_1_96' title="bbox 142 4818 1719 4894">
     <span class='ocr_line' id='line_1_96' title="bbox 142 4818 1719 4894; baseline 0.003 -24"><span class='ocrx_word' id='word_1_695' title='bbox 142 4818 304 4888; x_wconf 77' lang='grc' dir='ltr'>ἡμῶν</span> <span class='ocrx_word' id='word_1_696' title='bbox 333 4819 815 4888; x_wconf 79' lang='grc' dir='ltr'>συγκαταθέσεσιν,</span> <span class='ocrx_word' id='word_1_697' title='bbox 851 4821 931 4884; x_wconf 82' lang='grc' dir='ltr'><strong>είς</strong></span> <span class='ocrx_word' id='word_1_698' title='bbox 972 4819 1260 4891; x_wconf 89' lang='grc' dir='ltr'>μετάνοιαν</span> <span class='ocrx_word' id='word_1_699' title='bbox 1287 4821 1374 4875; x_wconf 80' lang='grc' dir='ltr'>διὰ</span> <span class='ocrx_word' id='word_1_700' title='bbox 1404 4823 1592 4877; x_wconf 89' lang='grc' dir='ltr'>τούτου</span> <span class='ocrx_word' id='word_1_701' title='bbox 1627 4823 1719 4894; x_wconf 79' lang='grc' dir='ltr'>ἕρ-</span> 
     </span>
    </p>
   </div>
   <div class='ocr_carea' id='block_1_97' title="bbox 140 4907 1718 4987">
    <p class='ocr_par' dir='ltr' id='par_1_97' title="bbox 140 4907 1718 4987">
     <span class='ocr_line' id='line_1_97' title="bbox 140 4907 1718 4987; baseline 0.004 -26"><span class='ocrx_word' id='word_1_702' title='bbox 140 4907 334 4980; x_wconf 83' lang='grc' dir='ltr'>χεσθαι</span> <span class='ocrx_word' id='word_1_703' title='bbox 366 4912 796 4976; x_wconf 75' lang='grc' dir='ltr'>σπουδαζόντων.</span> <span class='ocrx_word' id='word_1_704' title='bbox 845 4913 1184 4968; x_wconf 84' lang='grc' dir='ltr'>Ἀσπάσασθε</span> <span class='ocrx_word' id='word_1_705' title='bbox 1219 4914 1481 4985; x_wconf 81' lang='grc' dir='ltr'>ἀλλήλους</span> <span class='ocrx_word' id='word_1_706' title='bbox 1520 4917 1616 4969; x_wconf 83' lang='grc' dir='ltr'><strong>σὺν</strong></span> <span class='ocrx_word' id='word_1_707' title='bbox 1653 4919 1718 4987; x_wconf 87' lang='grc' dir='ltr'>τῇ</span> 
     </span>
    </p>
   </div>
   <div class='ocr_carea' id='block_1_98' title="bbox 143 5001 1718 5078">
    <p class='ocr_par' dir='ltr' id='par_1_98' title="bbox 143 5001 1718 5078">
     <span class='ocr_line' id='line_1_98' title="bbox 143 5001 1718 5078; baseline 0.004 -26"><span class='ocrx_word' id='word_1_708' title='bbox 143 5001 277 5070; x_wconf 84' lang='grc' dir='ltr'>παρ’</span> <span class='ocrx_word' id='word_1_709' title='bbox 312 5001 469 5072; x_wconf 82' lang='grc' dir='ltr'>ὑμῶν</span> <span class='ocrx_word' id='word_1_710' title='bbox 492 5003 813 5075; x_wconf 80' lang='grc' dir='ltr'>ἀδελφότητι</span> <span class='ocrx_word' id='word_1_711' title='bbox 845 5003 976 5074; x_wconf 73' lang='grc'><strong>(44).</strong></span> <span class='ocrx_word' id='word_1_712' title='bbox 1017 5004 1323 5078; x_wconf 74' lang='grc' dir='ltr'>Ἒρρὧθαι</span> <span class='ocrx_word' id='word_1_713' title='bbox 1347 5006 1492 5076; x_wconf 82' lang='grc' dir='ltr'>ὑμᾶς</span> <span class='ocrx_word' id='word_1_714' title='bbox 1517 5009 1574 5060; x_wconf 81' lang='grc' dir='ltr'>ὲν</span> <span class='ocrx_word' id='word_1_715' title='bbox 1604 5008 1718 5060; x_wconf 84' lang='grc' dir='ltr'>Κυ-</span> 
     </span>
    </p>
   </div>
   <div class='ocr_carea' id='block_1_99' title="bbox 1835 4548 3407 4621">
    <p class='ocr_par' dir='ltr' id='par_1_99' title="bbox 1835 4548 3407 4621">
     <span class='ocr_line' id='line_1_99' title="bbox 1835 4548 3407 4621; baseline -0.003 -17"><span class='ocrx_word' id='word_1_716' title='bbox 1835 4567 1864 4604; x_wconf 89' lang='lat' dir='ltr'><strong>a</strong></span> <span class='ocrx_word' id='word_1_717' title='bbox 1899 4567 1986 4606; x_wconf 91' lang='lat' dir='ltr'><strong>me</strong></span> <span class='ocrx_word' id='word_1_718' title='bbox 2009 4550 2261 4621; x_wconf 62' lang='lat' dir='ltr'><strong>praesidia</strong></span> <span class='ocrx_word' id='word_1_719' title='bbox 2290 4561 2604 4620; x_wconf 87' lang='lat' dir='ltr'><strong>comparata</strong></span> <span class='ocrx_word' id='word_1_720' title='bbox 2641 4551 2753 4604; x_wconf 88' lang='lat' dir='ltr'><strong>sint</strong></span> <span class='ocrx_word' id='word_1_721' title='bbox 2781 4549 2848 4603; x_wconf 90' lang='lat' dir='ltr'><strong>ad</strong></span> <span class='ocrx_word' id='word_1_722' title='bbox 2889 4548 3166 4604; x_wconf 85' lang='lat' dir='ltr'><strong>sanandos</strong></span> <span class='ocrx_word' id='word_1_723' title='bbox 3197 4561 3293 4602; x_wconf 89' lang='lat' dir='ltr'><strong>eos</strong></span> <span class='ocrx_word' id='word_1_724' title='bbox 3313 4549 3407 4616; x_wconf 91' lang='lat' dir='ltr'><strong>qui</strong></span> 
     </span>
    </p>
   </div>
   <div class='ocr_carea' id='block_1_100' title="bbox 1832 4637 3410 4711">
    <p class='ocr_par' dir='ltr' id='par_1_100' title="bbox 1832 4637 3410 4711">
     <span class='ocr_line' id='line_1_100' title="bbox 1832 4637 3410 4711; baseline -0.004 -16"><span class='ocrx_word' id='word_1_725' title='bbox 1832 4641 1945 4697; x_wconf 82' lang='lat' dir='ltr'><strong>laesi</strong></span> <span class='ocrx_word' id='word_1_726' title='bbox 1974 4649 2125 4704; x_wconf 91' lang='lat' dir='ltr'><strong>sunt,</strong></span> <span class='ocrx_word' id='word_1_727' title='bbox 2157 4649 2273 4695; x_wconf 89' lang='lat' dir='ltr'><strong>tum</strong></span> <span class='ocrx_word' id='word_1_728' title='bbox 2305 4640 2437 4694; x_wconf 91' lang='lat' dir='ltr'><strong>illud</strong></span> <span class='ocrx_word' id='word_1_729' title='bbox 2488 4641 2759 4711; x_wconf 65' lang='lat' dir='ltr'><strong>praecipue</strong></span> <span class='ocrx_word' id='word_1_730' title='bbox 2787 4640 3084 4694; x_wconf 86' lang='lat' dir='ltr'><strong>remedium</strong></span> <span class='ocrx_word' id='word_1_731' title='bbox 3132 4637 3410 4708; x_wconf 84' lang='lat' dir='ltr'><strong>excogita-</strong></span> 
     </span>
    </p>
   </div>
   <div class='ocr_carea' id='block_1_101' title="bbox 1830 4731 3408 4803">
    <p class='ocr_par' dir='ltr' id='par_1_101' title="bbox 1830 4731 3408 4803">
     <span class='ocr_line' id='line_1_101' title="bbox 1830 4731 3408 4803; baseline -0.001 -15"><span class='ocrx_word' id='word_1_732' title='bbox 1830 4744 1946 4790; x_wconf 92' lang='lat' dir='ltr'><strong>tum</strong></span> <span class='ocrx_word' id='word_1_733' title='bbox 1979 4741 2064 4790; x_wconf 86' lang='lat' dir='ltr'><strong>est</strong></span> <span class='ocrx_word' id='word_1_734' title='bbox 2108 4734 2174 4787; x_wconf 88' lang='lat' dir='ltr'><strong>ad</strong></span> <span class='ocrx_word' id='word_1_735' title='bbox 2221 4733 2520 4788; x_wconf 84' lang='lat' dir='ltr'><strong>curandam</strong></span> <span class='ocrx_word' id='word_1_736' title='bbox 2571 4733 2972 4788; x_wconf 89' lang='lat' dir='ltr'><strong>multitudinem</strong></span> <span class='ocrx_word' id='word_1_737' title='bbox 3014 4748 3134 4803; x_wconf 74' lang='lat' dir='ltr'><strong>qua:</strong></span> <span class='ocrx_word' id='word_1_738' title='bbox 3175 4733 3244 4787; x_wconf 90' lang='lat' dir='ltr'><strong>ab</strong></span> <span class='ocrx_word' id='word_1_739' title='bbox 3298 4731 3408 4786; x_wconf 85' lang='lat' dir='ltr'><strong>illis</strong></span> 
     </span>
    </p>
   </div>
   <div class='ocr_carea' id='block_1_102' title="bbox 1828 4821 3406 4896">
    <p class='ocr_par' dir='ltr' id='par_1_102' title="bbox 1828 4821 3406 4896">
     <span class='ocr_line' id='line_1_102' title="bbox 1828 4821 3406 4896; baseline -0.005 -15"><span class='ocrx_word' id='word_1_740' title='bbox 1828 4826 2052 4896; x_wconf 89' lang='lat' dir='ltr'><strong>decepta</strong></span> <span class='ocrx_word' id='word_1_741' title='bbox 2078 4831 2182 4888; x_wconf 83' lang='lat' dir='ltr'><strong>est,</strong></span> <span class='ocrx_word' id='word_1_742' title='bbox 2208 4832 2267 4877; x_wconf 92' lang='lat' dir='ltr'><strong>ut</strong></span> <span class='ocrx_word' id='word_1_743' title='bbox 2290 4825 2619 4894; x_wconf 83' lang='lat' dir='ltr'><strong>collegarum</strong></span> <span class='ocrx_word' id='word_1_744' title='bbox 2647 4831 2960 4879; x_wconf 91' lang='lat' dir='ltr'><strong>nostrorum</strong></span> <span class='ocrx_word' id='word_1_745' title='bbox 2992 4823 3282 4877; x_wconf 88' lang='lat' dir='ltr'><strong>consensui</strong></span> <span class='ocrx_word' id='word_1_746' title='bbox 3307 4821 3406 4874; x_wconf 83' lang='lat' dir='ltr'><strong>ub—</strong></span> 
     </span>
    </p>
   </div>
   <div class='ocr_carea' id='block_1_103' title="bbox 1827 4911 3404 4987">
    <p class='ocr_par' dir='ltr' id='par_1_103' title="bbox 1827 4911 3404 4987">
     <span class='ocr_line' id='line_1_103' title="bbox 1827 4911 3404 4987; baseline -0.004 -16"><span class='ocrx_word' id='word_1_747' title='bbox 1827 4924 2150 4987; x_wconf 88' lang='lat' dir='ltr'><strong>tempcrent,</strong></span> <span class='ocrx_word' id='word_1_748' title='bbox 2181 4922 2233 4969; x_wconf 89' lang='lat' dir='ltr'><strong>et</strong></span> <span class='ocrx_word' id='word_1_749' title='bbox 2263 4930 2358 4984; x_wconf 85' lang='lat' dir='ltr'><strong>per</strong></span> <span class='ocrx_word' id='word_1_750' title='bbox 2403 4915 2506 4968; x_wconf 92' lang='lat' dir='ltr'><strong>hoc</strong></span> <span class='ocrx_word' id='word_1_751' title='bbox 2550 4914 2615 4968; x_wconf 89' lang='lat' dir='ltr'><strong>ad</strong></span> <span class='ocrx_word' id='word_1_752' title='bbox 2645 4914 3018 4983; x_wconf 76' lang='lat' dir='ltr'><strong>ptenitentiam</strong></span> <span class='ocrx_word' id='word_1_753' title='bbox 3044 4913 3223 4968; x_wconf 85' lang='lat' dir='ltr'><strong>redire</strong></span> <span class='ocrx_word' id='word_1_754' title='bbox 3252 4911 3404 4966; x_wconf 83' lang='lat' dir='ltr'><strong>festi-</strong></span> 
     </span>
    </p>
   </div>
   <div class='ocr_carea' id='block_1_104' title="bbox 1826 5002 3400 5073">
    <p class='ocr_par' dir='ltr' id='par_1_104' title="bbox 1826 5002 3400 5073">
     <span class='ocr_line' id='line_1_104' title="bbox 1826 5002 3400 5073; baseline -0.004 -11"><span class='ocrx_word' id='word_1_755' title='bbox 1826 5016 1978 5063; x_wconf 73' lang='lat' dir='ltr'><strong>nent.</strong></span> <span class='ocrx_word' id='word_1_756' title='bbox 2009 5005 2262 5061; x_wconf 82' lang='lat' dir='ltr'><strong>Salutare</strong></span> <span class='ocrx_word' id='word_1_757' title='bbox 2289 5020 2387 5060; x_wconf 90' lang='lat' dir='ltr'><strong>vos</strong></span> <span class='ocrx_word' id='word_1_758' title='bbox 2427 5005 2662 5061; x_wconf 89' lang='lat' dir='ltr'><strong>invicem</strong></span> <span class='ocrx_word' id='word_1_759' title='bbox 2694 5019 2804 5060; x_wconf 82' lang='lat' dir='ltr'><strong>una</strong></span> <span class='ocrx_word' id='word_1_760' title='bbox 2849 5020 2972 5060; x_wconf 89' lang='lat' dir='ltr'><strong>cum</strong></span> <span class='ocrx_word' id='word_1_761' title='bbox 3003 5003 3284 5069; x_wconf 82' lang='lat' dir='ltr'><strong>fratribus,</strong></span> <span class='ocrx_word' id='word_1_762' title='bbox 3307 5002 3400 5073; x_wconf 90' lang='lat' dir='ltr'><strong>qui</strong></span> 
     </span>
    </p>
   </div>
   <div class='ocr_carea' id='block_1_105' title="bbox 208 5182 1910 5256">
    <p class='ocr_par' dir='ltr' id='par_1_105' title="bbox 208 5182 1910 5256">
     <span class='ocr_line' id='line_1_105' title="bbox 208 5182 1910 5256; baseline 0.005 -19"><span class='ocrx_word' id='word_1_763' title='bbox 208 5185 255 5216; x_wconf 78' lang='lat'>“</span> <span class='ocrx_word' id='word_1_764' title='bbox 288 5182 471 5238; x_wconf 83' lang='lat' dir='ltr'><strong>Galat.</strong></span> <span class='ocrx_word' id='word_1_765' title='bbox 497 5201 535 5250; x_wconf 85' lang='grc' dir='ltr'><strong>ι,</strong></span> <span class='ocrx_word' id='word_1_766' title='bbox 564 5185 619 5252; x_wconf 90' lang='lat'><strong>8,</strong></span> <span class='ocrx_word' id='word_1_767' title='bbox 641 5187 696 5242; x_wconf 90' lang='lat'><strong>9.</strong></span> <span class='ocrx_word' id='word_1_768' title='bbox 763 5187 806 5219; x_wconf 85' lang='grc'><strong><em>³⁷</em></strong></span> <span class='ocrx_word' id='word_1_769' title='bbox 849 5185 878 5240; x_wconf 88' lang='grc' dir='ltr'><em>Ι</em></span> <span class='ocrx_word' id='word_1_770' title='bbox 909 5186 1044 5241; x_wconf 87' lang='lat' dir='ltr'><strong>Tim.</strong></span> <span class='ocrx_word' id='word_1_771' title='bbox 1083 5203 1156 5253; x_wconf 72' lang='grc' dir='ltr'>γι,</span> <span class='ocrx_word' id='word_1_772' title='bbox 1184 5189 1237 5255; x_wconf 81' lang='grc'>5,</span> <span class='ocrx_word' id='word_1_773' title='bbox 1263 5190 1318 5246; x_wconf 72' lang='grc'>4.</span> <span class='ocrx_word' id='word_1_774' title='bbox 1393 5191 1438 5223; x_wconf 80' lang='grc'><strong>³⁸</strong></span> <span class='ocrx_word' id='word_1_775' title='bbox 1475 5190 1538 5246; x_wconf 86' lang='lat' dir='ltr'><strong><em>II</em></strong></span> <span class='ocrx_word' id='word_1_776' title='bbox 1570 5191 1705 5246; x_wconf 83' lang='lat' dir='ltr'><strong>Tim.</strong></span> <span class='ocrx_word' id='word_1_777' title='bbox 1741 5207 1824 5256; x_wconf 87' lang='grc' dir='ltr'>ιιι,</span> <span class='ocrx_word' id='word_1_778' title='bbox 1856 5193 1910 5246; x_wconf 70' lang='grc'>4.</span> 
     </span>
    </p>
   </div>
   <div class='ocr_carea' id='block_1_106' title="bbox 211 5389 1724 5464">
    <p class='ocr_par' dir='ltr' id='par_1_106' title="bbox 211 5389 1724 5464">
     <span class='ocr_line' id='line_1_106' title="bbox 211 5389 1724 5464; baseline 0.006 -22"><span class='ocrx_word' id='word_1_779' title='bbox 211 5389 331 5464; x_wconf 57' lang='grc' dir='ltr'>με)</span> <span class='ocrx_word' id='word_1_780' title='bbox 374 5390 652 5464; x_wconf 58' lang='lat' dir='ltr'><strong>’Aalaquq</strong></span> <span class='ocrx_word' id='word_1_781' title='bbox 683 5391 790 5464; x_wconf 64' lang='grc' dir='ltr'><strong>τοῦ</strong></span> <span class='ocrx_word' id='word_1_782' title='bbox 822 5391 1126 5464; x_wconf 73' lang='grc' dir='ltr'>διακόνου.</span> <span class='ocrx_word' id='word_1_783' title='bbox 1161 5391 1218 5447; x_wconf 84' lang='grc' dir='ltr'>1η</span> <span class='ocrx_word' id='word_1_784' title='bbox 1247 5393 1369 5448; x_wconf 90' lang='lat' dir='ltr'><strong>cod.</strong></span> <span class='ocrx_word' id='word_1_785' title='bbox 1399 5393 1596 5450; x_wconf 86' lang='lat' dir='ltr'><strong>Leonis</strong></span> <span class='ocrx_word' id='word_1_786' title='bbox 1637 5395 1724 5450; x_wconf 85' lang='lat' dir='ltr'><strong>Al-</strong></span> 
     </span>
    </p>
   </div>
   <div class='ocr_carea' id='block_1_107' title="bbox 138 5458 1716 5536">
    <p class='ocr_par' dir='ltr' id='par_1_107' title="bbox 138 5458 1716 5536">
     <span class='ocr_line' id='line_1_107' title="bbox 138 5458 1716 5536; baseline 0.006 -25"><span class='ocrx_word' id='word_1_787' title='bbox 138 5458 277 5536; x_wconf 37' lang='lat' dir='ltr'><strong>l‘atii,</strong></span> <span class='ocrx_word' id='word_1_788' title='bbox 309 5469 364 5536; x_wconf 77' lang='lat' dir='ltr'><strong>et</strong></span> <span class='ocrx_word' id='word_1_789' title='bbox 395 5461 539 5536; x_wconf 77' lang='lat' dir='ltr'><strong>apud</strong></span> <span class='ocrx_word' id='word_1_790' title='bbox 569 5459 940 5536; x_wconf 75' lang='lat' dir='ltr'><strong>Nicepho_rum_</strong></span> <span class='ocrx_word' id='word_1_791' title='bbox 977 5463 1286 5536; x_wconf 12' lang='lat' dir='ltr'><strong>legiturgzoﬁ</strong></span> <span class='ocrx_word' id='word_1_792' title='bbox 1320 5466 1716 5536; x_wconf 84' lang='grc' dir='ltr'>ἀρχιδιακὸνου.</span> 
     </span>
    </p>
   </div>
   <div class='ocr_carea' id='block_1_108' title="bbox 135 5529 1714 5612">
    <p class='ocr_par' dir='ltr' id='par_1_108' title="bbox 135 5529 1714 5612">
     <span class='ocr_line' id='line_1_108' title="bbox 135 5529 1714 5612; baseline 0.006 -30"><span class='ocrx_word' id='word_1_793' title='bbox 135 5529 318 5611; x_wconf 80' lang='lat' dir='ltr'><strong>Atque</strong></span> <span class='ocrx_word' id='word_1_794' title='bbox 341 5532 416 5584; x_wconf 88' lang='lat' dir='ltr'><strong>ita</strong></span> <span class='ocrx_word' id='word_1_795' title='bbox 436 5529 604 5612; x_wconf 70' lang='lat' dir='ltr'><strong>etiam</strong></span> <span class='ocrx_word' id='word_1_796' title='bbox 636 5529 764 5602; x_wconf 80' lang='lat' dir='ltr'><strong>legit</strong></span> <span class='ocrx_word' id='word_1_797' title='bbox 789 5529 1126 5612; x_wconf 61' lang='lat' dir='ltr'><strong>Epiphanius</strong></span> <span class='ocrx_word' id='word_1_798' title='bbox 1153 5529 1546 5612; x_wconf 69' lang='lat' dir='ltr'><strong>scholasticus,</strong></span> <span class='ocrx_word' id='word_1_799' title='bbox 1572 5545 1631 5612; x_wconf 85' lang='lat' dir='ltr'><strong>ut</strong></span> <span class='ocrx_word' id='word_1_800' title='bbox 1653 5554 1714 5612; x_wconf 81' lang='lat' dir='ltr'><strong>ex</strong></span> 
     </span>
    </p>
   </div>
   <div class='ocr_carea' id='block_1_109' title="bbox 136 5601 1718 5727">
    <p class='ocr_par' dir='ltr' id='par_1_109' title="bbox 136 5601 1718 5727">
     <span class='ocr_line' id='line_1_109' title="bbox 136 5601 1718 5678; baseline 0.004 -25"><span class='ocrx_word' id='word_1_801' title='bbox 136 5601 393 5656; x_wconf 85' lang='lat' dir='ltr'><strong>versione</strong></span> <span class='ocrx_word' id='word_1_802' title='bbox 419 5601 539 5668; x_wconf 84' lang='lat' dir='ltr'><strong>ejus</strong></span> <span class='ocrx_word' id='word_1_803' title='bbox 570 5601 814 5673; x_wconf 77' lang='lat' dir='ltr'><strong>apparet.</strong></span> <span class='ocrx_word' id='word_1_804' title='bbox 854 5601 1038 5659; x_wconf 74' lang='lat' dir='ltr'><strong>(loch</strong></span> <span class='ocrx_word' id='word_1_805' title='bbox 1088 5601 1289 5676; x_wconf 82' lang='lat' dir='ltr'><strong>Regius</strong></span> <span class='ocrx_word' id='word_1_806' title='bbox 1331 5605 1380 5660; x_wconf 73' lang='grc' dir='ltr'><strong>εἰ.</strong></span> <span class='ocrx_word' id='word_1_807' title='bbox 1424 5607 1542 5662; x_wconf 87' lang='lat' dir='ltr'><strong>Pini</strong></span> <span class='ocrx_word' id='word_1_808' title='bbox 1589 5608 1718 5678; x_wconf 83' lang='lat' dir='ltr'><strong>legit</strong></span> 
     </span>
     <span class='ocr_line' id='line_1_110' title="bbox 136 5669 1011 5727; baseline 0.005 -4"><span class='ocrx_word' id='word_1_809' title='bbox 136 5669 292 5723; x_wconf 85' lang='grc' dir='ltr'>τοῦδε</span> <span class='ocrx_word' id='word_1_810' title='bbox 325 5669 420 5724; x_wconf 85' lang='grc' dir='ltr'><strong>τοῦ</strong></span> <span class='ocrx_word' id='word_1_811' title='bbox 446 5671 692 5727; x_wconf 86' lang='grc' dir='ltr'>διακόνου</span> <span class='ocrx_word' id='word_1_812' title='bbox 732 5672 1011 5727; x_wconf 77' lang='grc' dir='ltr'>Ἀπίωνος.</span> 
     </span>
    </p>
   </div>
   <div class='ocr_carea' id='block_1_110' title="bbox 135 5686 1712 5818">
    <p class='ocr_par' dir='ltr' id='par_1_110' title="bbox 135 5686 1712 5818">
     <span class='ocr_line' id='line_1_111' title="bbox 135 5686 1011 5738; baseline 0.003 -15"><span class='ocrx_word' id='word_1_813' title='bbox 135 5686 292 5723; x_wconf 82' lang='grc' dir='ltr'>τουοε</span> <span class='ocrx_word' id='word_1_814' title='bbox 325 5689 420 5724; x_wconf 87' lang='grc' dir='ltr'><strong>του</strong></span> <span class='ocrx_word' id='word_1_815' title='bbox 446 5686 692 5727; x_wconf 76' lang='grc' dir='ltr'>διακόνου</span> <span class='ocrx_word' id='word_1_816' title='bbox 737 5686 1011 5738; x_wconf 75' lang='grc' dir='ltr'>Ἀπίωνος.</span> 
     </span>
     <span class='ocr_line' id='line_1_112' title="bbox 212 5741 1712 5818; baseline 0.005 -22"><span class='ocrx_word' id='word_1_817' title='bbox 212 5741 329 5814; x_wconf 76' lang='grc'><strong>(45)</strong></span> <span class='ocrx_word' id='word_1_818' title='bbox 366 5744 738 5812; x_wconf 79' lang='grc' dir='ltr'>Πειθομένων</span> <span class='ocrx_word' id='word_1_819' title='bbox 769 5744 867 5800; x_wconf 80' lang='grc' dir='ltr'>καὶ</span> <span class='ocrx_word' id='word_1_820' title='bbox 908 5744 1052 5812; x_wconf 82' lang='grc' dir='ltr'>ταῖς.</span> <span class='ocrx_word' id='word_1_821' title='bbox 1089 5744 1372 5818; x_wconf 32' lang='grc' dir='ltr'>,Ροιιὶςιιια</span> <span class='ocrx_word' id='word_1_822' title='bbox 1417 5746 1506 5800; x_wconf 82' lang='grc' dir='ltr'><strong>καί</strong></span> <span class='ocrx_word' id='word_1_823' title='bbox 1539 5748 1712 5803; x_wconf 84' lang='lat' dir='ltr'><strong>alieno</strong></span> 
     </span>
    </p>
   </div>
   <div class='ocr_carea' id='block_1_111' title="bbox 1829 5397 3389 5467">
    <p class='ocr_par' dir='ltr' id='par_1_111' title="bbox 1829 5397 3389 5467">
     <span class='ocr_line' id='line_1_113' title="bbox 1829 5397 3389 5467; baseline 0.001 -17"><span class='ocrx_word' id='word_1_824' title='bbox 1829 5397 1949 5452; x_wconf 80' lang='lat' dir='ltr'><strong>loco</strong></span> <span class='ocrx_word' id='word_1_825' title='bbox 1985 5398 2161 5467; x_wconf 86' lang='lat' dir='ltr'><strong>posita</strong></span> <span class='ocrx_word' id='word_1_826' title='bbox 2193 5406 2296 5464; x_wconf 90' lang='lat' dir='ltr'><strong>est,</strong></span> <span class='ocrx_word' id='word_1_827' title='bbox 2333 5408 2386 5454; x_wconf 89' lang='lat' dir='ltr'><strong>ct</strong></span> <span class='ocrx_word' id='word_1_828' title='bbox 2417 5400 2470 5454; x_wconf 92' lang='lat' dir='ltr'><strong>in</strong></span> <span class='ocrx_word' id='word_1_829' title='bbox 2509 5416 2666 5455; x_wconf 89' lang='lat' dir='ltr'><strong>suum</strong></span> <span class='ocrx_word' id='word_1_830' title='bbox 2702 5399 2880 5453; x_wconf 86' lang='lat' dir='ltr'><strong>locum</strong></span> <span class='ocrx_word' id='word_1_831' title='bbox 2919 5399 2997 5453; x_wconf 84' lang='lat' dir='ltr'><strong>sic</strong></span> <span class='ocrx_word' id='word_1_832' title='bbox 3033 5400 3389 5463; x_wconf 85' lang='lat' dir='ltr'><strong>restituenda,</strong></span> 
     </span>
    </p>
   </div>
   <div class='ocr_carea' id='block_1_112' title="bbox 1825 5468 3392 5540">
    <p class='ocr_par' dir='ltr' id='par_1_112' title="bbox 1825 5468 3392 5540">
     <span class='ocr_line' id='line_1_114' title="bbox 1825 5468 3392 5540; baseline 0.003 -20"><span class='ocrx_word' id='word_1_833' title='bbox 1825 5468 2160 5540; x_wconf 82' lang='grc' dir='ltr'>πειθομένων</span> <span class='ocrx_word' id='word_1_834' title='bbox 2191 5473 2310 5534; x_wconf 86' lang='grc' dir='ltr'>ταῖς</span> <span class='ocrx_word' id='word_1_835' title='bbox 2359 5470 2465 5524; x_wconf 83' lang='grc' dir='ltr'><strong>τῶν</strong></span> <span class='ocrx_word' id='word_1_836' title='bbox 2515 5469 2936 5540; x_wconf 87' lang='grc' dir='ltr'>συλλειτουργῶν</span> <span class='ocrx_word' id='word_1_837' title='bbox 2984 5468 3140 5540; x_wconf 79' lang='grc' dir='ltr'>ήμῶν</span> <span class='ocrx_word' id='word_1_838' title='bbox 3188 5487 3392 5540; x_wconf 84' lang='grc' dir='ltr'>συγκα-</span> 
     </span>
    </p>
   </div>
   <div class='ocr_carea' id='block_1_113' title="bbox 1823 5539 2478 5604">
    <p class='ocr_par' dir='ltr' id='par_1_113' title="bbox 1823 5539 2478 5604">
     <span class='ocr_line' id='line_1_115' title="bbox 1823 5539 2478 5604; baseline 0.003 -12"><span class='ocrx_word' id='word_1_839' title='bbox 1823 5539 2092 5603; x_wconf 78' lang='grc' dir='ltr'>ταθέσεσι,</span> <span class='ocrx_word' id='word_1_840' title='bbox 2119 5540 2214 5593; x_wconf 80' lang='grc' dir='ltr'><strong>καὶ</strong></span> <span class='ocrx_word' id='word_1_841' title='bbox 2243 5543 2343 5604; x_wconf 84' lang='grc' dir='ltr'>είς,</span> <span class='ocrx_word' id='word_1_842' title='bbox 2375 5551 2478 5596; x_wconf 79' lang='lat' dir='ltr'><strong>etc.</strong></span> 
     </span>
    </p>
   </div>
   <div class='ocr_carea' id='block_1_114' title="bbox 1815 5609 3389 5683">
    <p class='ocr_par' dir='ltr' id='par_1_114' title="bbox 1815 5609 3389 5683">
     <span class='ocr_line' id='line_1_116' title="bbox 1815 5609 3389 5683; baseline 0 -19"><span class='ocrx_word' id='word_1_843' title='bbox 1815 5639 1820 5644; x_wconf 83' lang='lat'><strong><em>~</em></strong></span> <span class='ocrx_word' id='word_1_844' title='bbox 1859 5610 2002 5683; x_wconf 70' lang='lat' dir='ltr'><strong>_(M)</strong></span> <span class='ocrx_word' id='word_1_845' title='bbox 2043 5611 2165 5683; x_wconf 78' lang='grc' dir='ltr'><strong>Σὺν</strong></span> <span class='ocrx_word' id='word_1_846' title='bbox 2189 5609 2263 5679; x_wconf 77' lang='grc' dir='ltr'>τῇ</span> <span class='ocrx_word' id='word_1_847' title='bbox 2287 5612 2420 5680; x_wconf 83' lang='grc' dir='ltr'>παρ’</span> <span class='ocrx_word' id='word_1_848' title='bbox 2452 5612 2619 5682; x_wconf 74' lang='grc' dir='ltr'><strong>ὑμῶν·</strong></span> <span class='ocrx_word' id='word_1_849' title='bbox 2646 5611 3021 5681; x_wconf 59' lang='grc' dir='ltr'>ἀδελφότητι.</span> <span class='ocrx_word' id='word_1_850' title='bbox 3052 5610 3205 5683; x_wconf 84' lang='lat' dir='ltr'><strong>Apud</strong></span> <span class='ocrx_word' id='word_1_851' title='bbox 3230 5609 3389 5683; x_wconf 86' lang='lat' dir='ltr'><strong>Nice-</strong></span> 
     </span>
    </p>
   </div>
   <div class='ocr_carea' id='block_1_115' title="bbox 1819 5679 3387 5802">
    <p class='ocr_par' dir='ltr' id='par_1_115' title="bbox 1819 5679 3387 5802">
     <span class='ocr_line' id='line_1_117' title="bbox 1819 5679 3387 5802; baseline 0.003 -71"><span class='ocrx_word' id='word_1_852' title='bbox 1819 5679 2051 5802; x_wconf 63' lang='lat' dir='ltr'><strong>thorum</strong></span> <span class='ocrx_word' id='word_1_853' title='bbox 2099 5682 2289 5754; x_wconf 81' lang='lat' dir='ltr'><strong>legitur</strong></span> <span class='ocrx_word' id='word_1_854' title='bbox 2336 5679 2662 5756; x_wconf 77' lang='grc' dir='ltr'>παρ”ἧμῶν,</span> <span class='ocrx_word' id='word_1_855' title='bbox 2693 5679 2835 5756; x_wconf 82' lang='lat' dir='ltr'><strong>quod</strong></span> <span class='ocrx_word' id='word_1_856' title='bbox 2886 5679 3262 5740; x_wconf 39' lang='lat' dir='ltr'><strong>rectius‘mihi</strong></span> <span class='ocrx_word' id='word_1_857' title='bbox 3306 5681 3387 5736; x_wconf 57' lang='lat' dir='ltr'><strong>vi.</strong></span> 
     </span>
     <span class='ocr_line' id='line_1_118' title="bbox 1855 5766 1995 5802; baseline 0 0"><span class='ocrx_word' id='word_1_858' title='bbox 1855 5766 1882 5802; x_wconf 84' lang='grc' dir='ltr'>ρ</span> <span class='ocrx_word' id='word_1_859' title='bbox 1914 5767 1995 5802; x_wconf 89' lang='lat' dir='ltr'><strong>ur.</strong></span> 
     </span>
    </p>
   </div>
   <div class='ocr_carea' id='block_1_116' title="bbox 1855 5759 1995 5805">
    <p class='ocr_par' dir='ltr' id='par_1_116' title="bbox 1855 5759 1995 5805">
     <span class='ocr_line' id='line_1_119' title="bbox 1855 5759 1995 5805; baseline 0.007 -1"><span class='ocrx_word' id='word_1_860' title='bbox 1855 5759 1995 5805; x_wconf 82' lang='lat' dir='ltr'><strong>Cllll&#39;.</strong></span> 
     </span>
    </p>
   </div>
  </div>
