  <div class='ocr_page' id='page_1' title='image "/cluster/home/n/w/nwhite01/storage/ocr_20150623/18/nnc1.0046978550/295.png"; bbox 0 0 3850 6160; ppageno 0'>
   <div class='ocr_carea' id='block_1_1' title="bbox 423 289 528 344">
    <p class='ocr_par' dir='ltr' id='par_1_1' title="bbox 423 289 528 344">
     <span class='ocr_line' id='line_1_1' title="bbox 423 289 528 344; baseline 0.019 -2"><span class='ocrx_word' id='word_1_1' title='bbox 423 289 528 344; x_wconf 79' lang='lat'><strong>575</strong></span> 
     </span>
    </p>
   </div>
   <div class='ocr_carea' id='block_1_2' title="bbox 1565 277 2566 336">
    <p class='ocr_par' dir='ltr' id='par_1_2' title="bbox 1565 277 2566 336">
     <span class='ocr_line' id='line_1_2' title="bbox 1565 277 2566 336; baseline -0.003 0"><span class='ocrx_word' id='word_1_2' title='bbox 1565 281 1623 336; x_wconf 89' lang='lat' dir='ltr'><strong>S.</strong></span> <span class='ocrx_word' id='word_1_3' title='bbox 1661 277 2060 336; x_wconf 68' lang='lat' dir='ltr'><strong>ALEXAND!“</strong></span> <span class='ocrx_word' id='word_1_4' title='bbox 2099 277 2566 336; x_wconf 78' lang='lat' dir='ltr'><strong>ALEXANDRINI</strong></span> 
     </span>
    </p>
   </div>
   <div class='ocr_carea' id='block_1_3' title="bbox 3570 278 3682 336">
    <p class='ocr_par' dir='ltr' id='par_1_3' title="bbox 3570 278 3682 336">
     <span class='ocr_line' id='line_1_3' title="bbox 3570 278 3682 336; baseline 0.018 -2"><span class='ocrx_word' id='word_1_5' title='bbox 3570 278 3682 336; x_wconf 79' lang='lat'><strong>576</strong></span> 
     </span>
    </p>
   </div>
   <div class='ocr_carea' id='block_1_4' title="bbox 421 388 1999 488">
    <p class='ocr_par' dir='ltr' id='par_1_4' title="bbox 421 388 1995 458">
     <span class='ocr_line' id='line_1_4' title="bbox 421 388 1995 458; baseline -0.004 -5"><span class='ocrx_word' id='word_1_6' title='bbox 421 397 714 454; x_wconf 77' lang='lat' dir='ltr'><strong>verborum</strong></span> <span class='ocrx_word' id='word_1_7' title='bbox 764 391 957 451; x_wconf 85' lang='lat' dir='ltr'><strong>sordes</strong></span> <span class='ocrx_word' id='word_1_8' title='bbox 1005 405 1169 449; x_wconf 83' lang='lat' dir='ltr'><strong>aures</strong></span> <span class='ocrx_word' id='word_1_9' title='bbox 1197 389 1350 448; x_wconf 81' lang='lat' dir='ltr'><strong>&#39;suas</strong></span> <span class='ocrx_word' id='word_1_10' title='bbox 1397 390 1808 447; x_wconf 74' lang='lat' dir='ltr'><strong>contaminent?</strong></span> <span class='ocrx_word' id='word_1_11' title='bbox 1858 388 1995 458; x_wconf 82' lang='lat' dir='ltr'><strong>Quis</strong></span> 
     </span>
    </p>
   </div>
   <div class='ocr_carea' id='block_1_5' title="bbox 2109 388 3680 488">
    <p class='ocr_par' dir='ltr' id='par_1_5' title="bbox 2109 389 3680 467">
     <span class='ocr_line' id='line_1_5' title="bbox 2109 389 3680 467; baseline 0.001 -20"><span class='ocrx_word' id='word_1_12' title='bbox 2109 390 2266 456; x_wconf 67' lang='grc' dir='ltr'>ἱκοάς</span> <span class='ocrx_word' id='word_1_13' title='bbox 2298 390 2434 462; x_wconf 82' lang='grc' dir='ltr'>βύει,</span> <span class='ocrx_word' id='word_1_14' title='bbox 2466 390 2608 462; x_wconf 81' lang='grc' dir='ltr'>ὑπὲρ</span> <span class='ocrx_word' id='word_1_15' title='bbox 2636 389 2731 445; x_wconf 83' lang='grc' dir='ltr'><strong>τοῦ</strong></span> <span class='ocrx_word' id='word_1_16' title='bbox 2757 390 2833 463; x_wconf 85' lang='grc' dir='ltr'>μὴ</span> <span class='ocrx_word' id='word_1_17' title='bbox 2861 391 2953 446; x_wconf 81' lang='grc' dir='ltr'>τὸν</span> <span class='ocrx_word' id='word_1_18' title='bbox 2987 391 3157 464; x_wconf 81' lang='grc' dir='ltr'><strong>ῥύπον</strong></span> <span class='ocrx_word' id='word_1_19' title='bbox 3195 391 3401 448; x_wconf 89' lang='grc' dir='ltr'>τούτων</span> <span class='ocrx_word' id='word_1_20' title='bbox 3439 393 3548 449; x_wconf 87' lang='grc' dir='ltr'><strong>τῶν</strong></span> <span class='ocrx_word' id='word_1_21' title='bbox 3577 397 3680 467; x_wconf 78' lang='grc' dir='ltr'><strong>ρη-</strong></span> 
     </span>
    </p>
   </div>
   <div class='ocr_carea' id='block_1_6' title="bbox 420 483 1994 555">
    <p class='ocr_par' dir='ltr' id='par_1_6' title="bbox 420 483 1994 555">
     <span class='ocr_line' id='line_1_6' title="bbox 420 483 1994 555; baseline -0.006 -9"><span class='ocrx_word' id='word_1_22' title='bbox 420 493 538 546; x_wconf 70' lang='lat' dir='ltr'><strong>hzec</strong></span> <span class='ocrx_word' id='word_1_23' title='bbox 570 487 802 544; x_wconf 80' lang='lat' dir='ltr'><strong>Joannis</strong></span> <span class='ocrx_word' id='word_1_24' title='bbox 831 486 1061 543; x_wconf 89' lang='lat' dir='ltr'><strong>audiens</strong></span> <span class='ocrx_word' id='word_1_25' title='bbox 1101 504 1114 540; x_wconf 92' lang='lat'>:</span> <span class='ocrx_word' id='word_1_26' title='bbox 1147 483 1213 539; x_wconf 78' lang='lat' dir='ltr'><strong>In</strong></span> <span class='ocrx_word' id='word_1_27' title='bbox 1241 483 1501 555; x_wconf 85' lang='lat' dir='ltr'><strong>principio</strong></span> <span class='ocrx_word' id='word_1_28' title='bbox 1529 493 1645 538; x_wconf 86' lang='lat' dir='ltr'><strong>erat</strong></span> <span class='ocrx_word' id='word_1_29' title='bbox 1687 483 1912 538; x_wconf 82' lang='lat' dir='ltr'><strong><em>Verbum</em></strong></span> <span class='ocrx_word' id='word_1_30' title='bbox 1927 484 1994 550; x_wconf 65' lang='grc' dir='ltr'><strong>δ’,</strong></span> 
     </span>
    </p>
   </div>
   <div class='ocr_carea' id='block_1_7' title="bbox 421 572 1998 646">
    <p class='ocr_par' dir='ltr' id='par_1_7' title="bbox 421 572 1998 646">
     <span class='ocr_line' id='line_1_7' title="bbox 421 572 1998 646; baseline -0.003 -10"><span class='ocrx_word' id='word_1_31' title='bbox 421 581 668 636; x_wconf 83' lang='lat' dir='ltr'><strong>homines</strong></span> <span class='ocrx_word' id='word_1_32' title='bbox 690 595 802 635; x_wconf 90' lang='lat' dir='ltr'><strong>non</strong></span> <span class='ocrx_word' id='word_1_33' title='bbox 829 579 1177 642; x_wconf 83' lang='lat' dir='ltr'><strong>condemnet,</strong></span> <span class='ocrx_word' id='word_1_34' title='bbox 1207 574 1301 646; x_wconf 88' lang='lat' dir='ltr'><strong>qui</strong></span> <span class='ocrx_word' id='word_1_35' title='bbox 1323 573 1477 630; x_wconf 88' lang='lat' dir='ltr'><strong>aiunt</strong></span> <span class='ocrx_word' id='word_1_36' title='bbox 1503 593 1517 630; x_wconf 86' lang='lat'><strong>:</strong></span> <span class='ocrx_word' id='word_1_37' title='bbox 1551 572 1679 630; x_wconf 85' lang='lat' dir='ltr'><strong>Fuit</strong></span> <span class='ocrx_word' id='word_1_38' title='bbox 1705 575 1998 646; x_wconf 86' lang='lat' dir='ltr'><strong>aliquando</strong></span> 
     </span>
    </p>
   </div>
   <div class='ocr_carea' id='block_1_8' title="bbox 419 667 1997 740">
    <p class='ocr_par' dir='ltr' id='par_1_8' title="bbox 419 667 1997 740">
     <span class='ocr_line' id='line_1_8' title="bbox 419 667 1997 740; baseline -0.004 -10"><span class='ocrx_word' id='word_1_39' title='bbox 419 690 547 730; x_wconf 91' lang='lat' dir='ltr'><strong>cum</strong></span> <span class='ocrx_word' id='word_1_40' title='bbox 577 689 688 729; x_wconf 93' lang='lat' dir='ltr'><strong>non</strong></span> <span class='ocrx_word' id='word_1_41' title='bbox 713 672 904 730; x_wconf 77' lang='lat' dir='ltr'><strong>esset?</strong></span> <span class='ocrx_word' id='word_1_42' title='bbox 938 669 1072 738; x_wconf 86' lang='lat' dir='ltr'><strong>Quis</strong></span> <span class='ocrx_word' id='word_1_43' title='bbox 1106 671 1152 726; x_wconf 91' lang='lat' dir='ltr'><strong>si</strong></span> <span class='ocrx_word' id='word_1_44' title='bbox 1205 669 1320 724; x_wconf 66' lang='lat' dir='ltr'><strong>haec</strong></span> <span class='ocrx_word' id='word_1_45' title='bbox 1366 667 1647 740; x_wconf 77' lang='lat' dir='ltr'><strong>Evangelii</strong></span> <span class='ocrx_word' id='word_1_46' title='bbox 1692 669 1858 725; x_wconf 85' lang='lat' dir='ltr'><strong>verba</strong></span> <span class='ocrx_word' id='word_1_47' title='bbox 1901 684 1997 725; x_wconf 92' lang='lat' dir='ltr'><strong>au-</strong></span> 
     </span>
    </p>
   </div>
   <div class='ocr_carea' id='block_1_9' title="bbox 419 765 1998 838">
    <p class='ocr_par' dir='ltr' id='par_1_9' title="bbox 419 765 1998 838">
     <span class='ocr_line' id='line_1_9' title="bbox 419 765 1998 838; baseline -0.002 -15"><span class='ocrx_word' id='word_1_48' title='bbox 419 769 538 823; x_wconf 88' lang='lat' dir='ltr'><strong>diat</strong></span> <span class='ocrx_word' id='word_1_49' title='bbox 570 784 584 820; x_wconf 92' lang='lat'><strong>:</strong></span> <span class='ocrx_word' id='word_1_50' title='bbox 627 767 939 838; x_wconf 78' lang='lat' dir='ltr'><strong>Unigenitus</strong></span> <span class='ocrx_word' id='word_1_51' title='bbox 975 765 1181 831; x_wconf 79' lang='lat' dir='ltr'><strong>Filius;</strong></span> <span class='ocrx_word' id='word_1_52' title='bbox 1213 773 1268 821; x_wconf 93' lang='lat' dir='ltr'><strong>et</strong></span> <span class='ocrx_word' id='word_1_53' title='bbox 1297 765 1438 821; x_wconf 88' lang='lat' dir='ltr'><strong>:Per</strong></span> <span class='ocrx_word' id='word_1_54' title='bbox 1484 767 1657 835; x_wconf 75' lang='lat' dir='ltr'><strong>ipsum</strong></span> <span class='ocrx_word' id='word_1_55' title='bbox 1693 765 1840 834; x_wconf 76' lang='lat' dir='ltr'><strong>facta</strong></span> <span class='ocrx_word' id='word_1_56' title='bbox 1876 774 1998 820; x_wconf 73' lang='lat' dir='ltr'><strong>sunt</strong></span> 
     </span>
    </p>
   </div>
   <div class='ocr_carea' id='block_1_10' title="bbox 420 858 1998 931">
    <p class='ocr_par' dir='ltr' id='par_1_10' title="bbox 420 858 1998 931">
     <span class='ocr_line' id='line_1_10' title="bbox 420 858 1998 931; baseline -0.003 -13"><span class='ocrx_word' id='word_1_57' title='bbox 420 863 602 918; x_wconf 88' lang='lat' dir='ltr'><strong>omnia</strong></span> <span class='ocrx_word' id='word_1_58' title='bbox 620 861 688 927; x_wconf 69' lang='grc' dir='ltr'><strong>δ’,</strong></span> <span class='ocrx_word' id='word_1_59' title='bbox 713 861 837 916; x_wconf 91' lang='lat' dir='ltr'><strong>illos</strong></span> <span class='ocrx_word' id='word_1_60' title='bbox 872 875 982 915; x_wconf 91' lang='lat' dir='ltr'><strong>non</strong></span> <span class='ocrx_word' id='word_1_61' title='bbox 1027 867 1311 915; x_wconf 82' lang='lat' dir='ltr'><strong>aversetur</strong></span> <span class='ocrx_word' id='word_1_62' title='bbox 1356 859 1471 915; x_wconf 72' lang='lat' dir='ltr'><strong>haec</strong></span> <span class='ocrx_word' id='word_1_63' title='bbox 1517 859 1845 931; x_wconf 87' lang='lat' dir='ltr'><strong>loquentes:</strong></span> <span class='ocrx_word' id='word_1_64' title='bbox 1880 858 1998 915; x_wconf 90' lang='lat' dir='ltr'><strong>Una</strong></span> 
     </span>
    </p>
   </div>
   <div class='ocr_carea' id='block_1_11' title="bbox 421 950 2000 1024">
    <p class='ocr_par' dir='ltr' id='par_1_11' title="bbox 421 950 2000 1024">
     <span class='ocr_line' id='line_1_11' title="bbox 421 950 2000 1024; baseline -0.001 -15"><span class='ocrx_word' id='word_1_65' title='bbox 421 956 513 1010; x_wconf 91' lang='lat' dir='ltr'><strong>ille</strong></span> <span class='ocrx_word' id='word_1_66' title='bbox 536 962 621 1011; x_wconf 92' lang='lat' dir='ltr'><strong>est</strong></span> <span class='ocrx_word' id='word_1_67' title='bbox 648 970 713 1010; x_wconf 83' lang='lat' dir='ltr'><strong>ex</strong></span> <span class='ocrx_word' id='word_1_68' title='bbox 743 953 909 1009; x_wconf 87' lang='lat' dir='ltr'><strong>rebus</strong></span> <span class='ocrx_word' id='word_1_69' title='bbox 943 951 1136 1008; x_wconf 84' lang='lat' dir='ltr'><strong>factis?</strong></span> <span class='ocrx_word' id='word_1_70' title='bbox 1164 950 1300 1006; x_wconf 82' lang='lat' dir='ltr'><strong>Nam</strong></span> <span class='ocrx_word' id='word_1_71' title='bbox 1325 953 1421 1024; x_wconf 92' lang='lat' dir='ltr'><strong>qui</strong></span> <span class='ocrx_word' id='word_1_72' title='bbox 1465 959 1646 1024; x_wconf 85' lang='lat' dir='ltr'><strong>potest</strong></span> <span class='ocrx_word' id='word_1_73' title='bbox 1673 968 1781 1009; x_wconf 90' lang='lat' dir='ltr'><strong>una</strong></span> <span class='ocrx_word' id='word_1_74' title='bbox 1813 968 1879 1008; x_wconf 86' lang='lat' dir='ltr'><strong>ex</strong></span> <span class='ocrx_word' id='word_1_75' title='bbox 1911 969 2000 1008; x_wconf 91' lang='lat' dir='ltr'><strong>re-</strong></span> 
     </span>
    </p>
   </div>
   <div class='ocr_carea' id='block_1_12' title="bbox 420 1030 1997 1116">
    <p class='ocr_par' dir='ltr' id='par_1_12' title="bbox 420 1030 1997 1116">
     <span class='ocr_line' id='line_1_12' title="bbox 420 1030 1997 1116; baseline -0.003 -14"><span class='ocrx_word' id='word_1_76' title='bbox 420 1047 522 1104; x_wconf 88' lang='lat' dir='ltr'><strong>bus</strong></span> <span class='ocrx_word' id='word_1_77' title='bbox 552 1062 583 1101; x_wconf 90' lang='lat' dir='ltr'><strong>a</strong></span> <span class='ocrx_word' id='word_1_78' title='bbox 633 1062 692 1103; x_wconf 91' lang='lat' dir='ltr'><strong>se</strong></span> <span class='ocrx_word' id='word_1_79' title='bbox 725 1045 882 1100; x_wconf 88' lang='lat' dir='ltr'><strong>factis</strong></span> <span class='ocrx_word' id='word_1_80' title='bbox 922 1030 1083 1109; x_wconf 53' lang='lat' dir='ltr'><strong>esse?</strong></span> <span class='ocrx_word' id='word_1_81' title='bbox 1114 1051 1210 1099; x_wconf 91' lang='lat' dir='ltr'><strong>aut</strong></span> <span class='ocrx_word' id='word_1_82' title='bbox 1249 1047 1342 1116; x_wconf 87' lang='lat' dir='ltr'><strong>qui</strong></span> <span class='ocrx_word' id='word_1_83' title='bbox 1374 1045 1691 1116; x_wconf 76' lang='lat' dir='ltr'><strong>unigenitus</strong></span> <span class='ocrx_word' id='word_1_84' title='bbox 1723 1045 1849 1109; x_wconf 91' lang='lat' dir='ltr'><strong>erit,</strong></span> <span class='ocrx_word' id='word_1_85' title='bbox 1879 1045 1997 1116; x_wconf 91' lang='lat' dir='ltr'><strong>qui,</strong></span> 
     </span>
    </p>
   </div>
   <div class='ocr_carea' id='block_1_13' title="bbox 419 1141 2000 1214">
    <p class='ocr_par' dir='ltr' id='par_1_13' title="bbox 419 1141 2000 1214">
     <span class='ocr_line' id='line_1_13' title="bbox 419 1141 2000 1214; baseline 0.001 -18"><span class='ocrx_word' id='word_1_86' title='bbox 419 1150 481 1196; x_wconf 92' lang='lat' dir='ltr'><strong>ut</strong></span> <span class='ocrx_word' id='word_1_87' title='bbox 513 1142 667 1196; x_wconf 91' lang='lat' dir='ltr'><strong>aiunt</strong></span> <span class='ocrx_word' id='word_1_88' title='bbox 697 1142 796 1204; x_wconf 89' lang='lat' dir='ltr'><strong>illi,</strong></span> <span class='ocrx_word' id='word_1_89' title='bbox 829 1141 1084 1199; x_wconf 85' lang='lat' dir='ltr'><strong>omnibus</strong></span> <span class='ocrx_word' id='word_1_90' title='bbox 1132 1150 1548 1207; x_wconf 85' lang='lat' dir='ltr'><strong>annumeratur,</strong></span> <span class='ocrx_word' id='word_1_91' title='bbox 1598 1144 1645 1198; x_wconf 92' lang='lat' dir='ltr'><strong>si</strong></span> <span class='ocrx_word' id='word_1_92' title='bbox 1681 1144 1898 1214; x_wconf 88' lang='lat' dir='ltr'><strong>quidem</strong></span> <span class='ocrx_word' id='word_1_93' title='bbox 1945 1152 2000 1200; x_wconf 92' lang='lat' dir='ltr'><strong>et</strong></span> 
     </span>
    </p>
   </div>
   <div class='ocr_carea' id='block_1_14' title="bbox 420 1231 1998 1304">
    <p class='ocr_par' dir='ltr' id='par_1_14' title="bbox 420 1231 1998 1304">
     <span class='ocr_line' id='line_1_14' title="bbox 420 1231 1998 1304; baseline 0.003 -18"><span class='ocrx_word' id='word_1_94' title='bbox 420 1233 510 1288; x_wconf 92' lang='lat' dir='ltr'><strong>ille</strong></span> <span class='ocrx_word' id='word_1_95' title='bbox 549 1248 639 1287; x_wconf 90' lang='lat' dir='ltr'><strong>res</strong></span> <span class='ocrx_word' id='word_1_96' title='bbox 687 1242 771 1288; x_wconf 93' lang='lat' dir='ltr'><strong>est</strong></span> <span class='ocrx_word' id='word_1_97' title='bbox 814 1231 959 1286; x_wconf 84' lang='lat' dir='ltr'><strong>facta</strong></span> <span class='ocrx_word' id='word_1_98' title='bbox 995 1241 1161 1304; x_wconf 90' lang='lat' dir='ltr'><strong>atque</strong></span> <span class='ocrx_word' id='word_1_99' title='bbox 1195 1234 1416 1288; x_wconf 87' lang='lat' dir='ltr'><strong>creata?</strong></span> <span class='ocrx_word' id='word_1_100' title='bbox 1451 1232 1738 1300; x_wconf 85' lang='lat' dir='ltr'><strong>Quomodo</strong></span> <span class='ocrx_word' id='word_1_101' title='bbox 1783 1250 1850 1290; x_wconf 92' lang='lat' dir='ltr'><strong>ex</strong></span> <span class='ocrx_word' id='word_1_102' title='bbox 1888 1249 1998 1290; x_wconf 90' lang='lat' dir='ltr'><strong>non</strong></span> 
     </span>
    </p>
   </div>
   <div class='ocr_carea' id='block_1_15' title="bbox 417 1325 1996 1392">
    <p class='ocr_par' dir='ltr' id='par_1_15' title="bbox 417 1325 1996 1392">
     <span class='ocr_line' id='line_1_15' title="bbox 417 1325 1996 1392; baseline 0.001 -12"><span class='ocrx_word' id='word_1_103' title='bbox 417 1326 762 1382; x_wconf 82' lang='lat' dir='ltr'><strong>exstantibus</strong></span> <span class='ocrx_word' id='word_1_104' title='bbox 824 1325 1003 1383; x_wconf 85' lang='lat' dir='ltr'><strong>factus</strong></span> <span class='ocrx_word' id='word_1_105' title='bbox 1053 1327 1144 1382; x_wconf 91' lang='lat' dir='ltr'><strong>ille</strong></span> <span class='ocrx_word' id='word_1_106' title='bbox 1201 1325 1387 1392; x_wconf 90' lang='lat' dir='ltr'><strong>fuerit,</strong></span> <span class='ocrx_word' id='word_1_107' title='bbox 1446 1343 1572 1382; x_wconf 90' lang='lat' dir='ltr'><strong>eum</strong></span> <span class='ocrx_word' id='word_1_108' title='bbox 1621 1326 1782 1384; x_wconf 88' lang='lat' dir='ltr'><strong>Pater</strong></span> <span class='ocrx_word' id='word_1_109' title='bbox 1832 1329 1996 1392; x_wconf 89' lang='lat' dir='ltr'><strong>dicat,</strong></span> 
     </span>
    </p>
   </div>
   <div class='ocr_carea' id='block_1_16' title="bbox 421 1419 1998 1489">
    <p class='ocr_par' dir='ltr' id='par_1_16' title="bbox 421 1419 1998 1489">
     <span class='ocr_line' id='line_1_16' title="bbox 421 1419 1998 1489; baseline 0.003 -17"><span class='ocrx_word' id='word_1_110' title='bbox 421 1419 696 1474; x_wconf 83' lang='lat' dir='ltr'><strong>Eructavit</strong></span> <span class='ocrx_word' id='word_1_111' title='bbox 721 1437 814 1473; x_wconf 87' lang='lat' dir='ltr'><strong>cor</strong></span> <span class='ocrx_word' id='word_1_112' title='bbox 842 1437 1015 1474; x_wconf 88' lang='lat' dir='ltr'><strong>meum</strong></span> <span class='ocrx_word' id='word_1_113' title='bbox 1057 1421 1283 1476; x_wconf 80' lang='lat' dir='ltr'><strong>Verbum</strong></span> <span class='ocrx_word' id='word_1_114' title='bbox 1313 1420 1503 1475; x_wconf 88' lang='lat' dir='ltr'><strong>bonum</strong></span> <span class='ocrx_word' id='word_1_115' title='bbox 1531 1422 1606 1488; x_wconf 68' lang='lat'><strong>&quot;;</strong></span> <span class='ocrx_word' id='word_1_116' title='bbox 1637 1432 1710 1489; x_wconf 90' lang='lat' dir='ltr'><strong>et,</strong></span> <span class='ocrx_word' id='word_1_117' title='bbox 1742 1421 1826 1475; x_wconf 75' lang='lat' dir='ltr'><strong>Ex</strong></span> <span class='ocrx_word' id='word_1_118' title='bbox 1852 1432 1998 1477; x_wconf 84' lang='lat' dir='ltr'><strong>utero</strong></span> 
     </span>
    </p>
   </div>
   <div class='ocr_carea' id='block_1_17' title="bbox 419 1510 1999 1585">
    <p class='ocr_par' dir='ltr' id='par_1_17' title="bbox 419 1510 1999 1585">
     <span class='ocr_line' id='line_1_17' title="bbox 419 1510 1999 1585; baseline 0.004 -22"><span class='ocrx_word' id='word_1_119' title='bbox 419 1519 540 1564; x_wconf 87' lang='lat' dir='ltr'><strong>ante</strong></span> <span class='ocrx_word' id='word_1_120' title='bbox 572 1510 876 1580; x_wconf 74' lang='lat' dir='ltr'><strong>Luciferum</strong></span> <span class='ocrx_word' id='word_1_121' title='bbox 907 1513 1062 1583; x_wconf 80' lang='lat' dir='ltr'><strong>genui</strong></span> <span class='ocrx_word' id='word_1_122' title='bbox 1084 1523 1132 1566; x_wconf 88' lang='lat' dir='ltr'><strong>te</strong></span> <span class='ocrx_word' id='word_1_123' title='bbox 1149 1513 1236 1570; x_wconf 69' lang='lat'><strong>“2’</strong></span> <span class='ocrx_word' id='word_1_124' title='bbox 1273 1514 1381 1568; x_wconf 86' lang='lat' dir='ltr'><strong>Aut</strong></span> <span class='ocrx_word' id='word_1_125' title='bbox 1413 1516 1688 1585; x_wconf 86' lang='lat' dir='ltr'><strong>quomodo</strong></span> <span class='ocrx_word' id='word_1_126' title='bbox 1731 1514 1999 1570; x_wconf 86' lang='lat' dir='ltr'><strong>absimilis</strong></span> 
     </span>
    </p>
   </div>
   <div class='ocr_carea' id='block_1_18' title="bbox 420 1601 1996 1678">
    <p class='ocr_par' dir='ltr' id='par_1_18' title="bbox 420 1601 1996 1678">
     <span class='ocr_line' id='line_1_18' title="bbox 420 1601 1996 1678; baseline 0.002 -21"><span class='ocrx_word' id='word_1_127' title='bbox 420 1603 742 1657; x_wconf 71' lang='lat' dir='ltr'><strong>substantia:</strong></span> <span class='ocrx_word' id='word_1_128' title='bbox 790 1601 970 1659; x_wconf 88' lang='lat' dir='ltr'><strong>Patris</strong></span> <span class='ocrx_word' id='word_1_129' title='bbox 1018 1603 1214 1671; x_wconf 89' lang='lat' dir='ltr'><strong>fuerit,</strong></span> <span class='ocrx_word' id='word_1_130' title='bbox 1259 1607 1355 1677; x_wconf 87' lang='lat' dir='ltr'><strong>qui</strong></span> <span class='ocrx_word' id='word_1_131' title='bbox 1407 1614 1491 1664; x_wconf 89' lang='lat' dir='ltr'><strong>est</strong></span> <span class='ocrx_word' id='word_1_132' title='bbox 1536 1609 1716 1678; x_wconf 79' lang='lat' dir='ltr'><strong>imago</strong></span> <span class='ocrx_word' id='word_1_133' title='bbox 1759 1608 1996 1678; x_wconf 87' lang='lat' dir='ltr'><strong>perfecta</strong></span> 
     </span>
    </p>
   </div>
   <div class='ocr_carea' id='block_1_19' title="bbox 419 1690 1998 1766">
    <p class='ocr_par' dir='ltr' id='par_1_19' title="bbox 419 1690 1998 1766">
     <span class='ocr_line' id='line_1_19' title="bbox 419 1690 1998 1766; baseline 0.004 -20"><span class='ocrx_word' id='word_1_134' title='bbox 419 1691 790 1762; x_wconf 84' lang='lat' dir='ltr'><strong>splendorque</strong></span> <span class='ocrx_word' id='word_1_135' title='bbox 824 1691 1024 1759; x_wconf 86' lang='lat' dir='ltr'><strong>Patris,</strong></span> <span class='ocrx_word' id='word_1_136' title='bbox 1046 1690 1256 1766; x_wconf 70' lang='lat' dir='ltr'><strong>&#39;quique</strong></span> <span class='ocrx_word' id='word_1_137' title='bbox 1298 1696 1410 1750; x_wconf 88' lang='lat' dir='ltr'><strong>ait:</strong></span> <span class='ocrx_word' id='word_1_138' title='bbox 1457 1695 1561 1762; x_wconf 86' lang='lat' dir='ltr'><strong>Qui</strong></span> <span class='ocrx_word' id='word_1_139' title='bbox 1591 1698 1722 1751; x_wconf 79' lang='lat' dir='ltr'><strong>vidit</strong></span> <span class='ocrx_word' id='word_1_140' title='bbox 1744 1715 1843 1763; x_wconf 88' lang='lat' dir='ltr'><strong>me,</strong></span> <span class='ocrx_word' id='word_1_141' title='bbox 1867 1699 1998 1752; x_wconf 85' lang='lat' dir='ltr'><strong>vidit</strong></span> 
     </span>
    </p>
   </div>
   <div class='ocr_carea' id='block_1_20' title="bbox 2102 483 3680 558">
    <p class='ocr_par' dir='ltr' id='par_1_20' title="bbox 2102 483 3680 558">
     <span class='ocr_line' id='line_1_20' title="bbox 2102 483 3680 558; baseline 0.003 -19"><span class='ocrx_word' id='word_1_142' title='bbox 2102 486 2286 558; x_wconf 83' lang='grc' dir='ltr'><strong>μάτων</strong></span> <span class='ocrx_word' id='word_1_143' title='bbox 2331 483 2537 555; x_wconf 78' lang='grc' dir='ltr'>ψαῦσαι</span> <span class='ocrx_word' id='word_1_144' title='bbox 2574 485 2672 556; x_wconf 85' lang='grc' dir='ltr'>τῆς</span> <span class='ocrx_word' id='word_1_145' title='bbox 2704 485 2892 557; x_wconf 61' lang='grc' dir='ltr'>ἀκοῆς</span> <span class='ocrx_word' id='word_1_146' title='bbox 2933 485 3030 550; x_wconf 86' lang='grc' dir='ltr'>Τίς</span> <span class='ocrx_word' id='word_1_147' title='bbox 3059 484 3270 541; x_wconf 80' lang='grc' dir='ltr'>ἀκούων</span> <span class='ocrx_word' id='word_1_148' title='bbox 3313 487 3556 542; x_wconf 79' lang='grc' dir='ltr'><strong>Ἰωάννου</strong></span> <span class='ocrx_word' id='word_1_149' title='bbox 3586 489 3680 544; x_wconf 83' lang='grc' dir='ltr'>λέ-</span> 
     </span>
    </p>
   </div>
   <div class='ocr_carea' id='block_1_21' title="bbox 2099 573 3676 650">
    <p class='ocr_par' dir='ltr' id='par_1_21' title="bbox 2099 573 3676 650">
     <span class='ocr_line' id='line_1_21' title="bbox 2099 573 3676 650; baseline 0.002 -18"><span class='ocrx_word' id='word_1_150' title='bbox 2099 595 2311 648; x_wconf 88' lang='grc' dir='ltr'>γοντος,</span> <span class='ocrx_word' id='word_1_151' title='bbox 2374 580 2478 633; x_wconf 76' lang='grc' dir='ltr'><strong>Ἐν</strong></span> <span class='ocrx_word' id='word_1_152' title='bbox 2517 576 2674 647; x_wconf 83' lang='grc' dir='ltr'><strong>ἀρχῇ</strong></span> <span class='ocrx_word' id='word_1_153' title='bbox 2717 573 2798 648; x_wconf 72' lang='grc' dir='ltr'><strong>ἦν</strong></span> <span class='ocrx_word' id='word_1_154' title='bbox 2844 581 2878 633; x_wconf 83' lang='grc' dir='ltr'><em>ὁ</em></span> <span class='ocrx_word' id='word_1_155' title='bbox 2913 579 3126 650; x_wconf 81' lang='grc' dir='ltr'><strong>Λόγος,</strong></span> <span class='ocrx_word' id='word_1_156' title='bbox 3171 579 3232 632; x_wconf 83' lang='grc' dir='ltr'>οὐ</span> <span class='ocrx_word' id='word_1_157' title='bbox 3275 579 3676 650; x_wconf 82' lang='grc' dir='ltr'>καταγινώσκει</span> 
     </span>
    </p>
   </div>
   <div class='ocr_carea' id='block_1_22' title="bbox 2097 666 3681 745">
    <p class='ocr_par' dir='ltr' id='par_1_22' title="bbox 2097 666 3681 745">
     <span class='ocr_line' id='line_1_22' title="bbox 2097 666 3681 745; baseline 0.005 -23"><span class='ocrx_word' id='word_1_158' title='bbox 2097 671 2301 726; x_wconf 83' lang='grc' dir='ltr'>τούτων</span> <span class='ocrx_word' id='word_1_159' title='bbox 2322 671 2608 741; x_wconf 81' lang='grc' dir='ltr'>λεγόντων,</span> <span class='ocrx_word' id='word_1_160' title='bbox 2632 666 2742 725; x_wconf 84' lang='grc' dir='ltr'>Ἦν</span> <span class='ocrx_word' id='word_1_161' title='bbox 2770 689 2899 725; x_wconf 90' lang='grc' dir='ltr'>ποτε</span> <span class='ocrx_word' id='word_1_162' title='bbox 2921 671 3009 725; x_wconf 83' lang='grc' dir='ltr'>ὅτε</span> <span class='ocrx_word' id='word_1_163' title='bbox 3037 672 3138 727; x_wconf 85' lang='grc' dir='ltr'>οὐκ</span> <span class='ocrx_word' id='word_1_164' title='bbox 3157 667 3245 745; x_wconf 80' lang='grc' dir='ltr'><strong>ἦν;</strong></span> <span class='ocrx_word' id='word_1_165' title='bbox 3274 675 3449 738; x_wconf 59' lang='lat' dir='ltr'><strong>“ﬁxi;</strong></span> <span class='ocrx_word' id='word_1_166' title='bbox 3462 675 3681 730; x_wconf 84' lang='grc' dir='ltr'>ἀκούων</span> 
     </span>
    </p>
   </div>
   <div class='ocr_carea' id='block_1_23' title="bbox 2099 762 3680 836">
    <p class='ocr_par' dir='ltr' id='par_1_23' title="bbox 2099 762 3680 836">
     <span class='ocr_line' id='line_1_23' title="bbox 2099 762 3680 836; baseline 0.004 -19"><span class='ocrx_word' id='word_1_167' title='bbox 2099 765 2158 817; x_wconf 83' lang='grc' dir='ltr'><strong>ἐν</strong></span> <span class='ocrx_word' id='word_1_168' title='bbox 2181 763 2256 835; x_wconf 82' lang='grc' dir='ltr'><strong>τῷ</strong></span> <span class='ocrx_word' id='word_1_169' title='bbox 2284 763 2620 836; x_wconf 83' lang='grc' dir='ltr'>Εὑαγγελίῳ,</span> <span class='ocrx_word' id='word_1_170' title='bbox 2650 762 2998 836; x_wconf 59' lang='lat' dir='ltr'><strong>Moverer-hc</strong></span> <span class='ocrx_word' id='word_1_171' title='bbox 3043 765 3194 833; x_wconf 80' lang='grc' dir='ltr'>Υιὸς,</span> <span class='ocrx_word' id='word_1_172' title='bbox 3231 767 3344 833; x_wconf 77' lang='grc' dir='ltr'>καὶ,</span> <span class='ocrx_word' id='word_1_173' title='bbox 3380 769 3460 821; x_wconf 78' lang='grc' dir='ltr'><strong>Δι’</strong></span> <span class='ocrx_word' id='word_1_174' title='bbox 3487 770 3680 826; x_wconf 79' lang='grc' dir='ltr'>αὐτοῦ</span> 
     </span>
    </p>
   </div>
   <div class='ocr_carea' id='block_1_24' title="bbox 2097 856 3680 932">
    <p class='ocr_par' dir='ltr' id='par_1_24' title="bbox 2097 856 3680 932">
     <span class='ocr_line' id='line_1_24' title="bbox 2097 856 3680 932; baseline 0.004 -23"><span class='ocrx_word' id='word_1_175' title='bbox 2097 856 2333 927; x_wconf 75' lang='grc' dir='ltr'>ἐγένετο</span> <span class='ocrx_word' id='word_1_176' title='bbox 2384 857 2601 921; x_wconf 80' lang='grc' dir='ltr'>πάντα,</span> <span class='ocrx_word' id='word_1_177' title='bbox 2649 858 2712 911; x_wconf 85' lang='grc' dir='ltr'><strong>ού</strong></span> <span class='ocrx_word' id='word_1_178' title='bbox 2749 858 2974 930; x_wconf 79' lang='grc' dir='ltr'><strong>μισήσει</strong></span> <span class='ocrx_word' id='word_1_179' title='bbox 3012 859 3233 923; x_wconf 85' lang='grc' dir='ltr'><strong>τούτους</strong></span> <span class='ocrx_word' id='word_1_180' title='bbox 3273 859 3680 932; x_wconf 76' lang='grc' dir='ltr'><strong>φθεγγομένους</strong></span> 
     </span>
    </p>
   </div>
   <div class='ocr_carea' id='block_1_25' title="bbox 2099 944 3680 1028">
    <p class='ocr_par' dir='ltr' id='par_1_25' title="bbox 2099 944 3680 1028">
     <span class='ocr_line' id='line_1_25' title="bbox 2099 944 3680 1028; baseline 0.004 -26"><span class='ocrx_word' id='word_1_181' title='bbox 2099 950 2204 1014; x_wconf 82' lang='grc' dir='ltr'>ὅτι,</span> <span class='ocrx_word' id='word_1_182' title='bbox 2237 944 2331 1014; x_wconf 75' lang='grc' dir='ltr'>Εἷς</span> <span class='ocrx_word' id='word_1_183' title='bbox 2353 951 2500 1004; x_wconf 86' lang='grc' dir='ltr'>ἐστιν</span> <span class='ocrx_word' id='word_1_184' title='bbox 2522 951 2629 1006; x_wconf 83' lang='grc' dir='ltr'><strong>τῶν</strong></span> <span class='ocrx_word' id='word_1_185' title='bbox 2651 952 2971 1024; x_wconf 77' lang='grc' dir='ltr'><strong>ποιημάτων</strong></span> <span class='ocrx_word' id='word_1_186' title='bbox 3169 952 3294 1017; x_wconf 79' lang='grc' dir='ltr'><strong>Πῶς</strong></span> <span class='ocrx_word' id='word_1_187' title='bbox 3320 954 3428 1028; x_wconf 86' lang='grc' dir='ltr'>γὰρ</span> <span class='ocrx_word' id='word_1_188' title='bbox 3455 955 3680 1009; x_wconf 84' lang='grc' dir='ltr'>δύναται</span> 
     </span>
    </p>
   </div>
   <div class='ocr_carea' id='block_1_26' title="bbox 2100 1037 3680 1124">
    <p class='ocr_par' dir='ltr' id='par_1_26' title="bbox 2100 1037 3680 1124">
     <span class='ocr_line' id='line_1_26' title="bbox 2100 1037 3680 1124; baseline 0.004 -30"><span class='ocrx_word' id='word_1_189' title='bbox 2100 1037 2180 1107; x_wconf 74' lang='grc' dir='ltr'>εἷς</span> <span class='ocrx_word' id='word_1_190' title='bbox 2211 1037 2352 1097; x_wconf 75' lang='grc' dir='ltr'>εἶναι</span> <span class='ocrx_word' id='word_1_191' title='bbox 2376 1043 2486 1098; x_wconf 85' lang='grc' dir='ltr'><strong>τῶν</strong></span> <span class='ocrx_word' id='word_1_192' title='bbox 2515 1044 2581 1098; x_wconf 86' lang='grc' dir='ltr'>δι’</span> <span class='ocrx_word' id='word_1_193' title='bbox 2607 1045 2771 1099; x_wconf 81' lang='grc' dir='ltr'>αὐτοῦ</span> <span class='ocrx_word' id='word_1_194' title='bbox 2809 1046 3136 1116; x_wconf 83' lang='grc' dir='ltr'>γενομένων,</span> <span class='ocrx_word' id='word_1_195' title='bbox 3163 1045 3196 1124; x_wconf 69' lang='grc' dir='ltr'><strong><em>ἦ</em></strong></span> <span class='ocrx_word' id='word_1_196' title='bbox 3235 1047 3348 1110; x_wconf 80' lang='grc' dir='ltr'><strong>πῶς</strong></span> <span class='ocrx_word' id='word_1_197' title='bbox 3381 1048 3680 1120; x_wconf 80' lang='grc' dir='ltr'>μονογενὴς</span> 
     </span>
    </p>
   </div>
   <div class='ocr_carea' id='block_1_27' title="bbox 2099 1135 3682 1209">
    <p class='ocr_par' dir='ltr' id='par_1_27' title="bbox 2099 1135 3682 1209">
     <span class='ocr_line' id='line_1_27' title="bbox 2099 1135 3682 1209; baseline 0.001 -21"><span class='ocrx_word' id='word_1_198' title='bbox 2099 1137 2128 1188; x_wconf 98' lang='lat'><strong>6</strong></span> <span class='ocrx_word' id='word_1_199' title='bbox 2178 1135 2289 1198; x_wconf 83' lang='grc' dir='ltr'>τοῖς</span> <span class='ocrx_word' id='word_1_200' title='bbox 2331 1136 2464 1189; x_wconf 76' lang='grc' dir='ltr'>πᾶσι</span> <span class='ocrx_word' id='word_1_201' title='bbox 2494 1136 2612 1188; x_wconf 87' lang='grc' dir='ltr'>κατ’</span> <span class='ocrx_word' id='word_1_202' title='bbox 2656 1135 2900 1199; x_wconf 78' lang='grc' dir='ltr'><strong>ἐκείνους</strong></span> <span class='ocrx_word' id='word_1_203' title='bbox 2950 1136 3468 1208; x_wconf 84' lang='grc' dir='ltr'>συναριθμούμενος,</span> <span class='ocrx_word' id='word_1_204' title='bbox 3517 1136 3682 1209; x_wconf 72' lang='grc' dir='ltr'>εἴπερ</span> 
     </span>
    </p>
   </div>
   <div class='ocr_carea' id='block_1_28' title="bbox 2102 1225 3684 1300">
    <p class='ocr_par' dir='ltr' id='par_1_28' title="bbox 2102 1225 3684 1300">
     <span class='ocr_line' id='line_1_28' title="bbox 2102 1225 3684 1300; baseline 0.001 -20"><span class='ocrx_word' id='word_1_205' title='bbox 2102 1225 2195 1280; x_wconf 65' lang='grc' dir='ltr'><strong>καὶ⁸</strong></span> <span class='ocrx_word' id='word_1_206' title='bbox 2225 1226 2388 1290; x_wconf 80' lang='grc' dir='ltr'>αὐτὸς</span> <span class='ocrx_word' id='word_1_207' title='bbox 2422 1227 2629 1298; x_wconf 79' lang='grc' dir='ltr'><strong>κτίσμα</strong></span> <span class='ocrx_word' id='word_1_208' title='bbox 2678 1227 2797 1280; x_wconf 75' lang='grc' dir='ltr'>ἐστὶ</span> <span class='ocrx_word' id='word_1_209' title='bbox 2842 1228 2936 1282; x_wconf 72' lang='grc' dir='ltr'>καὶ</span> <span class='ocrx_word' id='word_1_210' title='bbox 2977 1228 3186 1300; x_wconf 80' lang='grc' dir='ltr'>ποίημα</span> <span class='ocrx_word' id='word_1_211' title='bbox 3204 1228 3352 1300; x_wconf 70' lang='grc'>(64);</span> <span class='ocrx_word' id='word_1_212' title='bbox 3383 1228 3508 1293; x_wconf 82' lang='grc' dir='ltr'>Πῶς</span> <span class='ocrx_word' id='word_1_213' title='bbox 3532 1229 3591 1282; x_wconf 86' lang='grc' dir='ltr'><strong>δὲ</strong></span> <span class='ocrx_word' id='word_1_214' title='bbox 3621 1229 3684 1293; x_wconf 78' lang='grc' dir='ltr'>ἐξ</span> 
     </span>
    </p>
   </div>
   <div class='ocr_carea' id='block_1_29' title="bbox 2099 1317 3682 1392">
    <p class='ocr_par' dir='ltr' id='par_1_29' title="bbox 2099 1317 3682 1392">
     <span class='ocr_line' id='line_1_29' title="bbox 2099 1317 3682 1392; baseline 0.001 -20"><span class='ocrx_word' id='word_1_215' title='bbox 2099 1319 2200 1373; x_wconf 77' lang='grc' dir='ltr'>οὐκ</span> <span class='ocrx_word' id='word_1_216' title='bbox 2216 1317 2386 1372; x_wconf 76' lang='grc' dir='ltr'>ὅντων</span> <span class='ocrx_word' id='word_1_217' title='bbox 2414 1318 2480 1374; x_wconf 80' lang='grc' dir='ltr'>ἂν</span> <span class='ocrx_word' id='word_1_218' title='bbox 2497 1319 2605 1392; x_wconf 87' lang='grc' dir='ltr'>εῐη,</span> <span class='ocrx_word' id='word_1_219' title='bbox 2628 1319 2722 1373; x_wconf 80' lang='grc' dir='ltr'>τοῦ</span> <span class='ocrx_word' id='word_1_220' title='bbox 2747 1319 2960 1390; x_wconf 85' lang='grc' dir='ltr'>Πατρδς</span> <span class='ocrx_word' id='word_1_221' title='bbox 2979 1320 3245 1390; x_wconf 85' lang='grc' dir='ltr'>λέγοντος·</span> <span class='ocrx_word' id='word_1_222' title='bbox 3281 1320 3682 1389; x_wconf 65' lang='grc' dir='ltr'>Ἐετψεύξατο</span> 
     </span>
    </p>
   </div>
   <div class='ocr_carea' id='block_1_30' title="bbox 2102 1409 3682 1482">
    <p class='ocr_par' dir='ltr' id='par_1_30' title="bbox 2102 1409 3682 1482">
     <span class='ocr_line' id='line_1_30' title="bbox 2102 1409 3682 1482; baseline 0 -18"><span class='ocrx_word' id='word_1_223' title='bbox 2102 1411 2140 1478; x_wconf 84' lang='grc' dir='ltr'><strong><em>ἠ</em></strong></span> <span class='ocrx_word' id='word_1_224' title='bbox 2164 1409 2379 1480; x_wconf 79' lang='grc' dir='ltr'><strong>καρδία</strong></span> <span class='ocrx_word' id='word_1_225' title='bbox 2399 1428 2518 1480; x_wconf 85' lang='grc' dir='ltr'>μου</span> <span class='ocrx_word' id='word_1_226' title='bbox 2537 1412 2731 1481; x_wconf 79' lang='grc' dir='ltr'>Λόγον</span> <span class='ocrx_word' id='word_1_227' title='bbox 2756 1411 2999 1482; x_wconf 76' lang='grc' dir='ltr'>ἀγαθόν·</span> <span class='ocrx_word' id='word_1_228' title='bbox 3027 1410 3140 1465; x_wconf 84' lang='grc' dir='ltr'>καί·</span> <span class='ocrx_word' id='word_1_229' title='bbox 3159 1413 3260 1465; x_wconf 83' lang='grc' dir='ltr'>Ἐκ</span> <span class='ocrx_word' id='word_1_230' title='bbox 3289 1411 3543 1482; x_wconf 74' lang='grc' dir='ltr'>γαστρὸς</span> <span class='ocrx_word' id='word_1_231' title='bbox 3562 1409 3682 1480; x_wconf 76' lang='grc' dir='ltr'>πρὸ</span> 
     </span>
    </p>
   </div>
   <div class='ocr_carea' id='block_1_31' title="bbox 2111 1499 3683 1573">
    <p class='ocr_par' dir='ltr' id='par_1_31' title="bbox 2111 1499 3683 1573">
     <span class='ocr_line' id='line_1_31' title="bbox 2111 1499 3683 1573; baseline 0 -19"><span class='ocrx_word' id='word_1_232' title='bbox 2111 1499 2456 1570; x_wconf 72' lang='grc' dir='ltr'>Ἑωσφόρου</span> <span class='ocrx_word' id='word_1_233' title='bbox 2516 1501 2819 1570; x_wconf 75' lang='grc' dir='ltr'>ἐγέννησα</span> <span class='ocrx_word' id='word_1_234' title='bbox 2874 1517 2948 1556; x_wconf 84' lang='grc' dir='ltr'><strong>σε</strong></span> <span class='ocrx_word' id='word_1_235' title='bbox 2964 1517 2983 1565; x_wconf 88' lang='grc'><strong><em>;</em></strong></span> <span class='ocrx_word' id='word_1_236' title='bbox 3016 1502 3086 1554; x_wconf 81' lang='grc' dir='ltr'>Ἤ</span> <span class='ocrx_word' id='word_1_237' title='bbox 3141 1501 3258 1566; x_wconf 82' lang='grc' dir='ltr'>πῶς</span> <span class='ocrx_word' id='word_1_238' title='bbox 3306 1502 3555 1572; x_wconf 82' lang='grc' dir='ltr'>ἀνόμοιος</span> <span class='ocrx_word' id='word_1_239' title='bbox 3611 1505 3683 1573; x_wconf 77' lang='grc' dir='ltr'>τῇ</span> 
     </span>
    </p>
   </div>
   <div class='ocr_carea' id='block_1_32' title="bbox 2098 1592 3682 1666">
    <p class='ocr_par' dir='ltr' id='par_1_32' title="bbox 2098 1592 3682 1666">
     <span class='ocr_line' id='line_1_32' title="bbox 2098 1592 3682 1666; baseline 0 -19"><span class='ocrx_word' id='word_1_240' title='bbox 2098 1593 2256 1666; x_wconf 81' lang='grc' dir='ltr'>οὐσίᾳ</span> <span class='ocrx_word' id='word_1_241' title='bbox 2280 1592 2374 1647; x_wconf 83' lang='grc' dir='ltr'>τοῦ</span> <span class='ocrx_word' id='word_1_242' title='bbox 2405 1595 2636 1666; x_wconf 81' lang='grc' dir='ltr'>Πατρὸς,</span> <span class='ocrx_word' id='word_1_243' title='bbox 2662 1596 2690 1648; x_wconf 89' lang='lat'><strong>6</strong></span> <span class='ocrx_word' id='word_1_244' title='bbox 2712 1593 2788 1648; x_wconf 82' lang='grc' dir='ltr'>ὢν</span> <span class='ocrx_word' id='word_1_245' title='bbox 2818 1595 2980 1648; x_wconf 88' lang='grc' dir='ltr'>είκὼν</span> <span class='ocrx_word' id='word_1_246' title='bbox 3003 1595 3184 1649; x_wconf 85' lang='grc' dir='ltr'>τελεία</span> <span class='ocrx_word' id='word_1_247' title='bbox 3221 1597 3314 1650; x_wconf 76' lang='grc' dir='ltr'><strong>καὶ</strong></span> <span class='ocrx_word' id='word_1_248' title='bbox 3339 1595 3682 1664; x_wconf 70' lang='grc' dir='ltr'><strong>ἀπαύγασμα</strong></span> 
     </span>
    </p>
   </div>
   <div class='ocr_carea' id='block_1_33' title="bbox 2099 1685 3681 1758">
    <p class='ocr_par' dir='ltr' id='par_1_33' title="bbox 2099 1685 3681 1758">
     <span class='ocr_line' id='line_1_33' title="bbox 2099 1685 3681 1758; baseline 0 -18"><span class='ocrx_word' id='word_1_249' title='bbox 2099 1685 2194 1740; x_wconf 81' lang='grc' dir='ltr'><strong>τοῦ</strong></span> <span class='ocrx_word' id='word_1_250' title='bbox 2237 1686 2470 1756; x_wconf 84' lang='grc' dir='ltr'>Πατρδς,</span> <span class='ocrx_word' id='word_1_251' title='bbox 2505 1688 2604 1742; x_wconf 79' lang='grc' dir='ltr'>καὶ</span> <span class='ocrx_word' id='word_1_252' title='bbox 2638 1687 2831 1757; x_wconf 84' lang='grc' dir='ltr'>λέγων·</span> <span class='ocrx_word' id='word_1_253' title='bbox 2895 1690 2960 1742; x_wconf 86' lang='lat'><strong>&#39;0</strong></span> <span class='ocrx_word' id='word_1_254' title='bbox 2985 1688 3254 1758; x_wconf 78' lang='grc' dir='ltr'>ἑωρακὼς</span> <span class='ocrx_word' id='word_1_255' title='bbox 3301 1686 3423 1758; x_wconf 80' lang='grc' dir='ltr'>ἐμὲ,</span> <span class='ocrx_word' id='word_1_256' title='bbox 3455 1685 3681 1756; x_wconf 71' lang='grc' dir='ltr'>ἑώρακε</span> 
     </span>
    </p>
   </div>
   <div class='ocr_carea' id='block_1_34' title="bbox 416 1777 1999 1856">
    <p class='ocr_par' dir='ltr' id='par_1_34' title="bbox 416 1781 1999 1856">
     <span class='ocr_line' id='line_1_34' title="bbox 416 1781 1999 1856; baseline 0.006 -21"><span class='ocrx_word' id='word_1_257' title='bbox 416 1791 470 1836; x_wconf 86' lang='lat' dir='ltr'><strong>et</strong></span> <span class='ocrx_word' id='word_1_258' title='bbox 502 1781 718 1838; x_wconf 84' lang='lat' dir='ltr'><strong>Patrem</strong></span> <span class='ocrx_word' id='word_1_259' title='bbox 739 1784 835 1841; x_wconf 70' lang='grc'><strong>⁸⁵2</strong></span> <span class='ocrx_word' id='word_1_260' title='bbox 879 1783 998 1851; x_wconf 87' lang='lat' dir='ltr'><strong>Quo</strong></span> <span class='ocrx_word' id='word_1_261' title='bbox 1035 1793 1195 1856; x_wconf 90' lang='lat' dir='ltr'><strong>pacto</strong></span> <span class='ocrx_word' id='word_1_262' title='bbox 1229 1787 1276 1842; x_wconf 92' lang='lat' dir='ltr'><strong>si</strong></span> <span class='ocrx_word' id='word_1_263' title='bbox 1319 1785 1560 1843; x_wconf 86' lang='lat' dir='ltr'><strong>Verbum</strong></span> <span class='ocrx_word' id='word_1_264' title='bbox 1607 1804 1702 1845; x_wconf 91' lang='lat' dir='ltr'><strong>seu</strong></span> <span class='ocrx_word' id='word_1_265' title='bbox 1743 1787 1906 1847; x_wconf 84' lang='lat' dir='ltr'><strong>Ratio</strong></span> <span class='ocrx_word' id='word_1_266' title='bbox 1947 1800 1999 1845; x_wconf 92' lang='lat' dir='ltr'><strong>et</strong></span> 
     </span>
    </p>
   </div>
   <div class='ocr_carea' id='block_1_35' title="bbox 2109 1777 3679 1856">
    <p class='ocr_par' dir='ltr' id='par_1_35' title="bbox 2109 1777 3679 1848">
     <span class='ocr_line' id='line_1_35' title="bbox 2109 1777 3679 1848; baseline -0.001 -16"><span class='ocrx_word' id='word_1_267' title='bbox 2109 1779 2208 1832; x_wconf 75' lang='grc' dir='ltr'><strong>τὸν</strong></span> <span class='ocrx_word' id='word_1_268' title='bbox 2254 1777 2505 1846; x_wconf 78' lang='grc' dir='ltr'>Πατέρα;</span> <span class='ocrx_word' id='word_1_269' title='bbox 2555 1777 2681 1842; x_wconf 86' lang='grc' dir='ltr'>Πῶς</span> <span class='ocrx_word' id='word_1_270' title='bbox 2729 1778 2786 1831; x_wconf 81' lang='grc' dir='ltr'><strong>δὲ</strong></span> <span class='ocrx_word' id='word_1_271' title='bbox 2831 1779 2881 1832; x_wconf 82' lang='grc' dir='ltr'><strong>εί</strong></span> <span class='ocrx_word' id='word_1_272' title='bbox 2920 1779 3089 1848; x_wconf 86' lang='grc' dir='ltr'>Λόγος</span> <span class='ocrx_word' id='word_1_273' title='bbox 3118 1778 3212 1832; x_wconf 74' lang='grc' dir='ltr'>καὶ</span> <span class='ocrx_word' id='word_1_274' title='bbox 3242 1777 3407 1848; x_wconf 80' lang='grc' dir='ltr'>Σοφία</span> <span class='ocrx_word' id='word_1_275' title='bbox 3436 1778 3550 1831; x_wconf 70' lang='grc' dir='ltr'>ἐστὶ</span> <span class='ocrx_word' id='word_1_276' title='bbox 3583 1777 3679 1830; x_wconf 73' lang='grc' dir='ltr'><strong>τοῦ</strong></span> 
     </span>
    </p>
   </div>
   <div class='ocr_carea' id='block_1_36' title="bbox 422 1875 1999 1954">
    <p class='ocr_par' dir='ltr' id='par_1_36' title="bbox 422 1875 1999 1954">
     <span class='ocr_line' id='line_1_36' title="bbox 422 1875 1999 1954; baseline 0.005 -24"><span class='ocrx_word' id='word_1_277' title='bbox 422 1875 702 1947; x_wconf 87' lang='lat' dir='ltr'><strong>Sapientia</strong></span> <span class='ocrx_word' id='word_1_278' title='bbox 722 1877 816 1934; x_wconf 88' lang='lat' dir='ltr'><strong>Dei</strong></span> <span class='ocrx_word' id='word_1_279' title='bbox 845 1878 1016 1936; x_wconf 85' lang='lat' dir='ltr'><strong>Filius</strong></span> <span class='ocrx_word' id='word_1_280' title='bbox 1033 1889 1138 1947; x_wconf 88' lang='lat' dir='ltr'><strong>est,</strong></span> <span class='ocrx_word' id='word_1_281' title='bbox 1162 1880 1264 1936; x_wconf 83' lang='lat' dir='ltr'><strong>fuit</strong></span> <span class='ocrx_word' id='word_1_282' title='bbox 1293 1891 1510 1954; x_wconf 88' lang='lat' dir='ltr'><strong>tempus</strong></span> <span class='ocrx_word' id='word_1_283' title='bbox 1537 1899 1663 1939; x_wconf 90' lang='lat' dir='ltr'><strong>cum</strong></span> <span class='ocrx_word' id='word_1_284' title='bbox 1689 1899 1799 1940; x_wconf 90' lang='lat' dir='ltr'><strong>non</strong></span> <span class='ocrx_word' id='word_1_285' title='bbox 1829 1887 1999 1941; x_wconf 85' lang='lat' dir='ltr'><strong>esset?</strong></span> 
     </span>
    </p>
   </div>
   <div class='ocr_carea' id='block_1_37' title="bbox 420 1968 2000 2048">
    <p class='ocr_par' dir='ltr' id='par_1_37' title="bbox 420 1968 2000 2048">
     <span class='ocr_line' id='line_1_37' title="bbox 420 1968 2000 2048; baseline 0.005 -26"><span class='ocrx_word' id='word_1_286' title='bbox 420 1968 654 2025; x_wconf 84' lang='lat' dir='ltr'><strong>Perinde</strong></span> <span class='ocrx_word' id='word_1_287' title='bbox 691 1977 776 2025; x_wconf 91' lang='lat' dir='ltr'><strong>est</strong></span> <span class='ocrx_word' id='word_1_288' title='bbox 822 1971 968 2026; x_wconf 91' lang='lat' dir='ltr'><strong>enim</strong></span> <span class='ocrx_word' id='word_1_289' title='bbox 1001 1989 1062 2028; x_wconf 90' lang='lat' dir='ltr'><strong>ac</strong></span> <span class='ocrx_word' id='word_1_290' title='bbox 1098 1974 1145 2028; x_wconf 91' lang='lat' dir='ltr'><strong>si</strong></span> <span class='ocrx_word' id='word_1_291' title='bbox 1173 1975 1418 2031; x_wconf 90' lang='lat' dir='ltr'><strong>dicerent</strong></span> <span class='ocrx_word' id='word_1_292' title='bbox 1451 1995 1463 2031; x_wconf 92' lang='lat'><strong>:</strong></span> <span class='ocrx_word' id='word_1_293' title='bbox 1491 1975 1661 2032; x_wconf 90' lang='lat' dir='ltr'><strong>Deum</strong></span> <span class='ocrx_word' id='word_1_294' title='bbox 1705 1977 2000 2048; x_wconf 84' lang='lat' dir='ltr'><strong>aliquando</strong></span> 
     </span>
    </p>
   </div>
   <div class='ocr_carea' id='block_1_38' title="bbox 421 2059 1998 2133">
    <p class='ocr_par' dir='ltr' id='par_1_38' title="bbox 421 2059 1998 2133">
     <span class='ocr_line' id='line_1_38' title="bbox 421 2059 1998 2133; baseline 0.003 -19"><span class='ocrx_word' id='word_1_295' title='bbox 421 2059 652 2117; x_wconf 72' lang='lat' dir='ltr'><strong>[latione</strong></span> <span class='ocrx_word' id='word_1_296' title='bbox 672 2070 726 2117; x_wconf 93' lang='lat' dir='ltr'><strong>et</strong></span> <span class='ocrx_word' id='word_1_297' title='bbox 753 2061 1030 2133; x_wconf 89' lang='lat' dir='ltr'><strong>Sapientia</strong></span> <span class='ocrx_word' id='word_1_298' title='bbox 1059 2066 1325 2121; x_wconf 89' lang='lat' dir='ltr'><strong>caruisse.</strong></span> <span class='ocrx_word' id='word_1_299' title='bbox 1357 2065 1460 2132; x_wconf 86' lang='lat' dir='ltr'><strong>Qui</strong></span> <span class='ocrx_word' id='word_1_300' title='bbox 1496 2068 1624 2122; x_wconf 86' lang='lat' dir='ltr'><strong>item</strong></span> <span class='ocrx_word' id='word_1_301' title='bbox 1649 2067 1785 2122; x_wconf 83' lang='lat' dir='ltr'><strong>verti</strong></span> <span class='ocrx_word' id='word_1_302' title='bbox 1819 2074 1998 2120; x_wconf 79' lang='lat' dir='ltr'><strong>muta—</strong></span> 
     </span>
    </p>
   </div>
   <div class='ocr_carea' id='block_1_39' title="bbox 416 2153 1988 2230">
    <p class='ocr_par' dir='ltr' id='par_1_39' title="bbox 416 2153 1988 2230">
     <span class='ocr_line' id='line_1_39' title="bbox 416 2153 1988 2230; baseline 0.003 -21"><span class='ocrx_word' id='word_1_303' title='bbox 416 2153 532 2209; x_wconf 77' lang='lat' dir='ltr'><strong>rivc</strong></span> <span class='ocrx_word' id='word_1_304' title='bbox 560 2162 758 2224; x_wconf 85' lang='lat' dir='ltr'><strong>potest,</strong></span> <span class='ocrx_word' id='word_1_305' title='bbox 790 2156 882 2224; x_wconf 91' lang='lat' dir='ltr'><strong>qui</strong></span> <span class='ocrx_word' id='word_1_306' title='bbox 906 2156 981 2210; x_wconf 90' lang='lat' dir='ltr'><strong>ait</strong></span> <span class='ocrx_word' id='word_1_307' title='bbox 1008 2171 1104 2226; x_wconf 90' lang='lat' dir='ltr'><strong>per</strong></span> <span class='ocrx_word' id='word_1_308' title='bbox 1129 2172 1188 2212; x_wconf 90' lang='lat' dir='ltr'><strong>se</strong></span> <span class='ocrx_word' id='word_1_309' title='bbox 1218 2158 1436 2228; x_wconf 85' lang='lat' dir='ltr'><strong>quidem</strong></span> <span class='ocrx_word' id='word_1_310' title='bbox 1464 2159 1580 2230; x_wconf 90' lang='lat' dir='ltr'><strong>ipse</strong></span> <span class='ocrx_word' id='word_1_311' title='bbox 1609 2176 1623 2214; x_wconf 90' lang='lat'><strong>:</strong></span> <span class='ocrx_word' id='word_1_312' title='bbox 1661 2157 1772 2230; x_wconf 88' lang='lat' dir='ltr'><strong>Ego</strong></span> <span class='ocrx_word' id='word_1_313' title='bbox 1800 2161 1856 2213; x_wconf 88' lang='lat' dir='ltr'><strong>in</strong></span> <span class='ocrx_word' id='word_1_314' title='bbox 1888 2158 1988 2213; x_wconf 86' lang='lat' dir='ltr'><strong>Pa-</strong></span> 
     </span>
    </p>
   </div>
   <div class='ocr_carea' id='block_1_40' title="bbox 420 2243 1999 2320">
    <p class='ocr_par' dir='ltr' id='par_1_40' title="bbox 420 2243 1999 2320">
     <span class='ocr_line' id='line_1_40' title="bbox 420 2243 1999 2320; baseline 0.005 -22"><span class='ocrx_word' id='word_1_315' title='bbox 420 2252 520 2308; x_wconf 85' lang='lat' dir='ltr'><strong>tre,</strong></span> <span class='ocrx_word' id='word_1_316' title='bbox 553 2253 604 2298; x_wconf 88' lang='lat' dir='ltr'><strong>et</strong></span> <span class='ocrx_word' id='word_1_317' title='bbox 641 2243 805 2299; x_wconf 89' lang='lat' dir='ltr'><strong>Pater</strong></span> <span class='ocrx_word' id='word_1_318' title='bbox 831 2247 883 2298; x_wconf 89' lang='lat' dir='ltr'><strong>in</strong></span> <span class='ocrx_word' id='word_1_319' title='bbox 915 2263 995 2300; x_wconf 86' lang='lat' dir='ltr'><strong>me</strong></span> <span class='ocrx_word' id='word_1_320' title='bbox 1030 2248 1113 2311; x_wconf 77' lang='lat'><strong>&quot;°;</strong></span> <span class='ocrx_word' id='word_1_321' title='bbox 1152 2258 1226 2314; x_wconf 90' lang='lat' dir='ltr'><strong>et,</strong></span> <span class='ocrx_word' id='word_1_322' title='bbox 1269 2245 1381 2320; x_wconf 78' lang='lat' dir='ltr'><strong>Ego</strong></span> <span class='ocrx_word' id='word_1_323' title='bbox 1414 2260 1466 2303; x_wconf 89' lang='lat' dir='ltr'><strong>et</strong></span> <span class='ocrx_word' id='word_1_324' title='bbox 1501 2249 1668 2304; x_wconf 85' lang='lat' dir='ltr'><strong>Pater</strong></span> <span class='ocrx_word' id='word_1_325' title='bbox 1705 2267 1867 2306; x_wconf 84' lang='lat' dir='ltr'><strong>unum</strong></span> <span class='ocrx_word' id='word_1_326' title='bbox 1910 2269 1999 2306; x_wconf 77' lang='lat' dir='ltr'><strong>su-</strong></span> 
     </span>
    </p>
   </div>
   <div class='ocr_carea' id='block_1_41' title="bbox 2098 1861 3683 1942">
    <p class='ocr_par' dir='ltr' id='par_1_41' title="bbox 2098 1861 3683 1942">
     <span class='ocr_line' id='line_1_41' title="bbox 2098 1861 3683 1942; baseline 0 -20"><span class='ocrx_word' id='word_1_327' title='bbox 2098 1869 2233 1923; x_wconf 85' lang='grc' dir='ltr'><strong>Θεοῦ</strong></span> <span class='ocrx_word' id='word_1_328' title='bbox 2279 1873 2309 1924; x_wconf 89' lang='lat'><strong>6</strong></span> <span class='ocrx_word' id='word_1_329' title='bbox 2364 1870 2512 1935; x_wconf 80' lang='grc' dir='ltr'>Υἱὸς,</span> <span class='ocrx_word' id='word_1_330' title='bbox 2531 1861 2602 1939; x_wconf 81' lang='grc' dir='ltr'>ἦν</span> <span class='ocrx_word' id='word_1_331' title='bbox 2623 1886 2754 1923; x_wconf 86' lang='grc' dir='ltr'>ποτε</span> <span class='ocrx_word' id='word_1_332' title='bbox 2801 1871 2892 1923; x_wconf 80' lang='grc' dir='ltr'>ὅτε</span> <span class='ocrx_word' id='word_1_333' title='bbox 2924 1871 3022 1923; x_wconf 77' lang='grc' dir='ltr'>οὐκ</span> <span class='ocrx_word' id='word_1_334' title='bbox 3071 1866 3168 1942; x_wconf 75' lang='grc' dir='ltr'><strong>ἧνς</strong></span> <span class='ocrx_word' id='word_1_335' title='bbox 3215 1866 3366 1924; x_wconf 77' lang='grc' dir='ltr'>’Ἴσον</span> <span class='ocrx_word' id='word_1_336' title='bbox 3392 1871 3499 1941; x_wconf 86' lang='grc' dir='ltr'><strong>γάρ</strong></span> <span class='ocrx_word' id='word_1_337' title='bbox 3527 1871 3683 1922; x_wconf 90' lang='grc' dir='ltr'>ἐστιν</span> 
     </span>
    </p>
   </div>
   <div class='ocr_carea' id='block_1_42' title="bbox 2099 1963 3682 2034">
    <p class='ocr_par' dir='ltr' id='par_1_42' title="bbox 2099 1963 3682 2034">
     <span class='ocr_line' id='line_1_42' title="bbox 2099 1963 3682 2034; baseline -0.001 -16"><span class='ocrx_word' id='word_1_338' title='bbox 2099 1965 2295 2027; x_wconf 79' lang='grc' dir='ltr'>αὐτοὺς</span> <span class='ocrx_word' id='word_1_339' title='bbox 2323 1963 2502 2034; x_wconf 83' lang='grc' dir='ltr'>λέγειν</span> <span class='ocrx_word' id='word_1_340' title='bbox 2526 1964 2716 2034; x_wconf 80' lang='grc' dir='ltr'>ἄλογον</span> <span class='ocrx_word' id='word_1_341' title='bbox 2741 1965 2832 2017; x_wconf 77' lang='grc' dir='ltr'>καὶ</span> <span class='ocrx_word' id='word_1_342' title='bbox 2855 1965 3053 2033; x_wconf 72' lang='grc' dir='ltr'>άσοφόν</span> <span class='ocrx_word' id='word_1_343' title='bbox 3081 1981 3208 2018; x_wconf 86' lang='grc' dir='ltr'>ποτε</span> <span class='ocrx_word' id='word_1_344' title='bbox 3236 1963 3328 2016; x_wconf 78' lang='grc' dir='ltr'>τὸν</span> <span class='ocrx_word' id='word_1_345' title='bbox 3359 1963 3492 2016; x_wconf 80' lang='grc' dir='ltr'>Θεόν</span> <span class='ocrx_word' id='word_1_346' title='bbox 3509 1979 3523 1993; x_wconf 93' lang='grc'><strong>·</strong></span> <span class='ocrx_word' id='word_1_347' title='bbox 3558 1963 3682 2026; x_wconf 78' lang='grc' dir='ltr'>πῶς</span> 
     </span>
    </p>
   </div>
   <div class='ocr_carea' id='block_1_43' title="bbox 2099 2043 3676 2128">
    <p class='ocr_par' dir='ltr' id='par_1_43' title="bbox 2099 2043 3676 2128">
     <span class='ocr_line' id='line_1_43' title="bbox 2099 2043 3676 2128; baseline -0.001 -18"><span class='ocrx_word' id='word_1_348' title='bbox 2099 2057 2157 2110; x_wconf 88' lang='grc' dir='ltr'><strong>δὲ</strong></span> <span class='ocrx_word' id='word_1_349' title='bbox 2181 2043 2422 2128; x_wconf 75' lang='grc' dir='ltr'>’τρεπτὺς</span> <span class='ocrx_word' id='word_1_350' title='bbox 2478 2056 2572 2110; x_wconf 73' lang='grc' dir='ltr'>καὶ</span> <span class='ocrx_word' id='word_1_351' title='bbox 2619 2056 2906 2119; x_wconf 81' lang='grc' dir='ltr'>ἁλλοιωτὸς</span> <span class='ocrx_word' id='word_1_352' title='bbox 2941 2056 2970 2108; x_wconf 87' lang='lat'><strong>6</strong></span> <span class='ocrx_word' id='word_1_353' title='bbox 3001 2055 3195 2124; x_wconf 85' lang='grc' dir='ltr'>λέγων,</span> <span class='ocrx_word' id='word_1_354' title='bbox 3236 2055 3303 2108; x_wconf 91' lang='grc' dir='ltr'>δι’</span> <span class='ocrx_word' id='word_1_355' title='bbox 3336 2053 3524 2108; x_wconf 74' lang='grc' dir='ltr'>ἐαυτοῦ</span> <span class='ocrx_word' id='word_1_356' title='bbox 3550 2054 3676 2125; x_wconf 83' lang='grc' dir='ltr'>μὲν,</span> 
     </span>
    </p>
   </div>
   <div class='ocr_carea' id='block_1_44' title="bbox 2113 2144 3684 2218">
    <p class='ocr_par' dir='ltr' id='par_1_44' title="bbox 2113 2144 3684 2218">
     <span class='ocr_line' id='line_1_44' title="bbox 2113 2144 3684 2218; baseline 0 -18"><span class='ocrx_word' id='word_1_357' title='bbox 2113 2145 2260 2218; x_wconf 79' lang='grc' dir='ltr'><strong>Ἐγὼ</strong></span> <span class='ocrx_word' id='word_1_358' title='bbox 2283 2146 2354 2200; x_wconf 80' lang='grc' dir='ltr'><strong>ἐν</strong></span> <span class='ocrx_word' id='word_1_359' title='bbox 2380 2145 2460 2212; x_wconf 85' lang='grc' dir='ltr'>τῷ</span> <span class='ocrx_word' id='word_1_360' title='bbox 2480 2148 2682 2216; x_wconf 60' lang='lat' dir='ltr'><strong>Harp),</strong></span> <span class='ocrx_word' id='word_1_361' title='bbox 2709 2148 2806 2202; x_wconf 79' lang='grc' dir='ltr'><strong>καί</strong></span> <span class='ocrx_word' id='word_1_362' title='bbox 2833 2150 2866 2201; x_wconf 88' lang='grc' dir='ltr'><strong>ό</strong></span> <span class='ocrx_word' id='word_1_363' title='bbox 2888 2147 3088 2217; x_wconf 81' lang='grc' dir='ltr'>Πατὴρ</span> <span class='ocrx_word' id='word_1_364' title='bbox 3113 2147 3182 2201; x_wconf 78' lang='grc' dir='ltr'>ἐν</span> <span class='ocrx_word' id='word_1_365' title='bbox 3202 2147 3350 2218; x_wconf 80' lang='grc' dir='ltr'>ἐμοί·</span> <span class='ocrx_word' id='word_1_366' title='bbox 3397 2146 3505 2200; x_wconf 88' lang='grc' dir='ltr'>καί·</span> <span class='ocrx_word' id='word_1_367' title='bbox 3526 2144 3684 2215; x_wconf 58' lang='grc' dir='ltr'><strong>Ἐγὼ</strong></span> 
     </span>
    </p>
   </div>
   <div class='ocr_carea' id='block_1_45' title="bbox 2102 2239 3679 2312">
    <p class='ocr_par' dir='ltr' id='par_1_45' title="bbox 2102 2239 3679 2312">
     <span class='ocr_line' id='line_1_45' title="bbox 2102 2239 3679 2312; baseline -0.003 -16"><span class='ocrx_word' id='word_1_368' title='bbox 2102 2242 2198 2296; x_wconf 75' lang='grc' dir='ltr'>καὶ</span> <span class='ocrx_word' id='word_1_369' title='bbox 2233 2245 2266 2296; x_wconf 82' lang='grc' dir='ltr'><strong>ό</strong></span> <span class='ocrx_word' id='word_1_370' title='bbox 2291 2241 2492 2311; x_wconf 71' lang='grc' dir='ltr'>Πατὴρ</span> <span class='ocrx_word' id='word_1_371' title='bbox 2513 2243 2583 2296; x_wconf 72' lang='grc' dir='ltr'><strong>ἓν</strong></span> <span class='ocrx_word' id='word_1_372' title='bbox 2606 2243 2808 2312; x_wconf 78' lang='grc' dir='ltr'>ἐσμεν·</span> <span class='ocrx_word' id='word_1_373' title='bbox 2833 2241 2922 2296; x_wconf 72' lang='grc' dir='ltr'>διὰ</span> <span class='ocrx_word' id='word_1_374' title='bbox 2949 2241 3004 2294; x_wconf 83' lang='grc' dir='ltr'><strong>δὲ</strong></span> <span class='ocrx_word' id='word_1_375' title='bbox 3037 2240 3132 2294; x_wconf 80' lang='grc' dir='ltr'>τοῦ</span> <span class='ocrx_word' id='word_1_376' title='bbox 3170 2242 3468 2312; x_wconf 77' lang='grc' dir='ltr'>προφήτου·</span> <span class='ocrx_word' id='word_1_377' title='bbox 3497 2239 3679 2293; x_wconf 83' lang='grc' dir='ltr'><strong>Ἰδετέ</strong></span> 
     </span>
    </p>
   </div>
   <div class='ocr_carea' id='block_1_46' title="bbox 420 2329 1999 2415">
    <p class='ocr_par' dir='ltr' id='par_1_46' title="bbox 420 2337 1998 2415">
     <span class='ocr_line' id='line_1_46' title="bbox 420 2337 1998 2415; baseline 0.006 -25"><span class='ocrx_word' id='word_1_378' title='bbox 420 2353 538 2391; x_wconf 79' lang='lat' dir='ltr'><strong>mus</strong></span> <span class='ocrx_word' id='word_1_379' title='bbox 560 2337 605 2368; x_wconf 82' lang='grc'><strong>’⁵⁷</strong></span> <span class='ocrx_word' id='word_1_380' title='bbox 630 2353 649 2392; x_wconf 89' lang='lat'><strong><em>:</em></strong></span> <span class='ocrx_word' id='word_1_381' title='bbox 680 2354 779 2409; x_wconf 87' lang='lat' dir='ltr'><strong>per</strong></span> <span class='ocrx_word' id='word_1_382' title='bbox 823 2339 1143 2409; x_wconf 85' lang='lat' dir='ltr'><strong>prophetam</strong></span> <span class='ocrx_word' id='word_1_383' title='bbox 1181 2356 1312 2396; x_wconf 80' lang='lat' dir='ltr'><strong>vero</strong></span> <span class='ocrx_word' id='word_1_384' title='bbox 1342 2359 1354 2394; x_wconf 93' lang='lat'><strong>:</strong></span> <span class='ocrx_word' id='word_1_385' title='bbox 1400 2341 1580 2398; x_wconf 79' lang='lat' dir='ltr'><strong>Videte</strong></span> <span class='ocrx_word' id='word_1_386' title='bbox 1608 2361 1708 2410; x_wconf 87' lang='lat' dir='ltr'><strong>me,</strong></span> <span class='ocrx_word' id='word_1_387' title='bbox 1751 2346 1874 2415; x_wconf 90' lang='lat' dir='ltr'><strong>quia</strong></span> <span class='ocrx_word' id='word_1_388' title='bbox 1907 2362 1998 2415; x_wconf 83' lang='lat' dir='ltr'><strong>ego</strong></span> 
     </span>
    </p>
   </div>
   <div class='ocr_carea' id='block_1_47' title="bbox 2109 2329 3681 2415">
    <p class='ocr_par' dir='ltr' id='par_1_47' title="bbox 2109 2329 3681 2403">
     <span class='ocr_line' id='line_1_47' title="bbox 2109 2329 3681 2403; baseline -0.002 -18"><span class='ocrx_word' id='word_1_389' title='bbox 2109 2349 2193 2400; x_wconf 80' lang='grc' dir='ltr'><strong>με,</strong></span> <span class='ocrx_word' id='word_1_390' title='bbox 2233 2332 2322 2386; x_wconf 84' lang='grc' dir='ltr'>ὅτι</span> <span class='ocrx_word' id='word_1_391' title='bbox 2368 2333 2483 2403; x_wconf 64' lang='grc' dir='ltr'><strong>ἐγώ</strong></span> <span class='ocrx_word' id='word_1_392' title='bbox 2523 2334 2660 2403; x_wconf 82' lang='grc' dir='ltr'>είμι,</span> <span class='ocrx_word' id='word_1_393' title='bbox 2693 2332 2792 2386; x_wconf 74' lang='grc' dir='ltr'><strong>καί</strong></span> <span class='ocrx_word' id='word_1_394' title='bbox 2817 2334 2930 2386; x_wconf 82' lang='grc' dir='ltr'>οὐκ</span> <span class='ocrx_word' id='word_1_395' title='bbox 2959 2332 3312 2400; x_wconf 57' lang='lat' dir='ltr'><strong>fluviorum;</strong></span> <span class='ocrx_word' id='word_1_396' title='bbox 3342 2331 3404 2384; x_wconf 81' lang='lat' dir='ltr'><strong>Ei</strong></span> <span class='ocrx_word' id='word_1_397' title='bbox 3441 2329 3549 2400; x_wconf 80' lang='grc' dir='ltr'><strong>γὰρ</strong></span> <span class='ocrx_word' id='word_1_398' title='bbox 3583 2329 3681 2383; x_wconf 77' lang='grc' dir='ltr'>καὶ</span> 
     </span>
    </p>
   </div>
   <div class='ocr_carea' id='block_1_48' title="bbox 418 2431 2000 2495">
    <p class='ocr_par' dir='ltr' id='par_1_48' title="bbox 418 2431 2000 2495">
     <span class='ocr_line' id='line_1_48' title="bbox 418 2431 2000 2495; baseline 0.004 -11"><span class='ocrx_word' id='word_1_399' title='bbox 418 2447 554 2495; x_wconf 75' lang='lat' dir='ltr'><strong>sum,</strong></span> <span class='ocrx_word' id='word_1_400' title='bbox 579 2439 628 2484; x_wconf 83' lang='lat' dir='ltr'><strong>et</strong></span> <span class='ocrx_word' id='word_1_401' title='bbox 677 2447 781 2485; x_wconf 89' lang='lat' dir='ltr'><strong>non</strong></span> <span class='ocrx_word' id='word_1_402' title='bbox 813 2442 986 2486; x_wconf 86' lang='lat' dir='ltr'><strong>mutor</strong></span> <span class='ocrx_word' id='word_1_403' title='bbox 1005 2433 1094 2489; x_wconf 68' lang='grc'><strong>⁸⁸2</strong></span> <span class='ocrx_word' id='word_1_404' title='bbox 1119 2431 1252 2487; x_wconf 86' lang='lat' dir='ltr'><strong>Nam</strong></span> <span class='ocrx_word' id='word_1_405' title='bbox 1289 2435 1502 2493; x_wconf 85' lang='lat' dir='ltr'><strong>etiamsi</strong></span> <span class='ocrx_word' id='word_1_406' title='bbox 1551 2437 1618 2492; x_wconf 91' lang='lat' dir='ltr'><strong>ad</strong></span> <span class='ocrx_word' id='word_1_407' title='bbox 1663 2435 1878 2493; x_wconf 81' lang='lat' dir='ltr'><strong>Patrem</strong></span> <span class='ocrx_word' id='word_1_408' title='bbox 1919 2438 2000 2492; x_wconf 87' lang='lat' dir='ltr'><strong>di-</strong></span> 
     </span>
    </p>
   </div>
   <div class='ocr_carea' id='block_1_49' title="bbox 421 2523 2000 2597">
    <p class='ocr_par' dir='ltr' id='par_1_49' title="bbox 421 2523 2000 2597">
     <span class='ocr_line' id='line_1_49' title="bbox 421 2523 2000 2597; baseline 0.003 -20"><span class='ocrx_word' id='word_1_409' title='bbox 421 2529 570 2577; x_wconf 90' lang='lat' dir='ltr'><strong>ctum</strong></span> <span class='ocrx_word' id='word_1_410' title='bbox 623 2523 756 2577; x_wconf 91' lang='lat' dir='ltr'><strong>illud</strong></span> <span class='ocrx_word' id='word_1_411' title='bbox 812 2523 1003 2580; x_wconf 86' lang='lat' dir='ltr'><strong>referri</strong></span> <span class='ocrx_word' id='word_1_412' title='bbox 1059 2534 1243 2596; x_wconf 88' lang='lat' dir='ltr'><strong>queat,</strong></span> <span class='ocrx_word' id='word_1_413' title='bbox 1281 2527 1463 2597; x_wconf 89' lang='lat' dir='ltr'><strong>aptius</strong></span> <span class='ocrx_word' id='word_1_414' title='bbox 1513 2535 1696 2584; x_wconf 88' lang='lat' dir='ltr'><strong>tamen</strong></span> <span class='ocrx_word' id='word_1_415' title='bbox 1744 2529 1812 2585; x_wconf 88' lang='lat' dir='ltr'><strong>de</strong></span> <span class='ocrx_word' id='word_1_416' title='bbox 1861 2527 2000 2583; x_wconf 87' lang='lat' dir='ltr'><strong>Filio</strong></span> 
     </span>
    </p>
   </div>
   <div class='ocr_carea' id='block_1_50' title="bbox 414 2612 1999 2691">
    <p class='ocr_par' dir='ltr' id='par_1_50' title="bbox 414 2612 1999 2691">
     <span class='ocr_line' id='line_1_50' title="bbox 414 2612 1999 2691; baseline 0.005 -25"><span class='ocrx_word' id='word_1_417' title='bbox 414 2613 527 2683; x_wconf 86' lang='lat' dir='ltr'><strong>jam</strong></span> <span class='ocrx_word' id='word_1_418' title='bbox 552 2612 777 2679; x_wconf 90' lang='lat' dir='ltr'><strong>dicitur,</strong></span> <span class='ocrx_word' id='word_1_419' title='bbox 805 2616 932 2685; x_wconf 88' lang='lat' dir='ltr'><strong>quia</strong></span> <span class='ocrx_word' id='word_1_420' title='bbox 965 2633 1088 2671; x_wconf 89' lang='lat' dir='ltr'><strong>cum</strong></span> <span class='ocrx_word' id='word_1_421' title='bbox 1125 2617 1302 2673; x_wconf 87' lang='lat' dir='ltr'><strong>factus</strong></span> <span class='ocrx_word' id='word_1_422' title='bbox 1336 2619 1498 2675; x_wconf 88' lang='lat' dir='ltr'><strong>homo</strong></span> <span class='ocrx_word' id='word_1_423' title='bbox 1533 2622 1625 2682; x_wconf 92' lang='lat' dir='ltr'><strong>sit,</strong></span> <span class='ocrx_word' id='word_1_424' title='bbox 1658 2635 1999 2691; x_wconf 88' lang='lat' dir='ltr'><strong>nequaquam</strong></span> 
     </span>
    </p>
   </div>
   <div class='ocr_carea' id='block_1_51' title="bbox 423 2707 2002 2781">
    <p class='ocr_par' dir='ltr' id='par_1_51' title="bbox 423 2707 2002 2781">
     <span class='ocr_line' id='line_1_51' title="bbox 423 2707 2002 2781; baseline 0.006 -24"><span class='ocrx_word' id='word_1_425' title='bbox 423 2711 668 2760; x_wconf 90' lang='lat' dir='ltr'><strong>mutatus</strong></span> <span class='ocrx_word' id='word_1_426' title='bbox 700 2713 818 2773; x_wconf 88' lang='lat' dir='ltr'><strong>est;</strong></span> <span class='ocrx_word' id='word_1_427' title='bbox 861 2707 978 2769; x_wconf 92' lang='lat' dir='ltr'><strong>sed,</strong></span> <span class='ocrx_word' id='word_1_428' title='bbox 1022 2717 1081 2761; x_wconf 91' lang='lat' dir='ltr'><strong>ut</strong></span> <span class='ocrx_word' id='word_1_429' title='bbox 1122 2710 1197 2764; x_wconf 92' lang='lat' dir='ltr'><strong>ait</strong></span> <span class='ocrx_word' id='word_1_430' title='bbox 1226 2710 1622 2781; x_wconf 76' lang='lat' dir='ltr'><strong>Apostolus&quot;:</strong></span> <span class='ocrx_word' id='word_1_431' title='bbox 1658 2711 1816 2767; x_wconf 70' lang='lat' dir='ltr'><strong>Iesus</strong></span> <span class='ocrx_word' id='word_1_432' title='bbox 1846 2713 2002 2768; x_wconf 80' lang='lat' dir='ltr'><strong>Chri-</strong></span> 
     </span>
    </p>
   </div>
   <div class='ocr_carea' id='block_1_52' title="bbox 422 2798 2002 2870">
    <p class='ocr_par' dir='ltr' id='par_1_52' title="bbox 422 2798 2002 2870">
     <span class='ocr_line' id='line_1_52' title="bbox 422 2798 2002 2870; baseline 0.005 -19"><span class='ocrx_word' id='word_1_433' title='bbox 422 2806 536 2852; x_wconf 72' lang='lat' dir='ltr'><strong>stus</strong></span> <span class='ocrx_word' id='word_1_434' title='bbox 577 2798 687 2852; x_wconf 82' lang='lat' dir='ltr'><strong>heri</strong></span> <span class='ocrx_word' id='word_1_435' title='bbox 730 2808 778 2852; x_wconf 89' lang='lat' dir='ltr'><strong>et</strong></span> <span class='ocrx_word' id='word_1_436' title='bbox 811 2799 983 2864; x_wconf 84' lang='lat' dir='ltr'><strong>hodie,</strong></span> <span class='ocrx_word' id='word_1_437' title='bbox 1018 2801 1127 2868; x_wconf 81' lang='lat' dir='ltr'><strong>ipse</strong></span> <span class='ocrx_word' id='word_1_438' title='bbox 1168 2811 1220 2856; x_wconf 89' lang='lat' dir='ltr'><strong>et</strong></span> <span class='ocrx_word' id='word_1_439' title='bbox 1257 2803 1310 2856; x_wconf 85' lang='lat' dir='ltr'><strong>in</strong></span> <span class='ocrx_word' id='word_1_440' title='bbox 1341 2803 1562 2860; x_wconf 64' lang='lat' dir='ltr'><strong>sarcula.</strong></span> <span class='ocrx_word' id='word_1_441' title='bbox 1611 2804 1746 2870; x_wconf 88' lang='lat' dir='ltr'><strong>Quis</strong></span> <span class='ocrx_word' id='word_1_442' title='bbox 1791 2805 2002 2859; x_wconf 82' lang='lat' dir='ltr'><strong>induxit</strong></span> 
     </span>
    </p>
   </div>
   <div class='ocr_carea' id='block_1_53' title="bbox 424 2885 2003 2960">
    <p class='ocr_par' dir='ltr' id='par_1_53' title="bbox 424 2885 2003 2960">
     <span class='ocr_line' id='line_1_53' title="bbox 424 2885 2003 2960; baseline 0.007 -22"><span class='ocrx_word' id='word_1_443' title='bbox 424 2885 547 2942; x_wconf 91' lang='lat' dir='ltr'><strong>illos</strong></span> <span class='ocrx_word' id='word_1_444' title='bbox 568 2887 908 2954; x_wconf 88' lang='lat' dir='ltr'><strong>utdicerent,</strong></span> <span class='ocrx_word' id='word_1_445' title='bbox 939 2900 1163 2960; x_wconf 88' lang='lat' dir='ltr'><strong>propter</strong></span> <span class='ocrx_word' id='word_1_446' title='bbox 1185 2908 1288 2946; x_wconf 93' lang='lat' dir='ltr'><strong>nos</strong></span> <span class='ocrx_word' id='word_1_447' title='bbox 1315 2893 1465 2947; x_wconf 91' lang='lat' dir='ltr'><strong>illum</strong></span> <span class='ocrx_word' id='word_1_448' title='bbox 1490 2894 1691 2948; x_wconf 91' lang='lat' dir='ltr'><strong>factum</strong></span> <span class='ocrx_word' id='word_1_449' title='bbox 1711 2911 1852 2960; x_wconf 90' lang='lat' dir='ltr'><strong>esse,</strong></span> <span class='ocrx_word' id='word_1_450' title='bbox 1876 2896 2003 2951; x_wconf 89' lang='lat' dir='ltr'><strong>licet</strong></span> 
     </span>
    </p>
   </div>
   <div class='ocr_carea' id='block_1_54' title="bbox 425 2976 2001 3060">
    <p class='ocr_par' dir='ltr' id='par_1_54' title="bbox 425 2976 2001 3060">
     <span class='ocr_line' id='line_1_54' title="bbox 425 2976 2001 3060; baseline 0.008 -30"><span class='ocrx_word' id='word_1_451' title='bbox 425 2976 630 3035; x_wconf 90' lang='lat' dir='ltr'><strong>Paulus</strong></span> <span class='ocrx_word' id='word_1_452' title='bbox 660 2980 809 3036; x_wconf 88' lang='lat' dir='ltr'><strong>dicat</strong></span> <span class='ocrx_word' id='word_1_453' title='bbox 830 2983 875 3014; x_wconf 70' lang='grc' dir='ltr'>’θ</span> <span class='ocrx_word' id='word_1_454' title='bbox 914 3002 927 3038; x_wconf 88' lang='lat'><strong>:</strong></span> <span class='ocrx_word' id='word_1_455' title='bbox 961 2982 1187 3054; x_wconf 85' lang='lat' dir='ltr'><strong>Propter</strong></span> <span class='ocrx_word' id='word_1_456' title='bbox 1227 3001 1377 3053; x_wconf 88' lang='lat' dir='ltr'><strong>quem</strong></span> <span class='ocrx_word' id='word_1_457' title='bbox 1423 2987 1622 3054; x_wconf 81' lang='lat' dir='ltr'><strong>omnia,</strong></span> <span class='ocrx_word' id='word_1_458' title='bbox 1651 2997 1702 3042; x_wconf 81' lang='lat' dir='ltr'><strong>et</strong></span> <span class='ocrx_word' id='word_1_459' title='bbox 1731 3005 1822 3060; x_wconf 61' lang='lat' dir='ltr'><strong>per</strong></span> <span class='ocrx_word' id='word_1_460' title='bbox 1851 3004 2001 3059; x_wconf 88' lang='lat' dir='ltr'><strong>quem</strong></span> 
     </span>
    </p>
   </div>
   <div class='ocr_carea' id='block_1_55' title="bbox 425 3071 646 3126">
    <p class='ocr_par' dir='ltr' id='par_1_55' title="bbox 425 3071 646 3126">
     <span class='ocr_line' id='line_1_55' title="bbox 425 3071 646 3126; baseline 0.023 -5"><span class='ocrx_word' id='word_1_461' title='bbox 425 3071 646 3126; x_wconf 80' lang='lat' dir='ltr'><strong>omnia?</strong></span> 
     </span>
    </p>
   </div>
   <div class='ocr_carea' id='block_1_56' title="bbox 2103 2421 3680 2497">
    <p class='ocr_par' dir='ltr' id='par_1_56' title="bbox 2103 2421 3680 2497">
     <span class='ocr_line' id='line_1_56' title="bbox 2103 2421 3680 2497; baseline -0.006 -13"><span class='ocrx_word' id='word_1_462' title='bbox 2103 2428 2189 2484; x_wconf 85' lang='grc' dir='ltr'><strong>ἐπ’</strong></span> <span class='ocrx_word' id='word_1_463' title='bbox 2230 2427 2391 2482; x_wconf 83' lang='grc' dir='ltr'>αὐτόν</span> <span class='ocrx_word' id='word_1_464' title='bbox 2417 2443 2502 2489; x_wconf 90' lang='grc' dir='ltr'><strong>τις</strong></span> <span class='ocrx_word' id='word_1_465' title='bbox 2547 2426 2639 2480; x_wconf 80' lang='grc' dir='ltr'>τὸν</span> <span class='ocrx_word' id='word_1_466' title='bbox 2666 2425 2883 2497; x_wconf 81' lang='grc' dir='ltr'><strong>Πατέρα</strong></span> <span class='ocrx_word' id='word_1_467' title='bbox 2907 2423 3127 2479; x_wconf 87' lang='grc' dir='ltr'>δύναται</span> <span class='ocrx_word' id='word_1_468' title='bbox 3150 2423 3210 2476; x_wconf 81' lang='grc' dir='ltr'>τὸ</span> <span class='ocrx_word' id='word_1_469' title='bbox 3259 2423 3420 2494; x_wconf 77' lang='grc' dir='ltr'>ῥητὸν</span> <span class='ocrx_word' id='word_1_470' title='bbox 3469 2421 3680 2492; x_wconf 83' lang='grc' dir='ltr'>ἀναφέ-</span> 
     </span>
    </p>
   </div>
   <div class='ocr_carea' id='block_1_57' title="bbox 2105 2509 3681 2592">
    <p class='ocr_par' dir='ltr' id='par_1_57' title="bbox 2105 2509 3681 2592">
     <span class='ocr_line' id='line_1_57' title="bbox 2105 2509 3681 2592; baseline -0.007 -20"><span class='ocrx_word' id='word_1_471' title='bbox 2105 2534 2238 2592; x_wconf 88' lang='grc' dir='ltr'>ρειν·</span> <span class='ocrx_word' id='word_1_472' title='bbox 2283 2517 2420 2572; x_wconf 78' lang='grc' dir='ltr'>ἀλλὰ</span> <span class='ocrx_word' id='word_1_473' title='bbox 2450 2515 2849 2589; x_wconf 82' lang='grc' dir='ltr'>ἁρμοδιώτερον</span> <span class='ocrx_word' id='word_1_474' title='bbox 2892 2513 2958 2568; x_wconf 78' lang='grc' dir='ltr'>ἂν</span> <span class='ocrx_word' id='word_1_475' title='bbox 2988 2514 3071 2583; x_wconf 76' lang='grc' dir='ltr'><strong>εἴη</strong></span> <span class='ocrx_word' id='word_1_476' title='bbox 3098 2515 3226 2586; x_wconf 76' lang='grc' dir='ltr'>περὶ</span> <span class='ocrx_word' id='word_1_477' title='bbox 3253 2511 3346 2566; x_wconf 83' lang='grc' dir='ltr'>τοῦ</span> <span class='ocrx_word' id='word_1_478' title='bbox 3377 2511 3548 2580; x_wconf 78' lang='grc' dir='ltr'>Λόγου</span> <span class='ocrx_word' id='word_1_479' title='bbox 3580 2509 3681 2563; x_wconf 79' lang='grc' dir='ltr'>νῦν</span> 
     </span>
    </p>
   </div>
   <div class='ocr_carea' id='block_1_58' title="bbox 2103 2603 3682 2684">
    <p class='ocr_par' dir='ltr' id='par_1_58' title="bbox 2103 2603 3682 2684">
     <span class='ocr_line' id='line_1_58' title="bbox 2103 2603 3682 2684; baseline -0.006 -18"><span class='ocrx_word' id='word_1_480' title='bbox 2103 2611 2411 2684; x_wconf 71' lang='grc' dir='ltr'>λεγόμενον,</span> <span class='ocrx_word' id='word_1_481' title='bbox 2442 2611 2523 2664; x_wconf 77' lang='grc' dir='ltr'>ὅτι</span> <span class='ocrx_word' id='word_1_482' title='bbox 2559 2609 2653 2662; x_wconf 74' lang='grc' dir='ltr'>καὶ</span> <span class='ocrx_word' id='word_1_483' title='bbox 2685 2609 2977 2679; x_wconf 88' lang='grc' dir='ltr'>γενόμενος</span> <span class='ocrx_word' id='word_1_484' title='bbox 3018 2606 3304 2679; x_wconf 74' lang='grc' dir='ltr'>ἄνθρωπος</span> <span class='ocrx_word' id='word_1_485' title='bbox 3327 2608 3426 2659; x_wconf 82' lang='grc' dir='ltr'>οὐκ</span> <span class='ocrx_word' id='word_1_486' title='bbox 3450 2603 3682 2673; x_wconf 59' lang='lat' dir='ltr'><strong>immicu-</strong></span> 
     </span>
    </p>
   </div>
   <div class='ocr_carea' id='block_1_59' title="bbox 2102 2695 3683 2766">
    <p class='ocr_par' dir='ltr' id='par_1_59' title="bbox 2102 2695 3683 2766">
     <span class='ocr_line' id='line_1_59' title="bbox 2102 2695 3683 2766; baseline -0.009 -5"><span class='ocrx_word' id='word_1_487' title='bbox 2102 2723 2214 2761; x_wconf 79' lang='grc' dir='ltr'>ται·</span> <span class='ocrx_word' id='word_1_488' title='bbox 2249 2705 2364 2759; x_wconf 82' lang='grc' dir='ltr'>ἀλλ’</span> <span class='ocrx_word' id='word_1_489' title='bbox 2398 2704 2474 2766; x_wconf 79' lang='grc' dir='ltr'><strong>ὡς</strong></span> <span class='ocrx_word' id='word_1_490' title='bbox 2506 2699 2657 2756; x_wconf 73' lang='grc' dir='ltr'>εἶπεν</span> <span class='ocrx_word' id='word_1_491' title='bbox 2687 2705 2714 2756; x_wconf 92' lang='lat'><strong>6</strong></span> <span class='ocrx_word' id='word_1_492' title='bbox 2755 2700 3078 2761; x_wconf 81' lang='grc' dir='ltr'>’Λπόστολος</span> <span class='ocrx_word' id='word_1_493' title='bbox 3151 2698 3388 2766; x_wconf 84' lang='grc' dir='ltr'>Ἰησοῦς</span> <span class='ocrx_word' id='word_1_494' title='bbox 3423 2695 3683 2765; x_wconf 76' lang='grc' dir='ltr'>Χριστὸς</span> 
     </span>
    </p>
   </div>
   <div class='ocr_carea' id='block_1_60' title="bbox 2104 2787 3678 2869">
    <p class='ocr_par' dir='ltr' id='par_1_60' title="bbox 2104 2787 3678 2869">
     <span class='ocr_line' id='line_1_60' title="bbox 2104 2787 3678 2869; baseline -0.008 -16"><span class='ocrx_word' id='word_1_495' title='bbox 2104 2799 2248 2869; x_wconf 82' lang='grc' dir='ltr'>χθὲς</span> <span class='ocrx_word' id='word_1_496' title='bbox 2277 2799 2373 2851; x_wconf 81' lang='grc' dir='ltr'>καὶ</span> <span class='ocrx_word' id='word_1_497' title='bbox 2407 2795 2692 2865; x_wconf 81' lang='grc' dir='ltr'><strong>σήμερον,</strong></span> <span class='ocrx_word' id='word_1_498' title='bbox 2723 2797 2756 2847; x_wconf 86' lang='grc' dir='ltr'><strong><em>ό</em></strong></span> <span class='ocrx_word' id='word_1_499' title='bbox 2787 2793 2972 2858; x_wconf 75' lang='grc' dir='ltr'>αὐτὸς</span> <span class='ocrx_word' id='word_1_500' title='bbox 3009 2791 3108 2845; x_wconf 81' lang='grc' dir='ltr'>καὶ</span> <span class='ocrx_word' id='word_1_501' title='bbox 3151 2793 3238 2856; x_wconf 81' lang='grc' dir='ltr'>εἰς</span> <span class='ocrx_word' id='word_1_502' title='bbox 3269 2790 3409 2856; x_wconf 80' lang='grc' dir='ltr'>τοὺς</span> <span class='ocrx_word' id='word_1_503' title='bbox 3434 2787 3678 2853; x_wconf 71' lang='grc' dir='ltr'>αἰῶνας·</span> 
     </span>
    </p>
   </div>
   <div class='ocr_carea' id='block_1_61' title="bbox 2103 2879 3684 2960">
    <p class='ocr_par' dir='ltr' id='par_1_61' title="bbox 2103 2879 3684 2960">
     <span class='ocr_line' id='line_1_61' title="bbox 2103 2879 3684 2960; baseline -0.008 -16"><span class='ocrx_word' id='word_1_504' title='bbox 2103 2891 2188 2954; x_wconf 86' lang='grc' dir='ltr'><strong>τίς</strong></span> <span class='ocrx_word' id='word_1_505' title='bbox 2215 2890 2270 2944; x_wconf 76' lang='grc' dir='ltr'><strong>δὲ</strong></span> <span class='ocrx_word' id='word_1_506' title='bbox 2301 2889 2412 2960; x_wconf 79' lang='grc'>(65)</span> <span class='ocrx_word' id='word_1_507' title='bbox 2443 2889 2549 2960; x_wconf 78' lang='grc' dir='ltr'>ἄρα</span> <span class='ocrx_word' id='word_1_508' title='bbox 2598 2888 2771 2939; x_wconf 78' lang='grc' dir='ltr'>εἰπεῖν</span> <span class='ocrx_word' id='word_1_509' title='bbox 2801 2885 2996 2948; x_wconf 78' lang='grc' dir='ltr'>αὐτοὺς</span> <span class='ocrx_word' id='word_1_510' title='bbox 3031 2883 3264 2946; x_wconf 74' lang='grc' dir='ltr'>ἔπεισεν,</span> <span class='ocrx_word' id='word_1_511' title='bbox 3292 2882 3372 2934; x_wconf 84' lang='grc' dir='ltr'>ὅτι</span> <span class='ocrx_word' id='word_1_512' title='bbox 3418 2879 3486 2932; x_wconf 75' lang='grc' dir='ltr'>δι’</span> <span class='ocrx_word' id='word_1_513' title='bbox 3523 2879 3557 2949; x_wconf 76' lang='grc' dir='ltr'><strong>ἡ</strong></span> <span class='ocrx_word' id='word_1_514' title='bbox 3569 2881 3684 2950; x_wconf 81' lang='grc' dir='ltr'>μᾶς</span> 
     </span>
    </p>
   </div>
   <div class='ocr_carea' id='block_1_62' title="bbox 2105 2970 3686 3051">
    <p class='ocr_par' dir='ltr' id='par_1_62' title="bbox 2105 2970 3686 3051">
     <span class='ocr_line' id='line_1_62' title="bbox 2105 2970 3686 3051; baseline -0.007 -16"><span class='ocrx_word' id='word_1_515' title='bbox 2105 2983 2320 3051; x_wconf 81' lang='grc' dir='ltr'>γέγονε,</span> <span class='ocrx_word' id='word_1_516' title='bbox 2369 2980 2543 3034; x_wconf 89' lang='grc' dir='ltr'>καίτοι</span> <span class='ocrx_word' id='word_1_517' title='bbox 2584 2977 2678 3033; x_wconf 80' lang='grc' dir='ltr'>τοῦ</span> <span class='ocrx_word' id='word_1_518' title='bbox 2722 2976 2934 3030; x_wconf 84' lang='grc' dir='ltr'>Παύλου</span> <span class='ocrx_word' id='word_1_519' title='bbox 2980 2975 3300 3047; x_wconf 82' lang='grc' dir='ltr'>γράφοντος·</span> <span class='ocrx_word' id='word_1_520' title='bbox 3356 2972 3434 3026; x_wconf 84' lang='grc' dir='ltr'><strong>Δι’</strong></span> <span class='ocrx_word' id='word_1_521' title='bbox 3478 2970 3549 3026; x_wconf 72' lang='grc' dir='ltr'><strong>ὃν·</strong></span> <span class='ocrx_word' id='word_1_522' title='bbox 3612 2970 3686 3025; x_wconf 78' lang='grc' dir='ltr'>τὰ</span> 
     </span>
    </p>
   </div>
   <div class='ocr_carea' id='block_1_63' title="bbox 2106 3069 3030 3138">
    <p class='ocr_par' dir='ltr' id='par_1_63' title="bbox 2106 3069 3030 3138">
     <span class='ocr_line' id='line_1_63' title="bbox 2106 3069 3030 3138; baseline -0.004 -10"><span class='ocrx_word' id='word_1_523' title='bbox 2106 3074 2322 3138; x_wconf 82' lang='grc' dir='ltr'>πάντα,</span> <span class='ocrx_word' id='word_1_524' title='bbox 2358 3074 2454 3128; x_wconf 75' lang='grc' dir='ltr'>καὶ</span> <span class='ocrx_word' id='word_1_525' title='bbox 2486 3069 2652 3128; x_wconf 80' lang='grc' dir='ltr'><strong>δι’οὗ</strong></span> <span class='ocrx_word' id='word_1_526' title='bbox 2691 3073 2761 3126; x_wconf 83' lang='grc' dir='ltr'>τὰ</span> <span class='ocrx_word' id='word_1_527' title='bbox 2801 3070 3030 3135; x_wconf 65' lang='lat' dir='ltr'><strong>ruina;</strong></span> 
     </span>
    </p>
   </div>
   <div class='ocr_carea' id='block_1_64' title="bbox 496 3145 1999 3244">
    <p class='ocr_par' dir='ltr' id='par_1_64' title="bbox 496 3161 1996 3244">
     <span class='ocr_line' id='line_1_64' title="bbox 496 3161 1996 3244; baseline 0.007 -26"><span class='ocrx_word' id='word_1_528' title='bbox 496 3161 562 3218; x_wconf 85' lang='lat' dir='ltr'><strong>V.</strong></span> <span class='ocrx_word' id='word_1_529' title='bbox 597 3163 756 3230; x_wconf 86' lang='lat' dir='ltr'><strong>Quod</strong></span> <span class='ocrx_word' id='word_1_530' title='bbox 809 3174 1021 3236; x_wconf 87' lang='lat' dir='ltr'><strong>spectat</strong></span> <span class='ocrx_word' id='word_1_531' title='bbox 1062 3176 1243 3222; x_wconf 91' lang='lat' dir='ltr'><strong>autem</strong></span> <span class='ocrx_word' id='word_1_532' title='bbox 1299 3168 1448 3223; x_wconf 85' lang='lat' dir='ltr'><strong>illam</strong></span> <span class='ocrx_word' id='word_1_533' title='bbox 1499 3186 1690 3226; x_wconf 91' lang='lat' dir='ltr'><strong>eorum</strong></span> <span class='ocrx_word' id='word_1_534' title='bbox 1740 3172 1996 3244; x_wconf 65' lang='lat' dir='ltr'><strong>blasphe»</strong></span> 
     </span>
    </p>
   </div>
   <div class='ocr_carea' id='block_1_65' title="bbox 2109 3145 3683 3244">
    <p class='ocr_par' dir='ltr' id='par_1_65' title="bbox 2177 3159 3683 3240">
     <span class='ocr_line' id='line_1_65' title="bbox 2177 3159 3683 3240; baseline -0.005 -20"><span class='ocrx_word' id='word_1_535' title='bbox 2177 3167 2236 3221; x_wconf 87' lang='lat' dir='ltr'><strong>V.</strong></span> <span class='ocrx_word' id='word_1_536' title='bbox 2286 3168 2422 3240; x_wconf 79' lang='grc' dir='ltr'>Περὶ</span> <span class='ocrx_word' id='word_1_537' title='bbox 2475 3164 2584 3237; x_wconf 75' lang='grc' dir='ltr'><strong>γάρ</strong></span> <span class='ocrx_word' id='word_1_538' title='bbox 2622 3165 2717 3218; x_wconf 81' lang='grc' dir='ltr'>τοῦ</span> <span class='ocrx_word' id='word_1_539' title='bbox 2749 3164 3108 3235; x_wconf 77' lang='grc' dir='ltr'><strong>βλασφημεῖν,</strong></span> <span class='ocrx_word' id='word_1_540' title='bbox 3157 3165 3238 3216; x_wconf 78' lang='grc' dir='ltr'>ὅτι</span> <span class='ocrx_word' id='word_1_541' title='bbox 3263 3161 3361 3214; x_wconf 84' lang='grc' dir='ltr'>οὐκ</span> <span class='ocrx_word' id='word_1_542' title='bbox 3401 3159 3542 3214; x_wconf 73' lang='grc' dir='ltr'>οἶδεν</span> <span class='ocrx_word' id='word_1_543' title='bbox 3588 3177 3683 3213; x_wconf 82' lang='grc' dir='ltr'>τε·</span> 
     </span>
    </p>
   </div>
   <div class='ocr_carea' id='block_1_66' title="bbox 424 3253 2000 3333">
    <p class='ocr_par' dir='ltr' id='par_1_66' title="bbox 424 3253 2000 3333">
     <span class='ocr_line' id='line_1_66' title="bbox 424 3253 2000 3333; baseline 0.006 -25"><span class='ocrx_word' id='word_1_544' title='bbox 424 3253 591 3308; x_wconf 89' lang='lat' dir='ltr'><strong>miam</strong></span> <span class='ocrx_word' id='word_1_545' title='bbox 632 3269 739 3324; x_wconf 89' lang='lat' dir='ltr'><strong>qua</strong></span> <span class='ocrx_word' id='word_1_546' title='bbox 778 3255 954 3320; x_wconf 92' lang='lat' dir='ltr'><strong>aiunt,</strong></span> <span class='ocrx_word' id='word_1_547' title='bbox 1010 3256 1207 3312; x_wconf 88' lang='lat' dir='ltr'><strong>Filium</strong></span> <span class='ocrx_word' id='word_1_548' title='bbox 1240 3272 1349 3312; x_wconf 90' lang='lat' dir='ltr'><strong>non</strong></span> <span class='ocrx_word' id='word_1_549' title='bbox 1405 3275 1572 3317; x_wconf 86' lang='lat' dir='ltr'><strong>nosse</strong></span> <span class='ocrx_word' id='word_1_550' title='bbox 1627 3263 1870 3333; x_wconf 82' lang='lat' dir='ltr'><strong>perfecte</strong></span> <span class='ocrx_word' id='word_1_551' title='bbox 1897 3262 2000 3317; x_wconf 88' lang='lat' dir='ltr'><strong>Pa-</strong></span> 
     </span>
    </p>
   </div>
   <div class='ocr_carea' id='block_1_67' title="bbox 423 3346 2001 3414">
    <p class='ocr_par' dir='ltr' id='par_1_67' title="bbox 423 3346 2001 3414">
     <span class='ocr_line' id='line_1_67' title="bbox 423 3346 2001 3414; baseline 0.007 -19"><span class='ocrx_word' id='word_1_552' title='bbox 423 3349 592 3412; x_wconf 88' lang='lat' dir='ltr'><strong>trem;</strong></span> <span class='ocrx_word' id='word_1_553' title='bbox 647 3359 989 3414; x_wconf 89' lang='lat' dir='ltr'><strong>nequaquam</strong></span> <span class='ocrx_word' id='word_1_554' title='bbox 1037 3346 1348 3401; x_wconf 90' lang='lat' dir='ltr'><strong>mirandum</strong></span> <span class='ocrx_word' id='word_1_555' title='bbox 1382 3364 1550 3403; x_wconf 89' lang='lat' dir='ltr'><strong>:cum</strong></span> <span class='ocrx_word' id='word_1_556' title='bbox 1591 3351 1736 3405; x_wconf 90' lang='lat' dir='ltr'><strong>enim</strong></span> <span class='ocrx_word' id='word_1_557' title='bbox 1792 3352 1849 3405; x_wconf 90' lang='lat' dir='ltr'><strong>in</strong></span> <span class='ocrx_word' id='word_1_558' title='bbox 1881 3352 2001 3406; x_wconf 88' lang='lat' dir='ltr'><strong>ani-</strong></span> 
     </span>
    </p>
   </div>
   <div class='ocr_carea' id='block_1_68' title="bbox 425 3436 2003 3513">
    <p class='ocr_par' dir='ltr' id='par_1_68' title="bbox 425 3436 2003 3513">
     <span class='ocr_line' id='line_1_68' title="bbox 425 3436 2003 3513; baseline 0.004 -23"><span class='ocrx_word' id='word_1_559' title='bbox 425 3451 576 3490; x_wconf 88' lang='lat' dir='ltr'><strong>mum</strong></span> <span class='ocrx_word' id='word_1_560' title='bbox 605 3436 918 3491; x_wconf 91' lang='lat' dir='ltr'><strong>induxerint</strong></span> <span class='ocrx_word' id='word_1_561' title='bbox 949 3437 1168 3494; x_wconf 85' lang='lat' dir='ltr'><strong>Christo</strong></span> <span class='ocrx_word' id='word_1_562' title='bbox 1197 3439 1398 3494; x_wconf 88' lang='lat' dir='ltr'><strong>bellum</strong></span> <span class='ocrx_word' id='word_1_563' title='bbox 1430 3440 1653 3506; x_wconf 88' lang='lat' dir='ltr'><strong>inferre,</strong></span> <span class='ocrx_word' id='word_1_564' title='bbox 1687 3453 2003 3513; x_wconf 83' lang='lat' dir='ltr'><strong>oppugnant</strong></span> 
     </span>
    </p>
   </div>
   <div class='ocr_carea' id='block_1_69' title="bbox 426 3527 2000 3605">
    <p class='ocr_par' dir='ltr' id='par_1_69' title="bbox 426 3527 2000 3605">
     <span class='ocr_line' id='line_1_69' title="bbox 426 3527 2000 3605; baseline 0.006 -25"><span class='ocrx_word' id='word_1_565' title='bbox 426 3527 558 3583; x_wconf 85' lang='lat' dir='ltr'><strong>item</strong></span> <span class='ocrx_word' id='word_1_566' title='bbox 577 3527 693 3584; x_wconf 76' lang='lat' dir='ltr'><strong>htec</strong></span> <span class='ocrx_word' id='word_1_567' title='bbox 720 3529 865 3585; x_wconf 91' lang='lat' dir='ltr'><strong>illius</strong></span> <span class='ocrx_word' id='word_1_568' title='bbox 893 3531 1057 3585; x_wconf 85' lang='lat' dir='ltr'><strong>verba</strong></span> <span class='ocrx_word' id='word_1_569' title='bbox 1092 3546 1105 3582; x_wconf 92' lang='lat'><strong>:</strong></span> <span class='ocrx_word' id='word_1_570' title='bbox 1138 3530 1291 3585; x_wconf 87' lang='lat' dir='ltr'><strong>Sicut</strong></span> <span class='ocrx_word' id='word_1_571' title='bbox 1326 3534 1466 3587; x_wconf 85' lang='lat' dir='ltr'><strong>novit</strong></span> <span class='ocrx_word' id='word_1_572' title='bbox 1506 3550 1586 3587; x_wconf 89' lang='lat' dir='ltr'><strong>me</strong></span> <span class='ocrx_word' id='word_1_573' title='bbox 1617 3533 1801 3599; x_wconf 87' lang='lat' dir='ltr'><strong>Pater,</strong></span> <span class='ocrx_word' id='word_1_574' title='bbox 1825 3545 1876 3589; x_wconf 92' lang='lat' dir='ltr'><strong>et</strong></span> <span class='ocrx_word' id='word_1_575' title='bbox 1909 3552 2000 3605; x_wconf 90' lang='lat' dir='ltr'><strong>ego</strong></span> 
     </span>
    </p>
   </div>
   <div class='ocr_carea' id='block_1_70' title="bbox 428 3620 2004 3695">
    <p class='ocr_par' dir='ltr' id='par_1_70' title="bbox 428 3620 2004 3695">
     <span class='ocr_line' id='line_1_70' title="bbox 428 3620 2004 3695; baseline 0.004 -23"><span class='ocrx_word' id='word_1_576' title='bbox 428 3635 653 3686; x_wconf 76' lang='lat' dir='ltr'><strong>agnosco</strong></span> <span class='ocrx_word' id='word_1_577' title='bbox 684 3620 902 3676; x_wconf 88' lang='lat' dir='ltr'><strong>Patrem</strong></span> <span class='ocrx_word' id='word_1_578' title='bbox 931 3623 998 3678; x_wconf 72' lang='grc' dir='ltr'><strong>δι.</strong></span> <span class='ocrx_word' id='word_1_579' title='bbox 1027 3621 1262 3679; x_wconf 90' lang='lat' dir='ltr'><strong>Proinde</strong></span> <span class='ocrx_word' id='word_1_580' title='bbox 1292 3624 1338 3678; x_wconf 92' lang='lat' dir='ltr'><strong>si</strong></span> <span class='ocrx_word' id='word_1_581' title='bbox 1377 3640 1442 3680; x_wconf 85' lang='lat' dir='ltr'><strong>ex</strong></span> <span class='ocrx_word' id='word_1_582' title='bbox 1478 3634 1632 3695; x_wconf 89' lang='lat' dir='ltr'><strong>parte</strong></span> <span class='ocrx_word' id='word_1_583' title='bbox 1676 3633 1884 3680; x_wconf 91' lang='lat' dir='ltr'><strong>tantum</strong></span> <span class='ocrx_word' id='word_1_584' title='bbox 1914 3624 2004 3678; x_wconf 88' lang='lat' dir='ltr'><strong>Fi-</strong></span> 
     </span>
    </p>
   </div>
   <div class='ocr_carea' id='block_1_71' title="bbox 429 3712 2002 3788">
    <p class='ocr_par' dir='ltr' id='par_1_71' title="bbox 429 3712 2002 3788">
     <span class='ocr_line' id='line_1_71' title="bbox 429 3712 2002 3788; baseline 0.004 -23"><span class='ocrx_word' id='word_1_585' title='bbox 429 3712 562 3766; x_wconf 91' lang='lat' dir='ltr'><strong>lium</strong></span> <span class='ocrx_word' id='word_1_586' title='bbox 599 3714 750 3768; x_wconf 89' lang='lat' dir='ltr'><strong>novit</strong></span> <span class='ocrx_word' id='word_1_587' title='bbox 779 3713 959 3782; x_wconf 88' lang='lat' dir='ltr'><strong>Pater,</strong></span> <span class='ocrx_word' id='word_1_588' title='bbox 1007 3723 1228 3770; x_wconf 89' lang='lat' dir='ltr'><strong>constat</strong></span> <span class='ocrx_word' id='word_1_589' title='bbox 1261 3714 1460 3770; x_wconf 85' lang='lat' dir='ltr'><strong>Filiqu</strong></span> <span class='ocrx_word' id='word_1_590' title='bbox 1495 3734 1604 3772; x_wconf 90' lang='lat' dir='ltr'><strong>non</strong></span> <span class='ocrx_word' id='word_1_591' title='bbox 1639 3717 1878 3788; x_wconf 83' lang='lat' dir='ltr'><strong>perfecte</strong></span> <span class='ocrx_word' id='word_1_592' title='bbox 1907 3733 2002 3772; x_wconf 83' lang='lat' dir='ltr'><strong>co-</strong></span> 
     </span>
    </p>
   </div>
   <div class='ocr_carea' id='block_1_72' title="bbox 430 3803 2002 3880">
    <p class='ocr_par' dir='ltr' id='par_1_72' title="bbox 430 3803 2002 3880">
     <span class='ocr_line' id='line_1_72' title="bbox 430 3803 2002 3880; baseline 0.004 -22"><span class='ocrx_word' id='word_1_593' title='bbox 430 3820 693 3874; x_wconf 79' lang='lat' dir='ltr'><strong>gnoscere</strong></span> <span class='ocrx_word' id='word_1_594' title='bbox 721 3803 959 3861; x_wconf 87' lang='lat' dir='ltr'><strong>Patrem.</strong></span> <span class='ocrx_word' id='word_1_595' title='bbox 988 3805 1142 3874; x_wconf 87' lang='lat' dir='ltr'><strong>Quod</strong></span> <span class='ocrx_word' id='word_1_596' title='bbox 1190 3808 1236 3864; x_wconf 88' lang='lat' dir='ltr'><strong>si</strong></span> <span class='ocrx_word' id='word_1_597' title='bbox 1269 3809 1423 3864; x_wconf 80' lang='lat' dir='ltr'><strong>nefas</strong></span> <span class='ocrx_word' id='word_1_598' title='bbox 1453 3811 1520 3864; x_wconf 87' lang='lat' dir='ltr'><strong>sit</strong></span> <span class='ocrx_word' id='word_1_599' title='bbox 1551 3810 1625 3865; x_wconf 87' lang='lat' dir='ltr'><strong>ita</strong></span> <span class='ocrx_word' id='word_1_600' title='bbox 1672 3811 1841 3880; x_wconf 92' lang='lat' dir='ltr'><strong>loqui,</strong></span> <span class='ocrx_word' id='word_1_601' title='bbox 1874 3819 1929 3864; x_wconf 89' lang='lat' dir='ltr'><strong>et</strong></span> <span class='ocrx_word' id='word_1_602' title='bbox 1956 3811 2002 3865; x_wconf 91' lang='lat' dir='ltr'><strong>si</strong></span> 
     </span>
    </p>
   </div>
   <div class='ocr_carea' id='block_1_73' title="bbox 429 3895 2002 3971">
    <p class='ocr_par' dir='ltr' id='par_1_73' title="bbox 429 3895 2002 3971">
     <span class='ocr_line' id='line_1_73' title="bbox 429 3895 2002 3971; baseline 0.004 -23"><span class='ocrx_word' id='word_1_603' title='bbox 429 3895 591 3950; x_wconf 88' lang='lat' dir='ltr'><strong>Pater</strong></span> <span class='ocrx_word' id='word_1_604' title='bbox 619 3897 856 3965; x_wconf 88' lang='lat' dir='ltr'><strong>perfecte</strong></span> <span class='ocrx_word' id='word_1_605' title='bbox 905 3899 1056 3953; x_wconf 89' lang='lat' dir='ltr'><strong>novit</strong></span> <span class='ocrx_word' id='word_1_606' title='bbox 1085 3897 1313 3967; x_wconf 84' lang='lat' dir='ltr'><strong>Filium;</strong></span> <span class='ocrx_word' id='word_1_607' title='bbox 1348 3902 1571 3971; x_wconf 91' lang='lat' dir='ltr'><strong>planum</strong></span> <span class='ocrx_word' id='word_1_608' title='bbox 1603 3909 1688 3957; x_wconf 89' lang='lat' dir='ltr'><strong>est</strong></span> <span class='ocrx_word' id='word_1_609' title='bbox 1727 3903 1871 3958; x_wconf 88' lang='lat' dir='ltr'><strong>sicut</strong></span> <span class='ocrx_word' id='word_1_610' title='bbox 1900 3902 2002 3956; x_wconf 91' lang='lat' dir='ltr'><strong>Pa-</strong></span> 
     </span>
    </p>
   </div>
   <div class='ocr_carea' id='block_1_74' title="bbox 430 3987 2002 4062">
    <p class='ocr_par' dir='ltr' id='par_1_74' title="bbox 430 3987 2002 4062">
     <span class='ocr_line' id='line_1_74' title="bbox 430 3987 2002 4062; baseline 0.005 -22"><span class='ocrx_word' id='word_1_611' title='bbox 430 3996 516 4040; x_wconf 90' lang='lat' dir='ltr'><strong>ter</strong></span> <span class='ocrx_word' id='word_1_612' title='bbox 561 3987 798 4044; x_wconf 83' lang='lat' dir='ltr'><strong>Verbum</strong></span> <span class='ocrx_word' id='word_1_613' title='bbox 844 3992 994 4044; x_wconf 82' lang='lat' dir='ltr'><strong>novit</strong></span> <span class='ocrx_word' id='word_1_614' title='bbox 1052 4007 1234 4056; x_wconf 89' lang='lat' dir='ltr'><strong>suum,</strong></span> <span class='ocrx_word' id='word_1_615' title='bbox 1287 3993 1514 4062; x_wconf 88' lang='lat' dir='ltr'><strong>perinde</strong></span> <span class='ocrx_word' id='word_1_616' title='bbox 1542 3993 1802 4060; x_wconf 85' lang='lat' dir='ltr'><strong>Verbum,</strong></span> <span class='ocrx_word' id='word_1_617' title='bbox 1843 4010 2002 4051; x_wconf 90' lang='lat' dir='ltr'><strong>suum</strong></span> 
     </span>
    </p>
   </div>
   <div class='ocr_carea' id='block_1_75' title="bbox 432 4075 1641 4150">
    <p class='ocr_par' dir='ltr' id='par_1_75' title="bbox 432 4075 1641 4150">
     <span class='ocr_line' id='line_1_75' title="bbox 432 4075 1641 4150; baseline 0.008 -21"><span class='ocrx_word' id='word_1_618' title='bbox 432 4091 596 4132; x_wconf 87' lang='lat' dir='ltr'><strong>nosse</strong></span> <span class='ocrx_word' id='word_1_619' title='bbox 615 4075 852 4143; x_wconf 89' lang='lat' dir='ltr'><strong>Patrem,</strong></span> <span class='ocrx_word' id='word_1_620' title='bbox 878 4081 1036 4148; x_wconf 84' lang='lat' dir='ltr'><strong>cujus</strong></span> <span class='ocrx_word' id='word_1_621' title='bbox 1067 4082 1243 4150; x_wconf 86' lang='lat' dir='ltr'><strong>ipsum</strong></span> <span class='ocrx_word' id='word_1_622' title='bbox 1273 4081 1509 4137; x_wconf 87' lang='lat' dir='ltr'><strong>Verbum</strong></span> <span class='ocrx_word' id='word_1_623' title='bbox 1539 4093 1641 4140; x_wconf 89' lang='lat' dir='ltr'><strong>est.</strong></span> 
     </span>
    </p>
   </div>
   <div class='ocr_carea' id='block_1_76' title="bbox 505 4166 2005 4247">
    <p class='ocr_par' dir='ltr' id='par_1_76' title="bbox 505 4166 2005 4247">
     <span class='ocr_line' id='line_1_76' title="bbox 505 4166 2005 4247; baseline 0.009 -28"><span class='ocrx_word' id='word_1_624' title='bbox 505 4166 591 4220; x_wconf 88' lang='lat' dir='ltr'><strong>VI.</strong></span> <span class='ocrx_word' id='word_1_625' title='bbox 631 4167 755 4223; x_wconf 82' lang='lat' dir='ltr'><strong>Haec</strong></span> <span class='ocrx_word' id='word_1_626' title='bbox 791 4170 1046 4235; x_wconf 90' lang='lat' dir='ltr'><strong>dicendo,</strong></span> <span class='ocrx_word' id='word_1_627' title='bbox 1088 4181 1251 4244; x_wconf 90' lang='lat' dir='ltr'><strong>atque</strong></span> <span class='ocrx_word' id='word_1_628' title='bbox 1297 4174 1512 4230; x_wconf 88' lang='lat' dir='ltr'><strong>divinas</strong></span> <span class='ocrx_word' id='word_1_629' title='bbox 1546 4174 1866 4247; x_wconf 87' lang='lat' dir='ltr'><strong>Scripturas</strong></span> <span class='ocrx_word' id='word_1_630' title='bbox 1909 4194 2005 4232; x_wconf 84' lang='lat' dir='ltr'><strong>ex-</strong></span> 
     </span>
    </p>
   </div>
   <div class='ocr_carea' id='block_1_77' title="bbox 433 4260 2003 4332">
    <p class='ocr_par' dir='ltr' id='par_1_77' title="bbox 433 4260 2003 4332">
     <span class='ocr_line' id='line_1_77' title="bbox 433 4260 2003 4332; baseline 0.007 -19"><span class='ocrx_word' id='word_1_631' title='bbox 433 4260 738 4330; x_wconf 88' lang='lat' dir='ltr'><strong>planando,</strong></span> <span class='ocrx_word' id='word_1_632' title='bbox 799 4277 1172 4332; x_wconf 70' lang='lat' dir='ltr'><strong>sazpcnumcro</strong></span> <span class='ocrx_word' id='word_1_633' title='bbox 1225 4264 1347 4320; x_wconf 91' lang='lat' dir='ltr'><strong>illos</strong></span> <span class='ocrx_word' id='word_1_634' title='bbox 1397 4267 1750 4324; x_wconf 87' lang='lat' dir='ltr'><strong>convicimus.</strong></span> <span class='ocrx_word' id='word_1_635' title='bbox 1800 4268 2003 4324; x_wconf 87' lang='lat' dir='ltr'><strong>Verum</strong></span> 
     </span>
    </p>
   </div>
   <div class='ocr_carea' id='block_1_78' title="bbox 433 4353 2000 4428">
    <p class='ocr_par' dir='ltr' id='par_1_78' title="bbox 433 4353 2000 4428">
     <span class='ocr_line' id='line_1_78' title="bbox 433 4353 2000 4428; baseline 0.007 -21"><span class='ocrx_word' id='word_1_636' title='bbox 433 4353 534 4418; x_wconf 89' lang='lat' dir='ltr'><strong>illi,</strong></span> <span class='ocrx_word' id='word_1_637' title='bbox 553 4355 710 4424; x_wconf 87' lang='lat' dir='ltr'><strong>quasi</strong></span> <span class='ocrx_word' id='word_1_638' title='bbox 741 4355 1181 4422; x_wconf 63' lang='lat' dir='ltr'><strong>chamaeleontes,</strong></span> <span class='ocrx_word' id='word_1_639' title='bbox 1215 4365 1423 4413; x_wconf 89' lang='lat' dir='ltr'><strong>mutata</strong></span> <span class='ocrx_word' id='word_1_640' title='bbox 1449 4360 1678 4417; x_wconf 90' lang='lat' dir='ltr'><strong>subinde</strong></span> <span class='ocrx_word' id='word_1_641' title='bbox 1709 4363 2000 4428; x_wconf 89' lang='lat' dir='ltr'><strong>sententia,</strong></span> 
     </span>
    </p>
   </div>
   <div class='ocr_carea' id='block_1_79' title="bbox 2104 3252 3686 3326">
    <p class='ocr_par' dir='ltr' id='par_1_79' title="bbox 2104 3252 3686 3326">
     <span class='ocr_line' id='line_1_79' title="bbox 2104 3252 3686 3326; baseline -0.004 -16"><span class='ocrx_word' id='word_1_642' title='bbox 2104 3257 2262 3321; x_wconf 86' lang='grc' dir='ltr'>λείως</span> <span class='ocrx_word' id='word_1_643' title='bbox 2293 3258 2323 3310; x_wconf 85' lang='grc' dir='ltr'>ὁ</span> <span class='ocrx_word' id='word_1_644' title='bbox 2364 3255 2492 3320; x_wconf 83' lang='grc' dir='ltr'>Υἱὸς</span> <span class='ocrx_word' id='word_1_645' title='bbox 2537 3255 2629 3308; x_wconf 72' lang='grc' dir='ltr'><strong>τὸν</strong></span> <span class='ocrx_word' id='word_1_646' title='bbox 2672 3255 2910 3326; x_wconf 78' lang='grc' dir='ltr'>Πατέρα,</span> <span class='ocrx_word' id='word_1_647' title='bbox 2959 3255 3020 3307; x_wconf 84' lang='grc' dir='ltr'>οὺ</span> <span class='ocrx_word' id='word_1_648' title='bbox 3041 3254 3121 3306; x_wconf 80' lang='grc' dir='ltr'><strong>δεῖ</strong></span> <span class='ocrx_word' id='word_1_649' title='bbox 3162 3252 3481 3323; x_wconf 78' lang='grc' dir='ltr'><strong>θαυμάζειν·</strong></span> <span class='ocrx_word' id='word_1_650' title='bbox 3527 3252 3686 3316; x_wconf 58' lang='lat' dir='ltr'><strong>circa:</strong></span> 
     </span>
    </p>
   </div>
   <div class='ocr_carea' id='block_1_80' title="bbox 2106 3344 3684 3422">
    <p class='ocr_par' dir='ltr' id='par_1_80' title="bbox 2106 3344 3684 3422">
     <span class='ocr_line' id='line_1_80' title="bbox 2106 3344 3684 3422; baseline -0.004 -19"><span class='ocrx_word' id='word_1_651' title='bbox 2106 3351 2213 3421; x_wconf 88' lang='grc' dir='ltr'><strong>γάρ</strong></span> <span class='ocrx_word' id='word_1_652' title='bbox 2239 3348 2559 3422; x_wconf 80' lang='grc' dir='ltr'>προθέμενοι</span> <span class='ocrx_word' id='word_1_653' title='bbox 2576 3349 2980 3420; x_wconf 84' lang='grc' dir='ltr'>χριστομαχεῖν,</span> <span class='ocrx_word' id='word_1_654' title='bbox 3005 3345 3441 3418; x_wconf 79' lang='grc' dir='ltr'>παρακρούονται</span> <span class='ocrx_word' id='word_1_655' title='bbox 3466 3344 3555 3398; x_wconf 75' lang='grc' dir='ltr'><strong>καὶ</strong></span> <span class='ocrx_word' id='word_1_656' title='bbox 3579 3345 3684 3406; x_wconf 75' lang='grc' dir='ltr'><strong>τὰς</strong></span> 
     </span>
    </p>
   </div>
   <div class='ocr_carea' id='block_1_81' title="bbox 2107 3436 3685 3512">
    <p class='ocr_par' dir='ltr' id='par_1_81' title="bbox 2107 3436 3685 3512">
     <span class='ocr_line' id='line_1_81' title="bbox 2107 3436 3685 3512; baseline -0.003 -18"><span class='ocrx_word' id='word_1_657' title='bbox 2107 3442 2286 3512; x_wconf 80' lang='grc' dir='ltr'>φωνὰς</span> <span class='ocrx_word' id='word_1_658' title='bbox 2307 3439 2470 3494; x_wconf 76' lang='grc' dir='ltr'>αὑτοῦ</span> <span class='ocrx_word' id='word_1_659' title='bbox 2489 3439 2753 3508; x_wconf 86' lang='grc' dir='ltr'>λέγοντος·</span> <span class='ocrx_word' id='word_1_660' title='bbox 2779 3437 2981 3504; x_wconf 83' lang='grc' dir='ltr'>Καθὼς</span> <span class='ocrx_word' id='word_1_661' title='bbox 3005 3437 3277 3508; x_wconf 74' lang='grc' dir='ltr'><strong>γινώσκει</strong></span> <span class='ocrx_word' id='word_1_662' title='bbox 3288 3455 3364 3506; x_wconf 82' lang='grc' dir='ltr'><strong>με</strong></span> <span class='ocrx_word' id='word_1_663' title='bbox 3389 3440 3422 3490; x_wconf 84' lang='grc' dir='ltr'><strong>ό</strong></span> <span class='ocrx_word' id='word_1_664' title='bbox 3451 3436 3685 3505; x_wconf 79' lang='grc' dir='ltr'>Πατὴρ,</span> 
     </span>
    </p>
   </div>
   <div class='ocr_carea' id='block_1_82' title="bbox 2108 3527 3688 3605">
    <p class='ocr_par' dir='ltr' id='par_1_82' title="bbox 2108 3527 3688 3605">
     <span class='ocr_line' id='line_1_82' title="bbox 2108 3527 3688 3605; baseline -0.002 -18"><span class='ocrx_word' id='word_1_665' title='bbox 2108 3534 2268 3605; x_wconf 79' lang='grc' dir='ltr'><strong>κάγὼ</strong></span> <span class='ocrx_word' id='word_1_666' title='bbox 2299 3533 2568 3605; x_wconf 76' lang='grc' dir='ltr'><strong>γινώσκω</strong></span> <span class='ocrx_word' id='word_1_667' title='bbox 2592 3531 2700 3585; x_wconf 83' lang='grc' dir='ltr'><strong>τὸν</strong></span> <span class='ocrx_word' id='word_1_668' title='bbox 2724 3530 2970 3598; x_wconf 81' lang='grc' dir='ltr'>Πατέρα.</span> <span class='ocrx_word' id='word_1_669' title='bbox 3003 3531 3065 3583; x_wconf 85' lang='grc' dir='ltr'><strong>Εἰ</strong></span> <span class='ocrx_word' id='word_1_670' title='bbox 3102 3531 3199 3602; x_wconf 85' lang='grc' dir='ltr'>μὲν</span> <span class='ocrx_word' id='word_1_671' title='bbox 3221 3527 3312 3584; x_wconf 81' lang='grc' dir='ltr'>οὖν</span> <span class='ocrx_word' id='word_1_672' title='bbox 3331 3531 3396 3583; x_wconf 87' lang='grc' dir='ltr'><strong>ἐκ</strong></span> <span class='ocrx_word' id='word_1_673' title='bbox 3430 3530 3634 3601; x_wconf 64' lang='grc' dir='ltr'>μέρομς</span> <span class='ocrx_word' id='word_1_674' title='bbox 3657 3534 3688 3584; x_wconf 86' lang='grc' dir='ltr'>ὁ</span> 
     </span>
    </p>
   </div>
   <div class='ocr_carea' id='block_1_83' title="bbox 2108 3621 3688 3698">
    <p class='ocr_par' dir='ltr' id='par_1_83' title="bbox 2108 3621 3688 3698">
     <span class='ocr_line' id='line_1_83' title="bbox 2108 3621 3688 3698; baseline -0.003 -20"><span class='ocrx_word' id='word_1_675' title='bbox 2108 3627 2297 3698; x_wconf 82' lang='grc' dir='ltr'>Πατὴρ</span> <span class='ocrx_word' id='word_1_676' title='bbox 2341 3625 2596 3695; x_wconf 85' lang='grc' dir='ltr'><strong>γινώσκει</strong></span> <span class='ocrx_word' id='word_1_677' title='bbox 2639 3623 2731 3676; x_wconf 84' lang='grc' dir='ltr'>τὸν</span> <span class='ocrx_word' id='word_1_678' title='bbox 2775 3621 2924 3687; x_wconf 74' lang='grc' dir='ltr'>Υίὸν,</span> <span class='ocrx_word' id='word_1_679' title='bbox 2962 3623 3117 3692; x_wconf 80' lang='grc' dir='ltr'>δῆλον</span> <span class='ocrx_word' id='word_1_680' title='bbox 3148 3624 3228 3676; x_wconf 82' lang='grc' dir='ltr'>ὅτι</span> <span class='ocrx_word' id='word_1_681' title='bbox 3261 3624 3405 3677; x_wconf 82' lang='grc' dir='ltr'>καὶὸ</span> <span class='ocrx_word' id='word_1_682' title='bbox 3441 3621 3568 3686; x_wconf 79' lang='grc' dir='ltr'>Υἱὸς</span> <span class='ocrx_word' id='word_1_683' title='bbox 3611 3622 3688 3692; x_wconf 62' lang='grc' dir='ltr'>μὴ</span> 
     </span>
    </p>
   </div>
   <div class='ocr_carea' id='block_1_84' title="bbox 2106 3713 3687 3788">
    <p class='ocr_par' dir='ltr' id='par_1_84' title="bbox 2106 3713 3687 3788">
     <span class='ocr_line' id='line_1_84' title="bbox 2106 3713 3687 3788; baseline -0.002 -18"><span class='ocrx_word' id='word_1_684' title='bbox 2106 3718 2325 3782; x_wconf 83' lang='grc' dir='ltr'>τελείως</span> <span class='ocrx_word' id='word_1_685' title='bbox 2343 3716 2654 3787; x_wconf 85' lang='grc' dir='ltr'>γινωσκέτω</span> <span class='ocrx_word' id='word_1_686' title='bbox 2675 3713 2782 3786; x_wconf 89' lang='grc'>(66)</span> <span class='ocrx_word' id='word_1_687' title='bbox 2799 3714 2891 3768; x_wconf 81' lang='grc' dir='ltr'>τὸν</span> <span class='ocrx_word' id='word_1_688' title='bbox 2907 3714 3144 3788; x_wconf 82' lang='grc' dir='ltr'>Πατέρα.</span> <span class='ocrx_word' id='word_1_689' title='bbox 3169 3715 3300 3768; x_wconf 79' lang='grc' dir='ltr'><strong>Εῖδὲ</strong></span> <span class='ocrx_word' id='word_1_690' title='bbox 3322 3713 3480 3767; x_wconf 82' lang='grc' dir='ltr'>τοῦτο</span> <span class='ocrx_word' id='word_1_691' title='bbox 3503 3713 3687 3782; x_wconf 61' lang='grc' dir='ltr'>λέγειν</span> 
     </span>
    </p>
   </div>
   <div class='ocr_carea' id='block_1_85' title="bbox 2107 3805 3689 3881">
    <p class='ocr_par' dir='ltr' id='par_1_85' title="bbox 2107 3805 3689 3881">
     <span class='ocr_line' id='line_1_85' title="bbox 2107 3805 3689 3881; baseline -0.003 -17"><span class='ocrx_word' id='word_1_692' title='bbox 2107 3811 2167 3864; x_wconf 81' lang='grc' dir='ltr'><strong>ού</strong></span> <span class='ocrx_word' id='word_1_693' title='bbox 2203 3810 2380 3881; x_wconf 83' lang='grc' dir='ltr'>θέμις,</span> <span class='ocrx_word' id='word_1_694' title='bbox 2425 3805 2531 3863; x_wconf 81' lang='grc' dir='ltr'>οἶδε</span> <span class='ocrx_word' id='word_1_695' title='bbox 2578 3809 2635 3862; x_wconf 81' lang='grc' dir='ltr'><strong>δὲ</strong></span> <span class='ocrx_word' id='word_1_696' title='bbox 2671 3807 2890 3872; x_wconf 76' lang='grc' dir='ltr'>τελείως</span> <span class='ocrx_word' id='word_1_697' title='bbox 2916 3809 2944 3860; x_wconf 84' lang='lat'><strong>6</strong></span> <span class='ocrx_word' id='word_1_698' title='bbox 2985 3808 3173 3879; x_wconf 83' lang='grc' dir='ltr'>Πατὴρ</span> <span class='ocrx_word' id='word_1_699' title='bbox 3204 3808 3294 3860; x_wconf 80' lang='grc' dir='ltr'>τὸν</span> <span class='ocrx_word' id='word_1_700' title='bbox 3329 3806 3476 3870; x_wconf 83' lang='grc' dir='ltr'>Υίὸν,</span> <span class='ocrx_word' id='word_1_701' title='bbox 3520 3806 3689 3877; x_wconf 73' lang='grc' dir='ltr'>δῆλον</span> 
     </span>
    </p>
   </div>
   <div class='ocr_carea' id='block_1_86' title="bbox 2106 3899 3686 3973">
    <p class='ocr_par' dir='ltr' id='par_1_86' title="bbox 2106 3899 3686 3973">
     <span class='ocr_line' id='line_1_86' title="bbox 2106 3899 3686 3973; baseline 0 -19"><span class='ocrx_word' id='word_1_702' title='bbox 2106 3903 2187 3954; x_wconf 83' lang='grc' dir='ltr'>ὄτι</span> <span class='ocrx_word' id='word_1_703' title='bbox 2212 3900 2393 3964; x_wconf 84' lang='grc' dir='ltr'>καθὼς</span> <span class='ocrx_word' id='word_1_704' title='bbox 2415 3900 2670 3970; x_wconf 88' lang='grc' dir='ltr'>γινώσκει</span> <span class='ocrx_word' id='word_1_705' title='bbox 2694 3903 2722 3956; x_wconf 88' lang='grc' dir='ltr'><strong>ό</strong></span> <span class='ocrx_word' id='word_1_706' title='bbox 2750 3902 2940 3973; x_wconf 79' lang='grc' dir='ltr'>Πατὴρ</span> <span class='ocrx_word' id='word_1_707' title='bbox 2959 3901 3050 3955; x_wconf 78' lang='grc' dir='ltr'><strong>τὸν</strong></span> <span class='ocrx_word' id='word_1_708' title='bbox 3075 3899 3262 3954; x_wconf 84' lang='grc' dir='ltr'>ἑαυτοῦ</span> <span class='ocrx_word' id='word_1_709' title='bbox 3288 3899 3480 3968; x_wconf 82' lang='grc' dir='ltr'>Λόγον,</span> <span class='ocrx_word' id='word_1_710' title='bbox 3509 3899 3686 3966; x_wconf 74' lang='grc' dir='ltr'>οὕτως</span> 
     </span>
    </p>
   </div>
   <div class='ocr_carea' id='block_1_87' title="bbox 2110 3985 3692 4064">
    <p class='ocr_par' dir='ltr' id='par_1_87' title="bbox 2110 3985 3692 4064">
     <span class='ocr_line' id='line_1_87' title="bbox 2110 3985 3692 4064; baseline -0.004 -18"><span class='ocrx_word' id='word_1_711' title='bbox 2110 3993 2204 4047; x_wconf 76' lang='grc' dir='ltr'>καὶ</span> <span class='ocrx_word' id='word_1_712' title='bbox 2231 3995 2260 4046; x_wconf 89' lang='grc' dir='ltr'>ὁ</span> <span class='ocrx_word' id='word_1_713' title='bbox 2285 3993 2457 4062; x_wconf 84' lang='grc' dir='ltr'>Λόγος</span> <span class='ocrx_word' id='word_1_714' title='bbox 2478 3992 2734 4062; x_wconf 82' lang='grc' dir='ltr'>γινώσκει</span> <span class='ocrx_word' id='word_1_715' title='bbox 2760 3993 2851 4048; x_wconf 75' lang='grc' dir='ltr'>τὸν</span> <span class='ocrx_word' id='word_1_716' title='bbox 2874 3992 3068 4048; x_wconf 80' lang='grc' dir='ltr'>ἐαυτοῦ</span> <span class='ocrx_word' id='word_1_717' title='bbox 3096 3992 3336 4064; x_wconf 86' lang='grc' dir='ltr'>Πατέρα,</span> <span class='ocrx_word' id='word_1_718' title='bbox 3366 3985 3428 4044; x_wconf 71' lang='grc' dir='ltr'>οὗ</span> <span class='ocrx_word' id='word_1_719' title='bbox 3453 3991 3545 4044; x_wconf 89' lang='grc' dir='ltr'><strong>καί</strong></span> <span class='ocrx_word' id='word_1_720' title='bbox 3564 3993 3692 4045; x_wconf 82' lang='grc' dir='ltr'>ἐστι</span> 
     </span>
    </p>
   </div>
   <div class='ocr_carea' id='block_1_88' title="bbox 2107 4087 2297 4156">
    <p class='ocr_par' dir='ltr' id='par_1_88' title="bbox 2107 4087 2297 4156">
     <span class='ocr_line' id='line_1_88' title="bbox 2107 4087 2297 4156; baseline -0.005 -15"><span class='ocrx_word' id='word_1_721' title='bbox 2107 4087 2297 4156; x_wconf 85' lang='grc' dir='ltr'>Λόγος.</span> 
     </span>
    </p>
   </div>
   <div class='ocr_carea' id='block_1_89' title="bbox 2181 4173 3684 4244">
    <p class='ocr_par' dir='ltr' id='par_1_89' title="bbox 2181 4173 3684 4244">
     <span class='ocr_line' id='line_1_89' title="bbox 2181 4173 3684 4244; baseline -0.003 -13"><span class='ocrx_word' id='word_1_722' title='bbox 2181 4177 2269 4231; x_wconf 89' lang='lat' dir='ltr'><strong>Vl.</strong></span> <span class='ocrx_word' id='word_1_723' title='bbox 2305 4175 2488 4230; x_wconf 79' lang='grc' dir='ltr'>Ταῦτα</span> <span class='ocrx_word' id='word_1_724' title='bbox 2510 4174 2760 4244; x_wconf 88' lang='grc' dir='ltr'>λέγοντες</span> <span class='ocrx_word' id='word_1_725' title='bbox 2788 4175 2882 4228; x_wconf 62' lang='grc' dir='ltr'><strong>καὶ⁴</strong></span> <span class='ocrx_word' id='word_1_726' title='bbox 2910 4173 3347 4237; x_wconf 85' lang='grc' dir='ltr'>ἀναπτύσσοντες</span> <span class='ocrx_word' id='word_1_727' title='bbox 3388 4173 3490 4237; x_wconf 83' lang='grc' dir='ltr'>τὰς</span> <span class='ocrx_word' id='word_1_728' title='bbox 3530 4173 3684 4238; x_wconf 72' lang='grc' dir='ltr'>θείας</span> 
     </span>
    </p>
   </div>
   <div class='ocr_carea' id='block_1_90' title="bbox 2110 4262 3689 4340">
    <p class='ocr_par' dir='ltr' id='par_1_90' title="bbox 2110 4262 3689 4340">
     <span class='ocr_line' id='line_1_90' title="bbox 2110 4262 3689 4340; baseline -0.004 -18"><span class='ocrx_word' id='word_1_729' title='bbox 2110 4267 2333 4340; x_wconf 82' lang='grc' dir='ltr'>Γραφάς</span> <span class='ocrx_word' id='word_1_730' title='bbox 2359 4267 2618 4330; x_wconf 83' lang='grc' dir='ltr'>πολλάκις</span> <span class='ocrx_word' id='word_1_731' title='bbox 2640 4265 3003 4337; x_wconf 76' lang='grc' dir='ltr'>ἐνετρέψαμεν</span> <span class='ocrx_word' id='word_1_732' title='bbox 3034 4262 3247 4326; x_wconf 84' lang='grc' dir='ltr'>αὐτούς.</span> <span class='ocrx_word' id='word_1_733' title='bbox 3280 4263 3393 4316; x_wconf 76' lang='grc' dir='ltr'><strong>Καὶ</strong></span> <span class='ocrx_word' id='word_1_734' title='bbox 3418 4263 3581 4316; x_wconf 79' lang='grc' dir='ltr'>πάλιν</span> <span class='ocrx_word' id='word_1_735' title='bbox 3611 4263 3689 4322; x_wconf 75' lang='grc' dir='ltr'><strong>ὡς</strong></span> 
     </span>
    </p>
   </div>
   <div class='ocr_carea' id='block_1_91' title="bbox 2111 4355 3694 4434">
    <p class='ocr_par' dir='ltr' id='par_1_91' title="bbox 2111 4355 3694 4434">
     <span class='ocr_line' id='line_1_91' title="bbox 2111 4355 3694 4434; baseline -0.006 -17"><span class='ocrx_word' id='word_1_736' title='bbox 2111 4361 2496 4434; x_wconf 87' lang='grc' dir='ltr'>χαμαιλέοντες</span> <span class='ocrx_word' id='word_1_737' title='bbox 2551 4360 2928 4433; x_wconf 79' lang='grc' dir='ltr'>μετεϐάλοντο,</span> <span class='ocrx_word' id='word_1_738' title='bbox 2981 4357 3408 4428; x_wconf 81' lang='grc' dir='ltr'>φιλονεικοῦντες</span> <span class='ocrx_word' id='word_1_739' title='bbox 3456 4355 3694 4416; x_wconf 74' lang='grc' dir='ltr'>ἑαυτοὺς</span> 
     </span>
    </p>
   </div>
   <div class='ocr_carea' id='block_1_92' title="bbox 432 4446 1999 4526">
    <p class='ocr_par' dir='ltr' id='par_1_92' title="bbox 432 4447 1999 4525">
     <span class='ocr_line' id='line_1_92' title="bbox 432 4447 1999 4525; baseline 0.006 -24"><span class='ocrx_word' id='word_1_740' title='bbox 432 4447 641 4503; x_wconf 90' lang='lat' dir='ltr'><strong>dictum</strong></span> <span class='ocrx_word' id='word_1_741' title='bbox 674 4449 805 4502; x_wconf 90' lang='lat' dir='ltr'><strong>illud</strong></span> <span class='ocrx_word' id='word_1_742' title='bbox 838 4449 940 4505; x_wconf 86' lang='lat' dir='ltr'><strong>sibi</strong></span> <span class='ocrx_word' id='word_1_743' title='bbox 989 4449 1269 4504; x_wconf 85' lang='lat' dir='ltr'><strong>vindicare</strong></span> <span class='ocrx_word' id='word_1_744' title='bbox 1323 4452 1573 4507; x_wconf 89' lang='lat' dir='ltr'><strong>nituntur</strong></span> <span class='ocrx_word' id='word_1_745' title='bbox 1603 4475 1616 4510; x_wconf 89' lang='lat'>:</span> <span class='ocrx_word' id='word_1_746' title='bbox 1654 4456 1856 4525; x_wconf 78' lang='lat' dir='ltr'><strong>Impius</strong></span> <span class='ocrx_word' id='word_1_747' title='bbox 1886 4474 1999 4510; x_wconf 85' lang='lat' dir='ltr'><strong>cum</strong></span> 
     </span>
    </p>
   </div>
   <div class='ocr_carea' id='block_1_93' title="bbox 2109 4446 3683 4526">
    <p class='ocr_par' dir='ltr' id='par_1_93' title="bbox 2111 4446 3683 4526">
     <span class='ocr_line' id='line_1_93' title="bbox 2111 4446 3683 4526; baseline -0.006 -18"><span class='ocrx_word' id='word_1_748' title='bbox 2111 4454 2404 4526; x_wconf 86' lang='grc' dir='ltr'>ἐφελκύσαι</span> <span class='ocrx_word' id='word_1_749' title='bbox 2430 4455 2489 4507; x_wconf 74' lang='grc' dir='ltr'>τὸ</span> <span class='ocrx_word' id='word_1_750' title='bbox 2518 4452 2918 4526; x_wconf 83' lang='grc' dir='ltr'>γεγραμμένον·</span> <span class='ocrx_word' id='word_1_751' title='bbox 2978 4450 3099 4502; x_wconf 85' lang='grc' dir='ltr'><strong>Ὅτ’</strong></span> <span class='ocrx_word' id='word_1_752' title='bbox 3155 4447 3232 4501; x_wconf 81' lang='grc' dir='ltr'><strong>ἂν</strong></span> <span class='ocrx_word' id='word_1_753' title='bbox 3263 4448 3410 4514; x_wconf 73' lang='grc' dir='ltr'><strong>ἔλθῃ</strong></span> <span class='ocrx_word' id='word_1_754' title='bbox 3453 4446 3683 4514; x_wconf 69' lang='grc' dir='ltr'>ἀσεϐὴς</span> 
     </span>
    </p>
   </div>
   <div class='ocr_carea' id='block_1_94' title="bbox 433 4537 1999 4613">
    <p class='ocr_par' dir='ltr' id='par_1_94' title="bbox 433 4541 1999 4610">
     <span class='ocr_line' id='line_1_94' title="bbox 433 4541 1999 4610; baseline 0.009 -17"><span class='ocrx_word' id='word_1_755' title='bbox 433 4541 488 4593; x_wconf 86' lang='lat' dir='ltr'><strong>in</strong></span> <span class='ocrx_word' id='word_1_756' title='bbox 545 4541 864 4610; x_wconf 79' lang='lat' dir='ltr'><strong>profundum</strong></span> <span class='ocrx_word' id='word_1_757' title='bbox 921 4543 1147 4610; x_wconf 72' lang='lat' dir='ltr'><strong>uenerit,</strong></span> <span class='ocrx_word' id='word_1_758' title='bbox 1197 4546 1478 4599; x_wconf 85' lang='lat' dir='ltr'><strong>contemnit</strong></span> <span class='ocrx_word' id='word_1_759' title='bbox 1507 4549 1572 4600; x_wconf 79' lang='lat'><strong>&quot;.</strong></span> <span class='ocrx_word' id='word_1_760' title='bbox 1630 4551 1814 4604; x_wconf 74' lang='lat' dir='ltr'><strong>Multze</strong></span> <span class='ocrx_word' id='word_1_761' title='bbox 1870 4566 1999 4607; x_wconf 88' lang='lat' dir='ltr'><strong>sane</strong></span> 
     </span>
    </p>
   </div>
   <div class='ocr_carea' id='block_1_95' title="bbox 2109 4537 3693 4613">
    <p class='ocr_par' dir='ltr' id='par_1_95' title="bbox 2109 4537 3693 4613">
     <span class='ocr_line' id='line_1_95' title="bbox 2109 4537 3693 4613; baseline -0.008 -12"><span class='ocrx_word' id='word_1_762' title='bbox 2109 4550 2192 4613; x_wconf 83' lang='grc' dir='ltr'><strong>είς</strong></span> <span class='ocrx_word' id='word_1_763' title='bbox 2214 4544 2404 4612; x_wconf 83' lang='grc' dir='ltr'>,ϐάθος</span> <span class='ocrx_word' id='word_1_764' title='bbox 2434 4542 2650 4608; x_wconf 75' lang='grc' dir='ltr'>κακῶν,</span> <span class='ocrx_word' id='word_1_765' title='bbox 2681 4539 3050 4612; x_wconf 56' lang='grc' dir='ltr'>καταφρονεῖ.</span> <span class='ocrx_word' id='word_1_766' title='bbox 3084 4537 3278 4592; x_wconf 79' lang='grc' dir='ltr'>Πολλαὶ</span> <span class='ocrx_word' id='word_1_767' title='bbox 3292 4537 3423 4605; x_wconf 78' lang='grc' dir='ltr'>γοῦν</span> <span class='ocrx_word' id='word_1_768' title='bbox 3442 4537 3693 4606; x_wconf 81' lang='grc' dir='ltr'>αἱρέσεις</span> 
     </span>
    </p>
   </div>
   <div class='ocr_carea' id='block_1_96' title="bbox 433 4625 1999 4714">
    <p class='ocr_par' dir='ltr' id='par_1_96' title="bbox 433 4634 1999 4714">
     <span class='ocr_line' id='line_1_96' title="bbox 433 4634 1999 4714; baseline 0.007 -28"><span class='ocrx_word' id='word_1_769' title='bbox 433 4641 561 4688; x_wconf 84' lang='lat' dir='ltr'><strong>ante</strong></span> <span class='ocrx_word' id='word_1_770' title='bbox 591 4634 712 4688; x_wconf 91' lang='lat' dir='ltr'><strong>illos</strong></span> <span class='ocrx_word' id='word_1_771' title='bbox 742 4635 1001 4690; x_wconf 81' lang='lat' dir='ltr'><strong>exstitere</strong></span> <span class='ocrx_word' id='word_1_772' title='bbox 1052 4637 1310 4703; x_wconf 64' lang='lat' dir='ltr'><strong>haereses,</strong></span> <span class='ocrx_word' id='word_1_773' title='bbox 1343 4655 1483 4708; x_wconf 72' lang='lat' dir='ltr'><strong>quae,</strong></span> <span class='ocrx_word' id='word_1_774' title='bbox 1519 4641 1642 4710; x_wconf 91' lang='lat' dir='ltr'><strong>plus</strong></span> <span class='ocrx_word' id='word_1_775' title='bbox 1693 4658 1856 4712; x_wconf 91' lang='lat' dir='ltr'><strong>quam</strong></span> <span class='ocrx_word' id='word_1_776' title='bbox 1905 4659 1999 4714; x_wconf 86' lang='lat' dir='ltr'><strong>par</strong></span> 
     </span>
    </p>
   </div>
   <div class='ocr_carea' id='block_1_97' title="bbox 2109 4625 3692 4714">
    <p class='ocr_par' dir='ltr' id='par_1_97' title="bbox 2109 4625 3692 4708">
     <span class='ocr_line' id='line_1_97' title="bbox 2109 4625 3692 4708; baseline -0.009 -17"><span class='ocrx_word' id='word_1_777' title='bbox 2109 4635 2212 4708; x_wconf 83' lang='grc' dir='ltr'><strong>πρὸ</strong></span> <span class='ocrx_word' id='word_1_778' title='bbox 2279 4634 2454 4689; x_wconf 84' lang='grc' dir='ltr'>αὐτῶν</span> <span class='ocrx_word' id='word_1_779' title='bbox 2499 4633 2802 4702; x_wconf 90' lang='grc' dir='ltr'>γεγόνασιν,</span> <span class='ocrx_word' id='word_1_780' title='bbox 2839 4633 3040 4694; x_wconf 83' lang='grc' dir='ltr'>αἵτινες</span> <span class='ocrx_word' id='word_1_781' title='bbox 3094 4629 3254 4683; x_wconf 77' lang='grc' dir='ltr'>πλέον</span> <span class='ocrx_word' id='word_1_782' title='bbox 3315 4625 3412 4681; x_wconf 80' lang='grc' dir='ltr'><strong>τοῦ</strong></span> <span class='ocrx_word' id='word_1_783' title='bbox 3473 4626 3692 4689; x_wconf 83' lang='grc' dir='ltr'>δέοντος</span> 
     </span>
    </p>
   </div>
   <div class='ocr_carea' id='block_1_98' title="bbox 434 4712 1999 4804">
    <p class='ocr_par' dir='ltr' id='par_1_98' title="bbox 434 4712 1999 4804">
     <span class='ocr_line' id='line_1_98' title="bbox 434 4712 1999 4804; baseline 0.004 -24"><span class='ocrx_word' id='word_1_784' title='bbox 434 4732 575 4790; x_wconf 90' lang='lat' dir='ltr'><strong>erat,</strong></span> <span class='ocrx_word' id='word_1_785' title='bbox 613 4739 778 4793; x_wconf 59' lang='lat' dir='ltr'><strong>ausae,</strong></span> <span class='ocrx_word' id='word_1_786' title='bbox 813 4727 866 4780; x_wconf 93' lang='lat' dir='ltr'><strong>in</strong></span> <span class='ocrx_word' id='word_1_787' title='bbox 901 4727 1226 4784; x_wconf 89' lang='lat' dir='ltr'><strong>dementiam</strong></span> <span class='ocrx_word' id='word_1_788' title='bbox 1257 4730 1512 4800; x_wconf 66' lang='lat' dir='ltr'><strong>collapsa:</strong></span> <span class='ocrx_word' id='word_1_789' title='bbox 1549 4742 1696 4788; x_wconf 87' lang='lat' dir='ltr'><strong>sunt.</strong></span> <span class='ocrx_word' id='word_1_790' title='bbox 1728 4733 1795 4787; x_wconf 81' lang='lat' dir='ltr'><strong>At</strong></span> <span class='ocrx_word' id='word_1_791' title='bbox 1826 4735 1880 4789; x_wconf 91' lang='lat' dir='ltr'><strong>hi</strong></span> <span class='ocrx_word' id='word_1_792' title='bbox 1908 4712 1999 4804; x_wconf 80' lang='lat' dir='ltr'><strong>qui</strong></span> 
     </span>
    </p>
   </div>
   <div class='ocr_carea' id='block_1_99' title="bbox 2109 4712 3684 4804">
    <p class='ocr_par' dir='ltr' id='par_1_99' title="bbox 2109 4712 3684 4801">
     <span class='ocr_line' id='line_1_99' title="bbox 2109 4712 3684 4801; baseline -0.01 -16"><span class='ocrx_word' id='word_1_793' title='bbox 2109 4731 2462 4801; x_wconf 78' lang='grc' dir='ltr'>τολμήσασαι,</span> <span class='ocrx_word' id='word_1_794' title='bbox 2491 4725 2841 4779; x_wconf 82' lang='grc' dir='ltr'>πεπτώκασιν</span> <span class='ocrx_word' id='word_1_795' title='bbox 2865 4727 2942 4787; x_wconf 82' lang='grc' dir='ltr'><strong>είς</strong></span> <span class='ocrx_word' id='word_1_796' title='bbox 2967 4722 3298 4794; x_wconf 78' lang='grc' dir='ltr'>ἀφροσύνην.</span> <span class='ocrx_word' id='word_1_797' title='bbox 3330 4712 3490 4773; x_wconf 74' lang='grc' dir='ltr'>Οὗτοι</span> <span class='ocrx_word' id='word_1_798' title='bbox 3517 4717 3576 4770; x_wconf 81' lang='grc' dir='ltr'><strong>δὲ</strong></span> <span class='ocrx_word' id='word_1_799' title='bbox 3599 4716 3684 4770; x_wconf 72' lang='grc' dir='ltr'><strong>διὸ</strong></span> 
     </span>
    </p>
   </div>
   <div class='ocr_carea' id='block_1_100' title="bbox 435 4808 1999 4890">
    <p class='ocr_par' dir='ltr' id='par_1_100' title="bbox 435 4811 1999 4890">
     <span class='ocr_line' id='line_1_100' title="bbox 435 4811 1999 4890; baseline 0.006 -20"><span class='ocrx_word' id='word_1_800' title='bbox 435 4817 646 4872; x_wconf 82' lang='lat' dir='ltr'><strong>voculis</strong></span> <span class='ocrx_word' id='word_1_801' title='bbox 678 4818 794 4874; x_wconf 88' lang='lat' dir='ltr'><strong>suis</strong></span> <span class='ocrx_word' id='word_1_802' title='bbox 825 4821 1083 4878; x_wconf 90' lang='lat' dir='ltr'><strong>omnibus</strong></span> <span class='ocrx_word' id='word_1_803' title='bbox 1136 4823 1187 4877; x_wconf 88' lang='lat' dir='ltr'><strong>id</strong></span> <span class='ocrx_word' id='word_1_804' title='bbox 1219 4811 1541 4890; x_wconf 88' lang='lat' dir='ltr'><strong>moliuntur,</strong></span> <span class='ocrx_word' id='word_1_805' title='bbox 1579 4834 1639 4879; x_wconf 93' lang='lat' dir='ltr'><strong>ut</strong></span> <span class='ocrx_word' id='word_1_806' title='bbox 1673 4824 1834 4881; x_wconf 85' lang='lat' dir='ltr'><strong>Verbi</strong></span> <span class='ocrx_word' id='word_1_807' title='bbox 1867 4826 1999 4880; x_wconf 86' lang='lat' dir='ltr'><strong>divi-</strong></span> 
     </span>
    </p>
   </div>
   <div class='ocr_carea' id='block_1_101' title="bbox 2109 4808 3690 4890">
    <p class='ocr_par' dir='ltr' id='par_1_101' title="bbox 2109 4808 3690 4887">
     <span class='ocr_line' id='line_1_101' title="bbox 2109 4808 3690 4887; baseline -0.012 -11"><span class='ocrx_word' id='word_1_808' title='bbox 2109 4823 2328 4876; x_wconf 89' lang='grc' dir='ltr'>πάντων</span> <span class='ocrx_word' id='word_1_809' title='bbox 2375 4817 2583 4872; x_wconf 86' lang='grc' dir='ltr'>ἐαυτῶν</span> <span class='ocrx_word' id='word_1_810' title='bbox 2635 4816 2743 4870; x_wconf 84' lang='grc' dir='ltr'>τῶν</span> <span class='ocrx_word' id='word_1_811' title='bbox 2791 4815 3074 4887; x_wconf 73' lang='grc' dir='ltr'>ῥηματίων</span> <span class='ocrx_word' id='word_1_812' title='bbox 3116 4811 3570 4882; x_wconf 84' lang='grc' dir='ltr'>ἐπιχειρήσαντες</span> <span class='ocrx_word' id='word_1_813' title='bbox 3607 4808 3690 4862; x_wconf 87' lang='grc' dir='ltr'>εἰς</span> 
     </span>
    </p>
   </div>
   <div class='ocr_carea' id='block_1_102' title="bbox 438 4898 1999 4990">
    <p class='ocr_par' dir='ltr' id='par_1_102' title="bbox 438 4911 1999 4990">
     <span class='ocr_line' id='line_1_102' title="bbox 438 4911 1999 4990; baseline 0.008 -29"><span class='ocrx_word' id='word_1_814' title='bbox 438 4911 660 4965; x_wconf 91' lang='lat' dir='ltr'><strong>nitatem</strong></span> <span class='ocrx_word' id='word_1_815' title='bbox 702 4911 920 4978; x_wconf 90' lang='lat' dir='ltr'><strong>tollant,</strong></span> <span class='ocrx_word' id='word_1_816' title='bbox 953 4915 1007 4969; x_wconf 92' lang='lat' dir='ltr'><strong>id</strong></span> <span class='ocrx_word' id='word_1_817' title='bbox 1039 4915 1286 4981; x_wconf 72' lang='lat' dir='ltr'><strong>effecere,</strong></span> <span class='ocrx_word' id='word_1_818' title='bbox 1321 4924 1381 4971; x_wconf 92' lang='lat' dir='ltr'><strong>ut</strong></span> <span class='ocrx_word' id='word_1_819' title='bbox 1409 4917 1815 4986; x_wconf 90' lang='lat' dir='ltr'><strong>quodammodo</strong></span> <span class='ocrx_word' id='word_1_820' title='bbox 1844 4919 1999 4990; x_wconf 68' lang='lat' dir='ltr'><strong>justa!</strong></span> 
     </span>
    </p>
   </div>
   <div class='ocr_carea' id='block_1_103' title="bbox 2109 4898 3691 4990">
    <p class='ocr_par' dir='ltr' id='par_1_103' title="bbox 2109 4898 3691 4986">
     <span class='ocr_line' id='line_1_103' title="bbox 2109 4898 3691 4986; baseline -0.015 -16"><span class='ocrx_word' id='word_1_821' title='bbox 2109 4914 2393 4986; x_wconf 82' lang='grc' dir='ltr'>ἁναίρησιν</span> <span class='ocrx_word' id='word_1_822' title='bbox 2427 4911 2546 4981; x_wconf 84' lang='lat'><em>(67)</em></span> <span class='ocrx_word' id='word_1_823' title='bbox 2577 4909 2674 4981; x_wconf 80' lang='grc' dir='ltr'>τῆς</span> <span class='ocrx_word' id='word_1_824' title='bbox 2695 4907 2790 4961; x_wconf 81' lang='grc' dir='ltr'>τοῦ</span> <span class='ocrx_word' id='word_1_825' title='bbox 2822 4907 2998 4975; x_wconf 86' lang='grc' dir='ltr'>Λόγου</span> <span class='ocrx_word' id='word_1_826' title='bbox 3048 4904 3320 4973; x_wconf 76' lang='grc' dir='ltr'>θεότητος,</span> <span class='ocrx_word' id='word_1_827' title='bbox 3355 4898 3691 4954; x_wconf 78' lang='grc' dir='ltr'>ἐδικαίωσαν</span> 
     </span>
    </p>
   </div>
   <div class='ocr_carea' id='block_1_104' title="bbox 436 4992 1999 5079">
    <p class='ocr_par' dir='ltr' id='par_1_104' title="bbox 436 5001 1999 5079">
     <span class='ocr_line' id='line_1_104' title="bbox 436 5001 1999 5079; baseline 0.008 -25"><span class='ocrx_word' id='word_1_828' title='bbox 436 5001 753 5058; x_wconf 88' lang='lat' dir='ltr'><strong>viderentur</strong></span> <span class='ocrx_word' id='word_1_829' title='bbox 785 5004 910 5071; x_wconf 64' lang='lat' dir='ltr'><strong>illae,</strong></span> <span class='ocrx_word' id='word_1_830' title='bbox 945 5023 1067 5062; x_wconf 92' lang='lat' dir='ltr'><strong>cum</strong></span> <span class='ocrx_word' id='word_1_831' title='bbox 1099 5009 1325 5079; x_wconf 89' lang='lat' dir='ltr'><strong>propius</strong></span> <span class='ocrx_word' id='word_1_832' title='bbox 1361 5008 1464 5078; x_wconf 90' lang='lat' dir='ltr'><strong>ipsi</strong></span> <span class='ocrx_word' id='word_1_833' title='bbox 1505 5009 1573 5064; x_wconf 89' lang='lat' dir='ltr'><strong>ad</strong></span> <span class='ocrx_word' id='word_1_834' title='bbox 1602 5009 1999 5066; x_wconf 85' lang='lat' dir='ltr'><strong>Antichristum</strong></span> 
     </span>
    </p>
   </div>
   <div class='ocr_carea' id='block_1_105' title="bbox 2109 4992 3679 5079">
    <p class='ocr_par' dir='ltr' id='par_1_105' title="bbox 2109 4992 3679 5075">
     <span class='ocr_line' id='line_1_105' title="bbox 2109 4992 3679 5075; baseline -0.014 -12"><span class='ocrx_word' id='word_1_835' title='bbox 2109 5011 2168 5075; x_wconf 76' lang='grc' dir='ltr'>ἐξ</span> <span class='ocrx_word' id='word_1_836' title='bbox 2185 5004 2390 5062; x_wconf 85' lang='grc' dir='ltr'>ἐαυτῶν</span> <span class='ocrx_word' id='word_1_837' title='bbox 2410 5004 2619 5068; x_wconf 87' lang='grc' dir='ltr'>ἐκείνας</span> <span class='ocrx_word' id='word_1_838' title='bbox 2648 5003 2723 5066; x_wconf 84' lang='grc' dir='ltr'>ὡς</span> <span class='ocrx_word' id='word_1_839' title='bbox 2752 4999 3036 5070; x_wconf 85' lang='grc' dir='ltr'>ἐγγύτεροι</span> <span class='ocrx_word' id='word_1_840' title='bbox 3063 4995 3156 5050; x_wconf 76' lang='grc' dir='ltr'>τοῦ</span> <span class='ocrx_word' id='word_1_841' title='bbox 3189 4992 3565 5064; x_wconf 78' lang='grc' dir='ltr'>Ἀντιχρίστου</span> <span class='ocrx_word' id='word_1_842' title='bbox 3593 5006 3679 5057; x_wconf 70' lang='grc' dir='ltr'><strong>γει</strong></span> 
     </span>
    </p>
   </div>
   <div class='ocr_carea' id='block_1_106' title="bbox 3210 5151 3683 5214">
    <p class='ocr_par' dir='ltr' id='par_1_106' title="bbox 3210 5151 3683 5214">
     <span class='ocr_line' id='line_1_106' title="bbox 3210 5151 3683 5214; baseline -0.011 -3"><span class='ocrx_word' id='word_1_843' title='bbox 3210 5155 3257 5188; x_wconf 77' lang='grc'><strong>’⁸⁵</strong></span> <span class='ocrx_word' id='word_1_844' title='bbox 3287 5154 3451 5212; x_wconf 80' lang='lat' dir='ltr'><strong>Joan.</strong></span> <span class='ocrx_word' id='word_1_845' title='bbox 3477 5169 3594 5214; x_wconf 86' lang='lat' dir='ltr'><strong>xtv,</strong></span> <span class='ocrx_word' id='word_1_846' title='bbox 3630 5151 3683 5206; x_wconf 84' lang='lat'><strong>9.</strong></span> 
     </span>
    </p>
   </div>
   <div class='ocr_carea' id='block_1_107' title="bbox 556 5156 1999 5282">
    <p class='ocr_par' dir='ltr' id='par_1_107' title="bbox 556 5160 1996 5282">
     <span class='ocr_line' id='line_1_107' title="bbox 556 5160 1996 5234; baseline 0.008 -20"><span class='ocrx_word' id='word_1_847' title='bbox 556 5161 599 5193; x_wconf 66' lang='grc' dir='ltr'>δι</span> <span class='ocrx_word' id='word_1_848' title='bbox 626 5160 788 5216; x_wconf 83' lang='lat' dir='ltr'><strong>Joan.</strong></span> <span class='ocrx_word' id='word_1_849' title='bbox 825 5179 864 5226; x_wconf 85' lang='grc' dir='ltr'><strong>ι,</strong></span> <span class='ocrx_word' id='word_1_850' title='bbox 904 5165 956 5220; x_wconf 90' lang='grc'><strong>1.</strong></span> <span class='ocrx_word' id='word_1_851' title='bbox 1052 5165 1097 5195; x_wconf 65' lang='grc'><strong>⁸⁸</strong></span> <span class='ocrx_word' id='word_1_852' title='bbox 1125 5162 1286 5221; x_wconf 81' lang='lat' dir='ltr'><strong>Joan.</strong></span> <span class='ocrx_word' id='word_1_853' title='bbox 1314 5181 1368 5234; x_wconf 85' lang='grc' dir='ltr'><strong>ι,</strong></span> <span class='ocrx_word' id='word_1_854' title='bbox 1409 5165 1498 5228; x_wconf 87' lang='grc'>18,</span> <span class='ocrx_word' id='word_1_855' title='bbox 1527 5165 1585 5224; x_wconf 80' lang='grc'>5.</span> <span class='ocrx_word' id='word_1_856' title='bbox 1668 5170 1715 5203; x_wconf 67' lang='grc'>⁸³</span> <span class='ocrx_word' id='word_1_857' title='bbox 1743 5169 1895 5225; x_wconf 82' lang='grc' dir='ltr'>Ρδαι.</span> <span class='ocrx_word' id='word_1_858' title='bbox 1931 5185 1996 5224; x_wconf 77' lang='lat' dir='ltr'><strong>x1.</strong></span> 
     </span>
     <span class='ocr_line' id='line_1_108' title="bbox 556 5231 1940 5282; baseline 0.001 -2"><span class='ocrx_word' id='word_1_859' title='bbox 556 5231 650 5282; x_wconf 59' lang='lat' dir='ltr'><strong>rid.</strong></span> <span class='ocrx_word' id='word_1_860' title='bbox 685 5236 770 5282; x_wconf 81' lang='grc'>10.</span> <span class='ocrx_word' id='word_1_861' title='bbox 876 5233 918 5264; x_wconf 77' lang='grc'><strong>’⁵⁷</strong></span> <span class='ocrx_word' id='word_1_862' title='bbox 951 5233 1114 5282; x_wconf 81' lang='lat' dir='ltr'><strong>Joan-</strong></span> <span class='ocrx_word' id='word_1_863' title='bbox 1143 5252 1173 5282; x_wconf 69' lang='grc' dir='ltr'><strong>ι</strong></span> <span class='ocrx_word' id='word_1_864' title='bbox 1196 5276 1211 5282; x_wconf 83' lang='grc'><strong>-</strong></span> <span class='ocrx_word' id='word_1_865' title='bbox 1242 5237 1333 5282; x_wconf 68' lang='lat'><strong>50-</strong></span> <span class='ocrx_word' id='word_1_866' title='bbox 1439 5246 1483 5268; x_wconf 73' lang='grc' dir='ltr'>ἰ’</span> <span class='ocrx_word' id='word_1_867' title='bbox 1519 5241 1732 5282; x_wconf 69' lang='grc' dir='ltr'>ΜηΙιικ-Ιι</span> <span class='ocrx_word' id='word_1_868' title='bbox 1793 5257 1871 5282; x_wconf 37' lang='grc' dir='ltr'>ιιι.</span> <span class='ocrx_word' id='word_1_869' title='bbox 1909 5240 1940 5282; x_wconf 70' lang='lat' dir='ltr'><strong>ﬁ</strong></span> 
     </span>
    </p>
   </div>
   <div class='ocr_carea' id='block_1_108' title="bbox 2109 5156 3662 5282">
    <p class='ocr_par' dir='ltr' id='par_1_108' title="bbox 2109 5156 3662 5282">
     <span class='ocr_line' id='line_1_109' title="bbox 2113 5156 3662 5230; baseline -0.011 -9"><span class='ocrx_word' id='word_1_870' title='bbox 2113 5169 2163 5224; x_wconf 94' lang='grc'><strong>1.</strong></span> <span class='ocrx_word' id='word_1_871' title='bbox 2271 5167 2318 5198; x_wconf 68' lang='grc'><strong>⁸⁸</strong></span> <span class='ocrx_word' id='word_1_872' title='bbox 2349 5165 2502 5221; x_wconf 79' lang='lat' dir='ltr'><strong>Psal.</strong></span> <span class='ocrx_word' id='word_1_873' title='bbox 2534 5180 2656 5230; x_wconf 84' lang='lat' dir='ltr'><strong>Ctx,</strong></span> <span class='ocrx_word' id='word_1_874' title='bbox 2696 5161 2762 5226; x_wconf 79' lang='lat'>3;</span> <span class='ocrx_word' id='word_1_875' title='bbox 2797 5161 2955 5218; x_wconf 82' lang='lat' dir='ltr'><strong>Hebr.</strong></span> <span class='ocrx_word' id='word_1_876' title='bbox 2979 5174 3019 5223; x_wconf 87' lang='grc' dir='ltr'><strong>ι,</strong></span> <span class='ocrx_word' id='word_1_877' title='bbox 3045 5156 3097 5211; x_wconf 76' lang='grc'>5.</span> <span class='ocrx_word' id='word_1_878' title='bbox 3210 5156 3257 5188; x_wconf 75' lang='grc'><strong>’⁸⁵</strong></span> <span class='ocrx_word' id='word_1_879' title='bbox 3287 5156 3451 5212; x_wconf 81' lang='lat' dir='ltr'><strong>Joan.</strong></span> <span class='ocrx_word' id='word_1_880' title='bbox 3477 5169 3594 5214; x_wconf 78' lang='lat' dir='ltr'><strong>xiv,</strong></span> <span class='ocrx_word' id='word_1_881' title='bbox 3630 5156 3662 5205; x_wconf 83' lang='lat'><strong>9</strong></span> 
     </span>
     <span class='ocr_line' id='line_1_110' title="bbox 2109 5223 3662 5282; baseline -0.003 0"><span class='ocrx_word' id='word_1_882' title='bbox 2109 5245 2113 5268; x_wconf 71' lang='grc' dir='ltr'><strong>ι</strong></span> <span class='ocrx_word' id='word_1_883' title='bbox 2153 5237 2311 5282; x_wconf 63' lang='lat' dir='ltr'><strong>npr</strong></span> <span class='ocrx_word' id='word_1_884' title='bbox 2349 5253 2465 5282; x_wconf 71' lang='lat' dir='ltr'><strong>xui-</strong></span> <span class='ocrx_word' id='word_1_885' title='bbox 2501 5237 2552 5282; x_wconf 68' lang='grc' dir='ltr'><strong>Ω-</strong></span> <span class='ocrx_word' id='word_1_886' title='bbox 2659 5235 2706 5266; x_wconf 71' lang='grc'><strong>⁸³</strong></span> <span class='ocrx_word' id='word_1_887' title='bbox 2733 5233 2898 5282; x_wconf 85' lang='lat' dir='ltr'><strong>Hebr.</strong></span> <span class='ocrx_word' id='word_1_888' title='bbox 2934 5245 2995 5282; x_wconf 81' lang='grc' dir='ltr'><strong>ιι.</strong></span> <span class='ocrx_word' id='word_1_889' title='bbox 3030 5228 3118 5282; x_wconf 85' lang='grc'>10.</span> <span class='ocrx_word' id='word_1_890' title='bbox 3224 5229 3268 5259; x_wconf 73' lang='grc'>⁸⁸</span> <span class='ocrx_word' id='word_1_891' title='bbox 3298 5228 3462 5282; x_wconf 79' lang='lat' dir='ltr'><strong>Joau.</strong></span> <span class='ocrx_word' id='word_1_892' title='bbox 3503 5240 3556 5282; x_wconf 69' lang='grc' dir='ltr'>ι.</span> <span class='ocrx_word' id='word_1_893' title='bbox 3591 5223 3662 5277; x_wconf 87' lang='grc'>15</span> 
     </span>
    </p>
   </div>
   <div class='ocr_carea' id='block_1_109' title="bbox 441 5227 1999 5305">
    <p class='ocr_par' dir='ltr' id='par_1_109' title="bbox 441 5227 1960 5305">
     <span class='ocr_line' id='line_1_111' title="bbox 441 5227 1960 5305; baseline 0.003 -22"><span class='ocrx_word' id='word_1_894' title='bbox 521 5231 650 5305; x_wconf 62' lang='lat' dir='ltr'><strong>ibid.</strong></span> <span class='ocrx_word' id='word_1_895' title='bbox 685 5236 770 5288; x_wconf 83' lang='grc'>10.</span> <span class='ocrx_word' id='word_1_896' title='bbox 876 5233 918 5305; x_wconf 57' lang='grc' dir='ltr'><strong>’ξτ</strong></span> <span class='ocrx_word' id='word_1_897' title='bbox 951 5233 1114 5290; x_wconf 82' lang='lat' dir='ltr'><strong>Joan.</strong></span> <span class='ocrx_word' id='word_1_898' title='bbox 1143 5252 1211 5300; x_wconf 70' lang='grc' dir='ltr'>ι,</span> <span class='ocrx_word' id='word_1_899' title='bbox 1242 5227 1366 5293; x_wconf 66' lang='grc' dir='ltr'><strong>5οί</strong></span> <span class='ocrx_word' id='word_1_900' title='bbox 1439 5227 1491 5268; x_wconf 11' lang='lat'><strong>“’7</strong></span> <span class='ocrx_word' id='word_1_901' title='bbox 1515 5241 1752 5296; x_wconf 69' lang='grc' dir='ltr'>Μαιαειι,</span> <span class='ocrx_word' id='word_1_902' title='bbox 1792 5257 1876 5305; x_wconf 79' lang='grc' dir='ltr'>ιιι,</span> <span class='ocrx_word' id='word_1_903' title='bbox 1909 5240 1960 5296; x_wconf 86' lang='grc'><strong>6,</strong></span> 
     </span>
    </p>
   </div>
   <div class='ocr_carea' id='block_1_110' title="bbox 2109 5227 3118 5305">
    <p class='ocr_par' dir='ltr' id='par_1_110' title="bbox 2109 5227 3118 5302">
     <span class='ocr_line' id='line_1_112' title="bbox 2109 5227 3118 5302; baseline -0.01 -10"><span class='ocrx_word' id='word_1_904' title='bbox 2109 5245 2113 5268; x_wconf 78' lang='grc'><strong><em>⁵</em></strong></span> <span class='ocrx_word' id='word_1_905' title='bbox 2151 5237 2312 5292; x_wconf 77' lang='lat' dir='ltr'><strong>Hebr.</strong></span> <span class='ocrx_word' id='word_1_906' title='bbox 2348 5253 2466 5302; x_wconf 87' lang='lat' dir='ltr'><strong>xm,</strong></span> <span class='ocrx_word' id='word_1_907' title='bbox 2501 5237 2552 5291; x_wconf 92' lang='lat'><strong>8.</strong></span> <span class='ocrx_word' id='word_1_908' title='bbox 2642 5227 2706 5266; x_wconf 40' lang='grc'><strong>⁷⁸³</strong></span> <span class='ocrx_word' id='word_1_909' title='bbox 2733 5233 2898 5288; x_wconf 82' lang='lat' dir='ltr'><strong>Hebr.</strong></span> <span class='ocrx_word' id='word_1_910' title='bbox 2934 5245 2995 5293; x_wconf 85' lang='lat' dir='ltr'><strong>ll,</strong></span> <span class='ocrx_word' id='word_1_911' title='bbox 3030 5228 3118 5283; x_wconf 85' lang='grc'>10.</span> 
     </span>
    </p>
   </div>
   <div class='ocr_carea' id='block_1_111' title="bbox 441 5297 1999 5368">
    <p class='ocr_par' dir='ltr' id='par_1_111' title="bbox 441 5297 1873 5368">
     <span class='ocr_line' id='line_1_113' title="bbox 441 5297 1873 5368; baseline 0.015 -17"><span class='ocrx_word' id='word_1_912' title='bbox 441 5297 487 5328; x_wconf 80' lang='grc'><strong>⁸³</strong></span> <span class='ocrx_word' id='word_1_913' title='bbox 511 5298 670 5357; x_wconf 80' lang='lat' dir='ltr'><strong>Prov.</strong></span> <span class='ocrx_word' id='word_1_914' title='bbox 702 5319 859 5368; x_wconf 81' lang='lat' dir='ltr'><strong>xvnl,</strong></span> <span class='ocrx_word' id='word_1_915' title='bbox 885 5304 936 5358; x_wconf 76' lang='lat'><strong>3.</strong></span> <span class='ocrx_word' id='word_1_916' title='bbox 1198 5297 1206 5300; x_wconf 47' lang='grc'>⁷</span> <span class='ocrx_word' id='word_1_917' title='bbox 1863 5297 1873 5305; x_wconf 57' lang='grc'><em>’</em></span> 
     </span>
    </p>
   </div>
   <div class='ocr_carea' id='block_1_112' title="bbox 2188 5431 3678 5508">
    <p class='ocr_par' dir='ltr' id='par_1_112' title="bbox 2188 5431 3678 5508">
     <span class='ocr_line' id='line_1_114' title="bbox 2188 5431 3678 5508; baseline -0.001 -16"><span class='ocrx_word' id='word_1_918' title='bbox 2188 5437 2301 5508; x_wconf 86' lang='grc'>(65)</span> <span class='ocrx_word' id='word_1_919' title='bbox 2342 5434 2498 5491; x_wconf 88' lang='lat' dir='ltr'><strong>Socr.</strong></span> <span class='ocrx_word' id='word_1_920' title='bbox 2528 5447 2582 5492; x_wconf 89' lang='lat' dir='ltr'><strong>et</strong></span> <span class='ocrx_word' id='word_1_921' title='bbox 2618 5437 2824 5503; x_wconf 83' lang='lat' dir='ltr'><strong>Gelas.,</strong></span> <span class='ocrx_word' id='word_1_922' title='bbox 2878 5435 2930 5489; x_wconf 87' lang='grc' dir='ltr'><strong>τί</strong></span> <span class='ocrx_word' id='word_1_923' title='bbox 2962 5434 3041 5491; x_wconf 88' lang='grc' dir='ltr'>δέ.</span> <span class='ocrx_word' id='word_1_924' title='bbox 3077 5433 3273 5506; x_wconf 85' lang='lat' dir='ltr'><strong>Epiph.</strong></span> <span class='ocrx_word' id='word_1_925' title='bbox 3316 5431 3530 5500; x_wconf 82' lang='lat' dir='ltr'><strong>SchoL,</strong></span> <span class='ocrx_word' id='word_1_926' title='bbox 3563 5449 3678 5504; x_wconf 78' lang='lat' dir='ltr'><strong>quc</strong></span> 
     </span>
    </p>
   </div>
   <div class='ocr_carea' id='block_1_113' title="bbox 2117 5518 2629 5577">
    <p class='ocr_par' dir='ltr' id='par_1_113' title="bbox 2117 5518 2629 5577">
     <span class='ocr_line' id='line_1_115' title="bbox 2117 5518 2629 5577; baseline 0.002 -16"><span class='ocrx_word' id='word_1_927' title='bbox 2117 5525 2281 5562; x_wconf 86' lang='lat' dir='ltr'><strong>causa</strong></span> <span class='ocrx_word' id='word_1_928' title='bbox 2314 5518 2490 5577; x_wconf 80' lang='lat' dir='ltr'><strong>putas,</strong></span> <span class='ocrx_word' id='word_1_929' title='bbox 2525 5518 2629 5562; x_wconf 85' lang='lat' dir='ltr'><strong>etc.</strong></span> 
     </span>
    </p>
   </div>
   <div class='ocr_carea' id='block_1_114' title="bbox 2186 5575 3182 5648">
    <p class='ocr_par' dir='ltr' id='par_1_114' title="bbox 2186 5575 3182 5648">
     <span class='ocr_line' id='line_1_116' title="bbox 2186 5575 3182 5648; baseline -0.002 -16"><span class='ocrx_word' id='word_1_930' title='bbox 2186 5575 2324 5648; x_wconf 75' lang='lat'><em>(66)</em></span> <span class='ocrx_word' id='word_1_931' title='bbox 2344 5576 2558 5648; x_wconf 75' lang='lat' dir='ltr'><strong>Soerat.</strong></span> <span class='ocrx_word' id='word_1_932' title='bbox 2589 5587 2640 5633; x_wconf 90' lang='lat' dir='ltr'><strong>et</strong></span> <span class='ocrx_word' id='word_1_933' title='bbox 2675 5576 2881 5643; x_wconf 86' lang='lat' dir='ltr'><strong>Gclas.,</strong></span> <span class='ocrx_word' id='word_1_934' title='bbox 2906 5575 3182 5647; x_wconf 84' lang='grc' dir='ltr'>γινώσκει.</span> 
     </span>
    </p>
   </div>
   <div class='ocr_carea' id='block_1_115' title="bbox 2181 5646 3677 5720">
    <p class='ocr_par' dir='ltr' id='par_1_115' title="bbox 2181 5646 3677 5720">
     <span class='ocr_line' id='line_1_117' title="bbox 2181 5646 3677 5720; baseline -0.003 -17"><span class='ocrx_word' id='word_1_935' title='bbox 2181 5646 2293 5720; x_wconf 84' lang='grc'>(67)</span> <span class='ocrx_word' id='word_1_936' title='bbox 2334 5646 2514 5713; x_wconf 87' lang='lat' dir='ltr'><strong>Socr.,</strong></span> <span class='ocrx_word' id='word_1_937' title='bbox 2560 5649 2735 5702; x_wconf 77' lang='grc' dir='ltr'>αὐτῶν</span> <span class='ocrx_word' id='word_1_938' title='bbox 2769 5650 2873 5704; x_wconf 80' lang='grc' dir='ltr'>τῶν</span> <span class='ocrx_word' id='word_1_939' title='bbox 2920 5646 3184 5720; x_wconf 70' lang='grc' dir='ltr'>ῥημάτων</span> <span class='ocrx_word' id='word_1_940' title='bbox 3232 5647 3677 5719; x_wconf 73' lang='grc' dir='ltr'>ἐπιχειρήσαντες</span> 
     </span>
    </p>
   </div>
   <div class='ocr_carea' id='block_1_116' title="bbox 2107 5719 2581 5790">
    <p class='ocr_par' dir='ltr' id='par_1_116' title="bbox 2107 5719 2581 5790">
     <span class='ocr_line' id='line_1_118' title="bbox 2107 5719 2581 5790; baseline -0.002 -16"><span class='ocrx_word' id='word_1_941' title='bbox 2107 5725 2220 5785; x_wconf 70' lang='grc' dir='ltr'>ταῖς</span> <span class='ocrx_word' id='word_1_942' title='bbox 2256 5719 2581 5790; x_wconf 81' lang='grc' dir='ltr'>ἀναιρέσεσι.</span> 
     </span>
    </p>
   </div>
   <div class='ocr_carea' id='block_1_117' title="bbox 515 5439 2006 5515">
    <p class='ocr_par' dir='ltr' id='par_1_117' title="bbox 515 5439 2006 5515">
     <span class='ocr_line' id='line_1_119' title="bbox 515 5439 2006 5515; baseline 0 -21"><span class='ocrx_word' id='word_1_943' title='bbox 515 5439 628 5515; x_wconf 79' lang='lat'><em>(63)</em></span> <span class='ocrx_word' id='word_1_944' title='bbox 665 5441 877 5515; x_wconf 76' lang='lat' dir='ltr'><strong>S_ocrat.</strong></span> <span class='ocrx_word' id='word_1_945' title='bbox 910 5451 1042 5515; x_wconf 86' lang='lat' dir='ltr'><strong>post</strong></span> <span class='ocrx_word' id='word_1_946' title='bbox 1072 5445 1392 5515; x_wconf 71' lang='grc' dir='ltr'>ποιημάτων</span> <span class='ocrx_word' id='word_1_947' title='bbox 1423 5445 1586 5499; x_wconf 87' lang='lat' dir='ltr'><strong>habet</strong></span> <span class='ocrx_word' id='word_1_948' title='bbox 1615 5446 1645 5499; x_wconf 91' lang='lat'><strong>6</strong></span> <span class='ocrx_word' id='word_1_949' title='bbox 1681 5445 1828 5506; x_wconf 75' lang='grc' dir='ltr'>Υἱός.</span> <span class='ocrx_word' id='word_1_950' title='bbox 1860 5442 2006 5498; x_wconf 82' lang='lat' dir='ltr'><strong>idem</strong></span> 
     </span>
    </p>
   </div>
   <div class='ocr_carea' id='block_1_118' title="bbox 447 5509 1832 5578">
    <p class='ocr_par' dir='ltr' id='par_1_118' title="bbox 447 5509 1832 5578">
     <span class='ocr_line' id='line_1_120' title="bbox 447 5509 1832 5578; baseline 0.003 -16"><span class='ocrx_word' id='word_1_951' title='bbox 447 5509 743 5574; x_wconf 70' lang='grc' dir='ltr'>ἰ1›ἰι1.,’πῶς</span> <span class='ocrx_word' id='word_1_952' title='bbox 777 5512 833 5564; x_wconf 79' lang='grc' dir='ltr'><strong>δὲ</strong></span> <span class='ocrx_word' id='word_1_953' title='bbox 861 5509 1079 5568; x_wconf 70' lang='grc' dir='ltr'>δύναται</span> <span class='ocrx_word' id='word_1_954' title='bbox 1109 5509 1225 5577; x_wconf 48' lang='lat' dir='ltr'><strong>{eo}</strong></span> <span class='ocrx_word' id='word_1_955' title='bbox 1259 5512 1418 5578; x_wconf 79' lang='grc' dir='ltr'>εἶναι,</span> <span class='ocrx_word' id='word_1_956' title='bbox 1450 5515 1632 5569; x_wconf 84' lang='lat' dir='ltr'><strong>minus</strong></span> <span class='ocrx_word' id='word_1_957' title='bbox 1666 5523 1832 5569; x_wconf 87' lang='lat' dir='ltr'><strong>recte.</strong></span> 
     </span>
    </p>
   </div>
   <div class='ocr_carea' id='block_1_119' title="bbox 518 5580 2000 5655">
    <p class='ocr_par' dir='ltr' id='par_1_119' title="bbox 518 5580 2000 5655">
     <span class='ocr_line' id='line_1_121' title="bbox 518 5580 2000 5655; baseline 0.003 -24"><span class='ocrx_word' id='word_1_958' title='bbox 518 5581 628 5649; x_wconf 70' lang='grc'>(64)</span> <span class='ocrx_word' id='word_1_959' title='bbox 661 5580 804 5655; x_wconf 33' lang='lat' dir='ltr'><strong>llaec,2</strong></span> <span class='ocrx_word' id='word_1_960' title='bbox 824 5585 978 5653; x_wconf 77' lang='grc' dir='ltr'>εἰπερ</span> <span class='ocrx_word' id='word_1_961' title='bbox 1001 5586 1093 5655; x_wconf 56' lang='grc' dir='ltr'>καξι</span> <span class='ocrx_word' id='word_1_962' title='bbox 1116 5585 1275 5648; x_wconf 76' lang='grc' dir='ltr'>αὐτὸς</span> <span class='ocrx_word' id='word_1_963' title='bbox 1301 5585 1504 5655; x_wconf 76' lang='grc' dir='ltr'>κτίσμα</span> <span class='ocrx_word' id='word_1_964' title='bbox 1525 5585 1640 5636; x_wconf 79' lang='grc' dir='ltr'>ἐστὶ</span> <span class='ocrx_word' id='word_1_965' title='bbox 1657 5586 1751 5655; x_wconf 70' lang='grc' dir='ltr'>καὶ</span> <span class='ocrx_word' id='word_1_966' title='bbox 1774 5583 2000 5655; x_wconf 78' lang='grc' dir='ltr'>ποίημα,</span> 
     </span>
    </p>
   </div>
   <div class='ocr_carea' id='block_1_120' title="bbox 447 5649 2001 5724">
    <p class='ocr_par' dir='ltr' id='par_1_120' title="bbox 447 5649 2001 5724">
     <span class='ocr_line' id='line_1_122' title="bbox 447 5649 2001 5724; baseline 0.005 -25"><span class='ocrx_word' id='word_1_967' title='bbox 447 5649 642 5724; x_wconf 58' lang='lat' dir='ltr'><strong>desunt</strong></span> <span class='ocrx_word' id='word_1_968' title='bbox 690 5651 742 5724; x_wconf 79' lang='lat' dir='ltr'><strong>in</strong></span> <span class='ocrx_word' id='word_1_969' title='bbox 773 5649 1008 5717; x_wconf 81' lang='lat' dir='ltr'><strong>Socrat.,</strong></span> <span class='ocrx_word' id='word_1_970' title='bbox 1047 5653 1226 5708; x_wconf 83' lang='lat' dir='ltr'><strong>Gelas.</strong></span> <span class='ocrx_word' id='word_1_971' title='bbox 1268 5663 1319 5710; x_wconf 91' lang='lat' dir='ltr'><strong>et</strong></span> <span class='ocrx_word' id='word_1_972' title='bbox 1363 5649 1627 5724; x_wconf 77' lang='lat' dir='ltr'><strong>Epiphan.</strong></span> <span class='ocrx_word' id='word_1_973' title='bbox 1661 5649 2001 5723; x_wconf 61' lang='lat' dir='ltr'><strong>Schol.,&quot;sed</strong></span> 
     </span>
    </p>
   </div>
   <div class='ocr_carea' id='block_1_121' title="bbox 449 5715 965 5789">
    <p class='ocr_par' dir='ltr' id='par_1_121' title="bbox 449 5715 965 5789">
     <span class='ocr_line' id='line_1_123' title="bbox 449 5715 965 5789; baseline 0.002 -20"><span class='ocrx_word' id='word_1_974' title='bbox 449 5717 503 5770; x_wconf 87' lang='lat' dir='ltr'><strong>iu</strong></span> <span class='ocrx_word' id='word_1_975' title='bbox 533 5715 661 5789; x_wconf 75' lang='lat' dir='ltr'><strong>Reg.</strong></span> <span class='ocrx_word' id='word_1_976' title='bbox 698 5718 965 5786; x_wconf 73' lang='lat' dir='ltr'><strong>leguntur.</strong></span> 
     </span>
    </p>
   </div>
  </div>
