3850 6160
208 242 318 301 577

1599 235 1844 292 ΕΡιὸΤο
1852 237 1998 293 ΙΛΙΞ.⁸

3345 245 3450 302 578

201 366 435 436 οόμενοι.
455 361 546 418 Διὸ
574 360 668 416 καὶ
681 359 1142 433 ἀπεκηρύχθησαν
1168 355 1260 414 καὶ
1282 356 1767 428 ἀνεθεματίσθησαη

1887 357 2165 438 accedant.
2225 355 2614 424 Quamobrem'
2653 361 2941 432 proscripti
2991 370 3045 418 et
3107 363 3452 425 anathemate

192 462 304 514 ἀπὸ
336 457 438 530 τῆς
479 453 822 528 Ἐκκλησίας.
859 451 1190 524 Λυπούμεθα
1214 453 1310 524 μὲν
1334 448 1427 507 οὖν
1450 453 1545 506 ἐπὶ
1672 453 1776 505 ἀπ-

197 551 366 622 ωλείᾳ
408 548 632 603 τούτων·
669 547 762 601 καὶ
794 544 1027 617 μάλιστα
1057 545 1140 599 ὅτι
1189 545 1450 615 μαθόντες
1505 546 1638 599 ποτὲ
1681 549 1776 602 καὶ

198 641 354 696 αὐτοὶ
387 638 456 694 τὰ
482 638 586 708 τῆς
624 632 968 706 Ἐκκλησίας,
999 631 1096 687 νῦν
1129 633 1505 704 ἅπεπήδησανο
1538 632 1598 687 οὐ
1631 632 1772 698 ξενι-

197 731 406 802 ζόμεθα
437 730 514 784 δέ’
547 727 705 782 τοῦτο
739 727 847 799 γὰρ
907 727 1002 780 καὶ
1071 726 1356 797 ’Υμεναῖος
1401 726 1496 779 καὶ
1548 725 1773 798 Φιλητὸς

198 823 520 886 πετώνθασι,
553 823 649 876 καὶ
683 821 786 894 πρὸ
819 821 997 876 αὐτῶν
1025 820 1224 886 Ἰούδας
1243 823 1271 875 ὁ
1299 820 1668 893 ἀκολουθήσας
1696 821 1774 892 τῷ

197 917 432 988 ἅηῆρι,
459 914 681 986 ὕστερον
697 912 802 986 γὰρ
829 912 1094 984 προδότης
1109 912 1202 966 καὶ
1226 911 1536 981 ἀποστάτης
1561 910 1770 980 γέγονε.

197 1010 308 1062 Κοαὶ
346 1009 476 1079 περὶ
509 1007 711 1061 τούτων
736 1009 792 1060 δὲ
820 1006 1021 1071 αὐτῶν,
1056 1006 1156 1060 ούκ
1186 1004 1458 1059 ἀδίδακτοι
1489 1005 1774 1076 μεμνήκα-

196 1118 318 1173 μεν·
360 1100 474 1155 ἀλλ’
504 1102 532 1154 ὁ
564 1100 660 1171 μὲν
689 1099 893 1172 Κύριος
920 1097 1234 1169 προείρηκε·
1279 1096 1541 1152 Βλέπετε
1567 1095 1652 1164 μή
1681 1113 1772 1161 τις

195 1191 351 1263 ὑμᾶς
380 1190 696 1260 πλανήσῃ·
753 1192 970 1246 πολλοὶ
1002 1190 1113 1262 γὰρ
1141 1190 1494 1244 ἐλεύσονται
1550 1189 1645 1242 ἐπὶ
1690 1187 1772 1254 τῷ

194 1287 446 1356 ὀνόματί
463 1303 583 1356 μου
609 1285 910 1354 λέγοντες,
943 1284 1029 1337 ὅτι
1058 1284 1172 1352 ἐγώ
1201 1285 1338 1352 ειμι,
1373 1282 1470 1338 καὶ
1501 1284 1534 1336 ὁ
1565 1280 1771 1351 καιρὸς

194 1380 424 1450 ἣγγικε,
458 1380 559 1434 καὶ
591 1378 860 1444 πολλοὺς
886 1377 1273 1444 πλανήσουσι
1293 1395 1306 1408 ·
1323 1376 1410 1447 μὴ
1441 1375 1769 1445 πορευθῆτε

193 1471 389 1524 ὀπίσω
409 1470 625 1526 αὐτῶν.
669 1470 726 1523 Ὁ
757 1462 815 1522 δὲ
849 1467 1058 1529 Παῦλος
1085 1465 1273 1536 μαθὼν
1299 1465 1471 1520 ταῦτα
1500 1463 1648 1538 παρά
1672 1463 1765 1517 τοῦ

194 1562 446 1633 Σωτῆρος
481 1560 734 1630 ἔγραψενο
771 1560 898 1613 Ὅτι
933 1559 1001 1611 ἑν
1031 1556 1306 1625 ὑστέροις
1347 1553 1570 1625 καιροῖς
1610 1553 1721 1625 (68)
1749 1593 1765 1618 ,

192 1653 652 1720 ἀποστήσονταί
697 1669 857 1718 τινες
879 1650 988 1721 τῆς
1036 1652 1430 1721 ὑγιαινούσης
1481 1649 1760 1712 πίστεως,

193 1745 601 1814 ,προσέχοντες
620 1745 917 1812 πνεύμασι
937 1741 1211 1807 πλανοῖς,
1229 1741 1324 1794 καί
1357 1739 1770 1808 διδασκαλίας
1803 1722 1843 1776 Β

192 1835 516 1905 δαιμονίων
543 1834 1085 1904 ἀποστρεφομένων
1106 1831 1220 1902 τὴν
1249 1831 1558 1899 ἀλήθειαν.

263 1929 377 1986 VII.
410 1928 518 1985 Τοῦ
551 1928 728 1983 τοίνυν
755 1927 962 2000 Κυρίου
995 1927 1090 1982 καὶ
1121 1925 1370 1998 Σωτῆρος
1392 1924 1550 1997 ἡμῶν
1593 1921 1770 1997 Ἰησοῦ

192 2013 452 2092 Χριστοῦ,
487 2018 576 2072 διά
601 2035 660 2072 τε
691 2015 879 2072 ἑαυτοῦ
911 2015 1395 2089 παραγγείλαντος,
1429 2015 1524 2069 καὶ
1553 2013 1639 2068 διὰ
1677 2012 1770 2067 τοῦ

206 2111 530 2165 Ἀποστόλου
561 2111 913 2183 σημαίνοντος
944 2107 1076 2182 περὶ
1110 2107 1218 2161 τῶν
1241 2106 1514 2172 τοιούτων,
1546 2104 1772 2160 ἀκολού-

193 2205 299 2269 θως
336 2206 502 2276 ἡμεῖς
538 2204 792 2276 αὐτήκοοι
813 2203 912 2273 τῆς
959 2201 1212 2267 ἀσεϐείας
1259 2198 1438 2255 αὐτῶν
1467 2199 1768 2270 γενόμενοι,

190 2295 685 2368 ἀνεθεματίσαμεν,
721 2296 862 2349 καθά
893 2294 1246 2366 προείπομεν,
1288 2293 1414 2355 τοὺς
1478 2289 1767 2355 τοιούτους,

190 2386 572 2454 ἀποδείξαντες
623 2405 682 2441 τε
740 2387 934 2449 αὐτοὺς
976 2385 1286 2457 ἀλλοτρίους
1335 2383 1432 2455 τῆς
1479 2381 1770 2452 καθολικῆς

203 2479 535 2550 Έκκλησίας
590 2495 648 2531 τε
695 2477 787 2531 καὶ
827 2477 1094 2540 πίστεωςο
1149 2472 1497 2546 ἐδηλώσαμεν
1552 2470 1646 2526 καὶ
1701 2471 1768 2540 τῇ

192 2569 439 2641 ὑμετέρᾳ
488 2567 800 2640 θεοσεϐείᾳ,
853 2565 1126 2638 ἀγαπητοὶ
1159 2564 1254 2618 καὶ
1283 2561 1602 2634 τιμιώτατοι
1645 2560 1769 2613 συλ-

188 2662 513 2732 λειτουργοὶ,
568 2661 654 2715 ἴνα
706 2661 841 2731 μήτε
889 2659 1040 2721 τινὰς
1107 2657 1167 2724 ἐξ
1219 2655 1397 2710 αὐτῶν
1452 2655 1500 2708 εί
1560 2669 1767 2724 προπε-

188 2753 472 2808 τεύσαιντο
525 2753 660 2825 πρὸς
704 2753 846 2822 ὑμᾶς
893 2750 1087 2814 ἐλθεῖν,
1166 2745 1549 2819 προσδέξησθε,
1632 2745 1769 2816 μήτε

191 2844 442 2917 Εύσεϐίῳ
474 2844 507 2916 ἢ
535 2844 706 2916 ὲτέρῳ
725 2844 830 2897 τινὶ
853 2842 1117 2914 γράφοντι
1143 2839 1265 2912 περὶ
1288 2836 1464 2892 αὐτῶν
1493 2834 1765 2905 πεισθῆτε.

190 2939 403 3014 Πρέπει
443 2937 552 3008 γὰρ
595 2938 742 3008 ἡμᾶς
778 2934 888 3007 (69)
936 2932 1296 3006 Χριστιανοὺς
1333 2930 1518 2993 ὄντας,
1561 2927 1769 2989 πάντας

189 3034 319 3097 τοὺς
359 3031 503 3086 κατὰ
535 3029 770 3102 Χριστοῦ
806 3028 1064 3098 λέγοντάς
1090 3043 1150 3126 τε
1178 3025 1272 3126 καὶ
1305 3022 1680 3126 φρονοῦνξαςνλ
1692 3020 1769 3084 ὡς
1793 3067 1836 3126 c

189 3121 496 3192 θεομάχους
542 3120 636 3173 καὶ
667 3117 898 3190 φθορέας
937 3116 1046 3171 τῶν
1076 3115 1261 3187 ψυχῶν
1308 3110 1763 3184 ἀποστρέφεσθαι,

190 3214 286 3268 καὶ
319 3213 457 3286 μηδὲ
487 3212 586 3267 κᾶν
618 3213 842 3284 Χαίρειν
891 3214 1002 3275 τοῖς
1032 3209 1292 3272 τοιούτοις
1331 3207 1529 3276 λέγειν’
1568 3207 1656 3260 ἵνα
1691 3203 1765 3276 μή

189 3323 321 3360 ποτε
353 3305 450 3360 καὶ
471 3307 588 3370 ταῖς
637 3303 932 3377 ἁμαρτίαις
982 3301 1160 3357 αὐτῶν
1189 3297 1433 3354 κοινωνοὶ
1461 3294 1763 3368 γενώμεθα,

187 3396 266 3462 ὡς
288 3395 658 3469 παρήγγειλεν
691 3397 719 3449 ὁ
757 3395 1024 3468 μακάριος
1087 3391 1357 3464 Ἰωάννης.
1424 3387 1764 3462 Προσείπατε

187 3492 316 3553 τοὺς
341 3489 471 3562 παρ’
491 3489 619 3561 ὑμῖν
650 3487 929 3558 ἀδελφούςο
965 3487 1110 3557 ὑμᾶς
1135 3487 1183 3538 οί
1214 3483 1311 3537 σὺν
1346 3481 1467 3554 ἐμοὶ
1494 3494 1766 3552 προσαγοο

192 3580 468 3653 ρεύουσιν.

470 3677 920 3761 Ἀλεξανδρείας
948 3689 1334 3759 πρεσϐύτεροι
1357 3686 1490 3759 (70).

259 3786 564 3851 Κόλλουθος
595 3785 965 3858 πρεσϐύτερος
1009 3781 1294 3854 σύμψηφός
1341 3781 1456 3850 εἰμι
1502 3779 1615 3840 τοῖς
1673 3793 1764 3845 γε-

187 3881 552 3953 γραμμένοις,
580 3879 675 3933 καὶ
699 3882 766 3951 τῇ
800 3877 1112 3948 καθαιρέσει
1159 3873 1369 3946 Ἀρείου
1405 3871 1501 3926 καὶ⁷
1527 3870 1637 3924 τῶν
1664 3869 1761 3924 σὺν

187 3973 339 4046 αὐτῷ
362 3973 769 4044 ἀσεϐησάντων.

198 4065 548 4136 Ἀλέξανδρος
571 4062 958 4137 πρεσϐύτερος,
979 4059 1196 4131 ὁμοίως.

185 4159 479 4231 Διόσκορος
507 4155 894 4229 πρεσϐύτερος,
922 4152 1142 4224 ὁμοίως.

185 4253 460 4317 Διονύσιος
493 4249 880 4322 πρεσϐύτερος,
906 4245 1128 4318 ὁμοίως.

183 4346 444 4409 Εὐσέϐιος
465 4342 851 4416 πρεσϐύτερος,
886 4339 1106 4412 ὁμοίως.

182 4439 532 4510 Ἀλέξανδρος
569 4435 956 4509 πρεσϐύτερος,
987 4429 1212 4503 ὁμοίως.

182 4531 456 4602 Νειλαρᾶς
485 4529 595 4601 (71)
629 4525 1012 4600 πρεσϐύτερος,
1046 4522 1268 4596 ὁμοίως.

181 4619 597 4694 Ἁρποκρατίων
622 4617 1010 4690 πρεσϐύτερος,
1039 4614 1259 4688 ὁμοίως.

179 4711 415 4782 ’Δγαθὺς
443 4709 828 4782 πρεσϐύτερος.

179 4802 446 4875 Νεμέσιος
474 4800 861 4874 πρεσϐύτερος.

180 4893 385 4962 Λόγγος
414 4891 799 4965 πρεσϐύτερος.

180 4979 432 5044 Σιλϐανδς
460 4976 726 5051 πρεσϐύτε
731 4996 839 5048 ρος.

181 5073 250 5126 Πε
260 5071 403 5145 ρώΰς
436 5073 549 5145 (72)
582 5071 852 5144 πρεσϐύτε
861 5088 970 5143 ρος.

1879 451 2127 521 percussi
2163 460 2290 507 sunt
2321 452 2389 508 ab
2435 449 2699 508 Ecclesia.
2736 452 2802 506 Et
2831 454 3075 524 quidem,
3131 458 3349 514 tametsi
3384 459 3452 515 de

1878 543 2092 598 illorum
2128 542 2294 598 exitio
2344 541 2614 610 dolemus,
2649 559 2774 599 cum
2814 547 3118 616 praesertim
3154 549 3253 614 illi,
3300 559 3452 622 post-

1876 649 2040 705 quam
2069 634 2327 691 Ecclesiae
2375 634 2678 690 doctrinam
2708 637 3050 703 didicissent,
3102 639 3173 693 ab
3205 640 3296 694 illa
3336 641 3449 711 jam

1875 725 2236 794 desciverint;
2296 741 2637 799 nequaquam
2680 735 2860 783 tamen
2909 744 3238 800 magnopere
3284 733 3448 787 mira-

1875 833 1998 872 mur
2030 838 2042 873 :
2078 818 2132 873 id
2166 819 2344 890 ipsum
2381 819 2527 874 enim
2570 817 2862 890 Hymenaee
2892 821 3120 890 contigit
3161 829 3216 877 et
3268 820 3450 878 Phile-

1874 914 1930 960 to
1953 907 2022 974 ⁵⁸,
2051 917 2105 963 et
2134 920 2260 964 ante
2286 910 2412 965 illos
2453 908 2625 975 Iudae,
2654 911 2750 981 qui
2795 927 2918 966 cum
2976 911 3313 970 Salvatorem
3361 930 3450 970 se.

1873 1008 2032 1056 cutus
2073 1008 2240 1066 esset,
2285 1009 2473 1073 postea
2512 1002 2759 1073 proditor
2814 1004 2917 1058 fuit
2972 1014 3135 1076 atque
3179 1008 3447 1064 desertor.

1874 1090 2046 1146 Porro
2092 1092 2160 1147 de
2196 1093 2282 1148 his
2324 1093 2481 1163 ipsis,
2528 1109 2871 1164 nequaquam
2906 1096 3065 1150 nobis
3093 1098 3292 1167 praevia
3326 1113 3448 1154 mo.

1878 1184 1989 1240 nita
2023 1185 2276 1252 defuere;
2310 1185 2390 1240 sic
2415 1186 2560 1241 enim
2595 1186 2854 1257 praefatus
2883 1186 3148 1244 Dominus
3181 1196 3267 1244 est
3296 1209 3310 1244 :
3349 1189 3444 1246 Vi-

1871 1281 1987 1336 dete
2027 1299 2089 1336 ne
2117 1282 2236 1352 quis
2275 1299 2361 1336 vos
2388 1281 2634 1347 seducat;
2675 1283 2833 1336 multi
2861 1284 2999 1337 enim
3025 1286 3227 1338 venient
3259 1287 3312 1339 in
3351 1302 3447 1340 no-

1872 1375 2008 1429 mine
2031 1392 2167 1438 meo,
2199 1375 2448 1438 dicentes,
2477 1375 2599 1445 quia
2622 1390 2714 1444 ego
2744 1391 2862 1428 sum
2894 1391 2912 1428 :
2939 1386 2986 1429 et
3021 1385 3216 1446 tempus
3249 1392 3445 1446 appro-

1871 1469 2164 1538 pinquavit,
2205 1479 2254 1522 et
2283 1468 2477 1523 multos
2516 1467 2760 1523 seducent
2797 1482 2816 1520 :
2849 1467 3009 1524 nolite
3047 1487 3166 1540 ergo
3198 1472 3275 1526 ire
3320 1480 3443 1540 post

1869 1575 1955 1612 eos
1973 1559 2038 1613 “.
2073 1558 2278 1615 Paulus
2305 1567 2484 1614 autem
2516 1559 2630 1613 haec
2658 1574 2687 1612 a
2719 1558 2998 1616 Salvatore
3023 1561 3270 1624 edoctus,
3307 1560 3446 1615 scri-

1871 1651 1981 1722 psit
2017 1670 2031 1706 :
2060 1651 2199 1718 Quia
2225 1653 2280 1706 in
2323 1652 2616 1706 novissimis
2660 1654 2980 1722 temporibus
3025 1652 3290 1707 discedent
3325 1653 3444 1722 qui-

1875 1740 2000 1794 dam
2027 1757 2059 1795 a
2081 1758 2214 1796 sana
2237 1742 2358 1811 ﬁde,
2381 1742 2699 1795 attendentes
2727 1743 2999 1811 spiritibus
3027 1743 3245 1807 erroris,
3280 1750 3329 1797 et
3355 1741 3445 1798 do-

1875 1835 2060 1888 ctrinis
2087 1833 2462 1888 dwmoniorum
2493 1836 2762 1889 veritatem
2791 1835 3146 1889 aversantium
3179 1835 3246 1888 ⁸⁸.

1943 1924 2056 1980 VII.
2099 1925 2234 1980 Cum
2259 1927 2444 1998 itaque
2492 1927 2760 1982 Dominus
2783 1935 2838 1983 et
2867 1925 3118 1981 Salvator
3146 1935 3334 1981 noster
3351 1922 3444 1981 Je-

1873 2037 1968 2078 sus
1993 2021 2248 2077 Christus
2277 2037 2373 2092 per
2400 2038 2457 2078 se
2484 2022 2599 2091 ipse
2626 2022 2701 2076 ita
2730 2020 3070 2091 prmceperit,
3101 2028 3154 2074 et
3177 2033 3275 2088 per
3296 2016 3444 2089 Apo-

1872 2113 2073 2170 stolum
2095 2129 2183 2168 res
2204 2113 2360 2168 nobis
2389 2113 2700 2183 bujusmodi
2718 2111 3140 2184 signiﬁcaverit;
3167 2111 3290 2181 jure
3315 2125 3440 2177 nos,

1870 2207 1964 2278 qui
1994 2205 2327 2276 impietatem
2361 2204 2578 2259 illorum
2615 2204 2720 2275 ipsi
2751 2219 2935 2260 coram
2979 2203 3308 2268 audivimus,
3337 2203 3440 2257 ho-

1872 2299 2068 2362 mines,
2100 2299 2178 2352 uti
2209 2313 2372 2369 supra
2403 2297 2607 2352 dictum
2633 2305 2738 2363 est,
2783 2298 3124 2352 anathemate
3159 2297 3440 2353 damnavi~

1871 2404 2014 2452 mus,
2042 2389 2299 2458 ipsosque
2344 2403 2374 2442 a
2417 2386 2683 2442 catholica
2717 2386 2960 2442 Ecclesia
2994 2395 3048 2441 et
3080 2386 3184 2442 ﬁde
3233 2387 3440 2443 alienos

1869 2480 2308 2536 declaravimus:
2343 2493 2589 2550 remque,
2637 2467 2948 2533 charissimi
2991 2486 3154 2550 atque
3205 2478 3438 2534 honora-

1868 2571 2068 2626 tiésimi
2104 2569 2490 2634 comministri,
2529 2577 2722 2625 vestrae
2750 2569 3000 2639 religioni
3039 2569 3438 2639 indicavimus;

1871 2671 1930 2718 ut
1955 2679 2022 2719 ne
2049 2662 2316 2734 quosdam
2346 2679 2414 2718 ex
2443 2662 2574 2728 illis,
2609 2663 2653 2718 si
2688 2663 2994 2734 petulanter
3022 2677 3120 2718 vos
3145 2663 3295 2718 adire
3319 2663 3438 2719 ausi

1871 2756 2093 2824 fuerint,
2119 2755 2396 2826 recipiatis
2438 2775 2450 2810 :
2487 2769 2624 2810 neve
2674 2753 2909 2810 Eusebio
2949 2754 3035 2809 vel
3077 2753 3169 2807 alii
3203 2754 3438 2824 cuipiam

1872 2848 1940 2904 de
1966 2848 2075 2904 illis
2106 2849 2174 2902 ad
2202 2862 2302 2903 vos
2331 2846 2616 2911 scribenti,
2661 2845 2818 2901 ﬁdem
2853 2846 3122 2901 habeatis.
3153 2845 3265 2901 Nos
3292 2847 3436 2901 enim

1871 2951 2060 3016 utpote
2089 2941 2433 2998 Christianos
2461 2941 2639 3005 decet,
2686 2955 2879 2995 omnes
2912 2939 3006 3011 qui
3041 2945 3232 2994 contra
3282 2938 3437 2994 Chri—

1871 3048 2013 3095 stum
2042 3039 2341 3108 loquuntur
2367 3043 2463 3090 aut
2496 3035 2756 3101 sentiunt,
2777 3035 2925 3090 velut
2962 3033 3055 3089 Dei
3086 3033 3275 3089 hostes
3315 3032 3436 3086 ani-

1867 3143 2189 3199 marumque
2213 3136 2566 3197 corruptores
2594 3125 2858 3190 aversari,
2891 3139 2954 3179 ac
2980 3139 3050 3179 ne
3077 3124 3295 3195 quidem
3323 3123 3436 3178 Ave

1868 3223 1976 3278 illis
1995 3221 2218 3277 dicere:
2248 3235 2318 3276 ne
2355 3219 2574 3289 quando
2617 3217 2884 3273 scelerum
2932 3217 3174 3286 ipsorum
3208 3215 3435 3286 partici-

1867 3329 1962 3386 pes
1990 3313 2185 3377 simus,
2219 3319 2280 3367 ut
2304 3311 2550 3382 praecipit
2589 3308 2786 3366 beatus
2823 3307 3064 3363 Joannes
3085 3309 3155 3362 ".
3190 3306 3434 3363 Salutate

1867 3403 2064 3460 fratres
2099 3402 2196 3474 qui
2234 3403 2516 3459 vobiscum
2552 3406 2682 3457 sunt
2713 3418 2727 3456 :
2754 3413 2853 3456 vos
2900 3399 2995 3469 qui
3045 3413 3257 3454 mecum
3303 3402 3433 3454 sunt

1866 3494 2122 3549 salutant.

2295 3668 2632 3725 Alexandria:
2662 3669 2969 3740 presbyteri.

1934 3764 2220 3823 Colluthus
2250 3765 2534 3835 presbyter
2562 3762 2711 3818 hisce
2745 3761 2964 3833 scriptis
3010 3758 3296 3830 suﬂragor,
3325 3771 3428 3813 nec

1863 3875 1975 3916 non
2002 3857 2330 3930 depositioni
2357 3856 2494 3922 Arii,
2527 3871 2827 3927 eorumque
2865 3853 2959 3926 qui
2992 3853 3114 3925 ejus
3137 3849 3430 3923 impietatis

1862 3960 2160 4012 sectatores
2186 3956 2334 4006 sunt.

1863 4043 2165 4101 Alexander
2186 4041 2494 4112 presbyter,
2527 4038 2801 4095 similiter.

1864 4137 2162 4194 Dioscorus
2182 4134 2492 4207 presbyter,
2523 4131 2795 4191 similiter.

1861 4230 2154 4302 Dionysius
2181 4229 2488 4300 presbyter,
2525 4228 2802 4284 similiter.

1862 4322 2134 4378 Eusebius
2157 4321 2462 4393 presbyter,
2487 4320 2760 4376 similiter.

1789 4414 1836 4469 D
1864 4415 2170 4470 Alexander
2195 4413 2497 4484 presbyter,
2525 4411 2796 4466 similiter.

1856 4508 2070 4565 Nilaras
2091 4506 2397 4577 presbyter,
2431 4503 2704 4560 similiter.

1857 4599 2222 4674 Arpocration
2249 4597 2554 4669 presbyter,
2592 4593 2862 4651 similiter.

1858 4693 2104 4766 Agathus
2127 4690 2428 4762 presbyter.

1857 4785 2148 4842 Nemesius
2177 4783 2484 4854 presbyter.

1857 4879 2074 4951 Longus
2097 4877 2403 4948 presbyter.

1861 4971 2118 5028 Silvanus
2148 4971 2454 5042 presbyter.

1857 5065 2063 5120 Perous
2095 5062 2400 5133 presbyter.

281 5226 330 5260 ³³
355 5226 422 5281 II
447 5227 580 5282 Tim.
613 5243 684 5292 ιι,
716 5228 802 5283 l7.
851 5228 897 5260 ⁵⁸
925 5226 1051 5282 Luc.
1085 5242 1198 5291 Χκι,
1227 5226 1281 5283 8.
1358 5226 1404 5257 ⁸⁸
1434 5221 1464 5278 1
1497 5221 1634 5277 Tim.
1662 5235 1736 5288 Iv,

1900 5221 1948 5252 ⁸⁸
1981 5218 2048 5274 ΙΙ
2068 5219 2233 5275 Joan.
2273 5218 2363 5273 10.

248 5339 362 5414 (ϐξ)
401 5342 628 5414 ιςαιροῖς
655 5343 806 5400 deest
831 5341 973 5414 apud
1005 5341 1184 5414 Gelas.

1927 5336 2041 5412 (7i)
2077 5334 2286 5412 Gelas.,
2311 5332 2488 5412 ξίλας.
2513 5329 2681 5412 _Reg:,
2715 5330 3008 5412 l‘ietlapdg,
3037 5328 3185 5412 quod
3213 5343 3420 5412 pome‘u

249 5399 361 5482 (69)
403 5410 495 5466 Sic
518 5399 773 5469 'So'crat.
805 5399 881 5470 et.
919 5412 1100 5469 Gelas.
1151 5411 1309 5485 Reg.,
1352 5413 1517 5484 ὑμᾶς,
1561 5408 1746 5464 minus
1850 5399 2130 5485 reperitur
2167 5406 2295 5485 item
2331 5405 2409 5485 in.
2441 5399 3064 5485 subscriptioni‘b‘usuad
3091 5399 3416 5485 lapotogzs.

182 5490 343 5536 recte.

1848 5469 2133 5534 Athanasii
2169 5484 2337 5530 contr.
2380 5473 2590 5535 Arium,
2624 5469 2744 5543 pag.
2782 5472 2905 5526 190.
2949 5470 3182 5542 Ὁμοίως
3211 5469 3279 5525 ad
3307 5469 3415 5525 tin-

274 5551 362 5628 70)
403 5549 980 5628 Hre_su_bscriptiones
1036 5553 1306 5628 habentur
1353 5559 1563 5628 tantum
1597 5549 1740 5622 apud
1846 5547 2221 5628 gulanno‘mina
2249 5545 2447 5628 leg-itur
2473 5545 2615 5628 apud
2648 5543 2948 5599 Gelasium.

249 5553 362 5675 ΨΟ)
403 5553 497 5605 Hae
547 5553 980 5634 subscriptiones
1036 5553 1306 5634 habentur
1353 5559 1563 5607 tantum
1597 5553 1740 5622 apud

181 5620 456 5745 ﬁgulum
501 5623 848 5695 Cyziccnum,
887 5623 981 5680 sed
1027 5626 1226 5679 mirum
1272 5638 1328 5676 in
1362 5623 1591 5694 modum
1621 5637 1740 5676 mu-

239 5707 302 5746 2.

1919 5619 2030 5691 (72)
2067 5618 2273 5685 Gelas.,
2305 5617 2578 5687 Πιρωούς.
