3850 6160
213 227 319 286 581

866 346 1152 401 Διάκονοι.

209 456 507 530 Σαραπίων
537 456 800 523 διάκονος,
834 440 1055 528 ὁμοίως.

223 551 457 615 Ἰοῦστος
492 550 757 618 διάκονος,
781 551 1003 624 ὁμοίως.

206 644 442 716 Δίδυμος
472 644 737 708 διάκονος.

206 735 523 807 Δημήτριος
552 733 819 798 διάκονος.

204 826 437 899 Μαῦρος
468 826 732 893 διάκονος.

220 917 573 991 Ἀλέξανδρος
604 919 868 982 διάκονος.

206 1011 440 1083 Μάρκος
463 1010 731 1076 διάκονος.

206 1105 414 1176 Κόμων
437 1104 700 1170 διάκονος.

206 1196 445 1269 Τρύφων
473 1198 738 1263 διάκονος.

219 1288 534 1361 Ἀμμώνιος
558 1291 825 1357 διάκονος.

204 1382 441 1454 Δίδυμος
471 1383 733 1454 διάκονος.

206 1476 557 1548 Πτολλαρίων
583 1476 847 1542 διάκονος.

204 1568 385 1640 Σερὰς
413 1569 677 1635 διάκονος.

204 1661 368 1725 Γάϊος
393 1661 657 1726 διάκονος.

214 1752 392 1823 Ἱέραξ
414 1753 677 1818 διάκονος.

200 1844 430 1917 Μάρκος
462 1845 724 1909 διάκονος.

201 1936 316 2007 (80)
345 1936 561 2003 Gwvdg
585 1939 844 2003 διάκονος.

200 2028 504 2101 Σαρμάτων
543 2032 802 2098 διάκονος.

198 2120 446 2192 Κάρπων
466 2122 726 2190 διάκονος.

198 2209 399 2279 Ζώῖλος
430 2215 694 2288 διάκονος,
720 2218 935 2288 ὁμοίως.

1646 232 2030 292 EPISTOLIE.

1800 2387 1865 2400 β

1778 2492 1869 2551 IlI.

2565 353 2805 413 Diacom'.

1901 459 2169 533 Sarapion
2196 462 2483 531 diaconus,
2515 467 2789 525 similiter.

1897 550 2089 610 Justus
2116 555 2404 624 diaconus,
2432 559 2707 618 similiter.

1898 643 2161 717 Didymus
2189 647 2476 706 diaconus.

1898 736 2207 795 Demetrius
2233 740 2519 801 diaconus.

1898 827 2122 885 Maurus
2150 829 2436 890 diaconus.

1896 917 2206 976 Alexander
2227 921 2513 982 diaconus.

1896 1010 2115 1069 Marcus
2145 1012 2432 1071 diaconus.

1894 1100 2104 1157 Comon
2132 1101 2418 1162 diaconus.

1895 1191 2153 1265 Tryphon
2178 1195 2465 1254 diaconus.

1893 1287 2216 1344 Ammonius
2240 1288 2525 1348 diaconus.

1893 1374 2156 1449 Didymus
2180 1379 2466 1438 diaconus.

1889 1465 2189 1525 Ptollarion
2216 1470 2503 1532 diaconus.

1891 1557 2056 1617 Seras
2084 1562 2367 1622 diaconus.

1889 1652 2058 1710 Gaius
2084 1655 2374 1716 diaconus.

1814 1718 1857 1773 Β
1890 1741 2091 1800 Hierax
2118 1747 2406 1807 diaconus.

1890 1836 2109 1895 Marcus
2129 1840 2412 1901 diaconus.

1890 1929 2143 1990 Theonas
2166 1934 2448 1994 diaconus.

1891 2023 2182 2086 Sarmaton
2206 2030 2493 2089 diaconus.

1888 2114 2105 2189 Carpon
2138 2121 2424 2180 diaconus.

1888 2207 2073 2270 Zoilus
2103 2211 2391 2283 diaconus,
2424 2216 2696 2276 similiter.

1176 2629 1332 2702 Apud
1358 2632 1598 2690 eumdem
1626 2633 1988 2692 Athanasium
2027 2632 2161 2689 ibid.
2192 2647 2315 2703 pag.
2347 2629 2475 2689 596.

643 2761 1048 2816 ΚΑΘΑΙΡΕΣΙΣ
1074 2763 1329 2822 ΔΡΕΙΟΥ

198 2876 299 2932 καὶ
343 2876 462 2931 τῶν
502 2877 624 2931 σὺν
662 2878 840 2953 αὐτῷ,
886 2880 1007 2953 ὑπὸ
1034 2878 1451 2953 ΔἍλιςξάνιὶοου
1502 2882 1769 2953 ἀρχιεπι-

609 2952 843 3003 σκόπου
885 2950 1354 3020 Ἀλεξανδρείας.

2397 2759 2760 2819 DEPOSITIO
2797 2762 2939 2817 ΑΒΗ

1875 2889 1924 2935 et
1949 2879 2213 2936 sociorum
2236 2878 2301 2933 ab
2326 2877 2631 2933 Alexandro
2661 2877 3003 2935 Alexandria:
3040 2882 3447 2956 archiepiscopo.

282 3040 640 3114 Ἀλέξανδρος,
674 3041 1064 3115 πρεσϐυτέροις
1106 3015 1198 3097 καὶ
1225 3015 1489 3109 διαπόνοις
1531 3044 1764 3110 Ἀλεξαν-

1946 3038 2274 3105 Alexander,
2323 3038 2661 3110 presbyteris
2703 3038 3061 3112 diaconisque
3104 3043 3450 3103 Alexandriae

194 3134 381 3206 δρείας
409 3134 502 3187 καὶ
528 3134 849 3206 Μαρεώτου,
877 3136 1067 3207 παρὼν
1100 3135 1364 3209 παροῦσιν
1388 3136 1523 3209 (81),
1556 3138 1773 3208 ἀγαπη-

192 3229 310 3291 τοῖς
337 3228 584 3298 ἀδελφοῖς
610 3229 667 3282 ἐν
688 3228 874 3301 Κυρίῳ
907 3228 1138 3301 χαίρειν.

266 3319 333 3372 Εἰ
364 3319 460 3374 καὶ
491 3317 791 3387 φθάσαντες
827 3318 1178 3391 ὑπεγράψατε
1211 3312 1293 3383 οἷς
1335 3319 1619 3374 ἐπέστειλα
1659 3323 1771 3386 τοῖς

195 3413 327 3482 περὶ
359 3413 607 3483 Ἀρειον,
660 3411 982 3484 προτρέπων
1022 3412 1237 3476 αὐτοῖς,
1280 3412 1615 3484 ἀρνήσασθαι
1672 3414 1770 3486 μὲν

192 3503 296 3576 τὴν
325 3503 597 3569 ἀσέϐειαν,
628 3504 910 3577 πεισθῆναι
945 3504 1003 3557 δὲ
1032 3507 1097 3576 τῇ
1132 3504 1447 3580 ὑγιαινούσῃ
1475 3506 1571 3560 καὶ
1607 3506 1770 3561 καθο-

193 3594 318 3666 λικῇ
346 3596 556 3649 πίστει·
594 3598 688 3650 καὶ
720 3596 954 3662 ἐδείξατε
1001 3597 1207 3652 ἑαυτῶν
1246 3597 1413 3670 ὀρθὴν
1440 3598 1540 3670 τὴν
1572 3600 1769 3671 προαί-

195 3701 366 3756 ρεσιν,
403 3687 499 3739 καὶ
526 3685 623 3759 τὴν
670 3690 728 3743 ὲν
755 3691 868 3752 τοῖς
899 3688 1131 3759 δόγμασι
1179 3690 1497 3761 συμφωνίαν
1540 3690 1640 3762 τῆς
1671 3708 1769 3745 κα-

192 3774 414 3848 θολικῆς
437 3777 759 3850 Ἐκκλησίας
773 3796 787 3809 ·
804 3780 954 3851 ὅμως
975 3779 1159 3851 ἐπειδὴ
1184 3781 1277 3834 καὶ
1297 3781 1436 3853 πρὸς
1455 3782 1581 3847 τοὺς
1604 3783 1770 3837 ἁπαν-

188 3868 358 3938 ταχοῦ
421 3868 862 3941 συλλειτουργοὺς
930 3872 1216 3928 ἐπέστειλα
1276 3875 1405 3946 περὶ
1462 3874 1572 3929 τῶν
1639 3878 1769 3948 περὶ

197 3960 434 4033 Ἀρειον,
476 3962 767 4031 ἀναγκαῖον
806 3965 1117 4037 ἡγησάμην,
1159 3966 1302 4037 ὑμᾶς
1346 3967 1464 4039 μὲν,
1498 3969 1624 4034 τοὺς
1670 3970 1768 4042 τῆς

193 4052 403 4117 πόλεως
429 4052 721 4125 κληρικοὺς
743 4059 1068 4125 συναγαγεῖν
1091 4074 1105 4087 ·
1132 4058 1276 4128 ὑμᾶς
1298 4057 1375 4124 δὲ,
1399 4060 1526 4123 τοὺς
1545 4061 1652 4114 ἀπὸ
1671 4061 1765 4114 τοῦ

191 4145 491 4215 Μαρεώτου
549 4146 1028 4219 μεταπέμψασθαι·
1074 4149 1306 4220 μάλιστα
1354 4151 1438 4205 ὅτι
1483 4152 1577 4223 ἀφ’
1613 4153 1767 4224 ὑμῶν

189 4236 380 4311 Χάρης
413 4239 505 4292 καὶ
540 4239 743 4304 ⁴Πιστὸς
770 4240 878 4312 (82)
907 4240 1289 4315 πρεσϐύτεροι,
1326 4243 1421 4297 καὶ
1454 4245 1762 4323 Σαραπίων,

126 4384 131 4391 _
188 4329 282 4382 καὶ
300 4330 642 4402 Παράμμων,
669 4333 763 4387 καὶ
783 4333 1048 4404 Ζὼσιμος,
1078 4334 1173 4388 καὶ
1194 4336 1481 4407 Εἰρηναῖος
1507 4335 1760 4401 διάκονοι,

1874 3142 1927 3189 et
1946 3132 2217 3198 Mareotaa,
2245 3146 2488 3204 praesens
2509 3132 2888 3202 pmscntibus,
2910 3133 3124 3192 dilectis
3142 3135 3200 3191 in
3219 3135 3452 3197 Domino

1873 3225 2156 3291 fratribus,
2187 3225 2442 3280 salutem.

1941 3316 2095 3374 Licet
2121 3317 2235 3388 jam
2268 3316 2705 3387 subscripseritis
2741 3316 2939 3374 litteris
2965 3320 3100 3375 meis
3143 3320 3212 3375 ad
3255 3322 3449 3378 Arium

1873 3424 2112 3480 suosque
2141 3409 2347 3474 missis,
2382 3408 2584 3479 quibus
2621 3408 2881 3465 hortabar
2921 3411 3066 3476 illos,
3098 3419 3158 3465 ut
3184 3413 3449 3485 abnegata

1873 3500 2167 3571 impietate,
2201 3515 2348 3557 sanae
2386 3508 2440 3556 et
2467 3490 2753 3555 catholicae
2778 3500 2903 3555 ﬁdei
2958 3500 3400 3574 obtemperarent
3430 3524 3445 3561 :

1870 3605 2043 3662 eaque
2098 3591 2155 3645 in
2198 3605 2261 3646 re
2305 3598 2515 3646 rectum
2554 3591 2895 3661 propositum
2923 3601 3187 3659 vestrum,
3232 3611 3448 3652 necnon

1870 3680 2130 3741 Ecclesia:
2172 3683 2454 3739 catholicae
2499 3681 2647 3737 circa
2697 3680 2950 3754 dogmata
3002 3687 3444 3752 consonantiam,

1871 3775 2048 3845 palam
2079 3774 2350 3843 feceritis;
2393 3781 2634 3828 attamen
2678 3773 2807 3844 quia
2836 3774 3091 3831 omnibus
3129 3776 3295 3831 etiam
3325 3777 3448 3833 ubi-

1871 3882 1977 3939 que
2008 3874 2277 3922 tcrrarum
2319 3867 2735 3934 comministris,
2761 3882 2883 3939 qua:
2915 3867 3108 3923 Arium
3155 3869 3448 3940 sociosque

1868 3961 1990 4030 ejus
2017 3969 2266 4032 spectant
2292 3940 2493 4016 litteris
2522 3960 2862 4033 signiﬁcavi;
2888 3977 3118 4019 necesse
3140 3963 3294 4028 duxi,
3321 3978 3445 4028 vos,

1871 4051 2024 4107 urbis
2049 4051 2303 4117 clericos,
2336 4065 2665 4119 convocare,
2700 4067 2799 4108 vos
2836 4052 2965 4108 item
2996 4051 3323 4108 Mareoticos
3356 4067 3448 4107 ar-

1869 4156 2084 4200 cessere
2109 4161 2122 4196 :
2153 4143 2453 4213 praesertim
2496 4158 2621 4197 cum
2655 4157 2724 4198 ex
2755 4142 2913 4199 vobis
2944 4142 3151 4200 Chares
3176 4154 3230 4199 ct
3260 4142 3447 4201 Pistus

1868 4238 2207 4310 presbyteri:
2262 4237 2553 4308 Sarapion,
2583 4236 2933 4301 Parammon,
2965 4237 3218 4294 Zosimus
3258 4245 3313 4294 et
3335 4235 3447 4295 Ire-

1872 4347 2023 4387 naeus
2051 4331 2290 4397 diaconi,
2325 4331 2394 4386 ad
2425 4330 2542 4385 Arii
2570 4337 2756 4400 partes
2787 4330 3128 4397 transierint,
3159 4337 3322 4399 atque
3348 4344 3446 4386 vo-

186 4397 635 4492 ἑπηκολούθτξσαν
657 4425 769 4487 τοῖς
798 4397 1185 4495 περὶ-Ἀρειον,
1220 4397 1328 4479 κάκ’
1340 4397 1635 4498 ἠγάπησαν
1665 4397 1763 4481 σὺν

1870 4425 2069 4481 luerint
2116 4424 2315 4496 deponi
2365 4438 2489 4479 cum
2531 4397 2670 4491 illis;
2716 4429 2775 4477 ut
2807 4429 2937 4478 nota
2978 4423 3089 4478 sint
3140 4397 3293 4479 vobis
3323 4438 3445 4494 qua:

184 4511 369 4573 αὐτοῖς
414 4509 834 4584 καθαιρεθῆναι·
891 4515 976 4567 ἵνα
1035 4516 1129 4568 καὶ
1180 4514 1249 4569 τὰ
1298 4514 1393 4569 νῦν
1438 4517 1760 4589 γραφόμενα

184 4599 380 4670 γνῶτε,
410 4601 510 4673 τήν
537 4619 598 4656 τε
636 4603 694 4656 ἐν
736 4606 945 4670 τούτοις
980 4606 1295 4678 συμφωνίαν
1324 4606 1530 4661 ἑαυτῶν
1559 4608 1759 4662 ἐπιδεί-

183 4694 371 4766 ξησθε,
406 4695 500 4749 καὶ
527 4698 594 4767 τῇ
625 4696 940 4769 καθαιρέσει
969 4697 1076 4752 τῶν
1122 4698 1252 4770 περὶ
1278 4699 1495 4771 ’Ἄρειον
1524 4700 1618 4754 καὶ
1650 4701 1759 4757 τῶν

182 4785 314 4857 ’περῖ¹
343 4786 541 4842 Πιστὸν
566 4771 847 4860 σύμψηέροι
877 4789 1129 4861 γένησθε.
1167 4790 1374 4861 Πρέπει
1403 4792 1511 4864 γὰρ
1536 4791 1605 4846 τὰ
1628 4792 1758 4865 παρ’

178 4876 320 4948 ἐμοῦ
362 4880 681 4951 γραφόμενα
722 4880 1007 4950 γινώσκειν
1048 4883 1211 4954 ὑμᾶς,
1255 4884 1347 4938 καὶ
1389 4884 1636 4951 ἕκαστον,
1684 4885 1759 4949 ὡς

180 4969 313 5043 παρ’
348 4970 512 5027 αὑτοῦ
544 4974 887 5045 γραφόμενα,
914 4975 971 5029 ὲν
992 4977 1058 5048 τῇ
1087 4975 1282 5049 καρδίᾳ
1312 4975 1582 5048 κατέχειν.

251 5196 696 5272 (80)‘I_li_quatuor
714 5199 998 5272 postremi,
1001 5199 1243 5272 βεωνᾶς,
1262 5199 1584 5271 Σαρμάτων,
1602 5198 1756 5272 Κάρ-

178 5269 559 5341 πων,Ζώῑλος,
592 5269 791 5327 desunt
818 5271 961 5341 apud
987 5270 1289 5325 Galasium.

252 5340 368 5413 (81)
398 5341 610 5411 Παρὼν
636 5340 957 5410 παροῦσιν.
993 5342 1300 5413 Singularis
1343 5340 1597 5413 loquendi
1642 5340 1755 5397 for-

179 5410 363 5555 milis?)
399 5479 555 5540 l'lunc
581 5481 791 5540 Pistum
835 5498 961 5542 esse
1001 5491 1258 5555 putamus
1286 5482 1381 5557 qui
1410 5481 1753 5542 Alexandriae

1860 4519 1974 4588 jam
2017 4518 2221 4590 scripta
2250 4526 2399 4583 sunt,
2434 4524 2602 4587 utque
2643 4523 2882 4572 vestram
2913 4516 2970 4570 in
3009 4514 3161 4572 hisce
3213 4531 3444 4573 concor-

1864 4612 2011 4667 diam
2055 4610 2365 4679 declaretis,
2412 4624 2477 4664 ac
2526 4608 2854 4681 depositioni
2901 4608 3037 4673 Arii,
3088 4607 3223 4664 Pisti
3266 4610 3443 4666 socio-

1863 4719 2094 4778 rumque
2128 4703 2448 4777 suﬂragium
2471 4701 2685 4758 addatis
2713 4709 2981 4758 vestrum.
3005 4699 3113 4755 Par
3135 4702 3334 4774 quippe
3357 4713 3442 4759 est

1862 4805 2137 4867 comperta
2169 4795 2324 4851 vobis
2362 4809 2486 4851 esse
2516 4808 2638 4864 quae
2660 4806 2694 4847 a
2720 4807 2807 4848 me
2830 4791 3140 4862 conscripta
3167 4799 3317 4855 sunt,
3348 4806 3442 4847 ea-

1860 4904 1968 4961 que
2004 4888 2273 4960 singulos,
2321 4886 2482 4959 quasi
2527 4886 2761 4957 quisque
2806 4890 3051 4940 vestrum
3103 4882 3438 4954 scripsisset,

1863 4982 2029 5038 corde
2057 4980 2366 5053 complecti.

1860 5206 2157 5277 episcopus
2202 5202 2272 5277 ab
2323 5201 2545 5277 Arianis
2598 5200 2883 5277 ordinatus
2937 5204 3043 5277 est,
3085 5196 3289 5268 quippe
3333 5193 3439 5249 sub

1859 5271 2361 5347 ipsum—Arianismi
2411 5271 2628 5347 initium
2675 5273 2819 5328 inter
2841 5271 3250 5347 _antesigrn_a_nos
3288 5279 3440 5347 com:

1858 5332 2191 5418 putabatur,
2208 5354 2267 5401 ut
2301 5342 2463 5418 paulo
2495 5342 2640 5400 inira
2672 5350 2777 5412 est,
2800 5340 2909 5398 τῶν
2936 5332 3073 5413 περῖ
3100 5341 3315 5413 Ἀρειον
3340 5332 3439 5391 καὶ

1855 5416 1965 5473 τῶν
1992 5418 2119 5491 περὶ
2147 5416 2364 5484 Πιστόν,
2391 5423 2520 5489 οἱα..
