3850 6160
408 246 513 304 585
1537 243 1593 298 S.
1637 240 1816 304 ALEX
1823 240 2033 299 ANDRI
2074 240 2354 300 ALEXAN
2361 244 2547 300 DRINI
3558 249 3668 306 594

1993 382 2085 439 IV.

529 495 906 572 Fragmenta
939 493 1070 556 duo
1101 511 1178 556 ex
1211 492 1481 573 epistola
1517 494 1593 557 ad
1626 497 1959 576 [Eglonem
1990 498 2529 581 Cynopoiitanum
2561 496 2958 576 episc0pum,
2993 501 3210 558 contra
3244 495 3534 556 Arianos.

513 637 669 708 Apud
722 635 780 692 S.
821 638 1113 694 Maximum
1166 641 1395 711 confess.
1437 643 1576 698 inter
1615 661 1796 714 cpusc.
1818 645 2194 772 PtheplogiG'qg
2222 646 2437 716 polem.,
2487 645 2619 714 Opp.
2668 655 2794 699 tom.
2828 642 2895 709 ll,
2938 658 3093 713 pagg.
3128 640 3387 704 152455,
3421 638 3550 694 edit.

1867 734 1998 772 arts.
2200 757 2213 770 .
3478 771 3481 772 ν

1867 734 1998 772 arts.
2057 734 2213 772 101i).
3478 771 3481 773 _

407 937 912 1012 SanctiAlexandri
951 954 1101 1012 papw
1147 939 1516 1004 Alexandrini,
1565 958 1630 996 ex
1661 941 1927 1009 epistolat

2142 944 2203 998 φῦ
2234 941 2405 1012 ἁγίου
2445 936 2841 1012 Ἀλεξάνδρου
2870 935 3040 988 πάπα
3084 931 3557 1012 ᾍλεξαιςᾷρείας,
3590 934 3662 1012 ex

479 1009 761 1080 Eglonem
787 1004 1232 1081 Cynopolitanum
1255 1014 1575 1081 episcopum,
1599 1004 1786 1068 contra
1820 1014 1979 1067 Aria-

2154 1015 2264 1083 τῆς
2281 1004 2431 1080 Ezpr
2451 1004 3073 1083 Alr.twrrcs.:zl0'xo:zor
3092 1004 3486 1070 Κυνοπόλεως
3513 1007 3665 1060 κατά

477 1078 595 1136 nos.
835 1078 848 1081 ⁷
935 1078 940 1079 ί
1283 1078 1292 1080 “
1428 1078 1437 1081 “
2167 1078 2473 1154 Memor
2503 1078 2853 1148 ἐπιστολῆς.

476 1185 744 1244 Voluntas
787 1189 1075 1255 naturalis,
1124 1189 1481 1260 intelligentis
1543 1192 1723 1247 omnis
1775 1200 1986 1248 natura:

2150 1199 2379 1270 Θέλησίς
2420 1199 2535 1250 ἐστι
2589 1195 2812 1265 φυσικὴ,
2856 1191 3056 1270 πανῖὸς
3104 1187 3290 1261 νοεροῦ
3343 1187 3659 1259 αὐθαίρετος

403 1277 577 1335 libera
608 1280 839 1337 facultas
867 1284 1114 1350 exsistit;
1146 1292 1204 1339 ut
1232 1300 1353 1354 qua:
1381 1284 1520 1338 nihil
1550 1285 1923 1342 in'voluntariu

2138 1310 2327 1364 ιναμις,
2355 1292 2430 1355 ὡς
2455 1289 2618 1362 μηδὲν
2643 1286 2784 1342 κατὰ
2803 1287 2900 1359 τὴν
2927 1284 3114 1339 οὐσίαν
3145 1283 3400 1339 ἀκούσιον
3421 1281 3658 1352 ἔχοντος.

402 1371 619 1440 habeat,
644 1375 789 1445 quod
817 1391 882 1430 ex
911 1378 1164 1432 essentia:
1185 1379 1394 1434 ratione
1418 1380 1494 1433 lit.

2000 1495 2068 1552 ll.

471 1602 728 1674 Operatio
782 1603 1072 1669 naturalis,
1130 1603 1348 1660 innatus
1393 1611 1478 1659 est
1527 1602 1800 1676 cujusque
1843 1606 1978 1663 sub-

2161 1605 2442 1677 Ἐνέργεια
2476 1603 2676 1672 φυσική
2712 1601 2876 1665 ἐστιν,
2903 1600 2937 1670 ἡ
2971 1598 3149 1670 πάσης
3194 1595 3379 1659 οὐσίας
3416 1593 3657 1666 ἔμφυτος

403 1698 618 1753 stantia:
644 1706 844 1753 motus.
877 1695 1132 1767 Operatio
1160 1697 1448 1764 naturalis,
1481 1707 1691 1752 natura:
1729 1698 1923 1768 cujusv

2139 1714 2310 1768 νησις.
2354 1695 2634 1767 Ἐνέργειά
2658 1695 2775 1746 ἐστι
2803 1692 3028 1763 φυσικὴ,
3060 1693 3088 1743 ό
3112 1689 3290 1760 πάσης
3317 1689 3532 1758 φύσεως
3565 1687 3659 1739 οὐ·

403 1787 778 1843 substantialis
811 1803 876 1842 ac
925 1788 1212 1843 notilicans
1242 1787 1383 1841 ratio
1423 1795 1528 1843 est.
1579 1785 1836 1858 Operatio
1877 1805 1923 1842 n:

2135 1787 2277 1860 ὡδης
2304 1790 2398 1842 καὶ
2421 1787 2719 1857 γνωστικὸς
2744 1784 2918 1854 λόγος.
2966 1782 3248 1854 Ἐνέργειά
3276 1783 3392 1834 ὲστι
3427 1781 3653 1849 φυσικὴ,

401 1881 615 1948 turalis,
647 1881 966 1938 substantiae
1002 1880 1247 1950 cujusvis
1277 1880 1565 1937 notilicans
1589 1880 1766 1938 virtus
1795 1888 1901 1937 est.

1589 1880 1766 1938 virtus
1795 1888 1901 1937 est.
2079 1885 2112 1956 ή
2145 1881 2414 1954 δηλωτικὴ
2443 1882 2622 1952 πάσης
2645 1880 2832 1945 οὐσίας
2855 1879 3099 1950 δύναμις.

2227 2071 3644 2100 Μ*-

2121 2077 3641 2102 m

727 2243 1311 2338 MONITUM
1397 2246 1522 2336 ΙΝ
1599 2246 2576 2352 SUBSEOUENTEM
2651 2247 3312 2344 SERMONEM

1467 2435 1604 2498 (MM,
1631 2432 1924 2486 Bibliotheca
1946 2448 2068 2486 nova
2101 2437 2325 2499 Patrum,
2352 2436 2415 2500 II,
2441 2436 2577 2502 529.)

466 2661 594 2716 Dixi
630 2663 686 2715 in
729 2659 1019 2731 Spicilegio
1048 2655 1315 2721 Romano,
1347 2665 1386 2714 t.
1412 2655 1532 2722 111,
1555 2673 1610 2727 p.
1635 2656 1760 2720 694,
1793 2673 1858 2711 ex
1883 2657 2245 2714 Orientalibus
2277 2659 2604 2714 bibliotheca:
2639 2658 2910 2716 Vaticana:
2932 2659 3197 2715 codicibus
3234 2660 3402 2714 multa
3421 2659 3657 2715 excitari

395 2755 596 2826 scripta
628 2764 854 2808 veterum
887 2769 1061 2822 posse,
1093 2768 1210 2822 qua:
1242 2752 1457 2807 omnino
1491 2749 1876 2805 desideramus.
1909 2749 1980 2804 Et
2001 2753 2210 2822 quidem
2237 2763 2429 2822 praeter
2452 2752 2605 2807 lauta
2629 2753 2725 2807 illa
2753 2770 2869 2824 qua:
2903 2753 3014 2808 loco
3041 2753 3207 2808 citato
3237 2753 3378 2807 edidi
3420 2753 3652 2809 Patrum

394 2849 708 2920 fragmenta,
734 2846 944 2916 majora
974 2846 1203 2901 indidem
1223 2845 1343 2915 jam
1375 2853 1533 2898 antea
1561 2842 1876 2910 extuleram,
1905 2843 2184 2901 Zachariae
2215 2846 2450 2901 videlicet
2490 2845 2846 2900 Melitenensis
2879 2847 3059 2915 capita
3082 2845 3357 2913 historica,
3384 2845 3652 2902 Ebediesu

391 2950 443 2998 et
471 2939 856 3012 Abulpharagii
881 2947 1138 2994 tractatus
1169 2937 1471 3000 canonicos,
1497 2936 1864 2992 Armeniorum
1903 2939 2066 2993 etiam
2095 2955 2342 3002 canones,
2366 2937 2543 2994 Severi
2576 2939 2886 2996 Antiocheui
2909 2957 3171 2995 sermones
3214 2939 3435 3012 aliquot,
3470 2949 3521 2994 et
3547 2957 3654 2995 nu-

391 3052 482 3106 per
503 3038 674 3090 sancti
702 3034 894 3106 Cyrilli
926 3041 1110 3088 contra
1149 3033 1495 3104 Sgnusiastas
1516 3041 1568 3088 et
1597 3033 1893 3088 Diodorum
1920 3050 1983 3088 ac
2022 3033 2353 3088 Theodorum
2385 3034 2657 3104 reliquias.
2687 3032 2815 3087 Jam
2843 3051 2960 3088 vero
2992 3034 3129 3088 inter
3157 3035 3331 3103 prima
3369 3033 3464 3087 illa
3486 3073 3502 3096 ,
3529 3049 3652 3104 quia

391 3131 696 3194 memoravi,
725 3129 888 3183 codex
924 3127 1212 3182 Vaticanus
1235 3125 1496 3182 Arabicus
1533 3127 1629 3182 101
1667 3126 1858 3182 bonam
1889 3128 2020 3182 mihi
2053 3127 2374 3198 particulam
2400 3126 2822 3196 suppeditaverat
2866 3128 3120 3182 sermonis
3146 3127 3316 3181 sancti
3353 3126 3653 3182 Alexandri

388 3223 706 3292 patriarcha
736 3221 1086 3276 Alexandrini
1114 3221 1226 3292 (l);
1265 3236 1414 3290 quem
1436 3235 1727 3275 sermonem
1748 3218 1935 3274 deinde
1961 3220 2219 3289 integrum
2241 3221 2297 3274 in
2327 3218 2552 3289 Syriaco
2580 3228 2686 3273 vat.
2721 3219 2900 3274 codice
2927 3220 3031 3275 568
3059 3231 3244 3276 nactus
3269 3239 3405 3284 sum,
3433 3223 3489 3275 id
3504 3223 3650 3292 quod

389 3321 517 3375 olim
547 3319 602 3374 in
635 3317 974 3388 Scriptorum
1002 3325 1110 3372 vet.
1141 3326 1267 3372 tom.
1305 3316 1348 3370 V
1367 3357 1380 3380 ,
1411 3332 1463 3387 p.
1497 3315 1586 3379 42,
1616 3315 1932 3387 signiﬁcavi.
1964 3312 2122 3368 Nunc
2150 3330 2266 3368 ecce
2289 3323 2408 3382 post
2435 3313 2785 3368 Alexandrini
2817 3313 3011 3386 Cyrilli
3055 3315 3242 3372 Grieca
3274 3318 3494 3386 scripta,
3527 3334 3647 3372 ser-

387 3432 592 3478 monem
615 3415 750 3468 hunc
769 3412 1119 3468 Alexandrini
1145 3411 1361 3482 Sgriace
1391 3411 1550 3465 simul
1577 3420 1731 3482 atque
1758 3409 1948 3464 Latine
1979 3407 2422 3479 (quandoquidem
2451 3408 2640 3465 Graeca
2665 3410 2822 3466 verba
2844 3411 3250 3481 desideramus),
3276 3428 3487 3482 operam
3507 3415 3645 3467 mihi

387 3526 539 3564 suam
563 3505 1016 3562 commodantibus
1055 3502 1309 3558 Matthxo
1347 3501 1650 3558 Sciahuano
1679 3510 1729 3558 et
1760 3500 2048 3556 Francisco
2081 3498 2384 3568 Mehasebo,
2407 3499 2695 3557 Maronitis
2721 3502 3124 3558 litteratissimis
3152 3543 3169 3570 ,
3214 3503 3270 3558 in
3309 3504 3474 3559 lucem
3500 3505 3650 3559 exire

386 3602 559 3670 iubeo,
590 3617 654 3654 ne
677 3607 841 3653 tanta!
870 3597 1225 3666 antiquitatis,
1258 3595 1597 3649 auctoritatis
1624 3595 1883 3664 fameque
1911 3593 2138 3662 episcopi
2160 3592 2364 3648 diutius
2397 3611 2455 3649 os
2485 3596 2822 3650 conticescat.

463 3694 630 3748 Porro
656 3694 732 3747 rei
765 3707 898 3747 vera:
928 3689 1227 3745 testimonia
1252 3697 1412 3756 sunt,
1455 3688 1626 3758 primo
1672 3687 1880 3757 quidem
1929 3685 2228 3757 fragmenta
2255 3686 2354 3741 illa
2378 3702 2446 3742 ex
2470 3687 2648 3742 codice
2680 3687 2930 3754 Arabico,
2965 3705 3083 3762 qua:
3113 3689 3408 3744 Alexandri
3438 3689 3646 3744 archie-

385 3789 585 3858 piscopi
606 3786 954 3842 Alexandrini
989 3801 1176 3839 nomen
1204 3792 1391 3854 gerunt
1415 3781 1630 3854 (Spicil.
1664 3780 1850 3848 Rom.,
1882 3791 1923 3836 t.
1965 3780 2085 3846 ΙΙΙ,
2113 3798 2168 3850 p.
2199 3782 2351 3854 699),
2382 3791 2597 3853 quicque
2634 3783 2692 3837 in
2718 3783 2918 3854 integro
2945 3799 3182 3838 sermone
3223 3782 3392 3837 eidem
3438 3782 3648 3836 auctori

385 3883 662 3950 inscripto,
695 3896 832 3935 nunc
863 3880 974 3933 suis
1004 3879 1226 3932 recitata
1257 3875 1384 3930 locis
1413 3875 1650 3930 seriatim
1679 3882 1952 3944 apparent.
1994 3873 2196 3931 Deinde
2226 3875 2543 3930 Sabariesus
2578 3874 2746 3946 Syrus
2771 3884 2957 3930 auctor
2978 3875 3118 3945 apud
3138 3877 3486 3930 Assemanum
3516 3875 3642 3930 Bib.

387 3988 469 4026 or.
502 3979 539 4024 t.
572 3970 692 4037 ΙΙΙ,
716 3987 768 4041 p.
794 3971 918 4035 545,
942 3971 1131 4025 recitat
1172 3983 1237 4023 ex
1267 3967 1324 4022 Μ
1329 3969 1537 4038 οεαῙῙωί
1564 3967 1810 4022 chronica
1841 3967 2091 4035 Arabico,
2115 3969 2411 4025 Alexandri
2433 3970 2606 4025 nostri
2638 3969 3023 4040 fragmentum,
3061 3967 3198 4039 quod
3223 3969 3423 4038 pariter
3452 3967 3646 4038 (mira-

389 4063 490 4118 bile
516 4064 719 4137 dictu!)
750 4067 804 4120 in
830 4081 1066 4122 sermone
1097 4065 1297 4133 integro
1328 4072 1508 4117 nostro
1549 4078 1602 4116 n.
1638 4061 1672 4117 5
1721 4063 1971 4118 occurrit.
2031 4062 2348 4134 Quanquam
2394 4080 2516 4120 vero
2555 4063 2868 4135 Mocaffazus
2903 4064 3266 4118 Alexandrum
3292 4063 3418 4116 dicit
3446 4076 3644 4131 papam

384 4153 715 4224 Romanum,
748 4158 793 4210 is
837 4155 1046 4227 quidem
1078 4153 1392 4223 manifestus
1414 4169 1564 4207 error
1591 4151 1656 4206 ab
1677 4150 1972 4207 Assemano
1993 4153 2047 4206 in
2069 4153 2243 4208 indice
2279 4170 2334 4224 ι).
2371 4153 2476 4211 658
2505 4165 2641 4210 recte
2679 4156 2985 4226 corrigitur,
3015 4155 3107 4224 qui
3155 4153 3425 4224 legendum
3451 4152 3644 4207 suadet

383 4249 835 4306 Alexandrinum.
865 4247 1066 4302 Deinde
1099 4245 1473 4318 (prwterquam
1504 4244 1641 4316 quod
1678 4243 2026 4300 scribentibus
2051 4245 2241 4300 menda
2273 4246 2446 4300 multa
2469 4246 2710 4317 obrepere
2738 4249 2930 4317 solent)
2953 4247 3029 4301 rei
3066 4243 3340 4298 veritatem
3370 4260 3506 4299 nunc
3533 4245 3645 4316 Sy-

385 4345 564 4399 riacus
597 4340 760 4397 codex
787 4357 882 4396 nos
913 4339 1094 4405 docet,
1141 4341 1231 4411 qui
1261 4337 1566 4394 Alexandro
1594 4340 1974 4397 Alexandrina:
2003 4341 2149 4398 urbis
2199 4343 2429 4397 antistiti
2455 4343 2594 4396 hunc
2625 4359 2915 4397 sermonem
2939 4342 3202 4396 inscribit.
3237 4342 3370 4396 Tum
3398 4341 3529 4396 satis
3560 4349 3643 4394 est

386 4437 686 4507 exploratus
717 4448 829 4486 mos
863 4429 1218 4487 Orientalium
1249 4427 1514 4482 Romanos
1548 4432 1862 4486 nominandi
1894 4442 2146 4505 quotquot
2170 4433 2385 4502 imperio
2419 4430 2656 4486 Romano
2691 4431 2974 4497 suberant,
3005 4441 3055 4486 et
3076 4431 3282 4498 Grazca,
3317 4433 3506 4487 nedum
3531 4431 3645 4485 La-

386 4535 519 4597 tina,
553 4526 1066 4608 lingua-utebantur.
1101 4523 1242 4590 Quin
1276 4530 1326 4575 et
1353 4522 1527 4591 ipsum
1555 4521 1915 4593 Bysantinum
1945 4527 2224 4597 imperium
2249 4536 2554 4582 constanter
2575 4527 2874 4581 Romanum
2906 4526 3194 4595 appellant,
3218 4535 3281 4580 ut
3305 4527 3408 4596 ipsi
3436 4543 3643 4597 quoque

384 4622 672 4696 Byzantini
701 4619 940 4674 historici
967 4616 1154 4681 solent,
1185 4615 1277 4686 qui
1302 4615 1380 4668 ita
1408 4615 1463 4668 in
1494 4615 1643 4670 libris
1675 4617 1785 4671 suis
1820 4618 2108 4696 ambitiose
2121 4619 2431 4690 loquuntur,
2457 4629 2737 4690 postquam
2772 4619 3260 4688 Constantinopolis
3282 4637 3426 4674 nova:
3453 4619 3641 4676 Bonus

382 4734 572 4774 nomen
594 4716 806 4770 invasit.
831 4713 999 4767 Locus
1023 4712 1185 4782 igitur
1213 4727 1248 4764 a
1271 4708 1550 4781 Maca/lato
1574 4711 1770 4766 relatus
1793 4714 1870 4768 ita
1896 4730 1950 4769 se
1977 4695 2129 4770 habet
2153 4732 2171 4769 :
2210 4734 2229 4767 ι
2265 4714 2566 4771 Alexander
2585 4716 2855 4771 Romanus
2884 4716 3190 4786 patriarcha
3213 4715 3423 4788 inquit:
3440 4713 3641 4770 Manus

382 4829 500 4883 quis
530 4811 793 4865 Adamum
825 4808 1042 4872 creavit,
1076 4807 1195 4876 ipsa
1229 4806 1395 4862 clavis
1431 4809 1486 4863 in
1515 4826 1668 4865 cruce
1704 4809 1978 4879 perforata
2009 4818 2106 4864 est.
2145 4808 2218 4866 Os
2248 4811 2385 4880 quod
2416 4811 2468 4865 in
2513 4809 2779 4865 Adamum
2817 4811 3144 4880 spiraculum
3177 4810 3296 4864 vitta
3323 4809 3639 4878 inspiravit,

383 4913 588 4957 acetum
609 4902 756 4956 bibit.
782 4901 884 4957 Pes
908 4903 997 4973 qui
1027 4902 1190 4956 clavis
1220 4900 1461 4970 conﬁxus
1485 4899 1620 4969 fuit,
1647 4911 1844 4956 terram
1875 4900 2134 4970 fundavit.
2169 4919 2187 4952 ι
2225 4900 2374 4967 Haec,
2399 4903 2621 4974 inquam
2645 4905 2808 4974 paulo
2835 4904 3043 4976 quidem
3075 4903 3314 4967 liberius,
3336 4904 3450 4957 sine
3476 4901 3640 4955 dubio

384 5004 558 5048 tamen
589 5010 654 5050 ex
687 4995 784 5050 hoc
810 5011 988 5054 nostro
1015 5017 1252 5056 sermone
1281 5019 1336 5057 n.
1367 5002 1402 5058 5
1432 5010 1643 5071 sumpta
1667 5001 1829 5057 vides.
1869 4999 2241 5054 Verumtamen
2271 5000 2362 5070 qui
2383 5000 2576 5056 ibidem
2600 5001 2767 5057 multo
2799 5001 3011 5056 uberior
3040 5003 3184 5056 locus
3213 4999 3484 5071 praecedit,
3515 5009 3571 5053 et
3597 5016 3629 5054 a

383 5085 529 5142 nobis
557 5087 774 5160 virgulis
808 5091 1088 5150 distinctus
1111 5094 1236 5165 fuit,
1276 5095 1322 5149 is
1354 5111 1473 5149 cum
1495 5095 1731 5150 Arabica
1765 5097 2020 5151 sermonis
2049 5097 2498 5166 interpretatione,
2528 5097 2585 5151 in
2611 5095 2903 5167 Spicilegio
2926 5103 3104 5151 nostro
3135 5095 3279 5150 edita
3300 5133 3315 5159 ,
3347 5092 3640 5147 evidentius

385 5178 556 5232 adhuc
594 5191 748 5253 atque
777 5185 1106 5242 adamassim
1145 5189 1410 5260 congruit.
1443 5188 1742 5261 Creteroqui
1773 5209 1878 5246 non
1905 5201 1985 5247 est
2015 5191 2319 5246 mirandum
2339 5232 2354 5258 ,
2398 5192 2446 5246 si
2473 5193 2563 5262 qui
2610 5208 2782 5247 sermo
2810 5208 2875 5247 ex
2907 5189 3089 5247 Grazco
3124 5191 3181 5244 in
3221 5187 3539 5258 Syriacum,
3575 5200 3641 5240 ex

385 5269 479 5324 hoc
507 5273 564 5327 in
594 5275 884 5331 Arabicum
929 5278 1130 5334 idioma
1174 5280 1413 5344 transiit,
1443 5296 1644 5350 paucas
1675 5282 1877 5354 aliquot
1923 5283 2204 5339 varietates
2232 5285 2290 5338 in
2322 5283 2402 5339 his
2449 5284 2896 5354 transfusionibus
2953 5301 3144 5354 passus
3196 5285 3287 5339 sit.
3322 5283 3468 5350 Quin
3505 5279 3642 5334 adeo

384 5367 640 5420 sermonis
669 5367 826 5437 hujus
864 5368 983 5426 dure
1008 5371 1246 5426 videntur
1278 5375 1546 5429 exstitisse
1576 5374 1715 5444 apud
1736 5375 2150 5445 Alexandrinos,
2171 5378 2277 5432 sive
2296 5376 2437 5448 apud
2463 5376 2783 5445 Orientales,
2811 5379 3099 5444 editiones;
3135 5375 3560 5450 quandoquidem
3587 5376 3644 5428 in

385 5457 562 5512 codice
583 5458 705 5531 Syr.
744 5463 890 5530 Vat.,
920 5476 1035 5534 post
1067 5469 1327 5536 integrum
1351 5484 1673 5535 sermonem,
1697 5468 1846 5522 aliud
1884 5471 2140 5526 attexitur
2169 5471 2407 5542 ejusdem
2438 5473 2792 5544 fragmentum
2815 5511 2833 5540 ,
2868 5489 2972 5528 non
3010 5475 3124 5529 sine
3149 5471 3334 5544 paucis
3363 5468 3526 5525 variis
3560 5468 3640 5523 le-

459 5627 718 5718 QZNGFP
750 5634 1026 5718 hiqudex
1046 5636 1220 5718 _h_a_bet
1243 5637 1667 5718 fragmentaASS.
1696 5639 1907 5718 J_ulii__et
1939 5640 2186 5701 Silvestri
2210 5643 2526 5717 pontiﬁcum
2549 5642 2944 5715 Romanorum,
2976 5658 3097 5718 quae
3125 5657 3224 5718 ego
3245 5639 3437 5699 Graece
3467 5639 3646 5710 edidi,

392 5694 589 5768 sci-spe.
620 5711 717 5756 vet.
749 5711 789 5757 ι.
819 5703 927 5770 vu,
952 5720 1006 5774 p.
1039 5707 1142 5762 154
1169 5715 1223 5765 et
1253 5694 1377 5777 169',
1409 5712 1514 5766 col.
1545 5709 1602 5778 2,
1631 5725 1685 5766 ν.
1715 5694 1865 5768 Hs.
