3850 6160
147 361 257 416 585
553 407 566 420 ,
1203 349 1445 408 SERth
1483 350 1572 405 DE
1610 350 1825 406 ANIMA
1864 351 1953 406 ET
1991 352 2336 410 CORPORIS.
3283 359 3388 416 586

147 473 425 528 ctionibus.
467 471 534 524 Ut
555 487 670 526 vero
699 470 1010 529 existimem,
1038 468 1517 538 interpretationem
1545 466 1827 520 Arabicam
1876 483 1940 521 ex
1975 467 2201 522 secunda
2236 467 2459 539 Syriaca
2488 485 2598 523 esse
2626 469 2935 536 derivatum,
2970 481 3090 526 utor
3115 473 3210 528 hoc
3247 476 3392 528 indi-

145 571 251 630 cio,
281 564 419 635 quod
447 563 733 618 Arabicum
767 561 960 614 codicis
1003 560 1097 616 101
1148 561 1503 631 fragmentum
1530 575 1648 614 cum
1680 557 1772 612 illo
1810 561 2097 628 posteriore
2127 558 2348 629 Syriaco
2391 561 2558 629 magis
2588 562 2828 632 congruit
2868 579 3024 633 quam
3053 580 3169 617 cum
3195 566 3389 633 priore.

149 654 342 724 Itaque
365 654 577 708 etiamsi
605 652 932 706 decreveram
954 649 1374 704 additamentum
1405 649 1540 704 illud
1571 651 1831 714 omittere,
1855 651 1981 720 quia
2011 650 2160 705 valde
2193 651 2362 705 simile
2395 654 2622 706 sermoni
2657 655 2858 726 integro
2908 656 3206 726 videbatur,
3243 666 3388 710 atta-

147 763 267 800 men
289 748 412 817 quia
439 754 620 816 postea
647 743 873 812 comperi
900 751 1100 811 partem
1128 740 1414 795 Arabicam
1448 758 1569 795 cum
1623 741 1722 795 hac
1761 744 1934 810 potius
1962 751 2110 811 parte
2136 741 2361 812 Syriaca
2389 743 2710 810 conspirare,
2741 761 2804 798 ne
2838 747 2937 799 mei
2962 746 3260 817 argumenti
3288 748 3390 800 vim

146 839 417 892 ullatenus
442 838 789 907 inﬁrmarem,
821 834 956 888 hanc
975 850 1174 904 quoque
1204 832 1484 903 Syriacam
1508 834 1867 902 repetitionem
1892 834 2186 888 minoribus
2210 837 2398 888 saltem
2443 833 2629 904 formis
2654 837 3052 905 imprimendam
3083 840 3284 894 curavi.

216 932 330 1001 Age
361 946 479 986 vero
507 929 693 1000 edendi
721 927 978 983 sermonis
1009 925 1166 995 hujus
1196 933 1352 995 grata
1383 925 1747 994 opportunitas
1777 923 1946 990 adest,
1981 925 2105 996 quia
2131 924 2227 978 hoc
2267 933 2494 994 tempore
2536 941 2600 978 ex
2651 926 2938 996 Anglorum
2966 930 3102 997 typis
3129 927 3392 997 prodeunt

148 1024 330 1093 magni
357 1021 639 1076 Athanasii
669 1020 880 1091 festales
915 1019 1148 1088 epistola:
1175 1034 1263 1072 seu
1289 1019 1552 1072 orationes
1585 1015 1784 1089 (Grtece
1813 1015 2118 1086 deperdita!)
2149 1017 2204 1070 in
2236 1015 2456 1086 Syriaco
2483 1017 2685 1086 pariter
2707 1016 2881 1072 codice
2912 1018 3134 1073 inventa:
3154 1036 3172 1073 :
3205 1021 3391 1091 quibus

151 1114 234 1167 hic
251 1115 377 1183 jure
402 1114 685 1184 meritoque
722 1129 892 1167 comes
921 1112 1010 1181 ﬁet
1038 1110 1332 1165 Alexandri
1359 1126 1550 1165 sermo.
1584 1108 1712 1163 Fuit
1741 1111 1925 1179 quippe
1958 1109 2258 1164 Alexander
2291 1110 2574 1164 Athanasii
2603 1126 2637 1162 a
2677 1112 2852 1178 pueris
2905 1111 3194 1180 educator,
3237 1131 3391 1185 quem

144 1206 476 1276 familiarem
504 1220 725 1270 semper,
757 1204 1135 1258 adolescentem
1163 1218 1340 1266 senex,
1371 1212 1419 1256 et
1437 1203 1810 1257 charissimum
1838 1203 2042 1268 habuit,
2069 1219 2260 1257 mensa)
2279 1204 2440 1256 etiam
2467 1203 2788 1274 quotidiana:
2819 1205 3148 1274 participem,
3179 1207 3389 1276 etﬁde-

145 1315 248 1352 mn
279 1298 556 1351 librarium
585 1310 605 1348 :
648 1297 887 1352 eumdem
914 1297 1025 1366 ipse
1052 1294 1334 1350 diaconum
1363 1294 1646 1361 ordinavit,
1677 1311 1954 1366 secumque
1982 1294 2049 1349 ad
2085 1293 2364 1348 Nictenum
2413 1295 2691 1349 concilium
2723 1294 2905 1361 duxit,
2935 1307 2991 1350 ut
3025 1298 3135 1352 illic
3171 1316 3390 1369 operam

145 1390 246 1444 sibi
274 1399 512 1454 novaret,
557 1390 1052 1461 συναγωνιζόμενον
1084 1387 1232 1458 αὐτῷ
1258 1389 1410 1454 ἐκεῖ,
1438 1395 1494 1440 ut
1524 1387 1665 1441 diser

1861 1386 2109 1442 Socrates
2151 1385 2290 1443 Hist.
2325 1387 2418 1444 lib.
2444 1403 2498 1454 ι,
2549 1389 2646 1456 15ς
2675 1404 2827 1460 quem
2881 1389 3101 1460 denique
3151 1393 3381 1447 moriens

141 1499 283 1552 saepe
306 1485 517 1538 nomine
548 1483 898 1553 compellavit,
919 1490 1072 1552 atque
1107 1490 1163 1534 ut
1190 1479 1292 1534 sibi
1309 1496 1578 1535 successor
1601 1481 1769 1550 ﬁeret,
1787 1479 2208 1534 Alexandrinum
2241 1480 2438 1535 clerum
2467 1482 2620 1535 enixe
2648 1483 2877 1552 rogavit,
2906 1482 3045 1553 quod
3068 1499 3250 1553 reapse
3269 1501 3389 1538 cum

146 1580 358 1649 infinita
390 1580 466 1634 rei
498 1577 814 1634 Christiana:
834 1577 1064 1630 utilitate
1089 1577 1304 1647 contigit
1332 1593 1351 1630 :
1387 1577 1464 1628 ita
1488 1574 1910 1628 utAthanasium
1936 1575 2091 1628 talem
2115 1583 2420 1644 tantumque
2447 1575 2777 1643 episcopum,
2803 1575 3096 1629 Alexandri
3129 1578 3269 1631 curis
3299 1595 3390 1632 ac-

139 1681 351 1740 ceptum
380 1670 691 1740 referamus.
724 1669 851 1723 lam
878 1677 934 1722 ut
957 1667 1256 1722 Alexander
1275 1667 1629 1721 Athanasium
1662 1665 2040 1722 adolescentem
2062 1667 2204 1720 omni
2237 1667 2399 1736 ofﬁcio
2432 1668 2734 1735 complexus
2761 1677 2858 1733 est,
2885 1670 2962 1722 ita
2991 1666 3127 1722 idem
3150 1669 3390 1724 Alexan-

144 1763 238 1817 der
269 1773 428 1817 antea
446 1763 655 1832 juvenis
689 1760 848 1815 Petro
877 1762 1116 1830 episcopo
1169 1761 1394 1830 martyri
1447 1759 1733 1828 familiaris
1765 1760 1998 1828 apprime
2034 1759 2208 1828 fuerat
2235 1799 2247 1821 ,
2295 1768 2447 1828 atque
2478 1759 2542 1811 ab
2593 1775 2652 1812 eo
2682 1775 2950 1814 successor
2980 1769 3096 1829 post
3126 1761 3391 1816 Achillam

134 1855 379 1923 ejusdem
409 1855 628 1924 fratrem
650 1854 972 1924 designatus.
999 1850 1262 1922 Namque,
1297 1860 1351 1903 ut
1374 1851 1561 1922 legitur
1587 1851 1641 1904 in
1675 1850 1820 1904 Petri
1858 1849 1979 1903 Vita
2001 1849 2076 1920 (a)
2107 1868 2138 1904 a
2169 1849 2316 1904 nobis
2344 1849 2485 1904 edita
2519 1848 2706 1921 Spicil.
2731 1861 2768 1906 t.
2800 1849 2920 1916 Ill,
2942 1868 2995 1921 p.
3025 1852 3150 1919 682,
3181 1863 3389 1924 martyr

145 1948 376 2017 inclytus
410 1948 465 2001 in
497 1963 703 2002 carcere
727 1947 948 2015 positus,
978 1953 1027 1999 et
1042 1944 1160 2014 jam
1191 1959 1286 2012 pro
1315 1944 1418 2012 ﬁde
1451 1943 1773 2012 plectendas,
1807 1943 1987 1997 ambos
2020 1942 2140 1997 illos
2168 1943 2540 1999 Alexandrina:
2569 1943 2681 1998 sedi
2714 1954 2831 2014 post
2862 1961 2916 1999 se
2949 1943 3230 2001 destinavit
3279 1948 3390 2015 epi-

144 2053 354 2106 scopos,
389 2037 564 2092 dicens
588 2053 608 2091 :
641 2056 659 2090 ι
685 2037 757 2092 Te
785 2035 993 2108 quidem
1016 2035 1278 2090 Achillam
1307 2035 1557 2103 primum,
1580 2033 1945 2088 Alexandrum
1970 2050 2087 2088 vero
2111 2036 2414 2090 secundum.
2451 2035 2516 2088 Et
2549 2053 2672 2090 mox
2701 2054 2711 2065 ·
2745 2036 3058 2093 Osculantes
3081 2037 3230 2093 Petri
3272 2057 3390 2092 ma-

144 2147 243 2183 nus
273 2147 336 2184 ac
369 2129 520 2197 pedes
553 2129 789 2182 Achillas
808 2138 963 2199 atque
991 2125 1316 2191 Alexander,
1353 2125 1590 2180 conversi
1616 2125 1669 2178 in
1697 2124 1964 2194 lacrymas
1995 2126 2230 2196 singultu
2275 2128 2615 2182 amarissimo
2648 2126 3040 2198 quatiebantur.
3083 2148 3103 2181 ι

215 2220 489 2290 Quidquid
521 2220 770 2275 hactenus
804 2221 1118 2289 scriptorum
1142 2219 1438 2273 Alexandri
1457 2217 1725 2280 exstabat,
1755 2215 1820 2270 ab
1852 2216 2118 2271 historicis
2140 2218 2513 2273 ecclesiasticis
2540 2229 2924 2285 conservatum,
2956 2220 3012 2271 id
3038 2220 3227 2272 Arium
3248 2220 3394 2289 ejus-

140 2328 245 2381 que
269 2312 512 2365 alumnos
544 2319 837 2382 oppugnat;
866 2310 1002 2364 duas
1043 2309 1274 2381 intellige
1293 2307 1570 2376 epistolas,
1601 2323 1826 2377 quarum
1863 2308 2011 2376 prior
2039 2323 2256 2376 prorsus
2284 2309 2502 2380 insignis
2522 2349 2536 2374 ,
2573 2319 2830 2363 tractatus
2882 2309 3173 2378 plenissimi
3218 2311 3392 2364 instar

143 2412 249 2467 est,
281 2412 331 2457 et
361 2404 504 2457 omni
531 2403 688 2456 laude
709 2400 900 2470 major.
933 2401 1095 2472 Atqui
1126 2403 1206 2456 ha:
1233 2402 1352 2455 dua:
1375 2414 1444 2455 “ex
1471 2401 1804 2471 septuaginta
1829 2411 2133 2470 supersunt;
2195 2410 2271 2456 tot
2301 2404 2439 2458 enim
2467 2403 2532 2456 ab
2551 2418 2612 2457 eo
2653 2405 2877 2472 scriptas
2906 2415 3129 2459 testatur
3154 2404 3393 2475 Epipha-

147 2498 268 2550 nius
298 2497 430 2550 hter.
463 2511 609 2559 um,
641 2495 712 2550 4:
746 2514 766 2546 ‹
818 2494 1160 2567 Ἀλέξανδρος
1192 2496 1486 2559 ἐπίσκοπος
1514 2493 1715 2566 γράφει
1759 2495 2045 2560 ἐπιστολὰς
2075 2497 2414 2564 ἐγκυκλίους,
2447 2496 2645 2561 αἵτινες
2675 2498 2825 2570 παρὰ
2853 2499 3158 2568 φιλοκάλοις
3184 2499 3264 2554 ἔτι
3287 2500 3392 2553 σώ-

143 2588 355 2653 ζονται,
377 2587 452 2652 ὡς
474 2587 565 2640 τὸν
598 2586 828 2658 ἀριθμὸν
858 2587 1244 2659 ἐϐδομήκοντα.
1281 2586 1580 2642 Alexander
1609 2603 1663 2656 ep

1873 2606 1878 2637 ι
1907 2589 2091 2641 scribit
2126 2590 2376 2658 epistolas
2417 2589 2727 2658 encyclicas,
2765 2606 2880 2659 qua:
2910 2591 3080 2646 adhuc
3110 2591 3249 2662 apud
3274 2602 3393 2646 stu-

142 2680 330 2736 diosos
363 2692 656 2744 servantur,
685 2697 897 2735 numero
937 2682 1042 2751 fere
1089 2682 1440 2752 septuaginta.
1477 2700 1498 2734 ι
1535 2678 1700 2736 Unius
1730 2697 1794 2736 ex
1833 2683 1914 2742 his
1961 2682 2256 2753 fragmenta
2279 2685 2454 2736 tenuia
2475 2685 2706 2737 citantur
2732 2700 2766 2738 a
2795 2683 3033 2739 Maximo
3059 2700 3178 2755 opp.
3223 2694 3262 2738 t.
3298 2681 3386 2747 ΙΙ,

149 2794 204 2846 p.
238 2776 367 2840 152,
399 2775 524 2830 155.
558 2772 771 2828 Utinam
800 2777 880 2828 ha:
908 2775 964 2828 in
1003 2773 1269 2830 codicibus
1311 2775 1499 2830 saltem
1531 2774 1770 2846 Syriacis
1816 2773 2212 2843 conspiciendas
2242 2791 2296 2831 se
2323 2773 2532 2839 darent,
2562 2775 2699 2846 quod
2724 2792 2887 2846 nuper
2916 2777 3218 2846 felicissime
3246 2778 3391 2831 acci-

145 2867 228 2922 dit
251 2865 669 2922 Athanasianis!
695 2862 853 2916 Nunc
885 2864 939 2918 in
979 2873 1126 2917 tanto
1155 2866 1470 2934 scriptorum
1497 2867 1787 2922 Alexandri
1816 2867 2118 2937 naufragio,
2142 2881 2430 2920 sermonem
2457 2866 2643 2920 saltem
2671 2884 2832 2922 unum
2859 2869 2912 2922 in
2939 2870 3117 2937 populi
3141 2875 3389 2928 concione

151 2961 391 3016 habitum
417 2961 599 3016 libenti
629 2961 806 3015 animo
829 2961 1172 3030 excipiamus,
1198 2961 1253 3015 in
1278 2978 1400 3033 quo,
1435 2974 1626 3032 prceter
1666 2973 1860 3018 ca'tera
1895 2963 2070 3026 utilia,
2097 2959 2301 3018 Christi
2325 2961 2571 3016 divinitas
2588 2964 2790 3030 passim
2819 2964 3161 3033 praedicatur.
3207 2969 3390 3046 Neque

149 3057 299 3111 abest
323 3055 618 3127 eloquentia
648 3054 824 3124 (quam
851 3055 898 3108 ei
923 3053 1084 3108 tribui
1112 3072 1144 3108 a
1178 3053 1389 3110 Gelasio
1409 3057 1698 3128 diximus),
1731 3057 1899 3110 nitida
1926 3057 2143 3119 scilicet,
2169 3054 2459 3123 popularis,
2489 3065 2538 3110 et
2565 3073 2652 3111 ore
2678 3057 2960 3127 episcopali
2980 3059 3161 3130 digna.

223 3147 531 3203 Sermonem
551 3145 685 3198 hunc
698 3145 988 3200 Alexandri
1009 3147 1358 3215 suppeditavit
1376 3148 1538 3202 :odex
1551 3147 1803 3218 Syriacus
1826 3146 1971 3211 Vat.,
1993 3147 2378 3211 membraneus,
2402 3153 2566 3209 vetus,
2589 3145 2894 3202 Chaldaicis
2923 3149 3112 3206 litteris
3125 3155 3323 3223 duplici
3337 3159 3391 3211 in

153 3240 412 3296 laterculo
438 3251 712 3292 exoratus.
742 3239 944 3292 Habuit
973 3240 1018 3292 is
1055 3240 1331 3310 sexaginta
1349 3239 1594 3294 homilias
1614 3239 1858 3310 (quorum
1886 3256 2021 3293 nunc
2042 3255 2241 3304 novem,
2261 3237 2324 3294 ob
2341 3241 2539 3293 amissa
2556 3238 2932 3309 folia,desunt)
2952 3241 3176 3298 Patrum
3209 3248 3390 3301 ortho-

149 3333 409 3385 doxorum
427 3327 579 3398 Greg.
597 3327 846 3397 Nysseni,
863 3327 1014 3398 Greg.
1037 3329 1302 3400 Theologi,
1316 3330 1527 3394 Basilii,
1547 3330 1918 3400 Amphilochii,
1931 3330 2091 3384 Joan.
2107 3328 2488 3401 Chrysostomi,
2505 3329 2705 3393 Procli,
2725 3329 2905 3385 Isaaci
2921 3331 3102 3402 (unum
3118 3338 3277 3391 etiam
3291 3338 3394 3392 Eu-

148 3422 278 3476 ωιτἱὶ
298 3421 480 3484 Alex.,
507 3435 629 3472 nam
656 3417 899 3471 mendum
917 3426 994 3471 est
1014 3419 1067 3471 in
1083 3421 1345 3491 catalogo,
1372 3421 1478 3474 alio
1496 3422 1704 3474 nomine
1724 3421 2028 3486 substituto,
2049 3421 2123 3477 De
2147 3422 2236 3478 die
2258 3420 2582 3489 Dominica).
2611 3420 2760 3476 Inter
2775 3423 2867 3478 hos
2893 3425 3187 3481 vicesimum
3216 3430 3390 3484 locum
3423 3421 3428 3426 ’

151 3523 289 3568 tenet
319 3510 612 3566 Alexandri
643 3511 728 3564 hic
757 3525 964 3572 sermo;
989 3527 1139 3580 quem
1177 3522 1363 3568 auctor
1391 3511 1569 3580 Greece
1597 3517 1902 3584 scripserat,
1929 3515 2057 3585 Syri
2095 3527 2144 3571 et
2177 3516 2399 3580 Arabes,
2436 3523 2494 3568 ut
2523 3513 2893 3584 demonstravi,
2926 3519 2981 3572 in
3030 3521 3234 3592 linguas
3264 3541 3390 3579 suas

148 3605 569 3667 transtulerunt;
599 3603 662 3657 de
687 3603 837 3672 cujus
868 3604 1170 3662 sinceritate
1194 3609 1493 3663 testimonia
1521 3609 1778 3676 praedicta
1797 3608 2034 3663 codicum
2065 3620 2112 3664 et
2142 3620 2416 3664 auctorum
2443 3609 2688 3664 dubitare
2713 3626 2806 3664 nos
2835 3611 2980 3666 nullo
3002 3613 3155 3669 modo
3185 3617 3387 3676 sinunt.

220 3696 299 3768 (a)
339 3695 473 3749 Vide.
508 3711 693 3765 supra,
722 3697 828 3752 col.
859 3695 992 3752 458.

168 3824 236 3836 -ι

241 3822 3378 3866 m

215 3965 599 4043 p-yu\y
710 3968 869 4043 ‘7‘.“
1004 3943 1390 4043 Viiy-
1541 3941 2428 4043 «pyxwiﬂ’ﬂ’c
2721 4004 2778 4030 τε
2902 3981 2952 4027 ⁷
3059 3973 3122 4043 ιθ
3242 4017 3365 4043 ,τε

707 3995 2483 4164 βῗθᾼὼΙξωὸῧτιᾴΔῖιᾸ-ἶᾶλ
3059 3995 3376 4144 nixi;

1217 4203 1266 4251 7'
1293 4198 1332 4254 9
1614 4199 1659 4252 7‘
1690 4199 1738 4248 7'
1875 4201 1925 4249 γ
2103 4201 2141 4256 9
2256 4211 2304 4258 7'

1170 4275 1406 4406 (me
1509 4241 2012 4359 cun-\o
2064 4234 2385 4426 Ιιξο

1628 4449 1921 4463 —_—

841 4553 924 4669 S.
1000 4553 1524 4672 ALEXAND!“
1595 4551 2013 4670 El‘iSCliPl
2066 4545 2177 4616 (⁸⁵)
2217 4559 2361 4676 Αιι

1309 4553 1524 4671 NDRI
1595 4551 2013 4670 El'iSCliPl
2066 4545 2177 4616 (⁸⁵)
2217 4559 2829 4685 ALEXANDRI/E

1578 4769 1979 4864 SERMO

550 4939 668 5001 DE
723 4942 1009 5003 ΑΝΙΜΑ
1072 4945 1180 5005 ΕΤ
1248 4945 1686 5008 CORPORE
1749 4945 2060 5022 DEQUE
2127 4957 2582 5023 PASSIONE
2639 4964 3000 5031 DOMINI.

203 5397 229 5492 ἰ
347 5355 658 5496 ῑκγηςΧ
1250 5381 1281 5430 ρ
1358 5389 1409 5426 γ
1601 5363 1636 5443 ξ
1687 5393 1738 5431 γ
1861 5402 1903 5438 η,
2033 5355 2093 5417 lo
2116 5357 2496 5440 demittitur,
2535 5369 2834 5433 cordibus
2863 5373 3097 5435 nostris
3126 5374 3406 5454 irrigan-

154 5453 222 5532 Χ
418 5418 627 5502 ΩΔ
959 5444 991 5517 2
1029 5453 1158 5499 ’.α
1191 5404 1525 5543 Mx
2031 5478 2130 5540 dis
2161 5479 2470 5543 idoneum
2501 5496 2621 5543 est.
2655 5491 2708 5543 si
2756 5509 2873 5543 ητις
2893 5495 3110 5543 virtuti
3139 5496 3280 5543 nine
3310 5515 3406 5543 nn.

170 5478 226 5532 \-
273 5478 658 5534 '\~-—~‘
702 5478 988 5517 ί--υηι
1029 5478 1157 5499 ’ν’
1191 5478 1525 5543 ’ω’-δυσ
1563 5478 1676 5524 ’ἰ

170 5533 283 5614 ’.9
388 5564 439 5602 Υ
502 5559 614 5614 ιθ-
737 5578 810 5614 n’h
911 5580 952 5613 Φ
996 5585 1080 5614 ιοο
1179 5573 1231 5614 ἵ
1439 5577 1490 5614 γ

1894 5478 1928 5506 ’³
2031 5478 2130 5540 dis
2161 5479 2470 5547 idoneum
2501 5496 2621 5564 est,
2655 5491 2709 5552 si
2755 5509 2873 5555 nos
2893 5495 3112 5556 virtuti
3139 5496 3280 5576 ejus
3309 5515 3414 5576 pa-

156 5591 1676 5728 ὁμὲιὶὸὶμΙΒοῦΕκι-ᾗδοέιυε

1894 5645 1929 5691 κ
2030 5603 2148 5664 rati
2169 5603 2508 5687 fuerimus,
2548 5631 2674 5676 non
2725 5616 2999 5680 dicendo
3028 5627 3414 5682 tantummo-

227 5759 1077 5853 ean-Elaphipmftp‘ti:_episcopi,‘ut
1109 5773 1392 5853 est.e_tiam
1433 5773 1487 5853 in
1523 5775 1877 5853 ma_gna_ejus_
1906 5776 2136 5853 epistola
2180 5777 2506 5853 dogmatica,
2554 5795 2662 5834 non
2697 5782 3095 5853 archiepiscopi,
3139 5791 3196 5836 ut
3219 5779 3416 5836 deinde

157 5831 411 5898 appeﬂati
447 5830 665 5887 fuerunt
693 5830 952 5903 praesules
984 5839 1370 5911 Alexandrini;
1401 5845 1483 5901 vel
1511 5830 1694 5914 potius
1725 5830 1813 5902 hil:
1837 5830 2030 5903 tituius
2062 5862 2161 5919 pro
2185 5830 2810 5906 libitinam'ih'bi‘dd‘.

444 5922 712 5988 Ρλτιιοι.
749 5929 866 5990 Gn.
907 5929 1134 5992 XVIII.

3024 5943 3095 6002 19
