3850 6160
128 359 250 422 613

1023 363 1118 420 DE
1143 365 1743 424 ENGASTRIMYTHO
1773 365 2062 424 CONTRA
2099 367 2480 426 ORIGENEM.

3281 368 3390 427 6M

137 556 3358 598 ω

581 759 1286 877 ORIGENES
1363 758 1546 874 DE
1628 762 2914 880 ENGASTRIMYTHO.

1449 984 1522 1064 ,(1
1557 985 1714 1063 Reg.
1747 981 2074 1066 XXVIII.)

687 1153 857 1217 Vide
887 1153 1159 1235 hujusce
1190 1153 1575 1232 Patrologia:
1603 1153 2107 1217 Graeco-Latina
2135 1161 2287 1218 tom.
2319 1158 2467 1232 XII,
2502 1158 2622 1221 col.
2666 1160 2840 1221 1011.

760 1547 1106 1683 ΤΟΥ
1178 1541 1700 1681 ΑΓΙΟΥ
1796 1544 2765 1683 ΕΥΣΤΑΘΙΟΥ

618 1809 1905 1928 ΑΡΧΙΕΠΙΣΚΟΠΟΥ
1969 1810 2910 1928 ΑΝΤΙΟΧΕΙΑΣ

1472 2054 1660 2106 ΚΑΤΑ
1692 2053 2074 2108 ΩΡΙΓΕΝΟΥΣ

132 2239 313 2326 ΕΙΣ
384 2241 534 2326 ΤΟ
626 2240 841 2326 ΤΗΣ
931 2235 1858 2327 ΕΓΓΑΣΤΡΙΜΥΘΟΥ
1933 2236 2470 2328 ΘΕΩΡΗΜΑ
2543 2236 3378 2328 ΔΙΑΓΝΩΣΤΙΚΟΣ.

897 2583 1565 2701 SANG'I‘I
1647 2587 2646 2704 EUSTATHII

1281 2794 1802 2855 ARCHIEPISCOPI
1836 2795 2257 2854 ANTIOCHENI

597 2957 930 3024 CONTRA
965 2958 1429 3026 ORIGENEM
1446 2961 1564 3024 DE
1593 2961 2326 3029 ENGASTRJMYTHO
2357 2963 2822 3027 DISSERTAT
2819 2964 2911 3026 10

1415 3123 1583 3174 Leone
1601 3125 1784 3176 Allatio
1809 3126 2130 3191 interprete;

213 3390 257 3444 I.
303 3387 416 3442 Ἀεὶ
456 3386 554 3459 μὲν
579 3387 790 3459 ἄγαμαι
816 3387 906 3442 τὸν
936 3387 1198 3460 ἀξιοφανῆ
1226 3389 1324 3460 τῆς
1359 3389 1545 3444 ἐνθέου
1571 3391 1722 3444 πολι·
1751 3444 1752 3451 η

1890 3390 1934 3445 1.
1989 3388 2215 3458 Semper
2236 3387 2488 3457 equidem
2522 3386 2717 3442 divinae
2749 3385 2964 3442 vivendi
3008 3386 3236 3444 rationis
3278 3395 3388 3445 tua:

133 3477 295 3540 τείας
342 3493 436 3530 σου
479 3476 659 3547 ζῆλον,
703 3470 748 3530 ὧ
795 3477 1229 3549 διαπρεπέστατε
1271 3477 1373 3548 τῆς
1413 3477 1720 3550 ὀρθοδοξίας

139 3568 441 3642 ὶεροκήρυξ
471 3569 760 3642 Εὑτρόπιε·
803 3569 864 3623 τὸ
898 3570 956 3624 δὲ
995 3571 1095 3642 τῆς
1128 3569 1410 3635 εὐσεϐείας
1451 3588 1544 3624 σου
1583 3570 1723 3640 γνὼ-

146 3677 322 3732 ρισμα
342 3658 624 3731 πολλαχῶς
657 3659 1089 3732 ἐκπληττόμενος
1123 3660 1222 3732 οὐχ
1243 3661 1443 3731 ήκιστα
1469 3661 1564 3714 καὶ
1594 3661 1722 3732 περὶ

139 3753 265 3807 τόδε
317 3752 550 3823 μάλιστα
589 3751 911 3824 τεθαύμακα
937 3752 998 3805 τὸ
1029 3753 1214 3824 μέρος·
1255 3754 1336 3806 ὃτι
1360 3753 1544 3822 σαφῶς
1565 3755 1722 3829 ἀκριο

143 3843 323 3897 σῶσαι
351 3842 528 3913 βούλει
553 3842 670 3908 πῶς
704 3844 769 3898 ἂν
793 3843 973 3915 ἔχοιμι
997 3843 1222 3915 γνώμης
1248 3843 1410 3898 ἕνεκα
1433 3845 1531 3916 τῆς
1560 3847 1724 3916 ἐγγα-

142 3935 446 4007 στριμύθου
485 3935 583 4006 τῆς
612 3936 670 3990 ὲν
709 3938 775 4007 τῇ
811 3933 1003 4008 πρώτῃ
1026 3935 1134 3988 τῶν
1160 3935 1453 3990 Βασιλειῶν
1483 3937 1722 4008 ἱστορου-

146 4027 341 4098 μένης·
370 4027 432 4079 οὐ
464 4026 574 4098 γὰρ
601 4026 928 4098 ἀρέσκεσθαι
959 4027 1065 4098 φῂς
1090 4021 1171 4090 οἷς
1209 4027 1472 4092 ἐξέδωκεν
1512 4028 1722 4100 Ὠριγὲ-

141 4136 247 4189 νης
273 4120 351 4182 εἰς
377 4117 533 4188 τήνδε
563 4118 663 4190 τὴν
696 4115 968 4172 ὑπόθεσιν.
1012 4119 1086 4172 υύ
1124 4119 1229 4188 μὴν
1264 4118 1399 4172 ἀλλὰ
1421 4117 1594 4186 ἔγωγε
1627 4117 1720 4171 καὶ

141 4211 339 4274 ἄλλους
367 4205 481 4264 οἶδα
508 4209 586 4263 ἔτι
618 4211 997 4282 μεμφομένους
1025 4210 1126 4263 οὐκ
1148 4209 1355 4279 ὀλίγους
1380 4211 1462 4279 ἐφ’
1491 4205 1570 4273 οἷς
1592 4210 1722 4282 ὠρί-

141 4319 282 4356 σατο
318 4303 642 4374 προχείρως,
669 4303 804 4356 ἀλλὰ
829 4303 1012 4372 συχνοὶ
1038 4302 1135 4372 μέν
1165 4304 1300 4355 εἰσιν
1323 4303 1373 4354 οἱ
1405 4301 1720 4372 δακνόμενοι

139 4393 246 4456 τὰς
275 4392 454 4464 ψυχὰς
480 4394 832 4464 ἀσχάλλοντες
856 4395 915 4446 οὐ
953 4394 1203 4465 μετρίωςο
1236 4393 1346 4448 ἔσθ’
1371 4396 1458 4448 ὅτε
1495 4395 1549 4448 δέ
1578 4411 1722 4459 τινες

136 4479 227 4548 οἷς
274 4484 512 4555 ἔγραψεν
560 4488 764 4549 ἐκεῖνος
796 4485 1124 4554 ὑπάγονται,
1168 4489 1234 4556 τῇ
1267 4485 1609 4559 προλαὸούσῃ
1638 4487 1722 4540 δο-

137 4576 376 4647 ξοκοπίᾳ
409 4578 536 4646 ῥᾷον
560 4576 958 4647 ἀνατιθέμενοι,
992 4578 1086 4630 καὶ
1105 4580 1215 4640 τοῖς
1242 4578 1464 4648 ὀνόμασι
1502 4578 1719 4648 μᾶλλον,

137 4669 260 4723 ἀλλ’
289 4669 350 4721 οὐ
378 4671 489 4731 τοῖς
516 4669 800 4740 πράγμασι
830 4671 1202 4742 προσέχοντες,
1227 4671 1300 4735 ὡς
1326 4671 1464 4725 δέον.
1502 4673 1596 4724 ’Ίν’
1627 4667 1720 4725 οὖν

1819 3481 2018 3543 zelum,
2055 3479 2278 3550 dignum
2311 3479 2404 3548 qui
2428 3487 2481 3533 et
2505 3478 2628 3533 aliis
2653 3479 2982 3545 innotescat,
3011 3492 3044 3532 ο
3073 3488 3234 3534 recte
3260 3478 3384 3538 ﬁdei

1819 3571 2173 3629 celeberrime
2199 3577 2252 3625 et
2283 3585 2438 3624 sacer
2465 3569 2790 3640 praedicator
2818 3568 3038 3638 Eutropi
3059 3609 3074 3633 ,
3108 3585 3387 3625 commen-

1818 3663 1889 3718 do
1915 3682 1928 3717 :
1959 3676 2147 3717 verum
2177 3667 2286 3714 tuae
2307 3661 2540 3731 insignis
2563 3660 2780 3730 pietatis
2804 3660 3002 3730 saepius
3027 3659 3388 3718 admiratione

1819 3765 2148 3818 commotus,
2181 3769 2291 3808 non
2323 3753 2503 3807 minus
2533 3760 2694 3823 atque
2714 3753 2791 3807 illi
2825 3754 3096 3824 praecipue
3116 3768 3237 3808 eam
3261 3753 3385 3810 lau-

1819 3847 1962 3904 davi.
2003 3845 2100 3901 Vis
2121 3845 2318 3916 quippe
2346 3852 2403 3899 ut
2433 3843 2759 3900 sententiam
2794 3859 2969 3898 meam
3003 3845 3071 3900 de
3103 3843 3388 3917 Engastri—

1818 3941 2005 4012 mytho
2025 3980 2040 4004 ,
2073 3939 2233 4008 cujus
2267 3937 2444 4008 primo
2470 3935 2678 4007 Regum
2704 3935 2930 3990 historia
2959 3935 3176 4006 legitur,
3202 3937 3389 3993 decla-

1817 4049 1933 4089 rem
1993 4031 2340 4100 dilucideque
2396 4033 2656 4099 aperiam.
2714 4025 2926 4082 Etenim
2977 4042 3099 4097 quae
3156 4029 3224 4084 de
3285 4031 3388 4086 hac

1820 4123 2049 4179 materia
2077 4121 2316 4192 vulgavit
2340 4117 2634 4190 Origenes,
2678 4119 2779 4174 tibi
2808 4135 2984 4189 neque
3015 4128 3170 4190 grata
3209 4137 3390 4194 neque

1819 4223 2043 4286 accepta
2067 4219 2213 4270 sunt.
2250 4211 2386 4266 Novi
2420 4210 2668 4280 equidem
2691 4209 2848 4274 alios,
2882 4225 3088 4281 eosque
3116 4227 3224 4267 non
3253 4229 3391 4284 pau-

1819 4323 1938 4374 cos,
1970 4315 2194 4377 questus
2214 4304 2281 4358 de
2310 4303 2378 4358 iis
2403 4317 2524 4372 quae
2548 4311 2748 4357 temere
2775 4302 2842 4355 ab
2871 4301 2962 4357 illo
2985 4303 3194 4371 prolata
3227 4312 3387 4369 sunt,

1820 4397 2196 4468 plurimosque
2238 4393 2406 4448 fuisse
2429 4392 2521 4462 qui
2555 4399 2840 4462 propterea
2882 4391 3065 4446 animo
3099 4393 3389 4449 vehemen-

1821 4487 2030 4542 tissime
2058 4484 2467 4540 excruciantur.
2491 4481 2750 4536 Nonnulli
2781 4481 2910 4536 item
2935 4483 3081 4544 illius
3110 4498 3390 4538 commen-

1822 4578 2121 4633 tationibus
2181 4577 2573 4646 acquiescunt,
2631 4589 2947 4643 novumque
3001 4574 3197 4644 dogma
3249 4575 3391 4629 male

1822 4668 2097 4723 intrusum
2123 4667 2281 4721 facile
2307 4666 2741 4734 amplectuntur,
2776 4671 2829 4718 et
2859 4663 3176 4718 nominibus
3208 4665 3391 4734 potius

141 4761 224 4831 μὴ
257 4761 472 4830 δόξαιμι
517 4761 638 4814 κατ’
668 4761 902 4832 ἐμαυτὸν
937 4764 1120 4832 ἀγῶνα
1157 4763 1428 4817 δικανικὸν
1459 4763 1716 4833 εἰσάγειν,
1751 4799 1752 4804 η

1821 4776 1986 4831 quam
2011 4759 2194 4820 rebus,
2229 4758 2373 4827 quod
2405 4756 2547 4810 facto
2570 4771 2708 4826 opus
2738 4763 2903 4820 esset,
2930 4756 3176 4809 animum
3202 4755 3393 4810 adver-

137 4853 246 4905 οὐκ
276 4853 538 4906 ἀνοίκειον
566 4851 803 4924 ἡγοῦμαι
839 4855 1015 4908 πᾶσαν
1056 4855 1151 4926 μὲν
1180 4854 1312 4926 ὁμοῦ
1341 4855 1594 4921 συζεῦξαι
1625 4853 1721 4925 τὴν

1819 4858 1961 4906 tunt.
1997 4849 2075 4905 Ne
2121 4847 2285 4920 igitur
2323 4855 2516 4918 sponte
2557 4847 2774 4902 forense
2812 4861 2875 4902 ac
2930 4847 3390 4902 concertatorinm

138 4942 409 5014 ἐξήγησιν
454 4942 619 4996 αὐτοῦ
665 4943 792 5014 τῇδε
834 4944 926 4998 τοῦ
973 4946 1295 5016 γράμματος
1330 4944 1624 5016 ὑπαγορίᾳ,
1653 4944 1722 4997 δι’

1819 4941 2078 5012 iudiciale
2099 4954 2272 5010 genus
2302 4938 2540 4994 subiisse
2573 4936 2792 5001 videar,
2831 4951 3010 5006 opem
3039 4934 3393 5006 pretiumfe-

139 5034 413 5104 ἑκατέρου
463 5033 520 5087 δὲ
561 5034 834 5106 τρανῶσαι
866 5034 928 5088 τὸ
968 5036 1155 5106 σαφές·
1199 5037 1274 5100 ὡς
1307 5035 1372 5089 ἂν
1407 5037 1544 5106 μήτε
1579 5034 1724 5100 τινὲς

137 5122 339 5176 οἴοιντο
362 5126 714 5192 συκοφαντεῖν
739 5124 886 5195 ἡμᾶς
909 5125 1055 5188 ὅπως
1079 5125 1278 5196 δήποτε
1307 5124 1527 5190 δοξάσαι
1556 5139 1726 5198 προσ-

140 5213 445 5286 αχθέντας,
507 5215 630 5286 μήτ’
671 5210 737 5269 αὖ
799 5214 961 5272 πάλιν
1020 5216 1393 5289 ἀμφηρίστους
1439 5211 1578 5269 εῖναι
1605 5213 1727 5284 ,τὰς

137 5306 306 5371 δόξας
354 5307 658 5379 ἑκατέρωνο
707 5307 909 5363 οῐονται
958 5308 1066 5379 γὰρ
1116 5309 1180 5362 ὲκ
1225 5309 1326 5380 τῆς
1383 5307 1726 5380 παραλλήλου

142 5395 489 5467 συγκρίσεως
515 5397 856 5462 ἀνεξετάζειν
886 5399 984 5470 μὲν
1011 5399 1157 5462 ὅπως
1183 5397 1282 5470 ἔχῃ
1304 5394 1459 5470 δόξης
1493 5398 1726 5466 ἑκάτερα

142 5490 214 5543 τὰ
244 5488 410 5560 μέρη,
449 5490 550 5562 τὴν
579 5481 838 5561 ἀμείνονα
869 5492 924 5544 δὲ
954 5490 1178 5562 γνώμην
1223 5491 1282 5558 ἐξ
1313 5493 1512 5562 ἀμφοῖν
1546 5493 1721 5564 αἱρεῖ-

144 5581 274 5634 σθαι
318 5582 444 5644 τοὺς
483 5582 816 5652 φιλολόγους.
856 5581 992 5636 Οὔτε
1042 5582 1172 5652 γοῦν
1217 5585 1382 5648 ἵππος
1421 5584 1722 5655 ἀγωνιστὴς

143 5666 287 5725 εἶναι
337 5670 582 5744 κρίνεται
634 5674 855 5745 δόκιμος
905 5674 1119 5746 ἐαυτῷ,
1160 5675 1375 5747 τρέχων
1423 5675 1714 5739 εὑσκελῶς,

143 5765 257 5822 οὐδ’
289 5768 338 5821 εἰ
367 5767 570 5841 σφόδρα
614 5767 814 5840 κοῦφος
856 5766 932 5822 ὢν
959 5765 1146 5839 ὥσπερ
1174 5767 1478 5840 ὑπόπτερος
1519 5767 1716 5821 ἐπιδεί-

989 5959 1021 5980 ο

1820 5034 1988 5090 cerim
2025 5031 2071 5088 si
2103 5046 2316 5086 omnem
2349 5030 2498 5084 illius
2538 5028 2932 5099 expositionem
2962 5043 3073 5081 una
3115 5043 3242 5082 cum
3284 5026 3387 5082 hac

1820 5139 1940 5179 mea
2004 5123 2299 5193 scriptione
2349 5121 2712 5192 coniungam,
2771 5126 2826 5173 et
2884 5120 3143 5190 utrinque
3191 5134 3382 5176 verum

1821 5215 2061 5284 aperiam
2089 5233 2102 5269 :
2129 5229 2198 5269 ne
2228 5213 2325 5267 ulli
2355 5212 2616 5284 Opinandi
2647 5212 2718 5267 sit
2749 5211 2902 5267 locus
2931 5226 3034 5267 nos
3070 5219 3257 5283 aperte
3287 5227 3387 5267 ca-

1821 5305 2111 5370 lumniari,
2161 5305 2321 5376 quasi
2368 5303 2575 5359 homini
2614 5319 2808 5374 parum
2851 5304 3084 5374 ingenue
3114 5305 3392 5374 imposue-

1819 5397 2029 5466 rimus;
2071 5396 2304 5468 ideoque
2341 5397 2627 5468 utriusque
2667 5397 2972 5452 sententias
3015 5395 3211 5451 dubias
3244 5412 3386 5451 esse.

1819 5489 2128 5560 Opinantur
2154 5489 2301 5544 enim
2340 5489 2630 5557 utriusque
2657 5488 3064 5554 comparatione
3100 5488 3390 5558 utriusque

1818 5581 1993 5651 partis
2021 5581 2347 5636 sententiam
2391 5578 2585 5634 melius
2614 5576 2888 5644 discerni,
2925 5578 3181 5648 deinceps
3205 5578 3388 5648 philo-

1823 5676 1975 5745 logos
1999 5673 2067 5728 ad
2110 5673 2387 5728 meliorem
2423 5687 2544 5728 sese
2595 5672 2887 5742 applicare.
2923 5669 3043 5725 Non
3083 5671 3266 5741 itaque
3297 5669 3388 5726 ille

1822 5782 1998 5838 equus
2030 5770 2376 5822 concertator
2405 5778 2528 5821 esse
2561 5762 2792 5819 aliorum
2821 5761 3032 5834 judicio
3061 5759 3388 5832 comproba-
