3850 6160
440 329 550 385 (HS

1323 318 1380 374 S.
1416 315 1787 374 EUSTATHII
1816 314 2340 374 ARCHIEPISCOPI
2371 312 2786 375 ANTIOGHENI

3583 323 3700 377 6l6

447 454 535 499 tur
587 444 681 515 qui
744 443 1071 500 festinanter
1113 441 1281 496 citato
1338 437 1508 511 gradu
1543 444 1839 511 properat,
1888 436 2016 491 licet

2117 453 2305 490 κνυται
2347 435 2444 500 τάς
2495 437 2754 508 κινήσεις·
2807 434 2917 490 οὔτ’
2962 432 3118 503 αὖθις
3164 436 3409 510 ἀθλητῶν
3442 435 3700 493 ὠκύτατα

444 534 752 591 incredibili
781 536 1091 596 celeritate,
1133 531 1291 604 quasi
1322 532 1424 587 alis
1456 531 1740 594 niteretur,
1770 528 2018 599 miraque

444 623 769 684 incitatione
823 627 1111 684 confestim
1169 626 1402 680 advolet.
1446 623 1633 694 Neque
1688 623 2015 677 athletarum

442 719 533 774 ille
561 719 801 789 Optimus
834 728 917 773 est
949 718 1042 791 qui
1090 719 1233 772 inter
1274 713 1598 771 certandum
1635 716 1790 772 ocius
1818 714 2017 786 pedem

441 809 694 865 conferre
728 817 938 881 potest,
990 825 1091 864 nec
1143 808 1433 879 quisquam
1481 806 1657 871 alius,
1706 807 1824 861 sive
1868 806 2016 861 lucta

442 902 656 969 agiliter
677 900 987 964 contendat,
1019 900 1133 955 sive
1155 898 1454 953 durissimo
1482 898 1765 969 pancratio
1793 897 2017 951 vulnera

441 990 701 1058 patiatur,
737 992 853 1046 sive
873 1000 1045 1046 caestu
1077 1004 1313 1059 pugnam
1346 989 1686 1051 committat,
1722 987 1807 1043 vel
1833 1002 2014 1043 aerem

441 1081 589 1136 inani
615 1083 965 1138 brachiorum
986 1082 1286 1153 jactatione
1315 1081 1615 1136 everberet.
1646 1078 1755 1134 Eos
1780 1094 2017 1149 namque

439 1173 533 1242 qui
564 1182 843 1230 certamen
887 1177 1112 1240 ineunt,
1165 1173 1416 1228 cominus
1450 1188 1573 1227 cum
1612 1172 1863 1226 hostibus
1910 1186 2016 1242 pu-

2121 529 2338 599 τρέχειν
2390 530 2448 582 ἐν
2503 528 2698 599 σταδίῳ
2755 527 3083 600 δυνάμενος,
3134 529 3261 584 οὔτε
3303 531 3460 595 ἄλλος
3497 530 3696 597 οὐδεὶς,

2120 619 2246 675 οὔτε
2291 619 2536 674 παλαίων
2586 619 2785 692 ὑγρῶς,
2830 619 2954 674 οὔτε
2998 622 3307 693 τραχύτατα
3357 623 3698 695 παγκρατιά-

2122 710 2252 776 ζων,
2290 711 2323 783 ἢ
2369 711 2694 783 πυγμαχῶν,
2737 711 2771 782 ἦ
2816 711 2908 768 τὸν
2948 713 3087 786 ἀέρα
3130 714 3303 786 δέρων
3334 714 3698 787 ἐωροκοπίαις

2122 804 2522 874 ὑποκειμένοις
2550 802 2683 856 άλλά
2722 803 2979 858 συσταδὸν
3010 805 3270 877 ἁρμόττει
3305 805 3373 859 τά
3412 804 3695 876 μαχόμενα

2120 898 2233 959 τοῖς
2264 896 2525 960 ἐναντίοις
2550 898 2901 951 άντιστατεῖν’
2935 897 3003 951 ἵν’
3045 895 3103 962 ἐξ
3144 898 3261 963 ἐνὸς
3292 898 3550 968 ὁποτέρου
3580 897 3696 950 δια-

2121 986 2456 1059 γινώσκηται
2503 989 2565 1041 τὸ
2612 984 2867 1061 προῦχον.
2917 988 3074 1043 Ὥστε
3122 988 3193 1042 τὰ
3241 989 3336 1060 μὲν
3394 987 3693 1060 Ὠριγένεια

2123 1081 2457 1152 προτακτέον
2490 1081 2548 1133 ἐν
2597 1080 2855 1153 πρώτοις.
2888 1081 2992 1153 ἰδίᾳ
3018 1081 3076 1135 δὲ
3103 1081 3253 1148 τάξει
3282 1082 3375 1135 καὶ
3413 1080 3503 1135 τὸν
3544 1082 3690 1135 ἀντι-

2122 1172 2386 1226 πίπτοντα
2416 1172 2538 1227 νοῦν
2560 1173 2784 1238 ἐκείνοις
2813 1173 3061 1239 ἐξετάσαι
3094 1174 3474 1228 σπουδαστέον.

430 1284 608 1340 gnare
656 1277 956 1339 contraque
1009 1270 1229 1325 obstare
1294 1271 1480 1331 decet,
1529 1278 1589 1322 ut
1619 1266 1745 1337 quis
1784 1265 1977 1321 melior
2019 1265 2091 1321 sit
2152 1266 2398 1338 dignosci
2449 1266 2608 1324 facile
2654 1269 2846 1339 possit.
2887 1268 3065 1336 Quare
3120 1269 3177 1323 in
3232 1268 3424 1339 primis
3470 1266 3691 1340 quidem

432 1367 567 1415 ante
622 1362 728 1415 alia
807 1361 1060 1433 Origenis
1124 1360 1273 1415 dicta
1343 1374 1753 1431 proponemus,
1818 1357 2016 1413 deinde
2060 1359 2398 1417 contrariam
2465 1360 2576 1415 illis
2634 1360 2961 1416 sententiam
3040 1359 3468 1428 subnectemus,
3523 1375 3691 1445 quam

438 1454 644 1523 ingenii
673 1455 942 1509 industria
986 1462 1151 1525 atque
1195 1454 1475 1526 diligentia
1520 1453 1797 1507 discutere
1840 1467 2022 1523 operae
2052 1454 2289 1523 pretium
2326 1453 2450 1509 erit.

509 1545 573 1600 ll.
607 1546 718 1617 Age
751 1546 915 1617 igitur
958 1544 1201 1601 historiae
1229 1547 1425 1601 seriem
1448 1584 1465 1610 ,
1503 1544 1686 1616 quoad
1728 1544 1848 1615 ejus
1898 1544 2016 1598 fieri

434 1639 640 1709 poterit
668 1639 936 1708 nobisque
959 1637 1190 1693 facultas
1216 1636 1458 1700 dabitur,
1490 1634 1858 1705 speculemur,
1889 1632 2016 1687 inde

2193 1545 2258 1598 Il.
2289 1545 2425 1618 Φέρε
2449 1542 2547 1600 οὖν
2578 1545 2709 1599 αὐτὸ
2734 1545 2794 1599 τὸ
2823 1545 2924 1617 τῆς
2958 1545 3195 1619 ἱστορίας
3220 1546 3452 1619 γράμμα
3481 1546 3692 1621 θεωρή-

2123 1654 2304 1709 σωμεν
2355 1639 2431 1703 ὡς
2472 1633 2582 1692 οἷόν
2634 1656 2694 1691 τε
2748 1639 2889 1693 κατά
2933 1638 2995 1692 τὸ
3038 1638 3255 1709 ἐφικτὸν
3284 1639 3491 1693 ἐνθένδε
3524 1642 3691 1695 πόθεν

436 1730 583 1783 unde
605 1744 703 1798 par
734 1736 819 1783 est
841 1736 1059 1799 sumpto
1084 1727 1260 1782 initio.
1277 1726 1414 1781 Cum
1446 1724 1577 1779 Saul
1600 1725 1802 1794 optime
1826 1722 2011 1794 populi

2120 1730 2369 1801 ἀρκτέον.
2409 1730 2677 1801 Ὀτι-τινίκα
2721 1730 2818 1801 μὲν
2871 1731 2901 1782 ὁ
2939 1730 3113 1784 Σαοὺλ
3156 1729 3353 1802 ἄριστα
3393 1732 3692 1803 προῖστατο

434 1825 703 1889 prteesset
745 1817 1123 1882 multitudini,
1172 1833 1350 1871 omnes
1370 1858 1385 1882 ,
1416 1815 1594 1886 inquit
1627 1815 1646 1845 ⁸
1667 1855 1682 1880 ,
1747 1813 2005 1885 cngastri-

437 1908 644 1980 mythos
682 1909 866 1979 ejecit,
917 1923 1217 1979 omnesque
1257 1907 1498 1978 reliquos
1536 1914 1754 1978 gnostas
1802 1905 2008 1971 dictos,

434 2002 606 2055 veluti
641 2000 1138 2071 perniciosissimas
1170 2009 1375 2071 pestes,
1410 1998 1504 2070 qui
1536 1998 1611 2052 ita
1643 1996 2007 2059 vocabantur,

436 2093 642 2147 ariolos
674 2092 897 2162 depulit.
935 2090 1135 2146 Verum
1172 2091 1261 2145 ubi
1297 2091 1461 2145 rebus
1488 2089 1742 2160 pessimis
1766 2087 2009 2142 animum

435 2184 688 2246 advertit,
719 2199 749 2237 a
780 2182 1117 2253 nequissimo
1143 2181 1391 2237 daemone
1410 2183 1551 2238 male
1589 2188 1850 2245 vexatus,
1887 2195 2011 2253 rurg

435 2289 556 2329 sum
597 2272 758 2328 ail‘ata
808 2250 1154 2327 fatidicorum
1197 2287 1260 2326 ac
1291 2279 1479 2326 vatum
1511 2270 1800 2325 ambitiose
1841 2250 2009 2324 nimis

430 2365 807 2437 amplectitur,
840 2365 1005 2436 paulo
1035 2372 1163 2419 ante
1195 2364 1460 2420 dissoluta
1495 2378 1852 2433 componens,
1884 2377 2011 2432 pro-

394 2468 728 2535 ptereaque
778 2458 1131 2529 semetipsum
1179 2457 1367 2511 violati
1424 2455 1666 2510 mandati
1720 2469 1875 2510 reum
1920 2470 2009 2508 ar-

429 2567 626 2625 guens.
684 2550 895 2621 Quippe
958 2565 1082 2604 cum
1154 2548 1322 2604 vicini
1390 2547 1700 2618 alienigena
1761 2545 2007 2601 unanimi

424 2660 706 2700 consensu
739 2643 941 2698 bellum
964 2641 1271 2697 indicerent
1292 2643 1410 2706 ’,οι
1442 2640 1658 2695 collatis
1682 2638 1873 2710 signis,
1905 2654 2009 2692 nu-

430 2753 649 2793 merosa
682 2737 1012 2808 phalangum
1042 2734 1198 2806 cepia
1222 2748 1373 2789 arma
1404 2738 1788 2797 consererent,
1820 2746 2010 2787 exser-

430 2830 613 2901 tisque
658 2829 852 2900 gladiis
899 2840 1112 2884 summa
1160 2825 1327 2880 animi
1376 2826 1724 2880 contentione
1770 2838 2008 2896 pugnam

431 2922 825 2991 deposcerent;
860 2920 1107 2973 misellus
1151 2914 1282 2970 Saul
1312 2916 1655 2972 tabernaculi
1694 2931 2005 2988 prepugna-

2112 1821 2213 1893 τῆς
2238 1822 2331 1876 τοῦ
2362 1821 2492 1877 λαοῦ
2532 1821 2924 1894 πολυανδρίας,
2965 1821 3123 1895 ἐξῆρε
3155 1822 3385 1890 πάντας
3414 1823 3556 1891 τοὺς
3588 1825 3689 1895 er.

2112 1917 2569 1985 γαστριμύθους,
2598 1914 2723 1987 ἔφη,
2752 1916 2847 1969 καὶ
2874 1915 3000 1978 τοὺς
3018 1915 3158 1968 οὕτω
3179 1915 3544 1986 καλουμένους
3570 1918 3691 1971 ὀνό-

2114 2022 2244 2078 ματι
2282 1987 2572 2078 γνώω-τας,
2609 2007 2704 2062 ἅτε
2736 2007 2801 2079 δὴ
2845 2007 3128 2078 λυμεῶνας
3178 2007 3577 2078 ἐμφοχεύοντας
3604 2008 3687 2079 (1)

2112 2096 2406 2167 ἐχθίστους.
2450 2097 2666 2169 Ἐπειδὴ
2694 2097 2750 2151 δὲ
2789 2099 3019 2169 τραπεὶς
3047 2098 3138 2151 ἐπὶ
3169 2097 3237 2150 τά
3272 2098 3518 2169 χείριστα
3547 2101 3689 2171 πρὸς

2109 2188 2204 2241 τοῦ
2258 2188 2537 2261 ἀλιτηρίου
2590 2188 2804 2264 πικρῶς
2858 2190 3118 2261 ἠλαύνετο
3173 2189 3458 2261 δαίμονος,
3511 2188 3692 2262 ᾤχετο

2113 2280 2273 2335 πάλιν
2301 2283 2393 2335 ἐπὶ
2435 2282 2505 2335 τά
2536 2284 2798 2354 φάσματα
2839 2283 2939 2354 τῆς
2970 2283 3224 2355 μαντείας
3252 2281 3452 2346 αὐτῶν,
3483 2283 3691 2337 οἰκοδο.

2112 2370 2379 2441 μούμενος
2411 2369 2448 2425 ἀ
2479 2371 2770 2425 κατέλυσεν
2800 2371 2965 2443 ὀλίγῳ
2993 2371 3248 2445 πρόσθεν,
3284 2372 3472 2426 ἑαυτὸν
3499 2372 3557 2425 δὲ
3588 2372 3688 2425 καὶ

2108 2463 2196 2516 διὰ
2235 2462 2391 2516 τοῦτο
2437 2463 2757 2536 παραϐάτην
2810 2462 3075 2535 ἐλέγχωνο
3130 2463 3205 2526 ὡς
3258 2465 3367 2537 γάρ
3413 2464 3462 2518 οἱ
3519 2463 3689 2535 πέριξ

2107 2553 2458 2625 ἀ.1λογενεῑς
2482 2553 2740 2626 ὁμοθύμῳ
2770 2555 2969 2626 σπουδῇ
2996 2553 3229 2627 πολέμου
3255 2555 3465 2624 γένεσιν
3493 2554 3690 2624 ἀνεκή-

2114 2662 2320 2715 ρυττον,
2361 2645 2735 2717 ἀθροισθέντες
2782 2647 2879 2716 μὲν
2915 2645 2992 2710 ὠς
3032 2646 3110 2700 ἔνι
3156 2647 3391 2717 μάλιστα
3416 2644 3686 2716 παμπληι

2106 2735 2195 2789 Osi
2221 2736 2321 2800 τάς
2366 2736 2652 2806 φάλαγγας
2697 2736 3177 2809 άντιπαρέταττον,
3212 2736 3351 2790 ὅπλα
3385 2735 3442 2790 δὲ
3471 2737 3691 2807 γυμνά-

2113 2849 2302 2897 σαντες
2325 2835 2404 2898 είς
2440 2834 2616 2905 μάχην
2645 2833 2855 2899 ἐξίεσαν
2890 2832 3193 2905 εὐρώστως·
3221 2837 3249 2888 ὁ
3281 2834 3524 2905 μέντοιγε
3559 2833 3691 2904 σχέ-

2108 2924 2254 2990 τλιος
2295 2926 2488 2991 Σαοὺλ,
2518 2925 2651 2980 αὐτὸ
2695 2927 2754 2980 τὸ
2791 2926 2891 2998 τῆς
2941 2926 3289 2998 παρεμϐολῆς
3330 2924 3691 2996 ἐπιτείχισμα

432 3016 618 3068 culum
646 3021 701 3069 et
727 3014 936 3083 reliqua
968 3011 1169 3073 omnia,
1200 3017 1259 3063 ut
1288 3010 1365 3062 ita
1395 3009 1574 3064 dicam
1594 3051 1611 3077 ,
1651 3009 1871 3064 oculata
1901 3007 2006 3063 ﬁde

2112 3019 2494 3090 πεφραγμένον
2543 3017 2666 3072 ίδὼν
2698 3018 2951 3088 αὐτοψεὶ,
2983 3018 3112 3083 καὶ,
3140 3018 3202 3071 τὸ
3236 3017 3454 3089 σύμπαν
3483 3018 3685 3082 εἰπεῖν,

429 3105 670 3162 hostium
695 3105 863 3160 armis
889 3103 1109 3158 occlusa
1142 3102 1419 3157 contuitus
1439 3141 1453 3167 ,
1481 3116 1509 3154 a
1535 3116 1594 3158 se
1617 3100 1733 3172 ipse
1752 3101 2007 3157 discessit

2112 3108 2303 3182 ἐξέστη
2347 3110 2745 3179 καταπλαγεὶς,
2777 3110 2914 3182 ὡςὴ
2960 3110 3079 3164 θεία
3124 3108 3422 3181 διαγορεύει
3462 3107 3683 3183 Γραφή·

423 3197 728 3259 attonitus,
784 3202 846 3250 ut
903 3194 1101 3248 divinae
1144 3200 1418 3249 testantur
1470 3191 1707 3247 Litterae.
1740 3190 2006 3261 Deinceps

2113 3202 2251 3272 μετὰ
2277 3202 2333 3256 δὲ
2374 3204 2531 3257 τοῦτὸ
2573 3219 2754 3275 φησιν,
2784 3203 2979 3271 ἠρώτα
3002 3202 3100 3257 διὰ
3130 3202 3235 3257 τοῦ
3262 3203 3503 3271 Κυρίου,
3534 3202 3677 3269 γνῶ.

429 3289 639 3343 addunt
658 3328 671 3352 ,
700 3285 1003 3341 consulebat
1033 3284 1319 3338 Dominum
1347 3283 1368 3315 ³
1392 3324 1407 3349 ,
1455 3290 1718 3355 appetens
1756 3283 2006 3340 videlicet

429 3383 573 3437 scire
603 3381 736 3452 quid
763 3395 899 3451 opus
929 3378 1075 3433 factu
1132 3385 1310 3444 esset;
1341 3385 1392 3431 et
1429 3378 1641 3431 omnino
1671 3393 1775 3431 non
1800 3392 2007 3446 respon-

422 3474 504 3528 dit
535 3475 583 3529 ei
613 3474 870 3527 Dominus
903 3472 956 3525 in
986 3471 1232 3534 somniis,
1261 3470 1314 3524 in
1335 3468 1854 3539 manifestationibus
1875 3478 1926 3523 et
1949 3470 2004 3523 in

422 3566 711 3639 prophetis.
750 3564 994 3621 Scelesto
1031 3579 1267 3635 namque
1306 3563 1581 3634 impieque
1620 3564 1801 3633 agenti
1850 3561 2005 3617 Sauli

427 3660 642 3715 Numen
674 3673 938 3729 responsa
967 3672 1075 3713 non
1100 3658 1214 3712 dat.
1257 3654 1401 3721 Quid
1440 3670 1571 3711 vero
1607 3654 1793 3711 divino
1829 3653 2001 3709 desti-

424 3759 581 3806 tutus
613 3751 816 3806 auxilio
835 3750 1064 3821 posthac
1090 3747 1472 3803 machinatur?
1490 3746 1609 3802 Non
1632 3747 1810 3818 placat
1833 3745 2002 3801 Deum

426 3844 685 3915 precibus
724 3844 938 3899 iteratis
974 3842 1311 3913 assiduoque
1357 3840 1525 3896 animi
1578 3841 1766 3905 cultu,
1809 3841 1832 3873 ι
1868 3840 2001 3911 quin

427 3933 724 3991 contrariis
760 3949 825 3990 ac
867 3933 1239 4005 pugnantibus
1287 3934 1488 3989 studiis
1531 3933 1784 3989 resiliens
1829 3932 2001 4004 magis

426 4042 492 4082 ac
522 4026 696 4097 magis
713 4026 839 4096 jura
874 4027 1061 4082 violat.
1095 4026 1287 4083 Pueris
1314 4026 1431 4082 suis
1470 4026 1700 4095 imperat
1728 4024 1999 4078 mulierem

424 4118 901 4189 engastrimythum
927 4134 1179 4189 querere,
1214 4127 1273 4172 ut
1307 4117 1377 4172 ad
1410 4134 1528 4172 eam
1561 4116 1810 4172 accedens
1839 4115 2002 4169 veluti

416 4226 489 4265 ex
512 4210 729 4264 oraculo
756 4209 1139 4265 sciscitaretur.
1171 4208 1217 4261 A
1240 4208 1510 4263 ministris
1538 4214 1717 4261 autem
1744 4203 1998 4277 pessimis

420 4305 574 4360 illico
617 4303 853 4359 fanatica
900 4303 1153 4374 prodita,
1196 4300 1326 4357 Saul
1361 4308 1610 4372 prompte
1661 4299 1852 4355 habitu
1895 4312 1998 4355 suo

420 4403 676 4463 mutato,
734 4395 1069 4466 indutusque
1126 4393 1250 4450 aliis
1306 4391 1693 4456 vestimentis,
1749 4390 2000 4450 velocius,

2106 3312 2195 3348 ναι
2223 3293 2421 3366 δηλαδὴ
2445 3293 2510 3347 τά
2539 3294 2786 3366 πρακτέα
2812 3293 3145 3365 γλιχόμενοςσ
3179 3297 3213 3347 ό
3234 3293 3302 3347 δὲ
3328 3293 3539 3360 Κύριος
3568 3295 3686 3346 οὑν

2105 3387 2465 3454 ἀπεκρίνατο
2492 3385 2557 3440 τὸ
2597 3385 2878 3456 παράπαν
2915 3385 3077 3453 αὐτῷ
3106 3386 3193 3440 διὰ
3219 3385 3318 3449 τάς
3346 3385 3442 3459 τῆς
3466 3384 3687 3447 ἀδικίας

2106 3477 2445 3550 ὑπερϐολάς,
2494 3478 2629 3532 οὔτε
2673 3477 2744 3531 ἐν
2774 3478 3107 3543 ἐνυπνίοις,
3157 3478 3296 3531 οὔτε
3340 3478 3411 3532 ἐν
3444 3475 3688 3546 ϐήλοις.

2105 3570 2250 3623 οὔτε
2279 3569 2348 3623 ἐν
2392 3568 2517 3636 τοῖς
2555 3568 2907 3639 προφήταις.
2964 3566 3125 3621 Ἀλλά
3161 3568 3267 3641 μὴν
3296 3566 3487 3638 ἐκείνῳ
3525 3583 3596 3635 γε
3626 3569 3691 3623 τῦ

2087 3660 2255 3714 ’Θεῖον
2296 3661 2395 3714 οὐκ
2433 3659 2796 3733 ἐχρημάτιζεν
2828 3660 3078 3732 οὐδαμῶς
3123 3659 3354 3731 ἀθέμιτα
3400 3659 3690 3732 δράσαντι.

2104 3752 2169 3805 Τί
2193 3753 2249 3806 δὲ
2295 3752 2432 3825 μετά
2460 3752 2632 3806 ταῦτα
2674 3753 2903 3824 πράττει
2929 3752 3028 3824 τῆς
3061 3752 3317 3806 ἀνωτάτω
3348 3752 3689 3824 γυμνασθεὶς

2104 3844 2179 3914 (‘2)
2216 3844 2567 3915 ὲπικουρίας;
2609 3844 2730 3897 ἀντὶ
2772 3841 2868 3897 τοῦ
2920 3842 3117 3915 μᾶλλον
3161 3843 3545 3910 ἐξιλεώσασθαι
3585 3862 3689 3898 συ-

2102 3936 2330 4008 χνοτέρᾳ
2379 3936 2561 4007 δεήσει
2607 3935 2701 3989 καὶ
2756 3936 2998 4008 καρτερᾷ
3040 3934 3423 4009 ψυχολατρείᾳ,
3450 3937 3689 3991 τούναν-

2100 4026 2212 4080 τίον
2243 4027 2602 4099 ἀποπηδήσας
2637 4025 2791 4093 αὕξει
2829 4026 2927 4098 μὲν
2959 4026 3027 4080 τὰ
3069 4027 3170 4097 τῆς
3194 4027 3527 4092 ἁποστασίας
3558 4029 3688 4082 ἐπι-

2096 4119 2431 4192 τηδεύματα.
2475 4120 2599 4184 Τοῖς
2643 4119 2700 4173 δὲ
2752 4119 2937 4172 παισὶν
2986 4118 3149 4172 αὐτοῦ
3196 4120 3525 4191 προσέταττε
3572 4139 3690 4190 τυ-

2099 4210 2277 4265 ναῖκα
2302 4209 2584 4279 ζητήσειν
2605 4211 3096 4282 ἐγητιστρίμυθον,
3115 4211 3215 4264 ἵνα
3233 4211 3503 4280 ἀφίκοιτο
3526 4212 3690 4279 πρὸς

2096 4306 2291 4373 αὐτὴν
2343 4306 2717 4373 πευσόμενος
2764 4305 2845 4372 ὡς
2892 4307 2962 4361 ἐν
3003 4304 3281 4375 μαντείῳ·
3334 4303 3456 4357 Τῶν
3507 4303 3568 4357 δὲ
3616 4304 3687 4379 δὴ

2098 4398 2386 4467 χειρίστων
2419 4395 2708 4469 ὑπηρετῶν
2737 4397 2932 4450 αὐτίκα
2976 4396 3041 4468 δὴ
3082 4396 3223 4468 μάλα
3252 4396 3685 4467 καταμηνυσάν-

414 4491 667 4548 exercitu
694 4487 924 4543 dimisso
949 4486 1270 4559 pervolavit.
1309 4484 1413 4541 Ubi
1443 4484 1513 4539 ad
1552 4483 1724 4554 ipsam
1759 4485 1994 4539 accessit
2026 4480 2028 4532 ζ

2112 4505 2226 4552 πων,
2261 4488 2359 4560 τὴν
2394 4488 2775 4560 έμπληκτον,ὀ
2812 4488 2908 4560 μὲν
2942 4488 3115 4543 Σαοὺλ
3142 4486 3372 4560 ἀμελητὶ
3404 4492 3689 4560 μετασχη-

414 4597 544 4637 cum
580 4581 797 4637 duobus
824 4580 955 4635 viris
987 4586 1179 4641 nocte,
1212 4586 1344 4630 tunc
1393 4576 1624 4645 supplex
1675 4574 1827 4630 illam
1863 4574 1999 4630 allo-

2103 4580 2332 4651 ματίσας
2366 4579 2578 4644 ἑαυτὸν,
2615 4580 2711 4634 καὶ
2750 4580 2819 4634 τὰ
2862 4582 2961 4651 τῆς
3005 4580 3229 4652 ἐσθῆτος
3258 4579 3497 4651 ἀμείψας
3526 4580 3653 4634 ἐνδυ
3678 4611 3692 4619 ~

416 4674 721 4746 quebatur:
758 4671 1059 4726 Vaticinare
1086 4668 1232 4733 mihi,
1249 4668 1460 4731 dicens,
1482 4669 1537 4721 in
1558 4666 1994 4738 engastrimytho,

2112 4690 2268 4743 ματα,
2295 4672 2550 4744 δρομαῖος
2580 4671 2771 4743 ᾤχετο,
2804 4673 2903 4745 τὴν
2937 4672 3194 4744 στρατιάν
3220 4670 3479 4726 ἐκλιπών
3513 4671 3593 4736 ὡς
3622 4672 3687 4726 δὲ

412 4776 469 4823 et
500 4766 586 4836 [ac
607 4764 739 4819 mihi
762 4762 1041 4817 ascendere
1061 4774 1212 4829 quem
1234 4757 1421 4813 dixero
1443 4757 1559 4812 tibi.
1591 4757 1763 4831 Igitur
1791 4758 1838 4815 si
1864 4756 1994 4813 Saul

2112 4763 2349 4833 ὶφίκοιτο
2397 4763 2534 4836 πρὸς
2581 4762 2751 4834 αὐτὴν
2797 4764 2915 4835 ἅμα
2962 4764 3113 4818 δυσὶν
3162 4763 3388 4835 ἀνδράσι
3434 4762 3683 4834 νύκτωρ,

418 4876 516 4930 per
543 4857 1036 4929 engastrimythum
1066 4862 1128 4910 ut
1165 4849 1271 4908 sibi
1319 4851 1659 4907 divinaretur
1689 4853 1992 4920 exorabat,

2112 4857 2336 4924 Ξιξιώσας
2376 4857 2514 4929 αὐτῇ
2565 4856 2928 4929 προσεφέρετο
2962 4854 3293 4928 τηνικαῦτα,
3327 4853 3687 4909 Μάντευσαι

415 4964 578 5005 veras
611 4946 884 5018 quispiam
922 4946 1095 5002 fuisse
1134 4944 1255 5015 ejus
1282 4958 1445 4999 voces
1483 4942 1858 4999 asseverabit?
1888 4942 1994 4998 Ve-

2112 4948 2173 5017 δή
2206 4967 2342 5019 μοι,
2392 4947 2564 5018 λέγων
2586 4987 2603 5014 ,
2649 4947 2719 5001 ἐν
2766 4946 2846 5013 τῷ
2894 4946 3363 5018 ἐγγαστριμύθῳ·
3413 4943 3687 5016 ἁνάγαγὲ

416 5054 538 5096 rum
587 5039 712 5110 quis
766 5038 920 5112 illum
957 5038 1012 5091 in
1057 5037 1371 5107 deploratas
1406 5050 1733 5091 conversum
1779 5035 1991 5091 divina-

2112 5057 2225 5099 αοι.
2274 5039 2465 5111 φησὶν,
2502 5038 2576 5094 ὃν
2624 5038 2701 5094 ἂν
2752 5038 2898 5093 εἴπω
2942 5054 3060 5093 σοι.
3112 5036 3414 5109 Τοιγαροῦν
3461 5021 3625 5109 εἷπερ
3656 5038 3684 5090 ὁ

414 5134 596 5189 tiones
622 5139 678 5189 et
706 5133 1008 5188 diabolieas
1039 5132 1347 5187 fabularum
1381 5129 1728 5201 operationes
1762 5129 1986 5186 immani

2112 5133 2268 5187 Σαοὺλ
2296 5132 2465 5185 ἐδεῖτο
2504 5131 2593 5187 διὰ
2623 5132 2722 5204 τῆς
2759 5130 3195 5202 ἐγγαστριμύθου
3232 5128 3645 5202 μντεόσασθαι
3666 5168 3681 5192 ,

412 5222 602 5279 iurore
631 5239 663 5278 a
698 5224 943 5280 daemone
991 5232 1245 5279 vexatum
1294 5221 1464 5278 fuisse
1516 5220 1765 5292 ignorat?
1796 5219 1990 5276 Nonne

2112 5223 2230 5294 ραίη
2266 5239 2352 5286 τις
2383 5220 2449 5275 ἂν
2490 5220 2710 5292 ἀληθεῖς
2739 5217 2878 5274 εἶναι
2906 5221 3004 5285 τὰς
3034 5219 3240 5273 ἐκείνου
3277 5217 3496 5289 φωνάς;
3539 5216 3682 5270 Ἀλλ’

416 5311 583 5379 Deus,
613 5314 708 5385 qui
749 5315 806 5370 in
829 5331 892 5372 os
918 5314 1159 5369 Balaami
1194 5329 1478 5370 sermones
1505 5311 1768 5382 imposuit
1790 5351 1806 5377 ,
1840 5311 1991 5385 Moy-

2112 5315 2213 5368 Ξστι
2240 5331 2322 5378 τις
2349 5313 2559 5382 ἀγνοῶν
2585 5314 2661 5378 ὡς
2690 5315 2897 5377 ἐκεῖνος
2923 5312 3029 5365 ὑπὸ
3063 5311 3157 5365 τοῦ
3185 5310 3437 5382 δαίμονος
3463 5309 3684 5382 ἀγρίοις

411 5403 572 5475 sique
595 5415 655 5459 ut
683 5411 944 5477 expresse
976 5408 1032 5461 in
1072 5404 1326 5466 Numeris
1362 5406 1632 5461 scriberet
1663 5406 1988 5476 imperavit,

2112 5406 2351 5461 ὲλαύνετο
2376 5404 2567 5475 θυμοῖς
2604 5406 2685 5469 είς
2720 5404 3053 5476 ἀνηκέστους
3083 5403 3380 5476 ἐκτραπεὶς
3418 5401 3680 5475 μαντείας

486 5583 512 5616 ι
545 5581 575 5637 ι
603 5582 728 5654 Reg.
768 5556 962 5650 χω..
1002 5588 1056 5641 5.
1133 5585 1154 5617 ι
1181 5584 1311 5640 ibid.
1348 5586 1404 5642 ι.
1480 5584 1654 5641 ‘ibid.
1691 5584 1745 5642 6.
1822 5586 1845 5619 ι
1874 5583 2002 5642 ibid.
2036 5538 2087 5640 τ.

485 5761 1060 5833 (ηἘμφοχεύωτας,
1112 5764 1569 5834 Ἐμφωλεύοντας.
2178 5764 2255 5838 (2)
2281 5764 2678 5837 Γυμνασοεις.
2711 5762 3040 5837 Γυμνωθεις.
