3850 6160
166 287 274 344 617

1057 291 1144 346 DE
1184 288 1780 347 ENGASTRIMYTHO
1818 287 2100 344 CONTRA
2139 285 2520 344 ORIGENEM.

3315 285 3420 342 618

166 413 262 466 καὶ
286 411 597 477 διαϐολικὰς
630 413 811 484 μύθων
844 415 1152 486 ἐνεργείας;
1188 416 1253 468 Τί
1297 415 1443 487 γάρ;
1473 416 1576 468 οὐκ
1606 413 1749 481 ἀξιό-

1858 411 1956 466 fide
1979 411 2193 483 dignior
2221 411 2350 468 est?
2379 408 2504 464 Non
2537 412 2674 463 enim
2715 416 2793 462 est
2838 407 3118 477 auguratio
3138 407 3192 462 in
3217 404 3384 463 Iacob
3404 449 3420 475 ,

164 519 357 566 πιστος
391 503 589 573 μᾶλλόν
618 505 762 556 ἐστιν
789 505 818 557 6
836 502 988 568 Θεὸς,
1017 504 1046 555 6
1067 504 1195 567 τοὺς
1223 504 1320 574 μὲν
1350 504 1538 570 λόγους
1570 503 1650 566 είς
1681 503 1744 556 τὸ

165 592 344 657 στόμα
395 592 491 645 τοῦ
541 592 770 664 Βαλαὰμ
801 593 1084 665 ἐμϐαλὼν,
1127 593 1424 663 ἐπιτρέψας
1461 594 1519 647 δὲ
1557 595 1748 648 Μωσεῖ

162 685 374 756 γράψαι
404 688 581 756 ῥητῶς
610 688 667 739 ἐν
695 690 807 751 τοῖς
853 688 1146 760 Ἀριθμοῖς⁸
1178 691 1260 743 Οὐ
1283 687 1395 757 γάρ
1419 689 1590 742 ἐστιν
1619 691 1745 742 οἰω-

160 778 386 847 νισμὸς
427 779 496 832 ὲν
538 779 754 844 Ἰακὼϐ,
799 779 940 833 οὐδὲ
974 782 1227 850 μαντεία
1267 781 1336 834 ἐν
1372 781 1647 849 ’1σραήλ;
1685 781 1747 833 Εἰ

161 869 348 923 τοίνυν
384 871 764 942 ἀπαγορευτέα
803 870 980 925 τοιάδε
1019 873 1376 945 καθέστηκεν,
1409 867 1497 926 οἷα
1542 871 1605 943 δὴ
1635 871 1752 941 βδε-

1852 520 2011 576 neque
2045 503 2301 559 divinatio
2346 505 2405 558 in
2457 501 2630 557 Israel
2662 501 2704 557 ⁸.
2745 502 2935 572 Itaque
2991 502 3039 558 si
3083 501 3199 557 haec
3252 502 3422 558 veluti

1851 595 2189 652 exsecranda
2244 595 2674 666 detestandaque
2729 596 2938 650 scelera
2979 595 3424 668 odiosissimique

1853 687 2121 743 idolorum
2145 689 2326 745 cultus
2354 703 2534 745 causai
2559 689 2826 760 prohibita
2856 694 3014 755 sunt,
3049 690 3324 760 quomodo
3355 691 3422 745 ad

1853 778 2139 835 ferendum
2187 781 2560 838 testimonium
2607 781 2655 839 is
2689 782 2784 853 qui
2819 781 3146 853 impiissime
3184 783 3294 839 illis
3345 785 3424 838 uti

1854 879 2086 928 conatus
2117 881 2236 940 est,
2274 873 2505 930 idoneus
2533 874 2681 930 erit?
2717 873 2823 930 Sed
2847 874 2962 930 haec
2993 875 3158 946 paulo
3194 875 3427 933 inferius

164 962 422 1032 λύγματα
467 965 686 1036 μυσαρὰ
731 965 824 1018 καὶ
871 967 969 1036 τῆς
1013 965 1266 1036 ἐχθίστης
1309 965 1753 1036 εἰδωλολατρείας

1858 964 2052 1019 iterum
2111 975 2331 1037 arrepto
2388 981 2642 1022 sermone
2691 967 2989 1038 perfectius
3039 970 3423 1028 tractabimus.

161 1057 337 1118 αἴτια,
363 1055 476 1119 πῶς
503 1055 568 1110 ἄν
595 1058 678 1128 εἴη
710 1057 1009 1129 φερέγγυος
1035 1060 1063 1111 ὁ
1109 1058 1318 1128 μάρτυς
1351 1059 1381 1111 ό
1417 1057 1626 1120 τούτοις
1654 1057 1749 1110 ἀν-

1858 1055 2037 1122 Quare
2071 1057 2140 1112 ad
2169 1058 2411 1114 historiae
2444 1061 2640 1116 seriem
2672 1069 3033 1119 revertamur.

160 1151 438 1206 οσιώτατα
483 1153 786 1224 χρήσασθαι
833 1153 1152 1225 πειραθείς;
1202 1152 1359 1206 Ἀλλὰ
1389 1152 1560 1206 ταῦτα
1617 1152 1714 1222 μὲν
1747 1149 1928 1220 ὀλίγον
1979 1151 2202 1224 ὕστερον
2247 1154 2677 1221 ἐπαναλαϐόντες
2730 1158 3104 1231 ἐντελέστερον
3157 1157 3419 1232 ἐροῦμενο

163 1249 448 1303 ἐπανιτέον
495 1249 553 1302 δὲ
605 1249 766 1303 πάλιν
820 1250 899 1314 είς
947 1249 1044 1321 τὴν
1088 1249 1180 1302 τοῦ
1227 1249 1550 1320 γράμματος
1575 1247 1834 1320 ἱστορίαν.

237 1342 332 1394 Ill.
371 1341 458 1404 Ὠς
484 1337 576 1395 οὖν
609 1344 643 1414 ὴ
673 1343 807 1413 γυνὴ
846 1343 937 1396 τὸν
969 1342 1209 1414 ἔκφρονα
1242 1343 1413 1396 Σαοὺλ
1455 1343 1744 1407 ἐθεάσατο,

1929 1338 2014 1394 Ill.
2043 1339 2236 1396 Mulier
2267 1341 2433 1412 igitur
2463 1348 2733 1398 amentem
2761 1343 2979 1400 Saulem
3004 1345 3223 1414 intuita,
3253 1348 3424 1405 simu-

163 1432 509 1504 πλαττομένη
555 1435 629 1507 μὴ
676 1435 872 1488 εἰδέναι
920 1435 1012 1489 τὸν
1056 1435 1342 1506 δυνάστην,
1377 1435 1751 1508 ἀνθυπέφερεν

1859 1429 1978 1483 lans
2023 1446 2083 1486 se
2128 1431 2351 1485 minime
2389 1431 2691 1501 principem
2741 1447 3105 1503 cognoscere,
3143 1441 3426 1508 respondit

158 1524 241 1589 ὡς
261 1526 424 1590 αὐτὸς
444 1527 664 1597 ἄμεινον
685 1527 750 1582 ἂν
773 1529 856 1599 εἴη
880 1527 1181 1597 γινώσκων,
1212 1529 1310 1581 ὅσα
1332 1529 1620 1599 πεποιήκει
1640 1531 1752 1591 τοῖς

1859 1521 2010 1574 illum
2052 1521 2245 1578 uelius
2303 1522 2476 1578 scisse
2529 1537 2651 1594 quae
2701 1524 2967 1583 adversus
3019 1528 3209 1585 talium
3243 1547 3422 1587 rerum

162 1619 298 1686 περ).
328 1616 499 1670 ταῦτα
539 1615 728 1682 δεινοῖς
756 1621 784 1673 ό
821 1619 1013 1684 Σαοὺλ,
1047 1620 1125 1686 ὠς
1166 1619 1574 1688 ἐξωλόθρευσε
1606 1621 1747 1686 τοὺς

1858 1612 2062 1681 peritos
2089 1610 2216 1666 Saul
2246 1620 2554 1682 patraverat
2592 1633 2608 1681 ;
2639 1616 2899 1685 quomodo
2934 1621 3301 1676 exterminavit
3333 1639 3428 1678 en-

162 1712 690 1780 ἐγγαστριμύθους,
721 1712 847 1784 ἔφη,
876 1713 971 1766 καὶ
1012 1712 1154 1780 τοὺς
1191 1713 1610 1783 ἑκφωνοῦντας
1634 1715 1752 1769 ἀπὸ

1858 1704 2228 1774 gastrimythos
2256 1715 2303 1759 et
2328 1706 2725 1776 manifestantes
2746 1708 2809 1764 de
2833 1719 2995 1765 terra.
3025 1710 3152 1767 Idea
3179 1712 3425 1780 laqueum

161 1802 278 1870 τῆς
313 1803 445 1872 γῆς’
476 1803 656 1858 ἕνεκα
706 1804 774 1858 δὲ
823 1808 1036 1861 τούτου
1087 1806 1563 1877 παγιδεύσασθαι
1601 1807 1752 1876 πρὸς

1858 1797 1974 1850 vita:
2003 1797 2149 1850 illius
2173 1797 2436 1853 intendere
2457 1799 2693 1866 dicebat,
2725 1812 2781 1855 ut
2808 1803 3062 1858 occideret
3083 1804 3124 1860 ⁵.
3159 1804 3264 1861 Ubi
3297 1822 3428 1863 vero

161 1895 356 1951 αὐτοῦ
421 1897 497 1966 (5)
556 1896 670 1964 τὴν
731 1898 944 1967 ψυχὴν
1003 1899 1275 1968 ἔφασκεν
1327 1904 1414 1966 εὶς
1471 1902 1748 1956 θάνατον.

175 1987 400 2059 Ἐπειδὴ
427 1989 485 2041 δὲ
518 1991 931 2061 πιστωσάμενος
957 1992 1106 2063 ὅρκῳ
1134 1992 1552 2046 διεϐεϐαιώσατο
1589 1993 1752 2064 μηδὲν

162 2080 340 2150 αὐτὴν
393 2080 693 2151 ὑποστῆναι
745 2083 966 2149 σκαιὸν,
1016 2081 1172 2148 αὖθις
1224 2086 1625 2157 ἐπιρρωσθεῖσα
1685 2090 1751 2159 τῇ

163 2171 360 2242 κακίᾳ,
395 2173 860 2244 παρρησιέστερον
903 2173 1257 2246 ἀποκρίνεται
1300 2175 1564 2246 δήπουθεν
1595 2177 1627 2247 ἡ
1654 2194 1752 2245 γυ-

162 2264 262 2334 νή·
299 2264 461 2326 Τίνὰ,
499 2264 683 2334 φησὶν,
729 2264 928 2336 ἀνάγω
960 2281 1091 2329 σοι;
1134 2266 1358 2340 Ποταπὴ
1391 2269 1486 2321 καὶ
1531 2269 1692 2323 ὁποία
1719 2270 1774 2339 ἡ“

165 2356 520 2428 κακοδαίμων
565 2357 856 2428 ἐτύγχανεν
903 2357 1040 2429 αὕτη
1073 2359 1275 2430 γραῦς,
1324 2360 1409 2414 ἵνα
1452 2361 1753 2432 ὑπόσχηται

163 2449 259 2501 τὸν
290 2449 545 2521 Σαμουὴλ
575 2451 638 2503 ἐκ
664 2450 872 2523 νεκρῶν
905 2450 1131 2519 ἀνάξαι;
1164 2453 1274 2506 Καὶ
1311 2453 1416 2524 μὴν
1439 2454 1554 2522 εἴγε
1584 2453 1666 2506 δεῖ
1695 2454 1756 2507 τὸ

163 2541 266 2612 τῆς
312 2541 464 2608 ἀξίας
509 2543 908 2614 ὑπερθεμένους
940 2546 1135 2610 εἰπεῖν,
1165 2546 1264 2616 οὐχ
1307 2547 1455 2608 ὅπως
1495 2545 1594 2599 οὐκ
1626 2546 1754 2615 ἡδύ-

164 2651 296 2687 νατο
326 2636 668 2706 προφητικὴν
696 2635 890 2699 ἀνάξαι
915 2635 1112 2708 ψυχὴν,
1140 2637 1253 2691 ἀλλ’
1289 2638 1408 2691 οὐδὲ
1441 2638 1549 2690 τῶν
1570 2639 1757 2691 ἐπιτυ-

165 2725 373 2794 χόντων
399 2727 609 2789 οὐδενὸς
633 2729 1039 2794 οὐδόλως,.ὰλλ’
1079 2729 1201 2784 οὐδὲ
1234 2729 1522 2802 μύρμηκος
1557 2729 1590 2800 ἢ
1619 2729 1755 2800 ψύλ-

165 2817 286 2888 λἠς⁸
323 2819 384 2870 οὐ
413 2819 522 2891 γὰρ
551 2821 600 2872 οἱ
636 2820 890 2892 δαίμονες
921 2821 1171 2888 ἐξουσίαν
1213 2821 1396 2892 έχουσι
1431 2824 1756 2894 πνευμάτων

166 2930 229 2966 τε
261 2913 360 2965 καὶ
398 2913 606 2985 ψυχῶν,
655 2915 768 2969 ἀλλ’
802 2918 830 2970 ὁ
868 2917 1086 2971 πάντων
1126 2916 1262 2987 ὁμοῦ
1302 2915 1575 2982 δεσπόζων
1603 2918 1752 2982 Θεός’

165 3005 313 3060 ὥστε
359 3009 426 3078 τῇ
476 3007 599 3079 θείᾳ
627 3009 805 3062 δοτέον
835 3009 992 3078 φύσει
1036 3010 1169 3081 μόνῃ
1211 3010 1270 3078 ἐξ
1313 3011 1439 3082 ᾅδου
1479 3013 1758 3082 μεταπέμ-

168 3100 370 3154 πεσθαι
405 3102 498 3155 καὶ
533 3101 694 3154 πάλιν
728 3101 1114 3155 ἀνακαλεῖσθαι
1146 3101 1340 3172 ψυχάς.
1388 3103 1526 3156 Ἀλλ’
1559 3104 1587 3156 6
1618 3120 1753 3173 κομ-

164 3191 270 3260 ψὸς
307 3192 608 3264 Ὠριγένης,
639 3193 1080 3264 εἰδωλολατρείας
1099 3194 1304 3266 ὄργανα
1334 3195 1427 3248 καὶ
1458 3211 1754 3266 νεκυομαν-

164 3283 320 3346 τείας
345 3285 626 3358 εὑρήματα
656 3285 735 3356 τῷ
758 3287 859 3356 τῆς
900 3287 1228 3358 Ἐκκλησίας
1260 3287 1428 3341 θέλων
1455 3288 1753 3360 ἐπισκυλῆ-

170 3390 263 3426 σαι
308 3374 409 3444 ('5’)
437 3374 606 3446 χορῷ,
654 3376 748 3430 τοῦ
779 3377 921 3431 θείου
958 3376 1353 3446 καταψεύδεται
1403 3378 1750 3450 γράμματος.

169 3466 352 3538 Αὐτῆς
388 3469 576 3538 γάρτοι
616 3469 715 3540 τῆς
755 3470 976 3542 Γραφῆς
1021 3469 1323 3540 ἀναφανδὸν
1365 3469 1644 3542 ἐκϐοώσης
1679 3471 1756 3534 ὡς

168 3552 322 3610 εἶπεν
358 3559 391 3628 ἡ
436 3560 604 3630 γυνή·
654 3560 794 3615 Τίνα
845 3560 1046 3631 ἀνάγω
1090 3577 1224 3625 σοι;
1270 3561 1577 3616 τούναντίον
1609 3563 1756 3615 ἀντι-

171 3649 414 3720 στρέψας
454 3643 637 3715 οὗτος,
671 3653 730 3706 τὸ
777 3654 1066 3724 πρόσωπον
1110 3654 1213 3725 ἔφη
1257 3655 1430 3710 ταῦτα
1477 3655 1756 3725 εἰρηκέναι

167 3737 263 3790 τοῦ
310 3739 468 3808 ἁγίου
504 3741 838 3812 [Ινεύματος.
882 3739 1017 3797 Εἶτα
1056 3743 1306 3797 τοσοῦτον
1336 3744 1606 3816 ἐξετράπη
1655 3761 1756 3797 πα-

173 3830 452 3900 ρασυρεὶς,
500 3829 640 3883 ὥστε
685 3833 786 3884 οὐκ
832 3830 1064 3904 ἐρυθριᾷ
1107 3832 1185 3904 τῷ
1233 3833 1372 3904 ἁγίῳ
1419 3832 1756 3904 περιτιθέναι

172 3916 453 3989 Πνεῦματι
482 3920 552 3974 τὰ
584 3921 686 3992 τῆς
714 3923 1008 3994 ἐπιλήπτου
1045 3924 1292 3995 ῥήματα·
1323 3924 1549 3978 τοιαῦτα
1577 3925 1636 3977 δέ
1664 3941 1758 3992 γυ-

176 4011 416 4084 μνοτέρα
458 4017 524 4085 τῇ
569 4013 782 4088 γλώττῃ
815 4013 1170 4086 βλασφημῶν,
1218 4019 1300 4080 είς
1334 4016 1396 4070 τὸ
1439 4015 1665 4088 Πνεῦμα
1698 4017 1758 4069 τὺ

174 4107 331 4175 ἅγιον
376 4106 635 4177 ἀναφέρει
677 4105 740 4158 τὸ
786 4107 916 4170 πᾶν,
953 4107 1248 4177 ἀξιοπίστῳ
1287 4109 1412 4171 τοὺς
1458 4108 1760 4178 αὐτηκόους

171 4199 400 4270 -Ξὸόματι
426 4199 739 4253 καταιδέσαι
772 4197 1127 4270 πειρώμενος.
1168 4201 1370 4272 Ἤρετο
1401 4199 1500 4270 μὲν
1537 4195 1649 4265 οὖν,
1684 4199 1761 4262 ὡς

171 4291 395 4362 Etyma!)
426 4291 585 4362 γυνὴ,
617 4291 710 4344 κα).
736 4290 985 4362 καθάπερ
1011 4290 1258 4356 ἐξουσίαν
1296 4290 1494 4362 ἔχουσα
1526 4289 1621 4343 τοῦ
1659 4308 1758 4362 με-

169 4383 564 4454 ταπέμπεσθαι
612 4385 736 4448 τοὺς
785 4386 1041 4458 νεκροὺς,
1103 4386 1276 4452 Τίνα,
1319 4385 1515 4455 φησιν,
1557 4381 1756 4453 ἀνάγκη)

171 4493 310 4540 σοι;
342 4476 437 4529 τοῦ
484 4476 540 4531 δὲ
589 4478 988 4549 μαντευομένου
1031 4478 1301 4548 φήσαντος
1333 4475 1633 4548 ἀναχθῆναι
1663 4476 1754 4528 τὸν

174 4568 452 4640 Σαμουὴλ,
503 4566 658 4634 αὖθις
701 4571 970 4641 ἐπιφέρει·
1021 4570 1128 4625 Καὶ
1164 4565 1323 4623 εἶδεν
1367 4570 1404 4636 ἠ
1450 4567 1604 4639 γυνὴ
1650 4565 1759 4620 τὸν

169 4660 479 4730 Σαμουὴλ,
509 4661 633 4733 ἐφη,
671 4663 763 4715 καὶ
798 4662 991 4732 ἐϐόησε
1033 4663 1182 4733 φωνῇ
1222 4660 1454 4734 μεγάλῃ,
1499 4660 1590 4713 καὶ
1636 4655 1757 4712 εἷπε

172 4751 254 4823 τῷ
303 4751 556 4828 δυνάστῃ
606 4755 766 4808 Διατί
820 4755 1197 4824 παρελογίσω
1254 4770 1368 4822 με;
1421 4753 1517 4806 καὶ
1569 4751 1651 4805 σὺ
1704 4746 1766 4804 εἷ

175 4843 399 4897 Σαούλ.
445 4843 532 4906 Ὠς
561 4843 618 4896 δέ
642 4845 672 4896 6
699 4843 951 4914 βασιλεὺς
978 4843 1178 4916 ἔφησεν
1209 4844 1368 4916 αὐτῇ,
1407 4841 1506 4910 Μὴ
1547 4841 1756 4910 φοϐοῦ,

174 4935 272 4986 καὶ
301 4934 383 4996 τὸ,
422 4933 488 4987 Τί
518 4934 810 5003 ἑώρακας
842 4937 1054 5004 ἐπάγει·
1083 4933 1240 4998 αὖθις
1278 4931 1754 5000 ἀνθυπενεγκοῦσα

177 5024 345 5079 πάλιν
392 5027 426 5096 ἡ
472 5026 808 5098 πυθόμαντις
851 5028 987 5100 ἔφη·
1031 5027 1213 5093 Θεοὺς
1254 5025 1483 5095 ἑώρακα
1511 5023 1754 5079 ἀναϐαί-

171 5133 398 5184 νοντας
425 5118 494 5171 ἐκ
536 5117 666 5187 γῆς.
711 5118 926 5190 Ἐπειδὴ
955 5119 1012 5172 δὲ
1044 5119 1136 5171 καὶ
1165 5117 1228 5170 τὸ
1269 5117 1573 5170 τελευταῖον
1609 5117 1638 5168 ὁ
1669 5114 1758 5166 δυσ

175 5213 382 5282 νάστης
413 5215 594 5284 ἤρετο,
629 5215 690 5268 Τί
716 5215 938 5285 Errare;
964 5217 1163 5286 αὐτίκα
1189 5215 1350 5269 πάλιν
1382 5213 1756 5283 ἀνθυπήνεγκε

175 5303 320 5373 πρὸς
342 5303 492 5367 ἔπος·
521 5304 734 5373 Ἄνδρα
755 5304 953 5374 ὄρθιον
975 5307 1374 5360 ἀναϐαίνοντα
1397 5304 1467 5357 ὲκ
1491 5303 1600 5370 τῆς
1623 5300 1754 5372 γῆς·

175 5395 276 5448 καὶ
329 5391 512 5461 οὗτος
553 5397 1032 5468 ἀναϐεϐλημένος
1074 5397 1370 5453 διπλοΐδα.
1422 5397 1487 5449 Τί
1532 5391 1625 5448 οὖν
1666 5394 1758 5446 ἐπὶ

249 5507 274 5538 ⁸
301 5506 648 5576 Num.xxm,
692 5511 784 5566 2'5.
857 5511 879 5543 ⁸
910 5507 939 5565 1
968 5511 1093 5581 Reg.
1145 5526 1338 5574 xxvm,
1379 5509 1433 5564 9.
1514 5510 1533 5540 ⁷
1566 5505 1780 5562 ibid.“

277 5623 336 5688 3)
374 5624 593 5678 Αὑτοῦ.
625 5625 784 5681 Forte
804 5627 992 5688 αὐτῆς.

277 5623 336 5688 3)
374 5624 593 5678 Αὑτοῦ.
625 5625 784 5681 Forte
804 5627 992 5688 a6.';.

253 5623 360 5764 ξδ’)
412 5645 1043 5763 Ἐπισκυλῆσαι.’ὃιιί‹1
1067 5695 1170 5752 sibi
1200 5694 1316 5749 vult
1345 5693 1490 5764 istud
1531 5694 1755 5764 ἐπισκυ-

176 5762 368 5835 λῆσαι,
406 5766 548 5835 quod
578 5765 712 5819 nihil
735 5762 1060 5836 'significare
1100 5765 1312 5834 potest?
1345 5762 1500 5821 Haud
1531 5763 1754 5823 dubium

512 5858 784 5921 ΡΑτιιοι..
831 5859 948 5922 Gn.
994 5857 1221 5940 XVIII.

1857 1888 1987 1943 Saul
2027 1889 2389 1960 jurejurando
2442 1893 2601 1948 fidem
2630 1895 2909 1966 alligasset
2962 1913 3154 1966 suam,
3213 1900 3426 1956 nullum

1854 1981 2028 2053 ipsam
2062 1984 2370 2038 subituram
2413 1986 2655 2053 malum;
2697 1988 2894 2044 mulier
2924 1988 3153 2046 ﬁrmatis
3179 1993 3428 2064 nequitia

1855 2075 2064 2131 viribus
2092 2077 2318 2133 liberius
2345 2078 2531 2149 utique
2552 2079 2731 2136 reddit
2762 2098 3059 2153 responsa:
3095 2083 3283 2150 Quem,
3322 2087 3390 2140 ait
3410 2131 3426 2150 ,

1851 2168 2074 2222 evocabo
2101 2169 2264 2224 tibi"?
2300 2169 2430 2237 Quae
2457 2173 2744 2243 qualisque
2767 2181 2886 2229 erat
2909 2175 3022 2230 haec
3045 2175 3203 2234 furiis
3224 2178 3428 2250 agitata

1855 2274 2024 2324 anus,
2062 2271 2121 2314 ut
2152 2259 2459 2317 Samuelem
2490 2278 2520 2317 a
2548 2263 2780 2318 mortuis
2818 2272 3166 2321 evocaturam
3198 2269 3398 2337 promit

1855 2354 2031 2409 teret?
2060 2353 2125 2406 Et
2155 2369 2311 2421 sane,
2333 2354 2616 2426 dignitatis
2640 2355 2948 2428 insignibus
2977 2360 3221 2427 omissis,
3251 2360 3429 2417 faten-

1855 2445 1985 2500 dum
2038 2454 2123 2502 cst
2160 2462 2280 2502 eam
2321 2463 2431 2504 non
2462 2449 2709 2518 potuisse
2759 2451 3134 2521 propheticam
3187 2453 3426 2509 animam

1856 2552 2108 2602 evocare,
2137 2539 2234 2594 sed
2263 2556 2366 2596 nec
2388 2540 2612 2596 alterius
2628 2541 2777 2602 illius
2805 2541 3049 2607 omnino,
3064 2557 3168 2599 nec
3183 2543 3429 2603 formica

1857 2629 2096 2700 quidem,
2130 2645 2232 2686 nec
2255 2631 2472 2700 pulicis.
2499 2630 2711 2702 Quippe
2739 2631 2796 2686 in
2819 2637 3088 2702 potestate
3122 2633 3426 2699 daemonum

1857 2735 1968 2776 non
2001 2729 2129 2776 sunt
2159 2721 2274 2777 sive
2307 2722 2536 2792 spiritus
2579 2723 2694 2778 sive
2742 2724 2972 2790 animae,
3017 2725 3113 2781 sed
3160 2727 3217 2783 in
3256 2727 3430 2784 solius

1858 2812 1955 2868 Dei
1995 2829 2193 2881 manu,
2235 2815 2328 2886 qui
2364 2817 2610 2870 omnium
2653 2825 2836 2873 rector
2881 2820 3137 2876 omnibus
3173 2822 3428 2892 imperat.

1857 2903 2041 2972 Quare
2069 2907 2138 2962 ah
2177 2907 2368 2964 inferis
2407 2909 2620 2965 animas
2659 2911 2952 2966 revocandi
3006 2912 3433 2984 accersendique

1861 2997 2094 3053 facultas
2119 2999 2222 3054 soli
2256 2999 2457 3055 divina:
2481 3008 2691 3056 natura;
2725 3002 3014 3058 tribuenda
3047 3011 3152 3060 est.
3202 3003 3310 3059 Sed
3342 3005 3430 3061 in-

1783 3085 1824 3142 C
1858 3090 2105 3146 dustrius
2162 3105 2294 3146 sane
2353 3091 2614 3163 Origenes
2679 3092 3001 3150 idololatriae
3061 3095 3429 3152 instrumenta

1858 3182 2375 3254 vaticiniorumque,
2395 3199 2584 3238 eorum
2608 3185 2881 3255 praecipue
2905 3201 3026 3257 qua!
3044 3186 3179 3242 ﬁunt
3199 3189 3432 3245 mortuis

1857 3274 2096 3328 evocatis
2116 3313 2131 3339 ,
2165 3283 2314 3330 artes
2345 3275 2400 3330 in
2433 3277 2871 3334 ecclesiasticum
2903 3279 3130 3333 chorum
3169 3294 3294 3334 cum
3330 3279 3432 3334 ha-

1858 3365 2012 3420 beret
2073 3366 2128 3419 in
2174 3367 2357 3421 animo
2399 3368 2732 3434 obtrudere,
2795 3369 2852 3424 in
2900 3385 3112 3427 sacram
3170 3371 3433 3430 mentitur

1861 3454 2223 3527 Scripturam.
2265 3459 2475 3530 Quippe
2503 3459 2784 3532 Scriptura
2813 3475 2998 3532 aperte
3029 3464 3318 3536 palamque
3345 3465 3432 3520 di-

1858 3558 2020 3605 cente
2085 3550 2372 3607 mulierem
2441 3553 2647 3608 dixisse
2711 3571 2723 3610 :
2785 3553 2951 3620 Quem
3015 3557 3238 3612 evocabo
3296 3556 3436 3611 tibi?

1859 3641 2151 3696 consilium
2178 3640 2474 3712 Scriptura?
2504 3643 2558 3697 iu
2579 3645 2910 3699 ciintrariam
2943 3653 3152 3717 partem
3176 3645 3429 3713 all‘erens,

1859 3746 2152 3801 personam
2178 3733 2252 3786 ait
2275 3732 2391 3787 haac
2419 3733 2625 3790 dixisse
2656 3733 2893 3804 Spiritus
2929 3737 3125 3792 sancti.
3163 3737 3434 3811 Deinceps

1860 3822 2060 3892 raptim
2081 3837 2255 3892 usque
2278 3838 2344 3878 eo
2377 3837 2407 3876 a
2439 3823 2672 3879 veritate
2702 3823 2919 3880 deflexit
2949 3833 3008 3880 ut
3031 3824 3283 3883 fanatica:
3310 3843 3434 3882 mu-

1859 3912 2012 3969 lieris
2043 3914 2205 3969 verba
2232 3913 2457 3984 Spiritui
2482 3924 2674 3971 sancto
2700 3931 2810 3970 non
2835 3924 3082 3972 vereatur
3107 3917 3432 3991 impingere.

1860 4003 1987 4060 Haec
2012 4021 2135 4061 cum
2163 4005 2544 4062 disertissimis
2570 4007 2751 4062 verbis
2786 4007 2952 4080 impie
2982 4007 3192 4065 ell'utiat
3211 4051 3228 4078 ,
3255 4017 3434 4066 totum

1859 4098 2027 4154 refert
2075 4098 2131 4152 in
2177 4096 2441 4167 Spiritum
2471 4107 2721 4154 sanctum
2755 4100 3057 4167 auditores,
3086 4103 3306 4160 nomine
3328 4103 3434 4160 fide

1861 4189 2027 4260 digno
2055 4189 2387 4259 persuadere
2414 4199 2664 4247 conatus.
2692 4191 2955 4257 Quaesivit
2977 4193 3164 4265 itaque
3184 4234 3200 4260 ,
3233 4203 3294 4250 ut
3319 4195 3434 4264 jam

1861 4279 1995 4344 dixi,
2025 4280 2242 4345 mulier,
2275 4287 2330 4335 et
2358 4281 2518 4351 quasi
2550 4287 2797 4337 mortuos
2826 4285 3088 4338 evocandi
3117 4281 3431 4340 facultatem

1862 4371 2118 4438 haberet,
2144 4372 2344 4440 Quem,
2379 4374 2486 4437 ait,
2521 4373 2744 4428 evocabo
2784 4373 2918 4432 tibi?
2943 4373 3149 4430 Verum
3186 4376 3279 4446 qui
3310 4390 3438 4430 ora-

1859 4465 1982 4520 cula
2035 4465 2390 4531 consulebat,
2429 4474 2487 4519 ut
2533 4463 2752 4521 Samuel
2788 4467 3134 4532 educeretur,
3176 4475 3434 4537 petente,

1857 4556 2081 4613 subdit:
2117 4553 2186 4609 Et
2214 4556 2343 4612 vidit
2372 4557 2563 4611 mulier
2583 4556 2915 4624 Samuelem;
2956 4565 3010 4613 et
3047 4559 3260 4615 sublata
3301 4573 3437 4616 voco

1859 4647 2134 4711 clamavit,
2156 4647 2401 4718 dixitque
2428 4649 2664 4718 principi
2699 4666 2711 4703 :
2744 4648 2854 4702 Cur
2881 4648 3120 4719 fefellisti
3147 4665 3228 4704 me
3248 4650 3273 4701 ?
3302 4656 3355 4704 et
3379 4657 3436 4702 tu

1859 4755 1913 4793 es
1947 4737 2101 4794 Saul.
2129 4738 2428 4809 Postquam
2467 4755 2563 4794 rex
2585 4739 2816 4795 dixisset
2876 4760 2888 4795 :
2950 4739 3033 4795 Ne
3081 4741 3268 4796 timeas
3294 4780 3308 4807 ,
3359 4749 3435 4806 et,

1863 4828 2003 4896 Quid
2033 4828 2211 4883 vidisti
2228 4831 2259 4898 2
2300 4845 2518 4884 rursum
2551 4831 2848 4901 pythonem
2885 4831 3090 4886 habens
3124 4832 3323 4886 mulier
3351 4830 3438 4886 in-

1863 4921 1968 4977 fert
2005 4941 2016 4977 :
2052 4922 2191 4978 Deos
2241 4922 2347 4977 vidi
2391 4923 2725 4978 ascendentes
2771 4923 2835 4978 de
2891 4934 3052 4978 terra.
3113 4924 3255 4979 Cum
3303 4939 3436 4980 vero

1861 5016 2083 5071 tandem
2135 5017 2391 5088 princeps
2437 5017 2828 5086 interrogasset
2868 5035 2880 5070 :
2920 5017 3108 5083 Qualis
3147 5026 3225 5072 est
3263 5016 3438 5086 forma

1862 5109 2018 5178 ejus?
2049 5109 2118 5163 ad
2146 5110 2369 5165 verbum
2390 5110 2464 5163 ita
2498 5109 2658 5164 affata
2689 5117 2808 5168 est:
2840 5109 3083 5166 flaminis
3102 5111 3230 5166 recti
3261 5127 3440 5165 ascen-

1864 5201 2034 5258 dentis
2070 5202 2134 5256 de
2165 5211 2340 5264 terra;
2387 5213 2436 5256 et
2467 5204 2574 5272 ipse
2615 5206 2838 5258 amictus
2883 5212 2962 5257 est
3011 5201 3262 5271 diploide.
3297 5201 3438 5269 Quid

1863 5303 2124 5365 praeterea
2143 5311 2318 5352 sacra
2342 5295 2626 5367 Scriptura
2651 5298 2853 5352 tradit?
2884 5296 2949 5352 Et
2975 5299 3116 5352 novit
3146 5296 3282 5352 Saul
3301 5297 3439 5367 quod

1867 5385 2083 5440 Samuel
2113 5394 2245 5440 esset
2271 5385 2383 5451 hic,
2415 5395 2464 5439 et
2487 5387 2759 5440 inclinavit
2793 5403 2847 5440 se
2882 5401 3036 5456 super
3062 5385 3254 5455 {aciem
3287 5401 3439 5438 suam

1865 5612 1996 5682 quin
2026 5613 2310 5682 legendum
2339 5613 2410 5668 sit
2448 5611 2830 5682 ἐπικυκλῆσαι,
2866 5610 2959 5682 νει,
2985 5603 3436 5682 ἐπεισκυκλῆςξι-ξ,

1863 5670 2048 5808 ἱοοεὲηι
2076 5670 2187 5741 ἵετο
2224 5699 2388 5744 sensu
2421 5700 2529 5757 quo
2562 5670 2912 5753 ὲπιτέιχίζειν
2950 5681 3149 5750 legitur
3173 5674 3282 5732 col.
3306 5670 3439 5736 625,

1915 5794 1927 5808 .
2015 5770 2125 5812 DIT.

3051 5839 3128 5903 20
