3850 6160
430 335 536 392 619

1384 318 1455 376 ‘S.
1493 311 1865 374 EUSTATHII
1894 309 2215 368 "EPISCOPI
2262 303 2680 365 ANTIOCHENI

3577 293 3691 350 620

430 462 488 514 in
518 465 659 508 terra
681 489 694 514 ,
735 456 786 503 et
810 443 1050 500 adoravit
1083 439 1262 496 eum“.
1297 435 1642 492 Manifestum
1677 437 1862 503 itaque
1891 439 2005 495 est,

2143 427 2322 490 ούτοις
2345 423 2649 497 διαγορεύει
2675 423 2708 493 ἡ
2740 418 2860 474 θεία
2887 417 3108 491 Γραφής
3139 417 3246 472 Καὶ
3284 415 3438 486 ἔγνω
3461 418 3688 478 Σαοὺλ,

432 544 626 605 nullibi
670 540 896 598 omnino
931 547 1212 592 sacrarum
1259 531 1564 584 litterarum
1612 526 1809 582 seriem
1859 523 2005 577 aﬂir-

434 653 617 697 masse
644 651 742 708 per
767 631 1049 688 mulierem
1076 627 1222 681 illam
1254 620 1748 694 engastrimythum
1778 615 2010 671 Samue-

437 737 544 790 lem
591 734 876 786 evocatum
935 721 1124 776 fuisse.
1168 715 1275 772 Sed
1325 715 1416 770 illa
1466 711 1687 784 quidem
1733 710 1788 764 in
1821 708 2009 779 primis

441 840 538 897 per
585 821 904 877 incitantem
961 813 1134 884 ipsam
1167 808 1468 863 daemonem
1513 803 1649 860 dicit
1692 803 1846 858 illum
1890 814 2014 854 evo—

440 893 714 980 candum;
751 907 949 966 deinde
999 911 1053 960 et
1088 904 1221 958 deos
1274 898 1634 956 ascendentes
1681 894 1865 950 videre
1897 893 2013 962 glo-

442 1011 614 1071 riata,
653 1001 1030 1061 fraudulenter
1072 995 1229 1064 signa
1258 991 1494 1047 hominis
1527 987 1813 1050 tradebat,
1858 994 1918 1040 ut
1947 999 2015 1039 ex

442 1097 660 1157 insidiis
686 1092 999 1164 occuparet.
1033 1087 1100 1142 Et
1121 1086 1349 1142 demens
1374 1082 1508 1138 Saul
1541 1097 1609 1137 ex
1644 1081 1732 1136 his
1763 1093 1882 1150 qum
1911 1091 2012 1131 au-

443 1194 646 1260 dierat,
668 1187 950 1244 intellexit
971 1180 1116 1254 quod
1143 1180 1235 1233 ille
1256 1178 1372 1248 ipse
1401 1181 1548 1231 esset
1581 1171 1820 1227 Samuel.

518 1459 606 1515 IV.
638 1459 720 1514 An
771 1471 902 1528 ergo
942 1453 1075 1509 ﬁdes
1124 1447 1429 1506 adhibenda
1463 1447 1536 1503 sit
1568 1445 1654 1501 vel
1702 1457 1732 1498 a
1777 1441 2021 1498 daemone

443 1561 640 1610 vexato
668 1550 842 1614 Sauli,
877 1547 1034 1618 quasi
1059 1558 1241 1599 veram
1272 1548 1629 1609 exactamque
1653 1534 2020 1606 cognitionem

445 1644 708 1708 haberet,
750 1639 835 1694 vel
893 1634 1125 1693 daemoni
1162 1633 1228 1687 de
1285 1635 1457 1688 semet
1502 1625 1740 1698 gloriose
1781 1620 2022 1691 loquenti

447 1731 988 1811 promittentiqueab
1018 1725 1504 1794 inferisjustorum
1545 1719 1760 1773 animas
1789 1714 2024 1770 eductu-

2109 519 2198 572 ὅτι
2226 515 2506 588 Σαμουήλ
2533 516 2702 570 ἐστιν
2727 508 2924 578 οὗτος,
2949 509 3046 564 καὶ
3071 511 3302 578 ἔκυψεν
3331 509 3429 562 ἐπὶ
3453 513 3695 578 πρόσω-

2113 626 2231 666 πον
2257 609 2441 664 αὑτοῦ
2468 608 2565 662 ἐπὶ
2597 608 2712 676 τὴν
2733 605 2868 676 γῆν,
2898 605 2996 659 καί
3021 603 3480 671 προσεκύνησεν
3503 601 3690 667 αὐτῷ.

2112 702 2364 756 Φαίνεται
2395 700 2571 754 τοίνυν
2603 699 2679 762 ὡς
2711 695 2948 767 ούδαμοῧ
2983 695 3043 749 τὸ
3068 693 3390 766 παράπανή
3423 693 3515 746 τοῦ
3540 693 3692 746 θείου

2113 793 2438 866 γράμματος
2466 791 2666 863 ἔφησεν
2703 788 2897 859 ἐκδοχὴ
2937 787 3027 840 τὸν
3061 785 3312 857 Σαμουὴλ
3341 785 3570 856 ἀνῆχθαι
3601 783 3695 838 διὰ

2113 889 2212 959 τῆς
2249 884 2703 958 ὲγγαστριμύθου·
2735 882 2849 937 ἀλλ’
2875 881 3009 952 αὑτὴ
3042 881 3138 950 μὲν
3161 878 3580 952 προηγουμένως
3601 876 3694 930 διὰ

2115 979 2207 1034 τοῦ
2227 979 2650 1050 ὲκὸακχεύοντος
2666 977 2803 1048 αὐτῇ
2823 975 2889 1046 [ί.
2913 975 3104 1041 αὑτήν,
3122 990 3166 1027 υ.
3184 975 3241 1025 ὲν
3261 970 3422 1042 αὐτῇ]
3437 971 3693 1041 δαίμονος

2116 1072 2518 1142 ἀποφθέγγεται
2555 1070 2665 1124 δεῖν
2724 1069 2947 1138 ἀνάγειν
2972 1067 3152 1121 αὐτόν·
3219 1060 3339 1118 εἶτα
3391 1066 3484 1118 καὶ
3534 1064 3694 1125 θεοὺς

2116 1167 2364 1228 ἀνιόντας
2387 1163 2766 1234 ὲπικομποῧσα
2795 1162 3040 1233 θεωρεῖν,
3069 1159 3252 1230 ἀπάτῃ
3292 1158 3389 1230 μὲν
3413 1157 3580 1210 ἐδίδου
3621 1157 3694 1209 τὰ

2121 1259 2320 1328 σημεῖα
2368 1242 2712 1326 τάνδρὸς“είς
2765 1252 3004 1324 ἐνέδραν·
3051 1253 3081 1304 ὁ
3114 1251 3170 1304 δὲ
3210 1249 3512 1321 παράφρων
3549 1248 3698 1318 ἔγνω

2119 1348 2292 1402 Σαοὺλ
2329 1345 2388 1411 ἐξ
2423 1340 2500 1400 ὦν
2525 1346 2760 1417 ἀκήκοεν
2793 1344 2870 1407 ὼς
2899 1343 3059 1407 αὐτὸς
3091 1338 3242 1406 οὗτός
3269 1345 3385 1394 ἐστι
3417 1340 3695 1412 Σαμουήλ,

2189 1436 2277 1492 1V.
2310 1439 2373 1490 Εί
2398 1437 2456 1490 δὲ
2483 1437 2566 1490 δεῖ
2593 1434 2866 1488 πιστεύειν
2894 1433 2926 1503 ἢ
2948 1432 3024 1504 τῷ
3054 1430 3478 1503 δαιμονιζομένῳ
3499 1429 3695 1491 Σαοὺλ,

2119 1531 2194 1594 ὡς
2226 1529 2400 1600 ἀληθῆ
2435 1528 2685 1597 γνώσεως
2711 1526 3039 1599 ἡκριϐωκότι
3068 1523 3388 1594 κατάληψιν,
3418 1523 3450 1594 ἢ
3482 1522 3699 1594 δαίμονι

2122 1620 2455 1692 καυχωμένῳ
2480 1620 2574 1674 καὶ
2599 1618 2777 1689 ψυχάς
2798 1616 3209 1688 ὑπισχνουμένῳ
3242 1614 3463 1692 δικαίων
3484 1613 3544 1678 ἐξ
3569 1612 3699 1682 ᾅδου

2128 1685 2906 1784 μεταπέμπεσθαιξκρίνωμεν
2932 1685 3074 1778 *παρέ
3105 1685 3316 1768 ἑαυτοῖς
3353 1685 3482 1774 ὅσης
3514 1703 3578 1758 ἂν
3614 1703 3702 1772 εῐη

449 1845 596 1894 rum,
631 1828 775 1884 inter
797 1840 898 1881 nos
920 1825 1070 1894 ipsos
1099 1817 1498 1890 dijudicemus,
1534 1812 2021 1876 discernamusque

2139 1823 2184 1875 γε
2227 1803 2536 1876 δυσφημίας
2569 1802 2833 1864 ἀνάπλεα,
2868 1799 3038 1854 ταῦτα
3068 1799 3160 1853 καὶ
3186 1798 3254 1851 τά
3281 1795 3504 1850 τοιαῦτα
3537 1798 3698 1855 νοεῖν.

451 1925 569 1980 haec
597 1928 650 1978 et
684 1917 884 1976 similia
917 1917 1020 1970 hoc
1047 1911 1210 1968 modo
1243 1908 1578 1976 intelligere,
1627 1916 1791 1972 quam
1822 1912 2022 1953 vanum

452 2017 790 2088 impiumque
822 2010 914 2074 sit,
949 2023 982 2062 o
1012 2005 1215 2076 optime
1241 2000 1523 2055 hominum
1559 1993 1807 2064 Eutropi.
1827 1989 2023 2044 Mirum

420 2109 600 2171 ,euim
648 2082 912 2176 quantum
966 2113 998 2153 a
1044 2096 1308 2157 veritate,
1363 2099 1422 2145 ut
1472 2088 1707 2152 videtur,
1764 2082 2026 2154 Origenes

455 2175 814 2255 aberraverit.
847 2193 913 2248 Et
953 2192 998 2247 si
1036 2188 1300 2243 Dominus
1329 2189 1517 2238 noster
1563 2176 1722 2233 Jesus
1771 2175 2026 2230 Christus

455 2294 523 2349 dc
551 2284 1043 2343 dialtolodicat’-‘°:
1063 2281 1182 2350 Ipse
1219 2273 1484 2331 homicida
1519 2279 1634 2325 erat
1664 2268 1728 2322 ab
1757 2267 1939 2328 initio,
1977 2273 2027 2317 et

454 2388 512 2441 in
535 2384 754 2441 ueritate
793 2396 898 2436 non
945 2376 1120 2438 stetit;
1163 2371 1414 2444 quoniam
1453 2366 1646 2420 veritas
1689 2363 1743 2415 in
1782 2362 1895 2428 ipso
1924 2375 2026 2411 non

454 2485 591 2532 erat.
623 2474 759 2529 Cum
781 2470 1016 2542 loquitur
1047 2462 1401 2523 mendacium,
1435 2473 1498 2513 ea:
1518 2454 1751 2525 propriis
1775 2450 2025 2520 loquitur,

455 2568 705 2640 quoniam
738 2561 963 2618 mendax
990 2567 1066 2612 est
1085 2598 1100 2621 ,
1130 2565 1178 2610 et
1200 2563 1350 2624 pater
1389 2551 1591 2620 ipsius:
1626 2545 1756 2617 quid
1781 2544 1892 2608 hic,
1912 2542 1992 2596 ais
2015 2581 2028 2605 ,

457 2657 756 2729 Origenes?
791 2653 954 2707 Prius
980 2651 1125 2706 enim
1157 2643 1576 2714 interrogandus
1620 2656 1680 2695 es
1712 2657 1725 2692 :
1762 2636 1885 2694 llazc
1911 2649 2032 2706 qua:

461 2727 713 2805 Salvator
740 2747 878 2801 dixit
902 2757 1030 2798 vera
1061 2747 1211 2800 sunt,
1233 2754 1302 2791 an
1327 2733 1668 2805 respondens
1691 2727 2031 2785 contrarium

460 2839 650 2896 dices?
678 2839 866 2905 Itaque
902 2834 948 2888 si
973 2831 1136 2886 verba
1174 2825 1388 2879 Domini
1418 2822 1486 2877 de
1529 2835 1680 2875 more
1708 2832 1836 2872 vera
1868 2823 2030 2880 sunt,

460 2945 592 3002 ergo
642 2929 853 2984 daemon
911 2921 1172 2977 audacter
1223 2915 1563 2972 insolescens
1611 2909 1871 2964 mentitus
1927 2912 2030 2961 est.

461 3001 665 3078 Verum
696 3019 744 3076 si
778 3014 1042 3073 damonis
1083 3024 1364 3068 sermones
1397 3005 1612 3062 veritati
1645 3018 1755 3057 non
1797 3001 2034 3056 absonos

463 3113 682 3177 delinis,
715 3106 1033 3164 mendacem
1063 3102 1352 3158 Dominum
1378 3099 1568 3168 utique
1599 3093 1767 3148 audes
1811 3091 2037 3147 demon-

465 3215 662 3262 strare.
706 3199 941 3256 Videsne
979 3209 1144 3267 quam
1193 3191 1441 3246 inculcas
1509 3185 1870 3247 sententiam,
1915 3197 2036 3252 quae
2062 3174 2104 3231 C

465 3293 704 3352 absurda
739 3292 1027 3360 ineptaque
1052 3281 1360 3340 contineat?
1386 3278 1724 3347 Quandoque
1755 3274 1898 3329 enim
1930 3273 2038 3327 die-

466 3400 657 3443 mones
687 3383 754 3437 ad
793 3379 1078 3436 veritatem
1108 3373 1395 3429 dicendam
1422 3372 1472 3425 vi
1511 3367 1914 3438 compelluntur
1943 3365 2041 3419 do-

468 3477 677 3532 loribus
700 3471 830 3528 torti
863 3489 876 3525 :
909 3473 1284 3524 verumtamen
1316 3463 1451 3517 nihil
1481 3473 1713 3530 usquam
1735 3456 2042 3512 voluntarie

470 3569 588 3626 sine
619 3565 904 3621 mendacio
945 3558 1202 3616 dixerint.
1249 3555 1456 3610 Tamen
1498 3553 1542 3609 si
1581 3551 1706 3622 quis
1742 3552 2041 3604 dmmouem

464 3661 648 3730 justos
683 3656 752 3710 ab
782 3651 972 3708 inferis
1002 3662 1233 3705 evocare
1263 3644 1552 3700 aﬂirmabit
1571 3682 1585 3706 ,
1631 3641 1904 3712 quomodo
1928 3652 2045 3691 ma-

455 3750 732 3808 .nifestum
763 3761 874 3801 non
919 3743 1058 3806 erit,
1101 3739 1291 3795 fraude
1325 3736 1670 3793 mendacium
1713 3730 2042 3795 obtrudcre,

460 3843 566 3897 .illo
586 3841 767 3894 animo
789 3849 848 3892 ut
870 3838 1102 3906 aliquem
1127 3830 1462 3902 praecipitem
1486 3821 2048 3882 actum-consternat?

474 3934 554 3993 Ita
578 3940 692 3997 est,
724 3931 800 3984 ait
827 3949 840 3983 :
866 3929 933 3983 At
969 3929 1059 3982 illa
1089 3926 1301 3980 daemon
1345 3923 1528 3978 nullus
1568 3919 1766 3976 effatus
1794 3929 1912 3984 est,
1950 3915 2046 3972 sed

475 4040 710 4084 narrans
738 4021 1023 4093 scriptoris
1055 4035 1192 4085 vox;
1222 4030 1542 4073 sermonum
1567 4027 1698 4069 vero
1721 4011 2048 4080 scriptorem

474 4135 598 4177 esse
625 4117 887 4187 Spiritum
917 4122 1164 4170 sanctum
1182 4151 1197 4175 ,
1232 4118 1286 4166 ct
1308 4126 1418 4166 non
1448 4107 1723 4162 hominem
1747 4104 2045 4159 credimus.

467 4213 642 4270 Forte
674 4210 835 4268 seriei
882 4205 1212 4263 narrationis
1260 4204 1556 4276 pugnantia
1591 4203 1646 4257 in
1689 4200 1928 4255 medium
1967 4195 2050 4251 af-

478 4306 624 4363 ferre
647 4319 774 4363 Jton
826 4302 983 4372 plane
1030 4298 1324 4370 intelligis?
1389 4295 1615 4350 Rectius
1675 4293 1894 4363 itaque,
1955 4289 2049 4360 qui

475 4396 740 4470 paulatim
785 4394 854 4449 ad
887 4390 1208 4448 omnifarios
1244 4404 1526 4446 sermones
1579 4387 1822 4440 animum
1871 4384 2052 4437 inten-

2124 1893 2168 1953 ὦ
2212 1898 2467 1968 κράτιστε
2501 1894 2708 1967 ἀνδρῶν
2740 1893 3006 1964 Εὐτρόπιε
3025 1908 3040 1922 ο
3070 1891 3202 1944 πολὺ
3235 1888 3366 1960 γὰρ,
3395 1887 3477 1950 ὡς
3499 1887 3701 1953 ἔοικεν,

2137 1991 2415 2064 Ὠριγένης
2435 1992 2533 2061 τῆς
2567 1987 2822 2059 ἀληθείας
2844 1985 3072 2056 ἐσφάλη·
3109 1983 3279 2037 καίτοι
3316 1981 3412 2036 τοῦ
3429 1980 3705 2034 Δεσπότου

2123 2087 2281 2156 ἡμῶν
2320 2081 2492 2153 Ἰησοῦ
2539 2078 2775 2150 Χριστοῦ
2828 2079 2956 2150 περὶ
2999 2077 3091 2130 τοῦ
3131 2076 3376 2130 διαϐόλου
3403 2074 3706 2146 διαρρήδην

2125 2174 2423 2247 εἰρηκότος·
2457 2171 2720 2236 Ἐκεῖνος
2744 2171 3235 2238 ἀνθρωποκτόνος
3259 2163 3338 2238 ἦν
3363 2167 3462 2220 ἀπ’
3485 2163 3704 2234 ἀρχῆς,

2125 2265 2223 2318 καὶ
2251 2265 2320 2316 ἐν
2349 2262 2423 2330 τῇ
2455 2261 2709 2330 ἀληθείᾳ
2734 2263 2846 2330 οὐχ
2889 2259 3164 2327 ἕστηκεν,
3195 2257 3283 2310 ὅτι
3311 2256 3560 2324 ἀλήθεια
3589 2257 3706 2308 οὐκ

2127 2353 2300 2406 ἔστιν
2342 2351 2412 2404 ἐν
2438 2350 2617 2415 αὐτῷ.
2658 2351 2834 2403 Ὅταν
2875 2347 3037 2417 λαλῇ
3089 2348 3151 2401 τὸ
3202 2347 3428 2417 ψεῦδος
3477 2347 3546 2400 ἐκ
3586 2343 3710 2398 τῶν

2127 2451 2292 2504 ἰδίων
2317 2448 2509 2512 λαλεῖ,
2547 2447 2633 2500 ὅτι
2671 2447 2941 2517 ψεύστης
2980 2445 3110 2499 ἐστὶ
3155 2445 3254 2498 καὶ
3298 2447 3331 2498 ὁ
3371 2442 3565 2510 πατὴρ
3601 2447 3710 2498 αὑ-

2130 2544 2254 2597 τοῦ.
2288 2542 2352 2595 Τί
2384 2541 2558 2594 τοίνυν
2587 2541 2710 2610 φῂς,
2746 2533 2791 2592 ὦ
2838 2539 3143 2609 Ὡρίγενεςς
3179 2536 3388 2606 ἀνάγκη
3429 2537 3534 2607 γάρ
3586 2536 3711 2603 ἐρέ-

2132 2635 2256 2688 σθαι
2303 2651 2360 2686 σε
2409 2634 2653 2705 πότερον,
2692 2631 2865 2701 ἀληθῆ
2913 2630 3084 2683 ταῦτά
3124 2631 3269 2682 ἐστιν
3296 2629 3438 2701 ἆπερ
3470 2628 3711 2700 ἔφρασεν

2131 2729 2159 2780 ὁ
2193 2728 2400 2798 Σωτὴρ,
2432 2726 2464 2797 ἢ
2496 2724 2804 2778 τούναντίον
2849 2722 3234 2794 ἀνθμποφέρων
3278 2722 3457 2791 ὲρεῖς;
3504 2722 3568 2774 El
3613 2721 3712 2792 μὲν

2133 2817 2224 2873 οὖν
2260 2818 2478 2890 ἀληθεῖς
2506 2820 2555 2870 οἱ
2586 2816 2680 2870 τοῦ
2716 2816 2920 2889 Κυρίου
2959 2816 3282 2884 τυγχάνουσι
3315 2813 3460 2882 λόγοι
3480 2854 3495 2876 ,
3525 2813 3713 2865 εἰωθό-

2132 2929 2261 2977 τως,
2293 2911 2400 2984 ἀρα
2446 2913 2473 2964 ὁ
2519 2910 2727 2980 δαίμων
2777 2907 3042 2978 ἐψεύσατο
3090 2905 3521 2979 θρασυνόμενοςο
3557 2907 3606 2958 εἰ
3654 2905 3712 2958 δὲ

2135 3004 2339 3075 ἀψευδῆ
2367 3003 2434 3056 τά
2464 3002 2555 3055 τοῦ
2585 3001 2834 3072 δαίμονος
2865 3000 3022 3072 ὁρίζῃ
3048 3001 3285 3070 ῥήματα,
3314 2997 3553 3068 ψεύστην
3574 3000 3714 3052 ἀπο-

2141 3100 2302 3169 φῆναι
2331 3096 2420 3149 τὸν
2452 3095 2654 3167 Κύριον
2683 3096 2966 3164 ἐγχειρεῖς·
2995 3095 3126 3164 ὁρᾷς
3162 3094 3241 3155 είς
3271 3094 3403 3161 ὅσην
3430 3091 3718 3144 ἐκπέπτω-

2138 3209 2232 3245 κεν
2264 3188 2489 3242 ἀτοπίαν
2520 3189 2548 3240 ὁ
2579 3185 2728 3258 παρά
2752 3185 2835 3239 σοὶ
2861 3184 3313 3256 δογματιζόμενος
3334 3185 3489 3255 ὄρος;
3524 3185 3718 3237 Ἀκον-

2138 3301 2229 3349 τες
2257 3283 2354 3354 μὲν
2378 3283 2487 3354 γὰρ
2510 3281 2619 3335 ἔσθ’
2647 3283 2735 3335 ὅτε
2762 3279 2968 3351 τάληθῆ
2992 3279 3169 3348 λέγειν
3192 3279 3241 3331 οἱ
3267 3278 3522 3349 δαίμονες
3551 3278 3718 3346 ἀναγ-

2140 3375 2395 3440 κάζονται
2437 3373 2848 3446 στρεϐλούμενοι
2880 3375 2991 3435 τοῖς
3024 3372 3226 3434 πόνοις,
3273 3371 3332 3423 ού
3366 3370 3472 3440 μὴν
3501 3369 3717 3431 ἑκόντες

2141 3466 2388 3536 ἀψευδῶς
2427 3467 2629 3519 εἴποιεν
2672 3465 2737 3519 ἂν
2762 3462 2958 3518 ὁτιοῦν.
2992 3463 3055 3515 El
3078 3461 3134 3514 δὲ
3166 3461 3248 3514 δεῖ
3281 3460 3343 3531 (f.
3376 3459 3438 3531 δὴ
3475 3459 3554 3513 vel
3581 3459 3718 3527 δεῖν)

2143 3563 2238 3615 καὶ
2271 3558 2512 3621 δικαίους
2546 3557 2768 3625 ἀνάγειν
2789 3554 2850 3620 ἐξ
2877 3555 3000 3626 ᾅδου
3013 3555 3198 3608 τοῦτον
3224 3554 3448 3626 ὁριεῖταί
3468 3569 3553 3615 τις
3583 3553 3726 3621 ἀμε-

2143 3650 2286 3721 λητὶ,
2322 3650 2438 3713 πῶς
2471 3650 2571 3702 ούκ
2614 3649 2678 3702 ἂν
2713 3647 2800 3717 εἴη
2831 3663 2894 3715 γε
2928 3647 3095 3716 σαφὲς
3123 3646 3197 3710 ὡς
3225 3646 3408 3717 ἀπάτῃ
3438 3644 3497 3697 τὸ
3527 3643 3723 3712 ψεῦδος

2146 3741 2486 3810 ἀντεισάγει,
2535 3739 2853 3810 βουλόμενος
2900 3737 3325 3809 ἐκτραχηλιάσαι
3372 3734 3526 3797 τινά;
3579 3734 3720 3794 Ναὶ,

2148 3835 2332 3906 φησιν,
2365 3834 2479 3888 ἀλλ’
2513 3835 2613 3904 οὐχ
2643 3835 2671 3885 ὁ
2715 3833 2924 3903 δαίμων
2970 3830 3141 3886 ταῦτα
3171 3831 3408 3902 εἴρηκεν,
3441 3827 3554 3880 ἀλλ’
3588 3828 3623 3897 ή
3648 3827 3727 3879 δι-

2148 3926 2465 4000 ηγηματικὴ
2510 3926 2602 3978 τοῦ
2637 3924 2990 3996 συγγραφέως
3050 3924 3232 3993 φωνή·
3283 3920 3630 3991 συγγραφεὺς
3666 3919 3725 3971 δὲ

2147 4019 2256 4073 τῶν
2288 4019 2461 4088 λόγων
2493 4013 2630 4072 εἶναι
2667 4017 3022 4070 πεπίστευται
3061 4015 3121 4068 τὸ
3169 4013 3394 4083 Πνεῦμα
3433 4011 3495 4064 τὸ
3548 4012 3722 4079 ἅγιον,

2149 4111 2262 4165 ἀλλ’
2296 4113 2395 4164 οὐκ
2423 4110 2724 4182 ἄνθρωπος.
2774 4106 2884 4162 Εἶτ’
2924 4110 2984 4162 οὐ
3019 4110 3127 4162 νοεῖ
3157 4106 3273 4170 πῶς
3300 4106 3520 4161 ἐναντία
3547 4106 3726 4175 φαίνει

2149 4207 2214 4275 τῇ
2244 4203 2337 4257 τοῦ
2386 4204 2720 4275 διηγήματος
2767 4203 2996 4272 ὲκδοχῇ;
3050 4199 3280 4253 Κάλλιον
3332 4195 3426 4252 οὖν
3466 4198 3646 4251 ἴσασιν
3678 4200 3726 4250 οἱ

2152 4295 2424 4359 παντοίοις
2465 4295 2833 4365 σχολαιότερον
2889 4293 3247 4364 ὁμιλήσαντες
3305 4290 3506 4359 λόγοις,
3559 4288 3636 4352 ὡς
3691 4291 3724 4357 ἡ

2150 4387 2521 4458 διηγηματικὴ
2550 4386 2643 4440 τοῦ
2689 4386 3047 4457 συγγραφέως
3077 4383 3382 4455 ὁμιλήσασα
3408 4379 3581 4434 ταῦτα
3617 4380 3731 4444 ἐξέ-

479 4493 610 4545 dere
658 4493 964 4550 noverunt,
1014 4481 1311 4538 tradidisse
1373 4478 1710 4535 narrativam
1764 4471 2036 4544 scriptoris

2156 4479 2350 4543 δωκεν,
2379 4479 2525 4549 άπερ
2566 4479 2738 4532 ἐδόκει
2782 4479 3040 4549 πράττειν
3081 4476 3324 4547 ἦλέγειν
3353 4471 3431 4544 τῷ
3471 4488 3732 4543 μαντευο-

483 4581 846 4642 locutionem,
884 4591 1008 4647 qua:
1044 4575 1330 4632 videbatur
1375 4571 1553 4626 facere
1591 4569 1676 4624 vel
1715 4568 1898 4623 dicere
1929 4581 2055 4620 ora—

481 4674 627 4739 cuia,
653 4670 855 4742 petenti
887 4667 1037 4723 Sauli
1070 4661 1538 4736 engastrimylhus
1562 4701 1577 4724 ,
1609 4660 1676 4715 de
1711 4673 1776 4715 ea
1804 4657 2056 4714 videlicet

481 4769 935 4818 auctornarrans
969 4756 1199 4827 ejusque
1247 4753 1313 4806 ad
1362 4752 1588 4807 verbum
1627 4763 1910 4806 sermones
1953 4763 2053 4803 ex-

483 4869 729 4927 ponens,
755 4851 946 4921 inquit
1013 4869 1026 4903 :
1069 4847 1141 4904 Et
1176 4847 1313 4900 dixit
1353 4845 1542 4898 mulier
1570 4861 1588 4898 :
1624 4842 1791 4909 Quem
1832 4839 2053 4896 evocabo

482 4948 623 5004 tibi?
653 4944 787 5018 Quis
813 4943 886 4998 ita
910 4955 1110 4999 .vecors
1138 4947 1192 4995 et
1223 4938 1455 4995 stolidus
1483 4935 1608 4998 erit,
1646 4941 1707 4988 ut
1745 4933 1964 4990 simulet
1996 4946 2056 4988 se

485 5038 711 5097 minitbe
742 5051 970 5110 capere,
1001 5048 1163 5088 voces
1204 5032 1302 5087 has
1333 5029 1618 5098 scriptoris
1651 5026 1876 5081 minime
1898 5040 2054 5087 esse,

485 5130 583 5190 sed
634 5129 882 5187 mulieris
921 5143 953 5182 a
983 5124 1227 5185 daemone
1259 5121 1499 5178 vexatae?
1540 5117 1701 5176 Certe
1731 5120 1779 5175 si
1826 5119 1961 5190 quid
1999 5118 2058 5172 in

487 5222 592 5278 hac
611 5235 672 5277 re
695 5233 882 5275 verum
915 5218 1298 5286 sincerumque
1317 5214 1406 5279 sit,
1437 5213 1748 5285 perspicere
1771 5210 2057 5274 debemus,

487 5311 732 5366 narratio
755 5305 890 5364 illud
927 5315 1133 5365 tantum
1167 5306 1357 5361 habuit
1395 5325 1407 5359 :
1453 5305 1594 5360 Vidit
1619 5302 1810 5358 mulier
1835 5301 2060 5358 Samue-

488 5405 613 5460 lem.
674 5401 800 5459 Haec
857 5416 1025 5475 porro
1056 5401 1146 5458 ita
1192 5406 1529 5476 .prosecutus
1584 5407 1669 5453 est
1729 5394 2057 5466 scriptione,

491 5495 650 5564 quasi
679 5494 748 5550 ad
781 5494 1006 5552 minime
1029 5493 1246 5564 ignaros
1270 5491 1336 5546 de
1361 5491 1695 5547 damoniaca
1721 5490 2056 5561 loqueretur.

491 5583 680 5658 Neque
703 5587 848 5641 enim
876 5586 1102 5641 dubium
1127 5600 1250 5642 esse
1273 5584 1465 5649 debet,
1494 5584 1795 5643 daemonem
1831 5581 1924 5654 qui
1951 5581 2067 5652 pio-

602 5765 672 5822 ⁸1
702 5765 822 5835 Reg.
853 5780 1042 5834 uvin,
1078 5765 1256 5820 12-14.
1323 5765 1426 5799 ·⁹·¹⁰
1458 5763 1622 5822 Joan.
1653 5780 1771 5836 vm,
1795 5765 1883 5822 44.

2163 4569 2308 4641 μένῳ
2345 4568 2516 4622 Σαοὺλ
2563 4570 2596 4639 ἡ
2631 4566 3084 4640 ὲγγαστρίμυθος’
3118 4564 3307 4634 ἀμέλει
3351 4562 3478 4634 περὶ
3516 4561 3730 4632 ἐκείνης

2156 4659 2576 4732 ἐκδιηγούμενος
2610 4661 2638 4712 ὁ
2673 4657 3040 4730 συγγραφεὺς,
3075 4657 3167 4710 καὶ
3193 4657 3319 4718 τοὺς
3346 4654 3540 4721 λόγους
3564 4653 3731 4722 αὐτῆς

2157 4751 2251 4804 ἐπὶ
2294 4749 2490 4814 λέξεως
2537 4749 2900 4820 ἐκτιθέμενος,
2954 4748 3078 4820 ἔφη’
3115 4747 3224 4801 Καὶ
3265 4744 3434 4799 εἶπεν
3473 4746 3512 4813 ἡ
3555 4742 3726 4814 γυνή·

2172 4842 2312 4899 Τίνα
2339 4841 2612 4912 ἀναγάγω
2637 4857 2770 4905 σοι;
2804 4841 2900 4905 Τίς
2931 4839 2988 4893 δὲ
3021 4838 3192 4902 οὕτως
3231 4837 3435 4909 εὐήθης
3488 4838 3637 4890 ἐστὶν
3659 4837 3733 4900 ὡς

2158 4935 2507 5006 ὑποκρίνεται
2627 4931 3038 5006 ὑποκρίνεσθαι]
3056 4932 3128 5005 μὴ
3160 4935 3320 4996 νοεῖν,
3349 4931 3432 4983 ὃτι
3458 4924 3618 4985 αὗται
3637 4931 3732 5000 μὲν

2162 5026 2257 5079 τοῦ
2285 5026 2642 5098 συγγραφέως
2663 5023 2763 5078 οὔκ
2774 5025 2878 5077 εἰσι
2893 5026 3086 5092 φωναὶ,
3103 5023 3201 5093 τῆς
3215 5019 3622 5093 δὲδαιμονὼσης
3633 5019 3735 5071 εἰσὶ

2165 5119 2420 5188 γυναικός
2441 5135 2456 5184 ;
2484 5117 2642 5170 Ἀλλά
2658 5116 2763 5189 μὴν
2793 5116 2907 5185 εἴγε
2922 5116 3002 5170 δεῖ
3018 5115 3327 5187 φιλαλήθως
3349 5117 3546 5174 εἰπεῖν,
3569 5114 3602 5182 ἡ
3626 5111 3734 5182 διηο

2163 5209 2444 5296 γη-ματικὴ
2467 5209 2653 5263 τοῦτον
2674 5209 2738 5279 (f.
2768 5208 2949 5278 τοῦτο)
2975 5209 3143 5281 ἔφησε
3170 5209 3349 5278 μόνον,
3375 5206 3472 5269 ὡς,
3503 5201 3678 5258 Εἶδεν
3696 5204 3733 5271 1';

2166 5303 2320 5374 γυνὴ
2336 5302 2442 5356 τόν
2467 5301 2770 5372 Σαμουήλ-
2791 5301 2961 5364 οὖτως
2979 5300 3037 5354 δὲ
3065 5301 3234 5354 ταῦτα
3249 5298 3484 5372 ἔγραψεν
3502 5296 3578 5360 ὡς
3605 5296 3733 5368 πρὸς

2167 5392 2374 5456 εἰδότας
2398 5392 2526 5463 περὶ
2549 5390 2889 5464 δαιμονώσης
2905 5390 3127 5462 ὁμιλῶν.
3144 5391 3218 5443 Οὐ
3233 5390 3340 5460 γάρ
3365 5392 3513 5444 ἐστιν
3539 5390 3714 5458 ἀμφισ

2168 5486 2370 5558 θητεῖν,
2391 5487 2471 5540 ὅτι
2493 5484 2702 5555 δαίμων
2720 5485 2820 5538 οὐκ
2848 5484 3037 5553 ἀνάγει
3061 5482 3243 5554 ψυχὴν
3264 5479 3500 5544 οὐδενὸς,
3528 5479 3611 5542 ὃς,
3638 5476 3736 5531 ὑπὸ

2168 5578 2277 5634 τῶν
2294 5576 2530 5632 εὐσεϐῶν
2546 5576 2858 5648 ὁριζόμενος
2881 5575 2978 5632 ἀνθ
2987 5575 3201 5648 ρώπων,
3219 5571 3523 5638 ἐλαύνεται,
3542 5568 3737 5646 πυροῦ-
