3850 6160
189 305 293 363 621

1078 310 1169 366 DE
1206 312 1798 373 ENGASTRIMYTHO
1830 315 2114 377 CONTRA
2149 319 2525 381 ORIGENEM.

3341 341 3453 398 623

189 440 302 485 ται,
341 418 681 490 μαστίζεται,
713 421 808 476 καὶ
838 423 1026 492 φεύγει
1065 423 1128 477 τὸ
1165 426 1431 500 σκήνωμα
1465 429 1757 502 προλιπών·

1871 444 1993 486 rum
2025 430 2308 493 hominum
2347 435 2577 506 imperio
2610 439 2834 507 subest,
2877 443 3131 514 eiicitur,
3166 446 3292 521 igne
3320 466 3441 508 cre-

187 515 305 571 ex):
322 509 466 570 εἶδεν
490 516 525 588 ή
552 514 844 588 παραπλὴξ
862 515 938 581 ὡς
962 515 1200 590 ἔπρεπεν
1219 521 1357 593 αὐτῇ
1378 521 1440 575 τὸ
1462 522 1646 595 σχῆμα
1672 523 1772 594 τῆς

187 609 848 680 πεφαντασιοκοπημένης
894 609 1089 681 ὅψεως.
1127 611 1297 666 Είωθε
1327 613 1457 682 γοῦν
1491 616 1520 668 6
1559 613 1663 686 θὴρ
1690 617 1770 678 είς

187 697 656 768 πολυπροσώπως
695 700 885 755 ἑαυτὸν
940 699 1280 767 ἐξαλλάττειν
1338 704 1480 769 ἰδέας
1501 721 1516 736 ·
1568 705 1656 759 ἵνα
1708 706 1766 760 δὲ

184 792 333 845 κατά
360 792 454 846 τὸν
499 794 771 865 ἀγιοφανῆ
799 795 1013 850 Παῦλον
1051 796 1530 868 ἀποφθεγξάμενος
1560 798 1766 871 εἴποιμ’

180 883 273 938 ἄν·
314 884 510 952 Αὐτὸς
552 887 664 957 γὰρ
694 890 728 941 ὀ
759 885 1033 954 Σατανᾶς
1072 890 1638 959 μετασχηματίζεται
1678 895 1765 960 είς

186 980 448 1047 ἄγγελον
475 980 690 1048 φωτός
718 980 780 1034 οὐ
808 979 950 1051 μέγα
975 981 1104 1050 γοῦν
1125 970 1175 1035 εἰ
1204 981 1582 1054 διαλεγόμενος
1608 983 1763 1053 ἔταξε

187 1068 292 1140 μὲν
329 1070 423 1125 καὶ
450 1071 571 1125 τόδε
618 1071 679 1126 τὸ
725 1073 946 1146 χωρίον,
988 1074 1236 1145 οἰόμενος
1273 1075 1338 1130 ἐκ
1379 1075 1568 1130 τούτου
1609 1095 1765 1150 περι-

180 1160 418 1230 γράφειν
454 1163 583 1226 τοὺς
627 1163 726 1235 τὴν
769 1163 1028 1236 ἀλήθειαν
1059 1163 1496 1233 ἀντεισάγοντας,
1539 1167 1763 1241 ἀτεχνίᾳ

180 1251 241 1304 δὲ
275 1251 475 1322 μᾶλλον
507 1253 542 1325 ἢ
568 1254 735 1327 τέχνῃ
775 1254 946 1310 δοκῶν
993 1254 1385 1320 ἀνασκευάζειν
1411 1256 1560 1330 αὐτῷ
1594 1276 1761 1331 προσ-

179 1342 366 1416 ιτέθη.

250 1524 317 1579 ν.
362 1526 474 1580 Καὶ
498 1526 661 1591 διατί,
691 1528 876 1599 φησὶν,
927 1531 1027 1583 οὐκ
1055 1529 1299 1602 εἴρηται,
1330 1531 1506 1586 Εἷδεν
1602 1534 1757 1605 γυνὴ

173 1616 490 1687 δαιμόνων
535 1618 566 1674 ὃ
611 1621 1024 1689 προσεποιεῖτο
1076 1620 1229 1678 εἶναι
1278 1625 1585 1695 Σαμουὴλ,
1624 1626 1760 1689 ἀλλὰ

173 1709 491 1781 γεγράφθαι
539 1712 674 1783 πρὸς
701 1714 794 1768 ἐπὶ
823 1715 1033 1780 τούτοις
1065 1714 1286 1786 ἔφησεν,
1325 1718 1514 1791 Ἔγνω
1531 1719 1754 1785 Σαοὺλ,

172 1775 822 1871 ,Σαμουήίέστιη
859 1800 993 1861 Εἶτα
1013 1775 1186 1859 *πάλιν
1218 1775 1481 1881 ἐπιφέρει¹
1514 1775 1753 1882 προῖώνί
1790 1775 1832 1830 Β

170 1891 241 1943 Εἰ
282 1890 359 1961 μὴ
400 1886 470 1962 ἦν
511 1893 798 1965 Σαμουὴλ,
844 1893 951 1948 ἔδει
988 1896 1321 1968 γεγράφθαιο
1379 1901 1488 1955 Καὶ
1529 1901 1757 1972 ἐνόμιζε

169 1982 375 2038 Σαοὺλ
409 1981 562 2040 εἶναι
605 1987 790 2043 αὑτὸν
828 1989 1143 2060 Σαμουὴλ·
1185 1991 1280 2046 νῦν
1319 1993 1374 2054 δὲ
1420 1994 1749 2066 γέγραπται·

173 2075 368 2146 Ἔγνω
397 2077 622 2132 Σαούλ·
654 2079 828 2144 οὐδεὶς
852 2080 909 2134 δὲ
942 2080 1081 2152 ἔγνω
1110 2082 1173 2137 τὸ
1203 2082 1279 2155 μὴ
1319 2084 1398 2137 δνο
1426 2086 1611 2156 Ἔγνω
1639 2083 1761 2187 οὖν

168 2166 396 2230 Σαοὺλ,
433 2168 523 2222 ὅτι
560 2171 843 2240 Σαμουήλ
883 2173 1343 2231 ἐστιν.Ἔπεσεν
1384 2178 1483 2233 ἐπὶ
1521 2173 1753 2249 πρόσωὲ

167 2270 293 2313 πον
320 2259 419 2314 ἐπὶ
454 2260 571 2329 τὴν
598 2260 732 2331 γῆν,
762 2264 859 2321 καὶ
888 2266 1348 2336 προσεκύνησεν
1370 2270 1673 2337 αὺτῷ.”ῐνα
1695 2274 1751 2329 δὲ

169 2347 250 2419 μὴ
280 2348 562 2420 παραϐὰς
602 2352 686 2420 ἐφ’
715 2351 881 2424 ἔτερα
920 2353 1027 2408 τῶν
1057 2356 1535 2429 παραδειγμάτων,
1565 2361 1624 2428 ἐξ
1655 2363 1751 2415 αὐ-

165 2438 280 2492 τῶν
322 2433 397 2493 ὧν
438 2439 698 2513 ἔγραψεν,
728 2443 959 2498 ἐνταῦθα
985 2447 1285 2518 ποιήσομαι
1316 2448 1413 2520 τὴν
1446 2449 1712 2523 ἐρώτησιν
1731 2470 1744 2483 θ

166 2522 464 2592 εἷθόὖτως
511 2531 603 2585 ἐπὶ
654 2531 723 2585 τά
768 2532 929 2587 λοιπά
983 2535 1267 2609 βαδιοῦμαι
1308 2522 1744 2614 παραδείγματα.

164 2618 277 2672 Καί
310 2636 401 2690 μοι
429 2619 553 2690 λέγε
591 2621 727 2695 πρὸς
751 2623 886 2679 Θεοῦ
908 2643 921 2656 ·
955 2626 1021 2679 Τί
1058 2629 1183 2700 φῂς,
1222 2624 1275 2683 ὧι
1304 2630 1604 2703 Ὠρίγενεςς
1650 2634 1742 2688 πό-

163 2727 324 2782 τερον
348 2714 382 2783 ἡ
416 2714 550 2786 γυνὴ
575 2715 665 2769 τὸν
694 2716 947 2803 Σαμουήλ
976 2718 1247 2790 ἀνήγαγεν
1269 2720 1417 2793 αὐτῷ
1446 2722 1678 2795 σώματι,
1710 2724 1743 2797 ἢ

162 2803 244 2875 τῷ
282 2822 349 2875 γε
397 2807 637 2878 σχήματι
680 2812 1040 2881 σκιογραφίας
1079 2813 1209 2868 εῖδει
1243 2816 1740 2890 περιϐεϐλημένονς

159 2894 230 2949 El
279 2896 381 2967 μὲν
425 2894 517 2951 οὖν
546 2897 833 2971 ἀσώματον
861 2902 1136 2974 ἀνήγαγεν
1176 2904 1357 2971 αὐτὸν,
1388 2908 1488 2961 οὐκ
1518 2907 1626 2980 ἄρα
1654 2909 1742 2964 τὸν

160 2984 421 3059 Σαμουὴλ
443 2987 754 3061 ἀνέστησεν,
783 2990 919 3045 ἀλλά
951 2992 1261 3064 πνεύματος
1286 2996 1459 3051 ἰδέαν·
1490 2998 1519 3052 6
1549 2998 1656 3073 γὰρ
1678 3000 1743 3054 ἐκ

1871 530 2074 589 matur,
2111 521 2295 595 ﬂagris
2315 528 2545 584 caeditur
2558 537 2614 585 et
2638 530 2798 604 fugit,
2818 534 3155 596 habitatione
3169 543 3441 614 neglecta.

1871 613 2035 670 ullius
2064 615 2302 672 animam
2336 633 2590 681 evocare.
2616 623 2720 680 Sed
2748 626 2883 683 vidit
2906 645 3129 696 vesana,
3163 642 3224 690 ιιι
3244 637 3445 709 aptiori

1868 705 2042 777 ﬁgura
2072 724 2187 766 rem
2215 726 2381 783 quam
2416 714 2809 788 imaginatione
2842 722 2950 779 sibi
2984 705 3446 789 conﬁctamtcon-

1867 808 2107 870 ceperat,
2135 813 2572 873 repraesentaret.
2597 809 2785 867 Bellua
2816 829 3053 889 namque
3071 834 3133 877 se
3160 820 3218 877 in
3239 824 3442 881 multas

1867 891 2157 965 variasque
2205 896 2414 956 formas
2452 908 2668 961 mutare
2730 911 3051 978 consuevit,
3096 920 3159 969 ut
3198 930 3328 973 cum
3359 917 3444 974 di—

1864 984 1995 1040 vino
2021 986 2191 1044 Paulo
2228 990 2408 1048 dicam
2437 1015 2452 1051 :
2486 994 2607 1064 Ipse
2630 999 2771 1054 enim
2798 999 3030 1061 Satanas
3048 1014 3443 1068 transmutatur
3506 1006 3513 1017 ’

1864 1073 1921 1128 in
1948 1077 2191 1148 angelum
2225 1081 2359 1139 lucis
2395 1083 2459 1143 “.
2501 1082 2650 1147 Nihil
2677 1091 2877 1147 mirum
2921 1093 3107 1167 itaque
3134 1097 3181 1154 si
3213 1099 3264 1156 is
3295 1100 3440 1159 inter

1862 1164 2263 1242 disserendum,
2290 1175 2470 1237 locum
2496 1177 2643 1238 hunc
2668 1180 2967 1254 Scriptum
2985 1164 3257 1262 apposuit,
3280 1203 3436 1254 ratus

1862 1260 2132 1329 exquisite
2159 1264 2473 1330 describere
2513 1287 2609 1329 eos
2643 1275 2735 1345 qui
2781 1260 3072 1337 veritatem
3090 1296 3433 1356 assererem,

1862 1349 1954 1404 cui
1988 1352 2040 1406 id
2066 1354 2302 1423 addidit,
2327 1369 2387 1417 ut
2417 1365 2694 1435 propriam
2710 1369 3061 1430 conﬁrmaret
3084 1349 3435 1450 sententiam,

1861 1445 1965 1503 etsi
1997 1448 2146 1505 nulla
2186 1458 2325 1508 arte.

1932 1536 1997 1592 V.
2037 1540 2105 1595 Et
2135 1558 2324 1613 quare,
2358 1548 2557 1619 inquit,
2602 1568 2713 1608 non
2751 1555 2957 1613 dictum
2989 1572 3110 1616 est:
3140 1563 3282 1620 Vidit
3311 1583 3434 1624 mu-~

1860 1625 1960 1682 lier
1980 1629 2319 1702 daemonium,
2350 1643 2489 1709 quod
2517 1644 2745 1713 ﬁngebat
2770 1665 2827 1703 se
2851 1665 2961 1706 esse
2982 1652 3276 1712 Samuelem
3294 1674 3314 1723 ;
3334 1662 3430 1719 sed

1861 1722 2128 1791 scriptum
2164 1741 2287 1783 esse
2314 1728 2442 1786 dein
2473 1732 2647 1790 dicit:
2682 1736 2957 1796 Intellexit
2984 1741 3123 1801 Saul
3149 1749 3288 1817 quod
3328 1748 3434 1806 Sa-

1858 1814 2000 1868 muel
2026 1827 2163 1872 esset
2182 1820 2264 1875 "‘3
2292 1820 2507 1888 Quibus
2538 1831 2730 1898 paucis
2779 1833 3086 1905 interjectis
3115 1814 3300 1897 subdit
3332 1863 3345 1898 :
3371 1841 3433 1901 Si

1858 1902 2079 1961 Samuel
2107 1923 2219 1965 non
2251 1921 2390 1978 erat,
2427 1917 2778 1975 scribendum
2805 1902 3030 1982 omnino
3059 1937 3212 1986 erat:
3240 1931 3311 1989 Et
3329 1921 3435 2003 pa?

1855 1993 2005 2057 tabat
2047 1996 2183 2053 Saul
2215 2001 2369 2058 illum
2409 2022 2520 2061 esse
2552 2008 2874 2071 Samuelem.
2914 2014 3075 2074 Nunc
3119 2038 3247 2079 vero
3287 1993 3428 2087 scri-

1852 2094 2005 2155 ptum
2030 2100 2112 2146 est
2139 2111 2154 2147 :
2189 2092 2442 2165 Cognovit
2471 2097 2627 2157 Saul.
2663 2102 2838 2161 Nemo
2866 2117 3046 2166 autem
3079 2118 3337 2185 cognovit
3370 2119 3426 2179 id

1852 2179 1995 2246 quod
2036 2196 2147 2237 non
2180 2192 2287 2241 est.
2320 2186 2594 2245 Intellexit
2636 2195 2812 2267 itaque
2843 2197 3000 2267 Saul,
3026 2179 3175 2271 quod
3208 2206 3429 2270 Samuel

1849 2278 2004 2323 esset.
2036 2271 2277 2330 Procidit
2308 2294 2507 2346 pronus
2535 2284 2591 2338 in
2624 2295 2845 2353 terram,
2883 2300 2935 2348 et
2968 2297 3212 2352 adorauit
3245 2300 3423 2358 illum.

1850 2358 1968 2415 Non
1996 2363 2215 2422 aliunde
2245 2371 2432 2439 petitis
2464 2379 2751 2447 exemplis,
2782 2383 2879 2438 sed
2929 2386 3000 2442 ab
3028 2387 3097 2443 iis
3133 2389 3268 2460 ipsis
3301 2409 3425 2465 qua

1850 2455 2076 2526 scriptis
2110 2461 2411 2528 mandavit,
2452 2466 2558 2523 hoc
2610 2470 2669 2525 in
2712 2473 2835 2530 loco
2870 2455 3299 2552 interrogatione
3317 2455 3424 2541 ’ἰιιο

1850 2548 2031 2604 stabo.
2079 2547 2319 2609 Tandem
2373 2566 2428 2612 et
2474 2560 2697 2633 reliquis
2743 2573 2865 2627 utar
2910 2547 3194 2643 exemplis.
3245 2575 3425 2634 Eﬁ‘are

1847 2653 1975 2710 ergo
2006 2641 2141 2697 mihi
2188 2661 2285 2716 per
2314 2646 2506 2717 Deum,
2541 2654 2683 2723 Quid
2717 2655 2807 2719 hic
2839 2659 2943 2726 ais,
2976 2641 3273 2735 Origenes?
3301 2668 3423 2726 Mu-

1846 2725 1949 2782 lier
1981 2735 2298 2792 evocavitne
2345 2738 2652 2803 Samuelem
2713 2762 2823 2803 una
2869 2764 2995 2807 cum
3044 2768 3295 2828 corpore,
3350 2776 3424 2823 ar,

1847 2820 2019 2891 ﬁgura
2053 2825 2262 2883 umbrae
2307 2838 2520 2889 tantum
2559 2836 2796 2909 imagine
2839 2820 3199 2906 obvolutum?
3230 2820 3291 2906 Si
3335 2820 3423 2908 ἰη-ἶ

1845 2908 2169 2984 corporeum
2226 2919 2378 2977 illum
2427 2908 2697 2994 evocavit,
2743 2947 2855 2991 non
2898 2951 3031 3009 ergo
3083 2938 3416 3011 Samuelem,

1844 3004 1942 3060 sed
1971 3008 2202 3077 spiritus
2237 3011 2471 3073 formam
2507 3023 2797 3081 suscitavit
2829 3047 2843 3083 :
2875 3043 2942 3084 ex
2977 3032 3158 3089 anima
3187 3037 3335 3094 enim
3364 3048 3420 3098 ct

156 3074 342 3148 ιιωχῆς
373 3079 468 3132 καὶ
497 3077 748 3151 σώματος
768 3084 1113 3155 ἡρμοσμένος
1142 3079 1297 3151 οὗτός
1343 3090 1461 3142 ἐστι
1487 3090 1742 3193 Σαμουὴλ

2001 3074 2015 3077 _
2516 3074 2795 3081 ,Ἤρ-,η
2829 3074 2843 3083 .
2877 3074 2942 3084 ν..
2977 3074 3158 3089 ..........
3187 3074 3335 3094 em...
3364 3074 3419 3098 ι.

1847 3109 2079 3170 corpore
2125 3108 2466 3178 compositus
2508 3112 2625 3182 ipse
2677 3125 2763 3175 est
2820 3118 3079 3193 Samuel;
3133 3127 3299 3189 homo
3348 3148 3419 3193 ex

156 3171 192 3229 ὁ
215 3170 524 3243 ἄνθρωπος,
548 3175 577 3228 6
603 3176 797 3247 κρᾶσιν
822 3176 960 3249 ἔχων
983 3178 1042 3246 ἐξ
1063 3181 1266 3252 ἀμφοῖν
1294 3180 1581 3251 ἀνάλογον·
1611 3186 1659 3238 εἰ
1683 3184 1742 3238 δὲ

154 3261 435 3334 ὁλόσωμον
478 3265 638 3319 αὐτὸν
684 3268 927 3339 ἀνήγαγε
956 3269 1046 3325 τὸν
1079 3272 1267 3344 ἄνδρα,
1299 3273 1415 3338 πῶς
1442 3273 1540 3346 οὐχ
1569 3274 1743 3347 ἑώρα-

156 3371 257 3410 κεν
282 3356 445 3411 αὐτὸν
474 3359 503 3412 6
528 3359 733 3427 Σαούλ;
762 3364 810 3417 εί
830 3362 938 3436 γὰρ
956 3359 1023 3435 ἦν
1046 3364 1271 3435 αὐτοψεὶ
1293 3365 1625 3439 θεασάμενος
1645 3369 1736 3422 αὐ·

153 3449 270 3534 τὸν,
299 3452 402 3511 οὐκ
437 3452 504 3507 ἂν
544 3453 620 3519 ὡς
651 3456 935 3515 ἀϐλεπτῶν
961 3459 1190 3532 ἐξήταζε
1215 3460 1310 3534 τὴν
1343 3465 1594 3529 γυναῖκα,
1631 3464 1737 3534 φά-

155 3526 305 3601 σκών
335 3543 610 3615 αὐτολεξεὶ
655 3548 736 3612 τό,
771 3550 833 3605 Tl
860 3526 1155 3620 ἑώρακαω
1195 3526 1402 3607 Ουκοῖιν
1434 3556 1483 3607 εί
1518 3526 1615 3625 μέν
1642 3526 1739 3610 ἀό-

156 3648 321 3705 ρατος
352 3629 442 3707 ἧν,
470 3636 854 3708 ἀναμφιλόγως
880 3639 1168 3713 ἀσώματος
1197 3637 1266 3715 ἦν
1287 3660 1301 3674 ο
1335 3645 1384 3697 εί
1414 3643 1471 3697 δὲ
1506 3643 1734 3717 ἀσώμα-

151 3742 245 3790 τος
264 3728 506 3799 σχήματι
528 3729 850 3800 διεφαίνετο,
878 3733 930 3787 τί
949 3733 1147 3806 δήποτε
1168 3736 1478 3815 τούναντίον
1500 3736 1734 3810 ἔφραζεν

150 3816 191 3886 ἠ
218 3816 576 3889 πυθόμαντις,
592 3822 892 3894 ἑωρακέναι
921 3824 1019 3895 μὲν
1039 3826 1208 3898 ἄνδρα
1227 3827 1406 3900 ὄρθιον
1423 3829 1487 3883 ἐκ
1511 3828 1610 3900 τῆς
1629 3829 1733 3902 γῆς

150 3905 533 3993 ἀναϐαίνοντα,
590 3912 834 3970 διπλοΐδα
880 3916 959 3982 δὲ,
1012 3918 1154 3972 κατά
1196 3919 1259 3974 τὸ
1308 3920 1539 3993 πρόσθεν
1588 3920 1728 3989 ἔθος,

148 3992 623 4072 ἀναϐεϐλημένως
663 4005 805 4078 Ἀρα
830 4003 923 4062 οὖν
951 4007 1091 4062 αὐτά
1130 4008 1200 4063 τὰ
1234 3992 1534 4083 πράγματα
1562 4012 1729 4084 μάχετ-

147 4090 244 4147 ταί
276 4108 368 4145 σου
398 4096 512 4157 τοῖς
527 4093 725 4164 λόγοις,
754 4090 800 4150 ὦ
832 4098 1134 4169 Ὠρίγενες⁸
1166 4103 1195 4155 6
1222 4102 1322 4172 μέν
1349 4120 1413 4172 γε
1436 4104 1608 4161 Σαοὺλ
1640 4106 1731 4169 οὐ·

144 4179 241 4236 δὲν
259 4181 396 4247 ὅλως
419 4185 678 4256 ἑωρακὼς
699 4186 775 4252 ὡς
797 4189 925 4261 περὶ
953 4191 1337 4264 φαντάσματος
1358 4195 1590 4268 ἀοράτου
1612 4197 1727 4252 δια-

143 4271 440 4346 λεγόμενος
465 4278 814 4345 ἐπυνθάνετο,
839 4280 919 4347 τὸ,
964 4284 1025 4337 Τί
1050 4282 1346 4354 ὲώρακαω
1377 4286 1546 4349 εἰπών
1565 4305 1579 4318 ·
1610 4289 1724 4361 ήδέ

142 4366 456 4422 τούναντίον
474 4368 550 4434 ὡς
570 4370 731 4424 αὐτὸν
753 4371 1037 4444 ἄνθρωπον
1060 4373 1242 4428 ίδοῠσα
1266 4376 1535 4449 κέκραγεν
1554 4395 1567 4409 ’
1596 4380 1725 4433 Ἅν-

1842 3193 2092 3264 utrisque
2123 3202 2476 3269 proportione
2505 3206 2741 3279 quadam
2780 3224 3018 3272 constat.
3054 3215 3111 3272 Si
3150 3236 3281 3282 vero
3304 3240 3417 3285 una

1842 3298 1968 3338 cum
2000 3294 2116 3343 toto
2166 3306 2399 3364 corpore
2453 3297 2631 3356 virum
2673 3306 2943 3371 evocavit,
2992 3313 3267 3380 quomodo
3305 3333 3419 3379 non

1840 3375 1977 3432 vidit
2008 3379 2159 3436 illum
2199 3383 2370 3445 Saul?
2401 3390 2604 3461 quippe
2632 3394 2679 3451 si
2706 3398 2963 3457 oculatus
2991 3375 3150 3460 testis
3180 3406 3299 3478 ipse
3332 3411 3416 3466 vi-

1838 3469 2034 3539 disset,
2075 3490 2186 3538 non
2217 3478 2613 3552 interrogasset
2646 3489 2953 3557 mulierem,
3000 3509 3065 3550 ac
3106 3498 3152 3554 si
3184 3515 3294 3558 non
3329 3504 3413 3558 vi-

1837 3563 2013 3628 deret,
2054 3567 2149 3631 illa
2197 3570 2316 3641 ipsa
2356 3575 2523 3629 verba
2562 3581 2898 3639 enuntians:
2935 3585 3076 3653 Quid
3120 3590 3413 3653 vidisti“?

1835 3654 2026 3726 Itaque
2064 3659 2110 3713 si
2134 3662 2419 3717 oculorum
2460 3662 2650 3738 eﬁ‘ugit
2693 3670 2967 3739 obtutum,
3002 3676 3211 3749 absque
3240 3681 3412 3739 dubio

1834 3753 1890 3802 et
1931 3753 2183 3821 corporis
2211 3769 2408 3825 expers
2434 3768 2574 3814 erat.
2625 3760 2683 3817 Si
2722 3767 2974 3836 corporis
3004 3784 3202 3841 expers
3235 3773 3411 3846 ﬁgura

1833 3842 2147 3909 apparebat,
2199 3852 2261 3900 ut
2306 3848 2438 3918 quid
2487 3844 2861 3923 pylhomantis
2916 3862 3226 3931 oppositum
3259 3842 3411 3923 ilice-

1830 3931 1925 3988 bat
1947 3933 2030 3989 ¹⁸ε
2064 3935 2272 3994 Vidisse
2312 3940 2533 4012 quidem
2568 3943 2833 4002 hominem
2871 3962 3072 4014 rectum
3104 3973 3132 4011 e
3153 3966 3295 4023 terra
3323 3978 3410 4021 sa-

1831 4026 2042 4083 lientem
2073 4031 2263 4100 pallia,
2316 4036 2393 4089 uti
2430 4038 2584 4108 prius
2628 4040 2698 4096 ab
2748 4056 2814 4099 eo
2847 4043 2967 4105 ﬁeri
3015 4062 3404 4125 consueverat,

1830 4119 2081 4174 amictum
2100 4123 2126 4177 ?
2151 4119 2261 4179 Res
2284 4125 2470 4197 itaque
2494 4128 2651 4199 ipsae,
2675 4130 2962 4206 Origenes,
2994 4153 3120 4195 cum
3148 4144 3259 4205 tuis
3286 4119 3407 4201 ser;

1828 4208 2084 4266 monibus
2109 4223 2373 4284 pugnant.
2426 4216 2505 4272 Et.
2528 4218 2657 4277 Saul
2690 4223 2808 4296 ipse
2848 4241 2972 4289 cum
3005 4231 3140 4293 nihil
3174 4237 3406 4297 omnino

1826 4301 2152 4370 aspexisset,
2188 4312 2450 4378 tanquam
2473 4310 2543 4367 de
2569 4313 2954 4384 phantasmate
2980 4319 3245 4386 invisibili
3279 4343 3401 4384 ser-

1828 4406 2047 4449 monem
2072 4394 2303 4466 habens,
2341 4399 2735 4476 interrogabat,
2778 4408 3074 4480 inquiens;
3102 4415 3248 4487 Quid
3274 4420 3405 4476 nidi-

142 4453 259 4527 δρα
287 4455 488 4525 ὄρθιον
509 4456 906 4517 ἀναϐαίνοντα
945 4463 1015 4517 ἐκ
1055 4464 1167 4533 τῆς
1196 4465 1310 4535 γῆς
1328 4484 1341 4497 ο
1371 4468 1511 4541 ὑπὲρ
1542 4469 1598 4523 δὲ
1628 4469 1719 4550 τοᾷ
1753 4460 1757 4514 ἶ

2265 4453 2303 4466 _,
2588 4453 2735 4471 πη--.
2778 4453 3074 4480 ,...,....,...,
3155 4453 3246 4472 η...
3277 4453 3401 4476 um.-

1845 4483 1938 4538 sti?
1974 4481 2070 4538 llla
2100 4499 2266 4554 porro
2308 4504 2373 4545 ac
2403 4491 2451 4547 si
2479 4453 2758 4550 hominem
2787 4497 2985 4560 intuita
3026 4453 3245 4571 fuitset,
3289 4508 3401 4562 cla-

145 4548 334 4600 πείσαι
383 4547 459 4612 ὡς
508 4549 668 4616 αὐτὸς
711 4551 994 4625 ἄνθρωπός
1038 4557 1173 4620 ἐστι,
1201 4558 1413 4622 δίδωσιν
1451 4560 1599 4632 αὐτῷ
1626 4547 1720 4617 καὶ

146 4641 374 4709 σημεῖον
399 4639 837 4715 ἐπιφθεγξαμένη
855 4661 868 4674 ·
900 4647 1011 4700 Kal
1038 4644 1215 4716 οὗτος
1240 4651 1720 4725 ἀναϐεϐλημένος

138 4728 443 4787 διπλοΐδα.
479 4733 544 4787 Τί
571 4732 686 4800 οὖν,
718 4728 764 4788 ὦ
790 4737 887 4808 τῆς
919 4738 1178 4810 ἀθεμίτου
1210 4745 1467 4814 μαντείας
1511 4747 1717 4821 ὑποθή-

141 4837 288 4892 μων,
314 4823 471 4896 chap
498 4824 794 4896 ἐτύγχανεν
820 4828 978 4901 ἀνὴρ,
999 4832 1098 4886 οὐκ
1119 4829 1257 4889 εἶδεν
1282 4836 1444 4891 αὐτὸν
1464 4841 1492 4893 6
1513 4840 1684 4895 Σαούλ
1704 4858 1719 4909 ;

140 4913 305 4978 ἐκτὸς
329 4915 379 4968 εί
410 4917 569 4988 μήτοι
602 4917 698 4971 xal.
722 4917 783 4972 τὸ
815 4921 1069 4995 αίσθητὺν
1094 4925 1249 4998 ὄμμα
1275 4928 1602 4998 τυφλώττειν
1624 4934 1722 4987 αὐ-

139 5005 237 5063 τὸν
267 4997 778 5089 είποιςιώσπεροῦν
806 5014 996 5086 ἀμέλει
1035 4997 1211 5074 καὶτὸ
1230 5020 1332 5087 τῆς
1354 4997 1560 5089 ἐννοίας
1587 5025 1720 5080 αὐτὸ

136 5094 202 5151 τὺ
231 5094 443 5170 νοητόν,

214 5277 302 5334 VI.
356 5282 494 5337 Ἀλλ’
529 5283 657 5352 ἴσως
700 5290 849 5360 ἐρεῖς
873 5263 1226 5368 ἁλισκόμενος
1268 5299 1529 5367 εὐπετῶς⁸
1577 5303 1716 5358 Αὐτὸ

132 5368 203 5429 τδ
229 5372 331 5445 τῆς
359 5373 542 5447 ψυχῆς
570 5378 799 5450 ὄργανον
830 5383 1290 5462 ἀνθρωπόμορφον
1323 5392 1720 5465 ἐσχηματίζετο

132 5465 279 5519 κατά
303 5466 402 5541 τὴν
434 5467 604 5542 ὤραν,
631 5471 718 5527 ἵνα
746 5476 1009 5562 ἐπιφανὲν
1047 5480 1238 5555 ἐξείπῃ
1268 5489 1592 5561 προφητικῷ
1621 5508 1721 5562 μη-

129 5554 333 5633 νύματι
361 5560 423 5614 τὸ
453 5561 645 5634 μέλλον
663 5580 677 5594 °
713 5560 802 5619 οἷα
844 5566 908 5639 δὴ
957 5570 1095 5626 κατά
1136 5575 1265 5639 τοὺς
1303 5554 1505 5644 θπνους
1545 5554 1717 5636 ἐνίοτε

1824 4578 1994 4633 mavit
2030 4598 2044 4634 :
2095 4579 2279 4636 Virum
2314 4594 2543 4646 stantem
2589 4589 2954 4651 ascendentem
3007 4595 3071 4657 de
3116 4605 3260 4653 terra
3288 4614 3310 4657 :
3338 4611 3400 4657 ut

1822 4676 2005 4724 autem
2055 4672 2135 4727 illi
2191 4676 2446 4732 suaderet
2493 4678 2770 4737 hominem
2818 4699 2977 4750 esse,
3040 4697 3201 4746 notas
3249 4691 3400 4752 illius

1820 4772 2062 4827 enarrat,
2100 4766 2341 4824 subdens
2365 4788 2379 4829 ;
2412 4769 2483 4824 Et
2508 4772 2593 4827 hic
2620 4775 2785 4844 pallio
2813 4779 3059 4835 amictus.
3088 4781 3270 4850 Quare
3294 4787 3398 4858 igi-

1821 4857 1931 4920 tur,
1985 4871 2019 4912 ο
2055 4859 2337 4931 sacrilegae
2375 4864 2788 4924 vaticinationis
2835 4882 3159 4944 praeceptor,
3211 4876 3274 4942 si,
3310 4857 3397 4937 vir

1819 4954 1959 5011 erat,
1991 4962 2103 5003 non
2127 4952 2343 5021 aspexit
2375 4953 2530 5009 illum
2565 4955 2732 5014 Saul?
2759 4960 2869 5019 nisi
2902 4962 2981 5017 illi
3007 4966 3171 5021 etiam
3203 4969 3395 5028 oculos

1817 5036 1914 5106 qui
1935 5039 2123 5094 sensui
2150 5040 2406 5108 subsunt,
2436 5047 2693 5111 caecutire
2721 5051 2860 5108 velis
2879 5051 3169 5122 allirmare,
3203 5075 3395 5130 quem-

1817 5124 2114 5185 admodum
2142 5129 2410 5189 duutaxat
2446 5142 2502 5191 et
2542 5135 2857 5198 intellectus
2894 5158 2958 5200 ea
2997 5161 3126 5216 pars
3151 5124 3274 5221 qua:
3307 5153 3394 5208 in-

1818 5218 2121 5289 telligibile.

1890 5306 1981 5365 Vl.
2025 5310 2134 5368 Sed
2179 5327 2304 5370 cum
2355 5316 2505 5375 facili
2556 5325 2776 5396 negotio
2821 5324 3110 5399 refellaris,
3154 5333 3387 5396 fortasse

1816 5400 1991 5469 dicas,
2025 5412 2156 5469 tunc
2185 5423 2450 5481 organum
2496 5418 2694 5483 anima
2714 5420 2771 5476 in
2823 5425 3061 5494 speciem
3093 5428 3384 5491 humanam

1816 5493 2161 5554 eﬁ‘ormatum
2186 5500 2379 5573 fuisse,
2422 5515 2482 5563 ut
2531 5525 2803 5583 apparens
2843 5518 3164 5591 prophetico
3191 5525 3379 5583 vatici-

1817 5585 1911 5643 nio
1937 5586 2121 5645 futura
2164 5595 2486 5664 praediceret
2519 5621 2531 5657 :
2565 5585 3023 5691 quemadmodum
3051 5614 3107 5672 in
3154 5619 3379 5691 somnii:

173 5742 216 5779 "
255 5741 316 5799 11
338 5740 474 5804 Cor.
510 5762 587 5818 xi,
610 5749 698 5808 ll.
777 5753 821 5788 “
844 5751 1032 5833 I_Reg.
1059 5773 1257 5833 xwi,
1277 5761 1366 5822 ﬂ.
1393 5852 1405 5859 ⁷
1442 5764 1492 5859 ξς
1516 5763 1669 5859 νὲὺίά,
1704 5767 1757 5830 l2

1845 5773 2065 5863 una.
2100 5778 2217 5861 ιι.⁸
