3850 6160
443 285 550 340 623

1460 284 1518 341 S.
1562 283 1934 340 EUSTATHII
1959 283 2267 340 EPISCOPI
2306 284 2731 341 ANTIOCHENI

3600 288 3704 347 624

441 404 774 477 quandoque
831 411 884 460 et
943 392 1174 476 spiritus
1227 412 1282 458 et
1333 403 1530 460 animae
1582 406 1842 460 omnibus
1904 407 2010 462 suis

2127 404 2414 478 πνεύματα
2449 407 2542 460 καὶ
2563 406 2733 476 ψυχαὶ
2758 407 2868 470 τοῖς
2900 403 3208 478 ἀνθρώποις
3228 402 3544 475 ἐφίστανται
3569 425 3710 480 παμ-

443 495 708 552 membris
743 496 1029 561 absolutae,
1067 497 1448 565 humanasque
1477 497 1684 554 formas
1715 514 1825 569 prae
1860 515 1918 554 se
1949 499 2026 554 fe-

445 595 652 654 rentes,
681 587 1010 655 adveniunt;
1073 589 1126 643 in
1175 589 1379 659 quibus
1413 604 1520 644 non
1553 605 1684 658 una,
1737 591 1832 646 sed
1874 593 2025 646 varia

447 681 764 737 indumenta
814 681 1144 751 conspicies,
1183 697 1285 737 nec
1333 699 1442 736 non
1477 684 1824 746 cicatricum,
1867 694 2023 755 typo-

445 787 564 825 rum
606 771 976 842 vibicumquc,
1011 771 1142 841 quin
1179 780 1233 825 et
1270 771 1550 842 plagarum
1595 781 1649 828 et
1692 774 2025 829 vulneratio-

443 880 574 918 num
624 871 783 920 notas
837 864 1155 934 impressas.
1210 863 1267 918 Si
1311 866 1480 936 igitur
1535 867 1773 920 animam
1810 873 2022 921 tantum

441 965 756 1023 evocatam,
812 973 918 1012 n0u
970 962 1091 1029 ipso
1132 973 1362 1029 corpore
1411 959 1684 1014 hominem
1735 959 2018 1028 decernis;

439 1049 586 1118 quod
618 1051 783 1105 etiam
819 1052 863 1106 si
901 1052 1159 1115 volueris,
1200 1051 1502 1123 Scriptura:
1535 1054 1708 1108 series
1741 1069 1849 1108 non
1887 1069 2022 1109 con-

440 1143 632 1211 cedet;
688 1145 902 1200 tibimet
942 1147 1043 1216 ipsi
1082 1149 1383 1216 pugnantia
1434 1149 1826 1219 contrariaque
1871 1151 2019 1221 loqui

438 1254 548 1294 non
579 1239 821 1310 percipis
840 1236 1102 1309 ?Hocque
1127 1240 1222 1293 tibi
1248 1240 1451 1310 aliquis
1479 1256 1779 1312 opponeret
1803 1262 1814 1297 :
1838 1245 2019 1312 Quare

436 1343 546 1383 non
597 1329 734 1383 dixit
779 1329 1017 1383 mulier:
1050 1328 1418 1398 Propheticam
1465 1334 1701 1386 animam
1753 1335 1879 1401 vidi,
1923 1337 2016 1390 sed

435 1422 771 1493 oppositum,
820 1423 988 1475 virum
1027 1426 1302 1479 erectum?
1343 1431 1397 1479 et
1425 1425 1697 1492 eamdem,
1734 1443 1897 1498 quam
1934 1428 2018 1483 in-

434 1517 563 1571 nuis
597 1516 892 1579 rationem,
928 1530 1100 1585 quare
1134 1514 1418 1588 Scriptura
1455 1533 1564 1574 non
1598 1518 1672 1573 ita
1697 1520 1858 1574 effata
1889 1529 2013 1576 est:

443 1605 592 1662 Vidit
623 1606 814 1661 mulier
841 1605 1184 1673 daemonium,
1217 1607 1354 1677 quod
1389 1610 1620 1680 ﬁngebat
1664 1628 1719 1666 se
1765 1629 1878 1666 esse
1912 1611 2016 1668 Sa-

433 1701 698 1757 muelem.’
730 1698 843 1755 Hac
877 1700 1066 1770 utique
1097 1700 1309 1756 ratione
1349 1718 1452 1774 ego
1473 1703 1570 1758 tibi
1609 1719 1892 1776 opponens
1918 1707 2017 1762 ob-

2139 500 2310 572 μελεὶ,
2333 500 2460 563 τοὺς
2480 498 2849 571 ἀνθρωπείους
2880 497 3314 569 ἐπιδεικνύμεναι
3344 501 3707 572 χαρακτῆραςο

2133 594 2194 646 οὐ
2232 594 2338 666 μὴν
2370 593 2506 647 ἀλλά
2542 609 2605 662 γε
2634 593 2729 646 καὶ
2757 591 2989 662 διάφορα
3033 591 3128 644 καὶ
3161 592 3386 644 ποικίλα
3429 593 3709 664 φοροῦντες

2133 687 2438 758 ἐσθήματα,
2471 685 2562 739 καί¹
2593 686 2865 756 σημασίας
2897 683 3089 749 οὐλῶν,
3125 683 3158 756 ἦ
3195 685 3490 755 κτύπων,ῆ
3528 683 3709 756 μωλὼ⁴

2133 796 2249 832 πων
2296 779 2704 850 ἐπιφερόμενοι,
2739 778 2834 831 καὶ
2863 776 3105 847 πληγῶν,
3137 776 3170 848 ἢ
3204 774 3482 847 τρώσεων.
3513 776 3573 828 Ei
3603 777 3707 829 τοί-

2124 883 2226 925 ’νυν
2258 869 2415 944 ὁρίζῃ
2452 870 2627 942 ψυχὴν
2660 869 2891 940 ἀνῆχθαι
2930 869 3109 939 μόνον,
3143 869 3256 921 ἀλλ’
3285 868 3385 921 οὐκ
3433 867 3707 940 ἄνθρωπον

2129 963 2277 1034 αύτῷ
2303 963 2515 1034 σώματι
2563 961 2706 1034 (οὐδὲ
2730 962 2839 1032 γὰρ
2860 964 2907 1015 εί
2931 960 3111 1031 βούλει
3136 959 3317 1014 δίδωσί
3348 977 3430 1013 σοι
3455 961 3515 1012 τὸ
3542 962 3706 1032 γράμ-

2133 1057 2263 1129 μα),
2315 1057 2597 1128 μαχόμενα
2645 1055 2744 1126 μὲν
2797 1054 2977 1126 ἐαυτῷ
3010 1052 3280 1118 θεσπίζων
3309 1054 3408 1106 οὐκ
3440 1053 3704 1128 αἰσθάνῃς

2129 1149 2464 1224 Σαυτὸν(ὖ¹“)
2481 1151 2537 1203 δέ
2562 1149 2720 1203 τοῦτό
2746 1166 2829 1212 τις
2847 1148 3237 1220 ἀνθυποφέρων
3257 1150 3374 1218 ἐρεῖ
3396 1164 3478 1200 σοι
3494 1165 3506 1175 ·
3537 1148 3600 1199 Τί
3627 1147 3706 1218 δήο

2129 1263 2257 1299 ποτε
2290 1246 2391 1298 οὐκ
2419 1239 2570 1297 εἶπεν
2600 1245 2632 1314 ἡ
2663 1242 2820 1314 γυνὴ,
2856 1240 3240 1310 Προφητικὴν
3273 1238 3439 1295 εἶδον
3477 1240 3702 1310 ψυχὴν,

2126 1336 2260 1392 ἀλλά
2276 1335 2602 1398 τούναντίον,
2625 1333 2813 1402 ἄνδρα
2837 1333 3066 1401 epam,-
3145 1331 3253 1402 γὰρ
3267 1330 3479 1402 ἔφησθα
3500 1331 3700 1402 τρόπῳ,

2125 1429 2219 1484 καὶ
2247 1429 2388 1482 διατί
2427 1427 2603 1497 λέγων
2627 1427 2728 1479 οὐκ
2761 1426 3002 1497 εἴρηται·
3034 1420 3214 1477 Εἷὸεν
3240 1425 3278 1491 ἠ
3305 1423 3461 1492 γυνὴ
3505 1423 3702 1493 δαιμό-

2123 1539 2257 1576 νιον
2313 1521 2344 1574 ὃ
2399 1516 2814 1588 προσεποιεῖτο
2861 1513 3011 1574 εἶναι
3065 1515 3384 1586 Σαμουὴλ,
3414 1515 3604 1587 Τούτῳ
3631 1515 3703 1588 τῷ

2123 1613 2266 1685 λόγῳ
2315 1611 2482 1683 φαίην
2527 1610 2594 1665 ἂν
2638 1609 3045 1678 ἀνθυπενέγκας
3095 1607 3302 1677 ἔγωγε⁹
3337 1608 3495 1671 Τίνος
3523 1607 3700 1673 ἕνεκα,

2122 1705 2299 1777 ψυχῆς
2344 1703 2687 1775 ἀναχθείσης,
2739 1703 2837 1755 οὐκ
2888 1703 3107 1774 εἴρηκεν
3155 1701 3458 1772 ἑωρακέναι
3509 1699 3701 1772 ψυχὴν,

429 1793 659 1864 jicerem
683 1791 895 1859 :Quare
916 1800 1139 1848 evocata
1169 1795 1351 1848 anima
1384 1811 1490 1850 non
1519 1796 1657 1852 dixit
1685 1799 1922 1854 animam
1953 1816 2010 1856 se

2115 1799 2271 1870 εἴπερ
2297 1797 2468 1861 οὕτως
2501 1793 2666 1867 εἶχεν,
2725 1795 2839 1850 ἀλλ’
2861 1796 2924 1848 ἐκ
2953 1795 3061 1847 τῶν
3086 1793 3344 1848 ἐναντίων
3369 1793 3582 1861 ἄνδρα,
3615 1795 3704 1847 καί

431 1885 657 1950 vidisse,
708 1885 754 1940 si
819 1901 909 1942 res
949 1886 1024 1940 ita
1070 1902 1130 1942 se
1181 1887 1426 1952 haberet,
1468 1889 1600 1960 quin
1647 1893 2007 1958 contrarium,

430 1977 692 2032 hominem
718 1985 772 2032 et
800 1977 947 2032 hunc
974 1988 1229 2044 erectum,
1269 1979 1417 2049 quod
1447 1981 1786 2038 habitudinis
1817 1999 2012 2054 corpo-

429 2085 557 2136 reae,
615 2071 873 2142 illiusque
922 2079 1086 2126 certae
1135 2071 1321 2144 figura:
1367 2075 1586 2144 signum
1640 2078 1768 2132 est?
1800 2077 2011 2149 Quippe

429 2176 635 2217 maenas
685 2163 776 2216 illa
839 2163 1064 2218 minime
1113 2180 1171 2220 se
1217 2165 1422 2221 vidisse
1469 2166 1773 2224 allirmabat
1823 2186 2009 2227 senem

427 2256 740 2325 gibbosum,
787 2256 1098 2324 incurvum,
1145 2257 1240 2314 sed
1279 2266 1541 2327 stantem,
1576 2261 1880 2326 intensum,
1925 2263 2011 2318 di-

426 2357 659 2417 rectum,
691 2350 920 2420 juvenili
956 2349 1150 2406 ardore
1181 2351 1381 2406 bellum
1415 2353 1767 2420 ambientem,
1809 2356 1875 2410 ad
1922 2372 2011 2411 ne-

425 2441 632 2511 quitias
672 2451 1008 2514 promptum,
1053 2459 1256 2499 vesano
1292 2444 1444 2500 Sauli
1484 2445 1730 2502 fraudem
1764 2448 2005 2516 faciens;

426 2543 588 2605 atque
616 2533 750 2589 illud
775 2529 1055 2591 suadebat
1098 2545 1444 2609 argumento,
1490 2539 1636 2608 quod
1670 2539 1833 2594 homo
1863 2548 2010 2596 esset

424 2627 520 2699 qui
554 2628 886 2685 ascendebat
916 2646 947 2684 e
995 2638 1165 2696 terra,
1201 2648 1438 2704 eumque
1464 2633 1706 2705 diploide
1745 2637 2007 2691 amictum

423 2718 720 2775 fatebatur.
752 2719 894 2786 Quid
927 2722 1092 2792 igitur
1132 2724 1406 2794 quispiam
1440 2725 1531 2780 hic
1565 2725 1751 2782 dicere
1783 2730 2010 2797 posset?

425 2811 473 2867 si
510 2804 711 2868 virfille
735 2813 1013 2883 prodiens,
1044 2815 1164 2886 ipso
1193 2827 1498 2889 emergeret
1531 2835 1788 2892 corpore,
1823 2838 2007 2878 nonne

423 2919 549 2958 eum
601 2901 732 2959 Saul
769 2906 1015 2969 vidisset,
1061 2923 1237 2978 neque
1296 2911 1365 2965 ab
1419 2913 1528 2967 alio
1575 2913 1701 2983 quis
1742 2915 1790 2970 is
1835 2924 2002 2977 esset,

423 2997 584 3067 quasi
635 2999 881 3053 cazcitate
931 3002 1243 3072 perculsus,
1307 3012 1604 3060 conaretur
1653 3005 2004 3077 perdiscere?

423 3087 596 3161 Igitur
645 3106 731 3147 rcs
764 3092 882 3162 ipsa
934 3093 1134 3149 clamat
1175 3110 1300 3149 eum
1355 3095 1629 3152 hominem
1665 3114 1774 3153 non
1811 3099 2001 3167 fuisse,
2033 3134 2074 3190 ε

423 3181 520 3238 sed
570 3183 840 3248 umbram,
893 3195 952 3239 ut
1003 3185 1235 3251 videtur,
1279 3189 1574 3244 obscuram
1623 3199 1678 3246 et
1728 3191 1998 3256 fallacem,

421 3288 601 3344 neque
633 3275 780 3328 enim
824 3275 1016 3331 oculos
1047 3275 1296 3348 fugisset.
1341 3278 1408 3332 Et
1439 3280 1483 3336 si
1519 3282 1785 3351 Opinaris,
1811 3281 2004 3353 Orige-

421 3382 545 3430 nes,
579 3369 817 3422 animam
871 3367 1142 3426 Samuelis
1193 3373 1303 3426 illic
1353 3372 1542 3438 fuisse,
1594 3389 1766 3445 quare
1810 3377 2004 3430 umbra

423 3462 514 3517 iI-la
555 3462 813 3517 obvoluta
842 3461 1080 3533 diploide
1107 3466 1445 3535 apparebat?
1477 3465 1824 3523 Manifestum
1849 3469 2005 3539 equi-

422 3552 547 3608 dem
579 3562 662 3609 est
685 3561 886 3617 vestes,
920 3554 1260 3620 indumenta,
1291 3572 1394 3611 nec
1428 3571 1536 3611 non
1567 3558 1848 3613 involucra
1881 3574 2005 3613 cor-

422 3645 650 3716 poribus
683 3647 889 3717 potius,
926 3662 1090 3716 quam
1123 3648 1412 3704 animabus
1442 3648 1757 3703 convenire.
1789 3647 2002 3703 Etenim

420 3752 534 3793 non
576 3738 830 3793 existimo
881 3747 934 3794 te
981 3740 1188 3795 urbane
1235 3739 1518 3810 facetoque
1579 3740 2002 3811 respondentem

422 3830 588 3887 etiam
617 3846 717 3902 per
743 3831 1148 3888 simulationem
1181 3833 1480 3898 dicturum,
1512 3833 1806 3904 diploidcm
1850 3834 2000 3888 illam

422 3931 505 3982 tot
549 3925 710 3982 annis
750 3927 804 3980 in
837 3928 1090 3997 sepulcro
1119 3926 1186 3980 ad
1222 3927 1368 3980 illam
1399 3926 1544 3982 diem
1590 3935 1997 3993 conservatam,

423 4024 484 4072 ut
512 4017 792 4088 prophetae
814 4019 997 4074 anima
1030 4019 1348 4084 vestiretur,
1397 4035 1496 4074 nec
1531 4020 1678 4075 nuda
1710 4021 1840 4076 hinc
1871 4023 2000 4078 inde

425 4109 686 4164 aberrans
715 4110 954 4181 degeret.
988 4109 1053 4166 Et
1085 4127 1218 4166 sane
1248 4111 1455 4166 diceret
1487 4113 1760 4182 quispiam
1787 4115 1999 4168 nullum

2114 1892 2300 1946 τοῦτον
2361 1892 2582 1960 ὄρθιον,
2611 1893 2747 1962 ὅπερ
2776 1890 2893 1942 ἐστὶ
2946 1887 3232 1957 γνώρισμα
3263 1891 3583 1958 σωματικῆς
3615 1887 3701 1940 εὐ-

2113 1983 2296 2050 εξίας;
2332 1983 2526 2055 οὐγὰρ
2577 1981 2941 2054 ἀμφίκυρτον,
2990 1980 3110 2034 οὐδὲ
3156 1979 3429 2048 κεκυφότα
3477 1980 3702 2051 γέροντα

2114 2076 2338 2149 θεωρεῖν
2375 2075 2608 2144 ἔφασκεν
2636 2076 2669 2146 ἠ
2700 2073 2915 2146 μαινὰς,
2947 2074 3060 2128 ἀλλ’
3089 2072 3292 2143 ὄρθιον,
3329 2073 3701 2143 ἐντεταμένον,

2114 2167 2517 2240 ἀπηυθυμένον,
2548 2169 2628 2231 εἰς
2649 2167 2881 2238 πόλεμον
2903 2167 2989 2220 ἀεὶ
3013 2165 3292 2231 νεάζοντα,
3331 2165 3461 2237 περὶ
3482 2165 3584 2227 τὰς
3607 2164 3703 2234 τῆς

2115 2265 2312 2328 κακίας
2337 2263 2633 2326 ἀναδόσεις·
2664 2262 2849 2335 ἀπάτῃ
2879 2261 2936 2316 δὲ
2966 2262 3056 2316 τὸν
3089 2261 3327 2333 ἔκφρονα
3352 2258 3698 2324 δελεάζουσα,

2115 2357 2324 2428 σημείῳ
2386 2356 2485 2426 μὲν
2539 2354 2753 2408 ἔπειθεν
2799 2354 2992 2418 αὑτὸν,
3027 2353 3102 2418 ὡς
3148 2351 3434 2423 ἄνθρωπός
3485 2355 3634 2404 ἐστιν
3675 2351 3703 2404 ὁ

2112 2448 2276 2502 ἀνιὼν
2309 2449 2373 2501 ἐκ
2399 2450 2498 2518 τῆς
2524 2449 2626 2518 γῆς
2651 2486 2666 2510 ,
2701 2446 3104 2517 ἀναϐεόλῆσοαι
3130 2446 3187 2499 δὲ
3217 2445 3382 2500 αὑτὸν
3411 2445 3598 2514 ἔφαινε
3627 2443 3676 2497 δι

2113 2535 2321 2590 πλοῖδα.
2353 2536 2416 2589 Τί
2439 2531 2532 2590 οὖν
2561 2534 2822 2606 (εἷποιτις
2841 2535 2952 2607 ἄν);
2971 2528 3126 2608 εἴπερ
3155 2534 3301 2607 αὑτῷ
3329 2534 3543 2606 σώματι
3572 2551 3702 2606 προ-

2111 2627 2332 2682 κύπτων
2386 2628 2682 2699 ἐτύγχανεν
2727 2627 2888 2699 ἀνὴρ,
2920 2630 3023 2682 οὐκ
3073 2628 3137 2682 ἂν
3192 2628 3438 2701 ἑώρακεν
3485 2630 3648 2682 αὐτὸν
3675 2632 3700 2682 ὁ

2110 2720 2318 2785 Σαοὺλ,
2378 2721 2514 2775 ἀλλὰ
2566 2722 2694 2793 παρ’
2727 2721 2916 2792 ἐτέρου
2975 2719 3220 2792 βούλεται
3283 2720 3473 2791 μαθεῖν
3521 2720 3702 2785 ὁποῖός

2110 2816 2277 2878 ἐστιν,
2307 2815 2383 2879 ὡς
2421 2815 2655 2888 ἀορασίᾳ
2704 2814 2968 2886 πληγείς;
3015 2814 3222 2867 Οὐκοῦν
3255 2813 3392 2867 αύτά
3445 2813 3516 2867 τά
3562 2814 3700 2884 πρά-

2109 2923 2292 2977 γματα
2327 2905 2620 2978 κέκραγεν,
2637 2905 2712 2969 ὼς
2739 2903 3024 2976 ἅνθρωπος
3055 2905 3151 2975 μὲν
3175 2904 3275 2956 οὐκ
3297 2899 3386 2975 ἦν,
3411 2901 3548 2956 ἀλλὰ
3573 2903 3698 2955 σκιά

2107 3017 2210 3064 τις,
2243 2999 2318 3062 ὡς
2352 2999 2548 3061 ἔοικεν,
2581 2997 2828 3068 ἀφανής·
2862 2997 2923 3049 οὐ
2949 2998 3058 3067 γὰρ
3083 2995 3148 3050 ἂν
3181 2995 3409 3066 ἀόρατος
3433 2989 3524 3065 ἦν.
3557 2995 3618 3046 Εἰ
3642 2993 3697 3046 δὲ

2109 3091 2368 3164 νομίζεις,
2386 3093 2676 3164 Ὠρίγενες,
2720 3092 2800 3144 ὅτι
2826 3089 2973 3161 ψυχὴ
2999 3089 3091 3142 τοῦ
3135 3086 3387 3159 Σαμουὴλ
3408 3087 3699 3158 ἐτύγχανεν

2107 3183 2314 3248 αὐτόθι,
2373 3182 2515 3236 διατί
2564 3182 2808 3236 διπλοΐδα
2853 3179 3318 3253 περιϐεσλημένον
3369 3180 3586 3251 ἑωρᾶτο
3640 3177 3698 3231 τὺ

2107 3275 2331 3346 φάσμα;
2380 3273 2640 3344 Προδήλῳ
2702 3271 2832 3341 γοῦν
2905 3271 3226 3340 ἐκφαίνεται
3279 3270 3568 3341 σημασίᾳ,
3624 3267 3698 3332 ὡς

2107 3368 2322 3422 ᾶπαντα
2349 3365 2419 3419 τὰ
2448 3366 2547 3436 τῆς
2594 3363 2820 3435 ἐσθῆτος
2868 3364 3139 3434 ἐνδύματα
3186 3363 3279 3416 καὶ
3332 3362 3698 3433 σκεπάσματα

2109 3458 2324 3531 σώμασι
2343 3457 2526 3524 πλέον,
2555 3457 2669 3511 ἀλλ’
2687 3457 2748 3510 ού
2767 3456 2964 3526 ψυχαῖς
2983 3456 3262 3528 ἁρμόττει·
3290 3455 3352 3507 οὐ
3379 3455 3489 3528 γὰρ
3515 3455 3697 3525 οἴομαί

2107 3571 2166 3606 σε
2198 3552 2367 3624 φῆσαι
2399 3552 2459 3623 (ί.
2495 3552 2717 3622 φήσειν)
2750 3549 2868 3621 μεθ’
2898 3548 3239 3619 ὑποκρίσεως
3287 3548 3694 3618 ἀστεϊζόμενον,

2103 3647 2186 3698 ὅτι
2205 3644 2513 3716 μεμένηκεν
2535 3644 2568 3713 ἡ
2587 3640 2792 3705 διπλοῖς
2814 3641 2907 3693 ἐπὶ
2925 3638 3019 3693 τοῦ
3038 3639 3211 3709 τάφου
3227 3639 3502 3702 τοσούτοις
3519 3638 3697 3692 ἔτεσιν

2105 3729 2234 3802 ἄχρι
2282 3729 2444 3800 τῆσδε
2490 3728 2589 3798 τῆς
2619 3729 2854 3800 ἡμέρας,
2891 3728 2977 3781 ἵνα
3019 3730 3052 3798 ἡ
3091 3726 3237 3798 ψυχὴ
3265 3726 3358 3780 τοῦ
3411 3728 3696 3799 προφήτου

2106 3824 2280 3895 φορῇ,
2319 3823 2392 3892 μή
2427 3838 2505 3891 πη
2531 3821 2639 3892 ἄρα
2669 3819 2850 3891 γυμνὴ
2887 3819 3175 3891 βαδίζουσα
3203 3819 3400 3887 διάγοι·
3437 3824 3699 3889 καίτοιγε

2107 3915 2240 3987 φαίη
2295 3932 2377 3978 τις
2407 3912 2495 3982 ἂν,
2518 3913 2593 3977 ὡς
2615 3912 2789 3977 οὐδεὶς
2817 3913 2990 3966 ἔοικεν
3010 3913 3247 3980 ἀγνοεῖν,
3273 3912 3354 3965 ὅτι
3383 3915 3495 3976 τοῖς
3520 3911 3697 3980 ἁγίοις

2106 4007 2406 4079 ἀδιάφθορα
2437 4005 2698 4078 πάρεστιν
2728 4004 3017 4076 οὐρανόθεν
3045 4003 3316 4073 ἐνδύματα
3342 4001 3697 4071 φεγγοϐόλοις

2105 4101 2453 4172 ἐκλάμποντα
2481 4100 2894 4170 μαρμαρυγαῖς,
2925 4096 3037 4150 ἀλλ’
3067 4097 3167 4150 οὐκ
3189 4094 3417 4164 ἐσθῆτος
3440 4094 3697 4166 ὑφάσμα-

2104 4211 2170 4247 τα
2201 4193 2463 4256 ποικίλοις
2495 4191 2811 4260 εὑδιὰφορα.
2840 4189 2904 4243 Εί
2935 4189 2992 4241 δὲ
3019 4187 3117 4260 τὴν
3150 4187 3242 4241 τοῦ
3279 4186 3538 4258 Σαμουὴλ
3580 4187 3696 4257 ὁρί-

423 4205 695 4275 ignorare,
747 4203 954 4259 sanctis
983 4219 1014 4259 e
1062 4205 1203 4260 ccelo
1248 4205 1567 4260 indumenta
1609 4205 1814 4276 parari,
1863 4206 2000 4260 nulli

2106 4285 2175 4357 ςη
2196 4282 2373 4354 ψυχὴν
2410 4283 2508 4354 μὲν
2539 4277 2678 4362 εἶναι
2701 4279 2799 4352 τὴν
2826 4279 3104 4349 ὀφθεῖσαν,
3139 4279 3350 4350 ἱμάτιον
3375 4278 3564 4349 μέντοι
3588 4279 3695 4349 φῂς

421 4295 765 4366 corruptioni
813 4295 1068 4359 obnoxia,
1121 4297 1286 4352 claris
1325 4295 1630 4350 luminibus
1661 4297 1770 4352 late
1817 4297 2001 4367 splen-

419 4388 628 4453 dentia,
662 4404 772 4443 non
804 4389 945 4444 male
973 4389 1201 4444 textoris
1237 4388 1447 4458 pectine
1477 4402 1760 4458 percussa.
1795 4386 1999 4444 Verum

2115 4377 2380 4448 ἑωρᾶσθαι
2410 4375 2530 4429 κατ’
2565 4374 2793 4437 ἔννοιαν,
2825 4373 2889 4426 ἵν’
2921 4374 2950 4425 ό
2986 4372 3088 4442 τῆς
3131 4372 3443 4444 ἱερουργίας
3468 4371 3694 4442 ἔκδηλος

419 4479 469 4537 si
498 4478 769 4534 Samuelis
812 4479 1049 4532 animam
1083 4487 1360 4548 spectrum
1397 4477 1530 4532 illud
1564 4475 1736 4533 fuisse
1779 4479 1998 4547 statuis,

2115 4467 2192 4539 εἴη
2241 4468 2443 4539 τρόπος
2487 4465 2808 4538 (ἀμφότερα
2856 4465 2912 4519 δὲ
2957 4464 3132 4517 ταῦτα
3165 4463 3368 4534 νοητῶν
3400 4465 3518 4516 ἐστι
3551 4481 3696 4535 πρα-

421 4569 734 4640 asserisque
781 4577 983 4627 vestem
1023 4575 1235 4622 tantum
1276 4566 1557 4621 intellectu
1598 4565 1994 4636 deprehensam

2115 4560 2332 4632 γμάτων
2366 4559 2518 4628 ίδια),
2556 4559 2881 4630 συνέστηκεν
2914 4561 2988 4620 ὡς
3019 4557 3169 4610 οὐδὲν
3199 4556 3367 4624 ὑγιὲς,
3406 4556 3529 4608 ούδέ
3559 4554 3698 4626 ἀλη-

419 4660 612 4725 fuisse,
653 4670 712 4714 ut
755 4658 902 4713 illius
941 4655 1279 4713 caeremoniae
1324 4655 1462 4709 ratio
1503 4655 1993 4722 manifestaretur;

2115 4655 2216 4718 θῶς
2263 4651 2593 4726 ἀπήγγειλεν
2639 4653 2672 4722 ἡ
2733 4651 2928 4721 μαινάς
2952 4667 2964 4680 ·
3012 4649 3175 4721 ἔτερα
3203 4648 3312 4720 γὰρ
3347 4648 3502 4716 ἔλεγε
3540 4646 3695 4719 παρὰ

419 4758 654 4821 utraque
710 4763 839 4803 vero
884 4747 998 4802 hac
1054 4745 1480 4816 intelligibilium
1538 4760 1721 4800 rerum
1775 4746 1996 4816 propria

2115 4747 2172 4800 ιὰ
2221 4746 2369 4811 ὄντα,
2405 4745 2474 4798 τὰ
2524 4744 2632 4798 τῶν
2681 4743 2954 4815 αἰσθητῶν
3005 4741 3243 4813 ὀνόματα
3273 4742 3693 4813 παραφέρουσα,

417 4850 547 4898 sunt
571 4863 584 4897 :
611 4840 956 4896 convincitur
977 4838 1111 4892 nihil
1143 4851 1337 4893 sanum
1363 4852 1664 4907 verumque
1696 4828 1994 4892 nizenadem

2115 4840 2201 4893 καὶ
2228 4839 2297 4893 τὰ
2325 4839 2489 4908 νοητά
2531 4835 2940 4892 διαδεικνύουσα
2977 4832 3524 4906 πράγματα.Ἀνδρα
3559 4831 3694 4900 γοῦν

415 4935 565 4991 illam
618 4932 900 4990 etTutiisse.
959 4929 1068 4986 Res
1121 4929 1267 4983 enim
1312 4927 1473 4982 aliter
1504 4942 1569 4982 ac
1621 4943 1681 4982 se
1722 4927 1998 4983 habebant

2115 4931 2308 5000 ὄρθιον
2335 4929 2697 5000 ὀνομάζουσα,
2735 4928 2829 4981 καὶ
2873 4925 3164 4997 περιϐολῆς
3208 4922 3445 4993 ὑφαντὸν
3474 4923 3695 4993 ἔσθημα

415 5025 762 5089 enuntiabat,
792 5038 982 5078 eorum
1022 5020 1245 5076 nomina
1291 5033 1413 5089 qua:
1463 5017 1567 5073 sub
1598 5033 1761 5073 sensu
1793 5018 1997 5074 cadunt

2115 5024 2508 5096 χειρότευκτον,
2561 5022 2814 5094 ἀόρατον,
2875 5023 2937 5074 ἐκ
2996 5018 3106 5072 τῶν
3156 5019 3413 5072 ἐναντίων
3468 5016 3693 5087 είσῆγεν

415 5118 714 5181 invertens,
738 5123 792 5171 et
819 5113 1212 5170 intellectualia
1243 5113 1629 5167 manifestans.
1673 5110 1859 5165 Virum
1890 5113 1996 5167 ita-

2115 5115 2322 5186 πνεῦμα
2357 5113 2743 5185 φαντασιῶδες.

413 5229 522 5286 que
568 5223 798 5268 erectum
845 5212 1146 5282 appellans,
1199 5216 1253 5264 et
1314 5209 1505 5264 textile
1564 5209 1838 5262 involucri
1887 5209 2272 5266 indumentum
2318 5226 2484 5265 manu
2542 5210 2768 5272 factum,
2827 5208 2977 5278 quod
3035 5221 3145 5262 non
3198 5206 3532 5270 videbatur,
3617 5219 3685 5261 ex

415 5306 713 5364 contrariis
771 5303 1023 5375 spiritum
1090 5303 1480 5372 imaginatione
1531 5309 1742 5356 tantum
1801 5310 2120 5375 perceptum
2149 5304 2440 5360 inferebat.

484 5395 600 5453 VII.
640 5396 740 5452 Eia
787 5397 876 5452 dic
913 5412 1065 5468 ergo,
1120 5410 1154 5451 ο
1205 5395 1411 5465 optime
1453 5394 1804 5465 dogmatista,
1854 5412 1993 5465 quo-

2177 5396 2287 5451 νη.
2331 5397 2463 5450 Εἰπὲ
2516 5395 2714 5461 τοίνυν,
2771 5388 2816 5448 ὧ
2860 5393 3099 5464 βέλτιστε
3151 5391 3521 5463 δογματιστᾶ,
3569 5392 3696 5458 πῶς

417 5490 580 5545 modo
596 5490 850 5560 cognovit
874 5489 1005 5544 Saul
1034 5489 1186 5542 illum
1218 5486 1391 5542 fuisse
1415 5485 1749 5553 Samuelem,
1775 5487 1995 5557 quando

2115 5487 2244 5556 ἔγνω
2269 5487 2458 5551 Σαοὺλ,
2481 5486 2555 5549 ὡς
2589 5485 2750 5550 αὐτὸς
2779 5479 2934 5549 οὗτος
2957 5485 3219 5556 ἐτύγχανε
3249 5483 3525 5555 Σαμουὴλ,
3552 5485 3695 5555 ὁπην-
3774 5559 3776 5561 γ

421 5597 524 5635 nec
585 5583 792 5635 umbrae
849 5582 1070 5650 quidem
1137 5578 1416 5633 minimam
1471 5587 1718 5648 partem,
1778 5586 1994 5633 tantum

2115 5581 2228 5633 νίκα
2259 5579 2396 5650 μηδὲ
2434 5581 2591 5643 σκιᾶς
2616 5574 2721 5631 εἶδε
2749 5577 2960 5649 μόριον,
2989 5578 3087 5648 οὐχ
3115 5578 3262 5640 ὅπως
3284 5575 3476 5649 ἀνδρὸς
3506 5574 3696 5647 ἰδέαη

491 5734 875 5805 (δ”)Σαυτόν.
923 5733 1016 5791 Sic
1053 5738 1240 5810 impr.,
1271 5749 1459 5810 prave.
1505 5735 1818 5811 Legendum
1847 5749 2010 5808 prors

2115 5735 2320 5794 videtur
2345 5735 2565 5807 ταυτὸν,
2599 5744 2657 5794 ιιι
2680 5748 2811 5804 pag.
2839 5729 2966 5800 644,
3001 5734 3065 5790 Β.
3096 5732 3249 5794 Eon.
