3850 6160
183 272 292 330 625

1077 265 1166 322 DE
1206 257 1808 320 ENGASTRIMYTHO
1835 255 2119 315 CONTRA
2150 253 2531 312 ORIGENEH.

3328 241 3437 305 626

194 386 334 441 Ἀλλ’
364 382 464 438 οὐκ
511 381 767 454 ἐρυθριᾷς
796 376 1065 451 εἰρηκὼς,
1102 378 1251 432 Ἔδει
1290 374 1632 450 γεγράφθαι,
1659 372 1769 429 Καὶ

1877 373 2034 429 abest
2060 380 2120 427 ut
2150 370 2381 427 formam
2421 367 2662 425 hominis
2688 369 2994 440 aspexerit?
3016 366 3129 451 Nec
3159 366 3443 425 erubescis

181 475 412 547 ἐνόμιζε
459 473 656 530 Σαοὺλ
704 469 856 527 εἶναι
904 472 1091 526 αὑτὸν
1117 464 1397 541 Σαμουὴλ
1417 509 1432 534 ,
1468 468 1562 523 νῦν
1591 467 1648 521 δὲ
1676 466 1768 535 γέ-

181 586 426 641 γραπται
449 606 466 635 ,
497 569 688 636 Ἔγνω
721 566 951 627 Σαούλς
985 558 1117 617 Εἶτα
1152 562 1234 615 ὅτι
1279 561 1377 632 μὲν
1409 562 1438 613 ὁ
1465 558 1760 632 δαιμονιζό-

185 678 350 733 μενος
378 660 520 729 ἔγνω
555 659 705 732 παρὰ
737 655 1079 728 δαιμονώσης
1111 653 1372 717 ἀκούσας,
1397 653 1510 707 ἀνω
1544 653 1637 706 καὶ
1671 651 1769 705 κά-

180 771 263 807 τω
291 752 502 821 λέγεις’
540 752 623 804 ὅτι
645 750 702 803 δὲ
731 748 884 802 οὐδὲν
915 747 1037 801 ούδέ
1069 747 1204 811 ὅλως
1241 744 1522 809 ἐθεάσατο,
1553 747 1679 815 σιγῇ
1708 744 1769 797 τὸ

182 841 423 913 γράμμα
456 840 719 910 κρύπτεις
738 856 751 868 ·
782 836 1019 909 οὐδαμοῦ
1041 835 1098 890 δὲ
1124 835 1188 907 δὴ
1213 833 1555 906 παραφέρεις
1581 833 1637 887 ἐν
1675 833 1769 903 μέ·-

184 953 267 1006 σῳ
313 935 405 988 τὸν
451 932 687 1004 ἔλεγχον,
717 931 932 1001 ἀφελεῖς
967 929 1064 1003 μὲν
1101 930 1342 1000 οἰόμενος
1374 928 1650 998 ἐξαπατᾷν
1676 927 1769 979 ἀν-

185 1024 462 1098 θρώπους,
492 1023 708 1096 εὕρημα
756 1023 813 1077 δὲ
867 1020 1127 1094 μαντείας
1171 1018 1518 1090 ἐπιτειχίζειν
1564 1017 1767 1073 ἅπασιν

185 1116 453 1179 ἀσεϐοῦς·
488 1118 521 1185 ἠ
556 1115 746 1187 γάρτοι
792 1113 885 1167 τοῦ
913 1111 1358 1183 δαιμονιζομένου
1411 1109 1613 1178 γνῶσις
1641 1108 1769 1173 ἀξία

182 1207 283 1261 τοῦ
318 1205 673 1278 κηρύγματος
702 1204 996 1274 ἐτύγχανεν
1029 1203 1246 1272 ἐκείνης
1276 1202 1376 1272 τῆς
1406 1201 1500 1255 καὶ
1525 1201 1650 1264 τοὺς
1677 1199 1767 1253 λό-

184 1321 321 1373 γους
363 1301 512 1373 αύτῷ
556 1298 930 1369 διακονούσης.
950 1296 1090 1350 Ἀλλ’
1122 1298 1399 1368 ἐπιστήμῃ
1428 1296 1522 1348 καὶ
1556 1294 1766 1347 συνέσει

184 1397 358 1467 φαίης
389 1395 455 1450 ἂν
501 1392 574 1459 ὡς
620 1394 760 1463 ἔγνω
815 1390 889 1463 μὴ
923 1388 1278 1460 θεασάμενος,
1312 1388 1426 1442 ἀλλ’
1462 1391 1563 1440 οὐκ
1587 1387 1767 1457 ἐνόμι-

182 1505 283 1543 σεν
302 1505 315 1516 ·
365 1489 592 1551 ἔκαστος
645 1485 775 1555 γοῦν
823 1483 1123 1554 ἀνθρώπων
1176 1483 1311 1553 ἀκοῇ
1359 1479 1556 1552 μᾶλλον
1583 1480 1616 1551 ἢ
1647 1479 1767 1549 δψει

182 1582 423 1654 πρᾶγμα
449 1570 777 1651 παραλαϐὼν
809 1577 978 1630 οἴεται
1006 1576 1100 1629 καὶ
1127 1573 1356 1645 νομίζει,
1390 1572 1449 1625 τὺ
1482 1572 1650 1640 σαφὲς
1667 1571 1766 1623 οὐκ

180 1673 374 1737 εἰδὼς,
404 1670 578 1734 ἀλλως
609 1686 667 1722 τε
703 1667 804 1722 κᾶν
834 1667 937 1721 ὑπὸ
964 1665 1320 1737 δαιμονῶντος
1349 1661 1523 1736 ἀκούῃ
1549 1660 1762 1733 προσώ-

181 1780 324 1819 που·
383 1764 520 1835 μόνα
561 1761 670 1833 γὰρ
714 1759 783 1825 τὰ
835 1758 927 1813 τοῦ
977 1758 1112 1812 Θεοῦ
1159 1754 1496 1828 βεϐαιοῦνται
1545 1754 1763 1825 ῥήματα

180 1857 323 1928 πρὸς
348 1854 549 1927 ἀκριϐῆ
584 1853 885 1924 κατάληψιν
914 1853 1009 1907 καὶ
1042 1850 1276 1915 πίστεως
1305 1847 1628 1919 ὀχυρότητα.
1654 1847 1765 1898 Καὶ

183 1949 294 2021 μὴν
341 1951 391 2002 εί
438 1949 566 2020 περὶ
609 1947 716 2001 τῶν
758 1942 1061 2018 ἀνθρώπων
1104 1945 1304 2012 ἔφησεν
1341 1942 1370 1993 ὁ
1405 1938 1762 2011 μελογράφος,

190 2039 340 2110 Ἐγὼ
376 2035 516 2094 εἶπα
552 2040 621 2093 ἐν
642 2037 716 2108 τῇ
754 2037 1036 2092 ἐκστάσει
1080 2053 1200 2105 μου
1220 2050 1233 2064 ο
1290 2032 1415 2098 Πᾶς
1459 2029 1765 2098 ἄνθρωπος

177 2134 495 2203 ψεύστης,
545 2132 697 2202 πόσῳ
742 2128 873 2200 γοῦν
918 2129 984 2201 δὴ
1033 2127 1233 2200 μᾶλλον
1272 2126 1321 2178 εί
1353 2123 1481 2193 περὶ
1513 2122 1765 2191 γυναικὸς

177 2225 509 2296 ἐκδιηγῆται
558 2242 642 2288 τις
697 2224 993 2295 ἔκφρονοςς
1045 2216 1180 2274 Εἶτα
1228 2218 1427 2287 λέγεις,
1471 2216 1547 2268 ὅτι
1593 2212 1765 2278 οὐδεὶς

177 2317 327 2387 ἔγνω
351 2316 413 2370 τὸ
449 2316 523 2388 μὴ
550 2316 633 2381 ὃν,
665 2310 751 2370 οἷα
788 2313 1094 2387 μειρακίοις
1115 2311 1371 2382 ἄντικρυς
1393 2309 1613 2380 ὁμιλῶν.
1631 2307 1766 2360 Εἰπὲ

176 2409 383 2474 τοίνυν,
420 2407 535 2471 πῶς
581 2407 721 2475 ἔγνω
756 2406 816 2459 τὸ
842 2406 921 2467 ὃν,
957 2405 1113 2477 είπερ
1156 2402 1320 2465 αὐτὸς
1368 2401 1467 2453 οὐκ
1508 2399 1767 2452 ἐθεάσατο

180 2500 610 2570 πυνθανόμενος,
637 2499 697 2552 οὐ
726 2498 819 2551 τὸν
848 2496 1021 2568 ἀνδρα
1046 2494 1137 2548 τὸν
1165 2493 1368 2565 δρθιον,
1396 2492 1456 2544 οὐ
1482 2491 1541 2544 τὸ
1577 2488 1767 2558 Ἐφοὺδ

175 2592 211 2645 ὃ
236 2594 536 2663 περιεῖχεν,
577 2592 637 2644 οὐ
681 2591 742 2643 τὸ
775 2587 1156 2661 ἀρχιερατικὸν
1204 2584 1437 2657 ἱμάτιον,
1476 2581 1587 2637 ἀλλ’
1616 2579 1767 2633 οὐδὲν

177 2683 480 2756 οὐδαμόθεν
492 2683 633 2756 ὁρῶν
652 2682 933 2745 ὐποκένοις
944 2677 1325 2751 ἀνερριπίζετο
1344 2675 1540 2744 λόγοις,
1557 2672 1768 2744 ὡσπερε-

178 2778 277 2834 οῦν
304 2778 496 2850 ἀμέλει
522 2778 617 2831 καὶ
638 2778 703 2830 σὺ
725 2774 1055 2845 κουφολογίᾳ
1079 2772 1205 2835 τοὺς
1237 2768 1507 2830 ἀστάτους
1531 2768 1768 2820 ἀναπτευ

183 2875 337 2944 ροῖςς
362 2871 503 2925 Ἀλλ’
530 2873 559 2925 ὁ
591 2870 686 2941 μὲν
713 2867 1124 2941 ἱστοριογράφος
1151 2866 1321 2934 ὄνομα
1351 2861 1572 2934 προθεὶς
1602 2861 1767 2927 ἔγγα-

183 2962 506 3035 στριμύθου,
528 2962 741 3034 πρῶτον
759 2960 995 3032 ἐδήλωσε
1006 2959 1067 3011 τὸ
1082 2957 1391 3027 πρόσωπον,
1409 2951 1589 3007 ὁποῖόν
1600 2952 1764 3012 ἔστιν,

1869 479 1994 519 cum
2027 463 2168 521 dicis
2187 463 2537 520 scribendum
2569 462 2742 519 fuisse
2777 481 2791 517 :
2825 459 2895 516 Et
2920 446 3145 531 putabat
3189 458 3325 518 Sani
3364 460 3442 514 ,ξι-

1871 554 1982 609 lum
2025 571 2137 610 esse
2188 554 2529 621 Samuelem;
2568 569 2693 609 cum
2739 554 3003 623 scriptum
3049 552 3162 609 sit:
3194 549 3449 623 Cognovit-

1870 648 2047 705 Saul?
2085 648 2198 704 Sub
2234 649 2379 713 haec,
2408 648 2555 722 quod
2590 664 2620 702 a
2642 632 2895 703 'dwmone
2922 655 3150 702 vexatus
3175 661 3208 701 a
3239 644 3447 700 daemo-

1869 743 2028 797 niaca
2062 741 2291 796 audiens
2337 741 2674 813 cognoverit,
2715 739 2918 810 ubique
2946 739 3256 813 decantas;
3293 739 3453 808 quod:

1868 848 1998 890 vero
2026 833 2164 887 nihil
2208 812 2431 888 omnino
2458 832 2673 904 uspiam
2710 812 3183 893 videritfsilentio
3218 836 3448 901 praeter-

1869 926 1938 991 is,
1966 938 2145 995 neque
2170 924 2653 995 reprehensionem
2694 923 2860 978 ullam
2893 923 2948 976 in
2991 921 3232 977 medium
3254 919 3448 987 affers,

1870 1012 1925 1066 id
1974 1012 2031 1066 in
2075 1013 2262 1068 animo
2306 1011 2514 1069 habens
2557 1019 2617 1067 ut
2649 1012 2928 1083 simplices
2967 1011 3219 1068 homines
3256 1010 3446 1075 fallas,

1868 1104 2235 1173 omnibusque
2262 1119 2458 1159 novam
2484 1103 2813 1174 impiamque
2843 1102 3235 1160 divinationem
3269 1104 3441 1158 incul—

1868 1211 1982 1252 ces.
2017 1194 2346 1251 Daamoniaci
2374 1196 2574 1267 quippe
2594 1196 2834 1266 cognitio
2864 1195 3013 1252 illius
3038 1209 3160 1265 quae
3190 1200 3246 1248 et
3273 1193 3443 1250 verba

1870 1289 1975 1359 ipsi
2003 1287 2458 1344 subministrabat
2492 1286 2768 1357 praeconio
2813 1285 2978 1357 digna
3021 1295 3156 1342 erat.
3188 1284 3348 1341 Dices
3383 1283 3442 1339 il-

1869 1381 1980 1436 lum
2018 1381 2248 1437 scientia
2279 1380 2516 1452 quadam
2554 1379 2953 1451 prudentiaque
2974 1378 3120 1449 quod
3148 1393 3259 1432 non
3288 1375 3441 1433 vide-

1868 1481 1955 1528 rat
1987 1474 2335 1545 cognovisse,
2372 1471 2466 1528 scd
2503 1487 2615 1526 non
2648 1471 2822 1528 fuisse
2859 1471 3163 1542 opinatum.
3192 1467 3441 1539 Namque

1870 1564 2099 1635 quilibet
2138 1563 2303 1618 homo
2345 1562 2440 1632 qui
2471 1562 2658 1616 auditu
2707 1562 2890 1634 potius
2920 1575 3081 1632 quam
3114 1559 3292 1614 oculis
3323 1574 3438 1614 rem

1869 1655 2106 1725 aliquam
2142 1652 2436 1723 acceperit,
2464 1666 2590 1705 cum
2630 1665 2818 1706 verum
2841 1665 2950 1704 non
2981 1654 3298 1721 cognoscat,
3321 1648 3440 1718 opi-

1868 1752 2032 1799 natur
2061 1751 2116 1799 et
2157 1743 2355 1810 credit,
2389 1749 2553 1812 atque
2606 1742 2898 1813 praecipue,
2947 1741 2993 1797 si
3040 1755 3071 1794 a
3105 1739 3440 1795 daemoniaca

1867 1851 2101 1908 persona
2137 1836 2287 1891 illam
2334 1836 2606 1890 hauserit.
2640 1833 2772 1889 Sola
2812 1833 3017 1889 etenim
3055 1831 3244 1887 divina
3272 1831 3440 1888 verba

1869 1929 1938 1984 ad
1966 1928 2294 1998 exquisitam
2323 1925 2946 1996 comprehensionemet
2978 1922 3099 1978 ﬁdei
3125 1921 3437 1977 munimen-

1869 2027 1983 2074 tum
2014 2017 2324 2072 ﬁrmitatem
2365 2015 2587 2070 habent.
2625 2013 2758 2067 Nam
2786 2014 2833 2070 si
2866 2013 2934 2068 de
2975 2013 3290 2068 hominibus
3317 2025 3441 2067 car-

1869 2112 2076 2166 minum
2133 2109 2371 2179 scriptor
2413 2107 2638 2177 scripsit
2660 2106 2702 2137 ιδ
2737 2125 2751 2159 :
2791 2105 2905 2177 Ego
2950 2104 3066 2159 dixi
3121 2103 3177 2157 in
3222 2117 3441 2159 smmi

1868 2219 1981 2257 meo
2006 2217 2023 2255 :
2053 2200 2237 2257 Omnis
2259 2201 2413 2254 homo
2437 2198 2682 2264 mendax,
2702 2197 2768 2253 de
2789 2197 3019 2252 muliere
3037 2194 3290 2251 demente
3308 2208 3441 2250 sane

1868 2297 2037 2350 multo
2068 2296 2249 2364 aptius
2283 2294 2392 2348 dici
2428 2292 2646 2363 poterit.
2687 2289 2834 2344 Dicis
2868 2294 3130 2360 praeterea
3162 2285 3440 2341 neminem

1868 2401 2031 2441 nosse
2051 2385 2197 2456 quod
2222 2399 2333 2439 non
2362 2390 2477 2448 est;
2513 2380 2669 2453 quasi
2695 2394 2819 2434 cum
2851 2375 3094 2448 puerulis
3125 2388 3437 2431 sermonem

1868 2496 2210 2536 consereres.
2252 2478 2351 2534 Dic
2388 2479 2554 2550 igitur
2600 2474 2876 2547 quomodo
2908 2470 3166 2544 cognovit
3207 2468 3262 2524 id
3293 2468 3442 2540 quod

1866 2580 2007 2639 erat,
2059 2572 2106 2628 si
2140 2571 2258 2642 ipse
2302 2571 2415 2640 jam
2457 2569 2799 2638 interrogans
2831 2579 2941 2620 non
2987 2562 3218 2628 viderat,
3265 2573 3442 2632 neque

1869 2666 2144 2722 hominem
2177 2670 2444 2727 erectum,
2477 2675 2654 2732 neque
2685 2656 2878 2729 Ephod
2904 2654 3052 2728 quod
3098 2652 3438 2718 continebat,

1829 2776 1837 2784 ·
1868 2774 1979 2814 non
2014 2771 2353 2814 summorum
2401 2753 2747 2810 sacerdotum
2776 2757 3007 2812 vestem,
3050 2747 3147 2803 sed
3180 2744 3318 2799 nihil
3344 2759 3441 2799 us—

1869 2863 2037 2920 quam
2091 2846 2442 2918 conspiciens
2503 2843 2659 2900 vanis
2715 2839 3062 2898 sermonibus
3098 2836 3441 2907 jactahatur,

1868 2936 2332 3010 quemadmodum
2361 2942 2415 2991 et
2439 2943 2497 2990 tu
2532 2949 2643 2989 non
2674 2931 2877 2987 minori
2905 2928 3174 2985 orationis
3203 2925 3445 2980 vanitate

180 3017 449 3126 ἐμμάνές·
467 3017 748 3115 είθὀῦτως
770 3017 919 3120 αὐτῷ
937 3048 1002 3121 [Ῑ.
1027 3017 1187 3119 αὐτο]
1203 3045 1299 3117 τὴν
1318 3042 1581 3098 ὀπτασίαν
1596 3043 1769 3112 ἑωρα-

1872 3046 2065 3102 parum
2117 3029 2304 3084 ﬁrmos
2362 3041 2695 3083 commoves.
2767 3022 2875 3078 Sed
2934 3020 3175 3077 historia:
3221 3017 3443 3089 quidem

180 3143 343 3198 κέναι
360 3143 666 3214 διέγραφεν,
685 3140 760 3205 ὡς
796 3140 996 3213 πρέπει
1022 3141 1133 3202 τοῖς
1153 3132 1211 3190 εὖ
1240 3134 1495 3208 φρονοῦσι
1516 3134 1644 3205 περὶ
1668 3130 1764 3186 τοῦ

181 3234 720 3310 παραπεπληγμένου
757 3233 893 3285 νοεῖν
914 3248 926 3260 ·
961 3229 1134 3293 οὐδεὶς
1187 3228 1298 3299 γὰρ
1327 3225 1392 3280 ἂν
1431 3224 1677 3297 ὑπολάϐῃ
1700 3222 1763 3294 (Ῑ.

179 3327 465 3400 ὑπολάϐοι)
483 3323 823 3399 φρενοϐλαϐῆ
846 3340 987 3386 τινα,
1012 3321 1081 3375 τὰ
1101 3320 1286 3374 δέοντα
1305 3317 1548 3389 θεωρεῖν.
1567 3315 1766 3387 Ὁμοίῳ

176 3422 241 3477 δέ
255 3421 445 3495 τρόπῳ
462 3419 658 3473 καὶτὸν
675 3417 912 3486 ἔκφρονα
928 3411 1099 3466 Σαοὺλ
1112 3411 1309 3482 ἔφησεν
1324 3407 1622 3477 ἐγνωκέναι
1639 3422 1768 3477 μαν-

179 3512 460 3585 τευομένῳ
507 3509 573 3582 [Ῑ.
611 3502 1051 3581 μαντευόμενον],
1104 3500 1180 3565 ὡς
1231 3498 1379 3565 ἀξιον
1404 3498 1470 3554 ἂν
1502 3497 1588 3569 εἴη
1636 3498 1767 3569 περὶ

181 3607 396 3660 ἐκείνου
430 3605 639 3674 νοῆσαι,
676 3600 770 3655 τοῦ
805 3597 1094 3662 τοσαύταις
1122 3594 1257 3650 ἐτῶν
1298 3592 1564 3665 περιόδοις
1603 3591 1764 3646 ἐλαυ-

178 3699 412 3770 νομένου
440 3696 648 3768 πικρῶς
670 3696 772 3749 ὑπὸ
791 3694 885 3748 τοῦ
902 3692 1177 3762 δαίμονος.

1872 3124 2130 3195 scriptor,
2165 3118 2596 3191 Engastrimythi
2628 3117 2852 3173 nomine
2898 3112 3171 3184 apposito,
3205 3110 3443 3182 primum

1871 3230 2164 3288 personam
2213 3214 2396 3285 qualis
2448 3220 2614 3277 esset,
2656 3210 2818 3267 furiis
2868 3209 3121 3264 videlicet
3162 3207 3444 3277 agitatam,

1875 3309 2223 3382 signiﬁcavit.
2265 3306 2530 3375 Deinceps
2573 3303 2677 3374 ipsi
2726 3311 3004 3373 spectrum
3044 3297 3190 3371 quod
3234 3297 3448 3353 viderat

1872 3402 2125 3473 exposuit
2147 3415 2213 3456 ea
2235 3399 2467 3464 ratione,
2496 3412 2604 3467 qua
2633 3394 2832 3450 mentis
2855 3402 3136 3464 compotes
3157 3392 3225 3447 de
3247 3404 3446 3447 excor-

1872 3494 2033 3551 dibus
2062 3493 2262 3548 debent
2290 3490 2538 3562 judicare
2564 3507 2578 3544 :
2601 3502 2763 3544 nemo
2810 3486 2957 3542 enim
2989 3483 3307 3540 existimare
3342 3494 3444 3552 po-

1872 3596 1979 3644 test
2016 3587 2252 3656 aliquem
2307 3589 2489 3638 mente
2532 3589 2753 3650 captum
2790 3577 2975 3634 videre
3016 3590 3081 3632 ea
3126 3588 3249 3646 quae
3280 3587 3447 3644 opor-

1872 3686 2002 3736 teat.
2025 3676 2285 3731 Similiter
2311 3683 2365 3729 et
2383 3673 2688 3728 dementem
2713 3667 2954 3732 Saulem,
2980 3666 3110 3721 dum
3125 3662 3445 3718 vaticinium

180 3753 414 3859 peteret,
453 3753 663 3842 dixerat
690 3784 1042 3858 cognovisse;
1091 3776 1547 3851 quemadmodum
1576 3776 1645 3832 de
1677 3790 1743 3832 eo
1768 3772 1862 3846 qui
1906 3776 1987 3826 tot
2023 3767 2330 3823 animorum
2363 3761 2816 3820 conversionibus
2868 3773 2898 3812 a
2929 3757 3170 3829 pessimo
3199 3753 3447 3810 daemone

179 3886 471 3949 correptus
502 3878 825 3949 agitabatur,
867 3891 1081 3945 acquum
1111 3880 1231 3929 erat
1258 3872 1587 3928 discernere.

254 3968 395 4023 Vill.
448 3968 608 4022 Ἀλλά
632 3968 738 4039 μὴν
765 3968 848 4021 ὅτι
871 3984 934 4035 γε
961 3966 1136 4020 ταῦτα
1165 3962 1354 4018 τοῦτον
1393 3961 1507 4033 ἔχει
1533 3959 1625 4015 τὸν
1650 3958 1774 4030 τρό-

186 4080 311 4127 πον,
336 4059 477 4115 αὐτὰ
517 4059 589 4113 τὰ
633 4058 932 4132 πράγματα
966 4058 1093 4129 βοὰς
1118 4056 1343 4128 ἀφίησιν
1371 4051 1764 4124 ἐναργεῖς.”1να

181 4153 241 4206 δέ
275 4153 368 4207 καὶ
397 4152 489 4222 ἀφ’
513 4152 702 4224 ἐτέρου
740 4150 810 4204 τὰ
848 4151 1010 4221 ὅμοια
1039 4151 1365 4220 συστήσαιμι
1391 4142 1764 4216 παραδείγμα-

183 4262 299 4311 τος,
324 4244 457 4316 φέρε
498 4245 595 4319 τὴν
639 4244 735 4297 ἐπὶ
772 4243 949 4297 Ἠλίου
994 4242 1089 4295 τοῦ
1128 4241 1407 4313 προφήτου
1433 4236 1762 4309 προάγωμεν

187 4338 452 4410 ἱστορίαν,
482 4338 718 4410 ὁπηνίκα
745 4336 838 4390 τὸν
877 4334 1109 4408 ἀριθμὸν
1138 4332 1321 4405 ἠξίουν
1365 4330 1463 4402 μὲν
1508 4331 1565 4382 ἐν
1602 4324 1763 4396 θυσίᾳ⁵

184 4428 287 4502 τὴν
328 4429 599 4501 ἑκατέρων
645 4425 1060 4495 ἀνεξετάξεσθαι
1103 4421 1276 4488 τάξιν,
1303 4421 1507 4494 μηδένα
1549 4417 1606 4471 δὲ
1651 4414 1764 4485 πῦρ

1942 3951 2076 4007 Vill.
2110 3950 2177 4006 Et
2211 3950 2326 4005 haec
2354 3948 2410 4003 in
2442 3962 2501 4003 se
2533 3946 2734 4000 habere
2762 3959 2855 4000 res
2879 3945 3011 4013 ipsa?
3053 3941 3295 3996 clamant
3330 3939 3446 3996 cla-

1870 4037 2090 4093 rissima
2123 4049 2276 4090 voce.
2306 4031 2507 4087 Verum
2548 4037 2607 4083 ut
2640 4035 2694 4084 et
2743 4027 2850 4082 alio
2891 4026 3140 4094 exemplo
3171 4039 3283 4080 rem
3339 4023 3448 4078 mi-

1870 4129 1927 4183 lii
1961 4125 2295 4199 propositam
2334 4122 2675 4185 conﬁrmem,
2715 4132 2812 4189 age
2856 4115 2986 4171 Elia:
3024 4115 3300 4186 prophetae
3357 4113 3445 4169 hi-

1871 4221 2096 4277 storiam
2127 4218 2184 4273 in
2212 4214 2452 4272 medium
2506 4210 2799 4266 all‘eramus
2821 4209 2888 4273 “,
2922 4222 3047 4263 cum
3095 4207 3296 4262 vellent
3339 4221 3450 4261 nu-

1871 4325 2023 4367 mero
2068 4310 2123 4364 in
2178 4305 2451 4363 sacriﬁcio
2502 4303 2675 4375 partis
2729 4300 3022 4371 utriusque
3069 4298 3446 4371 praestantiam

1868 4403 2196 4475 dijudicare,
2235 4399 2558 4469 nullumque
2581 4395 2785 4451 audere
2824 4394 3003 4466 ignem
3040 4392 3292 4463 injicere,
3344 4389 3443 4446 sed

186 4481 438 4590 ἐπάγειν,
472 4481 586 4574 ἀλλ’
617 4481 802 4590 εὐχαξς
833 4481 1133 4587 ἐπάγεσθαι
1362 4481 1647 4582 ἐπιφορὰν,
1677 4481 1765 4560 ἵνα

1872 4494 2130 4567 precibus
2188 4491 2342 4546 illum
2373 4489 2429 4544 in
2480 4488 2621 4544 coelo
2664 4492 2991 4555 conceptum
3045 4481 3341 4552 subjicere,
3384 4486 3445 4535 ut

186 4613 257 4669 ἐκ
275 4612 374 4667 τοῦ
404 4610 959 4684 κατακομπαζομένου
998 4606 1273 4680 μετεώρου
1300 4603 1590 4677 οὐρανόθεν
1618 4596 1768 4669 ἔκδη-

188 4707 281 4769 λος
316 4706 414 4779 μὲν
442 4705 509 4760 ἂν
541 4705 625 4775 είη
662 4705 825 4758 πᾶσιν
861 4698 1161 4754 ἐπακοῦσαι
1193 4696 1488 4767 δυνάμενος
1520 4695 1578 4747 ἔν
1607 4689 1769 4761 φλογὶ

189 4800 304 4871 πῦρ
350 4797 698 4851 ἀποστέλλειν
744 4795 897 4858 Θεὸς,
923 4796 988 4847 ἐκ
1031 4789 1088 4844 δὲ
1130 4789 1318 4843 τούτου
1351 4782 1770 4854 διαγινώσκηται

189 4890 273 4956 τίς
302 4892 337 4961 ἠ
372 4888 465 4943 τοῦ
493 4890 798 4960 κρείττονος
842 4883 1078 4953 ἐξουσία,
1106 4882 1200 4934 καὶ
1251 4880 1385 4932 πᾶσι
1429 4875 1662 4947 φανερὸν
1702 4872 1768 4927 ἃν

189 4981 277 5053 εἴη
310 4997 373 5048 γε
402 4979 465 5032 τὸ
492 4980 837 5050 ἀμεινον.¹Ως
873 4975 965 5031 οὖν
1003 4975 1265 5028 ἐπέταττε
1309 4968 1544 5041 πρώτοις
1586 4969 1767 5020 ἐπιτε-

186 5071 302 5126 λεῖν
347 5071 597 5133 ἐκείνοις,
626 5070 677 5123 oi
727 5069 823 5141 μὲν
861 5066 1237 5137 ἐπιλεξάμενοι
1280 5062 1472 5134 βοΐδιον
1517 5058 1766 5131 ἔμέλιζον

188 5161 476 5225 εἰωθότως,
500 5161 918 5232 ἐπικαλούμενοι
943 5160 1000 5212 δὲ
1026 5158 1091 5229 δὴ
1117 5156 1178 5210 τὸ
1197 5153 1573 5226 τετράμορφον
1593 5153 1765 5222 ἐμμε-

187 5253 317 5325 λέτη
325 5269 402 5324 μα
424 5252 519 5305 τοῦ
553 5251 884 5323 καλουμένου
912 5248 1076 5312 Βάαλ,
1113 5247 1263 5300 οὐδὲν
1290 5240 1451 5318 ἦττον
1474 5241 1763 5315 ἔπραττον,

185 5344 341 5402 οὐδὲν
362 5343 643 5413 οὐδαμῶς·
673 5342 810 5397 ἀλλά
839 5359 904 5411 γε
933 5340 1031 5394 καὶ
1063 5338 1490 5409 κατετέμνοντο
1522 5333 1672 5389 κατὰ
1697 5332 1764 5388 τὸ

186 5437 323 5501 ἔθος
353 5433 553 5491 αὐτῶν
570 5435 910 5504 μαχαίραις,
928 5436 1051 5503 ἔφη,
1082 5430 1182 5485 καὶ
1210 5426 1630 5499 σειρομάσταις
1652 5425 1764 5490 ἕως

184 5528 491 5597 ἐκχύσεως
519 5528 761 5597 αἵματος
782 5542 795 5558 ο
827 5522 944 5579 εἷτα
974 5525 1066 5577 ἐπὶ
1092 5523 1301 5587 τούτοις
1329 5524 1362 5594 ἠ
1394 5516 1762 5593 διηγηματικὴ

186 5618 281 5674 τοῦ
326 5619 688 5690 συγγραφέως
730 5618 978 5690 ἐπιφέρει
1022 5615 1153 5687 βοή·
1204 5614 1316 5668 Καὶ
1356 5611 1763 5682 προεφήτευον

1867 4586 1994 4641 inde
2017 4581 2257 4639 demisso
2279 4579 2495 4636 caelitus
2525 4577 2701 4648 signo,
2727 4589 2838 4646 quo
2861 4573 3050 4628 liceret
3070 4569 3314 4642 gloriari,
3346 4584 3444 4639 pa—

1869 4683 2007 4733 teret
2037 4674 2293 4731 omnibus
2316 4671 2482 4738 Deus,
2510 4670 2602 4740 qui
2632 4672 2820 4738 posset
2839 4672 2895 4720 et
2916 4663 3176 4720 exaudire
3205 4671 3260 4718 et
3287 4660 3444 4734 ignes

1867 4770 2163 4826 suscitatos
2195 4766 2489 4838 depellere,
2518 4779 2584 4818 ex
2616 4778 2726 4833 quo
2753 4759 2984 4830 potioris
3031 4757 3269 4829 dignitas
3326 4756 3443 4812 elu-

1868 4870 2131 4925 cesceret,
2170 4868 2224 4915 et
2269 4857 2415 4929 quod
2464 4856 2661 4912 melius
2691 4862 2809 4910 erat
2849 4858 3154 4923 appareret.
3179 4846 3281 4904 Ubi
3313 4864 3443 4904 vero

1874 4954 2108 5026 primum
2139 4953 2246 5007 illis
2278 4959 2336 5006 ut
2362 4966 2501 5022 opus
2532 4948 2857 5021 perﬁcerent
2905 4930 3214 5016 imperavit,
3252 4942 3331 4996 illi
3355 4957 3442 4997 se-

1872 5049 2070 5103 lectam
2096 5045 2352 5100 buculam
2388 5058 2536 5097 more
2577 5057 2680 5098 suo
2712 5037 3101 5109 discerpebant
3151 5036 3208 5090 in
3233 5044 3440 5105 partes,

1868 5147 1924 5196 et
1970 5141 2227 5195 invocato
2282 5133 2798 5204 non.indi|igenter
2846 5129 3221 5202 quadriforme
3260 5127 3443 5182 Baalis

1868 5233 2115 5301 numine,
2168 5231 2306 5285 nihil
2345 5227 2528 5283 minus
2572 5226 2966 5297 operabantur,
3012 5221 3152 5277 nihil
3193 5219 3440 5276 omnino.

1867 5326 2033 5382 Addit
2063 5325 2103 5357 "
2131 5342 2146 5380 :
2170 5326 2241 5378 Et
2264 5318 2633 5377 incidebantse
2651 5332 2716 5372 ea;
2745 5332 2887 5370 more
2914 5313 3107 5384 gladiis
3127 5320 3178 5369 et
3212 5312 3470 5368 siroma-u
3506 5338 3509 5341 -

1867 5418 2036 5474 uibus
2067 5415 2136 5471 ad
2180 5414 2484 5485 effusionem
2510 5426 2672 5482 usque
2692 5409 2986 5478 sanguinis.
3018 5404 3215 5461 Subdit
3244 5403 3330 5459 his
3352 5417 3437 5457 au-

1869 5518 1991 5567 ctor
2018 5510 2164 5564 illius
2192 5503 2524 5561 narrationis
2556 5505 2600 5534 ¹¹¹
2634 5521 2646 5556 :
2682 5499 2751 5555 Et
2769 5497 3148 5571 prophetabant
3174 5508 3445 5570 quousque

1868 5602 2122 5674 prazleriit
2154 5615 2387 5670 vespera.
2412 5597 2550 5655 Cum
2580 5597 2761 5667 itaque
2787 5592 3071 5663 Scriptura
3123 5606 3235 5647 non
3272 5601 3444 5661 expo-

295 5736 339 5770 ¹⁸
365 5735 516 5792 Ρεαί.
553 5752 677 5798 cxv.
707 5736 794 5791 ll.
872 5737 914 5767 “‘
942 5732 1039 5791 ΙΙΙ
1071 5726 1195 5796 Rea.
1229 5747 1385 5800 xvtn,
1414 5728 1580 5786 19-26
1642 5728 1681 5759 ¹⁷
1715 5728 1780 5782 ibi

1876 5729 1965 5786 28.
2030 5730 2070 5761 ¹³
2100 5730 2205 5787 ibid
2230 5729 2321 5787 29.
