3850 6160
434 240 541 300 827

1435 246 1492 312 S.
1532 247 1908 313 EUSTATHII
1937 250 2246 318 EPISCOPI
2281 252 2700 319 ANTIOCHENI

3571 264 3696 321 628

427 356 606 415 suerit
652 367 858 419 verane
911 376 981 420 an
1037 363 1317 423 mendacia
1368 370 1776 440 prophetarent,
1808 374 2001 429 ideone

2108 374 2209 442 ἕως
2241 376 2509 445 παρῆλθε
2534 375 2601 430 τὸ
2624 375 2905 432 δειλινόν.
2954 374 3107 433 Ἐπεὶ
3130 377 3307 433 τοίνυν
3326 376 3387 432 οὒ
3415 377 3695 437 διέστειλε

429 450 553 506 illos
577 452 875 524 prophetas
904 454 1075 513 fuisse
1102 466 1324 516 veraces
1369 459 1568 531 aliquis
1610 463 2005 520 contenderet?

428 542 653 602 Scilicet
703 547 996 605 dicendum
1026 562 1165 617 erat,
1202 561 1263 609 ut
1288 551 1549 626 Origenes
1593 556 1710 627 ipse
1743 557 2002 614 determi—

430 641 544 697 nat,
595 638 994 708 praphetabant
1039 649 1098 695 ut
1153 641 1257 712 ipsi
1315 643 1701 712 Opinabantur,
1737 660 1846 701 non
1894 646 2002 701 nisi

429 724 716 783 mendacia
758 730 1079 789 conﬂantes.
1111 732 1298 804 Neque
1323 734 1468 790 enim
1499 733 1583 790 fas
1616 745 1734 791 erat
1767 737 1822 791 in
1867 737 2002 807 ipsis

428 818 673 876 incidere
694 824 1169 894 praesagitionem;
1207 834 1262 881 et
1302 838 1483 885 tamen
1536 829 1803 886 extricato
1827 831 2004 886 claro-

429 925 539 979 que
595 913 787 970 scribit
845 930 1146 973 sermone:
1182 917 1249 972 Et
1295 920 1679 990 prophetabant
1736 938 2002 993 quousque

428 1004 683 1071 praeteriit
717 1019 948 1074 vespera.
982 1007 1175 1065 Nonne
1200 1011 1321 1081 ipsa
1349 1027 1532 1067 rerum
1573 1023 2001 1085 eventorumque

427 1096 819 1166 consequentia
844 1096 959 1154 bazc
1022 1099 1132 1158 illis
1175 1102 1376 1157 similia
1414 1104 1876 1174 comprobantur?
1904 1104 2001 1160 Et-

427 1184 575 1240 enim
613 1185 660 1242 si
688 1188 975 1246 amborum
1004 1191 1144 1248 idem
1172 1201 1255 1250 est
1285 1203 1499 1261 auctor,
1533 1212 1700 1251 unum
1732 1198 1899 1253 etiam
1933 1213 2001 1253 ex

426 1276 673 1349 utrisque
703 1294 925 1337 sensum
952 1283 1150 1342 elicere
1183 1301 1522 1358 consequens
1543 1298 1645 1346 est.
1682 1287 1789 1346 Sed
1816 1306 2004 1361 quem-

425 1368 720 1427 admodum
746 1372 838 1430 bic
876 1375 1289 1434 idololatrarum
1324 1380 1546 1450 praefixo
1575 1382 1797 1439 nomine
1826 1383 1877 1438 id
1905 1398 2003 1440 no-

424 1461 511 1517 bis
557 1463 738 1519 innuit
773 1466 842 1523 de
894 1469 1003 1525 illis
1052 1470 1127 1524 ita
1189 1472 1535 1528 sentiendum
1582 1489 1726 1540 esse,
1792 1475 2001 1532 scilicet

426 1553 932 1630 pseudoprOphetas
957 1560 1125 1618 fuisse
1145 1564 1293 1620 omni
1315 1566 1649 1636 praenotione
1678 1566 1998 1636 destitutos;

426 1645 508 1699 sic
538 1655 593 1702 et
624 1648 698 1703 ibi
733 1654 986 1721 personis
1021 1654 1267 1712 daemone
1299 1658 1517 1728 agitatis
1546 1660 1855 1730 praepositis
1907 1676 2001 1717 sa-

2104 467 2163 519 τὺ
2208 468 2461 539 γράμμα,
2499 468 2724 541 πότερον
2768 469 2939 543 ἀληθῆ
2986 471 3359 542 προύφήτευον
3401 470 3435 541 ῆ
3482 470 3693 540 ψευδῆ,

2103 559 2255 631 παρά
2305 547 2469 614 τοῦτο
2513 559 2644 632 φαίη
2695 578 2775 625 τις
2827 561 2895 615 ἂν
2938 561 3178 625 ἐκείνους
3224 557 3361 616 εἶναι
3391 565 3695 635 προφήτας

2102 648 2360 718 ἀληθεϊς;
2396 648 2544 702 Ἔδει
2595 650 2703 721 γὰρ
2747 649 3026 721 εἰρηκέναι
3056 650 3196 703 κατά
3220 649 3319 721 τὴν
3369 650 3693 722 Ὠριγένους

2103 739 2376 809 ἀπόφασιν
2395 781 2408 803 ,
2454 741 2829 813 Προεφήτευον
2877 742 2954 806 ὡς
2995 740 3162 813 ᾤοντο
3193 742 3253 796 τὸ
3279 742 3474 803 δοκεῖν,
3506 734 3690 813 μηδὲν

2102 830 2300 903 ἀληθὲς
2328 830 2574 900 λέγοντες
2623 832 2766 904 (ἐπεὶ
2803 834 2936 904 μηδὲ
2964 833 3119 905 Θέμις
3147 831 3595 904 ἐμπολιτεύεσθαι
3620 833 3686 885 ἐν

2101 924 2286 989 αὐτοῖς
2317 924 2665 996 πρόγνωσιν),
2700 926 2813 979 ἀλλ’
2836 927 2934 979 οὐκ
2967 925 3309 997 ἁνεπιπλόκῳ
3338 926 3433 979 καὶ
3453 925 3683 995 καθαρᾷ

2104 1016 2460 1088 προφωνῆσαι
2491 1015 2659 1082 λέξει·
2704 1017 2812 1072 Καὶ
2837 1018 3245 1087 προεφήτευον
3266 1017 3377 1084 ἕως
3402 1016 3684 1086 παρῆλθε

2100 1108 2169 1162 τὸ
2212 1107 2628 1181 δειλινόν.”Αρ’
2654 1105 2748 1163 οὖν
2797 1109 3102 1173 ἀκολούθως
3145 1112 3210 1162 ἐκ
3245 1109 3344 1180 τῆς
3375 1108 3547 1179 αὐτῆς
3578 1108 3682 1162 τοῦ

2103 1201 2432 1274 γράμματος
2479 1203 2717 1275 ἱστορίας
2759 1201 2904 1256 ἐστιν
2951 1202 3097 1268 ἰδεῖν,
3128 1203 3211 1256 ὅτι
3248 1201 3419 1256 ταῦτα
3449 1200 3684 1265 ἐκείνοις

2101 1292 2377 1347 ἐπέοικεν
2411 1295 2459 1347 εί
2493 1293 2602 1366 γὰρ
2634 1296 2662 1347 ό
2687 1293 2847 1358 αὑτός
2887 1296 3032 1347 ἐστιν
3076 1294 3349 1366 ἑκατέρων
3376 1294 3405 1346 ὁ
3436 1309 3686 1367 συγγρα-

2103 1386 2256 1454 φεὺς,
2286 1387 2467 1457 ὅμοιον
2496 1386 2554 1451 ἐξ
2582 1388 2781 1457 ἀμφοῖν
2810 1385 3002 1453 ἀνάγει
3026 1386 3117 1439 τὸν
3156 1385 3456 1439 νούν.Ἀλλ’
3486 1384 3683 1457 ὥσπερ

2103 1475 2336 1530 ἐνταῦθα
2364 1476 2428 1528 τὸ
2456 1475 2562 1529 τῶν
2592 1474 2988 1546 εἰδωλολατρῶν
3030 1475 3198 1547 ὄνομα
3232 1475 3527 1547 προτάξας,
3558 1476 3686 1546 ὲδήέ

2102 1567 2240 1621 λωσε
2285 1568 2426 1622 κατὰ
2472 1566 2698 1633 ἔννοιαν,
2727 1566 2939 1639 ὅτιχρὴ
2965 1569 3093 1640 περὶ
3119 1567 3321 1622 τούτων
3355 1568 3683 1638 ὑπολαμϐάο

2102 1675 2212 1711 νειν
2244 1660 2321 1723 ὡς
2342 1659 2450 1714 εἱσι
2481 1657 2922 1727 ψευδοπροφῆται
2954 1657 3264 1729 λειπόμενοι
3293 1656 3680 1729 προγνώσεως

425 1738 723 1812 crilegique
783 1740 1026 1801 vaticinii
1082 1727 1438 1814 facinoribiis,
1492 1727 1589 1822 per
1654 1727 1997 1809 reticentiam

2108 1750 2246 1805 οὕτω
2292 1754 2451 1805 κάκεῖ
2492 1752 2760 1823 πρόσωπα
2784 1727 3196 1822 δαιμονιζόμενα
3243 1727 3543 1821 προτάξας,
3587 1751 3685 1804 καὶ

424 1827 559 1897 quid
592 1830 662 1886 de
686 1834 998 1891 amentibus
1029 1837 1139 1893 illis
1165 1839 1462 1909 prudentes
1498 1842 1706 1899 sentire
1737 1843 1999 1899 deberent

426 1918 820 1978 manifestavit.

501 2010 591 2066 IX.
625 2012 768 2073 Sane
812 2017 858 2074 si
903 2019 1093 2077 vellem
1147 2028 1339 2077 rerum.
1378 2023 1635 2079 similium
1688 2026 1999 2082 testimonia

429 2100 643 2170 aderre,
675 2098 890 2166 deficiet
942 2111 1175 2171 fortasse
1213 2122 1431 2185 tempus
1470 2115 1780 2182 di¢entibds
1816 2137 1827 2171 :
1863 2118 1998 2175 satis

428 2211 558 2250 vero
578 2198 703 2262 erit,
738 2200 785 2257 si
810 2203 1042 2259 alterum
1066 2206 1227 2277 hujus
1257 2208 1334 2263 rei
1363 2210 1673 2281 exemplum
1707 2211 1995 2266 adducam.

428 2283 488 2342 In
520 2286 692 2378 Erodi
740 2309 870 2366 ergo
920 2296 1152 2353 historia
1192 2300 1421 2357 habetur
1449 2303 1514 2367 ¹⁹,
1548 2301 1720 2374 Moysi
1768 2304 1999 2378 AarOpi-

427 2392 535 2446 que
564 2376 850 2437 Dominum
874 2385 1050 2455 ipsum
1075 2391 1400 2461 praecepisse
1427 2400 1487 2446 ut
1512 2402 1635 2447 ante
1656 2376 1997 2450 Pharaonem

428 2468 483 2520 in
512 2475 712 2525 terram
741 2472 995 2529 baculum
1019 2477 1340 2549 dejicerent,
1362 2482 1454 2551 qui
1473 2491 1799 2537 commutata
1824 2484 1998 2539 forma

427 2562 485 2613 in
536 2575 727 2617 eorum
768 2576 1068 2639 conspectu
1118 2571 1365 2644 prodigio
1416 2574 1665 2629 horribili
1710 2573 1997 2646 Egyptios

425 2650 749 2713 deterreret.
780 2658 937 2725 Quod
963 2660 1055 2715 ubi
1090 2664 1327 2718 maxima
1353 2666 1598 2721 omnium
1640 2666 2000 2723 admiratione

428 2743 633 2800 factum
660 2758 829 2814 esset,
862 2753 1119 2825 princeps
1166 2756 1285 2811 sine
1320 2757 1555 2811 consilio
1591 2758 1827 2813 amentia
1848 2759 2000 2815 delua

426 2849 525 2890 sus
554 2840 768 2893 vocavit
797 2856 903 2896 una
930 2843 1095 2899 simul
1121 2859 1313 2901 omnes
1346 2855 1399 2902 et
1423 2848 1700 2917 sapientes
1725 2857 1780 2905 et
1806 2851 1998 2905 incano

426 2931 634 2987 tutores
657 2932 877 3005 Egypti
904 2952 917 2992 :
952 2935 1021 2989 Et
1051 2938 1284 3006 fecerunt
1312 2941 1476 2992 etiam
1510 2940 1870 2996 incantatores
1894 2942 2000 2997 1E-

424 3022 744 3091 gyptiorum,
770 3025 928 3093 dixit,
956 3038 1046 3096 per
1083 3029 1467 3086 incantatibnes
1504 3033 1785 3098 similiter;
1827 3035 2000 3103 proje—

426 3127 707 3188 ceruntque
744 3120 941 3190 singuli
976 3123 1150 3193 virgas
1178 3136 1326 3188 suas,
1361 3133 1412 3179 et
1450 3123 1609 3195 facta?
1643 3136 1767 3181 sunt
1804 3127 1996 3183 draco-

426 3224 517 3262 nes
539 3224 558 3263 :
587 3219 637 3263 et
664 3210 931 3267 devorarit
971 3214 1190 3271 baculus
1219 3217 1448 3272 Aaronis
1484 3220 1658 3289 virga:
1690 3219 1907 3277 illorum
1928 3221 1997 3276 "L

424 3296 684 3357 Refertur
717 3310 977 3375 praeterea
996 3308 1041 3339 ¹¹
1068 3306 1451 3380 Egyptiorum
1509 3309 1879 3369 incanlatores
1922 3314 2001 3369 si-

429 3392 631 3449 militer
658 3401 980 3466 sanguinem
1022 3410 1077 3457 et
1124 3419 1287 3459 ranas
1338 3404 1533 3461 fecisse
1555 3406 1621 3461 ".
1652 3406 1787 3462 Cum
1834 3408 2004 3479 igitur

426 3489 671 3546 narratio
710 3505 888 3563 neque
942 3494 1031 3551 hic
1084 3497 1423 3570 singulorum
1469 3510 1627 3559 actus
1666 3502 2001 3571 subdividat,

429 3579 528 3635 sed
548 3581 801 3640 similiter
829 3586 1200 3646 incantatores
1240 3591 1437 3649 fecisse
1477 3593 1743 3663 fateatur;
1780 3595 1904 3651 ideo
1935 3607 2009 3652 ne

436 3669 580 3760 .‘lices
602 3691 723 3745 quae
751 3692 781 3731 a
806 3681 980 3752 magis
1007 3682 1259 3739 confecta
1292 3693 1441 3750 sunt,
1477 3686 1586 3742 illis
1615 3701 1735 3757 quae
1762 3702 1793 3741 a
1819 3685 2004 3760 Moyse

430 3758 631 3821 similia
668 3769 826 3825 esse?
851 3769 1226 3844 Nequaquam,
1264 3778 1411 3833 dicet
1437 3777 1581 3848 quis,
1617 3793 1741 3833 cum
1772 3792 1874 3834 nec
1912 3758 2005 3835 fas

432 3858 506 3911 sit
537 3857 717 3916 dicere
752 3863 968 3920 curiosa
1004 3867 1192 3941 istbzec
1215 3877 1269 3923 et
1297 3870 1679 3941 superstitiosa
1713 3888 1743 3925 ιι
1766 3870 1876 3927 Deo
1922 3869 2009 3927 fa-

428 3948 537 4003 ctis
561 3951 726 4007 rebus
756 3957 1069 4014 as’similari.
1100 3958 1449 4034 Quaecunque
1486 3962 1700 4036 Moyses
1742 3979 2025 4036 exseque-.

431 4039 614 4107 batur,
647 4045 931 4103 veritatem
981 4067 1090 4120 prae
1144 4069 1204 4108 se
1241 4052 1530 4110 ferebant:
1559 4063 1615 4110 at
1665 4072 1787 4126 quae
1818 4056 2009 4112 incan-

431 4138 644 4192 tatores
690 4138 1081 4209 ordiebantur,
1142 4138 1529 4216 imaginatione
1580 4157 1791 4205 tantum
1830 4150 2009 4206 visum

434 4221 733 4296 fallebant;
767 4230 968 4301 quippe
998 4246 1180 4286 rerum
1213 4235 1587 4294 imbecillitate
1623 4240 1759 4296 satis
1793 4239 2010 4296 abunde

437 4318 788 4375 mendacium“
834 4320 1176 4378 eludebatur.
1229 4322 1705 4399 Quandoquidem,
1760 4346 1866 4401 qua
1924 4347 2010 4386 ra-

2108 1845 2363 1917 μαντείας
2384 1843 2639 1915 ἀθεμίτου
2665 1844 2932 1916 δράματα,
2953 1844 3093 1896 κατὰ
3126 1842 3506 1913 ἀποσιώπησιν
3538 1844 3683 1915 ἐμή-

2104 1950 2227 1991 νυσε
2240 1936 2291 1989 τί
2305 1936 2411 1989 δέοι
2429 1937 2553 2007 περὶ
2566 1934 2674 1988 τῶν
2690 1935 2965 2007 ἐκφρόνων
2985 1934 3226 2000 δοξάζειν
3236 1934 3362 1997 τοὺς
3378 1932 3680 2006 ἔμφρονας.

2175 2033 2266 2083 IX.
2317 2029 2474 2083 Ἀλλὰ
2502 2030 2570 2084 τὰ
2601 2028 2825 2082 τοιαῦτα
2861 2027 2959 2099 μὲν
2985 2030 3032 2081 εί
3057 2026 3431 2098 παραφέροιμι
3472 2025 3683 2097 μαρτύ.

2108 2138 2215 2192 ρια,
2263 2120 2402 2192 τάχα
2448 2121 2635 2185 ῖσωςό
2662 2120 2854 2193 χρόνος
2891 2119 3036 2190 ἡμᾶς
3085 2117 3347 2188 ἐπιλείψοι
3380 2117 3677 2185 λέγοντας·

2104 2212 2268 2282 ἄλλην
2312 2213 2369 2265 δέ
2405 2213 2532 2284 μίαν
2578 2212 3016 2285 παραδείγματος
3042 2211 3223 2264 εἰκόνα
3248 2208 3470 2281 προθεὶς
3513 2210 3684 2280 ἀρκε-

2107 2303 2394 2375 σθήσομαι.
2428 2305 2728 2377 Τοιγαροῦν
2778 2306 2837 2357 ἐν
2879 2301 2955 2374 τῷ
2995 2303 3094 2374 τῆς
3135 2301 3344 2366 Ἐξόδου
3374 2301 3683 2372 κατασεσή-

2108 2414 2306 2467 μανται
2351 2397 2658 2468 γράμματι,
2694 2395 2811 2460 πῶς
2861 2395 3149 2448 ἐπέταττεν
3192 2395 3304 2457 τοῖς
3354 2392 3503 2463 ἀμφὶ
3552 2392 3684 2445 Μω-

2107 2487 2202 2540 σέα
2225 2488 2318 2541 καὶ
2355 2487 2562 2558 Ἀαρὼν
2592 2486 2753 2551 αὐτὸς
2784 2489 2812 2540 ὁ
2852 2486 3053 2556 Κύριος
3094 2486 3172 2548 είς
3202 2484 3395 2553 ἔδαφος
3435 2480 3687 2551 ἐκρίψειν

2104 2578 2202 2651 τὴν
2239 2577 2431 2650 ῥάϐδον
2453 2578 2675 2649 ἀντικρῦ
2700 2575 2916 2649 Φαραὼ,
2948 2577 3034 2630 ἵνα
3063 2578 3141 2639 είς
3166 2575 3285 2645 ὅφιν
3311 2573 3600 2644 ἀμείψασα
3622 2570 3684 2625 τὸ

2106 2672 2291 2742 σχῆμα
2319 2673 2527 2743 σημείῳ
2560 2672 2878 2743 καταπλήξῃ
2924 2668 3137 2742 φοϐερῷ
3176 2671 3300 2732 τοὺς
3327 2666 3683 2737 Αἰγυπτίους.

2116 2765 2206 2827 Ὠς
2233 2760 2289 2817 δέ
2314 2764 2471 2817 τοῦτο
2492 2763 2698 2832 ἐγίνετο
2712 2762 3045 2835 παραδόξως,
3068 2762 3096 2813 6
3122 2760 3571 2832 δονάστηςάνοίᾳ
3592 2775 3686 2829 φε-

2105 2856 2454 2927 νακιζόμενος
2494 2856 2726 2928 ἁϐούλῳ,
2777 2855 3167 2909 συνεκαλέσατο
3220 2854 3317 2924 μὲν
3346 2854 3515 2925 ὁμόσε
3558 2855 3683 2918 τοὺς

2108 2948 2369 3017 σοφιστάς
2409 2949 2679 3023 καὶιτοὺς
2716 2949 3039 3021 φαρμακοὺς
3091 2945 3401 3016 Αἰγύπτουο
3446 2947 3682 3014 Ἐποίη-

2106 3057 2228 3097 car
2262 3040 2330 3094 δὲ
2370 3041 2468 3096 καὶ
2502 3044 2554 3095 οἱ
2579 3039 2840 3095 ἐπαοιδοὶ
2866 3039 2986 3093 τῶν
3010 3039 3366 3107 Αἰγυπτίων,
3401 3037 3532 3109 ἔφη,
3558 3037 3682 3102 ταῖς

2101 3135 2488 3204 φαρμακείαις
2534 3131 2734 3187 αὐτῶν
2775 3133 3078 3200 ὡσαύτως,
3121 3132 3221 3186 καὶ
3258 3132 3512 3204 ἕῤῥιψεν
3549 3130 3691 3184 Exul

2101 3242 2245 3291 στος
2272 3224 2386 3294 τὴν
2414 3223 2628 3278 ἑαυτοῦ
2647 3222 2890 3292 ῥάϐδον,
2914 3226 3011 3279 καὶ
3032 3223 3310 3295 ἐγένοντο
3332 3220 3679 3291 δράκοντες·

2102 3317 2203 3371 καὶ
2227 3316 2506 3391 κατέπιεν
2550 3320 2589 3385 ἡ
2620 3317 2841 3386 ῥάϐδος
2880 3317 3094 3386 Ἀαρὼν
3119 3317 3228 3382 τὰς
3264 3315 3521 3369 ἐκείνων
3538 3313 3683 3382 ,ῥάσ-

2101 3409 2393 3475 δους.Ἔτι
2417 3426 2479 3479 γε
2509 3408 2614 3481 μὴν
2641 3409 3041 3480 ἀναφερόμενόν
3069 3411 3234 3473 ἐστιν,
3252 3409 3327 3472 ὼς
3355 3407 3570 3478 αἵματα
3593 3406 3695 3459 καὶ

2105 3500 2405 3572 βατράχους
2450 3500 2712 3571 ἐποίησαν
2757 3499 2993 3553 ἐπαοιδοὶ
3021 3499 3128 3553 τῶν
3154 3499 3467 3568 Αἰγυπτίων
3504 3497 3685 3551 ὡσαύ-

2102 3605 2228 3651 τως.
2247 3589 2398 3641 Ἐπεὶ
2423 3584 2514 3641 οὖν
2540 3591 2573 3659 ἡ
2604 3588 2972 3661 διηγηματικὴ
3002 3589 3135 3660 μηδὲ
3162 3589 3319 3660 δεῦρο
3350 3588 3554 3659 διαιρεῖ
3576 3606 3686 3658 φω-

2103 3677 2169 3749 νὴ
2195 3678 2294 3741 τὰς
2318 3678 2590 3749 ἑκατέρων
2624 3677 2825 3743 τάξεις,
2849 3674 3108 3741 ὡσαύτως
3133 3676 3189 3730 δὲ
3218 3675 3314 3730 καὶ
3342 3676 3472 3741 τοὺς
3504 3677 3689 3729 ἐπαοι·

2103 3768 2227 3831 δοὺς
2272 3768 2451 3836 ἐξεῖπε
2495 3769 2871 3839 πεποιηκέναι,
2905 3768 3057 3841 παρά
3089 3763 3246 3820 τοῦτο
3288 3765 3456 3838 φαίης
3490 3766 3580 3829 ἂν,
3609 3767 3688 3819 ὅτι

2104 3861 2174 3916 τὰ
2209 3863 2511 3935 δεδραμένα
2548 3864 2664 3925 τοῖς
2711 3865 3018 3934 φαρμακοῖς
3050 3863 3210 3934 ὅμοια
3245 3863 3360 3924 τοῖς
3400 3859 3492 3913 διὰ
3521 3861 3690 3914 Moti)-

2109 3954 2245 4019 σέως
2270 3955 2578 4026 γενομένοις
2609 3954 2789 4021 ἐστίνς
2823 3953 3119 4027 Ούμενοῦν,
3152 3953 3294 4007 εἴποι
3347 3968 3435 4015 τις
3459 3949 3553 4017 ἂν,
3575 3949 3697 4006 (DJK

2108 4047 2227 4100 οὐδὲ
2259 4047 2475 4118 θεμιτὸν
2506 4045 2572 4100 ἂν
2604 4045 2690 4118 εἴη
2719 4046 3003 4114 λέγειν,ὡς
3028 4045 3364 4117 ἐξομοιοῦται
3387 4045 3458 4098 τὰ
3477 4044 3673 4118 περίερ

2107 4155 2181 4207 γα
2212 4139 2306 4192 καὶ
2329 4134 2503 4210 γοώδη
2530 4140 2640 4200 τοῖς
2668 4137 2936 4210 οὐρανίοις
2964 4139 3563 4209 ἀπομιμήμασιν.Ὄσα
3596 4136 3691 4207 μέν

2108 4246 2172 4299 γε
2195 4229 2281 4283 διὰ
2302 4231 2544 4292 Μωσέως
2570 4229 2889 4300 ἐπράττετο,
2916 4228 3015 4299 τὴν
3041 4229 3296 4299 ἀλήθειαν
3323 4231 3389 4281 ἐκ
3416 4228 3531 4283 τῶν
3557 4228 3693 4300 δρω-

2114 4320 2289 4391 μένων
2320 4318 2629 4390 ἐξέφαινεν·
2662 4319 2761 4372 ὅσα
2787 4318 2832 4371 δ’
2864 4314 2955 4372 οὖν
2974 4318 3063 4372 διὰ
3096 4318 3203 4370 τῶν
3230 4317 3499 4370 ἐπαοιδῶν
3532 4319 3691 4371 ἐκατ-

434 4412 582 4467 tione
606 4428 713 4466 una
748 4413 897 4485 virga
926 4414 1217 4484 derepente
1240 4433 1429 4474 omnes
1459 4421 1581 4477 illas
1610 4429 1663 4477 et
1689 4424 1891 4478 multas
1913 4425 2005 4481 de-

2111 4413 2290 4476 τύετο,
2326 4413 2387 4465 τὸ
2413 4412 2589 4467 δοκεῖν
2622 4411 2890 4481 ἐφάνταζε
2922 4409 3020 4473 τὰς
3045 4410 3229 4481 δψειςυ
3274 4409 3547 4481 αὐτοτελῆ
3586 4410 3691 4481 γάρ

435 4505 685 4559 voravit?
712 4503 899 4577 Neque
936 4505 1020 4563 fas
1051 4514 1136 4563 est
1182 4509 1368 4563 animo
1397 4512 1687 4582 concipere
1734 4518 2009 4584 quomodo

433 4594 513 4650 illi
549 4612 616 4651 ex
641 4597 808 4653 rebus
845 4597 1161 4655 inanimatis
1196 4611 1420 4672 possent
1453 4603 1634 4659 facere
1663 4621 1773 4660 uno
1804 4607 2009 4677 impetu

337 4722 341 4724 ν
436 4693 498 4741 ut
529 4695 714 4744 essent
740 4689 1011 4745 animatae.
1047 4689 1202 4747 Tunc
1224 4692 1366 4747 enim
1404 4692 1561 4750 nobis
1594 4703 1778 4751 essent
1811 4693 2011 4754 fortas-

439 4795 499 4834 se
531 4779 792 4849 potiores,
822 4779 914 4852 qui
948 4781 1110 4853 lignis
1139 4785 1405 4839 emortuis
1433 4786 1672 4840 animam
1695 4788 1882 4844 indere
1908 4789 2008 4843 ha-

438 4865 631 4927 berent
686 4870 742 4925 in
786 4871 1065 4929 facultate.
1134 4874 1245 4930 Nec
1290 4873 1505 4947 Moyses
1553 4879 1671 4948 ipse
1725 4880 2006 4950 quidpiam

438 4962 585 5035 quod
616 4972 765 5018 esset
810 4964 1173 5021 admiratione
1223 4956 1459 5038 dignum
1486 4972 1797 5041 praestabat,
1822 4973 1865 5027 si
1903 4973 2013 5027 illis

437 5051 637 5108 similia
666 5057 1034 5124 perpetrabat.
1057 5053 1238 5121 Quare
1276 5074 1490 5128 aequum
1523 5067 1607 5113 est
1653 5060 1766 5114 haec
1809 5061 2015 5115 nullius

439 5152 562 5198 esse
597 5145 856 5199 momenti
891 5147 1182 5202 ostendere
1232 5146 1407 5217 ipsius
1460 5147 1757 5221 Scriptura:
1808 5151 2011 5207 verbis.

438 5232 573 5289 Nam
600 5237 649 5291 s’i
679 5230 846 5302 Deus,
870 5245 932 5291 ut
958 5239 1339 5310 Aigyptiorum
1387 5240 1617 5310 injurias
1669 5243 2016 5313 propulsaret

439 5340 644 5396 eosque
676 5329 917 5397 puniret,
960 5346 1153 5388 omnes
1189 5347 1452 5403 aquarum
1477 5332 1675 5389 ﬂuctus
1708 5345 1768 5389 ut
1793 5335 1848 5390 in
1882 5351 2015 5391 san-

439 5402 659 5486 guinem
687 5429 1156 5479 commutarentur
1189 5427 1522 5496 imperabat;
1572 5427 1621 5483 si
1662 5427 1868 5484 similes
1899 5429 2016 5498 pla-

439 5520 537 5577 gas
602 5506 953 5576 accipientes,
1013 5513 1213 5570 ductus
1268 5532 1533 5587 aquarum
1579 5518 1635 5571 in
1694 5518 2015 5588 sanguinem

514 5672 562 5711 έν
593 5678 767 5736 Exod.
804 5688 1009 5756 vn,10.
1090 5694 1135 5726 ¹⁰
1164 5693 1296 5751 ibid.
1342 5694 1430 5763 Η,
1507 5695 1595 5750 12.
1676 5697 1717 5729 ³¹
1770 5696 1902 5753 ibid.
1949 5695 2041 5754 22.

2114 4503 2334 4576 ἔλεγχον
2378 4507 2440 4558 ἐκ
2484 4505 2585 4575 τῆς
2615 4504 2873 4577 ἁδρανίας
2898 4503 3194 4574 ἐπεφέρετο
3228 4502 3289 4555 τὸ
3315 4500 3538 4571 ψεῦδοςο
3572 4500 3693 4554 ἐπεὶ

2117 4595 2234 4658 πῶς
2256 4596 2290 4665 ἡ
2324 4596 2421 4665 μία
2448 4595 2673 4649 κατέπιε
2704 4594 2897 4665 ῥάϐδος
2925 4596 3077 4663 ἄφνω
3094 4595 3190 4656 τὰς
3213 4592 3416 4656 πολλὰς
3444 4592 3691 4656 ἐκείνας;

2117 4684 2253 4737 Ούδέ
2283 4701 2346 4753 γε
2363 4683 2518 4754 θέμις
2542 4684 2690 4736 ἐστὶν
2720 4684 2939 4745 ἐννοεῖν,
2970 4681 3046 4746 ὡς
3062 4681 3127 4734 ἐκ
3156 4680 3267 4732 τῶν
3295 4677 3526 4748 ἀψύχων
3555 4678 3694 4730 ἐκεῖμ

2117 4793 2197 4831 νοι
2246 4775 2472 4846 ῥάϐδους
2517 4773 2792 4846 ἐμψύχους
2838 4774 3100 4844 ἠδύναντο
3131 4770 3413 4825 ἀποτελεῖν
3451 4768 3690 4841 ἀθρόως·

2115 4866 2369 4937 ἀμείνους
2410 4863 2519 4936 γὰρ
2548 4864 2612 4917 ἂν
2639 4859 2778 4934 ἦσαν
2808 4863 2936 4926 ἴσως
2964 4863 3119 4933 ήμῶν
3151 4862 3203 4914 οἱ
3229 4860 3299 4913 τὰ
3333 4860 3511 4931 νεκρά
3538 4858 3671 4912 δυνά

2121 4973 2270 5029 μενοι
2296 4955 2547 5026 ψυχῶσαι
2580 4953 2740 5020 ξύλα·
2793 4954 2931 5023 τάχα
2963 4952 3021 5005 δὲ
3052 4951 3176 5005 οὐδὲ
3206 4950 3417 5019 Μωσῆς
3436 4996 3439 4999 .

2118 5047 2208 5112 ξον
2249 5043 2514 5115 ἔπραττεν
2558 5040 2625 5094 ἂν
2670 5042 2841 5103 οὐδὲν,
2870 5043 2916 5094 εί
2968 5039 3036 5094 τά
3081 5040 3439 5112 παραπλήσια
3486 5039 3692 5102 τούτοις

2116 5133 2419 5205 εἰργάζετο.
2448 5133 2641 5186 Καίτοι
2671 5133 2787 5194 πῶς
2815 5131 2876 5184 ού
2902 5130 3106 5185 δίκαιον
3126 5128 3333 5202 ἀδρανῆ
3362 5130 3582 5199 φαίνειν
3605 5128 3692 5182 αύ-

2118 5225 2190 5279 τᾶι
2219 5225 2287 5279 δι’
2322 5223 2486 5278 αὐτοῦ
2523 5222 2618 5277 τοῦ
2637 5222 2913 5295 Γραφικοῦ
2947 5222 3297 5293 μηνύματος;
3331 5222 3397 5274 Ei
3421 5220 3535 5290 γὰρ
3560 5222 3691 5290 ἀμυ-

2119 5320 2344 5390 νόμενος
2364 5318 2489 5380 τοὺς
2509 5315 2836 5384 Αἰγυπτίους
2878 5316 2907 5367 ὁ
2940 5314 3092 5378 Θεὸς,
3124 5315 3338 5368 ἅπαντα
3375 5315 3477 5384 μὲν
3506 5316 3692 5366 ἐπεκε-

2120 5413 2307 5467 λεύετο
2347 5410 2419 5463 τὰ
2462 5409 2651 5482 ῥεῖθρα
2687 5409 2796 5462 τῶν
2844 5408 3049 5463 ὑδάτων
3077 5408 3157 5471 εἰς
3194 5402 3334 5478 αἷμα
3370 5407 3692 5478 μετασάλλε-

2108 5513 2246 5571 ,σθαι
2268 5510 2536 5583 τιμωρίας
2554 5511 2731 5583 χάριν·
2759 5514 2807 5565 εἰ
2823 5510 2968 5585 (Lai)
2984 5509 3040 5563 δὲ
3056 5506 3333 5571 τοιαύταις
3363 5505 3691 5579 αἰκιζόμενοι

2120 5697 2165 5729 ³³
2224 5693 2397 5752 Exod.
2448 5709 2567 5764 vm,
2623 5690 2674 5747 7.
