3850 6160
176 252 297 311 6‘29

1066 251 1155 308 DE
1181 251 1772 311 ENGASTRIMYTHO
1806 251 2087 311 CONTRA
2125 247 2499 310 OBlGENEH.

3228 212 3237 217 ⁷
3312 239 3431 300 sse

178 369 421 442 πληγαῖς
461 368 540 432 είς
589 369 812 441 αἴματος
856 367 999 424 ἰδέαν
1046 369 1330 441 ἀμείσουσι
1376 372 1499 436 τοὺς
1537 370 1753 443 ὀχετοὺς

1874 376 2074 428 vertunt
2116 384 2179 426 ea
2217 382 2348 423 cura
2378 372 2433 424 et
2464 363 2662 435 studio
2716 372 2776 420 ut
2834 359 3197 419 calamitatem
3249 360 3420 416 adau-

179 461 470 529 ὡσαύτως,
492 460 675 530 αὔξειν
694 461 1114 534 ἐπιτεχνώμενοι
1137 464 1197 517 τὸ
1218 463 1407 529 πάθος,
1432 464 1592 519 ἕνεκα
1617 464 1759 529 τίνος

181 554 397 620 ἀξιοῦσι
413 556 510 610 καὶ
535 555 765 624 δέονται,
784 556 1173 629 πιεζόμενοιτῇ
1196 557 1353 631 δίψῃ,
1365 558 1761 633 καθαρισθῆναι

181 644 256 698 τὰ
272 644 416 699 κατά
435 645 901 716 πᾶσανΑἶγυπτον
917 646 1085 702 ὕδατα
1098 648 1198 718 τῆς
1213 649 1414 719 dig-096
1421 666 1512 722 ρου
1531 650 1728 721 μίξεως
1742 668 1758 718 ;

184 736 253 791 Ei
304 736 368 806 (f.
394 738 467 804 οἳ)
508 733 575 791 αὖ
618 737 1226 810 πάὴνσάπειροπληθεὶς
1253 737 1405 809 ἄφνω
1439 738 1761 814 θεασάμενοι

188 826 517 899 βατράχους,
547 828 601 880 τί
632 828 837 899 δήποτε
857 827 1279 900 παραιτούμενοι
1306 829 1430 893 τοὺς
1452 828 1641 900 ὄχλους
1666 831 1763 886 αὑ-

189 918 325 986 τῶν,
360 916 521 983 αὖθις
559 919 816 975 ἔπλαττον
840 920 1051 985 ἄλλους,
1085 922 1134 973 εί
1165 919 1239 992 μὴ
1282 921 1389 975 τῶν
1420 921 1519 992 μὲν
1552 924 1610 978 ὲν
1636 924 1765 996 σκιᾷ

190 1011 290 1066 καὶ
338 1015 639 1081 φαντασίας
688 1014 815 1067 εῖδει
867 1013 1205 1085 φαινομένων
1228 1016 1328 1070 οὐκ
1357 1017 1760 1090 ὲπεφρόντιζον,

192 1103 301 1157 ὑπὸ
327 1104 382 1158 δὲ
412 1104 519 1157 τῶν
555 1104 727 1159 ἄλλων
755 1105 901 1176 ἔργῳ
922 1105 1283 1177 δεικνυμένων
1309 1108 1642 1181 ἐλυμήναντο
1667 1111 1767 1165 δει-

193 1195 302 1260 νῶς
324 1212 339 1259 ;
364 1196 551 1261 Οὐδεὶς
579 1197 688 1268 γὰρ
716 1196 780 1250 ἂν
791 1198 962 1252 ἕλοιτο
981 1197 1057 1269 τῷ
1085 1198 1329 1271 πολεμίῳ
1357 1201 1548 1274 πλήθει
1579 1202 1762 1277 ἕτερον

194 1289 539 1362 προστιθέναι
562 1290 762 1362 πλῆθος
779 1290 1165 1363 ἀναρίθμητον,
1194 1293 1315 1347 ἀντὶ
1334 1293 1430 1349 τοῦ
1455 1295 1765 1360 νεολέκτους

194 1380 672 1452 στρατολογεῖνείς
705 1383 1016 1454 συμμαχίαν
1047 1383 1393 1457 δορυφόρουςν
1413 1386 1533 1441 οὐδὲ
1555 1389 1765 1457 ἐπεγεῖ-

200 1489 291 1543 ραι
320 1472 535 1545 πυρετῷ
562 1472 816 1544 πυρετὸν,
833 1474 1217 1545 ἀπαλλαγῆναι
1236 1473 1327 1528 τοῦ
1345 1472 1561 1548 πρώτου
1584 1477 1765 1548 γλιχό-

199 1580 381 1639 μενος,
415 1565 535 1617 οὑδὲ
560 1564 783 1636 πληγῶν
808 1566 1094 1638 ἀφορήτων
1120 1564 1211 1638 βίᾳ
1236 1566 1651 1638 μαστιζόμενος,
1676 1568 1773 1627 ω...

196 1650 295 1715 λας
325 1653 502 1724 ἑαυτῷ
538 1656 937 1729 προσεπιφέρει
980 1655 1214 1728 πληγὰς,
1263 1657 1520 1729 ἀνεθῆναι
1563 1658 1769 1713 τούτων

1860 467 2042 535 geant,
2098 473 2332 531 quanam
2378 457 2447 514 de
2501 469 2667 512 causa
2725 451 3020 526 supplices,
3057 458 3287 509 exorant
3327 449 3420 506 siti

1860 553 2037 627 pressi
2092 567 2187 623 per
2258 549 2569 606 universam
2620 545 2915 618 Egyptth
2976 542 3422 615 sanguinolentas

1861 659 2035 716 aquas
2060 640 2385 714 expurgari?
2413 638 2512 695 Vel
2558 652 2775 694 rursum
2832 635 3060 691 infinitis
3101 649 3169 693 ex
3217 632 3422 703 impro--

1858 740 1978 795 viso
2014 734 2168 792 ranis
2208 730 2539 805 conspectis,
2577 726 2794 800 utquid,
2824 742 2951 784 cum
2983 727 3204 783 illarum
3239 723 3425 809 multis

1862 829 2050 886 tudine
2076 827 2513 889 molestarentur,
2559 821 2696 878 alias
2741 816 3248 892 effingebant;.nisi
3276 815 3423 887 quod

1861 921 1929 977 de
1961 920 2070 977 illis
2099 934 2220 991 quae
2243 918 2299 974 in
2326 917 2522 973 umbra
2556 922 2610 971 et
2651 912 2850 985 spectri
2882 918 3092 966 tantum
3124 908 3300 965 forma
3327 923 3426 978 ap-

1860 1011 2124 1085 parebant
2147 1025 2258 1065 non
2280 1008 2571 1072 curabant,
2595 1021 2784 1062 verum
2823 1003 2894 1060 ab
2931 1001 3055 1059 aliis
3077 1016 3199 1072 qua:
3218 1016 3279 1057 re
3306 999 3424 1071 ipsa

1861 1116 2018 1163 erant
2052 1113 2107 1161 et
2139 1103 2484 1167 videbantur,
2512 1102 2710 1155 mirum
2742 1100 2797 1154 in
2827 1097 3046 1153 modum
3083 1093 3197 1152 ἰαιςί
3228 1093 3424 1164 perde-

1862 1196 2096 1253 bantur?
2122 1194 2292 1251 Nemo
2320 1194 2464 1249 enim
2504 1190 2838 1247 multitudini
2885 1188 3123 1245 hostium
3173 1184 3424 1241 multitu-

1864 1288 2046 1343 dinem
2089 1286 2250 1340 aliam
2296 1284 2638 1340 inimicorum
2695 1281 3035 1337 innumeram
3080 1276 3254 1341 addit,
3298 1290 3421 1329 cum

1863 1393 2034 1434 novos
2062 1378 2342 1433 ministros
2362 1391 2425 1432 ac
2447 1375 2706 1433 satellites
2740 1373 2818 1430 ad
2843 1372 2928 1429 sui
2959 1371 3180 1426 tutelam
3205 1367 3425 1424 deberet

1865 1473 2208 1539 conducere;
2264 1485 2441 1541 neque
2492 1468 2685 1525 febrim
2752 1480 2861 1538 qua
2911 1462 3131 1519 liberari
3174 1466 3295 1515 avet
3344 1456 3426 1514 fe-

1865 1564 1953 1619 bri
2007 1564 2244 1623 excitare
2302 1560 2537 1632 majori;
2575 1573 2751 1630 neque
2788 1556 2884 1628 qui
2913 1554 3087 1627 plagis
3130 1551 3428 1607 intoleran-

1866 1653 1954 1709 dis
1984 1654 2037 1708 vi
2066 1654 2292 1725 petitur,
2336 1653 2442 1706 alia
2473 1650 2693 1707 sibimet
2724 1647 2830 1720 ipsi
2872 1645 3087 1715 inﬂigit,
3118 1641 3246 1697 dum
3289 1655 3429 1712 puro

196 1743 380 1813 ἐφέσει
405 1745 622 1818 καθαρᾷ
640 1747 734 1801 καὶ
752 1747 1019 1820 πρεσόείᾳ
1043 1748 1136 1802 καὶ
1151 1749 1331 1821 δεήσει
1355 1749 1759 1823 προσλιπαρῶν·

1874 1745 2048 1800 cordis
2074 1743 2270 1800 affectu
2296 1751 2349 1801 et
2386 1743 2637 1814 precibus
2671 1747 2726 1797 et
2766 1738 3013 1797 oratione
3062 1743 3182 1792 orat
3208 1742 3268 1790 ut
3295 1734 3433 1790 libe-

193 1836 311 1888 ἀλλ’
335 1836 591 1891 οὑδὲτῶν
641 1837 777 1893 οἶκοι
806 1841 1224 1912 πιμπραμένων,
1257 1842 1379 1897 ἀντὶ
1410 1842 1504 1897 τοῦ
1545 1828 1771 1914 σϐεστή-

200 1943 290 1998 ρεα
313 1928 708 1999 καταψεκάζειν
728 1931 955 2003 ὄργανα,
980 1933 1286 1987 τούναντίον
1315 1932 1493 1988 ἔλαιον
1518 1933 1551 2006 ἢ
1577 1935 1768 1988 πίτταν

197 2020 467 2090 ἑπιχέων,
501 2023 582 2111 εἰς
628 2022 862 2094 ἄμετρον
897 2023 996 2094 μὲν
1041 2024 1173 2097 ὑψος
1212 2026 1415 2098 ἐγείρει
1443 2025 1542 2098 τὴν
1576 2025 1771 2097 φλόγα,

197 2111 505 2184 φλεγομένη
539 2114 595 2168 δὲ
624 2115 807 2186 μεῖζον
845 2116 906 2170 τὸ
931 2116 1101 2181 πάθος
1137 2117 1311 2184 αὔξει,
1342 2122 1437 2175 καὶ
1473 2119 1585 2188 πῦρ
1620 2119 1771 2193 ἄρδει

195 2202 340 2257 κατὰ
369 2204 543 2275 πυρὸς
563 2205 955 2278 ἀπειροκάλως.
985 2208 1170 2273 Οὑτως
1190 2208 1317 2282 ἄρα,
1342 2211 1408 2264 δι’
1438 2206 1514 2266 ὧν
1538 2211 1773 2280 ἐφιλοτι-

207 2293 406 2365 μοῦντο
436 2296 691 2367 πράττειν
723 2300 772 2351 ot
804 2301 1117 2371 φαρμακοὶ,
1140 2300 1227 2355 διὰ
1275 2302 1479 2357 τούτων
1524 2305 1770 2374 ἐναργεῖς

201 2385 457 2458 ἐξέφερον
488 2388 755 2460 ἐλέγχους,
784 2391 861 2455 ὡς
887 2394 1198 2466 οἶησικοπίᾳ
1222 2393 1577 2465 φαντασιώδει
1597 2395 1773 2466 ψυχα-

198 2482 402 2548 γωγεῖν
434 2479 599 2551 ᾤοντο
623 2482 733 2536 δεῖν
759 2484 1168 2548 έαυτούς.Ἐστι
1194 2487 1324 2555 γοῦν
1342 2487 1564 2542 αὐτόθεν
1593 2488 1653 2541 οὑ
1682 2503 1775 2558 χα-

199 2564 381 2631 λεπιῖις
413 2568 559 2634 ἰδεῖν,
593 2570 677 2623 ὅτι
717 2570 813 2625 καὶ
836 2573 954 2627 νυνλ⁹
979 2572 1157 2647 πολλῷ
1185 2576 1405 2631 πλείονα
1432 2577 1526 2632 καὶ
1552 2576 1774 2649 μείζονα

197 2656 404 2713 τούτων
434 2662 493 2713 ὲν
523 2661 636 2725 τοίς
664 2661 912 2735 θεάτροις
936 2667 989 2718 οι
1012 2664 1387 2738 ψηφοπαῖκται
1421 2668 1618 2740 δρῶσιν
1660 2671 1777 2723 εἰω-

203 2748 371 2815 θότως
391 2768 406 2782 ’
435 2751 552 2806 ἀλλ’
583 2754 734 2825 ὅμως
779 2756 1107 2828 αὐτοσχεδίῳ
1143 2759 1372 2832 δυνάμει
1402 2761 1603 2815 τούτων
1629 2761 1776 2816 ἄντι-

203 2858 339 2914 κρυς
367 2844 734 2917 ἁλισκομένων
758 2847 959 2901 ἑάλωψ
988 2849 1139 2902 οὐδὲν
1157 2845 1318 2922 ἧττον
1345 2853 1379 2921 ή
1404 2851 1781 2924 διηγηματικὴΔ

204 2935 511 3007 προγράφει
553 2940 737 3009 φωνή·
784 2938 894 2993 Καὶ
935 2940 1234 3009 ἐποίησαν
1266 2945 1319 2997 οἱ
1359 2942 1625 2997 ἐπαοιδοὶ
1659 2941 1778 2996 τῶν

201 3027 538 3095 Αἰγυπτίων
584 3029 713 3096 ταῖς
770 3034 1157 3102 φαρμακείαις
1213 3033 1413 3091 αὐτῶν
1470 3036 1770 3102 ὡσαύτως.

1868 1846 2039 1892 retur.
2077 1835 2169 1892 Sic
2193 1836 2355 1892 etiam
2389 1835 2474 1891 his
2493 1834 2586 1905 qui
2615 1833 2773 1889 domi
2804 1836 3130 1897 exuruntur,
3173 1842 3273 1900 pro
3316 1842 3434 1881 ma-

1869 1929 2048 1985 chinis
2081 1928 2149 1983 ad
2177 1928 2354 1999 ignem
2377 1923 2835 1998 exstinguendum
2871 1920 3215 1994 adaptandis,
3252 1918 3436 1976 oleum

1868 2028 1924 2076 et
1942 2019 2120 2092 picem
2156 2019 2204 2073 si
2227 2018 2351 2089 quis
2383 2014 2819 2088 superinfundet,
2844 2012 2903 2068 in
2926 2013 3251 2069 immensum
3279 2008 3436 2065 ﬂam-

1869 2126 1989 2168 mas
2030 2110 2310 2177 excitabit,
2341 2124 2462 2180 qua:
2515 2108 2609 2164 ubi
2649 2106 2949 2170 invaluere,
3004 2105 3206 2160 malum
3253 2102 3434 2172 majus

1871 2201 2136 2267 exoritur,
2162 2202 2410 2273 ignisque
2441 2201 2623 2272 inepte
2661 2206 2852 2254 contra
2880 2198 3061 2268 ignem
3093 2194 3438 2252 accenditur.

1875 2292 1967 2347 Sic
1999 2292 2162 2364 igitur
2199 2292 2341 2363 magi
2378 2306 2474 2362 per
2521 2306 2586 2346 ea
2628 2305 2747 2361 qua:
2799 2287 3088 2343 ambitiose
3129 2285 3437 2350 tentabant,

1873 2384 2159 2441 manifeste
2191 2383 2760 2455 deprehendebantur,
2814 2387 3025 2435 tantum
3082 2377 3253 2434 animi
3295 2392 3433 2433 conv

1873 2487 2031 2548 ceptu
2063 2487 2224 2547 atque
2250 2475 2524 2546 opinione.
2556 2484 2617 2529 ut
2659 2473 2765 2531 sibi
2797 2473 3142 2537 videbantur,
3193 2467 3436 2523 animum

1873 2570 2198 2626 obiectasse.
2231 2566 2470 2639 indeque
2495 2566 2565 2623 ad
2588 2566 2704 2622 haec
2738 2573 2981 2636 tempora
3012 2559 3182 2635 (quod
3217 2574 3329 2615 non
3351 2567 3436 2615 est

1874 2660 2094 2717 difficile
2122 2658 2385 2733 cogitatu)
2423 2659 2532 2715 illis
2561 2659 2730 2714 multo
2772 2656 2981 2729 majora
3031 2653 3334 2725 maiorique
3377 2651 3436 2707 in

1874 2751 2032 2824 copia
2064 2751 2120 2805 in
2166 2749 2394 2805 theatris
2440 2747 2728 2804 saccularii
2776 2747 2847 2803 de
2891 2760 3044 2802 more
3089 2743 3303 2800 ludunt.
3332 2741 3440 2808 Qui

1877 2852 2058 2901 tamen
2086 2841 2348 2898 facultate
2388 2856 2420 2898 e
2449 2856 2510 2896 re
2546 2848 2674 2895 nata
2699 2841 2822 2895 vani
2873 2838 3125 2910 irritique
3157 2837 3318 2909 plane
3342 2835 3439 2892 de-

1876 2933 2132 3007 prehensi
2161 2933 2511 2999 ceciderunt;
2539 2937 2597 2987 et
2612 2929 2967 2987 nihilominus
2993 2926 3277 3000 Scriptura
3310 2942 3440 2982 nar-

1876 3006 1962 3084 rat
1994 3048 2008 3084 :
2035 3026 2103 3081 Et
2153 3028 2388 3096 fecerunt
2437 3021 2810 3094 Egyptiorum
2849 3022 3207 3077 incantatores
3235 3036 3328 3090 per
3358 3021 3443 3075 in-
3502 3006 3503 3009 “

206 3117 353 3170 Ἔδει
382 3119 581 3184 τοίνυν,
607 3121 683 3184 ὡς
720 3122 748 3173 ὁ
771 3122 1131 3196 δογματιστὴς
1158 3126 1544 3197 ἐνομοθέτησεν
1574 3126 1773 3199 Ὤριγέ-

1876 3116 2202 3174 conlationes
2227 3132 2409 3171 eorum
2452 3115 2719 3171 similiter.
2745 3113 3041 3170 Dicendum
3089 3115 3273 3186 itaque
3301 3120 3440 3178 erat,

203 3226 322 3280 νης,
352 3213 526 3265 εἰπεῖν
546 3229 559 3242 ·
612 3214 934 3282 Ἐποίησαν
959 3216 1027 3270 δὲ
1057 3217 1130 3272 τὰ
1151 3219 1546 3288 παραπλήσια
1578 3220 1661 3286 τῷ
1685 3221 1777 3275 δο-

201 3300 334 3356 κεῖν
358 3306 412 3357 οἱ
438 3304 703 3361 ἑπαοιδοὶ
734 3306 853 3361 τῶν
890 3311 1225 3380 Αἰγυπτίων
1250 3328 1265 3343 ο
1300 3312 1436 3366 ἀλλά
1467 3314 1541 3384 μὴ
1574 3312 1773 3383 λέγειν,

201 3392 504 3461 ὡσαύτως,
531 3396 619 3450 ἴνα
666 3399 740 3470 μή
786 3417 931 3466 τινες
964 3402 1279 3456 ὑπολάϐοιεν
1308 3403 1376 3459 ἂν
1401 3404 1476 3470 ὡς
1500 3405 1558 3472 ἐξ
1585 3406 1779 3476 ὁμοίας

203 3483 441 3554 ὁρμᾶται
480 3484 791 3558 δυνάμεως·
822 3491 871 3543 εί
900 3489 1009 3562 γὰρ
1045 3492 1206 3562 ὃμοια
1243 3496 1354 3557 τοῖς
1383 3494 1529 3564 ἀμφὶ
1574 3494 1777 3549 Μωσέα

204 3575 464 3646 πράττειν
483 3571 662 3631 οἷοίτε
687 3574 847 3651 ἦσαν,
872 3581 1067 3637 οὐκοῦν
1090 3583 1349 3650 ὡσαύτως
1372 3584 1631 3656 ἠδύναντο
1651 3586 1780 3651 τοὺς

204 3665 479 3729 ἐναντίους
517 3667 826 3738 ἀμύνασθαι
864 3675 976 3737 τοῖς
1016 3672 1168 3737 ἴσοις,
1201 3672 1344 3728 ὥστε
1387 3674 1515 3738 τοὺς
1561 3674 1779 3744 ἀγῶνας

203 3757 542 3829 ἑκατέρωθεν
567 3760 829 3832 ὑπάρχειν
861 3763 1184 3829 ἀντιπάλους
1202 3782 1217 3796 ο
1254 3768 1302 3820 εἰ
1330 3766 1375 3820 δ’
1394 3766 1584 3821 οὑδένοι
1612 3769 1679 3822 δι’
1701 3763 1777 3823 ὧν

204 3851 569 3923 ὲσχημάτιζον
601 3852 884 3921 ἔϐλαπτον,
908 3857 1280 3930 ἀποκέχρηται
1315 3859 1411 3931 μὲν
1441 3859 1549 3932 ἄρα
1576 3860 1654 3932 τῷ
1684 3862 1781 3933 pq-

208 3959 359 4014 ματι,
390 3944 632 4016 πρόδηλα
658 3945 805 4006 δὲτά
841 3948 941 4019 τῆς
964 3947 1171 4020 ἀψύχου
1203 3951 1498 4019 φαντασίας
1531 3950 1781 4006 ἐκτυπώ-

208 4051 378 4105 ματα.
412 4030 515 4091 Οἷα
536 4036 600 4109 δὴ
619 4038 894 4094 κάνταῦθα
919 4040 978 4094 τὸ
1002 4041 1113 4095 τῶν
1142 4041 1435 4098 ὲπαοιδῶν
1453 4044 1621 4116 ὄνομα
1644 4061 1780 4116 προ-

206 4124 375 4192 τάξας
410 4128 439 4180 ὁ
472 4130 839 4201 συγγραφεὺς,
874 4134 968 4185 καὶ
999 4131 1068 4186 τὰ
1090 4134 1191 4204 τῆς
1218 4134 1562 4207 φαρμακείας
1590 4139 1781 4207 ἐπιτη-

204 4216 472 4287 δεύματα,
511 4218 761 4286 διέδειξεν
801 4221 876 4287 ὡς
921 4223 979 4276 οὑ
1013 4224 1189 4297 χρεὼν
1220 4226 1285 4281 ἂν
1311 4229 1397 4299 εἴη
1427 4228 1489 4282 τὸ
1523 4228 1783 4300 παράπαν

206 4310 591 4398 ἀμφισϐητεῖν,
618 4315 699 4367 ὅτι
744 4317 857 4378 τοῖς
905 4316 1099 4387 μάγοις
1125 4319 1330 4373 ἕκαστα
1363 4322 1679 4394 περιεργείᾳ
1700 4322 1782 4377 δι-

207 4401 508 4474 επράττετο
544 4401 614 4456 τὰ
641 4403 838 4476 γοὼδηο
865 4405 1088 4459 τοιαῦτα
1128 4407 1222 4461 καὶ
1249 4408 1317 4463 τά
1346 4410 1503 4482 τῆσδε
1523 4411 1620 4482 τῆς
1647 4414 1782 4465 ἱστο-

211 4493 333 4563 ρίας
357 4492 732 4564 ἀπογράφεται
772 4491 1021 4565 δράματα
1040 4511 1053 4524 ·
1080 4495 1247 4568 αὐτὴν
1271 4499 1379 4571 γὰρ
1407 4501 1776 4573 ἐγγαστρίμυ-

206 4586 300 4641 θον
327 4587 620 4658 ὀνομάσας,
648 4587 765 4643 εἶτα
790 4593 882 4645 καὶ
906 4593 1170 4664 μαντικῆς
1191 4593 1475 4665 εὑρήματα
1494 4593 1778 4666 διελέγχων

206 4678 404 4750 ἀσεϐῆ,
427 4680 873 4753 δαιμονιζομένου
907 4701 969 4737 τε
993 4684 1055 4738 τὸ
1085 4684 1374 4756 πρόσωπον
1398 4685 1682 4752 ἀποδείξας
1710 4683 1783 4741 εἴ·

205 4784 309 4822 ναιι
335 4768 399 4821 τὸ
445 4772 860 4843 μαντευόμενον,
895 4773 1199 4837 αὐτοτελῶς
1231 4773 1506 4845 ἐξέφηνεν,
1540 4775 1621 4828 ὅτι
1647 4794 1780 4846 φαν-

206 4863 583 4927 τασιοκοπίαις
621 4863 829 4918 ἕκαστα
877 4864 1255 4937 διαπράττοιτο
1298 4866 1587 4939 κιϐδήλοις.
1622 4868 1778 4924 Ἀλλά

201 4953 383 5007 ταῦτα
417 4954 515 5025 μὲν
541 4957 672 5027 ἡμῖν
699 4955 839 5011 οὕτω
860 4958 1100 5029 νοητὲον.

280 5045 353 5102 Χ.
377 5047 575 5118 Ἴωμεν
600 5048 658 5102 δὲ
690 5049 850 5104 πάλιν
878 5049 1234 5115 ὲξελίττοντες
1266 5050 1358 5104 ἐπὶ
1388 5051 1456 5104 τά
1479 5049 1587 5102 τῶν
1605 5049 1778 5118 λόγων

206 5139 353 5210 ῐχνη.
389 5138 453 5192 Τί
484 5138 577 5195 οὖν
595 5182 612 5207 ,
640 5142 715 5206 ὡς
748 5142 910 5212 ἡρετο
939 5141 1039 5213 τὴν
1067 5141 1498 5215 ἐγγαστρίμυθον
1530 5144 1559 5195 ὁ
1585 5141 1778 5209 Σαοὺλ,

213 5232 279 5285 Τι’
304 5229 598 5300 ἐώρακαςς
633 5232 830 5300 είπὼν;
869 5235 956 5288 Ἐν
984 5232 1280 5304 πρῶτοιςή
1323 5231 1617 5304 παραπλὴξ
1654 5232 1781 5287 ἀνθ--

1876 3219 1936 3265 ιιι
1969 3211 2282 3281 dogmatum
2315 3208 2457 3262 lator
2502 3205 2766 3278 Origenes
2819 3208 2978 3278 quasi
3017 3208 3135 3279 lege
3189 3204 3443 3271 sancivit,

1878 3301 2139 3358 Fecerunt
2201 3308 2379 3355 autem
2423 3297 2625 3352 similia
2687 3297 3016 3368 apparitione
3085 3296 3444 3352 incantatorei

1876 3394 2276 3465 Aigyptiorum,
2312 3398 2368 3446 et
2393 3403 2507 3444 non
2557 3389 2835 3454 similiter;
2865 3403 2934 3444 ne
2962 3371 3085 3458 quis
3134 3386 3447 3457 suspicare-

1877 3493 1967 3539 tur
1994 3499 2058 3539 ex
2086 3482 2274 3539 eadem
2330 3485 2601 3552 potestate
2648 3477 2897 3550 produci.
2946 3475 3093 3559 .Nam
3146 3475 3191 3532 si
3247 3477 3447 3533 similia

1875 3573 2132 3631 Mosaicis
2170 3574 2282 3630 illis
2330 3571 2656 3630 conﬁciendi
2704 3569 2935 3625 facultas
2981 3566 3195 3635 fuisset,
3252 3567 3459 3625 fuisset,

1877 3668 2067 3738 utique
2116 3665 2305 3723 eadem
2357 3666 2572 3720 ratione
2622 3662 2811 3718 hostes
2866 3646 3215 3724 ulciscendi,
3257 3657 3332 3712 ita
3387 3668 3449 3713 ut

1879 3759 2136 3829 utrinque
2159 3771 2315 3827 aequo
2355 3754 2526 3810 Marte
2552 3751 2874 3810 certandum
2902 3749 3062 3810 foret.
3089 3747 3303 3804 Si'ver-o
3335 3749 3459 3804 nul-

1887 3846 1972 3906 lus
1995 3864 2091 3920 per
2123 3863 2244 3919 quae
2264 3845 2625 3903 eﬂ‘ormahant
2650 3830 2969 3910 laedebatur,
3019 3839 3265 3895 abutitur
3308 3855 3456 3912 ergo.

1879 3956 2152 4005 sermone,
2192 3938 2604 4009 manifestaque
2636 3935 2773 3991 fiunt
2822 3934 3134 3992 inanimatae
3185 3932 3452 4005 imagina-

1878 4034 2048 4089 tionis
2094 4032 2327 4104 species.
2384 4028 2851 4099 Quemadmodum
2900 4034 2955 4084 et
3009 4027 3101 4082 hic
3147 4024 3451 4082 incantato-

1881 4141 2000 4178 rum
2030 4124 2253 4180 nomine
2274 4130 2329 4179 et
2364 4123 2555 4196 magiae
2575 4120 2773 4178 studiis
2796 4135 2860 4175 ae
2891 4119 3104 4175 artibus
3140 4117 3453 4190 praepositis

1881 4216 2296 4281 demonstravit,
2330 4217 2553 4270 omnino
2594 4211 2955 4269 dubitandum
2977 4226 3089 4267 non
3117 4225 3241 4266 esse
3267 4208 3454 4266 omnia

1881 4307 1974 4362 illa
1999 4324 2030 4362 a
2055 4307 2231 4380 magis
2254 4307 2636 4385 superstitiosa
2668 4306 2985 4363 curiositate
3016 4303 3258 4378 perfecta
3282 4300 3467 4360 fuisse.

1884 4397 2107 4464 similia,
2147 4406 2202 4456 et
2244 4398 2474 4469 hujusce
2499 4396 2744 4453 historiae
2768 4405 2922 4469 gesta
2963 4401 3452 4467 reprzesentantur.

1882 4489 2018 4546 Nam
2073 4490 2504 4563 engastrimytho
2552 4489 2799 4557 inducta,
2839 4489 3096 4558 deinceps
3133 4484 3323 4557 magiae
3365 4499 3457 4539 ar-

1883 4583 2033 4639 tibus
2065 4584 2249 4654 impiis
2286 4582 2734 4654 deprehensis,et
2764 4595 3000 4652 persona
3033 4593 3155 4651 quae
3196 4576 3467 4633 vaticinia.

1883 4677 2101 4748 petebat
2131 4676 2466 4731 daemoniaca
2511 4674 2921 4740 demonstrata;
2956 4672 3195 4744 perfecte
3225 4670 3456 4735 demon-

1884 4770 2079 4828 stravit
2146 4768 2634 4840 imaginationibus
2691 4767 2869 4837 iisque
2935 4765 3213 4822 ementitis
3271 4763 3462 4820 omnia

1883 4863 2055 4920 fuisse
2112 4871 2359 4934 peracta.
2426 4859 2533 4917 Sed
2593 4859 2707 4914 haec
2766 4858 2840 4913 ita
2887 4857 3048 4913 nobis
3088 4850 3456 4927 intelligenda

1883 4964 2032 5014 sunt.

1963 5047 2031 5103 X.
2058 5045 2232 5103 Porro
2274 5046 2473 5101 iterum
2506 5042 2550 5100 si
2579 5058 2700 5114 quae
2746 5049 2876 5097 sunt
2902 5039 3192 5097 verborum
3231 5036 3455 5104 indicia,

1883 5139 2314 5195 consideremus.
2384 5134 2526 5203 Quid
2587 5134 2791 5205 igitur?
2843 5140 2904 5188 ut
2965 5128 3455 5205 engastrimythum

1885 5228 2013 5285 Saul
2036 5228 2388 5300 interrogavit
2412 5247 2425 5282 :
2451 5224 2592 5294 Quid
2618 5223 2791 5281 vidisti
2810 5226 2844 5281 3
2860 5222 3112 5294 inquiens
3137 5221 3204 5288 ³³,
3219 5221 3456 5291 primum

208 5322 564 5391 υπενέγκασα
592 5323 691 5396 βοᾷ
709 5343 722 5354 ·
750 5325 861 5378 Καὶ
905 5327 1079 5392 θεοὺς
1101 5323 1328 5393 ἑώρακα
1350 5323 1773 5389 ἀναϐαίνοντας

1881 5322 2106 5377 demens
2154 5322 2247 5375 illa
2297 5320 2493 5376 mulier
2550 5314 2890 5389 respondens
2941 5315 3183 5368 clamat:
3233 5310 3302 5366 Et
3331 5308 3454 5367 deos

204 5415 278 5468 ἐκ
326 5412 439 5483 τῆς
481 5413 627 5485 γῆς*
681 5416 866 5489 ἐπειδὴ
924 5416 1032 5489 γάρ
1090 5416 1339 5485 ἐϐούλετο
1392 5415 1773 5488 ἐκτραχηλίσαε

1884 5413 1991 5469 uidi
2016 5411 2350 5467 ascendentes
2381 5428 2409 5465 ε
2443 5420 2607 5466 terra.
2642 5406 2778 5465 Cum
2820 5405 2966 5465 enim
3002 5404 3182 5461 modis
3203 5401 3457 5459 omnibus

212 5506 485 5569 παντοίως
520 5505 610 5562 τὸν
652 5507 819 5578 ἄνδρα
860 5509 1213 5580 συναρπάσας
1258 5510 1286 5563 ό
1328 5505 1589 5573 διάϐολος,
1634 5509 1773 5561 ἐπει-

1884 5506 2060 5561 virum
2081 5503 2413 5577 praecipitem
2437 5516 2595 5575 agere
2621 5500 2678 5558 in
2705 5500 2887 5557 animo
2928 5498 3156 5556 haberet
3183 5493 3456 5557 diabolus.

204 5656 219 5671 ⁸
286 5689 329 5719 ³³
367 5683 400 5741 Ι
460 5683 582 5760 Reg.
616 5702 810 5755 xxvm,
868 5688 954 5743 15.
