3850 6160
398 242 496 299 651

1397 239 1455 301 S.
1498 240 1868 301 EUSTATHII
1906 240 2217 305 EPISCOPI
2254 240 2686 318 ANTIOCHENII

3525 240 3639 297 632

395 357 679 433 arripiens
719 357 895 434 palam
927 363 1229 420 conabatur
1269 365 1580 435 ostendere,
1635 369 1944 424 daemonium

2072 372 2203 444 ρᾶτο
2226 370 2497 426 δεικνύναι
2528 367 2736 439 σαφῶς,
2769 366 2851 421 δτι
2878 364 2941 418 16
2973 363 3245 434 δαιμόνιον
3276 362 3365 416 ἐπ’
3392 359 3641 431 ἐξουσίας

393 453 665 510 arbitratu
693 469 795 511 suo
819 470 885 512 ac
916 463 1182 527 potestate
1214 472 1378 528 posse
1415 474 1526 514 non
1558 467 1768 515 tantum
1796 476 1962 517 unam

392 545 631 600 animam
649 546 782 617 justi
817 563 1068 618 evocare,
1095 550 1191 607 sed
1219 565 1410 608 omnes
1459 552 1622 609 simul
1649 561 1962 610 sanctorum

392 636 673 708 virorum;
696 638 882 712 ibique
909 640 1219 700 daemonum
1263 643 1449 701 hostili
1482 646 1726 701 exercitu
1756 646 1963 702 instru-

389 738 501 797 cto,
532 731 757 804 ictuque
781 735 927 790 oculi
957 737 1209 794 omnibus
1237 739 1292 794 in
1317 754 1484 794 unum
1524 740 1761 805 collatis,
1793 748 1962 798 caete-

391 822 467 878 ris
487 838 584 893 per
610 825 667 881 id
689 828 993 885 conabatur
1037 831 1387 901 persuadere,
1425 840 1596 888 semet
1621 833 1716 903 qui
1743 841 1799 888 et
1824 833 1961 889 alios

388 920 767 983 congregant,
820 913 991 971 Deum
1042 930 1184 974 esse.
1228 917 1363 974 Eum
1399 935 1529 977 vero
1581 922 1804 993 propria
1833 938 1964 993 qua-

386 1001 513 1055 dam
547 1003 846 1062 stoliditate
877 1023 1001 1065 sese
1029 1007 1199 1065 Deum
1230 1009 1411 1068 facere
1434 1026 1754 1078 consuesse,
1790 1012 1960 1070 Isaias

386 1092 612 1151 adversa
662 1096 803 1154 facie
842 1116 967 1155 eum
1015 1103 1439 1172 reprehendens.
1496 1106 1827 1176 propheticis
1869 1123 1960 1162 sa-

385 1187 608 1258 crisque
637 1191 870 1249 vocibus
899 1195 1163 1265 praedicat
1195 1217 1209 1252 :
1243 1197 1321 1251 Tu
1361 1214 1481 1254 vero
1501 1198 1690 1255 dixisti
1711 1202 1764 1254 in
1804 1200 1960 1255 corde

385 1288 473 1334 tuo
496 1293 516 1331 :
542 1278 609 1335 In
638 1282 824 1338 mlum
852 1295 1155 1357 ascendam,
1203 1304 1360 1360 super
1376 1302 1523 1346 astra
1546 1309 1740 1363 ponam
1766 1294 1958 1347 solium

381 1386 554 1426 meum
579 1389 598 1427 :
628 1374 820 1430 sedebo
850 1377 909 1431 in
930 1390 1105 1434 monte
1129 1381 1334 1436 excelso
1359 1399 1517 1452 super
1557 1394 1758 1439 montes
1785 1387 1957 1441 excel-

381 1480 470 1520 sos
494 1468 585 1537 qui
607 1470 891 1537 respiciant
916 1472 1224 1543 Aquilonem
1259 1489 1276 1527 :
1300 1474 1581 1529 ascendam
1600 1492 1761 1545 super.
1773 1476 1953 1543 nubes,

377 1564 429 1609 et
465 1573 556 1611 ero
581 1558 774 1614 similis
816 1560 1097 1617 Altissimo
1144 1562 1209 1617 ἰ.
1264 1561 1362 1620 llis
1392 1580 1500 1620 non
1546 1566 1834 1623 dissimilia
1860 1584 1957 1640 per

379 1642 716 1704 Ezechielem
746 1651 1068 1721 prophetam
1118 1655 1239 1724 ipse
1280 1653 1544 1712 Dominus
1575 1665 1762 1729 aperte
1797 1661 1956 1716 testi-

379 1740 625 1795 monium
666 1743 888 1800 exhibet
937 1763 952 1801 :

377 1838 549 1898 tuum,
593 1843 645 1888 et
683 1836 910 1892 dixisti:
949 1837 1092 1895 Deus
1113 1857 1232 1895 sum
1270 1857 1385 1912 ego,
1416 1842 1667 1899 habitabo
1693 1848 1746 1899 in
1797 1846 1953 1903 corde

377 1926 581 1991 maris;
601 1936 657 1981 tu
689 1945 809 1984 vero
834 1929 986 1986 homo
1006 1949 1083 1999 es,
1104 1942 1155 1988 et
1184 1951 1288 1990 non
1324 1934 1466 1990 Deus
1498 1937 1567 1992 ’⁵.
1597 1938 1746 2004 Quas
1769 1948 1950 1996 autem

375 2026 599 2089 propter
622 2019 676 2076 id
708 2037 901 2093 pmnas
935 2023 1013 2079 illi
1047 2025 1306 2095 minetur,
1336 2043 1403 2083 ex
1432 2028 1519 2085 his
1540 2045 1662 2099 qua:
1694 2029 1834 2085 infra
1867 2032 1953 2087 di-

374 2119 578 2168 cuntur
596 2111 757 2170 facile
782 2117 889 2170 erit
937 2117 1145 2174 videre.
1198 2119 1269 2173 At
1320 2120 1508 2176 divino
1546 2137 1677 2178 sane
1728 2126 1952 2180 oraculo

372 2202 722 2260 manifestum
742 2214 848 2272 est,
878 2222 1003 2263 eum
1033 2210 1276 2280 quotidie
1299 2214 1532 2283 superbe
1555 2213 1821 2284 jactando
1873 2217 1952 2273 si-

370 2292 593 2352 milibus
641 2298 874 2368 spectris
901 2299 1082 2356 inniti.
1140 2300 1328 2373 Itaque
1357 2303 1403 2359 si
1432 2302 1645 2360 daemon
1675 2306 1768 2377 qui
1818 2308 1951 2365 deo-

373 2400 494 2441 rum
528 2389 748 2446 nomine
776 2389 1146 2462 insigniuntur
1173 2402 1360 2465 posset
1415 2395 1672 2467 educere,
1707 2416 1814 2457 nou
1848 2416 1947 2458 ne-

368 2492 526 2534 cesse
553 2487 640 2536 est
661 2480 888 2539 credere
933 2486 1185 2541 evocatis
1215 2498 1534 2544 evocantem
1559 2491 1739 2561 ipsum
1770 2495 1949 2563 potio—

369 2584 484 2626 rem
513 2586 658 2629 esse.
699 2572 767 2627 Et
798 2575 846 2629 si
877 2576 1083 2633 sanctis
1119 2577 1165 2632 is
1196 2587 1413 2648 pratest,
1459 2583 1815 2638 asserendum
1863 2597 1947 2641 est

368 2660 534 2717 etiam
559 2663 956 2723 daemoniorum
1011 2670 1312 2740 principem
1342 2671 1421 2726 illi
1458 2688 1713 2742 praeesse.
1742 2676 1873 2743 Quae
1899 2680 1947 2733 si

367 2752 495 2823 quis
545 2759 901 2825 concesserit,
945 2764 1281 2830 argumentis
1327 2766 1528 2835 quibus
1596 2768 1818 2823 minimc
1862 2786 1948 2824 re-

368 2842 624 2913 sponderi
634 2856 834 2917 potest,
859 2850 1255 2908 demonstravit
1268 2857 1436 2913 Deum
1453 2858 1678 2912 deorum
1694 2875 1836 2926 esse,
1851 2862 1944 2932 qui

366 2936 654 2995 ministros
705 2955 838 2997 suos
883 2958 947 2998 ea
976 2944 1145 2999 donat
1186 2954 1480 3017 potestate.
1514 2958 1577 3005 ut
1606 2952 1835 3022 spiritus
1889 2963 1943 3010 et

2064 458 2208 533 εἶχεν
2247 461 2368 533 οὐχὶ
2403 461 2534 533 μίαν
2576 458 2737 530 μόνον
2779 454 2973 521 ἀνάξαι
3019 454 3229 508 δικαίου
3271 452 3471 525 ψυχὴν,
3503 452 3643 506 ἀλλά

2063 553 2159 607 καὶ
2188 553 2368 617 πάσας
2399 551 2535 624 ὁμοῦ
2570 549 2668 613 τὰς
2700 548 2810 603 τῶν
2842 548 3013 616 ἁγίων
3047 546 3275 618 ἀνδρῶν⁶
3294 548 3326 599 6
3350 545 3407 599 δὲ
3438 545 3504 598 ὲκ
3528 544 3641 597 τῶν

2062 645 2317 702 ἐναντίων
2332 645 2432 716 τὴν
2443 642 2553 697 τῶν
2566 640 2831 713 δαιμόνων
2846 638 3079 694 ἐνταῦθα
3102 637 3356 710 στρατιὰν
3374 636 3603 700 ὁπλίσας
3622 676 3639 700 ,

2062 739 2156 792 καὶ
2198 736 2414 792 σύνοδον
2445 738 2506 791 ἂν
2522 736 2623 807 μιᾷ
2668 733 2842 806 ῥοπῆς
2882 730 3003 804 ὥρᾳ
3037 730 3442 803 συστησάμενος
3468 730 3645 800 ἐκόμ-

2062 829 2230 898 παζε,
2261 831 2456 894 πείσας
2479 829 2543 897 (l.
2578 825 2785 895 πεῖσαι)
2817 824 2911 880 καὶ
2939 825 3028 879 διά
3064 823 3218 878 τοῦδε
3243 823 3371 886 τοὺς
3393 821 3640 885 ἅπαντας

2061 923 2282 991 ἐθέλων,
2307 921 2385 986 ὡς
2407 920 2571 984 αὑτὸς
2596 919 2681 991 εῐη
2708 917 2841 981 Θεὸς
2876 918 2906 971 6
2936 916 3284 984 ωναγωγεὺς
3305 912 3417 967 τῶν
3438 911 3633 968 ἄλλων.

2063 1018 2185 1071 Ὅτι
2206 1015 2250 1069 δ’
2275 1010 2371 1069 οὖν
2397 1011 2573 1084 οἰκείᾳ
2596 1010 2875 1083 χρώμενος
2901 1007 3129 1079 ἀπονοίᾳ
3158 1006 3422 1060 θεοποιεῖν
3444 1003 3640 1058 εῐωθεν

2061 1108 2273 1176 ἑαυτὸν,
2297 1107 2327 1160 6
2359 1106 2458 1178 μὲν
2493 1104 2717 1167 Ἡσαϊας
2742 1099 3171 1171 ἀντιπροσώπως
3194 1097 3432 1168 ἐλέγχων
3450 1095 3637 1158 αὑτὸν,

2063 1200 2354 1274 ἱεροφωνίᾳ
2387 1196 2647 1270 κηρύττει
2683 1196 2992 1267 προφητικῇ
3013 1209 3033 1224 ι
3059 1188 3136 1247 Σὺ
3170 1191 3240 1245 δὲ
3268 1193 3439 1258 εἴπας
3467 1191 3539 1244 ἐν
3560 1189 3639 1259 τῇ

2061 1291 2277 1360 καρδίᾳ
2323 1307 2440 1344 σου
2464 1306 2478 1318 ·
2533 1290 2637 1354 Εἰς
2676 1286 2936 1355 οὐρανόν
2985 1282 3394 1352 ἀναϐήσομαι,
3435 1283 3640 1337 ἐπάνω

2058 1382 2177 1439 τῶν
2220 1380 2490 1449 ἀστέρων
2531 1379 2696 1446 θήσω
2740 1377 2849 1431 τὸν
2889 1376 3105 1443 θρόνον
3150 1390 3296 1444 μου’
3345 1371 3527 1428 καθιῶ
3564 1371 3641 1425 ἐν

2059 1477 2181 1545 ὄρει
2212 1473 2451 1545 ὑψηλῷ,
2489 1469 2587 1526 ἐπὶ
2624 1475 2694 1524 τὰ
2731 1468 2838 1537 ὄρη
2874 1468 2948 1522 τὰ
2982 1466 3191 1536 ὑψηλὰ
3216 1465 3288 1519 τὰ
3307 1464 3456 1534 πρὸς
3482 1466 3638 1533 Βορο

2049 1566 2199 1637 ρᾶνυ
2242 1565 2623 1633 ἀναϐήσομαι
2668 1560 2869 1615 ἐπάνω
2909 1558 3028 1614 τῶν
3067 1557 3372 1629 νεφελῶν·
3422 1557 3640 1626 ἔσομαι

2059 1659 2262 1730 ὅμοιος
2320 1657 2400 1723 τῷ
2449 1656 2737 1724 Ὑψίστῳ.
2786 1652 3069 1724 Μαρτυρεῖ
3113 1651 3171 1704 δὲ
3216 1651 3425 1713 τούτοις
3472 1649 3639 1719 ὃμοια

1006 1722 1296 1817 Propterea
1336 1750 1476 1820 quod
1501 1722 1700 1805 elatum
1731 1763 1811 1807 est
1862 1770 1944 1809 car

2056 1722 2150 1805 καὶ
2186 1722 2275 1804 διά
2316 1722 2410 1803 τοῦ
2444 1722 2721 1820 προφήτου
2773 1722 3138 1816 φθεγγόμενος
3184 1741 3441 1813 Ἰεζεκιὴλ
3472 1741 3638 1805 αὐτὸς

2054 1845 2082 1896 6
2123 1842 2328 1916 Κύριος
2376 1841 2634 1911 ἄντικρυς
2663 1855 2675 1868 ·
2745 1839 2898 1892 Ἀνθ’
2944 1829 3033 1891 ὧν
3082 1834 3293 1904 ὑψώθη
3343 1835 3381 1903 ἠ
3423 1833 3640 1900 καρδία

2053 1948 2171 1987 σου
2194 1973 2208 1995 ,
2261 1932 2359 1986 καὶ
2412 1926 2617 1995 εἶπας·
2685 1928 2828 1994 Θεός
2878 1928 2997 1998 ειμι
3038 1923 3186 1995 ἐγὼ,
3238 1921 3516 1978 κατοικιῶ
3566 1922 3642 1975 ἐν

2054 2026 2268 2097 καρδίᾳ
2316 2024 2666 2092 θαλάσσηςυ
2722 2021 2803 2075 σὺ
2854 2019 2922 2074 δὲ
2962 2015 3023 2073 εἷ
3061 2017 3392 2086 ἄνθρωπος,
3428 2014 3531 2069 καὶ
3560 2016 3641 2068 σὺ

2055 2124 2217 2187 Θεός.
2253 2120 2398 2174 ’Δντὶ
2422 2118 2610 2171 τούτου
2646 2115 2743 2187 μὲν
2773 2116 2901 2178 δσας
2933 2110 3083 2181 αὑτῷ
3105 2110 3372 2183 τιμωρίας
3399 2109 3641 2171 ἀπειλεῖ,

2054 2213 2184 2285 ῥᾷόν
2229 2212 2380 2265 ἑστιν
2413 2212 2478 2264 ὲκ
2505 2207 2616 2263 τῶν
2640 2205 3018 2277 ὑποκειμένων
3063 2199 3219 2256 ἰδεῖν·
3264 2203 3345 2255 ὅτι
3371 2202 3430 2256 δὲ
3458 2201 3643 2255 τοιού-

2050 2322 2164 2369 τοις
2230 2302 2571 2375 ἐπερείδεται
2630 2298 2880 2369 φάσμασι
2940 2294 3295 2368 κομπολογῶν
3351 2293 3640 2357 ἑκάστοτε,

2051 2398 2173 2469 θείᾳ
2209 2395 2506 2466 δεδήλωται
2543 2391 2879 2462 ψηφοφορίᾳ.
2922 2387 3226 2459 Τοιγαροῦν
3264 2385 3424 2458 εἴπερ
3464 2387 3496 2437 6
3521 2385 3645 2438 δαί-

2054 2504 2168 2559 μων
2195 2485 2308 2550 οἷός
2337 2502 2397 2539 τε
2426 2481 2494 2558 ἦν
2517 2484 2710 2549 ἁνάξαι
2737 2485 2860 2546 τοὺς
2891 2480 3115 2552 ὀνόματι
3150 2478 3307 2541 θεοὺς
3338 2477 3642 2548 ἀνακικλη-

2054 2580 2377 2652 σκομένους,
2425 2579 2526 2632 οὑκ
2567 2577 2780 2647 ἀνάγκη
2821 2577 2983 2637 νοεῖν,
3015 2575 3099 2627 ὃτι
3140 2571 3341 2643 μείζων
3376 2571 3499 2623 ἐστὶ
3525 2586 3641 2625 των

2051 2672 2405 2744 ἀναγομένων
2449 2673 2478 2725 6
2520 2671 2774 2740 ἀνάγων;
2825 2669 2888 2724 Εἰ
2937 2667 2996 2720 δὲ
3039 2664 3266 2739 προύχει
3312 2664 3425 2717 τῶν
3468 2663 3639 2717 ὁσίων

2050 2760 2205 2829 οὗτος
2222 2805 2237 2830 ,
2314 2763 2605 2818 ἀκόλουθον
2662 2759 3068 2832 ὑπολαμϐάνειν
3088 2800 3103 2825 ,
3162 2758 3244 2810 ὅτι
3293 2757 3389 2810 καὶ
3443 2755 3638 2809 τούτου

2051 2856 2211 2910 πάλιν
2241 2856 2402 2920 αὑτὸς
2448 2857 2478 2909 6
2506 2852 2868 2927 ἀρχιδαίμων.
2920 2852 2983 2904 Et
3011 2850 3069 2904 δὲ
3099 2849 3272 2903 ταῦτά
3303 2865 3387 2911 τις
3421 2847 3638 2901 ἀποδώ-

2054 2965 2198 3002 σειεν
2249 2948 2629 3020 ἀναπιρῤήτῳ
2680 2945 2927 3016 δυνάμει,
2986 2943 3299 3013 συνίστησιν
3348 2941 3426 3004 ὡς
3470 2941 3637 3003 αὑτός

367 3031 583 3087 animas
605 3031 883 3102 iustorum
935 3036 1219 3099 abinl‘eris
1264 3040 1476 3110 possint
1517 3034 1773 3101 educere.
1812 3046 1938 3104 llaec

2050 3043 2163 3095 sm
2203 3040 2335 3104 Θεὸς
2379 3038 2537 3103 θεῶν,
2578 3040 2744 3100 ὁτοίς
2785 3036 3085 3109 ὑπηρέταις
3131 3036 3243 3097 10‘s;
3278 3032 3475 3086 ἑαυτοῦ
3526 3049 3640 3085 τοι-

366 3137 551 3184 nemo,
572 3121 869 3181 dummodo
899 3141 1047 3183 same
1062 3130 1258 3187 mentis
1280 3133 1370 3199 sit,
1396 3133 1938 3205 allirmabitomnino,

367 3226 439 3267 ne
459 3222 653 3268 contra
702 3214 888 3271 divina
940 3220 1253 3275 testimonia
1306 3224 1580 3279 calculum
1638 3235 1816 3282 atrum
1845 3227 1942 3284 de-

368 3303 585 3363 mittere
616 3307 883 3366 rideatur.
915 3311 1051 3367 Cum
1106 3315 1251 3369 enim
1280 3331 1470 3372 amens
1502 3320 1811 3389 quaesisset,
1844 3322 1941 3377 ad-

365 3398 561 3455 dens“
581 3419 595 3455 :
614 3397 688 3455 Et
706 3400 1065 3458 dixitmulieri
1083 3420 1101 3458 :
1122 3405 1264 3474 Quid
1280 3408 1460 3464 vidisti
1477 3413 1503 3465 .’
1527 3413 1712 3467 statim
1744 3414 1942 3468 mulier

365 3489 435 3544 ad
494 3491 828 3566 interrogata
883 3500 1224 3568 respondens
1276 3503 1461 3558 dixit:
1531 3504 1651 3559 Vidi
1676 3505 1939 3562 hominem

363 3590 563 3637 rectum
621 3587 982 3644 ascendentem
1036 3608 1064 3645 e
1111 3601 1275 3657 terra,
1328 3595 1482 3650 ethic
1511 3597 1736 3653 amictus
1753 3608 1833 3654 est
1853 3599 1938 3653 di-

361 3671 649 3743 ploide;et
668 3691 794 3732 cum
815 3681 1086 3736 neminem
1110 3684 1337 3739 omnino
1366 3686 1614 3750 vidisset,
1648 3690 1740 3743 ubi
1775 3691 1938 3745 verba

363 3768 628 3835 percepit,
664 3770 943 3835 coenavit,
967 3779 1027 3825 ut
1058 3772 1177 3842 ipse
1205 3774 1310 3831 sibi
1339 3775 1761 3847 imaginabatur,
1786 3780 1935 3834 illum

362 3871 487 3912 esse
511 3856 842 3925 Samuelem,
874 3862 1074 3934 quippe
1101 3865 1197 3935 qui
1228 3866 1376 3921 intus
1407 3883 1436 3920 a
1465 3867 1711 3925 daemone
1762 3885 1938 3941 oppu-

361 3960 640 4021 gnaretur.
676 3950 876 4008 Verum
920 3962 981 4009 ut
1027 3957 1309 4027 signorum
1366 3962 1587 4016 nomine
1636 3960 1740 4017 fuit
1777 3966 1937 4019 abre-

361 4054 510 4114 ptus,
550 4051 684 4100 tunc
736 4043 878 4103 facie
906 4047 961 4101 in
1013 4056 1216 4103 terram
1254 4051 1519 4107 inclinata
1553 4054 1705 4108 illum
1739 4056 1937 4110 adora-

361 4138 457 4193 vit.
482 4134 668 4194 Primo
687 4138 906 4208 quidem
952 4141 1257 4197 rectissime
1288 4143 1340 4197 id
1368 4143 1478 4198 dici
1513 4152 1710 4215 potest.
1747 4145 1805 4200 Si
1838 4145 1938 4201 Sa-

360 4229 506 4284 muel
530 4229 622 4286 ille
677 4230 893 4296 fuisset,
930 4242 984 4288 et
1011 4249 1122 4288 non
1161 4234 1584 4293 trausl'ormatus
1631 4238 1782 4295 vafer
1818 4256 1936 4294 ser—

358 4334 517 4392 pens,
543 4321 773 4379 dixisset
806 4323 895 4394 pia
919 4323 1137 4394 quidem
1188 4338 1367 4382 mente
1398 4347 1411 4381 :
1449 4327 1733 4383 Dominum
1768 4329 1935 4385 Deum

2050 3134 2222 3204 αύτην
2249 3131 2539 3202 ἀπονέμων
2565 3128 2832 3194 ἐξουσίαν,
2857 3127 2998 3180 ὥστε
3022 3124 3309 3197 πνεύματα
3331 3126 3426 3178 καὶ
3453 3124 3635 3195 ψυχὰς

2048 3228 2108 3294 ἐξ
2143 3229 2269 3301 ᾅδου
2312 3227 2767 3301 μεταπέμπεσθαι
2816 3227 3063 3281 δικαίων.
3114 3224 3275 3278 Ἀλλά
3323 3223 3499 3278 ταῦτα
3532 3223 3635 3292 μὲν

2048 3321 2223 3385 οὐδείς
2263 3339 2350 3374 πω
2393 3321 2503 3375 τῶν
2550 3316 2611 3373 εὖ
2664 3319 3000 3390 φρονούντων
3028 3319 3256 3387 ὁριεῖται
3285 3315 3349 3369 16
3386 3315 3631 3391 σύνολον,

2050 3413 2140 3466 ἵνα
2180 3411 2253 3484 μὴ
2292 3415 2412 3476 ταῖς
2450 3412 2635 3482 ἁγίαις
2672 3411 2893 3464 ἐναντία
2930 3410 3212 3480 ψηφιεῖται
3272 3406 3630 3480 μαρτυρίαις.

2047 3503 2266 3573 Ἐπειδὴ
2285 3503 2343 3556 δὲ
2375 3503 2435 3556 16
2472 3501 2722 3573 δεύτερον
2756 3503 2786 3555 6
2815 3499 3107 3573 παραπλὴξ
3148 3501 3312 3572 ἤρετο
3352 3498 3597 3567 συνάψας
3616 3539 3628 3559 ,

2046 3595 2156 3649 Καὶ
2175 3591 2538 3669 εἷπε(5“⁶)τῂ’
2567 3593 2823 3665 γυναικὶ,
2877 3595 2939 3648 Τί
2962 3592 3186 3662 ﬁrmae;
3230 3590 3429 3646 αὐτίκα
3466 3589 3634 3644 πάλιν

2045 3686 2499 3756 ἀνθυπενέγκασα
2530 3686 2666 3758 πρὸς
2696 3685 2794 3757 τὴν
2830 3683 3119 3755 ἐρώτησιν,
3173 3683 3395 3755 ἔφησενο
3446 3682 3634 3737 Εἶδον

2045 3778 2235 3846 ἄνδρα
2267 3778 2468 3847 ὄρθιον
2499 3778 2900 3832 ἀναϐαίνοντα
2931 3777 2999 3830 ἐκ
3026 3775 3137 3845 τῆς
3161 3775 3295 3847 γῆς,
3327 3775 3429 3829 καὶ
3455 3771 3639 3837 οὗτος

2047 3870 2531 3939 ἀναϐεϐλημένος
2577 3868 2888 3923 διπλοΐδα·
2939 3868 3148 3939 μηδένα
3186 3869 3243 3921 δὲ
3272 3867 3334 3921 16
3365 3868 3630 3938 παράπαν

2050 3961 2193 4027 ίδὼν,
2242 3960 2319 4024 ὼς
2368 3960 2632 4032 αὐτήκοος
2675 3960 2892 4029 ἐγένετο
2936 3958 3044 4011 τῶν
3093 3959 3286 4027 λόγων,
3329 3958 3472 4028 ἔγνω
3525 3957 3629 4029 μὲν

2045 4052 2188 4107 κατά
2219 4052 2318 4125 τὴν
2344 4052 2552 4107 ἔννοιαν
2586 4052 2683 4123 τὴν
2716 4051 2911 4106 ἑαυτοῦ
2950 4049 3138 4105 τοῦτον
3179 4047 3317 4104 εἶναι
3346 4049 3630 4121 Σαμουὴλ,

2046 4147 2142 4200 ἂτε
2191 4144 2739 4217 διαπολιορκούμενος
2782 4143 2888 4198 ὑπὸ
2931 4144 3027 4197 τοῦ
3072 4142 3328 4214 δαίμονος
3377 4141 3624 4196 ἔνδοθεν·

2043 4233 2119 4301 ὡς
2146 4236 2204 4290 δὲ
2233 4239 2299 4308 τῇ
2329 4235 2440 4288 τῶν
2467 4236 2710 4306 σημείων
2746 4233 3010 4305 ὀνομασίᾳ
3040 4233 3399 4305 ωνηρπάσθη
3420 4274 3436 4299 ,
3469 4250 3622 4305 τηνι-

2046 4327 2220 4382 καῦτα
2257 4328 2321 4381 16
2361 4327 2654 4398 πρόσωπον
2698 4327 2992 4391 ὑποκλίνας
3053 4328 3147 4380 ἐπὶ
3187 4329 3254 4399 τῇ
3307 4329 3402 4398 τῇ,
3459 4342 3629 4397 προσ-

358 4421 507 4469 litum
539 4415 812 4483 adorabis,
837 4426 888 4472 et
933 4416 1018 4470 illi
1048 4417 1151 4474 soli
1177 4421 1378 4474 cultum
1430 4422 1711 4492 priestabis
1741 4424 1806 4477 ’⁷.
1834 4424 1932 4480 Se-

2050 4418 2301 4491 εκύνησεν
2320 4419 2488 4492 αὐτῷ.
2512 4419 2734 4492 Πρῶτον
2760 4419 2859 4490 μὲν
2875 4414 2967 4473 οὖν
2980 4418 3244 4492 ὀρθότατα
3264 4419 3402 4488 φαίη
3426 4436 3512 4482 τις
3533 4418 3623 4483 ἂν,

356 4510 541 4564 eundo
567 4525 761 4567 rursus
789 4512 1007 4578 addam,
1043 4528 1168 4569 cum
1205 4511 1423 4570 Samuel
1452 4517 1710 4572 universo
1731 4519 1933 4589 popqu

356 4600 670 4671 imperaret,
730 4605 1046 4677 primasque
1104 4608 1249 4662 inter
1298 4608 1594 4679 prophetas
1630 4608 1918 4677 obtineret,

357 4692 489 4748 Saul
523 4693 667 4751 inter
688 4696 933 4766 privatos
963 4698 1141 4755 adhuc
1174 4701 1412 4772 parietes
1463 4700 1848 4769 delitescebat;
1878 4711 1932 4759 et

363 4785 483 4844 ium
515 4786 687 4856 patris
749 4788 938 4845 asinas
968 4792 1292 4861 requireret,
1344 4791 1612 4847 accedens
1652 4791 1719 4846 ad
1740 4792 1928 4862 ipsum

356 4877 522 4932 veluti
575 4878 894 4949 prophetam
932 4881 1373 4954 interrOgaturus
1425 4884 1493 4941 de
1515 4883 1780 4955 iumentis
1835 4884 1930 4940 de-

351 4968 584 5038 perditis
601 4968 667 5032 ⁸⁸,
707 4982 1054 5042 nequaquam
1079 4973 1230 5027 illum
1262 4974 1579 5030 adoravisse
1611 4983 1929 5045 compertus

350 5063 457 5123 est,
487 5058 592 5113 etsi
619 5058 766 5115 illius
799 5074 903 5131 ope
930 5059 1199 5132 indigeret
1227 5073 1520 5134 aperteque
1543 5064 1619 5118 illi
1647 5072 1707 5118 ut
1740 5064 1926 5134 populi

350 5148 567 5203 ductori
594 5149 938 5208 subderetur.
971 5150 1255 5219 Quomodo
1296 5155 1462 5225 igitur
1507 5155 1600 5226 qui
1661 5165 1790 5209 tunc
1819 5171 1927 5211 non

352 5239 602 5297 adoravit
629 5244 877 5313 privatus
916 5246 1247 5317 principem,
1280 5262 1430 5302 nunc
1450 5263 1517 5304 ex
1548 5249 1804 5319 opposito
1831 5265 1928 5304 rex

349 5332 622 5402 privatum
679 5336 913 5392 adorat?
959 5336 1058 5394 llis
1102 5341 1264 5394 tertio
1333 5340 1678 5406 subnectam,
1732 5342 1927 5411 utquid

348 5422 471 5478 deos
523 5431 860 5484 ascendentes
914 5445 1039 5485 cum
1085 5430 1351 5495 audisset,
1411 5433 1605 5487 borum
1657 5437 1927 5488 neminem

2040 4513 2089 4565 εί
2129 4511 2382 4584 Σαμουὴλ
2415 4509 2708 4583 ἐτύγχανεν
2754 4513 2961 4576 ἐκεῖνος
2981 4555 2996 4575 ,
3046 4511 3182 4565 ἀλλὰ
3221 4511 3296 4582 μὴ
3343 4528 3625 4583 μεταμορ-

2042 4602 2243 4673 φωθεὶς
2289 4605 2318 4658 6
2349 4588 2687 4678 πολύτροπος
2721 4604 2880 4675 ὄφις,
2931 4603 3340 4672 ἀνθυπενὲγκας
3385 4602 3626 4675 ἔφρασεν

2039 4695 2106 4750 ἂν
2135 4697 2349 4751 εὐσεϐεῖ
2385 4697 2628 4769 λογισμῷ
2654 4716 2668 4728 ·
2716 4699 2910 4767 Κυρίῳ
2946 4696 3025 4763 τῷ
3061 4695 3184 4761 Θεῷ
3207 4709 3325 4749 σου
3352 4709 3625 4763 προσκυ-

2038 4786 2285 4854 νήσεις,
2328 4788 2425 4841 καὶ
2472 4788 2631 4853 αὐτῷ
2661 4788 3224 4857 μόνφλατρεύσεις.
3270 4785 3536 4857 Δεύτερον
3561 4785 3625 4839 δὲ

2041 4879 2203 4933 πάλιν
2233 4879 2436 4952 εἴποιμ’
2463 4879 2552 4943 ἂν,
2583 4880 2818 4949 ὁπηνίκα
2847 4879 3098 4950 Σαμουὴλ
3126 4877 3221 4932 τοῦ
3251 4878 3455 4942 παντὸς
3482 4874 3621 4951 ἦρχε

2036 4972 2168 5026 λαοῦ
2222 4974 2318 5027 καὶ
2362 4974 2645 5045 προφήτης
2702 4972 2997 5043 ἐτύγχανεν
3046 4972 3321 5044 έγκριτος,
3370 4973 3401 5024 6
3448 4972 3621 5025 Σαοὺλ
3675 5036 3688 5049 κ

2039 5063 2326 5117 ἰδιωτεύων
2358 5064 2439 5117 ἔτι
2473 5066 2566 5117 καὶ
2602 5063 2703 5127 τάς
2738 5064 2832 5117 τοῦ
2874 5063 3082 5134 πατρὸς
3110 5063 3267 5126 ὅνους
3305 5061 3619 5133 ἀναζητῶν,

2035 5155 2199 5227 ἀπῄει
2227 5156 2324 5228 μὲν
2345 5154 2421 5218 ὼς
2457 5155 2617 5208 αὑτὸν
2645 5156 2957 5227 ἐρωτήσων,
2989 5148 3079 5208 οἶα
3103 5157 3413 5227 προφήτην,
3456 5154 3621 5207 ἕνεκα

2035 5248 2143 5303 τῶν
2188 5248 2539 5320 ἀπολομένων
2603 5247 2931 5317 ὑποζυγίων,
2990 5247 3227 5317 οὐδαμοῦ
3271 5247 3328 5300 δὲ
3365 5247 3619 5317 φαίνεται

2038 5342 2420 5412 προσκυνήσας
2452 5339 2621 5413 αὐτῷ,
2654 5340 2834 5394 καίτοι
2867 5338 3084 5410 χρῄζων
3123 5338 3313 5402 αὑτοῦ,
3350 5340 3445 5391 καὶ¹
3478 5353 3615 5409 προ-

2040 5433 2226 5504 φανῶς
2256 5432 2618 5504 ὑποκείμενος
2649 5428 2739 5488 οἷα
2765 5431 3103 5504 καθηγεμόνι
3133 5429 3285 5483 λαοῦ.
3323 5429 3448 5494 Πῶς
3467 5425 3563 5483 οὖν
3584 5430 3617 5483 6

419 5556 464 5590 “
494 5555 609 5612 Isa.
644 5576 757 5629 xw,
790 5565 876 5630 l3,
914 5565 1000 5621 14.
1080 5567 1124 5599 ’⁸
1181 5565 1373 5622 Ezech.
1414 5583 1608 5631 xxvm,
1639 5568 1693 5622 2.
1769 5570 1817 5601 ’⁸
1842 5569 1871 5624 Ι
1903 5570 1944 5624 ll

2055 5580 2248 5634 XXVIII,
2276 5567 2363 5632 l5,
2404 5567 2491 5621 14.
2566 5566 2826 5623 "Matth.
2858 5583 2933 5631 tv,
2970 5566 3053 5620 l0.
3135 5562 3375 5634 "IReg.
3408 5578 3483 5627 Ix,
3522 5569 3602 5627 ιι,

419 5695 760 5769 (5⁸⁸)Ἡρρτο
786 5701 1089 5774 συνάψας·
1121 5706 1229 5763 Καὶ
1265 5703 1410 5763 εἶχε.
1440 5707 1527 5763 Sic
1552 5708 1894 5768 restituizuus
1933 5729 1944 5757 σ

2050 5712 2075 5767 d
2110 5713 2165 5767 in
2200 5711 2358 5781 impr.
2388 5710 2607 5780 legitur,
2643 5708 2803 5779 ἤρετο
2834 5710 2924 5763 καὶ
2967 5705 3228 5777 συνάψας·
3260 5700 3421 5759 Eine.
3456 5701 3591 5759 Enn
