3850 6160
173 275 285 331 033

1077 274 1165 330 DE
1197 272 1799 332 ENGASTRIMYTHO
1837 273 2121 334 CONTRA
2160 277 2534 340 ORIGENEM.‘

3317 281 3423 338 631

171 392 301 447 τότε
331 389 407 462 μὴ
427 393 812 464 προσκυνήσας
834 391 908 456 ὡς
939 391 1154 464 ἰδιώτης
1178 392 1422 465 ἄρχοντι,
1441 392 1536 447 νῦν
1552 395 1616 447 ὲκ
1641 393 1750 447 τῶν

1858 395 2081 465 adorat;
2110 414 2235 454 cum
2263 417 2394 457 vero
2421 402 2594 457 virum
2624 408 2821 455 rectum
2862 397 3116 468 intelligit
3139 396 3423 455 ascenden-

173 481 439 538 tvawfwv
467 484 497 536 6
526 482 778 554 βασιλεὺς
827 484 1153 539 ἰδιωτεύοντι
1190 487 1514 556 προσκυνεῖς
1556 484 1751 555 Τρίτον

174 575 270 628 ἐπὶ
295 575 506 638 τούτοις
534 574 644 646 ἔχω
670 574 868 646 λέγειν,
898 576 951 629 τί
979 575 1175 648 δήποτε
1205 575 1378 643 θεοὺς
1401 576 1755 631 ἀναϐαίνον-

173 682 286 732 τας
333 666 596 730 ἀκούσας,
633 664 806 720 οὐδενὶ
844 667 1049 721 τούτων
1098 668 1537 740 προσεκύνησεν·
1578 669 1668 721 ὅτε
1695 667 1753 721 δὲ

173 757 285 810 τὸν
307 755 501 825 ἄνδρα
525 757 726 826 ὄρθιον
747 757 983 828 ἀκήκοεν
1005 757 1434 824 ἀναϐεϐηκότα,
1454 755 1752 829 τηνικαῦτα

175 847 564 918 προσκυνήσας
594 846 866 917 ὑπέκυψες
903 847 1015 900 Καὶ
1050 846 1178 917 μὴν,
1213 845 1291 911 ὡς
1341 845 1619 917 Ὠριγένης
1650 846 1754 898 ἀπ-

172 939 419 1009 εφήνατο
442 938 750 1011 τολμηρῶς,
782 938 943 1010 εἴπερ
964 937 1182 1007 ἀγγελοί
1209 955 1355 1002 τινες
1377 933 1517 1008 ἦσαν
1545 938 1609 990 ὲκ
1627 936 1753 990 τού-

172 1045 285 1084 των
328 1029 362 1100 ἣ
399 1031 555 1103 χοροὶ
587 1030 902 1103 προφητῶν,
950 1030 1054 1084 ἔδει
1098 1030 1210 1095 τοῖς
1260 1029 1567 1102 κρείττοσιν
1622 1030 1754 1083 ὑπο-

176 1122 373 1193 κύψαι.
423 1122 633 1179 Οὐκοῦν
671 1127 736 1178 ἐκ
764 1125 981 1179 πάντων
1015 1122 1152 1196 ὁμοῦ
1173 1123 1282 1177 τῶν
1311 1123 1488 1196 ἔργων
1513 1121 1754 1194 εὐχερῶς

175 1215 328 1269 ἐστιν
380 1212 527 1280 ἰδεῖν,
562 1216 643 1270 ὅτι
678 1216 771 1271 τὸν
795 1215 1038 1287 ἡγεμόνα
1074 1215 1172 1286 μὲν
1210 1214 1333 1268 νοῦν
1365 1214 1702 1284 ὲτύφλωττεν
1726 1216 1757 1267 6

175 1305 374 1372 Σαοὺλ,
393 1308 500 1362 ὑπὸ
516 1289 613 1361 τοῦ
634 1308 883 1380 δαίμονος
906 1308 1277 1380 ἐλαυνόμενος·
1298 1310 1326 1361 6
1346 1307 1403 1361 δὲ
1419 1307 1663 1370 διάϐολος
1675 1308 1756 1370 εἰς

172 1398 468 1469 διαφόρους
493 1398 813 1470 ὲξήλλαττεν
840 1398 1030 1452 ἑαυτὸν
1050 1399 1212 1462 ἰδέας,
1243 1397 1347 1450 ὑπὸ
1367 1395 1462 1450 τοῦ
1491 1396 1755 1451 δυνάστου

175 1489 622 1561 προσκυνηθῆναι
685 1490 1224 1561 πραγματευόμενος,
1294 1489 1381 1542 ἵνα
1446 1491 1514 1543 ὲκ
1566 1487 1756 1542 τούτου

1855 495 1978 551 tem,
2011 494 2141 545 tunc
2173 505 2240 545 eo
2261 491 2489 548 adorato
2508 492 2662 547 humi
2694 507 2754 548 se
2781 492 3016 546 stravit?
3041 490 3105 545 Et
3133 497 3338 557 tamen,
3366 507 3425 549 ut

1853 574 2118 647 Origenes
2178 581 2345 637 nimis
2400 581 2663 638 audacter
2720 580 3126 645 determinavit,
3174 582 3221 637 si
3248 584 3425 653 angeli

1855 667 1931 721 illi
1957 669 2043 723 vel
2071 669 2224 724 chori
2276 673 2667 742 prophetarum
2701 671 2959 736 fuissent,
3003 671 3110 742 ipsi
3167 680 3427 742 tanquam

1854 761 2263 828 praestantiores
2287 771 2444 817 erant
2484 762 2769 818 adorandi.
2818 762 2988 833 Igitur
3014 762 3100 818 his
3124 763 3289 820 rebus
3312 778 3429 819 om-

1854 849 2017 905 nibus
2070 851 2235 906 simul
2286 854 2688 918 consideratis,
2733 853 2893 908 facile
2949 860 3036 908 est
3087 853 3427 923 intelligere,

1857 939 2038 998 Saulis
2065 958 2096 997 a
2135 943 2380 1001 daemone
2426 946 2602 1000 vexati
2635 945 2939 1016 principem
2983 945 3180 999 anima:
3214 952 3427 1015 partem

1857 1034 2197 1101 caecutiissc;
2242 1035 2523 1091 diabolum
2564 1052 2697 1092 vero
2721 1038 2776 1090 in
2812 1038 2991 1091 varias
3020 1034 3225 1091 formas
3254 1046 3433 1090 muta-

1860 1134 1971 1179 tum
1998 1166 2012 1188 ,
2063 1127 2192 1181 dum
2227 1143 2256 1181 a
2288 1144 2414 1199 rege
2446 1128 2660 1183 adorari
2689 1128 2880 1193 ambit,
2914 1136 2971 1181 ut
3002 1126 3432 1198 quamplurimos

1859 1215 2093 1282 falleret,
2148 1219 2521 1276 adorationem
2554 1220 2658 1275 sibi
2693 1223 2980 1276 adstruere
3023 1220 3283 1277 voluisse.
3315 1219 3432 1277 Hoc

1859 1324 1991 1365 sane
2012 1311 2241 1367 minime
2292 1314 2493 1368 mirum
2524 1321 2631 1378 est,
2683 1329 2785 1369 nec
2841 1320 3038 1384 praeter
3071 1314 3434 1383 exspectatio-

1858 1416 2024 1456 nem:
2080 1419 2205 1457 nam
2258 1406 2363 1460 etsi
2397 1405 2603 1462 Christi
2650 1421 2886 1476 persona
2916 1415 3229 1477 conspecta,
3267 1421 3431 1477 quem

1858 1491 2007 1547 intus
2029 1508 2087 1548 re
2106 1501 2162 1548 et
2190 1497 2512 1565 operatione
2544 1496 2712 1553 Deum
2740 1499 2809 1564 ",
2846 1504 3154 1569 naturaque
3184 1496 3278 1553 Dei
3309 1497 3433 1567 legi-

176 1581 459 1645 πλείστους
473 1582 632 1645 ὅσους
651 1582 966 1655 ἐξαπατήσῃ
982 1582 1282 1652 λεληθότως
1296 1581 1770 1653 ὑποκύπτων(5“¹)

1861 1583 2054 1637 timum
2089 1582 2288 1640 Filium
2342 1587 2582 1654 videbat,
2635 1587 2858 1644 homine
2893 1602 3053 1658 puro,
3087 1589 3430 1659 incorrupto,

176 1672 346 1743 αὐτῷ.
370 1672 565 1726 Καίτοι
594 1688 658 1740 γε
684 1672 741 1725 δὲ
774 1671 838 1743 [Ῑ.
862 1672 947 1745 δὴ]
974 1673 1034 1726 οὑ
1060 1672 1210 1738 ξενον
1233 1675 1379 1727 ἐστὶν
1408 1675 1601 1737 εἰπεῖν,
1624 1672 1759 1725 ὅπου

1860 1669 2029 1728 nullis
2084 1676 2342 1732 sordibus
2386 1679 2788 1733 commaculato
2829 1679 3249 1747 circumdatum,
3280 1688 3435 1734 extra

175 1777 241 1830 γε
269 1764 365 1815 καὶ
408 1762 471 1816 τὸ
499 1762 595 1816 τοῦ
625 1762 863 1834 Χριστοῦ
898 1763 1189 1836 πρόσωπον
1218 1761 1448 1826 εἰσιδὼν,
1483 1763 1630 1835 ἔργῳ
1669 1763 1768 1834 μὲν

1869 1780 1996 1822 vero
2018 1770 2277 1838 templum
2309 1770 2760 1841 pulcherrimum,
2785 1779 3184 1837 consecratum,
3212 1773 3438 1828 inviola-

175 1853 385 1908 ἔνδοθεν
406 1852 553 1926 ἐώρα
578 1855 671 1909 καὶ
688 1855 883 1925 πράξει
903 1855 1054 1920 Θεὸν,
1077 1856 1173 1909 καὶ
1196 1854 1354 1924 φύσει
1375 1855 1511 1908 Θεοῦ
1531 1857 1755 1927 γνήσιον

177 1942 326 2007 Υἰίιν,
360 1941 651 2014 ἄνθρωπον
683 1943 740 1998 δὲ
768 1944 1008 2016 καθαρὸν
1027 1983 1042 2002 .
1082 1945 1381 2015 ἄχραντον,
1424 1944 1754 2017 ἀκηλίδωτον

173 2034 428 2101 ἐξωτάτω
481 2034 864 2107 περικείμενον
898 2035 1236 2102 ἐποπτεύων,
1264 2036 1381 2100 ,καὶ
1409 2035 1538 2091 ναοῦ
1566 2035 1755 2107 χρῆμα

178 2125 537 2198 περικαλλὲς,
589 2126 999 2197 ἀφιερωμένον,
1052 2124 1347 2198 ἀσύλητον,
1395 2127 1547 2182 οὐδὲν
1593 2123 1757 2199 ἦττον

171 2218 519 2290 ἐκπειράζων
544 2218 704 2272 αὑτὸν
727 2218 961 2291 ἀμελητὶ
990 2220 1217 2291 προσείη
1237 2220 1298 2290 (ι.
1323 2218 1597 2291 προσῄει),
1632 2219 1752 2272 θεο-

176 2308 367 2380 μαχῶν
381 2308 667 2372 εἰωθότως⁹
687 2309 763 2374 ὡς
780 2309 859 2377 δὲ,
878 2309 946 2364 τά
968 2310 1162 2383 πρῶτα
1184 2312 1278 2365 καὶ
1298 2313 1365 2366 τά
1380 2311 1608 2384 δεύτερα
1631 2312 1753 2367 καθ’

170 2399 367 2454 ἑαυτοῦ
395 2400 894 2473 προκαλεσάμενος,
923 2402 1132 2474 ἡττήθη
1158 2404 1364 2476 ῥαγεὶς,
1394 2403 1575 2467 ἄθλιος
1597 2401 1753 2469 αὖθις

171 2495 254 2556 εἰς
292 2491 423 2547 ἀλλο
463 2492 805 2562 μεταλλάξας
841 2489 975 2565 ἦθος
997 2531 1013 2559 ,
1048 2494 1426 2549 ὑποδεικνύναι
1464 2496 1564 2566 μὲν
1605 2496 1754 2567 αὐτῷ

172 2586 357 2639 πᾶσαν
383 2584 484 2655 τὴν
512 2583 668 2639 τοῦδε
695 2583 790 2639 τοῦ
822 2585 1026 2657 κόσμου
1054 2587 1400 2659 περιγραφὴν
1428 2588 1752 2661 ἐπεχείρησε

176 2675 271 2733 καὶ
315 2674 418 2738 τὰς
460 2674 738 2745 βασιλείας
777 2676 978 2748 αὐτῆς,
1026 2678 1254 2749 ἀπονοίᾳ
1306 2678 1365 2733 δὲ
1407 2680 1502 2735 καί⁸
1547 2680 1753 2753 ψευδη-

174 2765 339 2838 γορίᾳ
375 2764 775 2838 θρασυνόμενος
813 2767 1126 2838 ἐκόμπαζε·
1189 2768 1379 2824 Ταῦτα
1417 2771 1613 2826 πάντα
1652 2788 1752 2828 σοι

171 2856 378 2917 δώσω.
420 2858 528 2914 ἐὰν
568 2856 776 2912 πεσὼν
823 2861 1261 2931 προσκυνήσῃς
1307 2882 1431 2934 μοι.
1485 2866 1754 2934 Τοιαύτας

177 2947 280 3019 μὲν
322 2944 417 3003 οὖν
461 2951 492 3003 6
531 2949 738 3023 ἀσεϐὴς
788 2951 986 3025 ἔρρηξε
1040 2952 1198 3026 δεῦρο
1246 2956 1456 3024 φωνὰς,
1509 2959 1753 3030 οἰόμενος

174 3042 257 3105 εἰς
307 3040 479 3113 ὀργὴν
528 3043 931 3100 ἐκκαλέσασθαι
973 3045 1044 3099 τὰ
1082 3046 1182 3116 τῆς
1222 3047 1574 3115 ἀνεξικακίας
1622 3052 1750 3125 ἢθη,

1862 1862 2011 1925 tum;
2076 1860 2433 1917 nihilominus
2489 1862 2558 1917 ad
2623 1863 2776 1918 illum
2836 1862 3103 1919 accedens
3147 1877 3434 1934 perperam

1863 1949 2128 2012 tentabat,
2186 1964 2290 2003 suo
2345 1951 2509 2006 modo
2539 1958 2593 2008 et
2642 1967 2795 2008 more
2823 1969 3060 2025 pugnam
3089 1952 3199 2009 Deo
3254 1955 3437 2009 inten»

1860 2042 2022 2097 dens.
2059 2039 2162 2095 Ubi
2190 2057 2321 2097 vero
2356 2042 2554 2098 iterum
2609 2050 2774 2115 atque
2816 2046 3014 2099 iterum
3060 2050 3251 2099 contra
3275 2061 3336 2101 se
3367 2045 3437 2100 ad

1861 2148 2094 2204 pugnam
2124 2149 2430 2202 provocans
2460 2134 2707 2191 devictus
2764 2144 2869 2203 est,
2897 2137 3096 2191 misere
3126 2136 3435 2208 disruptus,

1860 2240 2000 2281 nova
2029 2225 2133 2280 sibi
2160 2226 2340 2294 specie
2365 2226 2559 2300 ascita,
2594 2228 2911 2282 universum
2959 2236 3228 2283 terrarum
3261 2229 3439 2285 ambi-

1860 2323 1977 2369 tum
1997 2322 2052 2370 et
2080 2330 2243 2385 regna
2269 2324 2551 2371 ostentare
2585 2331 2793 2383 ausus;
2825 2317 3063 2370 amentia
3105 2317 3438 2372 mendaciis-

1860 2420 1966 2475 que
1990 2404 2315 2473 superbiens
2360 2404 2601 2473 jactabat
2637 2424 2649 2458 :
2688 2404 2816 2459 Han:
2845 2407 3025 2458 omnia
3070 2405 3168 2458 tibi
3197 2404 3357 2469 dabo,
3387 2407 3439 2460 si

1860 2495 2052 2551 cadens
2092 2496 2396 2551 adoraveris
2420 2513 2499 2552 me
2529 2498 2595 2551 ³⁰.
2630 2495 2848 2552 Similes
2889 2496 2979 2552 hic
3040 2498 3241 2568 impius
3271 2513 3436 2556 voces

1858 2590 2060 2653 emisit,
2112 2605 2178 2645 eo
2229 2590 2413 2644 animo
2467 2596 2526 2645 ut
2572 2591 2627 2644 in
2662 2578 2801 2643 iram
2855 2590 3201 2645 clementiam
3250 2591 3429 2661 ipsam

1860 2688 2224 2750 provocaret;
2261 2697 2372 2751 quo
2392 2681 2669 2738 videretur
2694 2681 2914 2751 aggredi
2946 2682 3294 2752 imparatum.
3332 2679 3437 2738 Ve—

1860 2790 1980 2829 rum
2012 2774 2305 2831 tolerantia
2331 2774 2583 2829 malefico
2624 2775 2881 2840 daemoni,
2913 2784 2974 2830 ut
3000 2775 3113 2831 Deo
3142 2777 3437 2833 convenie-

1859 2867 1972 2930 bat,
2007 2866 2281 2922 silentium
2310 2866 2591 2934 imposuit.
2644 2864 2830 2921 Solius
2857 2868 3059 2938 quippe
3113 2868 3206 2924 Dei
3229 2875 3316 2924 est
3352 2878 3435 2925 to-

1859 2958 2100 3014 leranter
2153 2959 2339 3013 omnia
2402 2960 2563 3014 ferre.
2597 2956 2658 3012 Si
2714 2958 2879 3028 igitur
2905 2959 3007 3030 ipsi
3045 2958 3273 3016 Domino
3303 2961 3436 3016 talia

1859 3050 2009 3106 effari
2042 3067 2236 3121 parum
2294 3051 2371 3105 illi
2403 3067 2549 3105 cura:
2601 3050 2719 3118 fuit,
2748 3052 3027 3121 quomodo
3082 3051 3436 3108 manifestum

174 3130 271 3184 καὶ
293 3130 382 3183 διὰ
408 3132 501 3186 τοῦ
542 3133 751 3187 τοιοῦδε
789 3133 966 3188 δοκεῖν
1006 3135 1492 3207 ἐπιλαμϐάνεσθαι·
1555 3124 1760 3215 μακρο-

1861 3160 1972 3200 non
1996 3144 2100 3199 erit
2122 3159 2233 3199 non
2264 3144 2449 3200 minus
2479 3144 2602 3214 ipso
2631 3142 2743 3200 Deo
2771 3145 3147 3201 adorationem
3180 3146 3436 3201 ambien-

174 3223 348 3296 θυμία
393 3226 449 3279 δὲ
493 3227 821 3295 κατεσίγασε
877 3226 969 3282 τὸν
1022 3228 1300 3303 ἀλάστορα
1374 3231 1695 3305 θεοπρεπῶς
1725 3238 1755 3291 ό

1858 3243 1967 3291 tem
2006 3237 2098 3290 illa
2152 3236 2437 3291 tentasse?
2464 3235 2577 3291 Hoc
2624 3236 2717 3306 qui
2748 3251 2898 3291 sana:
2926 3237 3127 3291 mentis
3159 3244 3290 3291 sunt
3325 3252 3439 3291 om-

175 3313 402 3387 Κύριοςο
449 3317 579 3372 ίδιον
630 3318 740 3390 γὰρ
779 3319 847 3373 ἀν
904 3319 990 3390 εἴη
1028 3321 1148 3393 Θεῷ
1192 3324 1369 3378 πάντα
1415 3326 1753 3392 ἀνεξικάκως

1858 3342 1955 3383 nes
1992 3326 2152 3383 facile
2181 3327 2506 3397 intelligunt,
2534 3342 2565 3380 a
2593 3326 2838 3383 daemone
2869 3342 2966 3398 per
2991 3327 3252 3382 furiosam
3288 3328 3437 3382 illam

177 3406 384 3480 φέρειν.
438 3409 499 3463 Εἰ
542 3410 723 3465 τοίνυν
773 3413 924 3484 αὑτῷ
965 3414 1042 3486 τῷ
1084 3416 1275 3487 Κυρίῳ
1316 3418 1541 3472 τοιαῦτα
1583 3437 1750 3491 προσ-

1858 3418 2137 3472 mulierem
2183 3417 2489 3473 dementem
2532 3432 2715 3488 regem
2760 3416 3050 3487 deceptum
3105 3426 3302 3487 praeter
3344 3419 3439 3488 jus

173 3501 318 3552 οἰσαι
367 3501 585 3571 ῥήματα
633 3504 764 3575 παρ’
795 3502 949 3557 οὐδὲν
982 3507 1258 3577 ἡγήσατο,
1332 3507 1449 3572 πῶς
1489 3509 1589 3563 οὑκ
1628 3510 1743 3564 ἐστι

1858 3526 1971 3567 sese
2002 3511 2317 3565 inclinasse.

179 3594 370 3663 σαφὲς,
402 3598 482 3649 ὅτι
516 3598 936 3669 προσκυνεῖσθαι
968 3599 1290 3673 βουλόμενος
1344 3602 1433 3657 ἰσα
1459 3603 1577 3676 Θεῷ
1621 3605 1794 3659 ταῦτα
1824 3604 2203 3677 διεπράττετο;
2228 3603 2399 3658 Τοῦτο
2424 3603 2539 3674 μὲν,
2564 3597 2738 3673 οἶμαι,
2766 3603 2879 3665 τοῖς
2898 3596 2959 3655 εὖ
2978 3598 3241 3672 φρονοῦσι
3265 3600 3438 3657 κατά-

176 3705 357 3761 φωρον
380 3691 611 3764 ὑπάρχει
628 3696 812 3761 πᾶσιν,
828 3695 1013 3751 ὅτιδιά
1029 3700 1283 3767 γυναικὸς
1298 3701 1578 3772 ὲμμανοῦς
1601 3702 1852 3773 ἠπάτησε
1881 3700 1973 3754 τὸν
1994 3698 2231 3771 ἔκφρονα
2261 3697 2530 3768 δυνάστην
2555 3694 2833 3765 ύποκῦψαι
2861 3693 3010 3765 αὑτῷ
3033 3695 3183 3768 παρὰ
3208 3696 3269 3750 τὸ
3295 3697 3437 3752 δέον.

248 3805 338 3862 XI.
380 3807 500 3861 Ἔτι
532 3809 590 3862 δὲ
628 3809 952 3881 διαληπτέον
990 3812 1130 3867 αὑτά
1171 3813 1241 3869 τά
1280 3815 1490 3882 τούτοις
1529 3814 1749 3871 ὑποκεί-

1922 3813 2014 3870 XI.
2070 3812 2446 3869 Examinanda
2505 3810 2633 3866 item
2689 3822 2818 3865 sunt
2855 3825 2975 3881 quae
3024 3809 3188 3865 dictis
3242 3813 3438 3871 ordine

181 3917 318 3970 μενα
362 3897 616 3970 καθεξῆς.
671 3902 759 3967 Ὠς
804 3898 898 3956 οὖν
936 3904 965 3955 6
995 3904 1167 3958 Σαοὺλ
1197 3906 1491 3979 ὑπεκλίνθη
1541 3908 1618 3977 τῷ
1646 3909 1749 3977 φά-

1858 3909 2172 3962 continuato
2231 3904 2558 3960 subduntur.
2611 3901 2681 3955 Ut
2736 3899 2869 3955 Saul
2929 3901 3078 3955 humi
3143 3904 3439 3974 procubuit

179 4007 346 4061 σματι
390 3993 793 4064 προσκυνήσας,
831 3988 988 4058 αὖθις
1032 3996 1381 4069 ὑποκρίνεται
1426 3998 1751 4053 πεπονθέναι

1858 3998 2081 4054 adorato
2105 4005 2343 4068 spectro,
2362 3996 2542 4051 denuo
2570 3993 2795 4048 dolosus
2816 3992 2927 4061 ille,
2959 3991 3230 4050 Samuelis
3260 3994 3439 4052 forma

179 4083 302 4153 βίαν
365 4086 395 4138 6
445 4085 781 4158 δολομήτης,
849 4090 932 4153 εἰς
983 4088 1042 4143 τὺ
1097 4090 1282 4161 σχῆμα
1345 4089 1441 4144 τοῦ
1500 4093 1753 4164 Σαμουὴλ

1858 4098 2157 4161 assumpta,
2188 4090 2295 4145 vim
2324 4088 2531 4159 perpeti
2563 4086 2744 4157 fingit;
2797 4091 2986 4156 postea
3007 4101 3104 4155 per
3125 4087 3441 4144 dissimula-

177 4175 419 4247 ἀμείψας
467 4177 681 4232 ἑαυτόν
731 4176 851 4233 εῐτα
896 4180 1036 4251 μετά
1074 4182 1356 4254 εἰρωνείας
1397 4185 1752 4257 ἀποκρίνεται

1858 4182 2062 4237 tionem
2079 4180 2349 4250 vultuque
2361 4177 2628 4234 mmstiori
2645 4175 2942 4246 respondet
2963 4194 2976 4231 :
3015 4174 3211 4246 thuid
3228 4189 3437 4247 pertur-

178 4268 629 4341 σκυθρωπότερον
648 4288 662 4301 ·
721 4272 905 4327 Ἰνατι
965 4275 1449 4344 πῳηνώχλησὰς
1486 4294 1584 4346 με,
1639 4274 1752 4346 φά-

1858 4270 2001 4327 basti
2055 4289 2159 4337 me,
2194 4271 2409 4335 dicens,
2463 4267 2706 4339 faciendo
2757 4282 2838 4320 me
2866 4266 3146 4322 ascendere
3177 4268 3264 4321 "1’
3312 4267 3439 4323 Haec

176 4376 346 4415 σκων
397 4362 731 4429 ἀναϐῆναι;
769 4363 955 4419 Ταῦτα
1000 4366 1057 4419 δὲ
1092 4367 1457 4438 πλαττόμενος
1503 4370 1753 4440 ἀπαρεμ-

1858 4361 1987 4417 dum
2024 4363 2265 4426 simulat,
2300 4361 2527 4414 innuere
2577 4358 2749 4414 voluit
2781 4358 3082 4422 indefinite,
3133 4358 3435 4415 daemonem

177 4450 364 4521 φάτως
422 4450 675 4505 ἐϐούλετο
736 4454 1059 4525 σημαίνειν,
1118 4456 1201 4510 ὅτι
1261 4457 1355 4510 καὶ
1409 4456 1610 4511 ἄκοντα
1661 4459 1753 4512 τὸν

1858 4464 2020 4520 posse
2076 4450 2395 4521 prophetam
2439 4448 2566 4504 licet
2614 4449 2847 4504 invitum
2903 4464 3155 4512 evocare,
3193 4456 3438 4519 potesta-

178 4544 541 4642 προφήτην-ὁ
579 4542 790 4614 δαίμων
845 4545 1073 4617 ἠδύνατο
1121 4548 1602 4620 μεταπέμπεσθαι,
1659 4551 1753 4604 καὶ

1858 4550 2074 4612 temque
2102 4542 2155 4596 in
2180 4557 2304 4597 eum
2353 4540 2576 4595 habere.
2632 4538 2698 4593 Et
2731 4540 2895 4595 modo
2927 4539 3001 4593 ita
3050 4539 3300 4593 nonnulli
3331 4552 3438 4594 cac-

178 4634 297 4687 κατ’
332 4632 805 4707 αὐτοῦ’τοιαύτην
845 4635 988 4707 ἔχειν
1028 4635 1296 4702 ἐξουσίαν.
1328 4635 1462 4693 Εἶτα
1501 4639 1752 4694 τοσοῦτον

1858 4634 2091 4698 cutiunt,
2125 4641 2186 4688 ut
2227 4634 2533 4704 intelligere
2560 4639 2853 4702 nequeant,
2900 4645 3095 4687 omnes
3136 4631 3229 4702 qui
3255 4630 3444 4685 animo

175 4724 573 4795 ἀμϐλυωποῦσί
614 4744 790 4792 τινες,
826 4729 903 4793 ὡς
941 4730 1003 4783 οὑ
1031 4729 1287 4785 δύνασθαι
1319 4732 1481 4795 νοεῖν,
1511 4731 1592 4785 ὃτι
1628 4732 1753 4795 τοὺς

1858 4741 1986 4795 puro
2011 4726 2341 4796 sinceroque
2361 4739 2426 4779 ea
2456 4736 2579 4793 quae
2602 4720 2810 4777 Christi
2842 4731 2971 4777 sunt
3000 4718 3345 4790 profitentur,
3380 4721 3436 4775 in

175 4814 435 4885 δαίμονας
476 4818 536 4870 ὲν
570 4816 649 4888 τῷ
684 4817 813 4890 θείῳ
852 4819 1246 4889 φυγαδεύουσιν
1287 4821 1511 4893 ὀνόματι
1554 4822 1754 4886 πάντες

1858 4818 2033 4877 divino
2060 4820 2282 4875 nomine
2303 4817 2572 4873 daemonia
2597 4814 2829 4885 ejicere;
2872 4822 2928 4868 at
2956 4829 3068 4869 non
3124 4829 3192 4869 ex
3214 4827 3439 4870 contra»

174 4911 222 4962 οἰ
254 4908 328 4963 τά
367 4908 462 4963 τοῦ
500 4908 741 4982 Χριστοῦ
782 4911 1105 4983 φρονοῦντες
1154 4914 1492 4985 εἰλικρινῶς,
1531 4914 1651 4984 οὐχὶ
1694 4913 1752 4967 δὲ

1858 4913 1932 4968 rio
1953 4911 2024 4967 ab
2048 4910 2160 4966 illis
2184 4910 2386 4965 invitos
2409 4908 2601 4978 jussos
2644 4903 2943 4960 ascendere
2965 4903 3034 4959 ab
3054 4902 3267 4969 inferis,
3293 4918 3358 4957 ac
3386 4905 3433 4959 si

175 5001 488 5055 τούναντίον
522 5001 599 5065 ὡς
635 5002 986 5074 ὑποκείμενοι
1022 5004 1230 5069 τούτοις
1268 5006 1493 5069 ἄκοντες
1528 5004 1753 5059 ἀναϐαί-

1858 5003 1930 5058 eis
1954 4999 2191 5071 subjecti
2223 5006 2428 5055 essent.
2480 4995 2686 5052 Verum
2746 4994 2792 5050 si
2824 4993 2952 5064 quis
2989 4992 3271 5049 existimat
3328 4993 3439 5048 dae-

175 5107 360 5145 νουσιν
401 5091 463 5157 ἐξ
498 5092 647 5163 ᾆδον,
675 5095 1157 5167 μεταπεμπόμενοι
1182 5097 1321 5169 πρὸς
1354 5096 1555 5150 αὐτῶν.
1598 5097 1661 5150 Εἰ
1693 5095 1751 5149 δέ

1858 5094 2094 5148 monium
2133 5088 2580 5163 engastrimylhi,
2607 5102 2732 5141 cum
2765 5085 2981 5141 caeteris
3011 5085 3132 5141 aliis
3182 5085 3439 5156 superius

172 5197 257 5247 τις
309 5182 486 5236 οἴεται
536 5185 597 5237 τὸ
637 5185 737 5257 τῆς
787 5187 1226 5260 ἐγγαστριμύθου
1281 5187 1556 5259 δαιμόνιον
1606 5186 1755 5240 οὐδε-

1858 5186 1946 5251 sit,
1976 5200 2083 5241 non
2138 5196 2302 5255 posse
2329 5182 2466 5236 verti
2499 5182 2555 5235 in
2590 5179 2795 5251 fugam,
2848 5184 3104 5234 recurrat
3142 5177 3211 5233 ad
3262 5177 3438 5235 Actus

178 5273 399 5328 πώποτε
440 5273 874 5343 φυγαδεύεσθαι,
917 5274 1153 5349 προῦχον
1185 5280 1441 5334 ἀπάντων
1473 5277 1609 5349 ὁμοῦ
1646 5277 1755 5335 τῶν

1858 5277 2340 5347 apostolorum;et
2363 5273 2457 5328 ubi
2512 5273 2577 5328 ad
2633 5274 2752 5327 loca
2785 5269 3113 5341 pervenerit,
3164 5270 3439 5327 examinet

174 5366 379 5430 ἄλλων,
439 5362 797 5439 ἀναδραμέτω
856 5370 953 5439 μὲν
1003 5372 1083 5434 εἰς
1133 5370 1234 5434 τὰς
1278 5370 1386 5425 τῶν
1440 5370 1751 5424 ἀποστόλων

1859 5378 1919 5424 ιιι
1957 5385 2113 5427 sacer
2153 5385 2333 5440 praeco
2366 5366 2573 5423 Paulus
2601 5366 2949 5423 errabundus
2976 5363 3256 5436 Philippos
3279 5365 3441 5421 deve—

174 5456 432 5526 Πράξεις,
498 5458 584 5511 ἐπ’
631 5459 810 5513 αὐτῶν
867 5459 926 5513 δὲ
965 5461 1073 5515 τῶν
1122 5461 1334 5533 χωρίων
1388 5461 1751 5532 ἐμϐατεύσας,

1859 5462 1939 5516 nit
1976 5482 1988 5516 :
2026 5470 2087 5515 ut
2109 5478 2235 5517 vero
2259 5462 2540 5515 mulierem
2592 5459 2811 5515 nomine
2839 5456 3062 5529 Lydiam
3096 5458 3312 5528 pietatis
3344 5473 3437 5512 co-

173 5547 332 5601 ἰδέτω
376 5546 494 5610 πῶς
526 5549 557 5602 6
582 5547 910 5619 περιοδεύων
958 5551 1244 5623 ἱεροκήρυξ
1288 5551 1516 5620 ἀφίκετο
1548 5551 1757 5615 Παῦλος

1869 5554 2110 5626 gnitione
2176 5554 2525 5619 illuminavit,
2576 5552 2709 5608 abiit
2735 5559 2791 5606 ut
2822 5567 3011 5622 preces
3035 5548 3164 5623 _Deo
3195 5551 3437 5609 etl'unde-

244 5659 289 5691 ²⁹
323 5657 606 5727 Philip.tt,
630 5662 684 5714 6.
762 5662 805 5693 ³⁸
829 5660 1025 5716 Matth.
1053 5678 1125 5729 Iv,
1152 5663 1204 5717 9.
1284 5664 1325 5695 ³¹
1350 5660 1519 5732 IReg.
1555 5651 1747 5730 iuvui,
1767 5662 1854 5719 15.

244 5750 810 5824 (5⁸⁸⁸)’Υποκύπτων.
856 5754 1015 5812 Forte
1059 5755 1345 5828 legendum
1394 5753 1751 5827 ὑποκύπτειν,

1874 5754 2142 5812 referatur
2168 5753 2234 5809 ad
2268 5752 2547 5818 πλείστους
2581 5754 2756 5817 ὅσους.
2786 5751 2943 5808 Enn.
