3850 6160
417 262 522 319 6ὃὸ
1396 259 1455 315 S.
1496 259 1870 316 EUSTATHII
1912 259 2227 317 EPISCOPI
2266 258 2692 319 ANTIOCHENI
3552 263 3664 321 636

415 384 520 431 ret.
579 371 786 429 Accidit
822 382 1000 429 autem
1046 381 1105 427 ut
1139 372 1317 442 puella
1351 372 1614 442 quadarn,
1647 373 1743 438 ait,
1797 373 1935 429 habet

2147 391 2172 438 ς
2205 375 2534 439 Φιλίππους·
2573 374 2652 438 ὡς
2697 372 2755 428 δὲ
2788 371 2886 445 τὴν
2916 372 3257 446 καλουμένην
3295 372 3524 445 ἐφώτισε
3554 376 3667 431 Δυ-

416 465 662 534 ερὶνὶιιη
694 461 950 533 Pythonis
971 474 1285 528 occurreret,
1317 481 1433 534 qua:
1458 473 1717 533 quantum
1743 482 1934 536 magna

2148 481 2211 518 αν
2233 464 2524 535 ξεύσεϐείας
2553 461 2872 532 ἐπιγνώσει,
2902 462 3204 535 τηνικαῦτα
3236 462 3335 534 μὲν
3364 462 3532 535 ᾤχετο
3561 465 3668 529 τὰς

417 554 708 627 praestabat
732 554 962 610 dominis
987 557 1100 611 suis
1128 556 1434 611 divinando.
1469 556 1642 625 Igitur
1668 555 1778 611 haec
1809 556 1937 611 subs

2147 556 2257 626 ιχὰς
2286 557 2516 611 ἀνοίσων
2533 573 2547 587 ·
2599 555 2868 626 Ἐγένετο
2913 555 2983 609 δὲ
3020 555 3354 624 παιδίσκην
3394 556 3667 626 ἀπαντῆ-

417 658 543 701 cuta
568 645 798 700 Paulum
820 655 869 699 et
900 663 1015 710 nos,
1056 645 1344 709 clamabat,
1392 645 1569 700 dicens
1594 647 1705 701 sic:
1755 646 1856 701 Isti
1896 647 1937 700 Ιιι

2144 649 2196 701 αἱ
2220 666 2372 712 τινα,
2405 649 2590 720 φησὶν,
2622 647 2891 717 ἔχουσαν
2921 648 3160 717 πνεῦμα
3184 648 3483 714 Πύθωνος.
3505 647 3664 717 ἥπερ

418 739 583 794 mines
603 740 739 794 servi
759 737 855 792 Dei
868 738 1211 793 excelsissimi
1225 748 1368 803 sunt,
1389 739 1478 807 qui
1500 740 1819 793 annuntiant
1841 740 1938 795 nob

2144 741 2377 811 >γιισιαν
2432 739 2675 810 πολλὴν
2728 739 2995 809 παρέσχε
3040 740 3164 805 τοῖς
3202 740 3428 808 κυρίοις
3468 740 3664 808 αὐτῆς

419 830 557 885 viam
593 831 808 887 salutis.
834 828 903 883 Et
932 829 1028 883 Itac
1055 829 1281 898 faciebat
1300 845 1392 896 per
1407 829 1598 884 multos
1639 830 1749 885 dies
1782 832 1847 885 ³².
1883 830 1939 886 St

2144 834 2519 905 artsvopérn.
2554 834 2872 906 Τοιγαροῦν
2899 834 3049 901 αὕτη
3078 831 3664 899 κατακολουθήσασα

419 924 630 978 damon
656 923 1017 979 invisibilibus
1052 922 1235 993 ﬂagris
1264 938 1440 980 caesus
1461 927 1649 978 nolens
1674 924 1723 977 vi
1753 923 1939 994 pellcb:

2142 924 2411 993 ῥ’Παύλῳ
2447 924 2543 979 καὶ
2566 925 2711 994 ἡμῖν
2736 921 2938 991 supatis
2963 921 3230 993 λέγουσα
3253 922 3458 987 οὕτως.
3482 916 3662 976 Οὗτοι

420 1024 511 1069 tur
533 1024 592 1069 ut
620 1015 742 1069 illas
771 1016 956 1070 ederet
978 1032 1159 1071 voces.
1196 1014 1391 1071 Verum
1421 1014 1623 1070 Paulus
1654 1015 1800 1070 illius
1833 1025 1940 1072 test

2139 1019 2146 1069 ξ
2179 1018 2477 1086 ἅνθρωποι
2523 1016 2734 1071 δοῦλοι
2768 1015 2876 1069 τοῦ
2916 1013 3064 1069 Θεοῦ
3087 1013 3194 1068 τοῦ
3227 1013 3490 1082 ὑψίστου
3515 1011 3659 1075 εισι,

418 1109 605 1161 monio
637 1105 796 1161 fidem
832 1121 941 1161 non
962 1122 1085 1162 esse
1117 1107 1478 1163 adhibendam
1535 1108 1878 1173 existimans,
1909 1109 1938 1162 lt

2140 1108 2310 1174 r'ttrec
2372 1106 2887 1177 καταγγέλλουσιν
2942 1104 3086 1174 ἡμῖν
3141 1103 3285 1158 ὁδὸν
3343 1102 3660 1170 σωτηρίας.

417 1213 525 1268 que
551 1200 874 1262 rectissime,
898 1215 1042 1269 aegre
1072 1199 1252 1256 ferens
1282 1200 1420 1254 dixit
1443 1201 1656 1269 spiritui
1685 1220 1698 1256 :
1732 1200 1937 1269 Pra'cip

2147 1200 2204 1253 αὶ
2241 1198 2398 1252 τοῦτο
2426 1199 2519 1252 ἐπὶ
2545 1198 2745 1262 πολλὰς
2778 1197 3041 1269 ἔπραττεν
3079 1196 3289 1268 ἡμέρας
3311 1211 3324 1225 ·
3357 1193 3471 1249 ἀλλ’
3501 1196 3531 1248 ὁ
3560 1192 3664 1265 μὶν

419 1289 513 1343 tibi
570 1292 624 1344 in
677 1293 886 1346 nomine
939 1290 1070 1346 Jesu
1104 1291 1303 1347 Christi
1333 1302 1389 1346 ut
1413 1308 1573 1347 exeas
1618 1293 1684 1347 ab
1719 1310 1820 1362 .ea.
1856 1292 1939 1348 Rc:

2142 1291 2301 1361 ιίμων
2336 1293 2552 1363 ἀοράτῳ
2591 1291 2817 1360 μάστιγι
2850 1289 3292 1360 στρεϐλούμενος,
3318 1288 3465 1343 ἄκων
3489 1289 3662 1357 ἠναγ-

418 1392 622 1450 gestam
653 1395 846 1437 auctor
883 1398 1115 1438 narrans
1133 1384 1320 1439 subdit
1347 1405 1359 1438 :
1384 1384 1452 1438 Et
1481 1386 1606 1441 exiit
1628 1387 1809 1442 eadem
1836 1388 1938 1440 hor.

2146 1383 2289 1447 ίζετο
2333 1385 2586 1447 τοιαύτας
2627 1384 2844 1454 ἀφιέναι
2892 1382 3105 1453 φωνάς·
3151 1383 3180 1434 ὁ
3220 1380 3276 1434 δὲ
3307 1379 3515 1443 Παῦλος
3559 1379 3666 1432 οὐκ

420 1472 554 1528 Cum
583 1476 834 1530 uidissent
861 1493 986 1547 ergo
1036 1476 1238 1531 domini
1261 1478 1475 1532 ancilla:
1504 1478 1643 1549 quod
1695 1496 1811 1549 spes
1844 1496 1940 1551 qua

2143 1474 2405 1539 Ξιόπιστον
2450 1470 2591 1528 εἶναι
2633 1475 2731 1545 τὴν
2776 1472 2982 1527 ἐκείνου
3036 1471 3338 1543 μαρτυρίαν
3381 1470 3663 1539 ἐννοήσειεν

416 1574 535 1619 stus
559 1565 776 1620 illorum
801 1568 1045 1636 funditus
1074 1570 1384 1631 evanuisset,
1428 1569 1805 1639 apprehensum
1846 1570 1936 1624 Pw

2149 1568 2377 1631 μθότατα,
2423 1565 2765 1638 διαπονηθεὶς
2815 1565 2918 1635 ἔφη
2956 1562 3035 1634 τῷ
3075 1561 3373 1633 πνεύματι,
3432 1563 3669 1629 Παρατ-

419 1655 529 1709 ιιιιη
559 1666 608 1710 et
629 1656 800 1713 Silam
821 1667 1100 1714 traxerunt
1129 1661 1181 1715 in
1210 1661 1385 1730 [orum
1405 1662 1474 1715 ad
1506 1664 1763 1732 principes
1784 1664 1862 1730 ³³;
1896 1680 1939 1734 (ιι

2147 1657 2289 1711 illo)
2327 1673 2461 1721 σοι,
2519 1657 2729 1725 λέγων,’
2762 1656 2833 1709 ἐν
2873 1655 3113 1723 ὀνόματι
3168 1652 3360 1721 Ἰησοῦ
3404 1649 3667 1719 Χριστοῦ

418 1747 636 1803 illorum
661 1750 953 1807 calumniis
1002 1752 1269 1808 seditione
1303 1762 1422 1809 orta
1453 1753 1671 1823 injuriis
1719 1756 1862 1811 male
1892 1756 1938 1810 h:

2152 1748 2363 1810 ξελθεῖν
2393 1748 2493 1802 ἀπ’
2527 1745 2738 1815 αὐτῆς.
2787 1740 2921 1799 Εἶτα
2959 1745 3020 1799 τὸ
3050 1746 3278 1816 πρᾶγμα
3311 1742 3672 1843 διηγούμενος

418 1835 518 1893 biti
547 1840 831 1911 plagisque
856 1843 980 1898 caesi
1020 1851 1168 1901 sunt.
1210 1843 1380 1915 Igitur
1431 1845 1478 1900 si
1511 1844 1715 1903 Paulus
1735 1847 1934 1916 spiritu

2165 1842 2513 1913 συγγραφεὺς
2565 1840 2814 1912 ἐπιφέρει
2845 1856 2859 1869 ·
2918 1839 3025 1893 Καὶ
3084 1836 3339 1906 ἐξῆλθεν
3382 1834 3530 1904 αὐτῇ
3590 1832 3668 1903 τῇ

421 1929 711 2001 increpans
744 1935 892 1990 illico
947 1934 1249 2006 Pythonem
1276 1936 1486 2007 depulit
1514 1938 1635 2009 ipso
1686 1940 1796 1994 ietu
1824 1940 1941 1995 ocul

2154 1949 2230 1999 χι.
2268 1932 2632 2001 Θεασάμενοι
2663 1927 2777 1986 οὖν
2807 1933 2862 1984 οὶ
2891 1931 3081 1997 κύριοι
3109 1927 3217 1996 τῆς
3247 1925 3674 1996 θεραπαινίδος

415 2032 474 2078 et
505 2024 731 2094 spiritus
756 2033 1025 2094 potestate
1053 2028 1204 2083 verbi
1234 2028 1468 2099 aufugit,
1496 2045 1622 2085 cum
1672 2031 1872 2102 lingua:
1903 2048 1935 2088 ε

2154 2044 2172 2089 3
2198 2022 2471 2078 ἐκποδὼν
2492 2023 2679 2093 ᾤχετο
2707 2022 2817 2091 τῆς
2843 2021 3128 2090 ἐργασίας
3164 2018 3361 2074 αὐτῶν
3393 2020 3429 2087 ἡ
3459 2017 3674 2085 ἐλπὶς,

417 2127 549 2166 num
574 2129 684 2169 non
712 2115 980 2184 potuisset
1002 2118 1274 2173 sustinere
1297 2160 1312 2183 ,
1354 2118 1503 2174 dicat
1531 2119 1586 2173 in
1616 2130 1863 2189 apertum
1901 2138 1937 2177 vi

2161 2116 2506 2185 ῖιλαϐόμενοι
2548 2113 2655 2168 τὸν
2680 2115 2927 2168 Παῦλον
2965 2115 3063 2165 καὶ
3106 2112 3213 2166 τὸν
3247 2113 3433 2166 Σίλαν
3459 2112 3681 2166 εἵλκυ-

417 2206 579 2260 niens
605 2207 699 2274 qui
734 2207 882 2261 illam
930 2209 1256 2264 sententiam
1301 2209 1517 2279 probat,
1555 2225 1666 2281 qua
1708 2220 1937 2282 potestat

2158 2224 2214 2261 ιν
2252 2208 2341 2272 εις
2373 2204 2488 2275 τὴν
2524 2205 2748 2275 ἀγορὰν
2778 2204 2874 2259 ἐπὶ
2919 2203 3064 2269 τοὺς
3102 2202 3425 2270 ἇρχοιταςθ
3468 2200 3678 2271 ὕϐρεσι

416 2295 471 2348 vi
502 2310 611 2350 una
637 2312 761 2352 cum
815 2296 984 2353 Paulo
1031 2299 1352 2356 sentientem
1397 2300 1706 2359 Samuelem
1761 2303 1935 2359 invitu

2186 2298 2281 2353 καὶ
2316 2297 2549 2369 πληγαῖς
2595 2298 2757 2350 αἴτιοι
2799 2295 3073 2365 γεγόνασι,
3107 2293 3435 2365 συκοφαντίᾳ
3472 2293 3681 2348 στάσιν

414 2387 628 2443 daemon
653 2406 891 2447 evocans
924 2392 993 2448 ab
1020 2393 1207 2449 inferis
1230 2395 1414 2450 eduxit
1440 2397 1464 2450 ‘t
1488 2394 1595 2452 Sed
1629 2397 1766 2451 nihil
1798 2399 1934 2453 hora

2162 2392 2489 2463 ἐγείροντες.
2534 2390 2598 2443 Εἰ
2641 2389 2821 2443 τοίνυν
2860 2388 2889 2440 ὁ
2930 2385 3175 2450 Παῦλος,
3218 2386 3544 2457 ἐπιτιμήσας
3589 2386 3682 2458 τῷ

414 2480 562 2549 quod
590 2496 777 2536 verum
802 2483 872 2537 sit
902 2486 1099 2553 poterit
1127 2485 1523 2543 demonstrare.
1549 2487 1626 2542 Ita
1656 2498 1715 2543 ut
1736 2489 1826 2544 hic
1853 2505 1934 2560 qui

2168 2488 2395 2555 εύματι,
2447 2483 2539 2536 τὸν
2593 2482 2692 2554 μὲν
2743 2481 3079 2553 πυθόμαντιν
3133 2479 3344 2552 ἀθρόως
3402 2476 3688 2549 ἐξήλασεν

416 2586 523 2639 que
552 2570 695 2627 facili
718 2574 937 2644 negotio
956 2577 1265 2647 intelligere
1293 2578 1573 2648 possimus
1587 2579 1934 2636 fraudulentu

2190 2578 2327 2649 αὐτῇ
2365 2578 2431 2647 τῇ
2476 2577 2649 2647 ῥοπῇ,
2694 2575 2755 2627 τὸ
2794 2573 2852 2627 δὲ
2902 2573 3122 2644 πνεῦμα
3166 2576 3236 2644 τῇ
3279 2572 3375 2625 τοῦ
3418 2572 3684 2642 ῥήματος

417 2664 592 2728 illum,
621 2666 752 2721 dum
778 2668 983 2725 diceret
1020 2690 1035 2726 :
1064 2670 1258 2742 Ulquid
1286 2673 1608 2742 perturbasti
1640 2691 1722 2730 me
1749 2676 1835 2730 “7
1855 2675 1937 2732 Sat

2170 2668 2396 2740 ‘éapaoev
2444 2666 2692 2737 ἐξουσίᾳ,
2756 2664 2831 2736 μὴ
2883 2664 3179 2735 δυνάμενον
3231 2662 3521 2732 ὑποστῆναι
3572 2661 3690 2716 τὸν

416 2753 523 2809 lem
556 2765 765 2810 mutata
796 2758 969 2813 forma
1000 2761 1293 2816 allocutum
1310 2763 1502 2820 fuisse.
1536 2765 1804 2820 Innuebat
1833 2767 1936 2837 qui]

2172 2777 2194 2823 ;
2237 2758 2490 2828 γλώσσης
2520 2753 2682 2829 ἦχον·
2733 2758 2939 2811 εἰπάτω
2974 2755 3183 2828 παριὼν
3239 2757 3321 2818 είς
3354 2753 3692 2824 τούμφανὲς

416 2860 486 2915 pe
516 2862 576 2903 se
612 2863 722 2904 non
754 2866 855 2904 sua
881 2852 1187 2917 voluntate,
1226 2855 1321 2910 sed
1378 2856 1608 2911 invitum
1655 2859 1936 2914 ascendiss

2166 2851 2236 2922 τῷ
2270 2851 2455 2921 τοιῷδε
2510 2849 2898 2921 συνιστάμενος
2938 2850 3070 2921 ὅρῳ,
3120 2849 3345 2919 Ποταπῇ
3380 2846 3686 2915 δυνάμεως

417 2939 728 3005 nolentem,
778 2943 1100 2998 necessitate
1159 2953 1213 3000 et
1261 2946 1314 2999 vi
1373 2948 1541 3002 veluti
1597 2951 1937 3019 praestantior

2164 2946 2263 3014 ετῇ
2319 2942 2412 2996 τὸν
2467 2941 2718 3013 ὁμόδοξον
2768 2941 2845 3013 τῷ
2900 2941 3098 3011 Παύλῳ
3156 2937 3407 3010 Σαμουὴλ
3460 2937 3684 2993 ἄκοντα

418 3031 646 3102 imperio
670 3041 921 3087 coactum
976 3036 1208 3091 missum
1240 3036 1430 3094 fuisse.
1486 3038 1601 3095 Rex
1628 3057 1760 3097 vero
1794 3042 1871 3096 illi
1905 3059 1938 3096 rt

2163 3035 2571 3106 ,caxalobpsvo;
2619 3037 2647 3087 ὁ
2684 3034 2892 3104 δαίμων
2936 3034 3208 3105 ἀνήγαγεν
3247 3030 3306 3097 te,
3345 3030 3498 3101 ᾆδους
3540 3030 3683 3083 ἀλλ’

417 3121 640 3190 spondit
688 3142 702 3178 :
766 3124 1014 3179 Tribulor
1057 3126 1225 3192 valde,
1256 3138 1306 3183 et
1333 3129 1639 3201 alienigena:
1685 3132 1881 3187 bellant
1930 3152 1937 3187 ι

2164 3147 2189 3182 ιι
2227 3129 2292 3183 ἂν
2331 3129 2443 3200 ἔχοι
2484 3128 2755 3183 δεικνύναι
2796 3126 3002 3180 τούτων
3046 3126 3197 3178 οὐδὲν
3241 3123 3452 3196 ἀληθές.
3497 3123 3684 3178 Ὥστε

415 3230 533 3279 me;
555 3224 604 3269 et
632 3215 797 3281 Deus,
830 3220 927 3282 ait,
955 3220 1193 3275 discessit
1222 3241 1253 3275 a
1281 3239 1382 3288 me,
1412 3234 1461 3278 et
1491 3242 1595 3280 non
1625 3226 1935 3281 exaudivitn

2166 3224 2183 3274 ι
2222 3219 2311 3274 διὰ
2350 3219 2518 3273 τῶνδε
2569 3220 2710 3291 μάλα
2758 3218 2956 3290 ῥᾳδίως
2994 3217 3140 3270 ἐστὶν
3182 3215 3330 3279 ἰδεῖν,
3369 3215 3449 3267 ὅτι
3494 3230 3686 3284 μετα..

416 3304 583 3370 ultra,
607 3308 770 3362 etiam
800 3310 856 3363 in
886 3328 1045 3366 manu
1080 3314 1454 3382 prophetarum
1478 3326 1527 3370 et
1578 3317 1633 3370 in
1662 3318 1916 3380 somniis;

2168 3312 2520 3384 ρφωσάμενος
2549 3312 2775 3382 ἠγόρευε
2801 3308 2877 3380 τῷ
2903 3308 3074 3361 Σαοὺλ
3095 3310 3122 3361 ὁ
3142 3306 3466 3377 δολομήτης’
3509 3303 3688 3359 Ἰνα-

417 3412 556 3451 nunc
586 3400 765 3453 vocavi
798 3409 846 3454 te
874 3401 943 3455 ad
978 3402 1360 3472 noti/icandum
1384 3406 1512 3460 mihi
1540 3406 1664 3476 quid
1696 3408 1894 3476 faciam
1917 3409 1937 3440 ³

2183 3401 2668 3473 παρηνώχλησάς
2716 3417 2828 3470 ys;
2877 3404 3075 3471 φήσας.
3127 3397 3469 3468 Ἐπῃνίττετο
3524 3396 3680 3469 γὰρ,

417 3486 616 3545 lterum
647 3492 813 3562 igitur
864 3494 1306 3564 respondendum
1359 3504 1444 3553 est
1477 3517 1488 3552 :
1532 3497 1744 3565 Nonne,
1778 3501 1824 3555 si
1860 3514 1937 3570 spt

2166 3518 2170 3547 ι
2197 3496 2349 3566 παρὰ
2382 3493 2635 3566 βούλησιν
2666 3493 2813 3548 ἄκων
2856 3489 3161 3553 ἀνέϐαινεν,
3194 3488 3255 3541 οὐ
3299 3486 3483 3551 θέλων,
3523 3486 3686 3542 ἀλλὰ

415 3581 633 3637 ctabilis
668 3582 757 3638 ille
783 3582 1009 3647 Samuel,
1030 3587 1291 3657 propheta
1324 3587 1538 3646 fuisset.
1572 3590 1747 3645 virum
1782 3591 1838 3646 in
1873 3607 1935 3645 mi

2164 3585 2303 3660 άγκῃ
2342 3586 2436 3639 καὶ
2468 3585 2579 3656 βίᾳ,
2607 3584 2856 3655 καθάπερ
2888 3581 2979 3634 ὑπ’
3007 3579 3170 3635 αὐτοῦ
3203 3576 3684 3651 μεταπεμφθῆναι

416 3669 608 3727 liorem
632 3669 845 3744 frugem
875 3674 992 3730 suis
1020 3675 1240 3732 monitis
1292 3676 1639 3733 reduxisset?
1670 3676 1860 3732 Nonne
1911 3679 1936 3732 ἰ]

2166 3679 2182 3733 5
2239 3679 2546 3752 κρείττονος
2609 3676 2944 3747 ὲπιταχθείς.
3012 3675 3071 3727 '0
3114 3673 3172 3727 δὲ
3226 3673 3487 3743 δυνάστης
3531 3670 3686 3725 ἀνθ-

415 3762 651 3832 primum
683 3762 912 3820 dixisset
940 3784 955 3822 :
981 3764 1075 3821 Dic
1105 3766 1263 3832 mihi,
1296 3768 1541 3822 omnium
1568 3768 1849 3824 hominum
1881 3785 1933 3823 ω

2165 3772 2403 3841 τενέγκας
2449 3770 2584 3842 ἔφη’
2636 3771 2918 3839 Θλίϐομαι
2962 3765 3230 3836 σφόδρα,
3277 3765 3372 3819 καὶ
3399 3765 3451 3818 οι
3483 3763 3685 3817 ἄλλό·

417 3853 666 3919 serrime,
720 3854 768 3909 si
811 3855 1129 3926 alienigenae
1154 3858 1421 3913 instructa
1458 3861 1577 3915 acie
1604 3861 1857 3916 cominus
1890 3861 1937 3915 ol

2160 3868 2270 3918 γλοι
2298 3861 2669 3932 πολεμοῦσιν
2693 3862 2762 3914 ἐν
2794 3860 2945 3929 ἐμοὶ,
2973 3860 3068 3913 καὶ
3103 3861 3136 3913 ὁ
3165 3857 3309 3924 Θεὸς
3336 3854 3680 3927 ἀφέστηκε,

415 3944 618 3998 vallant
640 3961 821 4017 pugna
850 3947 1204 4012 decertaturi,
1239 3950 1285 4005 si
1336 3949 1479 4007 Deus
1507 3951 1764 4008 discessit
1792 3968 1822 4006 a
1853 3962 1905 4008 te
1933 3982 1935 3999 ι

2170 3954 2273 4019 σὶν,
2308 3954 2408 4008 ἀπ’
2440 3952 2607 4023 ἐμοῦ,
2639 3952 2735 4006 καὶ
2767 3954 2879 4005 οὐκ
2917 3949 3141 4017 ἀκήκοέ
3158 3966 3278 4018 μου
3309 3947 3414 4012 ἔτι,
3436 3944 3560 3998 οὔτ’
3600 3946 3684 3999 ἐν

414 4034 632 4105 penitus
653 4051 763 4091 non
791 4038 1057 4105 exaudiit,
1103 4057 1280 4111 neque
1308 4043 1603 4114 prophetae,
1635 4044 1765 4099 dum
1814 4061 1913 4115 pro

2164 4047 2239 4115 ιρὶ
2273 4044 2392 4099 τῶν
2422 4041 2763 4114 προφητῶν,
2790 4043 2913 4097 οὔτ’
2946 4044 3016 4097 ἐν
3039 4041 3379 4106 ἐνυπνίοις-⁸
3412 4036 3510 4091 καί
3540 4037 3681 4091 νῦν

418 4122 739 4194 legationem
790 4128 1045 4194 subeunt,
1076 4130 1372 4202 quidquam
1421 4134 1752 4205 percipiunt,
1812 4153 1938 4208 neqt

2163 4136 2361 4206 κληκά
2396 4151 2471 4191 σε
2511 4135 2797 4206 γνωρίσαι
2831 4152 2934 4204 μοι
2976 4134 3033 4187 τί
3068 4130 3318 4199 ποιήσω.
3363 4129 3528 4184 Πάλιν
3565 4126 3682 4185 οὖν

417 4215 561 4271 inter
584 4217 963 4275 dormiendum
985 4236 1165 4293 neque
1217 4225 1357 4280 inter
1384 4227 1721 4298 vigilandum
1754 4230 1882 4300 quid
1908 4230 1937 4284 f:

2164 4229 2412 4303 ςοκριτέον
2437 4246 2450 4260 ·
2510 4230 2575 4282 Et
2622 4227 2874 4299 Σαμουὴλ
2916 4229 2945 4280 ὁ
2986 4225 3342 4297 περίϐλεπτος
3396 4222 3684 4293 ἐτύγχανε

414 4317 504 4362 cto
527 4323 666 4379 opus
699 4309 771 4365 sit
791 4310 1135 4382 admoneris;
1167 4330 1346 4372 nonne
1368 4316 1440 4371 ibi
1466 4318 1650 4388 potius
1679 4326 1839 4375 terrae
1869 4337 1934 4391 pr

2162 4323 2392 4393 οφήτης,
2428 4320 2527 4375 οὐκ
2568 4320 2634 4375 ἂν
2666 4320 2998 4391 ἐσωφρόνισε
3032 4318 3123 4371 τὸν
3160 4316 3328 4390 ἄνδρα
3366 4314 3682 4381 νουθετῶνς

413 4399 680 4457 cumbens
707 4400 875 4457 Deum
907 4403 1005 4459 tibi
1039 4406 1329 4476 propitium
1357 4408 1584 4464 reddere
1614 4410 1905 4477 debueras,

2162 4429 2190 4466 κ
2221 4411 2287 4467 ἂν
2323 4407 2475 4465 εἶπεν
2517 4410 2665 4482 αύτῷ
2702 4411 2763 4463 τὸ
2805 4409 3051 4481 πρῶτον;
3093 4407 3231 4461 Είπὲ
3278 4424 3390 4479 μοι,
3445 4405 3682 4477 σχέτλιε

410 4492 775 4566 eleemosynis
809 4496 866 4551 in
894 4510 1160 4567 pauperes
1181 4500 1421 4570 erogatis
1468 4510 1818 4570 peccatorum
1851 4520 1930 4559 cal

2162 4521 2307 4558 ιντων
2344 4472 2665 4575 ἀνθρώπων,
2705 4505 2754 4556 εί
2805 4472 3171 4573 περιέστηκαν
3229 4472 3292 4553 οἱ-
3329 4472 3682 4567 ωλογενεῖς,

414 4599 506 4641 sas
534 4586 774 4651 abluere,
799 4595 851 4643 et
872 4604 980 4643 non
1010 4589 1075 4643 ad
1107 4600 1283 4645 vatem
1320 4594 1811 4666 engastrimythum
1846 4612 1934 4653 cor

2165 4610 2172 4653 :
2220 4592 2454 4664 πόλεμον
2509 4592 3099 4665 ἀντιπαραταττόμενοι
3160 4587 3439 4654 συσταδὸν,
3500 4587 3685 4666 ειπερ

414 4675 623 4748 fugere,
653 4687 706 4732 et
733 4694 833 4747 pro
877 4677 1086 4736 furiosa
1114 4681 1451 4739 divinatione
1486 4684 1703 4754 pietatis
1745 4687 1926 4759 insign

2166 4684 2284 4748 θεὸς
2334 4685 2641 4755 ἀφέστηκεν
2691 4684 2800 4737 ἀπὸ
2856 4684 2949 4737 σοῦ
3002 4684 3095 4737 καὶ
3146 4682 3205 4736 τὸ
3256 4682 3515 4754 παράπαν
3558 4683 3686 4739 οὐκ

412 4780 769 4835 commutare,
809 4788 985 4842 neque
1034 4788 1145 4828 non
1183 4775 1351 4830 semel
1395 4775 1705 4834 calamitate
1754 4781 1932 4835 auctio

2163 4776 2369 4849 ακήκοέ
2401 4794 2515 4842 σου,
2541 4776 2665 4830 οὔτε
2697 4776 2754 4829 δὲ
2781 4776 3055 4849 προφῆται
3095 4773 3484 4847 πρεσϐεύοντες
3516 4774 3681 4847 ὐτήρ

411 4860 764 4932 opprimere?
792 4860 875 4917 An
905 4871 957 4919 te
991 4861 1133 4935 fugit
1158 4866 1492 4920 exsecranda
1520 4866 1635 4923 hate
1665 4866 1833 4923 Deum
1888 4886 1931 4925 e1

2159 4866 2188 4919 ὗ
2230 4864 2575 4938 κατῄδεισαν,
2610 4865 2734 4920 οὔτε
2766 4866 2919 4937 δναρ,
2966 4864 3088 4920 οὔτε
3119 4864 3269 4936 ὕπαρ
3300 4863 3679 4939 ἀπεκαλύφθη

414 4952 619 5023 pressis
651 4954 836 5010 verbis
870 4972 965 5025 per
992 4955 1212 5027 Moysen
1244 4956 1296 5010 in
1330 4955 1572 5013 Levitico
1599 4959 1934 5029 prohibuisse

2161 4981 2174 5016 ι
2208 4961 2268 5015 τὸ
2306 4960 2441 5026 δέον,
2480 4962 2540 5014 οὑ
2574 4960 2748 5034 ταύτῃ
2790 4961 2988 5031 μᾶλλον
3033 4958 3240 5029 ὤφελες
3290 4957 3681 5029 ἐξιλεούμενος

415 5041 540 5096 Non
595 5046 883 5114 sequemini
933 5046 1394 5117 engastrimgtltos,
1453 5057 1503 5102 et
1560 5049 1935 5105 incantatoribt

2163 5052 2338 5123 ιθῆναι
2379 5046 2518 5119 Θεῷ,
2559 5050 2654 5103 καὶ
2691 5051 2940 5122 πενήτων
2996 5048 3388 5120 ὲλεημοσύναις
3439 5048 3680 5104 ἀπολού-

414 5148 519 5187 non
550 5133 903 5203 adhwrebitis,
967 5147 1023 5190 ut
1074 5138 1419 5207 inquinemini
1457 5140 1512 5194 in
1562 5142 1660 5199 eis.
1700 5141 1812 5212 Ego
1868 5160 1929 5196 su

2158 5141 2288 5194 ,σθαι
2341 5138 2410 5193 τὰ
2465 5139 2573 5217 τῷν
2634 5140 2992 5212 ἐγκλημάτων
3050 5140 3199 5192 αἴτια
3219 5179 3235 5205 ,
3296 5140 3425 5211 μήτι
3476 5157 3541 5209 γε
3600 5142 3678 5215 δὴ

416 5221 672 5280 Dominus
724 5228 865 5283 Deus
890 5238 1055 5283 vester
1080 5230 1144 5284 ³⁸.
1175 5230 1366 5286 Nonne
1417 5234 1625 5289 scelera
1672 5235 1789 5290 haec
1820 5236 1932 5305 imp

2160 5233 2458 5302 ,ταφεύγειν
2491 5232 2583 5285 ἐπὶ
2620 5231 2813 5304 μάντιν
2846 5230 3302 5304 ὲγγαστρίμυθον,
3333 5230 3427 5285 καὶ
3463 5233 3680 5302 μανιώ-

416 5322 576 5384 putas
607 5317 716 5373 Deo
751 5319 1048 5378 adversari.
1082 5328 1135 5376 et
1153 5322 1385 5377 similem
1420 5323 1657 5380 fabulam
1687 5342 1846 5397 agere
1887 5342 1935 5380 at

2156 5316 2184 5378 ι’
2218 5327 2448 5396 μαντικῇ
2496 5324 2563 5378 τὰ
2605 5324 2707 5394 τῆς
2753 5323 3035 5387 εὐσεϐείας
3077 5322 3676 5380 ἀντικαταλλάττεσθαι

403 5400 538 5460 des?
558 5407 697 5464 Audi
722 5428 842 5481 qua:
868 5426 1190 5487 sequuntur,
1218 5417 1329 5473 Deo
1358 5419 1477 5489 ipso
1516 5421 1725 5477 oraculi
1757 5422 1863 5477 ritu
1900 5438 1923 5477 s

2153 5413 2356 5486 ιμϐολα,
2391 5416 2485 5467 καὶ
2513 5413 2632 5468 καθ’
2657 5410 2851 5467 ἑαυτοῦ
2878 5412 2937 5466 τὸ
2965 5412 3138 5476 πάθος
3162 5411 3397 5482 αὐξῆσαι
3429 5410 3673 5480 διττῶς;

403 5509 499 5563 per
525 5496 627 5553 hoc
662 5500 905 5561 facinore
944 5508 1261 5563 enuntiante
1300 5527 1312 5561 :
1355 5508 1419 5563 Et
1451 5513 1652 5578 anima,
1680 5512 1854 5582 inquit
1891 5512 1923 5544 ³¹

2156 5512 2257 5585 γὰρ
2285 5512 2346 5565 ού
2377 5509 2704 5582 διανοητέον,
2731 5508 2813 5561 ὅτι
2840 5506 2910 5561 τὰ
2933 5506 3111 5559 τοιάδε
3155 5506 3441 5577 μιάσματα
3485 5505 3676 5577 ῥητῶς

419 5598 839 5731 “sixty;
865 5608 930 5662 ιδ
960 5609 1041 5665 ιε,
1156 5610 1343 5664 "and.
1384 5615 1572 5682 18,19.
1674 5626 1717 5658 ιι
1755 5626 1783 5681 1
1815 5629 1937 5702 Reg.

2190 5632 2277 5688 15.
2385 5631 2429 5663 ³³
2449 5626 2577 5685 ibid.
2683 5627 2727 5659 ³⁸
2751 5622 2871 5679 Lev.
2901 5638 2989 5690 xx,
3024 5621 3132 5689 27;
3197 5620 3352 5676 Deut.
3387 5634 3543 5690 tvm,
3567 5620 3676 5679 ΙΙ.
