3850 6160
184 288 308 343 657

1120 286 1205 346 DE
1239 284 1839 344 ENGASTRIMYTHO
1877 283 2160 343 CONTRA
2197 283 2573 343 ORIGENEM.

3335 293 3441 350 658

182 407 574 476 ἀπηγόρευσεν
617 403 646 456 6
681 401 812 466 Θεὸς
860 402 918 454 ὲν
960 398 1037 473 τῷ
1077 401 1347 474 Λευῖτικῷ
1389 400 1479 457 διὰ
1527 401 1771 467 Μωσέως

1880 419 1988 473 qua:
2042 401 2323 457 subsecuta
2357 402 2517 471 fuerit
2558 404 3001 476 engastrimythos
3049 416 3100 461 et
3140 407 3442 464 incantato-

187 495 397 552 εἰπών’
417 496 539 550 Οὐκ
567 492 1089 559 ἐπακολουθήσετε
1113 492 1236 559 τοῖς
1262 493 1768 563 ὲτγαο-ῖριμύθοις,

185 586 299 641 καὶ
338 585 464 651 τοῖς
495 579 794 649 ἐπαοιὸοἴς
835 584 906 637 οὺ
937 580 1574 651 προσκολληθήσεσθε,
1595 599 1771 652 μιαν-

186 677 375 746 θῆναι
398 677 467 732 ἐν
493 674 716 741 αὐτοῖς.
770 672 917 746 Ἐγώ
941 674 1057 743 εἶμι
1089 674 1305 742 Κύριος
1340 677 1373 728 ό
1404 672 1548 740 Θεὸς
1575 674 1767 743 ὑμῶν’

183 770 315 824 ἀλλ’
341 769 440 822 οὐκ
465 767 634 839 ἀσεϐῆ
661 767 787 821 τάδε
816 766 887 820 τὰ
917 765 1259 838 βδελύγματα
1288 766 1527 837 νομίζεις
1556 764 1773 819 ἐναντία

183 860 274 933 τῷ
315 859 454 931 Θεῷ,
485 859 916 930 δραματουργεῖν
956 857 1253 930 ἐγχειρῶν;
1292 859 1487 933 ¹Ἀκουε
1529 858 1622 910 καὶ
1655 851 1771 929 μεθ¹

183 931 364 1025 ἔτερα
407 951 501 1004 τοῦ
545 949 680 1004 Θεοῦ
725 949 1178 1021 χρησμῳδοῦντος
1211 949 1302 1001 ἐπὶ
1331 931 1410 1020 τῷ
1438 948 1625 1020 τοιῷδε
1656 948 1776 1002 τολ-

194 1047 451 1115 μήματι”
504 1041 614 1097 Καὶ
658 1040 864 1111 ψυχὴ,
927 1041 1112 1111 φησὶν,
1169 1039 1301 1109 ἣτις
1334 1040 1411 1094 ἂν
1442 1040 1774 1094 ἐπακολου-

190 1136 362 1206 ϐήσῃ
415 1134 539 1201 τοῖς
592 1135 1084 1205 ἐγγαστριμύθοις
1141 1132 1179 1202 ἢ
1228 1130 1562 1198 ἐπαοιδαῖς,
1619 1129 1775 1185 ὥστε

190 1226 599 1299 ἐκπορνεῦσαι
642 1228 833 1281 ὀπίσω
874 1227 1092 1281 αὐτῶν.
1134 1227 1324 1279 Ὀποῖα
1370 1225 1467 1278 καὶ
1499 1225 1621 1278 τίνα
1657 1225 1776 1278 πεί-

140 1384 154 1393 ,
193 1337 357 1375 σεται
400 1320 655 1391 προσθεὶς
691 1318 973 1390 ἀπέφρασε
1023 1317 1249 1390 προῖὼν,
1323 1315 1666 1383 Ἐπιστήσω
1709 1315 1774 1369 τὸ

194 1414 528 1483 πρόσωπόν
547 1429 690 1483 μου,
720 1412 981 1482 φάμενος,
1009 1410 1108 1464 ἐπὶ
1130 1409 1246 1479 τὴν
1274 1408 1487 1478 ψυχὴν
1511 1408 1772 1475 ἐκείνην,

194 1507 297 1561 καὶ
347 1502 557 1560 ἀπολῶ
605 1502 798 1571 αὐτὴν
837 1502 906 1555 ἐκ
950 1501 1057 1556 τοῦ
1102 1501 1255 1556 λαοῦ
1300 1499 1511 1570 αὐτῆς.
1557 1499 1620 1551 El
1683 1494 1776 1552 οὖν

191 1592 439 1667 ἀρχῆθεν
488 1591 862 1664 νομοθετήσας
909 1592 938 1644 6
979 1590 1112 1655 Θεὸς
1154 1588 1445 1661 αὐστηροῖς
1490 1585 1777 1642 ἀπέστειλε

194 1685 603 1758 προγράμμασι
641 1684 768 1747 τοὺς
822 1680 1098 1745 τοιαύταις
1133 1679 1647 1751 ὲγχαλινευομένους
1681 1681 1775 1732 ἐπ-

1872 510 1976 561 res,
2004 487 2373 564 ut'fornicetui'
2399 504 2515 564 post
2544 512 2631 551 eos
2663 515 2684 550 :
2717 511 2839 566 qua:
2863 504 2917 552 et
2945 498 3127 568 qualia
3180 506 3309 555 sunt
3353 501 3443 556 il'la

1871 600 1992 656 quae
2025 585 2279 656 patietur,
2315 586 2508 655 paucis
2544 587 2774 643 annexis
2812 588 3036 659 exponit
3070 589 3446 647 :Constituam

1872 678 2062 748 faciem
2095 693 2264 732 meam
2288 678 2342 731 in
2366 679 2598 732 animam
2640 677 2813 745 illam,
2843 690 2893 734 et
2940 680 3158 751 perdam
3202 681 3355 737 illam
3380 683 3445 738 de

1870 772 2059 841 populo
2089 770 2260 827 illius.
2313 771 2503 842 Itaque
2532 786 2660 826 cum
2712 774 2950 843 primum
3000 773 3145 830 Deus
3189 776 3335 847 leges
3365 774 3445 832 fe-

1873 878 2021 929 rens,
2058 865 2263 919 severis
2293 863 2580 934 praeceptis
2631 858 2701 920 ab
2729 866 3193 923 incantationibus
3232 873 3287 923 et
3313 866 3448 922 divi-

1873 954 2190 1010 nationibus
2239 954 2509 1020 inhibuit,
2562 955 2875 1012 miseranda
2909 972 3041 1013 vero
3098 958 3448 1030 obscuraque

1875 1051 2268 1100 tormentorum
2300 1045 2417 1099 loca
2444 1050 2637 1100 contra
2664 1061 2760 1101 eos
2785 1048 2875 1116 qui
2902 1046 3094 1102 talium
3117 1064 3298 1103 rerum
3322 1064 3448 1105 con-

1875 1138 1998 1191 victi
2033 1137 2237 1193 fuerint
2270 1137 2529 1193 terribilis
2561 1139 2838 1206 minatur;
2870 1155 3051 1195 nonne
3077 1142 3170 1211 qui
3218 1156 3251 1194 a
3296 1148 3446 1198 tene-

1876 1230 1975 1295 ris,
2012 1230 2262 1294 utaiunt,
2309 1229 2620 1300 unguiculis
2674 1228 2786 1284 Deo
2840 1235 2959 1284 erat
3003 1240 3363 1288 consecratus
3391 1238 3447 1287 et
3524 1236 3527 1239 ’

1876 1329 2136 1377 constans
2167 1322 2345 1391 legum
2400 1322 2719 1377 observator
2750 1317 2864 1376 haec
2927 1321 2981 1376 in
3017 1323 3220 1392 primis
3251 1322 3448 1380 debue-

1876 1421 1962 1467 rat
1990 1414 2286 1469 accusare?
2315 1412 2422 1469 Sed
2449 1422 2505 1469 et
2527 1413 2621 1483 qui
2668 1413 2783 1482 jam
2811 1429 2842 1468 a
2872 1429 3063 1487 puero,
3091 1415 3301 1486 legibus
3330 1420 3450 1470 erat

1876 1505 2195 1567 instructus,
2228 1504 2426 1574 quippe
2453 1504 2655 1574 legales
2672 1498 2842 1562 libros
2864 1505 3212 1561 exactissime
3240 1520 3448 1578 cogno-

1876 1609 2031 1650 scere
2088 1603 2322 1665 poterat,
2369 1610 2641 1666 nusquam
2692 1610 2937 1651 errorem
2981 1597 3322 1666 requisisset,
3380 1613 3451 1654 ne

1877 1688 2075 1743 misere
2108 1687 2296 1743 fraude
2348 1688 2561 1761 decepti
2590 1690 2646 1745 in
2690 1689 2930 1745 furiosas
2955 1689 3206 1744 nonnulli
3236 1689 3450 1744 divina-

193 1774 456 1849 αοιδαίςῆ
491 1775 789 1848 μαντείαις,
819 1774 1036 1828 ἀπειλεῖ
1059 1772 1115 1826 δὲ
1135 1769 1432 1843 σκυθρωπά
1459 1771 1553 1824 καί
1576 1769 1775 1841 σκιώδη

1880 1777 2056 1832 tiones
2104 1787 2440 1848 raperentur.
2492 1779 2597 1835 Sed
2632 1780 2826 1836 horum
2886 1778 3025 1834 nihil
3080 1779 3164 1835 vel
3193 1778 3331 1849 dixit
3367 1778 3453 1835 vel

194 1869 537 1941 κολαστήρια
592 1866 733 1921 κατά
783 1864 893 1919 τῶν
951 1863 1318 1935 ἁλισκομένων
1370 1863 1463 1915 ἐπὶ
1527 1857 1587 1927 τῇ
1651 1859 1777 1932 δίκῃ

192 1959 478 2032 φοϐερῶς,
535 1959 596 2013 ού
641 1959 731 2011 τὸν
771 1957 1131 2037 ἀνακείμενον
1179 1954 1239 2019 ἐξ
1286 1953 1508 2009 ἁπαλῶν
1568 1952 1776 2022 ὀνύχων

190 2054 275 2125 τῷ
307 2055 427 2126 Θεῷ
471 2054 565 2107 καὶ
610 2052 962 2124 νομοφύλακα
1009 2051 1224 2122 βὲῗαιον
1269 2050 1373 2103 ἔδει
1414 2047 1777 2121 περὶτούτων

194 2143 497 2211 ἐγκαλέσαι
525 2141 772 2213 πρῶτον;
804 2140 943 2193 Ἀλλ’
970 2142 998 2194 6
1030 2138 1346 2212 νομομαθὴς
1375 2140 1438 2191 ὲκ
1470 2138 1776 2210 μειρακίου,

193 2235 295 2288 καὶ
330 2234 431 2297 τάς
467 2232 699 2305 νομικὰς
739 2230 1045 2303 ἀκριῦῶσαι
1079 2228 1344 2302 γραμμάς
1380 2229 1658 2301 ἀκρότατα
1694 2228 1781 2281 δυ-

1874 1862 2210 1937 elllagitavit.
2241 1865 2428 1939 Neque
2456 1869 2601 1924 enim
2634 1868 2855 1926 Samuel
2893 1876 3013 1925 erat
3046 1889 3061 1924 :
3098 1868 3194 1926 sed
3219 1868 3313 1940 qui
3338 1868 3453 1923 haec

1876 1957 2059 2011 omnia
2091 1972 2118 2009 a
2142 1957 2317 2028 prima
2348 1958 2434 2012 sui
2467 1958 2677 2029 origine
2721 1958 3161 2024 machinabatur,
3192 1958 3309 2014 haec
3334 1972 3456 2028 pro-

1877 2045 2051 2115 pheta:
2080 2047 2315 2116 speciem
2343 2062 2453 2117 prae
2485 2062 2546 2103 se
2578 2046 2759 2104 ferens
2787 2048 3070 2119 respondit
3100 2049 3144 2080 "
3178 2067 3192 2104 :
3234 2046 3451 2118 thuid,

1876 2138 2086 2204 dicens,
2114 2140 2407 2210 interrogas
2438 2156 2540 2202 me,
2594 2148 2644 2193 et
2680 2139 2933 2194 Dominus
2983 2139 3229 2196 discessit
3257 2157 3289 2195 a
3314 2149 3381 2204 te,
3404 2150 3455 2194 et

1878 2229 2050 2298 factus
2076 2238 2153 2283 est
2181 2246 2300 2284 cum
2333 2234 2574 2300 proximo
2611 2235 2740 2287 tuo?
2771 2231 2839 2286 Et
2872 2232 2997 2303 fecit
3031 2233 3128 2287 tibi
3168 2232 3452 2298 Dominus,

194 2325 406 2398 νηθεὶς,
436 2326 535 2379 οὐκ
585 2325 652 2398 ἂν
692 2324 996 2396 ἐπεζήτησε
1038 2324 1098 2378 τὸ
1142 2326 1418 2395 πταῖσμα,
1471 2321 1626 2393 μήπη
1673 2320 1780 2393 ἄρα

1883 2320 2018 2373 sicut
2046 2318 2250 2374 locutus
2273 2329 2349 2375 est
2379 2320 2433 2374 in
2451 2338 2609 2375 manu
2641 2339 2776 2376 mea.
2811 2322 2938 2379 Haec
2967 2324 3135 2395 igitur
3173 2324 3319 2378 velut
3353 2322 3456 2378 ho-

191 2397 287 2469 διὰ
313 2417 503 2469 τούτου
534 2397 681 2479 τινες
713 2417 793 2479 εἰς
819 2415 1051 2486 μανικὰς
1091 2413 1452 2481 ἐξελκυσθῶσι
1496 2412 1776 2484 μαντείας,

1885 2411 2004 2474 stis,
2030 2410 2191 2466 simul
2210 2418 2264 2466 et
2286 2410 2572 2469 decessum
2602 2414 2892 2479 simulans,
2921 2415 3097 2480 all‘ert,
3120 2414 3331 2470 libellos
3360 2427 3457 2470 ae-

194 2508 388 2580 ἀπάτῃ
460 2507 852 2581 συλληφθέντες
919 2507 1138 2571 ἀθλίως.
1208 2506 1368 2559 Ἀλλά
1422 2505 1626 2559 τούτων
1680 2506 1777 2576 μὲν

1884 2502 2184 2559 cusationis
2206 2506 2577 2576 prosequitur.

192 2603 355 2658 οὐδὲν
387 2604 510 2657 οὒτε
550 2599 700 2657 εἶπεν
748 2601 872 2656 οὔτε
913 2602 1208 2674 ἐζήτησεν·
1253 2601 1313 2655 οὐ
1343 2600 1452 2673 γάρ
1490 2594 1557 2672 ἦν
1609 2601 1638 2653 6
1679 2597 1965 2671 Σαμουὴλ,
1996 2597 2110 2651 ἀλλ’
2159 2601 2188 2652 6
2239 2599 2309 2653 τὰ
2335 2600 2513 2655 τοιάδε
2571 2600 2825 2672 δράματα
2877 2599 3122 2672 τυρεύων
3168 2596 3457 2654 ἀνέκαθεν.

206 2695 338 2752 Ἐπὶ
388 2696 445 2751 δὲ
500 2696 709 2761 τούτοις
755 2696 1136 2769 ἀποκρίνεται,
1189 2698 1250 2750 τὸ
1293 2696 1581 2769 πρόσωπον
1618 2693 1713 2748 τοῦ
1762 2695 2043 2767 προφήτου
2100 2694 2319 2762 ὑποδὺς,
2384 2696 2583 2762 Ἰνατί,
2636 2696 2829 2766 λέγων,
2884 2693 3180 2765 ἐπερωτᾷς
3214 2710 3310 2766 με,
3356 2693 3457 2749 καὶ

194 2797 230 2846 ὁ
255 2796 477 2861 Κύριος
517 2791 863 2861 ἀφέστηκεν
899 2790 1018 2846 ἀπὸ
1075 2790 1221 2857 σοῦ,
1272 2792 1372 2845 καὶ
1413 2789 1623 2861 γέγονε
1662 2790 1813 2860 μετὰ
1861 2789 1971 2844 τοῦ
2027 2790 2293 2859 πλησίον
2344 2805 2506 2856 σου;
2550 2790 2673 2847 Kal
2732 2791 3026 2863 πεποίηκέ
3079 2808 3179 2847 σοι
3228 2790 3447 2858 Κύριος

195 2886 357 2942 καθὰ
396 2884 705 2954 ἐλάλησεν
766 2885 837 2939 ὲν
896 2885 1045 2956 χειρί
1082 2902 1224 2954 μου.
1273 2884 1459 2938 Ταῦτα
1506 2884 1602 2955 μὲν
1635 2880 1727 2938 οὖν
1761 2883 1838 2949 ὡς
1875 2884 2068 2957 ἐχθρὸς
2120 2884 2237 2955 ἅμα
2286 2885 2382 2938 καὶ
2424 2885 2689 2957 ἐκδημίαν
2732 2885 3175 2957 ύποτυπούμενος
3225 2884 3459 2953 εἰσάγει,

196 2978 567 3050 ἀναγινώσκει
592 2977 663 3032 τὰ
691 2979 789 3050 τῆς
823 2977 1153 3050 κατηγορίας
1186 2979 1575 3049 ὑπομνήματα.

272 3093 392 3150 ΧΗ.
427 3092 745 3165 Θεωρητέον
766 3091 823 3147 δὲ
847 3090 963 3155 πῶς
990 3090 1130 3143 αύτά
1153 3089 1222 3144 τὰ
1255 3090 1545 3145 συνεκτικὰ
1575 3089 1775 3160 παρεὶς

1948 3084 2073 3139 Xll.
2107 3083 2576 3141 Considerandum
2610 3086 2798 3155 utique
2832 3093 2916 3139 est
2956 3078 3194 3154 quanam
3234 3086 3450 3143 ratione

200 3186 370 3257 ὲγκλή
380 3204 543 3258 ματα,
561 3185 854 3240 πλάττεται
874 3185 970 3256 μὲν
983 3182 1265 3254 ὑποκρίσει
1277 3182 1661 3254 δεικτικωτέρᾳ
1680 3182 1743 3253 (4
1758 3183 1778 3254 )

203 3278 573 3349 φθέγγεσθαι·
640 3277 804 3351 μηδὲν
855 3276 913 3330 δὲ
966 3274 1327 3348 προγνώσεως
1393 3275 1539 3342 ἄξιον
1589 3273 1779 3337 εἰπὼν,

205 3374 394 3427 ἐκεῖνα
417 3373 659 3443 δευτεροϊ
682 3367 1083 3440 τεχνασμένως,
1105 3368 1209 3421 ὅσα
1241 3366 1444 3439 περιὼν
1470 3368 1498 3420 6
1529 3365 1782 3437 Σαμουὴλ

205 3467 293 3519 ἔτι
322 3463 586 3536 προύλεγε
623 3460 1005 3533 συνενεχθῆναι
1037 3458 1114 3532 τῷ
1143 3459 1334 3523 Σαοὺλ,
1379 3457 1522 3529 ἆπερ
1563 3458 1638 3522 ώς
1678 3459 1780 3531 ήδη

207 3556 473 3626 γεγονότα
516 3551 889 3627 προανεφώνει
938 3550 1314 3624 προφητεύων.
1364 3549 1524 3603 Ἀλλά
1571 3566 1635 3618 γε
1679 3548 1783 3620 μὴν

207 3649 241 3702 ὃ
268 3665 333 3717 γε
374 3649 552 3718 φήσας
582 3645 751 3717 αὐτῷ,
786 3645 848 3700 Τί
866 3662 942 3715 με
967 3641 1301 3712 ἐπερωτᾷς;
1329 3640 1624 3713 διαρρήδην
1650 3643 1782 3711 ὁμο-

209 3740 363 3808 λογεῖ
386 3738 561 3793 ταῦτα
599 3738 635 3793 ἃ.
662 3741 757 3793 καὶ
783 3739 1049 3812 πρότερον
1083 3737 1294 3808 εἰρήκει
1313 3752 1328 3768 ο
1356 3729 1783 3801 διαυτολογεῖ(4·)

207 3830 269 3885 δὲ
288 3830 353 3903 δὴ
385 3831 453 3884 τὰ
477 3830 791 3903 πρῶτα,,διά
820 3830 929 3884 τῶν
953 3830 1144 3884 ἔπειτα
1167 3824 1395 3897 βεϐαιῶν
1420 3825 1513 3879 ἐπὶ
1541 3823 1784 3896 προσχή-

214 3939 348 3994 ματι
400 3921 619 3992 γοωδῶς
642 3938 657 3952 ·
722 3922 1003 3995 Ὠριγένης
1052 3920 1110 3973 δὲ
1164 3915 1468 3971 τούναντίον
1525 3913 1664 3968 αὐτὰ
1714 3912 1788 3966 τὰ,

213 4013 381 4069 πάλαι
410 4012 489 4084 τῷ
515 4015 768 4086 προφήτῃ
796 4009 1330 4084 προαναφωνηθὲντα
1359 4009 1578 4080 ῥήματα
1602 4022 1783 4076 παρα·-

211 4103 394 4160 λαὸὼν
420 4105 514 4157 ἐπὶ
544 4103 774 4171 λέξεως,
809 4105 885 4168 ὡς
917 4104 1078 4175 ἄρτια
1112 4103 1207 4155 καὶ
1250 4101 1411 4154 καινά
1451 4096 1786 4170 προφητείας

210 4199 613 4269 ἀποφθέγματα
623 4196 932 4271 διορίζεται·
955 4196 1043 4250 διά
1064 4213 1144 4249 τοι
1173 4193 1239 4266 [Ῑ.
1258 4192 1346 4265 τε]
1361 4192 1518 4246 τοῦτο
1540 4190 1787 4262 βούλεται

210 4291 304 4345 τὸν
346 4289 600 4361 Σαμουὴλ
643 4288 907 4360 ἀνῆχθαι,
944 4288 1124 4342 καίτοι
1155 4287 1253 4358 τῆς
1279 4286 1499 4356 Γραφῆς
1525 4285 1808 4355 ἄντικρυς.

213 4385 540 4457 ἐλεγχούσης
579 4384 760 4448 αὐτὸν,
801 4383 876 4447 ὥς
912 4399 976 4449 γε
1013 4381 1362 4452 συνομολογεί
1397 4381 1492 4433 καὶ
1530 4377 1694 4441 αὐτὸς
1726 4379 1784 4430 ὲν

1880 3178 2066 3233 causis
2096 3178 2154 3233 in
2181 3193 2241 3234 se
2270 3193 2488 3234 errores
2517 3177 2903 3233 cohibentibus
2932 3177 3186 3242 omissis,
3218 3177 3371 3250 tingit
3399 3196 3460 3237 se

1881 3269 2230 3326 simulatione
2265 3269 2438 3340 magis
2478 3273 2696 3338 patente
2739 3266 2953 3334 dicere,
2987 3283 3111 3328 cum
3143 3267 3283 3321 nihil
3311 3269 3458 3339 quod

1879 3363 2213 3434 praenotione
2252 3359 2477 3431 dignum
2525 3359 2596 3413 sit
2633 3357 2856 3424 aﬁ‘erat;
2889 3357 2979 3411 illa
3025 3372 3095 3412 ex
3130 3365 3247 3411 arte
3294 3358 3460 3413 iterat

1881 3471 2002 3526 quae
2032 3452 2287 3517 Samuel,
2316 3452 2445 3506 dum
2469 3451 2646 3506 adhuc
2675 3450 2735 3505 in
2756 3449 2897 3506 vivis
2925 3456 3103 3516 esset,
3131 3448 3459 3521 praedicebat

1885 3544 2035 3600 Sauli
2060 3544 2391 3614 contigisse,
2427 3543 2516 3596 illa
2538 3556 2612 3597 'ac
2642 3541 2690 3598 si
2724 3540 2866 3595 facta
2895 3547 3083 3596 essent
3111 3540 3459 3597 vaticinando

1882 3634 2299 3705 praenuntiabat.
2353 3630 2458 3686 Sed
2488 3643 2635 3687 certe
2681 3633 2776 3702 qui
2827 3631 2932 3702 ipsi
2978 3630 3226 3686 dixerat:
3261 3628 3458 3702 thuid

1884 3744 1964 3784 me
2007 3728 2337 3797 interrogas?
2382 3725 2519 3780 satis
2549 3732 2735 3794 aperte
2786 3739 2908 3795 qua:
2949 3731 3004 3778 et
3050 3723 3205 3793 prius
3242 3721 3459 3779 dixerat

1884 3818 2101 3874 fatetur.
2126 3816 2310 3871 Prima
2333 3830 2463 3871 vero
2485 3816 2574 3869 illa
2597 3830 2691 3884 per
2712 3830 2775 3871 ea
2797 3828 2919 3885 qua:
2941 3822 3130 3884 postea
3153 3814 3455 3884 contigere,

1885 3926 1948 3965 ac
1980 3909 2028 3967 si
2056 3908 2470 3973 vaticinaretur,
2502 3908 2698 3963 iterum
2727 3908 2939 3963 recitat.
2969 3904 3233 3976 Origenes
3260 3921 3292 3962 e
3321 3921 3431 3961 con-
3457 3930 3470 3944 -

1883 4001 2055 4056 trario
2093 4000 2371 4071 prophetae
2417 4001 2577 4056 verba
2627 4016 2748 4070 quae
2781 4000 2897 4070 jam
2929 4000 3059 4055 olim
3099 3998 3456 4072 praedixerat,

1884 4093 1952 4148 ad
1980 4092 2205 4149 verbum
2239 4095 2484 4163 exposita
2504 4132 2521 4159 ,
2550 4092 2718 4148 veluti
2748 4091 2986 4163 perfecta
3016 4098 3072 4147 et
3102 4106 3242 4146 nova
3274 4090 3460 4146 vatici-

1884 4187 2122 4243 nationis
2144 4186 2367 4240 oracula
2397 4184 2692 4253 discernit;
2724 4193 3121 4256 proptereaque
3149 4182 3459 4239 Samuelem

1884 4286 2171 4335 evocatura
2206 4276 2378 4332 fuisse
2408 4276 2557 4342 vult,
2608 4277 2713 4332 etsi
2749 4277 2901 4331 illum
2955 4274 3238 4347 Scriptura
3281 4275 3460 4345 palam

1886 4369 2281 4442 reprehendat,
2331 4371 2392 4423 ut
2449 4368 2567 4440 ipse
2612 4370 2775 4424 etiam
2831 4367 3032 4424 fatetur
3077 4367 3354 4424 nonnullis
3402 4366 3460 4420 in

216 4478 373 4550 μέρει
397 4476 655 4541 τοπικῶς.
695 4474 855 4529 Ἀλλὰ
888 4474 941 4527 τί
976 4473 1113 4545 μετὰ
1160 4468 1333 4527 ταῦτα
1380 4470 1636 4542 προετίθη
1679 4471 1786 4525 πά-

1887 4462 2043 4518 locis.
2076 4461 2245 4518 Porro
2275 4459 2406 4531 quid
2435 4467 2625 4530 postea
2644 4498 2660 4524 ,
2689 4473 2815 4513 cum
2855 4473 3037 4529 regem
3068 4458 3457 4527 alloqueretur,

212 4567 320 4630 λιν,
370 4565 607 4637 ὁπηνίκα
667 4565 745 4637 τῷ
799 4564 1034 4635 δυνάστῃ
1096 4562 1369 4631 διελέγετο
1433 4559 1494 4613 τὸ
1559 4559 1784 4630 φάσμα;

213 4657 522 4727 Διαρῤήξει
549 4658 761 4726 Κύριος
805 4655 920 4724 τὴν
941 4654 1268 4720 ,βασιλείαν
1306 4652 1375 4705 ἐκ
1413 4651 1612 4719 χειρός
1649 4664 1784 4714 σου,

214 4751 316 4804 καὶ
366 4749 546 4803 δώσει
599 4747 796 4818 αὐτὴν
847 4746 929 4813 τῷ
979 4745 1248 4814 πλησίον
1305 4757 1420 4797 σου
1467 4740 1548 4806 τῷ
1585 4737 1787 4805 Δαυῒδ,

215 4840 365 4894 διότι
406 4842 521 4895 οὐκ
564 4838 834 4907 ἤκουσας
876 4836 988 4907 τῆς
1016 4834 1222 4906 φωνῆς
1249 4834 1492 4903 Κυρίου,
1537 4833 1634 4887 καὶ
1676 4833 1789 4886 οὐκ

216 4932 497 4998 ἔπλησας
541 4930 730 5000 θυμὸν
774 4928 955 4999 ὀργῆς
996 4926 1183 4982 αὑτοῦ
1226 4927 1297 4979 ἐν
1351 4923 1633 4993 Ἀμαλήκ.
1687 4922 1791 4977 Διὰ

215 5023 283 5076 τὸ
313 5022 484 5093 ῥῆμα
531 5022 707 5077 τοῦτο
755 5022 1005 5088 ἐποίησε
1066 5019 1282 5086 Κύριος
1337 5006 1517 5070 τοῦτό
1562 5029 1661 5068 σοι
1714 5011 1789 5082 τῇ

216 5113 409 5183 ᾑμέρᾳ
467 5115 654 5184 ταύτῃ
679 5128 697 5140 ⁸
742 5112 841 5167 καὶ
897 5111 1076 5165 δώσει
1112 5109 1330 5177 Κύριος
1382 5106 1490 5161 τὸν
1545 5105 1792 5174 Ἰσραὴλ

211 5206 364 5276 μετὰ
401 5206 519 5260 σοῦ
557 5209 643 5271 είς
671 5205 871 5276 χεῖρας
906 5204 1293 5271 ἀλλοφύλων.
1327 5200 1391 5253 El
1423 5198 1481 5252 δέ
1514 5214 1597 5260 τις
1630 5197 1790 5269 ἀκριο

216 5299 394 5353 ϐῶσαι
425 5297 664 5369 βούλοιτο
703 5296 764 5349 τὸ
806 5295 975 5365 σαφὲς
993 5335 1008 5359 ,
1049 5294 1287 5347 ἐπανίτω
1328 5292 1424 5363 μὲν
1453 5289 1545 5343 ἐπὶ
1572 5288 1671 5361 τὴν
1696 5286 1790 5341 τοῦ

216 5390 551 5461 Γράμματος
578 5446 581 5447 ν
613 5387 873 5459 ἱστορίαν,
923 5383 1088 5455 ὀλίγῳ
1138 5382 1372 5455 πρόσθεν
1432 5379 1784 5455 ἀναδραμώνο

217 5481 350 5535 αὐτὸ
405 5479 464 5533 δὲ
508 5479 569 5533 τὸ
612 5480 807 5550 χωρίον
846 5474 1181 5541 ἀναπτύξας,
1238 5473 1367 5528 ἔνθα
1410 5473 1501 5527 τὸν
1543 5472 1785 5548 Ἀμαλὴκ

216 5571 459 5642 ἡττήσας
512 5570 895 5641 ἐσφετερίσατο
956 5568 1027 5621 τὰ
1080 5566 1343 5637 κράτιστα
1401 5563 1507 5617 τῶν
1556 5562 1783 5624 σκύλων,

287 5660 335 5696 ³⁷
362 5662 394 5717 Ι
444 5661 567 5733 Reg.
601 5679 796 5725 xxvm,
831 5659 919 5726 i6,
954 5660 1040 5717 l7.
1115 5662 1160 5692 ³⁸
1198 5660 1328 5715 ibid.
1380 5656 1565 5713 l7-l9.

290 5756 390 5827 (It)
431 5753 863 5824 Δεικτικωτέρᾳ.
901 5752 1063 5812 Forte
1088 5752 1495 5826 δεικτικώτερα.
1527 5751 1681 5810 Em.

1885 4549 2112 4620 phasma
2166 4548 2433 4605 addebat?
2493 4545 2770 4602 Abscindet
2819 4546 3073 4601 Dominus
3128 4561 3344 4616 regnum
3394 4544 3462 4600 de

1885 4659 2048 4697 manu
2091 4650 2203 4707 tua,
2232 4651 2280 4697 et
2308 4639 2457 4695 dabit
2502 4638 2638 4694 illud
2667 4640 2910 4708 proximo
2939 4647 3027 4692 tuo
3060 4637 3233 4693 Dauid
3266 4654 3286 4692 :
3320 4636 3459 4708 quod

1887 4749 1989 4788 non
2017 4732 2249 4787 audieris
2277 4746 2450 4786 vocem
2487 4728 2719 4796 Domini,
2749 4738 2798 4784 et
2827 4745 2930 4784 non
2956 4727 3182 4798 implesti
3211 4726 3459 4798 indigna-

1887 4826 2081 4881 tionem
2111 4826 2204 4880 ira:
2225 4841 2336 4879 sua:
2360 4824 2416 4877 in
2445 4822 2681 4877 Amalec.
2718 4821 2943 4892 Propter
2970 4821 3065 4876 hoc
3098 4821 3305 4876 verbum
3336 4819 3457 4882 fecit

1886 4916 2143 4972 Dominus
2163 4915 2258 4969 hoc
2280 4916 2373 4969 tibi
2395 4916 2447 4969 in
2480 4914 2566 4969 die
2579 4914 2678 4968 hac
2692 4930 2711 4978 ;
2738 4922 2788 4969 et
2811 4911 2982 4967 tradet
3005 4912 3262 4968 Dominus
3287 4908 3460 4965 Israel

1888 5014 2055 5062 tecum
2103 5007 2159 5061 in
2206 5022 2394 5061 manus
2445 5006 2858 5075 alienigenarum
2909 5003 2977 5058 ³⁸.
3020 5002 3078 5057 Si
3120 5002 3246 5073 quis
3292 5000 3465 5072 hujus

1886 5103 2169 5155 veritatem
2209 5097 2483 5169 expiscari
2528 5097 2714 5167 cupit,
2750 5095 2923 5165 ipsius
2950 5092 3247 5165 Scriptura:
3282 5092 3460 5148 histo-

1886 5193 2024 5248 riam
2043 5207 2154 5248 non
2183 5193 2355 5247 multo
2385 5198 2541 5247 antea
2573 5197 2960 5262 pertractatam
2989 5188 3149 5243 adeat
3178 5208 3192 5243 :
3223 5188 3298 5243 ibi
3322 5203 3461 5244 enu-

1889 5285 2062 5340 cleate
2102 5283 2483 5348 considerato,
2517 5284 2607 5338 ubi
2649 5282 2868 5338 devicto
2894 5282 3117 5337 Amalec
3158 5281 3474 5351 spoliorum-

1891 5377 2175 5448 potissima
2203 5383 2562 5447 usurpaverat
2580 5414 2595 5440 ,
2626 5374 2863 5445 indeque
2904 5385 3161 5444 tanquam
3185 5372 3463 5444 primitias

1890 5469 2211 5525 holocausta
2245 5467 2519 5524 offerenda
2562 5482 2686 5524 esse
2717 5466 3173 5535 existimabat;et
3212 5464 3459 5536 exquisi-

1888 5562 2012 5619 tiori
2040 5563 2316 5634 diligentia
2350 5562 2585 5632 scienter
2614 5568 2669 5617 et
2700 5560 2870 5632 perite
2902 5575 2961 5616 re
2996 5558 3301 5617 examinata
3345 5561 3460 5615 haec

1972 5750 2073 5824 (ΑΡ)
2092 5750 2484 5821 litavi/adorei.
2515 5750 2677 5808 Forte
2703 5748 3025 5820 ταυτολογτῑ,
