3850 6160
394 295 498 351 639

1381 295 1442 350 S.
1485 293 1858 350 EUS'I'ATHII
1898 295 2206 353 EPISCOPI
2246 293 2669 351 ANTIOCHENI

3555 300 3664 355 64-0

394 411 578 468 omnia
615 409 778 466 verba
821 412 952 466 tunc
999 410 1259 481 temporis
1302 410 1371 465 ad
1397 412 1623 465 verbum
1672 410 1975 466 Samuelem

2085 414 2178 466 καὶ
2207 411 2307 475 τὰς
2333 415 2397 465 ἐκ
2424 411 2626 466 τούτων
2651 409 2787 480 ᾤετο
2817 408 2926 463 δεῖν
2949 410 3240 482 ἀναφέρειν
3266 411 3663 475 ὁλοκαυτώσεις

395 504 796 576 prmnuntiasse
841 504 1159 573 comperiet.
1210 502 1356 557 Dixit
1397 504 1542 557 enim
1581 522 1593 556 :
1634 502 1700 556 Et
1749 504 1976 558 abscidit

401 597 659 651 Dominus
690 595 755 651 de
795 611 955 649 manu
982 594 1096 665 ejus
1131 611 1345 665 regnum
1377 594 1453 663 ³⁹;
1483 602 1612 650 tunc
1643 610 1766 650 cum
1797 610 1827 649 a
1852 610 1978 666 rege

396 687 790 759 apprehensam
816 687 963 757 pallii
992 687 1245 741 laciniam
1276 684 1455 741 scidit.
1487 686 1566 740 Ad
1598 686 1711 742 haec
1742 687 1974 743 ulterius

397 777 729 849 praedicebat
750 794 974 849 regnum
1001 779 1147 833 illius
1178 778 1537 833 Scindendum
1565 777 1701 845 fore,
1736 779 1975 835 dandum

398 871 647 942 proximo
680 885 781 925 suo
808 869 900 939 qui
935 884 1001 924 eo
1041 870 1232 925 melior
1278 877 1416 925 erat.
1459 868 1808 941 Prophetavit
1842 887 1976 940 prae-

396 970 549 1018 terea
590 977 696 1032 qua
747 962 961 1016 ratione
1003 959 1169 1017 lsrael
1214 971 1437 1032 propter
1487 961 1594 1017 hoc
1647 962 1979 1020 scindendus

396 1059 513 1108 erat
532 1092 548 1116 ,
579 1065 679 1107 nec
708 1051 942 1120 amplius
971 1066 1314 1107 reversurus.
1347 1049 1443 1106 His
1469 1053 1789 1117 enuntiatis,
1815 1054 1976 1109 verba

394 1158 560 1215 opere
592 1144 712 1213 ipso
755 1143 1136 1198 conﬁrmabat.
1181 1141 1300 1198 Non
1343 1144 1436 1199 diu
1462 1145 1606 1199 enim
1640 1152 1764 1214 post
1791 1145 1978 1201 divino

391 1235 600 1305 judicio
639 1236 796 1289 unxit
824 1249 1000 1304 regem
1052 1233 1216 1289 David
1232 1235 1301 1289 ⁴⁰.
1348 1232 1533 1306 Itaque
1569 1235 1661 1306 qui
1694 1251 1789 1304 per
1813 1251 1979 1306 enga—

397 1325 749 1397 strimythum
789 1325 993 1380 dicitur
1031 1332 1291 1381 evocatus
1336 1326 1471 1380 nihil
1510 1326 1578 1381 de
1606 1342 1747 1383 novo
1773 1327 1975 1389 attulit,

398 1416 492 1472 sed
513 1433 634 1488 qua:
663 1415 882 1473 Samuel
910 1416 1063 1486 prius
1088 1417 1301 1473 dixerat
1323 1419 1492 1473 veluti
1518 1420 1737 1490 propria
1765 1419 1979 1473 affecta-

396 1509 527 1574 bat,
559 1508 751 1563 fraude
774 1523 838 1562 ac
858 1508 985 1563 dolo
1007 1524 1294 1579 personam
1326 1525 1613 1566 assumens
1632 1552 1646 1575 ,
1670 1519 1724 1567 et
1745 1510 1978 1566 artiﬁcio

395 1599 663 1671 probabili
693 1600 889 1654 iterum
921 1612 1173 1670 repetens
1214 1601 1605 1672 prophetarum
1638 1617 1808 1664 more,
1837 1604 1977 1657 vati-

394 1691 569 1745 cinari
587 1691 903 1745 simulabat.
930 1690 1035 1747 Sed
1061 1698 1116 1746 ut
1144 1693 1570 1764 prazstigiatores
1589 1691 1814 1747 divitum
1830 1693 1975 1749 aedes

2082 507 2157 569 ὼς
2211 505 2465 576 ἀπαρχάς
2490 521 2503 534 ·
2570 502 2923 575 ἀκριϐολογίᾳ
2978 503 3035 556 δέ
3092 504 3407 577 τρανωτέρᾳ
3480 504 3663 576 ζητῶν

2078 596 2473 667 ἐπιστημόνως,
2525 597 2804 667 εὐρήσειεν
2844 594 2932 659 ἂν,
2967 595 3043 659 ὼς
3081 595 3291 648 ἅπαντα
3332 597 3400 649 τὰ
3441 598 3663 668 ῥήματα

2077 687 2248 740 ταῦτα
2299 690 2418 741 κατ’
2470 689 2646 740 ἐκεῖνο
2693 685 2887 758 καιροῦ
2936 689 3198 758 προεῖπεν
3244 687 3339 740 ἐπὶ
3390 687 3591 753 λέξεως
3630 692 3661 743 6

2080 780 2363 850 Σαμουὴλ·
2419 779 2521 850 ἔφη
2562 777 2671 849 γάρ
2715 779 2823 831 ὅτι·
2865 777 2977 832 Kal
3017 777 3291 846 διέρῤηξε
3335 782 3554 850 Κύριος
3590 781 3660 834 ἐκ

2079 870 2278 938 χειρὸς
2323 871 2510 925 αὑτοῦ
2555 870 2671 939 τὴν
2708 869 3069 935 βασιλείαν·
3118 871 3279 924 ὁπότε
3328 872 3424 925 καὶ¹
3463 872 3528 925 τὸ
3563 873 3657 926 τοῦ

2077 963 2368 1017 διπλοῖδίου
2414 962 2705 1035 πτερύγιον
2746 961 3139 1032 ἐπιλαὸόμενος
3186 964 3215 1015 6
3244 962 3516 1035 δυνάστης
3554 964 3658 1017 ἐδί-

2079 1071 2210 1125 χασε
2236 1072 2249 1085 ·
2295 1053 2560 1126 προύλεγε
2588 1054 2645 1106 δὲ
2679 1051 2829 1123 αὐτῷ
2878 1052 3013 1123 πρὸς
3061 1054 3155 1105 ἐπὶ
3176 1052 3384 1117 τούτοις
3419 1053 3546 1125 μὲν,
3581 1054 3657 1118 ὡς

2079 1145 2311 1217 ἤμελλεν
2360 1148 2393 1218 ἡ
2437 1144 2682 1216 βασιλεία
2737 1143 3059 1216 δοθήσεσθαι
3099 1144 3177 1216 τῷ
3219 1145 3445 1217 πλησίον
3491 1146 3656 1200 αὐτοῦ

2077 1235 2155 1305 τῷ
2194 1236 2392 1307 μᾶλλον
2436 1236 2578 1307 ὑπὲρ
2613 1235 2775 1289 αὐτὸν
2815 1235 3024 1306 ἀγαθῷ,
3081 1237 3417 1308 προεφήτευε
3465 1236 3526 1290 δὲ
3566 1239 3656 1290 καὶ

2077 1327 2198 1381 τίνα
2232 1328 2432 1399 τρόπον
2466 1327 2572 1380 ἔδει
2601 1327 2691 1380 τὸν
2736 1327 2950 1398 Ἰσραὴλ
2998 1327 3159 1380 ἐνεκα
3209 1327 3401 1381 τούτου
3452 1328 3656 1398 διασχι-

2081 1418 2372 1489 σθήσεσθαι
2406 1419 2499 1472 καὶ
2532 1417 2727 1490 μηκέτι
2766 1416 3110 1489 ἐπιστρέψαι.
3159 1419 3342 1471 Ταῦτα
3372 1419 3430 1472 δὲ
3456 1420 3653 1490 φήσας,

2077 1511 2214 1583 ὁμοῦ
2256 1514 2369 1575 τοῖς
2406 1510 2588 1581 ἔργοις
2627 1508 2874 1563 ἐϐεϐαίου
2919 1509 2988 1563 τά
3026 1510 3248 1564 λεκτέα·
3290 1512 3406 1581 μετ’
3433 1512 3497 1564 οὐ
3527 1511 3654 1563 πολὺ

2079 1601 2187 1672 γὰρ
2222 1603 2287 1654 ἐκ
2318 1601 2469 1664 θείας
2495 1600 2819 1663 ἀποσταλεὶς
2860 1600 3187 1671 ἐπικρίσεως
3218 1600 3398 1672 ἔχρισε
3435 1600 3657 1671 βασιλέα

2078 1694 2169 1747 τὸν
2218 1693 2403 1748 Δαυϊδ.
2449 1693 2570 1765 ’Ἆρ’
2627 1689 2720 1747 οῦιν
2760 1693 2912 1747 οὐδὲν
2958 1693 3261 1765 ἀπήγγειλε
3309 1690 3460 1756 ξένον
3508 1695 3537 1746 ό
3572 1692 3656 1746 διά

395 1781 677 1853 pulsantes
702 1782 1137 1853 uniuscujusque
1166 1799 1255 1839 res
1290 1784 1421 1838 olim
1448 1791 1633 1856 gestas
1667 1783 1855 1840 sedula
1885 1786 1973 1839 in-

2079 1785 2516 1857 ἐγγαστριμύθου
2562 1784 2852 1855 λεγόμενος
2890 1784 3144 1855 ἀνῆχθαι,
3194 1784 3262 1837 τὰ
3316 1784 3373 1837 δέ
3412 1784 3521 1838 ὐπὸ
3563 1783 3655 1838 τοῦ

394 1874 690 1945 quisitione
736 1874 1047 1929 clanculum
1101 1873 1424 1942 odorantur,
1472 1890 1706 1946 moxque
1751 1874 1970 1932 easdem

392 1964 552 2033 quasi
602 1980 669 2020 ex
712 1964 1010 2035 improviso
1057 1970 1317 2022 canentes
1361 1964 1648 2022 confestim
1696 1966 1971 2023 auditores

395 2055 449 2109 in
495 2063 773 2126 stuporem
814 2058 1072 2127 rapiunt,
1109 2057 1288 2127 iisque
1324 2058 1378 2112 in
1417 2057 1626 2114 futilein
1661 2060 1971 2128 opinionem

393 2146 664 2212 inductis,
706 2147 775 2202 de
822 2147 1025 2203 futuris
1080 2162 1178 2217 pro
1226 2148 1455 2205 libidine
1495 2148 1863 2216 mentiuntur;
1892 2149 1975 2204 sic

391 2246 449 2293 et
492 2239 905 2311 engastrimytbi
953 2249 1229 2311 spectrum
1277 2256 1416 2296 nova
1466 2240 1641 2295 forma
1688 2242 1972 2296 inductum

393 2327 711 2398 prophetica
775 2328 1047 2384 Samuelis
1101 2330 1351 2385 enuntiat
1396 2330 1655 2393 oracula,
1717 2330 1975 2401 opinione

390 2432 524 2474 vero
563 2420 874 2484 vaticinari,
904 2435 1029 2474 cum
1076 2421 1227 2475 nihil-
1265 2436 1363 2491 pro
1398 2429 1677 2493 comperto
1718 2421 1971 2486 haberet,

400 2509 723 2575 videbatur,
773 2512 967 2566 alienis
1010 2512 1178 2566 veluti
1224 2513 1463 2585 prOpriis
1506 2513 1816 2584 prmpositis
1853 2513 1974 2567 exi-

400 2601 601 2657 tiosum
649 2600 798 2655 illum
845 2603 1212 2671 perterrebat,
1264 2604 1373 2658 illis
1432 2602 1693 2658 facillimo
1753 2605 1976 2674 negotio

389 2691 515 2761 ejus
557 2700 792 2749 mentem
841 2703 1114 2762 arreptam
1164 2695 1598 2764 depraedabatur.
1629 2694 1772 2763 Quid
1804 2697 1971 2767 igitur

393 2781 541 2836 aliud
594 2782 680 2838 his
732 2798 1005 2839 annexum
1055 2786 1172 2839 est?
1224 2783 1290 2838 Et
1331 2795 1424 2850 tu,
1464 2785 1677 2856 inquit,
1723 2804 1880 2851 cras,
1927 2797 1977 2841 et

392 2874 541 2943 ﬁlius
571 2885 693 2929 tuus
734 2874 1007 2931 Jonathan
1038 2893 1258 2933 mecum.
1297 2875 1366 2930 Et
1396 2886 1575 2931 castra
1613 2876 1788 2932 Israel
1829 2877 1979 2933 dabit

396 2963 656 3020 Dominus
688 2967 741 3020 in
775 2983 961 3022 manus
992 2969 1409 3039 alienigenarum
1441 2969 1504 3024 “.
1535 2966 1640 3024 Sed
1671 2969 1785 3025 haec
1812 2986 1979 3042 porro

392 3053 605 3111 daemon
634 3072 700 3111 ac
727 3048 1014 3130 si'propria
1043 3068 1227 3115 essent
1255 3060 1556 3115 asserebat.

2075 1877 2330 1949 Σαμουὴλ
2372 1876 2638 1948 εἰρημένα
2678 1876 2962 1948 πρότερον,
3012 1876 3086 1940 ὡς
3133 1876 3239 1930 ἴδια
3274 1877 3373 1948 μὲν
3416 1876 3659 1948 ἐσχημά-

2073 1969 2188 2033 τιζε
2216 1968 2646 2040 προσωποποιῶν
2677 1967 3095 2039 ἀπάτῃ,πιθανῇ
3112 1967 3491 2038 δὲτεχνοποιίᾳ
3520 1983 3651 2019 ταυο

2074 2058 2331 2127 τολογῶν,
2366 2059 2694 2130 ὑπεκρίνατο
2733 2059 2798 2129 δὴ
2850 2058 3200 2131 προφητικῶς
3249 2057 3478 2128 ὁμιλεῖν.
3516 2055 3638 2108 ’Δλλ

2075 2146 2261 2220 ὥσπερ
2309 2149 2545 2220 ἀγύρται
2590 2148 2815 2219 μάντεις
2857 2148 2949 2202 ἐπὶ
2997 2148 3267 2201 πλουσίων
3312 2148 3449 2200 ίέναι
3485 2146 3654 2220 θύρας

2076 2239 2443 2309 ἐπειγόμενοι,
2501 2239 2571 2292 τὰ
2624 2239 2723 2309 μὲν
2774 2239 2875 2310 ῆδη
2934 2238 3341 2311 παροδεύσαντα
3406 2235 3505 2289 τοῦ
3539 2237 3654 2307 βίου

2076 2327 2376 2399 πράγματα
2419 2326 2917 2391 πολυπευστοῦντες
2960 2326 3300 2397 ἀνιχνεύουσι
3333 2324 3655 2396 λεληθότως,

2077 2421 2218 2475 αὐτά
2252 2422 2309 2474 δὲ
2337 2420 2404 2474 τὰ
2434 2419 2539 2492 πρὸ
2568 2419 2762 2473 πολλοῦ
2790 2419 3051 2489 γεγονότα
3079 2419 3256 2488 λέγειν
3299 2418 3655 2489 αὐτοσχεδίως

2079 2512 2488 2583 ὑπονοούμενοι,
2539 2512 2884 2583 παραχρῆμα
2949 2512 3046 2582 μὲν
3108 2511 3468 2581 ἐκπλήττουσι
3531 2509 3657 2571 τοὺς

2078 2608 2396 2678 αὐτηκόους,
2430 2609 2514 2668 εἰς
2552 2606 2718 2679 εὐήθη
2755 2605 2813 2659 δέ
2847 2606 3028 2659 πίστιν
3066 2605 3261 2668 αὐτοὺς
3296 2604 3654 2675 ἀπαγόμενοι,

2079 2700 2206 2771 περὶ
2231 2697 2337 2752 τῶν
2356 2697 2655 2770 μελλόντων
2678 2697 2822 2770 ἅπερ
2858 2697 3101 2751 ἐθέλουσι
3121 2697 3464 2752 πλάττουσιν·
3487 2694 3656 2756 οὕτως

2079 2790 2186 2862 ἄρα
2231 2790 2323 2844 καὶ
2370 2790 2429 2842 τὺ
2471 2788 2573 2858 τῆς
2616 2787 3058 2859 ἐγγαστριμύθου
3124 2790 3316 2859 φάσμα
3381 2802 3655 2859 μεταμορ-

2081 2881 2369 2952 φούμενον,
2424 2878 2564 2933 αὐτά
2618 2879 2716 2950 μὲν
2763 2878 3057 2951 ἐξηγόρευε
3107 2881 3175 2933 τά
3225 2877 3539 2951 προφητικά
3563 2874 3655 2929 τοῦ

2081 2970 2335 3042 Σαμουὴλ
2373 2968 2809 3040 ἀποφθέγματα,
2858 2968 2937 3039 τῷ
2971 2969 3027 3022 δὲ
3068 2970 3245 3022 δοκεῖν
3273 2967 3410 3039 ᾤετο
3449 2982 3656 3037 προφη-

2079 3062 2277 3125 τεύειν,
2295 3059 2443 3113 οὐδὲν
2462 3058 2825 3131 ἐπιστάμενος
2842 3055 2982 3131 (4⁸⁸)·
3002 3058 3136 3112 ἀλλά
3166 3058 3236 3111 τά
3282 3059 3380 3131 μὲν
3401 3055 3655 3129 ἀλλότρια

395 3144 731 3220 προύταττεν
767 3150 844 3215 ὡς
884 3152 1020 3215 rem,
1056 3152 1150 3205 καὶ
1187 3152 1525 3224 κατέπληττε
1556 3152 1646 3207 τὸν
1671 3153 1964 3227 ἀλάστορα,
2010 3153 2099 3207 διὰ
2132 3153 2189 3207 δὲ
2224 3153 2429 3208 τούτων
2460 3149 2699 3223 εὐχερῶς
2739 3150 2983 3205 ὐπεσύλα
3024 3155 3119 3207 καὶ
3156 3154 3245 3206 τὸν
3311 3150 3438 3206 νοῦν
3502 3148 3654 3202 ἐκλε-

397 3256 531 3294 πτεν
574 3239 803 3295 ἐκείνου.
851 3243 916 3295 Τί
958 3238 1049 3297 οὖν
1086 3242 1213 3296 ἄλλο
1256 3243 1396 3315 μετά
1432 3243 1606 3299 ταῦτα
1638 3246 1973 3318 προσετέθη;
2012 3246 2125 3300 Καὶ
2158 3246 2263 3313 σὺ,
2299 3245 2486 3317 φησιν,
2542 3244 2772 3314 αὔριον,
2807 3246 2905 3298 καὶ
2948 3248 2981 3299 ό
3032 3247 3164 3310 υἱός
3208 3260 3326 3299 σου
3382 3241 3655 3297 Ἰωνάθην

397 3332 525 3401 μετ’
554 3332 703 3402 ἐμοῦ
740 3350 755 3365 ·
814 3334 914 3387 καὶ
955 3336 1069 3404 τὴν
1115 3337 1501 3407 παρεμϐολὴν
1562 3339 1800 3408 Ἰσραὴλ
1846 3338 2029 3394 δώσει
2079 3342 2301 3409 Κύριος
2342 3342 2429 3406 εἰς
2461 3339 2664 3409 χεῖρας
2701 3337 3087 3405 ἀλλοφύλων.
3144 3335 3307 3389 ’Δλλὰ
3342 3333 3521 3389 ταῦτα
3561 3334 3657 3405 μιν

398 3425 563 3495 ἐῴκει
594 3424 775 3493 λέγειν
806 3426 835 3477 ὁ
865 3425 1073 3497 δαίμων
1106 3428 1182 3491 ὡς
1212 3427 1340 3482 rem.

479 3512 615 3572 XIII.
668 3516 829 3573 Prius
878 3525 1058 3575 autem
1100 3520 1235 3575 illud
1272 3518 1714 3576 discutiendum:
1747 3536 1972 3585 verane,

2147 3517 2288 3571 XIII.
2330 3514 2603 3586 Ζητητέον
2648 3514 2706 3567 δὲ
2756 3513 2980 3585 πότερον
3012 3511 3183 3582 ἀληθῆ
3230 3509 3552 3583 προῦλεγεν,
3583 3514 3658 3579 ὡς

399 3609 478 3663 uti
507 3609 624 3679 ipse
651 3609 1024 3673 existimabat,
1058 3610 1421 3681 praadicebat;
1445 3619 1500 3667 et
1536 3620 1721 3666 utrum
1746 3613 1975 3668 consul-

399 3714 476 3767 te,
514 3719 584 3759 an
615 3721 746 3760 vero
785 3721 920 3761 casu
959 3714 1012 3761 et
1045 3706 1273 3762 fortuito
1304 3706 1662 3773 enuntiahat;
1694 3713 1976 3775 praeterea,

401 3812 472 3851 an
505 3797 796 3867 praesagire
823 3798 1004 3868 aliqua
1046 3799 1242 3868 possit.
1288 3796 1530 3852 Primum
1570 3797 1813 3868 quidem,
1840 3795 1982 3851 Sau-

397 3885 506 3943 lem
559 3888 646 3942 die
693 3889 945 3958 sequenti
996 3899 1333 3960 peremptum
1380 3888 1573 3956 fuisse,
1604 3896 1665 3944 ut
1700 3896 1978 3959 spectrum

401 3977 731 4045 alﬁrmabat,
761 3994 872 4034 non
903 3990 1149 4051 apparet.
1178 3979 1389 4051 Quippe
1435 3981 1482 4038 si
1528 3995 1783 4038 sermone
1812 3996 1974 4037 exce-

403 4077 522 4142 pto,
553 4085 791 4126 mmrore
822 4072 1225 4140 invalescente,
1259 4088 1371 4129 non
1397 4073 1636 4129 comedit
1668 4088 1861 4144 panem
1894 4082 1972 4127 to-

400 4170 458 4217 to
475 4163 565 4218 die
592 4170 648 4217 et
667 4170 780 4218 tota
806 4172 968 4220 nocte
993 4165 1085 4218 illa
1103 4205 1118 4228 ,
1135 4175 1196 4221 ut
1223 4164 1422 4220 divinae
1451 4172 1727 4221 testantur
1755 4164 1974 4231 litterae;

398 4262 524 4329 post
555 4254 670 4309 haec
703 4254 900 4309 iterum
938 4256 1138 4311 mulier
1176 4254 1495 4310 adhortatur
1522 4256 1885 4327 admonetque
1918 4261 1978 4310 ut

398 4346 581 4402 cibum
616 4353 994 4418 praagustaret,
1019 4361 1142 4401 cum
1172 4348 1275 4403 iter
1291 4347 1511 4420 aggredi
1533 4348 1754 4402 deberet
1772 4365 1787 4415 ;
1805 4347 1978 4401 mani-

401 4434 601 4492 festum
632 4442 737 4501 est,
770 4436 942 4491 altera
982 4436 1194 4491 scilicet
1222 4436 1309 4493 die
1358 4445 1482 4507 post
1532 4435 1793 4490 diurnum
1843 4434 1975 4489 illud

400 4536 846 4597 nocturnumque
876 4534 1197 4597 perpetuum
1226 4528 1517 4598 jejunium,
1539 4527 1643 4596 ipsi
1676 4527 1824 4581 humi
1851 4542 1976 4596 pro-

399 4623 572 4670 strato
602 4616 946 4686 persuasisse
997 4624 1057 4669 ut
1089 4618 1341 4686 expedite
1394 4624 1727 4686 assurgeret,
1772 4616 1974 4672 decen-

398 4706 619 4775 tinsque
665 4707 880 4762 sederet
933 4707 987 4761 in
1032 4722 1307 4763 scamno:
1355 4708 1586 4762 vitulum
1642 4724 1772 4764 vero
1812 4724 1972 4778 quem

401 4798 641 4855 habebat
659 4800 980 4855 subrumum
1011 4807 1258 4870 prompte
1279 4807 1557 4869 arreptum
1584 4800 1976 4863 occidit,obso—

2079 3607 2245 3680 ᾤετο·
2288 3608 2381 3661 καὶ
2429 3606 2656 3676 πότερον
2710 3605 2817 3659 ἀπὸ
2864 3605 3054 3674 στόχου
3094 3603 3170 3673 (ὃ)
3206 3605 3304 3657 καὶ
3357 3606 3657 3676 συγκυρίας

2080 3698 2446 3769 ἀπήγγειλεν·
2483 3696 2576 3750 καὶ
2606 3696 2740 3767 πρὸς
2783 3698 2876 3749 ἐπὶ
2903 3696 3111 3759 τούτοις
3161 3698 3212 3748 εί
3251 3699 3656 3767 προεγνωκέναι

2080 3791 2313 3861 ὴδύνατό
2343 3807 2484 3843 τινα.
2515 3788 2735 3861 Πρῶτον
2781 3787 2880 3858 μέν
2915 3784 3009 3841 οὖν
3044 3788 3103 3841 οὐ
3144 3786 3395 3857 φαίνεται
3431 3792 3500 3860 τῇ
3534 3788 3657 3859 ἑξῆς

2079 3882 2262 3954 ἡμέρᾳ
2308 3881 2623 3950 διαφθαρεὶς
2662 3880 2691 3932 ὁ
2726 3878 2930 3941 Σαοὺλ,
2976 3878 3052 3941 ὡς
3100 3876 3306 3946 ἔφασκε
3348 3877 3412 3931 τὸ
3465 3880 3657 3950 φάσμα

2081 3974 2479 4045 φθεγγόμενον·
2530 3974 2578 4026 εί
2627 3972 2735 4043 γὰρ
2767 3970 3003 4034 ἀκούσας
3041 3969 3148 4023 τῶν
3197 3969 3392 4039 λόγων,
3445 3972 3513 4023 ἐκ
3560 3970 3656 4042 τῆς

2078 4066 2218 4134 ἀγαν
2244 4064 2482 4135 ἀθυμίας
2505 4063 2606 4116 οὐκ
2627 4063 2827 4132 ἔφαγεν
2855 4062 3017 4134 ἄρτον
3040 4061 3167 4130 ὅλην
3194 4061 3294 4131 τὴν
3320 4059 3537 4132 ἡμέραν
3565 4061 3656 4114 καὶ

2078 4156 2204 4228 ὅλην
2255 4156 2354 4227 τὴν
2383 4155 2575 4217 νύκτα,
2627 4155 2811 4225 φησὶν,
2858 4153 3103 4222 ἐκείνην,
3140 4152 3217 4214 ὡς
3247 4154 3280 4222 ἡ
3325 4150 3443 4204 θεία
3479 4151 3657 4220 διαγο-

2078 4248 2230 4322 ρεύει
2276 4248 2314 4300 Γ
2320 4245 2487 4318 ραφὴ,
2554 4243 2693 4317 μετά
2732 4243 2788 4297 δὲ
2829 4243 2986 4296 τοῦτο
3030 4242 3372 4313 παραινοῦσα
3403 4241 3567 4297 πάλιν
3596 4245 3656 4313 -ή

2077 4337 2216 4408 γυνὴ
2238 4336 2579 4409 προύτρεπεν
2607 4334 2806 4404 ἐδωδῆς
2829 4332 3091 4402 ἀψασθαι,
3120 4331 3490 4403 προκειμένης
3513 4331 3653 4385 ὀδοῦ·

2081 4429 2366 4501 πρόδηλον,
2404 4430 2486 4483 ὃτι
2518 4433 2583 4500 τῇ
2611 4426 2841 4497 δευτέρᾳ
2860 4425 3125 4496 δήπουθεν
3151 4424 3353 4496 ἡμέρᾳ,
3388 4424 3531 4494 μετά
3559 4425 3658 4495 τὴν

2080 4522 2380 4575 πάννυκτον
2404 4521 2496 4575 καὶ
2522 4522 2840 4591 πανήμερον
2866 4517 3081 4585 ἐκείνην
3096 4515 3327 4579 ἀσιτίαν,
3352 4514 3539 4569 ἔπεισε
3559 4516 3658 4586 μὲν

2078 4613 2262 4673 αὐτὸν,
2294 4615 2373 4676 είς
2413 4610 2673 4680 τοῦδαφος
2710 4608 3040 4680 ἐρριμμένον
3072 4606 3330 4670 ἐκλύτως,
3354 4606 3654 4677 ἀναστῆναι

2078 4705 2171 4757 καὶ
2202 4702 2529 4773 καθεσθῆναι
2564 4699 2931 4771 κοσμιώτερον
2977 4700 3070 4751 ἐπὶ
3102 4698 3194 4750 τοῦ
3233 4698 3445 4769 δίφρου·
3497 4696 3559 4751 τὺ
3600 4697 3656 4751 δὲ

2082 4798 2403 4869 μοσχάριον,
2437 4796 2575 4867 ὅπερ
2616 4791 2727 4864 εἶχε
2770 4793 3095 4864 γαλαθηνὸν,
3134 4792 3366 4863 ἀμελητὶ
3412 4789 3651 4845 λαϐοῦσα

402 4890 493 4944 nia
532 4890 662 4945 item
694 4891 977 4945 instruens
1005 4899 1057 4945 et
1093 4906 1318 4961 azymos
1347 4892 1606 4962 subigens
1624 4892 1807 4946 edulia
1838 4907 1975 4961 pras-

2081 4889 2306 4958 σφάττει
2329 4906 2341 4917 ·
2374 4886 2704 4957 ὀψοποιοῦσα
2725 4885 2782 4939 δὲ
2809 4886 2900 4939 καὶ
2926 4884 3210 4937 πέττουσα
3232 4883 3356 4945 τοὺς
3383 4882 3646 4953 ἀζήμους,

397 4983 633 5052 paravit,
670 4998 790 5051 qua:
828 4983 923 5037 ubi
967 4982 1057 5036 illa
1102 4982 1307 5051 optime
1339 4982 1559 5038 condita
1589 4985 1974 5055 instructaque

399 5074 513 5146 regi
544 5083 599 5129 et
635 5074 756 5143 ejus
793 5073 1061 5131 ministris
1092 5077 1414 5141 obtulisset,
1451 5091 1546 5132 rex
1589 5075 1974 5131 admonitioni-

404 5162 508 5217 bus
533 5162 793 5218 delinitus
820 5163 1005 5219 cibum
1028 5167 1263 5235 sumpsit
1291 5185 1303 5220 :
1343 5180 1569 5221 necesse
1608 5172 1693 5220 est
1718 5165 1893 5228 illum,
1928 5166 1975 5220 si

405 5261 567 5307 nocte
595 5255 746 5310 illinc
780 5271 841 5310 se
874 5254 1023 5311 foras
1064 5259 1355 5329 proripuit,
1404 5258 1529 5314 aliis
1566 5258 1849 5313 nocturnis
1876 5258 1978 5310 ho-

406 5344 484 5396 ris
506 5345 561 5396 in
584 5359 738 5399 suam
765 5361 825 5401 se
855 5348 1148 5404 stationem
1182 5350 1474 5420 recepisse.
1513 5349 1590 5404 lta
1626 5357 1685 5404 ut
1713 5349 1826 5418 jam
1858 5364 1975 5402 ma-

483 5457 530 5489 ”
563 5456 594 5510 Ῑ
620 5459 744 5528 Reg.
789 5479 880 5524 xv,
908 5462 997 5518 23.
1077 5464 1157 5517 “l
1190 5465 1313 5534 Reg.
1340 5482 1448 5529 xw,
1486 5468 1572 5521 15.

479 5540 1261 5631 ΪΕθξιστάμενοςᾉΡΟτιθ
1301 5562 1676 5631 ἐπιστάμενον.
1708 5559 1869 5631 Enn.

426 5620 438 5632 ’
477 5615 561 5735 25)
599 5616 737 5669 Ἀπὸ
783 5615 1216 5689 athon-Forte
1278 5630 1382 5682 ἀπὸ
1432 5615 1754 5699 στοχασμοῦ.
1813 5627 1977 5698 (Ἄπδ

426 5697 475 5734 Ιτ
510 5699 601 5735 N‘J
653 5688 743 5735 καὶ
802 5695 1093 5735 συγκυοίηρ-
1146 5698 1442 5735 “min-turn
1492 5713 1535 5735 al
1575 5716 1699 5735 ιιι-κη
1737 5699 1957 5735 [ηε-ιιιηη

414 5688 601 5752 στύκυυ
653 5688 743 5741 καὶ
802 5688 1113 5763 συγκυρίας,
1146 5698 1442 5766 conjectura
1491 5688 1701 5755 el‘ca'stt
1733 5688 1971 5768 [ονὶιιέιο.

2081 4972 2404 5051 ηὐτρέπιζεν
2438 4978 2665 5041 ἐδωδάς·
2701 4978 2887 5048 ἐπειδὴ
2923 4975 2979 5029 δὲ
3018 4975 3351 5046 προσέφερεν
3376 4974 3527 5044 αὐτῷ
3555 4972 3646 5026 καὶ

2079 5076 2193 5135 τοῖς
2243 5074 2381 5143 ἀμφ’
2414 5071 2577 5126 αὐτὸν
2619 5070 3084 5142 ἀριστοποιήσασα
3116 5065 3445 5128 σπουδαίως,
3486 5066 3517 5117 6
3555 5063 3648 5136 μὲν

2082 5164 2266 5217 αὐτόθι
2301 5164 2482 5216 σιτίων
2513 5162 2733 5216 ἐλάϐετο
2764 5159 3127 5232 προτραπεὶς·
3161 5158 3372 5228 ἀνάγκη
3399 5156 3458 5209 δέ
3492 5158 3648 5216 νοεῖν,

2082 5254 2157 5318 ὡς
2188 5256 2266 5316 εἰς
2296 5253 2461 5315 ἄλλας
2489 5252 2715 5321 ἀφίκετο
2745 5250 3054 5321 νυκτερίους
3082 5246 3232 5319 ὧρας
3251 5287 3266 5311 ,
3296 5248 3457 5319 εῐπερ
3487 5245 3650 5317 ᾤχετο

2083 5342 2273 5405 νυκτὸς
2302 5342 2505 5395 ἐκεῖθεν
2550 5340 2871 5412 ἐξορμήσας.
2919 5338 3080 5390 Ὥστε
3110 5333 3265 5388 τοῦτο
3299 5334 3399 5405 μὲν
3440 5334 3649 5386 αὐτοτε-

1651 5467 1693 5497 ⁸¹
1734 5465 1759 5518 Ι
1800 5465 1924 5535 Reg.
1955 5480 2148 5526 xxvm,
2192 5465 2275 5518 19.

2097 5559 2290 5628 Στόχος
2332 5556 2655 5611 vocabulum
2692 5552 2961 5625 poeticum
3018 5557 3137 5615 est;
3202 5546 3349 5602 unde
3380 5544 3642 5612 εὔστοχος,

2085 5629 2324 5701 ἄστοχος.
2356 5628 2510 5683 Εοιτ.
2534 5638 2553 5704 )
