3850 6160
214 330 317 387 6-H
1102 331 1189 387 DE
1217 326 1814 388 ENGASTRIMYTIIO
1853 327 2135 385 CONTRA
2173 329 2548 388 ORIGENEM.
3368 340 3477 396 642

212 450 327 514 λῶς
376 449 659 521 ἐλέγχεται
702 448 1042 522 ψευσάμενος
1095 453 1124 503 ό
1183 452 1422 524 δαίμων·
1472 454 1531 506 ού
1572 451 1679 523 γὰρ
1728 474 1732 496 ‹

1956 447 2107 505 liesto
2131 450 2294 505 modo
2318 450 2588 505 mendacii
2619 450 2831 508 daemon
2880 452 3338 524 deprehendatur.
3371 455 3476 512 Ne-

215 538 390 607 εἶπεν,
428 543 649 610 Αὔριον
693 543 809 611 ἔσῃ
854 543 934 596 σὺ
972 546 1099 613 μετ’
1138 544 1316 613 ἐμοῦ,
1347 547 1569 615 γέγονεν
1602 544 1735 599 οὖτα

1960 556 2007 595 Ie
2027 543 2196 606 enim,
2227 549 2287 595 ut
2342 541 2434 595 ille
2462 541 2698 605 dixerat,
2730 543 2867 597 Cras
2898 545 3003 597 eris
3036 553 3092 597 ιιι
3121 559 3480 607 mecum,eve-

213 634 455 706 ὁπηνίκα
476 636 575 706 τὴν
613 634 740 706 ἐξῆς
771 636 966 690 αύτςσε
1009 635 1281 707 διέτριψεν
1320 638 1533 710 ἡμέραν
1579 639 1733 692 ἀσιτο

1963 642 2004 698 ι,
2044 650 2169 689 cum
2204 635 2278 690 ibi
2311 635 2401 692 die
2436 637 2685 708 sequenti
2713 636 2938 705 jejunus
2965 644 3337 692 commoratus
3362 636 3478 691 fue-

216 722 337 780 εἶτα
361 728 428 797 τῇ
454 725 682 798 δευτέρᾳ
705 725 804 796 τῆς
828 727 1027 797 ἐδωδῆς
1053 728 1327 798 ἁψάμενος
1358 726 1601 791 ἐϐάδιζεν
1633 731 1711 791 είς

1960 735 2007 794 t;
2034 728 2293 799 deinceps
2314 730 2508 795 altera,
2530 730 2656 784 cibo
2672 729 2983 799 degustato,
3003 731 3301 785 exercitum
3323 745 3480 801 repe-

218 816 601 889 στρατόπεδον.
633 817 766 885 Οὐχὶ
796 816 854 870 δὲ
879 817 1037 870 τοῦτο
1071 817 1228 889 μόνον
1255 818 1534 874 ἁλίσκεται
1563 820 1712 892 παρά
1737 847 1738 853 η

1959 821 2071 876 arit.
2108 820 2294 891 Neque
2341 828 2553 875 tantum
2599 822 2704 876 hoc
2753 822 2907 876 illum
2941 823 3262 877 ementitum
3306 821 3479 878 fuisse

217 911 442 980 γεγονὸς
474 909 734 982 εἰρηκὼς,
768 910 904 965 ἀλλά
930 912 1025 964 καὶ
1063 912 1154 964 τὸν
1198 913 1450 967 ἰωνάθαν
1480 913 1582 984 ἔφη
1623 932 1737 984 μον(

1955 928 1966 968 τ
1998 914 2159 968 aliter
2187 928 2349 983 quam
2381 913 2623 968 evenerit
2669 914 3059 984 pronuntiasse
3090 912 3475 982 convincitur;

219 1018 383 1056 τατον
410 1000 545 1071 ὁμοῦ
583 1000 662 1070 τῷ
694 1003 862 1073 πατρὶ
904 1002 1204 1073 καταλῆξαι
1232 1004 1370 1075 πρὸς
1401 1004 1560 1058 αὐτόν
1579 1023 1591 1035 ·
1635 1008 1699 1058 ἐκ

1957 1006 1994 1060 d
2025 1003 2316 1059 Jonatham
2370 1006 2547 1061 solum
2583 1020 2693 1059 una
2729 1019 2853 1058 cum
2885 1011 3039 1075 patre
3067 1003 3134 1058 ad
3187 1004 3366 1075 ipsum
3396 1005 3477 1059 di-

219 1092 332 1147 τῶν
363 1092 620 1146 ἐναντίων
650 1094 683 1163 ή
716 1092 1087 1164 διηγηματικὴ
1117 1092 1211 1146 τοῦ
1252 1094 1587 1166 Γράμματος
1614 1095 1737 1164 διαγ

1958 1113 2186 1153 arsurum
2218 1098 2356 1152 dixit
2389 1115 2402 1151 :
2435 1112 2623 1151 verum
2660 1097 2992 1151 narrationis
3038 1096 3211 1152 series
3258 1095 3478 1151 Saulem

223 1184 375 1256 ρεύει
407 1184 580 1255 φωνὴ,
611 1184 703 1237 τὸν
733 1184 904 1237 Σαοὺλ
936 1184 1052 1255 ἅμα
1080 1185 1256 1257 τρισὶν
1287 1178 1649 1257 ἀπεσφάχθαι⁶
1666 1203 1741 1239 πα

1961 1204 2022 1242 Im
2057 1188 2232 1243 tribus
2292 1187 2438 1251 tiliis,
2478 1195 2532 1241 et
2586 1201 2693 1240 non
2756 1200 2865 1239 uno
2918 1186 3066 1250 solo,
3110 1195 3171 1240 ut
3203 1186 3294 1241 ille
3329 1186 3481 1241 dixe-

222 1277 330 1338 σὶν,
377 1276 493 1331 ἀλλ’
536 1277 634 1347 οὐχ
667 1278 747 1330 ἐνὶ
778 1276 944 1348 μόνῳ,
979 1277 1055 1340 ὼς
1082 1277 1281 1349 ἔφησεν
1328 1280 1550 1343 ἐκεῖνος.
1587 1279 1742 1333 nam;

1962 1287 2004 1342 t,
2027 1287 2326 1333 mactatum
2351 1277 2524 1333 fuisse
2553 1277 2769 1332 asserit.
2798 1276 2972 1348 Igitur
3002 1275 3363 1349 przenotionis
3390 1276 3481 1331 de-

218 1368 426 1441 ἁπορίᾳ
459 1368 817 1441 προγνώσεως
846 1369 997 1423 οὐδὲν
1028 1368 1225 1442 ἀληθὲς
1257 1371 1468 1435 ἐξεῖπεν
1493 1373 1522 1425 ὁ
1550 1370 1738 1442 δαίμωε

1961 1380 2043 1426 ctu
2072 1370 2209 1425 nihil
2240 1368 2350 1425 veri
2380 1368 2591 1424 daemon
2636 1369 2821 1423 retulit
2853 1388 2867 1425 :
2897 1384 3075 1440 neque
3121 1368 3270 1423 enim
3319 1367 3481 1424 factis

217 1459 284 1515 οὐ
306 1460 417 1532 γὰρ
450 1459 516 1514 ἂν
544 1459 757 1514 ἐναντία
791 1459 900 1513 τῶν
929 1461 1228 1529 γεγονότων
1258 1461 1589 1534 ἀπήγγειλεν
1606 1479 1619 1492 ·
1660 1461 1737 1517 ἀλέ

1959 1464 2033 1517 sis
2062 1460 2364 1533 pugnantia
2413 1461 2760 1516 enuntiasset
2790 1478 2805 1512 :
2841 1459 2936 1514 sed
2962 1475 2992 1514 a
3039 1458 3296 1516 Samuele
3324 1461 3479 1530 prius

217 1550 291 1606 τά
316 1551 396 1622 τῷ
434 1550 688 1623 Σαμουὴλ
724 1550 991 1623 εἰρημένα
1028 1552 1311 1624 πρότερον,
1361 1553 1438 1618 ὡς
1472 1553 1628 1624 ἔφην,
1658 1555 1737 1607 ὑπ

1959 1554 2213 1609 emoratis
2242 1553 2531 1623 surreptis,
2564 1553 2756 1623 paucis
2785 1551 3088 1615 nonnullis,
3124 1551 3303 1623 iisque
3331 1553 3479 1607 veri-

218 1639 448 1710 κλέψας,
475 1640 631 1710 ὀλίγα
656 1642 793 1696 ἄττα
823 1641 1115 1713 προσετίθη
1149 1642 1379 1709 τούτοις,
1419 1645 1484 1698 ἐκ
1514 1644 1623 1698 τῶν
1651 1647 1738 1699 είκ

1956 1644 2187 1708 milibus,
2237 1643 2487 1700 annexis.
2531 1649 2761 1695 mortem
2794 1640 2907 1710 regi
2940 1640 3291 1710 praenuntiat,
3327 1639 3476 1694 illius

216 1749 328 1786 των
356 1732 686 1803 ὁμοιότροπα
716 1730 1054 1804 συμπλέξαςο
1091 1732 1264 1799 οὓτως
1291 1735 1399 1807 ἄρα
1429 1737 1523 1790 καὶ
1565 1736 1736 1791 θάνατι

1958 1736 2124 1792 νοὶὺιιε
2154 1735 2379 1791 abusus.
2417 1732 2675 1799 Quinimo
2696 1746 2820 1786 cum
2852 1731 3115 1802 propheta
3163 1730 3299 1787 satis
3322 1745 3478 1800 aper-

217 1790 432 1892 ὴπείλει
463 1790 819 1896 τῷ’δυνάστη,
850 1790 967 1887 ταῖς
992 1790 1200 1879 ἐκείνου
1228 1790 1433 1895 audet;
1465 1826 1735 1899 anoxpu'up.

1977 1790 2319 1880 scindendum
2360 1790 2609 1894 populum
2641 1790 2896 1886 dixisset,
2931 1790 3049 1893 ipse
3094 1830 3274 1875 castra
3308 1790 3482 1876 Israel

217 1931 340 1978 νος·
377 1914 494 1968 ἀλλ’
532 1915 613 1968 ἔτι
641 1932 706 1985 γε
752 1918 845 1971 καὶ
875 1917 972 1989 τήν
1014 1918 1109 1972 τοῦ
1149 1918 1363 1992 Ἰσραὴλ
1405 1919 1652 1973 ἐκδοῦναι
1698 1938 1737 1973 π

1960 1917 2162 1973 edenda
2190 1918 2567 1989 pollicebatur.
2607 1915 2795 1985 Itaque
2825 1930 2950 1969 cum
2991 1915 3332 1985 conspiceret
3380 1929 3480 1984 pa-

218 2007 491 2081 ρεμόολὴν
512 2010 841 2081 ὑπισχνεῖτο,
872 2012 949 2082 τῷ
972 2012 1064 2065 τὸν
1097 2014 1381 2085 προφήτην
1416 2005 1692 2086 ἐμῖὁριθῶς
1718 2033 1738 2068 ε

1968 2018 2052 2067 tas
2083 2010 2208 2067 belli
2242 2010 2528 2064 machinas
2550 2048 2563 2070 ,
2591 2008 2784 2063 ducem
2818 2007 3004 2078 populi
3040 2007 3237 2062 timore
3273 2014 3482 2077 perter-

218 2099 445 2171 ρηκέναι
489 2098 1032 2170 διασχισθήσεσθαι
1075 2103 1182 2157 τὸν
1227 2106 1403 2159 λαόν.
1474 2106 1649 2178 Ὁρῶν
1700 2103 1738 2161 οἱ

1962 2117 2092 2172 tum,
2124 2105 2662 2166 contremiscentem,
2699 2102 2765 2157 ad
2814 2104 2928 2158 haec
2963 2102 3034 2158 ab
3075 2103 3195 2173 ipso
3234 2101 3344 2157 Dio
3385 2102 3482 2157 de-

215 2193 692 2263 ιπιτετειχισμένα
722 2195 959 2266 πολέμου
1002 2198 1397 2269 μηχανήματα,
1440 2201 1535 2254 καὶ
1573 2201 1666 2254 τὸν
1697 2219 1735 2253 τι

1957 2199 2151 2253 ειὶειιιιιι
2188 2195 2411 2267 (quibus
2444 2196 2703 2265 princeps
2743 2194 3060 2264 conjectura
3104 2208 3215 2248 non
3249 2193 3353 2249 levi
3385 2208 3477 2248 as-

215 2283 349 2337 λαοῦ
383 2285 706 2356 προεστῶτα
751 2288 995 2359 περιδεῆ,
1040 2291 1261 2362 προσέτι
1299 2292 1356 2345 δὲ
1410 2293 1505 2346 καὶ
1556 2293 1735 2346 καταλι

1961 2295 2123 2343 cutus
2162 2286 2467 2359 prophetici
2499 2285 2711 2340 oraculi
2755 2284 2869 2354 jam
2902 2285 3063 2339 ﬁnem
3089 2299 3214 2341 esse
3239 2299 3481 2339 comme-

216 2376 422 2446 φθέντα
472 2377 610 2449 πρὸς
660 2379 824 2433 αὐτοῦ
876 2380 968 2434 τοῦ
1014 2380 1149 2435 Θεοῦ
1202 2383 1300 2456 (δι’
1334 2378 1410 2439 ὧν
1450 2386 1479 2438 ὁ
1526 2386 1736 2440 δυνάσττ

1957 2379 2191 2449 orabat),
2225 2378 2292 2432 ad
2332 2383 2632 2448 prmsentes
2666 2382 2851 2431 motus
2879 2377 3185 2431 orationem
3239 2390 3473 2431 conver-

211 2466 486 2537 ὡμολόγει
514 2470 924 2542 στοχαζόμενος,
950 2474 1032 2527 ὅτι
1058 2473 1217 2548 δεῦρο
1249 2476 1572 2548 περαιοῦται
1603 2479 1664 2531 τὸ
1698 2497 1730 2531 τ

1959 2485 2016 2525 re
2040 2471 2337 2525 simulavit.
2380 2468 2730 2538 Quaecunque
2780 2466 2965 2538 itaque
3011 2468 3080 2522 de
3113 2482 3216 2522 suo
3248 2465 3476 2533 addidit,

215 2561 499 2632 προφήτου
540 2563 861 2634 κήρυγμα),
898 2564 1037 2635 πρὸς
1085 2566 1184 2631 τάς
1215 2565 1518 2633 ἐνεστώσας
1563 2571 1735 2642 ὑπεκρ

1955 2562 2009 2617 iis
2034 2569 2219 2631 aperte
2247 2560 2509 2615 mentitus
2523 2566 2606 2614 est
2630 2577 2644 2613 :
2668 2558 2870 2629 quippe
2898 2573 3075 2643 neque
3098 2559 3289 2613 mortis
3309 2555 3475 2620 diem,

214 2670 350 2708 νατο
406 2657 647 2726 κινήσεις
692 2657 1027 2725 ἀναφωνεῖν·
1072 2658 1172 2712 ὅσα
1224 2660 1406 2730 μέντοι
1456 2662 1733 2733 προσέθηκ

1957 2670 2079 2725 eque
2125 2652 2356 2707 ﬁliorum
2413 2648 2595 2706 Saulis
2634 2664 2868 2721 quorum
2922 2647 3215 2718 Scriptura
3257 2646 3477 2701 nomina

216 2741 328 2796 ῐδια
354 2743 475 2796 καθ’
494 2742 683 2806 ἐαυτά,
712 2745 960 2816 φανερῶς
980 2745 1121 2800 ἐάλω
1144 2747 1505 2820 ψευσάμενοςο
1535 2751 1657 2806 οὗτε
1685 2754 1736 2822 γὲ

1960 2746 2058 2807 xit,
2092 2744 2271 2815 potuit
2306 2741 2619 2812 praesagire.
2650 2740 2747 2796 His
2788 2739 2948 2795 facile
2980 2755 3275 2811 possumus
3304 2753 3477 2810 agno-

216 2834 321 2906 τὴν
366 2833 462 2887 τοῦ
510 2834 742 2888 θανάτου
781 2836 1011 2906 ἠδύνατο
1055 2844 1334 2911 προειπεῖν
1378 2842 1610 2915 ἡμέραν,
1670 2844 1736 2898 οὔ

1960 2853 2074 2900 ere,
2122 2835 2256 2890 nihil
2286 2833 2590 2905 proprium,
2630 2833 2765 2887 nihil
2797 2847 2985 2888 verum
3038 2831 3289 2902 spiritum
3338 2844 3480 2901 prae-

216 2925 321 2989 ea;
351 2926 461 2979 τῶν
486 2926 647 2980 υἱέων
670 2926 764 2980 τοῦ
804 2928 975 2983 Σαοὺλ
1004 2930 1330 3003 ἀναιρέσεις,
1362 2926 1438 2987 ὧν
1472 2936 1563 2987 ἐπὶ
1594 2936 1736 3007 ὀνόμι

1960 2932 2207 2994 ιηιίιιεεε,
2227 2929 2324 2984 sed
2356 2925 2627 2982 Samuelis
2647 2926 2810 2982 verba
2836 2924 3161 2982 suﬁ‘uratum
3184 2933 3239 2981 et
3270 2931 3328 2977 ut
3358 2938 3480 2994 pro-

217 3034 315 3082 τος
340 3019 741 3091 ἐμνημόνευσεν
768 3022 800 3091 ή
840 3022 1051 3095 Γραφή.
1095 3024 1188 3078 Ἐκ
1219 3025 1274 3078 δὲ
1308 3026 1510 3081 τούτων
1541 3029 1601 3081 οὐ
1636 3029 1736 3100 χαλ

1954 3023 2021 3077 ria
2061 3023 2430 3078 venditantem
2484 3021 2834 3079 existimasse
2895 3034 2955 3074 se
3004 3016 3354 3090 prophetare,
3399 3025 3474 3082 el,

215 3110 337 3175 πῶς
356 3110 425 3164 ἂν
458 3112 543 3183 εῖη
573 3115 732 3177 νοεῖν,
760 3113 835 3178 ὡς
875 3114 1025 3168 οὐδὲν
1057 3115 1186 3170 ἴδιον
1217 3118 1335 3171 οὐδὲ
1375 3118 1573 3189 ἀληθὲς
1614 3122 1735 3191 ἀπή¹

1959 3115 2045 3170 rod
2066 3115 2398 3185 praecipuum
2430 3120 2535 3177 est,
2557 3129 2733 3185 neque
2753 3128 2817 3169 ea
2846 3111 3053 3182 absque
3089 3109 3371 3165 mendacio
3395 3107 3479 3164 di-

225 3205 366 3274 γειλε
396 3206 459 3259 τδ
501 3204 745 3277 πνεῦμα·
782 3209 871 3261 ὅτε
908 3209 966 3262 δὲ
999 3209 1094 3265 τοῦ
1134 3211 1388 3283 Σαμουὴλ
1427 3213 1745 3277 ύπεξέκλεπ

1958 3224 2136 3263 nasse.
2174 3206 2231 3261 Si
2263 3223 2392 3278 ergo
2423 3216 2477 3263 et
2522 3208 2789 3262 bellorum
2839 3217 3005 3260 a‘stus
3039 3202 3478 3273 ell‘usionumque

216 3295 464 3366 ῥήματα,
518 3295 691 3351 ταῦτα
736 3298 1186 3371 σφετεριζόμενον
1230 3300 1367 3372 ᾤετο
1412 3304 1736 3374 προφητεύει

1959 3300 2190 3371 inguinis
2218 3300 2419 3353 ﬂuenta
2451 3298 2832 3353 crudelissima
2855 3296 3196 3367 praecineret,
3220 3295 3346 3365 quis
3360 3308 3479 3348 om-

230 3385 395 3441 Ἀλλά
418 3386 649 3459 μάλιστα
676 3389 772 3460 μὲν
803 3390 903 3443 οὐκ
934 3390 1077 3443 ἐστιν
1098 3393 1292 3457 εἰπεῖν,
1334 3394 1417 3446 ὅτι
1443 3394 1601 3448 τοῦτο
1629 3397 1750 3469 προὶ

1961 3409 2050 3447 um
2100 3398 2187 3447 est
2239 3391 2393 3461 origo
2441 3390 2746 3444 bellorum?
2796 3403 2978 3443 nonne
3029 3389 3144 3457 ipse
3193 3386 3480 3442 diabolus?

214 3482 454 3552 φήτευεν
497 3481 771 3551 ἀψευδῶς·
822 3484 871 3536 εί
914 3483 960 3536 δ’
1003 3483 1112 3555 ἄρα
1161 3486 1256 3538 καὶ
1300 3484 1539 3556 πολέμου
1583 3484 1734 3556 γένεα

1957 3500 2090 3540 onne
2142 3482 2338 3538 Jobum
2394 3481 2509 3552 ipse
2556 3480 2837 3551 deposcit?
2882 3495 3063 3534 nonne
3107 3478 3210 3547 ipsi
3271 3477 3477 3533 bellum

215 3574 584 3647 ἀνεκήρυττεν
608 3574 676 3628 τὰ
691 3575 789 3646 τῆς
816 3576 1208 3648 αἱματοχυσίας
1227 3578 1500 3649 ἀνήκεστα
1527 3579 1735 3650 ρεύματ

1956 3578 2239 3633 exorabile
2277 3574 2577 3631 excitavit?
2608 3587 2792 3628 nonne
2824 3571 3024 3643 sapius
3048 3574 3104 3625 in
3137 3570 3323 3626 varias
3360 3567 3476 3624 for-

215 3662 303 3726 τίς
338 3665 369 3716 ὁ
399 3662 509 3715 τῶν
542 3663 795 3717 ἁπάντων
821 3663 993 3728 αἴτιός
1036 3667 1149 3718 ἐστι
1180 3665 1464 3737 πολέμων;
1493 3668 1590 3737 οὐχ
1622 3669 1651 3720 ὁ
1681 3669 1735 3722 δι

1962 3686 2022 3725 as
2046 3677 2287 3723 mutatus
2322 3668 2439 3738 ipse
2469 3666 2696 3721 nuntius
2727 3664 2889 3720 simul
2922 3672 2976 3719 et
3005 3662 3185 3726 testis,
3213 3668 3268 3716 et
3301 3660 3477 3717 tribu-

216 3752 404 3818 6010;;
464 3756 577 3808 Οὐκ
623 3755 785 3819 αὐτὸς
839 3755 1140 3828 ἐξῃτήσατο
1192 3758 1284 3811 τὸν
1349 3756 1503 3823 ’Ῑώ6;
1559 3760 1657 3814 οὐκ
1696 3763 1736 3813 ἐς

1957 3780 2010 3819 ιε
2032 3762 2288 3824 militum,
2308 3761 2364 3814 in
2382 3759 2661 3814 hominum
2684 3760 2895 3813 viscera
2917 3762 3212 3825 penetrans
3229 3750 3477 3810 exstitit?

216 3849 440 3920 ήγειρεν
471 3847 618 3919 αὐτῷ
640 3849 875 3921 πόλεμον
905 3850 1162 3923 ἐξαίφνης
1188 3852 1518 3923 ἀκήρυκτον,
1554 3855 1614 3907 οὐ
1643 3857 2158 3929 μεταμορφούμενος
2200 3854 2383 3910 ἄλλοθι
2409 3852 2601 3918 ἄλλως,
2633 3849 2967 3920 αὐτάγγελος
3000 3849 3117 3920 ἅμα
3147 3847 3240 3902 καὶ
3271 3849 3480 3921 μάρτυς

216 3940 469 4009 ἐγίγνετο
504 3941 599 3994 καὶ
647 3940 1007 4012 πολέμαρχος,
1053 3943 1135 4006 είς
1186 3942 1255 3996 τὰ
1297 3943 1405 3997 τῶν
1440 3945 1740 4018 ἀνθρώπων
1773 3948 2021 4003 ἐντόσθια
2047 3946 2381 4018 παρεισδύς;

289 4034 433 4089 XIV.
483 4032 642 4087 Ἀλλὰ
664 4033 870 4104 ἀσαφὲς
895 4029 1113 4089 εἶναιτὸ
1146 4035 1330 4107 σχῆμα
1362 4038 1670 4109 νενόμισται
1689 4043 1801 4104 τοῖς

1981 4040 2123 4096 XIV.
2158 4039 2264 4095 Sed
2293 4039 2412 4094 haec
2452 4037 2627 4097 forma
2662 4044 2825 4105 atque
2865 4034 3033 4105 ﬁgura
3064 4034 3480 4105 quamplurimi:

219 4123 434 4187 πολλοῖς
453 4141 466 4154 ’
517 4123 656 4177 ἰτέον
691 4121 785 4176 οὖν
812 4123 1118 4188 ἀκολούθως
1145 4127 1223 4190 είς
1247 4127 1315 4179 τά
1342 4128 1441 4198 τῆς
1469 4130 1659 4202 τρίτης
1688 4129 1739 4183 τί

1962 4150 2137 4189 Iscura
2168 4133 2416 4187 videtur:
2452 4127 2835 4199 itaqueordine
2858 4141 2971 4180 non
2999 4125 3218 4180 inverso
3242 4125 3359 4197 ipsa
3374 4122 3482 4179 Re-

221 4216 522 4272 Βασιλειῶν
558 4219 698 4287 ἴχνη.
747 4218 1001 4271 Φαίνεται
1038 4217 1217 4272 τοίνυν
1260 4220 1408 4284 ὅπως
1451 4222 1479 4273 ό
1511 4223 1741 4294 προφήτι

1957 4241 2132 4280 lorum
2179 4223 2409 4280 historia
2461 4220 2584 4275 libri
2631 4219 2776 4274 tertii
2830 4217 3205 4287 investiganda
3250 4224 3352 4273 est.
3400 4215 3477 4274 Ibi

222 4312 568 4381 ιπερωτᾶται
588 4310 826 4380 Μιχαίας
851 4309 956 4363 ὑπὸ
977 4310 1071 4365 τοῦ
1101 4310 1325 4381 Ἀχαάϐ-
1360 4312 1474 4366 ἀλλ’
1496 4314 1742 4387 ἐπειδήπε

1961 4318 2182 4389 iippc",
2212 4327 2271 4371 ιιι
2303 4321 2546 4387 apparet,
2584 4310 2837 4367 Michmas
2886 4310 3150 4381 propheta
3180 4308 3250 4365 ab
3294 4307 3481 4364 Achab

221 4400 563 4473 ἠναγκάζετο
606 4401 812 4473 τάληθῆ
853 4400 1032 4470 λέγειν
1077 4401 1575 4472 ἀπαρακαλύπτως,
1614 4407 1741 4475 ἐωρι

1964 4418 2275 4481 terrogatur
2302 4428 2314 4462 :
2350 4408 2442 4463 sed
2469 4421 2593 4462 cum
2621 4419 2749 4459 vera
2775 4402 2933 4457 fateri
2965 4409 3271 4473 cogeretur,
3300 4401 3478 4470 palam

222 4494 393 4550 κέναι
424 4495 522 4565 μὲν
555 4493 756 4564 ἔφασκε
789 4494 897 4548 τὸν
926 4496 1146 4563 Κύριον
1167 4495 1265 4548 ἐπὶ
1296 4497 1513 4563 θρόνου
1545 4497 1742 4568 καθήμ

1958 4504 2283 4557 :Dominum
2329 4499 2554 4561 vidisse,
2611 4497 2721 4564 ait,
2776 4494 3036 4550 sedentem
3085 4508 3238 4562 super
3287 4493 3478 4546 solium

219 4603 352 4652 νον,
378 4583 505 4640 εἶτα
536 4586 637 4640 καὶ
668 4587 950 4654 στρατιὰς
980 4585 1226 4641 ἑστάναι
1254 4587 1386 4656 περὶ
1412 4587 1599 4641 αὐτὸν
1623 4592 1739 4657 οὺρ‹

1959 4611 2096 4658 rum;
2124 4593 2364 4662 deinceps
2394 4592 2651 4647 exercitus
2684 4589 2934 4643 assistere
2955 4588 3003 4641 ei
3035 4586 3265 4640 caelestes
3303 4594 3413 4638 tum
3448 4603 3479 4639 a

220 4679 394 4744 νιους
417 4677 487 4731 ἐκ
510 4694 575 4731 τε
597 4666 809 4742 δεξιῶν
836 4678 956 4749 ἅμα
982 4678 1079 4732 καὶ
1108 4679 1428 4748 εὐωνύμων
1443 4696 1456 4709 ·
1480 4680 1614 4750 ὁμοῦ
1646 4680 1702 4733 δὲ
1727 4699 1740 4730 ι

1957 4686 2104 4738 extris
2150 4691 2257 4736 tum
2308 4698 2341 4735 a
2373 4679 2640 4740 sinistris;
2684 4690 2810 4729 cum
2844 4674 2946 4729 hac
2974 4672 3183 4727 visione
3211 4678 3265 4725 et
3292 4684 3477 4725 vocem

219 4770 321 4841 τῆς
352 4769 528 4839 ὅψεως
584 4770 813 4843 ἱστορίᾳ,
861 4773 956 4824 καὶ
1006 4772 1189 4841 φωνῆς
1248 4769 1446 4841 ἔφησεν
1504 4772 1738 4843 ἀκηκοέν

1957 4777 2125 4832 ιᾱὶεεο
2158 4773 2327 4828 tradit
2365 4766 2745 4841 hujuscemodi
2774 4784 2787 4821 :
2820 4765 2952 4831 Quis
3002 4762 3224 4831 decipiet
3276 4758 3477 4823 Achab,

221 4862 439 4916 τοιᾶσδέ
469 4880 640 4927 τινος·
672 4863 766 4929 Τίς
789 4862 1084 4930 ἀπατήσει
1108 4863 1215 4916 τὸν
1253 4862 1479 4933 Ἀχαὰό,
1525 4864 1622 4918 καὶ
1651 4865 1741 4919 ἀνι

1999 4866 2241 4922 ascendet
2287 4866 2342 4920 in
2376 4861 2624 4918 Remmod
2666 4856 2902 4922 Galaad,
2934 4867 2981 4911 et
3027 4855 3175 4910 cadet
3208 4853 3283 4907 ibi
3304 4856 3329 4910 ?
3350 4861 3481 4907 tunc

221 4956 469 5026 ϐήσεται
499 4957 588 5022 εὶς
632 4953 886 5025 Ῥεμμὼδ
912 4955 1178 5020 Γαλαὰδ,
1209 4956 1307 5009 καὶ
1334 4955 1602 5010 πεσεῖται
1638 4956 1740 5009 ἐκε

1963 4959 2113 5022 ibdit,
2144 4965 2205 5012 ut
2237 4955 2434 5012 mediis
2468 4954 2684 5009 silentio
2708 4949 2979 5007 obvolutis
3007 4946 3362 5019 quaestionem
3384 4961 3483 5001 ex-

218 5047 524 5120 τηνικαῦτα
549 5047 606 5101 δέ
632 5063 813 5119 φησιν,
845 5045 955 5118 [ἵνα
975 5046 1043 5101 τὰ
1072 5050 1129 5102 ἐν
1153 5048 1303 5119 μέσῳ
1332 5047 1665 5119 παραλείψας
1687 5050 1738 5119 ἐρ

1963 5053 2099 5108 iccm
2136 5071 2148 5106 :
2187 5048 2443 5121 Egressus
2486 5056 2564 5102 est
2592 5046 2833 5114 spiritus,
2862 5052 2910 5096 et
2943 5043 3085 5097 stetit
3143 5055 3323 5094 coram
3374 5036 3483 5093 Do-

221 5139 288 5196 τὸ
324 5138 712 5212 ζητούμενονο]
757 5139 1011 5208 Ἐξιῆλθε
1056 5139 1311 5210 πνεῦμα,
1366 5140 1467 5193 καὶ
1506 5139 1654 5208 ἔστη
1696 5139 1741 5193 ἐι

1966 5148 2073 5206 ina.
2110 5152 2157 5198 et
2188 5146 2264 5198 ait
2296 5160 2313 5197 :
2363 5140 2475 5211 Ego
2507 5138 2760 5206 decipiam
2795 5134 2986 5197 illum;
3016 5148 3045 5187 a
3081 5146 3190 5202 quo
3230 5146 3354 5187 cum
3389 5146 3482 5200 pe-

218 5232 414 5286 ώπιον
448 5232 689 5300 Κυρίου,
730 5233 824 5287 καὶ
857 5229 1043 5287 εἶπεν·
1084 5232 1230 5302 Ἐγὼ
1260 5230 1549 5299 ἀπατήσω
1578 5232 1738 5286 αὐτόι

1961 5241 2039 5289 ret
2063 5233 2325 5288 Dominus
2360 5250 2373 5287 :
2412 5229 2478 5284 In
2514 5230 2663 5299 quo?
2698 5241 2917 5283 rursum
2933 5221 3224 5295 respondet
3264 5239 3275 5274 :
3310 5217 3481 5290 Egre—

218 5327 297 5392 ὡς
335 5327 392 5380 δὲ
439 5328 468 5380 ό
506 5325 711 5398 Κύριος
742 5325 1150 5393 ἀνθυπενέγκας
1196 5323 1460 5396 ἔφρασεν,
1520 5324 1616 5377 Ἐν
1643 5324 1738 5377 τίν

1964 5344 2047 5392 ar,
2079 5336 2126 5381 et
2154 5342 2243 5380 ero
2287 5323 2506 5394 spiritus
2553 5320 2781 5376 mendax
2830 5320 2883 5373 iu
2935 5333 3023 5371 ore
3072 5314 3308 5369 omnium
3356 5328 3481 5381 pro-

220 5417 595 5491 ἀνθυποφέρει
647 5417 840 5472 πάλιν·
918 5416 1371 5486 Ἐξελεύσομαι,
1426 5415 1522 5470 καὶ
1585 5418 1740 5485 ἕσομ

1960 5429 2178 5474 letarum
2211 5415 2380 5471 illius.
2421 5413 2521 5470 "is
2560 5415 2740 5485 potior
2779 5410 2914 5466 dixit
2948 5429 2960 5463 :
3006 5406 3238 5475 Decipies
3264 5415 3310 5459 et
3341 5417 3480 5473 prm-

220 5508 461 5579 πνεῦμα
496 5507 721 5578 ψευδὲς
751 5509 823 5563 ἐν
858 5510 1113 5579 στόματι
1145 5508 1385 5562 πάντων
1416 5508 1535 5564 τῶν
1566 5525 1740 5579 προφι

1956 5508 2121 5564 ιίεὺίε.
2175 5499 2243 5561 Et
2291 5522 2428 5560 nunc
2474 5504 2615 5575 jam,
2672 5506 2766 5568 ait,
2829 5498 3093 5572 egredere,
3146 5509 3197 5554 et
3255 5498 3340 5568 fac
3378 5497 3476 5549 ita.

222 5601 345 5656 τῶν·
369 5600 577 5655 αὑτοῦ.
606 5600 752 5673 Πρὸς
775 5599 947 5656 ταῦτα
973 5601 1073 5672 μὲν
1094 5597 1186 5656 οὖν
1210 5601 1430 5675 εἴρηκεν
1457 5604 1486 5656 ό
1515 5603 1742 5674 κρείττω

1968 5616 2040 5658 uae
2058 5615 2181 5658 cum
2212 5598 2475 5673 propheta
2506 5596 2621 5669 regi
2652 5599 2950 5661 narrasset,
2968 5593 3116 5649 illico
3129 5590 3315 5649 subdit
3339 5609 3349 5621 -
3376 5586 3488 5644 De.

298 5755 342 5788 δ’
372 5725 469 5808 Ili
498 5752 624 5826 Reg.
647 5769 783 5822 xm,
822 5754 890 5811 i9
919 5761 975 5812 et
1004 5770 1124 5826 sqq.
