3850 6160
396 306 502 363 645

1350 301 1411 360 S.
1453 295 1825 357 EUSTATHII
1854 293 2165 352 EPISCOPI
2206 292 2626 352 ANTIOCHENI

3537 292 3663 347 644

394 418 477 474 dit
500 418 757 473 Dominus
794 419 1013 488 spiritus
1059 416 1317 472 mendacii
1355 417 1412 472 in
1450 432 1540 472 ore
1571 416 1803 471 omnium
1853 404 1967 484 pro-

2084 411 2452 480 Ἀπατήσεις,
2480 413 2583 466 καί
2607 427 2674 482 τε
2708 409 2977 479 δυνήσῃ.
3000 409 3112 465 Καὶ
3138 409 3255 464 νῦν
3281 408 3429 475 ἰδοὺ,
3459 410 3661 480 φησὶν,

393 513 672 584 rhetorum
703 520 915 566 tuorum
964 510 1054 581 qui
1091 509 1175 563 hic
1209 517 1357 573 sunt,
1393 516 1443 563 et
1473 508 1732 562 Dominus
1763 506 1969 561 locutus

392 612 475 661 est
500 612 690 658 contra
717 612 765 657 te
793 603 959 657 mala.
994 602 1133 673 Ergo
1163 602 1208 658 si
1240 601 1494 672 spiritum
1520 600 1666 657 hunc
1690 598 1783 670 qui
1815 613 1969 654 men—

394 695 539 751 dacii
563 694 666 749 fuit
696 705 908 757 auctor,
940 694 1166 749 minime
1190 694 1390 748 bonum
1414 690 1508 747 sed
1544 706 1769 762 pravum
1802 689 1972 746 fuisse

393 789 701 860 intelligere
728 802 954 844 necesse
972 787 1065 848 sit,
1097 784 1365 855 sequitur,
1397 783 1546 838 hunc
1576 784 1705 839 item
1737 782 1969 838 creden-

393 878 527 934 dum
578 880 749 936 fuisse
790 877 993 933 diaboli
1026 878 1468 931 instrumentum.
1515 873 1652 929 Cum
1699 882 1880 928 autem
1913 887 1974 927 re

394 970 515 1040 ipsa
559 971 635 1026 illi
686 969 984 1039 contigisse
1027 975 1228 1038 pateat,
1247 982 1379 1038 ergo
1404 968 1560 1037 prius
1588 965 1835 1021 audierat
1861 978 1971 1036 quo

393 1067 556 1128 pacto
582 1057 1006 1115 scelestissimus
1024 1056 1213 1111 Achab
1229 1056 1297 1110 ad
1329 1055 1531 1111 bellum
1562 1056 1865 1126 procedens
1878 1070 1972 1109 oc-

393 1151 682 1205 cubiturus
725 1157 892 1206 esset.
941 1146 1078 1205 Nam
1125 1147 1216 1202 ille
1247 1147 1593 1203 mendacium
1621 1161 1721 1220 pro
1743 1148 1973 1202 veritate

392 1237 688 1296 obtrudere
745 1238 938 1302 voluit,
987 1245 1048 1291 ut
1087 1236 1213 1291 belli
1267 1251 1493 1292 causam
1548 1238 1837 1292 moliretur
1864 1238 1971 1292 im-

392 1330 655 1401 piumque
687 1328 941 1399 perderet
975 1328 1213 1398 turpius.
1249 1325 1328 1382 Ita
1352 1336 1411 1383 ut
1441 1328 1594 1384 hisce
1626 1329 1817 1390 rebus.
1853 1343 1973 1383 ma-

390 1421 443 1476 la
477 1435 598 1491 qua:
626 1419 877 1475 scelestis
922 1419 1237 1475 inferuntur
1274 1420 1553 1476 diabolum
1604 1420 1968 1492 praescivisse,

390 1512 746 1568 manifestum
789 1513 884 1579 sit,
919 1526 1044 1566 cum
1076 1512 1440 1582 pessimorum
1473 1512 1716 1567 omnium
1746 1514 1866 1585 ipse
1900 1514 1973 1569 sit

389 1604 593 1675 opifex.
622 1604 681 1659 In
706 1603 870 1660 Saule
890 1619 1020 1660 vero
1040 1604 1303 1676 quidquid
1327 1620 1358 1660 e
1384 1620 1443 1659 re
1456 1605 1674 1676 propria
1700 1604 1970 1663 Samuelis

393 1697 637 1753 oraculis
654 1697 860 1754 addens
891 1697 1210 1761 immiscuit,
1240 1712 1351 1751 non
1380 1704 1591 1752 tantum
1618 1699 1972 1768 probabiliter

2069 504 2299 570 ἔξελθε,
2335 506 2433 559 καὶ
2463 505 2726 573 ποίησον
2753 503 2960 568 οὕτως.
3006 502 3064 555 Ὀ
3105 502 3162 556 δὲ
3197 502 3477 574 προφήτης
3505 501 3669 555 αὐτὰ

2068 594 2239 648 ταῦτα
2267 594 2345 666 τῷ
2379 594 2588 665 βασιλεῖ
2615 595 2966 666 διηγούμενος
2995 593 3197 656 εὐθέως
3228 593 3476 666 ἐπιφέρει
3497 611 3509 623 ·
3547 592 3667 648 Δέ-

2067 683 2260 739 δωκεν
2281 690 2314 740 ό
2350 687 2494 752 Θεὸς
2523 684 2759 754 πνεῦμα
2782 683 3009 753 ψευδὲς
3033 685 3103 738 ἐν
3128 685 3377 754 στόματι
3409 684 3668 739 πάντων

2068 776 2190 832 τῶν
2217 778 2535 848 προφητῶν
2558 794 2676 833 σου
2704 779 2948 842 τούτων,
2992 777 3091 836 καὶ
3125 775 3394 846 ἐλάλησε
3430 778 3667 847 Κύριος

2067 868 2167 922 ἐπὶ
2215 867 2291 923 σὲ
2331 868 2506 923 κακά.
2553 867 2851 940 Τοιγαροῦν
2896 868 3053 943 είπερ
3099 868 3313 939 ἀνάγκη
3361 872 3501 924 νοεῖν
3550 869 3665 923 οὒκ

2068 961 2292 1030 ἀγαθὸν,
2320 962 2457 1016 ἀλλά
2483 961 2718 1031 πονηρὸν
2747 957 2886 1017 εἶναι
2910 962 3066 1015 τοῦτο
3092 962 3153 1015 τὸ
3181 962 3415 1033 πνεῦμα,
3453 962 3514 1016 τὸ
3550 962 3665 1033 τῆς·

2068 1054 2431 1125 ψευδηγορίας
2486 1055 2678 1120 αἴτιον,
2731 1053 3019 1111 ἀκόλουθον
3073 1054 3471 1125 ὑπολαμϐάνειν
3516 1056 3667 1109 αὐτὸ

2070 1145 2228 1200 τοῦτο
2253 1146 2313 1199 τὸ
2343 1144 2645 1200 διαϐολικὸν
2675 1146 2904 1217 ὄργανον
2939 1145 3226 1218 ὑπάρχειν.
3256 1147 3321 1201 Et
3346 1146 3405 1200 δὲ
3444 1146 3665 1219 κυρίως

2070 1237 2453 1292 ἀποδείκνυται
2506 1238 2665 1295 τοῦτο
2733 1234 2894 1302 εῖναι,
2955 1238 3296 1310 προακήκοεν
3361 1238 3471 1310 ἄρα
3530 1237 3669 1302 πῶς

2071 1330 2300 1402 ήμελλεν
2348 1334 2378 1385 6
2408 1331 2603 1402 μιαρὸς
2666 1330 2871 1401 ’Λχαάϐ
2913 1332 2994 1395 εἰς
3033 1329 3264 1401 πόλεμον
3293 1329 3473 1393 ἀπιὼν
3515 1330 3667 1386 ἀπο-

2072 1423 2323 1494 θνήσκειν
2342 1440 2356 1454 ’
2397 1422 2529 1477 αὐτὸ
2563 1421 2672 1494 γάρ
2704 1423 2904 1493 ἠξίωσε
2930 1421 2991 1475 τὸ
3013 1421 3205 1493 ψεῦδος
3243 1422 3368 1477 ἀντὶ
3396 1421 3499 1493 τῆς
3520 1422 3667 1493 άλη-

2073 1516 2223 1580 θείας
2252 1515 2554 1580 ἐκϐάλλειν,
2585 1514 2672 1569 ἵνα
2693 1515 2927 1585 πολέμου
2952 1514 3165 1583 γένεσιν
3187 1515 3533 1589 αὐτουργήσῃ
3559 1516 3667 1570 καὶ

2071 1604 2355 1678 διαφθείρῃ
2380 1605 2471 1659 τὸν
2508 1605 2692 1660 ἄδικον
2728 1605 2974 1674 αἰσχίως.
3014 1604 3175 1658 Ὥστε
3210 1605 3305 1658 καὶ
3331 1604 3420 1658 διὰ
3448 1605 3667 1659 τούτων

2072 1698 2453 1751 ἀποδείκνυται
2488 1697 2595 1751 τῶν
2623 1696 2820 1769 ἔργων,
2868 1697 2950 1750 ὃτι
2998 1695 3067 1750 τὰ
3110 1697 3256 1751 κακά
3286 1700 3398 1760 τοῖς
3444 1698 3668 1762 ἀδίκοις

393 1790 678 1853 mentitus,
705 1790 803 1845 sed
834 1789 998 1860 impie
1036 1787 1449 1860 irreligioseque
1476 1790 1696 1848 locutus
1744 1798 1853 1848 est.
1899 1791 1967 1847 At

2072 1790 2448 1862 ἐπιφερόμενα
2479 1768 2904 1863 προμεμάθηκεν
2949 1792 2978 1844 6
3013 1789 3276 1856 διάϐολος,
3318 1789 3502 1861 ἐπειδὴ
3543 1790 3668 1845 τῶν

395 1881 632 1950 primum
662 1881 810 1937 illius
837 1880 1062 1951 impium
1089 1879 1294 1935 dictum
1321 1883 1407 1937 vel
1446 1881 1574 1938 inde
1610 1883 1964 1954 deprehendi-

394 1980 519 2029 tur:
549 1973 783 2044 primum
814 1972 1033 2043 quidem
1066 1973 1242 2043 quod,
1274 1974 1735 2043 quemadmodum
1785 1974 1971 2031 Domi-

392 2080 501 2123 nus
526 2065 747 2127 latroni.
762 2065 856 2133 qui
884 2065 1037 2133 regni
1070 2065 1191 2135 ejus
1221 2066 1521 2135 potentiam
1537 2065 1828 2123 confessus
1852 2066 1971 2122 fue-

391 2163 513 2219 rat,
549 2155 687 2211 dixit
725 2156 771 2188 “
809 2176 821 2211 :
854 2155 1025 2210 Hodie
1070 2173 1271 2211 mecum
1313 2160 1419 2213 eris
1467 2160 1523 2212 in
1570 2158 1858 2228 paradiso;
1895 2160 1970 2214 ita

389 2257 446 2304 et
477 2248 566 2304 bic
615 2248 834 2303 illorum
884 2249 1162 2311 imitator,
1218 2248 1370 2305 Sauli
1420 2251 1648 2322 magicis
1694 2253 1970 2310 vaticiniis

389 2340 640 2410 expletis,
684 2340 909 2396 dolosus
956 2340 1153 2396 artifex
1202 2343 1549 2398 enuntiavit:
1583 2342 1719 2398 Cras
1769 2345 1874 2398 eris
1911 2354 1967 2398 tu

389 2449 613 2496 mecum,
642 2443 689 2487 et
713 2432 988 2488 Jonatban
1014 2433 1162 2503 ﬁlius
1187 2443 1308 2488 tuus
1339 2434 1406 2488 “.
1454 2433 1727 2499 Secundo,
1756 2436 1966 2506 justum

387 2524 461 2580 ab
490 2524 694 2595 injusto
734 2525 868 2580 nihil
901 2526 1096 2581 abesse
1125 2535 1361 2581 conatur
1393 2527 1646 2596 probare,
1674 2538 1734 2582 ut
1774 2528 1968 2583 callide

388 2616 606 2686 piorum
643 2626 877 2671 conatus
924 2625 1089 2687 atque
1128 2619 1365 2687 impetus
1399 2620 1742 2688 comprimat.
1776 2618 1968 2686 Nemo,

387 2713 450 2763 ut
469 2705 707 2769 videtur,
742 2706 898 2775 plane
941 2723 1050 2761 non
1085 2707 1257 2771 novit,
1298 2707 1503 2761 nullam
1556 2708 1700 2762 inter
1753 2708 1967 2764 fidelem

384 2802 445 2853 et
495 2795 774 2853 infidelem
818 2799 1263 2854 communionem
1324 2799 1664 2855 intercedere
1699 2819 1711 2854 :
1754 2816 1969 2856 necnon

387 2900 607 2951 rursus,
642 2901 753 2957 quo
804 2896 967 2957 pacto
1017 2890 1112 2959 qui
1168 2890 1484 2946 divitiarum
1516 2893 1673 2964 copia
1727 2892 1969 2964 profusis

386 2983 701 3032 marcuerat
728 2976 927 3046 epulis,
960 2977 1119 3049 longe
1153 2994 1184 3033 a
1231 2978 1423 3034 Lazari
1459 2983 1822 3038 contubernio
1881 3000 1971 3040 se-

381 3064 614 3140 juncius
643 3076 1001 3140 secretusque
1030 3069 1196 3125 fuerit
1218 3070 1286 3134 ⁸³,
1308 3075 1560 3141 quamvis
1589 3074 1723 3128 nihil
1744 3075 1798 3128 in
1818 3076 1967 3131 illum

388 3173 578 3219 lusus.
614 3158 757 3216 Sane
786 3161 924 3216 nihil
954 3163 1166 3233 uSpiam
1192 3165 1546 3235 reliquiarum
1575 3174 1669 3222 aut
1703 3150 1968 3223 micarum

387 3248 447 3305 in
475 3250 848 3322 pavimentum
882 3253 1195 3308 cadentium
1225 3256 1472 3311 exhibuit
1493 3298 1507 3321 .
1538 3258 1634 3314 sed
1668 3275 1769 3314 nec
1798 3261 1971 3331 plagis

385 3340 567 3398 virum
598 3342 889 3409 alllixerat,
944 3360 1048 3400 nec
1097 3345 1282 3417 ﬂagris
1333 3364 1533 3407 caesum
1595 3350 1703 3404 alio
1757 3351 1972 3421 longius

386 3433 729 3490 amandarat.
757 3433 961 3490 Verum
984 3452 1112 3491 cum
1146 3439 1310 3494 ambo
1334 3439 1460 3493 hinc
1482 3441 1787 3512 migrantes
1803 3442 1970 3497 vitam

384 3530 822 3579 commutassent
838 3541 962 3581 cum
994 3534 1191 3591 morte,
1212 3528 1302 3585 hic
1320 3529 1540 3600 quidem
1568 3532 1622 3585 in
1656 3532 1780 3586 sinu
1804 3531 1973 3587 Abrav

386 3610 473 3668 ha:
490 3614 708 3684 generis
725 3617 970 3673 auctoris
999 3618 1227 3686 quievit,
1256 3621 1347 3677 ille
1385 3624 1719 3691 perennibus
1736 3622 1971 3685 ﬂammis

385 3711 552 3776 atque
580 3707 1122 3780 inexstinguibilibus
1151 3720 1441 3784 correptus
1475 3723 1557 3770 est
1590 3734 1603 3769 :
1639 3716 1727 3771 hic
1752 3716 1882 3772 dum
1913 3719 1971 3777 in

385 3797 583 3861 inferis
602 3807 783 3856 tortus
813 3804 1231 3871 cremaretur“,
1269 3806 1417 3860 videt
1449 3823 1481 3861 a
1523 3808 1683 3879 longe
1714 3811 1970 3881 progeni-

386 3896 816 3957 torem,necnon
839 3902 893 3948 et
908 3892 1176 3949 Lazarum
1206 3897 1262 3952 in
1294 3897 1419 3952 sinu
1443 3899 1563 3968 ejus
1591 3919 1602 3953 :
1627 3907 1680 3953 at
1700 3901 1821 3971 igne
1843 3917 1967 3957 cum

389 3977 633 4043 arderet,
666 3996 731 4035 ex
771 3982 956 4038 animo
985 3983 1263 4059 Abraham
1296 3988 1527 4059 rogabat
1561 3997 1620 4044 ut
1644 3991 1711 4045 ad
1733 4005 1794 4048 se
1815 4007 1969 4048 men-

386 4066 571 4123 dicum
615 4070 858 4126 mitteret
891 4092 904 4127 :
937 4076 1139 4146 quippe
1180 4077 1384 4135 obnixe
1414 4081 1744 4149 precabatur
1770 4090 1830 4138 ut
1859 4082 1966 4138 La-

388 4175 553 4219 zarus
582 4164 647 4217 ad
669 4179 794 4219 eum
815 4166 1042 4225 veniens
1067 4176 1370 4226 extremum
1397 4172 1551 4244 digiti
1576 4176 1660 4231 sui
1688 4176 1741 4231 in
1769 4192 1966 4248 aquam

387 4253 707 4327 intingeret,
765 4258 956 4330 sicque
1002 4260 1245 4333 linguam
1281 4279 1436 4318 suam
1469 4267 1612 4322 roris
1643 4267 1967 4326 humiditate

387 4355 781 4404 contrectatam
821 4350 1212 4423 refrigeraret:
1255 4356 1439 4426 itaque
1478 4358 1666 4428 ignitis
1704 4360 1964 4416 cruciati-

2072 1881 2335 1953 ἐχθίστων
2358 1885 2387 1936 ὁ
2409 1884 2824 1956 δραματουργδς
2856 1883 3020 1946 αὐτός
3042 1883 3186 1941 ἐστιν
3207 1883 3480 1937 ἁπάντων.
3520 1883 3668 1938 Ἐπὶ

2074 1970 2257 2041 μέντοι
2279 1971 2374 2024 τοῦ
2398 1972 2589 2035 Σαοὺλ,
2619 1973 2718 2025 ὅσα
2750 1969 3008 2043 προσθεὶς
3030 1972 3122 2042 ἀφ’
3144 1970 3336 2026 ἑαυτοῦ
3364 1971 3669 2038 συνέζευξα

2070 2067 2183 2128 τοῖς
2221 2063 2312 2116 τοῦ
2343 2063 2594 2135 Σαμουὴλ
2634 2062 3070 2135 ἀποφθέγμασιν,
3104 2063 3164 2117 οὐ
3198 2064 3356 2135 μόνον
3384 2062 3670 2132 ἐψεύσατο

2072 2155 2333 2219 πιθανῶς,
2377 2154 2512 2210 ἀλλά
2545 2155 2638 2209 καὶ
2676 2155 3097 2229 ἐϐλασφήμησεν
3129 2155 3361 2220 ἀσεϐῶς.
3409 2154 3668 2208 Ἐνθένδε

2072 2246 2236 2299 ποθὲν
2265 2246 2597 2318 διελέγχεται
2626 2249 2658 2318 ή
2687 2247 2877 2323 πρώτη
2921 2248 3231 2320 δυσφημία·
3266 2249 3483 2320 Πρῶτον
3522 2247 3667 2317 μὲν,

2070 2338 2152 2391 ὅτι
2183 2337 2321 2392 κατά
2343 2340 2593 2411 μίμησιν,
2614 2340 2688 2403 ὡς
2711 2341 2740 2391 6
2763 2340 2965 2411 Κύριος
2989 2341 3092 2412 ἔφη
3113 2339 3191 2411 τῷ
3210 2340 3404 2413 λῃστῇ,
3432 2339 3492 2392 τὸ
3514 2340 3671 2412 κρὰ·

2069 2444 2161 2491 τος
2185 2427 2579 2499 ὁμολογήσαντι
2605 2429 2703 2500 τῆς
2729 2429 3004 2499 βασιλείας
3035 2429 3221 2493 αὑτοῦ,
3242 2430 3509 2500 Σήμερον
3527 2430 3667 2498 ἔσῃ

2064 2520 2194 2587 μετ’
2237 2520 2411 2589 ἐμοῦ,
2446 2521 2642 2590 λέγων,
2677 2522 2748 2576 ἐν
2796 2520 2878 2587 τῷ
2930 2523 3290 2591 παραδείσῳ,
3334 2524 3528 2576 ταυτὸν
3592 2521 3670 2594 δὴ

2071 2613 2228 2666 τοῦτο
2261 2614 2355 2667 καὶ⁵
2382 2613 2456 2685 τῷ
2486 2612 2656 2668 Σαοὺλ
2685 2614 3098 2686 ἐκπληρώσαντι
3121 2617 3220 2680 τάς
3253 2614 3513 2686 μαντικὰς
3548 2617 3668 2668 αὐ-

2071 2706 2164 2757 τοῦ
2210 2705 2466 2775 μαντείας
2505 2705 2705 2777 ἔφησεν
2748 2708 2776 2758 6
2803 2706 3123 2777 δολομήτης’
3153 2705 3371 2773 Αὔριον
3406 2705 3520 2773 ἔσῃ
3566 2706 3669 2763 σὺ

2065 2796 2193 2865 μετ’
2244 2795 2413 2866 ἐμοῦ,
2463 2796 2566 2851 καὶ
2625 2797 2910 2853 Ἰωνάθαν
2949 2801 2982 2852 ό
3035 2800 3165 2864 υἱός
3195 2814 3333 2857 σου,
3385 2797 3670 2870 Δεύτερον

2073 2888 2321 2960 βούλεται
2355 2889 2628 2945 δεικνύναι
2662 2890 2751 2945 διὰ
2791 2891 3013 2957 τούτων,
3048 2892 3132 2951 ὅτι
3172 2892 3338 2962 μηδὲν
3370 2892 3399 2943 6
3439 2891 3670 2959 δίκαιος

2072 2977 2255 3031 ἀδίκου
2304 2977 2570 3050 διαφέρει,
2612 2977 2712 3042 τὰς
2748 2978 2858 3033 τῶν
2902 2978 3139 3035 εὐσεϐῶν
3178 2979 3406 3050 ἐκκόψαι
3444 2981 3671 3053 προθυ-

1994 3108 2039 3164 C
2076 3069 2205 3164 μίας
2241 3069 2691 3141 ἐπιτεχνώμενος.
2737 3071 2922 3164 Οὐδεὶς
2952 3071 3128 3164 ἔοικεν
3166 3074 3400 3142 ἀγνοεῖν,
3428 3075 3512 3129 ὅτι
3546 3093 3672 3149 μησ-

2074 3160 2234 3231 δεμία
2272 3161 2604 3233 συνυπάρχει
2639 3163 2897 3216 κοινωνία
2924 3163 3099 3235 πιστῷ
3141 3164 3280 3235 μετά
3317 3166 3580 3235 ἀπίστου,
3628 3168 3670 3242 ἢ

2072 3251 2139 3308 αὖ
2174 3254 2355 3320 πάλιν,
2398 3255 2545 3320 ὅπως
2587 3259 2617 3309 6
2649 3255 2863 3327 πλούτῳ
2896 3259 3320 3330 κατατρυφήσας
3363 3259 3672 3335 ἀπλήστῳ,

2073 3345 2260 3417 πόρρω
2285 3347 2386 3417 τῆς
2421 3345 2673 3419 Λαζάρου
2706 3347 2917 3419 διαίτης
2946 3348 3243 3421 ἀπεκρίθη,
3275 3350 3448 3403 καίτοι
3480 3352 3672 3423 μηδὲν

2071 3438 2253 3507 ὅμοιον
2279 3434 2547 3507 ἐκείνῳ(5⁴
2556 3449 2571 3505 )
2584 3438 2806 3509 δράσας.
2824 3438 2961 3492 Ἀλλ’
2975 3430 3130 3504 οὗτος
3151 3440 3250 3511 μὲν
3264 3440 3410 3500 οὐδὲν
3424 3440 3672 3502 πώποτε

2075 3528 2343 3598 μετέδωκε
2377 3528 2454 3600 τῷ
2484 3529 2783 3601 πενομένῳ,
2811 3529 2873 3583 τὺ
2900 3533 3161 3602 παράπαν
3189 3532 3361 3597 οὐδὲν,
3388 3532 3512 3586 οὔτε
3545 3552 3672 3589 πε-

2068 3623 2464 3697 ριττευμάτων,
2482 3620 2604 3675 οὗτε
2632 3621 2806 3693 ψιχῶν
2831 3625 2911 3686 εἰς
2936 3623 3196 3694 τοῦδαφος
3218 3626 3669 3697 ἐκριπτομένωνο

2070 3714 2184 3767 ἀλλ’
2216 3714 2324 3767 οὐδ’
2359 3715 2664 3787 ἐλυμήνατο
2701 3715 2791 3769 τὸν
2821 3715 2991 3788 ἄνδρα
3018 3716 3273 3788 πληγαῖς,
3302 3718 3363 3772 οὐ
3394 3718 3673 3788 μάστιξιν

2069 3808 2423 3878 αἰκισάμενος
2462 3805 2646 3872 ἐδίωξε
2678 3807 2989 3879 περαιτέρω
3033 3825 3136 3865 που
3163 3809 3301 3879 γῆς’
3350 3808 3462 3863 ἀλλ’
3497 3810 3669 3877 ὅπως

2067 3895 2254 3967 ἐπειδὴ
2308 3894 2649 3967 μετήλλαξαν
2704 3896 2871 3966 ἄμφω
2927 3897 3260 3969 μετάραντες
3301 3897 3580 3966 ἐντεῦθεν,
3633 3905 3670 3958 ὀ

2070 3985 2168 4055 μὲν
2206 3986 2288 4049 εἰς
2331 3986 2563 4049 κόλπους
2600 3983 2754 4055 ἔληξε
2797 3983 2888 4038 τοῦ
2924 3984 3269 4056 προπάτορος
3320 3983 3597 4057 Ἁϐραάμ,
3632 3989 3668 4040 ὁ

2065 4076 2123 4129 δὲ
2155 4079 2277 4141 ταῖς
2310 4077 2627 4149 ἀκοιμήτοις
2658 4076 2813 4146 ἐδόθη
2864 4076 3019 4146 φλοξὶ
3057 4077 3153 4132 τοῦ
3188 4078 3391 4150 πυρός·
3427 4077 3504 4141 ὡς
3549 4075 3667 4137 οὖν

2067 4167 2124 4221 ἐν
2156 4167 2236 4237 τῷ
2284 4167 2383 4240 ᾄδῃ
2433 4167 2852 4239 βασανιζόμενος
2883 4168 3171 4237 ἐφλέγετο,
3216 4168 3499 4240 πόρρωθεν
3543 4171 3666 4240 μὲν

2064 4259 2168 4331 ὁρᾷ
2208 4259 2296 4312 τὸν
2334 4259 2675 4331 προπάτορα,
2716 4258 2910 4329 θεωρεῖ
2945 4259 3001 4312 δὲ
3041 4260 3136 4313 καὶ
3171 4259 3261 4313 τὸν
3303 4260 3554 4330 Λάζαρον
3593 4262 3665 4315 ἐν

2067 4354 2180 4415 τοῖς
2213 4352 2435 4416 κόλποις
2466 4350 2632 4405 αὐτοῦ
2652 4369 2665 4381 ·
2696 4354 2760 4423 τῇ
2797 4353 2854 4406 δὲ
2886 4352 2950 4424 δὴ
2996 4352 3155 4423 φλογὶ
3184 4353 3519 4425 πυρούμενος
3551 4357 3666 4410 ἐκ-

385 4437 492 4495 bus
520 4439 661 4496 male
686 4448 915 4497 vexatus
942 4444 1171 4516 supplex
1202 4445 1317 4501 hac
1344 4447 1510 4503 miser
1526 4451 1805 4506 exorabat.
1824 4452 1960 4507 Cum

2069 4444 2254 4515 θύμως
2278 4445 2431 4517 ήξίου
2462 4445 2553 4499 τὸν
2594 4445 2842 4518 Ἀϐραάμ
2860 4447 3008 4510 ὅπως
3036 4446 3291 4520 ἐκπέμψῃ
3319 4447 3411 4501 τὸν
3435 4448 3664 4519 πένητα

384 4544 552 4603 porro
583 4533 913 4603 progenitor
934 4534 1003 4589 ad
1030 4538 1310 4605 postulata
1340 4539 1735 4608 respondisset,
1765 4557 1962 4611 quem-

2066 4538 2203 4609 πρὸς
2236 4539 2424 4592 αὐτόν’
2470 4539 2638 4598 ἐδεῖτο
2677 4538 2786 4610 γάρ
2834 4538 2899 4595 ἵν’
2949 4538 3276 4610 ἀφικόμενος
3307 4541 3337 4594 6
3368 4540 3659 4611 Λάζαρος,

384 4618 518 4675 libet
566 4621 624 4674 in
654 4621 898 4691 qualibet
942 4633 1099 4696 parte
1145 4625 1327 4696 justas
1357 4629 1633 4697 recepisse
1681 4631 1963 4688 mercedes

2069 4629 2125 4686 τὸ
2159 4629 2257 4700 μὲν
2288 4630 2455 4701 ἀκρον
2488 4628 2640 4683 ὕδατι
2662 4629 2809 4703 βάψῃ
2831 4628 2923 4683 τοῦ
2944 4630 3229 4694 δακτύλου,
3269 4629 3553 4702 καταψύξῃ
3588 4631 3664 4691 δὲ

386 4711 597 4781 pramii
619 4712 763 4777 loco,
797 4721 932 4768 tunc
961 4717 1227 4788 temporis
1249 4717 1494 4775 subdidit
1525 4739 1538 4775 :
1565 4718 1635 4773 Et
1663 4721 1719 4775 in
1741 4720 1822 4776 bis
1850 4740 1965 4776 om-

386 4803 539 4859 nibus
569 4803 705 4858 inter
729 4820 824 4858 nos
863 4813 915 4859 et
964 4824 1052 4861 ros
1075 4808 1235 4864 chaos
1276 4826 1524 4881 magnum
1552 4812 1827 4882 ﬁrmatum
1861 4825 1961 4883 est,

385 4896 445 4949 ut
493 4894 548 4950 hi
581 4897 672 4966 qui
707 4895 883 4950 volunt
918 4897 1039 4952 hinc
1081 4901 1311 4956 transire
1338 4901 1411 4958 ad
1453 4919 1543 4959 vos
1584 4921 1689 4960 non
1733 4908 1960 4975 possint,

386 5003 549 5060 neque
572 4986 692 5043 inde
720 4986 792 5043 ad
830 5006 925 5043 nos
967 4998 1293 5051 transmeare
1314 4993 1378 5047 ³⁷.
1407 4993 1465 5048 Si
1493 4994 1678 5066 itaque
1707 5012 1962 5069 magnum

386 5078 556 5133 chaos
588 5087 673 5134 est
694 5079 840 5151 quod
870 5080 1053 5150 justos
1074 5084 1144 5139 ab
1162 5084 1385 5154 injustis
1411 5085 1678 5160 sejungit,
1695 5088 1769 5144 ita
1793 5089 1959 5160 utqui

387 5169 500 5223 illic
531 5179 661 5225 sunt
688 5186 799 5225 nou
831 5172 1045 5241 possint
1067 5173 1175 5229 huc
1218 5176 1523 5241 transvehi,
1556 5193 1736 5249 neque
1752 5180 1848 5249 qui
1870 5180 1961 5235 hic

386 5269 800 5318 commorantur
826 5262 957 5317 illuc
987 5262 1185 5319 adduci
1208 5283 1223 5333 ;
1246 5272 1398 5336 patet
1425 5265 1715 5325 manifeste
1739 5267 1956 5325 Saulem

388 5348 483 5420 qui
513 5350 752 5421 injustus
778 5359 918 5418 erat,
948 5369 1058 5409 una
1099 5370 1224 5410 cum
1252 5358 1516 5429 propheta
1562 5358 1813 5417 Samuele
1848 5376 1956 5417 non

2064 4718 2163 4791 τὴν
2196 4719 2437 4788 γλῶτταν
2448 4718 2635 4785 αὐτοῦ,
2654 4720 2855 4785 νοτίδος
2881 4719 3303 4791 ἐπαφησάμενος
3331 4719 3458 4790 (5“⁶)
3483 4719 3663 4789 ἰκμά-

2064 4810 2148 4863 δα·
2181 4810 2505 4882 πυροφόροις
2546 4805 2638 4863 οὗν
2674 4810 3037 4881 ἀλγυνόμενος
3072 4809 3305 4875 ὀδύναις,
3339 4809 3658 4881 ἐπρέσϐευε

2067 4902 2292 4958 τοιαῦτα
2324 4903 2443 4974 μεθ’
2479 4902 2713 4985 ἱκετείας
2740 4906 2768 4958 6
2794 4904 2984 4968 τάλας.
3024 4904 3239 4975 Ἐπειδὴ
3262 4904 3321 4956 δὲ
3346 4903 3481 4975 πρὸς
3510 4902 3655 4977 ἔτεος

2067 4998 2501 5069 ἀποκρινάμενος
2530 5000 2560 5051 6
2593 4997 2912 5069 προπάτωρ,
2945 4997 3173 5051 ἕκαστον
3206 4998 3263 5048 ἐν
3295 4996 3508 5066 ἑκάστῳ
3542 4997 3658 5066 μέ-

2070 5106 2151 5162 ρει
2184 5090 2282 5153 τάς
2318 5089 2473 5156 ἀξίας
2500 5088 2716 5159 ἔφαινεν
2744 5088 2977 5159 ἀμοιϐάς
3019 5088 3254 5143 ἐπάθλου
3300 5088 3461 5160 χάριν
3496 5086 3659 5158 εἱλη-

2067 5182 2247 5253 φέναι,
2295 5180 2596 5252 τηνικαῦτα
2646 5179 2904 5251 προσθεὶς
2944 5179 3353 5250 ἐπεφθέγξατοο
3387 5178 3497 5233 Καὶ
3536 5178 3651 5232 ἐπὶ

2066 5274 2215 5329 πᾶσι
2238 5274 2473 5338 τούτοις
2492 5270 2720 5342 μεταξὺ
2751 5270 2921 5342 ὑμῶν
2953 5271 3053 5326 καὶ
3081 5270 3248 5341 ἡμῶν
3279 5270 3505 5340 χάσμα,
3531 5286 3653 5344 φη-

2066 5367 2169 5432 civ,
2196 5364 2539 5434 ἐστήρικται
2564 5363 2738 5435 μέγα,
2777 5362 2937 5430 ὅπως
2964 5366 3016 5417 oi
3045 5362 3323 5429 θέλοντες
3359 5361 3649 5430 διαϐῆναι

389 5439 604 5511 degere.
622 5442 756 5499 Nam
790 5444 839 5500 si
879 5446 1032 5502 dives
1073 5454 1127 5502 et
1157 5463 1366 5520 pauper
1393 5466 1504 5506 non
1527 5460 1759 5522 possunt
1791 5454 1957 5510 simul

2069 5454 2240 5511 ἕνθεν
2284 5455 2435 5524 πρὸς
2464 5452 2622 5525 ὑμᾶς
2650 5453 2736 5523 μὴ
2772 5452 3087 5519 δύνωνται,
3121 5452 3278 5524 μηδὲ
3318 5454 3376 5508 οί
3404 5451 3649 5508 ἐκεῖθεν

386 5614 389 5621 .
462 5553 510 5587 “
551 5554 683 5611 Luc.
730 5572 893 5621 nm,
926 5560 1017 5615 £5.
1089 5561 1136 5594 “
1167 5560 1199 5617 Ι
1235 5565 1360 5635 Reg.
1395 5582 1591 5632 nvm,
1634 5568 1723 5625 l9.
1801 5569 1847 5601 “
1887 5568 2020 5627 Luc.
2054 5585 2170 5635 xvi,
2230 5567 2298 5622 19
2324 5582 2447 5638 sqq.
2524 5566 2571 5599 ⁵⁸
2614 5566 2748 5624 ibid.
2777 5566 2869 5623 ‘25.
2950 5566 2996 5600 "'
3025 5568 3157 5622 ibid.
3186 5565 3275 5623 26.

457 5643 862 5736 ςδρῌῬκείζοιῖ
884 5647 1107 5736 Scilicet
1124 5650 1471 5736 τῷῇπιστῷς
1504 5661 1588 5736 sin
1610 5667 1801 5736 autem
1818 5662 1960 5718 refe-

2069 5663 2266 5736 δμοίιολι-
2297 5661 2459 5736 E3"-

385 5725 479 5767 ras
511 5714 801 5786 txetnplad
834 5716 1124 5789 Lazarum,
1164 5714 1303 5783 forte
1347 5714 1637 5795 legendum
1685 5714 1835 5797 ὠμόν
1856 5714 1958 5799 pro

2054 5808 2060 5815 ,
2096 5727 2110 5736 ’
2136 5734 2260 5800 (5")
2297 5730 2813 5804 Ἐπαφησάμενος.
2839 5727 3452 5804 ιλότιεέπαφυσάμενος.
3474 5731 3645 5789 Enn.
