3850 6160
214 320 328 378 1545
1107 323 1196 379 DE
1233 323 1828 381 ENGASTRIMYTHO
1862 323 2141 381 CONTRA
2181 321 2560 378 ORIGENEM.
3370 330 3475 383 om

214 436 371 505 πρὸς
407 437 568 507 ἡμᾶς
606 435 991 507 διαπερῶσιν.
1039 438 1103 491 Ei
1148 439 1328 493 τοίνυν
1365 439 1486 492 ἐστὶ
1527 438 1801 511 χάσματος

1908 452 2051 503 esse,
2084 437 2233 492 nulla
2281 434 2406 490 licet
2435 449 2725 504 pauperem
2772 437 2972 507 injuria
2996 438 3270 503 affecerit,
3300 456 3481 512 neque

217 528 365 581 είδὲα
391 527 705 600 διείργουσα
750 528 956 599 μεταξὺ
983 528 1209 582 δικαίων
1237 530 1318 599 ἡδ’
1347 529 1569 595 ἀδίκων,
1613 529 1691 593 ώς
1737 528 1801 601 μὴ

1911 529 2172 600 abegerit,
2204 535 2419 582 tantum
2463 541 2572 581 non
2614 527 2691 582 illi
2720 540 2973 600 prompte
3004 547 3124 601 quae
3164 532 3282 604 ipse
3312 533 3483 590 habe-

216 619 479 675 δύνασθαι
529 622 659 684 τοὺς
709 620 860 674 ἐνθεν
915 622 1094 674 ἐκεῖσε
1149 620 1618 692 διαπορθμεῦσαι,
1674 624 1801 694 μήτε

1908 620 2002 674 bat
2028 636 2091 675 ex
2124 627 2278 690 parte
2311 621 2621 678 distributis
2646 640 2658 675 :
2680 630 2887 692 quanto
2913 623 3086 695 magis
3121 626 3389 682 scelestus
3419 640 3480 683 ac

218 710 384 783 δεῦρο
403 711 528 774 τοὺς
552 710 763 765 ἐκεῖθεν
788 710 1104 779 ἀφικέσθαι’
1126 712 1464 782 συνέστηκεν
1489 713 1565 775 ὡς
1587 712 1615 763 6
1637 711 1801 766 Σαοὺλ

1909 720 2203 767 contumax
2230 714 2394 769 homo
2422 714 2682 785 indignus
2720 725 2824 780 est,
2854 716 2951 788 qui
2983 725 3298 774 sanctorum
3324 733 3482 774 com-

220 803 408 866 ἄδικος
437 802 514 857 ὢν
542 803 646 856 οὐκ
686 803 802 857 ἐστι
845 802 982 874 μετά
1005 802 1100 855 τοῦ
1139 804 1421 874 προφήτου
1463 803 1732 875 Σαμουήλ·
1763 803 1801 856 εἰ

1909 804 2223 858 munionem
2248 805 2572 875 participet?
3192 860 3197 865 .

219 897 334 971 γὰρ
362 901 391 953 6
418 898 672 965 πλούσιος
702 900 763 954 ού
797 899 1022 953 δύναται
1069 898 1207 968 μετά
1234 897 1334 951 τοῦ
1370 899 1600 971 πένητος
1642 895 1803 963 εἷναι,
1835 898 1930 951 καὶ
1960 898 2130 951 ταῦτα
2158 900 2324 971 μηδὲν
2358 900 2622 971 ἀδικήσας
2670 900 2805 972 μηδὲ
2865 900 3061 968 διώξας
3119 902 3300 968 αύτδν,
3347 901 3482 956 ἀλλά

225 991 302 1062 μὴ
335 992 594 1061 μεταδοὺς
636 991 783 1064 αὐτῷ
818 994 1124 1065 προχείρως
1158 992 1217 1059 ἔξ
1260 989 1336 1049 ὧν
1372 993 1506 1065 εἶχε,
1544 993 1696 1063 πόσῳ
1732 990 1797 1063 δὴ
1821 991 2019 1062 μᾶλλον
2056 994 2086 1045 6
2143 990 2384 1062 σχέτλιος
2412 993 2551 1065 ἀνὴρ
2584 992 2802 1059 ἀνάξιός
2836 996 2955 1047 ὲστι
2996 995 3098 1065 τῆς
3149 995 3255 1049 τῶν
3310 993 3482 1075 ἁγίιον

223 1084 527 1138 ἀπολαῦσαι
568 1086 851 1151 κοινωνίας
866 1103 880 1152 ;

298 1169 415 1226 XV.
459 1171 596 1225 Ἀλλ’
628 1173 690 1225 ού
737 1174 1044 1247 διανοητέον
1068 1177 1219 1242 ὅπως
1257 1174 1484 1246 αἰσχροῦ
1517 1173 1614 1246 μὲν
1637 1173 1802 1227 ἓνεκα

219 1265 449 1336 κέρδους
466 1266 649 1320 ἀθετεῖ
660 1267 721 1320 τὸ
743 1266 884 1321 θεῖον
904 1269 1204 1340 ἐπίταγμα,
1238 1271 1452 1343 δαίμονι
1484 1270 1542 1325 δὲ
1574 1267 1802 1340 πληγεὶς

224 1357 480 1423 ἀνιάτως,
514 1358 796 1413 ἐλαύνεται
828 1360 1097 1435 βασκανίᾳ
1128 1340 1345 1417 διώκειν
1368 1340 1459 1416 τὸν
1490 1360 1801 1437 ἁγιοπρεπῆ

222 1448 388 1503 Δαυῒδ
416 1450 592 1503 οὐδενὶ
633 1450 823 1523 κόσμῳ
849 1454 1130 1524 πρέποντι,
1161 1454 1336 1509 καίτοι
1362 1451 1650 1525 ψαλμῳδία
1671 1467 1803 1524 προ-

223 1543 427 1612 φητικῇ
479 1541 581 1611 τὴν
624 1542 924 1613 ἀγριότητα
959 1543 1055 1597 τοῦ
1088 1530 1514 1614 ὲκὸακχεύοντὸς
1555 1545 1613 1595 έν
1650 1539 1800 1611 αὐτῷ

207 1632 473 1704 δαίμονος
502 1633 809 1706 ἡμεροῦντα
826 1651 841 1666 ·
868 1635 994 1700 τοὺς
1014 1637 1182 1707 ἱερεῖς
1203 1635 1536 1705 ἀποσφάττει
1561 1633 1653 1687 τοῦ
1684 1634 1799 1686 Κυ-

222 1724 343 1797 ρίου
398 1724 744 1796 τριακοσίους
795 1725 955 1790 ὅντας
991 1727 1127 1798 πρὸς
1176 1730 1292 1791 τοῖς
1333 1726 1672 1797 πεντήκοντα
1708 1723 1801 1778 τὸν

1980 1162 2099 1217 XV.
2142 1161 2249 1218 Sed
2298 1163 2524 1220 minime
2578 1166 2924 1237 cogitandum
2970 1177 3054 1225 est
3103 1170 3478 1232 infamiseum

1908 1255 2047 1310 lucri
2076 1270 2246 1312 causa
2275 1264 2601 1326 praeceptum
2630 1259 2865 1316 violasse
2908 1260 3153 1318 divinum
3181 1264 3230 1297 ⁸⁸
3260 1283 3275 1320 :
3311 1282 3344 1322 a
3371 1269 3480 1324 da:-

1909 1361 2073 1402 mone
2101 1362 2231 1402 vero
2260 1347 2549 1404 insanabili
2582 1348 2768 1406 furore
2806 1353 3047 1421 percitus
3066 1395 3082 1418 ,
3121 1356 3323 1412 invidia
3344 1373 3481 1416 san-

1906 1440 2252 1503 ctissimum,
2301 1441 2453 1495 nullo
2497 1441 2714 1497 decoris
2763 1450 2927 1515 atque
2964 1444 3180 1503 honesti
3228 1461 3478 1520 respectu

1902 1527 2126 1594 habito,
2154 1542 2481 1600 persecutus
2525 1540 2610 1587 est
2660 1529 2831 1589 David
2886 1534 2954 1599 ‘9,
3010 1537 3104 1607 qui
3147 1541 3479 1611 propheticis

1902 1618 2248 1676 Psalmorum
2290 1624 2648 1678 concentibus
2687 1624 3024 1682 ferocitatem
3072 1629 3126 1684 in
3163 1631 3257 1687 illo
3276 1634 3481 1691 debac-

1869 1704 2432 1769 'chanti-s.da:monis
2476 1714 2836 1771 demulcebat.
2893 1716 3216 1777 Sacerdotes
3265 1723 3481 1782 Domini

220 1817 455 1890 ἀριθμόν
479 1836 492 1848 ⁸
527 1819 815 1889 ἀφίσταται
839 1821 932 1874 τοῦ
960 1820 1100 1875 Θεοῦ
1150 1820 1542 1893 μαντευόμενος
1568 1819 1797 1884 ἀσεϐῶς.

1908 1812 2181 1861 trecentos
2212 1814 2268 1862 et
2298 1807 2701 1879 quinquaginta
2750 1824 2979 1867 numero
3020 1814 3298 1871 occisione
3335 1817 3482 1872 occi-

221 1910 289 1964 Et
315 1910 374 1964 δὲ
406 1910 578 1966 ταῦτα
604 1911 698 1964 καὶ
726 1912 795 1966 τὰ
824 1911 1033 1978 τούτοις
1064 1913 1271 1983 ἀδελφά
1307 1912 1655 1987 διεπράξατο,
1683 1910 1801 1983 πῶς

1908 1896 1984 1950 dit
2013 1896 2061 1928 ⁸ο
2091 1915 2103 1951 :
2127 1896 2329 1952 defecit
2351 1912 2389 1952 a
2432 1896 2571 1965 Deo,
2598 1898 3014 1959 vaticinationes
3037 1918 3101 1958 ac
3130 1911 3312 1959 vatum
3340 1921 3482 1977 pra-

208 1996 334 2056 οἷόν
375 2020 437 2056 τε
490 2000 750 2072 νομίζειν,
788 2004 869 2058 ὅτι
911 2004 1047 2077 μετά
1072 2003 1164 2058 τοῦ
1212 2003 1625 2076 θαυματουργοῦ
1673 2020 1804 2058 κατ-

221 2093 384 2167 έληξε
414 2095 683 2167 Σαμουὴλ,
701 2096 760 2161 ὃς
792 2098 851 2149 ἐν
878 2096 997 2168 ὥρα
1017 2095 1206 2169 θέρους
1237 2096 1391 2150 ὑετὸν
1421 2095 1621 2167 ἠξίωσε
1654 2096 1804 2165 γενέ-

223 2188 372 2250 σθαι,
392 2187 487 2241 καὶ
508 2189 642 2259 παρ’
666 2187 816 2259 αύτῷ
847 2189 993 2259 (5““)
1015 2187 1420 2259 κατεσκεδάσθη
1438 2186 1639 2258 πλῆθος
1668 2187 1804 2258 ἀμέ-

208 2293 423 2350 τρητον
455 2279 699 2345 ὑδάτων;
734 2280 798 2334 Εί
823 2279 880 2333 δὲ
904 2279 1005 2333 οὐκ
1051 2278 1196 2333 ἔστιν
1255 2282 1452 2344 εἰπεῖν,
1501 2280 1585 2334 ὅτι
1630 2279 1803 2334 Σαούλ

220 2370 341 2422 ἐστι
378 2371 495 2440 μετ’
526 2368 689 2423 αὐτοῦ
724 2370 801 2441 (6)
844 2370 1118 2442 Σαμουὴλ,
1155 2370 1420 2441 ἐψεύσατο
1454 2371 1553 2442 μὲν
1579 2372 1608 2424 6
1630 2371 1802 2441 λέγων

223 2461 378 2532 αύτῷ
396 2480 410 2493 ·
440 2462 659 2530 Αὔριον·
684 2464 798 2532 ἔσῃ
828 2465 909 2518 σὺ
926 2463 1055 2532 μετ’
1079 2464 1242 2531 ἐμοῦ.
1270 2464 1571 2536 Τοιγαροῦν
1604 2468 1651 2518 εἰ
1673 2464 1804 2535 ψεύ-

227 2570 364 2624 στης
396 2555 424 2606 6
453 2552 621 2607 ταῦτα
670 2554 907 2625 εἰρηκὼς
962 2554 1220 2627 ὑπάρχει,
1270 2555 1557 2627 πρόδηλον,
1591 2557 1668 2621 ώς
1703 2557 1804 2611 οὐκ

222 2644 374 2698 ἔστιν
404 2646 432 2697 6
471 2645 722 2717 Σαμουὴλ
756 2641 940 2711 οὗτος·
977 2648 1038 2699 ού
1090 2647 1199 2719 γὰρ
1247 2647 1312 2702 ἂν
1350 2648 1524 2713 οὕτως
1560 2650 1803 2722 ἀχρόνως

208 2736 253 2789 6
283 2736 381 2790 τοῦ
409 2735 615 2806 Κυρίου
656 2736 913 2807 ψεύσαιτο
945 2739 1231 2809 προφήτης
1250 2755 1263 2768 ·
1296 2738 1436 2792 ὥστε
1468 2741 1693 2795 τοιαῦτα
1723 2740 1802 2811 (7)

210 2824 349 2896 δίχα
378 2825 710 2897 πτισσόμενα
732 2829 968 2899 ῥήματα,
1001 2828 1206 2899 γυμνὸν
1236 2829 1573 2884 ὑποδεικνύει
1591 2830 1681 2884 τὸν
1709 2849 1807 2884 πο-

221 2916 585 2989 λυπρόσωπον
645 2918 908 2973 ἐνδοτάτω
974 2919 1116 2990 θῆρα
1176 2921 1568 2992 κρυπτόμενον.
1635 2922 1805 2985 Αὐτὸς

214 3005 359 3074 γοῦν
387 3007 532 3059 ἐστιν
565 3008 594 3059 6
632 3009 989 3073 κατασπάσας
1040 3010 1119 3072 είς
1159 3007 1221 3062 τὸ
1255 3007 1348 3061 τοῦ
1390 3010 1664 3081 ταρτάρου
1709 3010 1805 3079 χά-

214 3114 342 3169 -σμα
387 3098 483 3152 καὶ
527 3098 620 3153 τὸν
678 3100 900 3171 ἐμμανῆ
959 3099 1161 3155 Σαούλ’
1217 3098 1339 3153 ὅθεν
1392 3100 1606 3165 οἰκείως
1657 3100 1805 3171 αύτῷ

1904 1988 2054 2057 sagia
2084 1987 2250 2058 impie
2284 2003 2603 2059 exposcens.
2641 1989 2770 2046 Haec
2804 2000 2860 2048 et
2895 1992 2981 2050 bis
3014 1994 3211 2051 similia
3251 1996 3305 2052 si
3345 2013 3481 2055 con-

1904 2080 2032 2136 fecit
2050 2120 2066 2146 ,
2093 2096 2200 2151 qua
2229 2081 2444 2136 ratione
2476 2083 2697 2140 credere
2724 2099 3021 2155 possumus
3049 2102 3174 2143 eum
3204 2090 3482 2160 quievisse

1904 2189 2015 2229 una
2046 2190 2170 2231 cum
2200 2175 2589 2229 miraculorum
2620 2177 2874 2233 eﬂ‘ectore
2902 2178 3158 2237 Samuele
3181 2221 3197 2247 ,
3225 2183 3326 2253 qui
3364 2199 3482 2239 ma-

1902 2268 2051 2321 ximo
2076 2268 2133 2321 in
2152 2274 2286 2322 aestu
2316 2268 2515 2323 nubem
2538 2269 2846 2340 impetravit
2871 2272 2942 2336 ἰ,
2966 2272 3102 2328 adeo
3130 2281 3189 2329 ut
3215 2275 3481 2333 immensa

1904 2372 2168 2429 aquarum
2198 2361 2353 2430 copia
2404 2361 2549 2414 circa
2581 2361 2759 2432 ipsum
2794 2365 3091 2419 exnndarit
3130 2367 3154 2419 ?
3193 2366 3391 2422 Verum
3431 2371 3478 2423 si

1900 2452 2259 2507 asserendum
2293 2469 2399 2507 non
2434 2462 2518 2508 est
2544 2452 2762 2509 Saulem
2796 2470 2921 2509 cum
2948 2454 3209 2512 'Samuele
3245 2458 3440 2529 degere
3463 2499 3478 2521 ,

1903 2543 2127 2597 omnino
2169 2543 2428 2598 mentitus
2478 2553 2562 2599 est
2611 2545 2704 2614 qui
2745 2545 2820 2599 illi
2866 2545 3001 2600 dixit
3046 2562 3066 2601 :
3112 2546 3246 2602 Cras
3282 2550 3388 2604 eris
3424 2562 3481 2603 tu

1905 2650 2105 2689 mecum
2153 2636 2222 2690 δ’.
2267 2633 2437 2704 Igitur
2484 2638 2529 2690 si
2574 2638 2666 2707 qui
2712 2636 2826 2691 hmo
2866 2637 3063 2693 effatur
3091 2640 3320 2694 mendax
3361 2649 3476 2701 est.

1904 2724 2276 2790 manifestum,
2303 2726 2446 2781 hunc
2473 2726 2781 2782 Samuelem
2804 2743 2912 2782 non
2935 2744 3093 2794 esse;
3129 2745 3305 2801 neque
3332 2731 3479 2787 enim

1905 2820 1984 2874 sic
2003 2820 2149 2874 circa
2174 2827 2415 2890 tempora
2435 2820 2695 2890 prepbeta
2723 2820 2935 2875 Domini
2959 2823 3223 2878 mentitus
3244 2821 3476 2881 fuisset:

1904 2913 1980 2966 ita
2009 2920 2070 2966 ut
2107 2928 2173 2968 ex
2206 2910 2292 2969 his
2328 2912 2407 2968 sic
2435 2913 2697 2983 expositis
2740 2914 3092 2970 multiformis
3123 2915 3266 2970 intra
3301 2916 3479 2987 ipsum

1905 3006 2108 3076 degens
2132 3005 2311 3060 bellua
2334 2992 2609 3074 appareat.
2637 3004 2733 3061 Hic
2745 3021 2874 3077 ergo
2892 3015 2995 3071 est,
3019 3008 3111 3077 qui
3136 3015 3190 3062 et
3212 3007 3478 3066 furiosum

1909 3096 2127 3153 Saulem
2162 3097 2217 3151 in
2258 3096 2473 3151 Tartari
2499 3095 2690 3154 fauces
2739 3098 2991 3154 detrusit.
3039 3099 3218 3165 Quare
3247 3115 3359 3156 non
3396 3101 3481 3158 in-

220 3189 664 3260 προσεφθέγγετο
702 3193 1001 3265 κρατήσας·
1034 3192 1256 3260 Αὔριον
1283 3191 1364 3245 σὺ
1397 3192 1497 3244 καὶ
1529 3191 1801 3247 Ἰωνάθαν

1908 3205 2146 3261 congrue
2163 3189 2257 3245 illo
2279 3190 2382 3245 sibi
2402 3192 2708 3261 mancipato
2732 3190 2932 3246 fatetur
2953 3189 3120 3247 :Cras
3135 3193 3238 3247 eris
3256 3209 3476 3258 meeum,

212 3284 263 3335 ιό
293 3282 426 3345 υἱός
463 3296 579 3338 σου
603 3286 731 3353 μετ’
755 3284 925 3354 ἐμοῦ.
958 3284 1130 3353 Διττῷ
1161 3285 1218 3339 δὲ
1238 3286 1503 3356 συστῆσαι
1532 3282 1806 3356 προσώπῳ

226 3374 587 3447 πειρώμενος,
606 3376 682 3440 ὡς
701 3376 953 3430 οὐδέποτε
972 3376 1178 3443 δίκαιος
1203 3377 1389 3433 ἀδίκου
1413 3377 1679 3447 διαφέρει,
1712 3376 1805 3428 καὶ

216 3464 319 3519 τὸν
363 3465 616 3521 Ἰωνάθαν
635 3468 749 3539 ἅμα
774 3467 852 3539 τῷ
884 3470 1053 3541 πατρὶ
1073 3469 1164 3523 τὸν
1197 3470 1359 3523 αὐτὸν
1386 3468 1579 3539 ἐκείνῳ
1606 3468 1805 3539 κλῆρον

215 3555 630 3625 ἀπενέγκασθαι
674 3558 1070 3631 συνωμολόγει,
1103 3560 1279 3615 καίτοι
1311 3561 1384 3631 μὴ
1423 3558 1805 3629 συνενεχθέντα

223 3644 293 3713 τῇ
339 3642 529 3698 τούτου
572 3643 834 3717 ὠμότητι.
883 3648 980 3711 Τίς
1014 3649 1071 3702 δὲ
1109 3648 1219 3702 τῶν
1250 3648 1417 3704 ὄντων
1455 3648 1803 3719 ὑποκρίνεται

228 3732 306 3805 μὴ
356 3738 518 3802 νοεῖν,
571 3738 653 3791 ὅτι
702 3738 970 3809 κράτιστα
1026 3738 1228 3808 βιώσας
1284 3743 1314 3794 6
1362 3740 1455 3794 τοῦ
1522 3741 1803 3812 προφήτου

216 3824 390 3879 Δαυῒδ
427 3827 681 3900 ἐραστὴς,
740 3830 875 3885 ἀλλά
931 3832 1005 3903 μὴ
1028 3831 1214 3899 διῶξαι
1247 3832 1453 3887 δίκαιον
1493 3831 1692 3895 ἀδίκως
1720 3833 1807 3901 ὲγ-

225 3917 495 3988 χειρίσας,
521 3921 585 3973 ού
611 3922 708 3992 τὴν
724 3922 892 3994 αὐτὴν
912 3924 1233 3996 ἐπιφέρεται
1257 3923 1324 3996 [Ῑ.
1344 3923 1707 3996 ἀποφέρεται]
1726 3923 1804 3995 τῷ

222 4007 475 4074 διώξαντι
500 4011 852 4085 μισθοφορίαν
869 4030 883 4080 ;
901 4015 962 4068 οὐ
978 4014 1087 4087 γὰρ
1109 4015 1480 4080 ἀποθανεῖται,
1506 4016 1569 4070 τὺ
1585 4015 1803 4088 ξύμπαν

220 4102 434 4167 είπεῖν,
478 4104 593 4167 υίὸς
629 4104 769 4176 ὑπὲρ
799 4106 985 4160 ἀδίκου
1025 4107 1250 4179 πατρός.
1295 4109 1454 4163 Ἀλλά
1501 4108 1607 4181 μὴν
1654 4108 1805 4179 ἐλέγ-

224 4190 383 4261 χεταί
426 4207 491 4260 γε
558 4192 652 4246 κα)⁸
688 4193 774 4247 διὰ
812 4194 962 4248 τοῦδε
1004 4195 1097 4249 τοῦ
1140 4195 1455 4268 μηνύματος
1501 4197 1530 4250 6
1578 4196 1804 4270 ψευδορ-

228 4283 420 4353 ῥάφυς.

303 4375 440 4430 XVI.
487 4377 888 4450 Ἀπαραλήπτῳ
939 4378 1000 4450 (1⁸.
1047 4378 1464 4452 ἀπαραλείπτῳ)
1501 4380 1557 4434 δὲ
1597 4381 1804 4448 τάξεως

224 4468 536 4541 ἀκολουθίᾳ,
572 4471 828 4542 προσθεὶς
863 4470 1063 4542 ἔφησεν
1097 4472 1126 4523 ὁ
1157 4473 1524 4544 συγγραφεὺς,
1558 4473 1660 4538 ὄτι,
1692 4474 1800 4527 Καὶ

1907 3292 1961 3336 ιιι
1988 3293 2036 3336 et
2070 3282 2213 3352 ﬁlius
2242 3292 2363 3335 tuus
2403 3281 2693 3336 Jonathan.
2728 3281 2938 3352 Duplici
2979 3297 3212 3352 persona
3241 3294 3481 3340 comme-

1904 3382 2114 3428 morata
2167 3375 2492 3429 confirmare
2548 3376 2761 3439 nititur,
2816 3390 3096 3445 nunquam
3152 3375 3364 3444 justum
3410 3376 3480 3431 ab

1904 3466 2110 3536 injusto
2158 3466 2404 3532 differre;
2456 3465 2726 3521 Jonathan
2791 3482 2915 3521 cum
2971 3474 3125 3537 patre
3180 3483 3354 3523 unum
3419 3476 3477 3524 et

1904 3556 2154 3613 eumdem
2182 3556 2340 3611 finem
2364 3564 2417 3612 et
2443 3566 2643 3612 sortem
2669 3557 3004 3619 habiturum,
3029 3556 3155 3612 licet
3178 3557 3324 3614 illius
3349 3573 3478 3615 cru-

1905 3648 2112 3705 delitati
2156 3649 2379 3704 minime
2428 3650 2805 3709 consenserit,
2838 3648 3132 3705 fatebatur.
3166 3648 3302 3716 Quis
3345 3665 3478 3706 vero

1906 3739 2215 3794 mortalium
2237 3755 2304 3796 se
2324 3754 2433 3794 non
2460 3754 2655 3810 capere
2683 3739 2982 3806 simulabit,
3002 3754 3126 3795 eum
3155 3741 3249 3811 qui
3273 3740 3478 3812 optime

1902 3830 2134 3897 vixerit,
2164 3831 2443 3901 prophetae
2478 3829 2646 3885 David
2675 3841 3005 3893 amatorem,
3050 3837 3106 3885 et
3137 3833 3230 3911 qui
3268 3845 3478 3902 nequa—

1903 3937 2069 3990 quam
2095 3922 2305 3992 justum
2333 3923 2537 3992 injuste
2571 3923 2823 3992 persequi
2854 3924 3024 3979 ausus
3065 3922 3295 3989 fuisset,
3325 3937 3477 3979 eam~

1904 4014 2027 4070 dem
2069 4030 2193 4069 cum
2246 4022 2595 4086 persecutore
2634 4015 2935 4071 mercedem
2990 4015 3282 4085 accipere?
3323 4013 3477 4071 Nun-

1903 4121 2066 4178 quam
2097 4091 2274 4174 enim,
2312 4117 2372 4163 ut
2400 4107 2567 4163 verbo
2597 4107 2873 4177 expleam,
2920 4123 3022 4178 pro
3071 4107 3278 4178 injusto
3318 4115 3475 4178 patre

1904 4210 2134 4256 mortem
2189 4200 2360 4256 obibit
2414 4200 2576 4256 ﬁlius.
2624 4199 2859 4270 Ideoque
2907 4200 3013 4255 hoc
3059 4201 3224 4257 etiam
3271 4201 3476 4257 indicio

1904 4291 2317 4347 mendaciorum
2348 4290 2531 4361 opifex
2559 4290 3005 4360 deprehenditur.

1975 4381 2115 4437 XVI.
2143 4380 2342 4436 Rerum
2371 4397 2533 4451 porro
2561 4390 2835 4453 gestarum
2863 4381 3006 4438 serie
3034 4395 3145 4436 non
3171 4381 3472 4452 interrupta

1906 4480 2099 4527 auctor
2124 4472 2339 4528 subdit:
2364 4472 2433 4526 Et
2455 4474 2723 4543 festinavit
2747 4472 2900 4539 Saul,
2928 4480 2977 4527 et
2999 4472 3184 4527 cecidit
3201 4482 3471 4541 porrectus

220 4559 496 4615 ἔσπευσε
523 4562 742 4628 Σαοὺλ,
772 4562 870 4617 καὶ
897 4563 1118 4618 ἔπεσεν
1132 4562 1402 4632 ἑστηκὼς
1416 4564 1513 4618 ἐπὶ
1527 4564 1642 4632 τὴν
1659 4565 1794 4636 γῆν,

1908 4579 2060 4632 super
2084 4571 2279 4617 terram
2301 4603 2315 4625 ,
2351 4572 2399 4619 et
2437 4564 2614 4617 timuit
2654 4562 2803 4617 valde
2828 4579 2861 4616 a
2888 4564 3212 4617 sermonibus
3250 4562 3472 4619 Samue-

222 4654 328 4708 καί
356 4653 615 4724 ἐφοϐήθη
637 4654 892 4724 σφόδρα,
925 4656 1117 4726 λέγων,
1152 4656 1270 4712 ἀπὸ
1305 4656 1425 4710 τῶν
1454 4659 1650 4727 λόγων
1682 4661 1793 4712 Σα-

217 4745 445 4815 μουὴλ·
477 4748 717 4811 ἐκείνους
749 4748 857 4819 γάρ
872 4744 979 4801 οἶδε
1004 4749 1097 4801 τοῦ
1124 4747 1377 4819 Σαμουὴλ
1399 4743 1680 4811 εἶναιτοὺς
1699 4749 1790 4801 λό-

222 4855 381 4907 γους,
399 4838 494 4902 ob;
521 4841 894 4910 προεφήτευσε
922 4841 1018 4910 μὲν
1042 4839 1190 4909 αὐτῷ
1220 4838 1434 4910 σώματι
1463 4840 1556 4892 καὶ
1583 4838 1797 4910 γλώττῃ

222 4929 438 5002 παρών·
456 4930 517 4984 τὺ
539 4930 596 4985 δὲ
620 4932 811 5003 φάσμα
832 4931 1050 4995 τούτους
1080 4929 1426 4997 ἀνεξελέξατο
1452 4932 1597 4994 τοὺς.
1632 4969 1646 4983 .
1682 4970 1696 4985 .
1730 4972 1745 4987 .
1783 4973 1794 4984 .

222 5022 323 5076 καὶ
380 5020 686 5094 προύφερεν
734 5024 811 5087 ὡς
847 5022 1007 5087 ἰδίους
1029 5040 1042 5054 ·
1079 5017 1154 5077 ὧν
1184 5024 1215 5075 6
1245 5022 1511 5094 δυνάστης
1549 5023 1797 5092 ὑπομνη-

220 5113 397 5177 σθεὶς,
458 5114 553 5168 καὶ⁸
580 5114 649 5168 τά
709 5113 804 5168 τοῦ
859 5114 1098 5187 πολέμου
1125 5114 1368 5186 σύμσολα
1410 5112 1628 5187 θεωρῶν
1652 5114 1797 5168 ἀντι-

216 5222 366 5279 Διιρυς
398 5205 678 5277 ἱδρυμένα,
724 5206 977 5279 περιδεὴς
1007 5209 1268 5276 ἐγεγόνει,
1311 5206 1374 5260 τὸ
1400 5206 1575 5279 πέρας
1614 5205 1795 5259 αὐτῶν

221 5297 442 5352 ἐννοῶν.
492 5296 630 5350 Ἀλλ’
688 5299 969 5371 Ὠριγένης
1028 5298 1207 5369 ἑαυτῷ
1247 5299 1490 5369 δόγματα
1524 5298 1795 5360 πλάττων,

220 5388 400 5455 εἰδὼς,
452 5393 532 5445 ὅτι
584 5391 825 5445 πλεῖστοι
871 5391 969 5463 μὲν
1012 5392 1124 5445 ὅσοι
1165 5392 1520 5462 τυγχάνουσιν
1548 5393 1597 5446 οἱ
1625 5390 1794 5446 ταῦτα

1897 4654 1967 4708 tis
1994 4655 2060 4707 ⁵³.
2092 4653 2199 4708 Εοε
2227 4655 2369 4709 enim
2402 4669 2683 4711 sermones
2714 4653 2987 4709 Samuelis
3009 4668 3133 4709 esse
3157 4665 3468 4736 agnoverat,

1903 4762 2041 4817 quos
2066 4760 2190 4800 cum
2213 4745 2391 4800 adhuc
2423 4753 2567 4801 esset
2599 4748 2653 4799 in
2684 4745 2824 4800 vivis
2847 4751 2903 4800 et
2937 4758 3167 4815 corpore
3205 4752 3259 4801 et
3287 4745 3470 4818 lingua

1903 4839 2341 4909 prophetaverat.
2375 4837 2499 4893 Haec
2529 4854 2558 4892 a
2589 4846 2806 4908 spectro
2832 4838 3039 4893 delecta
3069 4838 3225 4908 quasi
3252 4840 3471 4909 propria

1904 4928 2341 4999 proferebantur.
2402 4928 2642 4995 Quorum
2687 4944 2813 4983 cum
2859 4929 3195 4986 meminisset
3246 4944 3375 4995 rex,
3418 4937 3472 4984 et

1903 5018 2281 5089 conspexisset
2322 5018 2455 5073 satis
2499 5026 2680 5087 aperte
2718 5018 2846 5073 belli
2876 5018 3030 5090 signa
3066 5025 3281 5082 erecta,
3309 5015 3471 5097 finem

1903 5108 2277 5165 imminentem
2309 5107 2744 5163 animadvertens
2773 5116 2923 5165 metu
2955 5107 3159 5165 fractus
3191 5122 3255 5163 ac
3279 5106 3472 5164 debili-

1903 5210 2049 5256 tatus
2065 5209 2169 5257 est.
2186 5202 2255 5254 At
2269 5199 2551 5272 Origenes,
2570 5200 2787 5256 sibimet
2800 5201 2901 5271 ipsi
2919 5201 3170 5274 dogmata
3186 5198 3468 5272 emngeus.

1903 5296 2083 5350 sciens
2109 5293 2373 5363 plurimos
2398 5308 2521 5350 esse
2548 5293 2642 5364 qui
2673 5292 2789 5348 haec
2831 5293 3195 5349 determinant
3213 5334 3229 5357 ,
3274 5292 3341 5348 ad
3371 5306 3469 5351 sua

1904 5385 2049 5441 dicta
2102 5391 2480 5454 oppugnantes
2530 5383 2778 5439 oratione
2822 5396 3086 5439 conversa
3137 5380 3363 5436 minime
3416 5380 3468 5435 id

292 5505 350 5578 “A
375 5504 420 5578 VIA
455 5505 577 5578 Reg.
608 5524 700 5573 xv,
731 5507 786 5562 9.
817 5508 860 5540 ⁸³
894 5505 924 5561 1
980 5505 1105 5578 Reg.
1150 5523 1264 5572 xix,
1298 5506 1352 5561 9.
1438 5506 1484 5538 ⁵⁰
1523 5504 1549 5558 1
1582 5504 1708 5574 Reg.
1774 5520 1801 5557 x

1908 5543 1912 5562 ,
1958 5501 2045 5556 18.
2126 5499 2171 5531 ⁸⁸
2223 5496 2254 5552 1
2301 5496 2429 5569 Reg.
2483 5512 2580 5562 xu,
2633 5495 2721 5551 18.
2803 5497 2848 5529 "
2918 5494 2947 5549 I
2981 5493 3111 5566 Reg.
3149 5509 3342 5557 xxvm,
3376 5493 3466 5549 l9.

142 5608 149 5617 ι
226 5577 275 5611 ⁸³
307 5576 441 5631 ibid.
470 5576 562 5631 20.

296 5670 446 5739 (5”)
484 5670 627 5739 Hap‘
652 5668 832 5738 αὐτῷ.
855 5668 1020 5724 Forte
1048 5666 1176 5736 παρ’
1193 5664 1346 5733 αὐτό,
1371 5665 1456 5722 vel
1477 5663 1606 5735 παρ’
1626 5663 1782 5719 αυτά.

223 5740 387 5888 “(.61).
403 5815 541 5871 Μετ’
566 5812 772 5868 αὐτοῦ.
801 5808 960 5866 Forte
987 5806 1124 5881 μετά
1138 5804 1255 5861 τοῦ.

1966 5661 2042 5733 (7)
2083 5662 2343 5733 Τοιαῦτα.
2374 5659 2752 5733 Eone-caiisa.
2784 5657 2991 5731 (Ταῦτα
3016 5659 3232 5733 ῥήματα
3258 5673 3461 5720 nonest

1901 5731 2090 5789 Graeca
2129 5732 2351 5789 locutio.
2381 5731 2579 5803 Eon.)
