3850 6160
452 298 560 355 σιτ
1443 301 1501 355 S.
1540 298 1916 355 EUSTATHII
1956 299 2267 356 EPISCOPI
2306 301 2725 359 ANTIOCHENI
3610 308 3714 363 613

450 427 598 468 cura:
650 413 840 471 habuit
891 422 950 468 ut
999 414 1183 469 debito
1216 422 1465 484 respectu
1513 413 1566 467 id
1620 413 1764 483 quod
1816 428 1970 484 aequu

2195 411 2516 487 ἶφιζόμενοι,
2549 416 2684 486 πρὸς
2722 415 2846 478 τοὺς
2882 415 3260 485 ἀντιλέγοντας
3288 417 3438 489 αύτῷ
3471 416 3715 490 διαλεγό-

452 518 573 565 erat
591 508 974 578 conquiri-ret,
1026 507 1121 562 sed
1155 506 1308 577 prius
1330 506 1746 575 engastrimytbi
1792 505 1972 560 fabula

2197 525 2317 571 ενος,
2372 508 2472 560 οὐκ
2522 507 2820 561 ἐσπούδασε
2865 510 3001 579 μετά
3045 509 3147 580 τῆς
3180 511 3542 584 ὀφειλομένης
3560 513 3717 567 εὐλα-

452 607 520 662 ad
568 621 761 661 omnes
801 606 1078 674 pertinere
1129 603 1345 666 fassus,
1383 604 1611 658 veritate
1656 603 1724 657 ad
1781 619 1972 660 nccess

2205 602 2285 664 ίας
2319 598 2624 673 ἀκριϐὦσαι
2659 600 2722 655 τδ
2769 601 2907 666 δέον,
2935 602 3069 658 ἀλλά
3096 620 3161 671 γε
3189 602 3250 657 τὸ
3283 604 3385 675 τῆς
3423 604 3715 678 ἐγγαστρι-

449 699 589 754 riam
616 699 1077 753 examinatiouem
1116 700 1369 750 invoca'a
1413 695 1693 751 veritatem
1728 696 1902 767 ipsam
1939 713 1969 767 p

2193 693 2307 746 500a
2351 693 2537 765 δρᾶμα
2586 693 2804 747 πάντων
2854 693 3122 748 ἅπτεσθαι
3162 695 3467 767 προλέγων,
3498 698 3595 752 καὶ
3618 698 3713 770 τὴν

450 789 558 846 lam
596 798 892 860 Oppugnat.
944 788 1213 858 Deinceps
1244 786 1518 842 Samuelis
1563 786 1820 853 laudibus
1853 804 1919 842 ex
1950 787 1970 841 ι

2193 787 2391 859 λήθειαν
2447 788 2526 851 εἰς
2576 786 2674 858 τὴν
2720 785 2965 850 ἐξέτασιν
2992 788 3280 859 ἀνειμαίαν
3313 788 3392 859 (8)
3423 789 3713 845 ἐπικαλού-

449 880 593 934 vinis
620 879 819 935 litteris
849 880 977 933 hinc
1012 878 1137 933 inde
1170 878 1424 933 deductis
1454 887 1508 932 et
1548 879 1867 946 recensitis,
1903 888 1969 933 Illi

2192 895 2317 943 ινος,
2349 878 2484 950 αὐτῇ
2515 880 2578 950 τῇ
2608 877 2834 948 ἀληθείᾳ
2864 878 3093 949 μάχεται
3116 881 3425 952 προφανῶς.
3459 876 3596 936 Εἶτα
3620 882 3712 936 τοῦ

454 969 651 1025 iterum
683 970 787 1027 sub
821 978 1086 1041 potestate
1124 969 1390 1025 daemonis
1426 969 1578 1025 illum
1608 984 1847 1040 ponens.
1884 971 1974 1026 hist

2190 968 2386 1040 ιμουὴλ
2411 968 2659 1039 ἐγκώμια
2704 967 2933 1034 διεξιὼν,
2961 970 3061 1023 ὅσα
3094 971 3223 1042 περὶ
3252 970 3417 1026 αὐτοῦ
3436 971 3710 1028 διαλαλοῦ-

449 1063 633 1119 verbis
681 1064 1013 1134 syllabisque
1061 1079 1174 1118 rem
1211 1064 1321 1133 agit
1371 1082 1383 1117 :
1436 1062 1689 1118 Fortasse
1733 1074 1913 1117 tantus
1955 1082 1969 1118 ι

2191 1080 2218 1114 ν
2273 1064 2329 1115 αἱ
2382 1062 2521 1115 οεῖαι
2555 1062 2790 1135 Γραφαὶ,
2828 1061 3128 1134 τηνικαῦτα
3163 1063 3326 1118 πάλιν
3365 1063 3473 1117 ὑπὸ
3500 1064 3600 1136 τὴν
3618 1064 3708 1119 τοῦ

454 1158 549 1213 σιώ
599 1166 742 1212 terra
802 1161 962 1213 erat?
1007 1166 1057 1211 et
1106 1158 1291 1211 eduxit
1349 1156 1501 1210 illum
1541 1158 1974 1228 engastrimythw

2188 1152 2381 1227 ιίμονος
2425 1152 2672 1220 ἐξουσίαν
2731 1154 3045 1223 ἀποφαίνων
3077 1148 3261 1220 αὑτὸν,
3295 1154 3480 1219 αὐτοῖς
3506 1158 3708 1228 ῥήματι

453 1248 689 1305 Habetne
719 1249 1029 1318 facultatem
1068 1249 1276 1303 dwmon
1302 1250 1355 1302 in
1380 1251 1615 1304 animam
1635 1250 1973 1320 prop/tetican

2188 1247 2229 1300 ti.
2285 1248 2475 1311 αὑταῖς
2525 1245 2802 1317 ἐπέφραζε
2828 1245 3120 1311 συλλαϐαῖς
3143 1264 3157 1278 ⁸
3183 1243 3303 1316 Ἆρ’
3334 1244 3450 1303 οὖν
3487 1253 3523 1303 ὁ
3552 1254 3708 1317 τηλι-

446 1340 552 1397 Sed
594 1342 710 1397 haec
741 1344 898 1411 quasi
928 1341 1188 1396 haesitans
1223 1341 1306 1396 vel
1341 1342 1577 1397 fortasse
1600 1343 1766 1396 etiam
1794 1343 1966 1398 interr

2186 1340 2349 1407 νῦτος
2377 1340 2496 1394 ὑπὸ
2521 1340 2635 1408 τὴν
2661 1340 2778 1410 γῆν
2804 1336 2916 1411 air;
2957 1340 3055 1393 καὶ
3094 1339 3400 1410 ἀνήγαγεν
3441 1341 3636 1396 αὐτὸν
3670 1344 3706 1411 ἠ

444 1450 580 1505 gans
604 1433 819 1489 videtur
859 1434 963 1490 sibi
995 1434 1141 1504 apud
1179 1435 1473 1490 nonnullos
1503 1435 1799 1505 aliquando
1825 1435 1964 1492 dicet

2188 1433 2633 1503 Ὺαστρίμυθοςξ
2678 1432 2995 1497 Ἐξουσίαν
3017 1431 3142 1501 ἔχει
3168 1430 3482 1501 δαιμόνιον
3510 1429 3708 1504 ψυχῆς

443 1524 645 1582 Verum
678 1533 738 1580 ut
784 1540 882 1596 per
920 1524 1319 1594 subsequentes
1365 1527 1743 1596 perorationes
1790 1526 1906 1581 haec
1957 1526 1963 1578 i

2184 1524 2543 1596 ροεεητικῆς;
2589 1525 2749 1579 Ἀλλά
2816 1523 2989 1579 ταῦτα
3049 1526 3149 1597 μὲν
3192 1525 3269 1590 ὡς
3313 1526 3635 1600 ἐπαπορῶν,
3675 1527 3704 1593 ἢ

443 1634 505 1676 se
529 1620 730 1674 habere
758 1618 1129 1680 confirmaret,
1161 1618 1396 1675 clariore
1430 1620 1617 1673 nescio
1646 1633 1758 1689 quo
1786 1620 1963 1673 clamo

2187 1621 2273 1689 ὶχα
2323 1618 2452 1683 ἴσως
2497 1621 2754 1692 ἐρόμενος
2800 1619 3103 1673 ύπονοείται
3136 1618 3315 1688 λέγειν
3344 1619 3522 1673 ἐνίοτε
3563 1618 3707 1692 παρά

441 1713 761 1782 obstrepens
775 1719 828 1767 et
841 1711 1172 1779 elocutione,
1189 1712 1307 1781 subj
1318 1714 1469 1785 ungit
1486 1732 1500 1768 :
1518 1712 1732 1783 Scripta
1753 1723 1876 1768 sunt
1892 1713 1961 1767 ha

2188 1730 2291 1767 σιν.
2324 1713 2440 1766 Ἵνα
2489 1714 2548 1768 δὲ
2583 1713 2671 1767 διὰ
2698 1712 2810 1766 τῶν
2841 1711 3032 1767 ἔπειτα
3066 1713 3383 1783 συστήσειεν
3418 1711 3706 1781 ὲπιλόγων,

443 1804 552 1858 ait:
575 1819 761 1857 verane
786 1812 907 1857 sunt
934 1804 1044 1857 lucc
1062 1822 1128 1858 an
1148 1807 1280 1860 non?
1298 1804 1409 1859 Illa
1433 1822 1537 1860 non
1567 1822 1681 1860 esse
1710 1822 1832 1860 vera
1860 1805 1957 1875 afﬁ

2186 1827 2211 1861 ’t
2251 1806 2424 1860 ταῦτα
2471 1805 2645 1870 οὕτως
2680 1806 2815 1877 ἔχει,
2865 1806 3161 1879 λευκοτέρᾳ
3204 1805 3503 1877 προσετίθη
3552 1806 3706 1876 φάσει

445 1912 590 1948 mare
614 1897 668 1949 in
695 1895 1060 1964 infidelitatem
1078 1895 1224 1950 ducit
1246 1937 1261 1961 ,
1286 1913 1404 1967 qua:
1427 1897 1483 1952 in
1509 1896 1799 1951 dicentium
1822 1898 1959 1966 capit

2235 1899 2649 1971 ὑποκεκραγὼς,
2718 1898 3142 1970 Ἐγγέγραπται
3203 1896 3433 1961 ταῦτα;
3501 1898 3667 1968 φησίν
3691 1914 3702 1927 ·

443 1996 504 2042 ιιι
544 1986 660 2058 ipse
699 1986 868 2054 dicit,
903 1989 1091 2044 veniet.
1126 1987 1185 2043 Si
1232 2004 1352 2043 vera
1399 1999 1560 2055 sunt,
1600 1990 1940 2060 quwstionem

2184 1988 2325 2058 ιηθῆ
2365 1990 2555 2054 ἐστιν,
2602 1989 2641 2058 ἢ
2681 1992 2793 2044 οὐκ
2841 1990 3013 2044 ἐστιν
3048 1988 3287 2058 ἁληθῆ;
3329 1990 3399 2045 Τὸ
3436 1989 3528 2060 μὴ
3560 1986 3704 2044 εἶναι

441 2080 824 2136 dubitationem
870 2082 1022 2137 nobis
1055 2082 1318 2137 exhibent.
1347 2082 1425 2136 Ad
1461 2082 1576 2137 baac
1610 2098 1802 2138 rursus
1829 2098 1961 2153 paru

2184 2081 2322 2150 ιηθῆ
2360 2081 2561 2153 λέγειν
2598 2084 2685 2148 εις
2725 2082 3014 2137 ἀπιστίαν
3056 2080 3403 2150 προτρέπει·
3448 2080 3704 2150 χωρήσει

440 2181 603 2229 caute
646 2189 768 2247 qua:
810 2173 916 2230 fert
962 2175 1282 2238 stabiliens,
1309 2185 1363 2230 et
1401 2176 1739 2230 contrarium
1782 2175 1957 2231 sentio

2184 2174 2229 2226 τὶ
2257 2175 2545 2243 κεφαλὰς,
2582 2174 2840 2245 φάμενος,
2872 2171 2992 2227 τῶν
3015 2176 3317 2243 λεγόντων
3334 2189 3347 2204 ·
3380 2172 3449 2227 τὸ
3470 2173 3541 2226 δὲ
3558 2173 3704 2227 εἶναι

440 2267 578 2321 tium
603 2268 957 2337 opinionibus
985 2270 1253 2338 expositis
1275 2311 1289 2334 ,
1332 2269 1518 2323 subdit
1553 2288 1565 2323 :
1604 2267 1672 2322 Et
1712 2278 1888 2323 tamen
1915 2286 1960 2324 st

2178 2263 2325 2334 ιηθῆ
2384 2265 2631 2335 ζήτησιν
2684 2267 2780 2321 καὶ
2820 2266 3202 2335 ἐπαπόρησιν
3244 2264 3390 2335 ἡμῖν
3438 2264 3698 2334 παρέχει.

441 2374 558 2412 ntus
597 2359 881 2413 nonnullos
916 2375 981 2413 ex
1025 2361 1223 2414 nostris
1267 2360 1529 2429 fratribus
1574 2361 1798 2415 adverso
1842 2362 1961 2414 anin

2182 2356 2278 2410 ετά
2326 2357 2381 2411 δὲ
2424 2358 2601 2423 τοῦτο,
2637 2357 2799 2412 πάλιν
2849 2355 3079 2427 βεϐαιῶν
3109 2357 3525 2420 ἀνεπισκέπτως
3564 2356 3702 2427 ἆπερ

441 2446 775 2518 Scripturam
837 2452 1100 2504 contuitos
1132 2451 1304 2506 dicere
1344 2469 1362 2505 :
1407 2451 1527 2506 Non
1574 2452 1726 2507 credo
1760 2464 1961 2524 engastt

2181 2447 2487 2518 σαγγέλλει,
2533 2448 2626 2501 καὶ
2663 2447 2762 2511 τὰς
2802 2447 2911 2501 τῶν
2945 2446 3357 2513 ἀντιδοξούντων
3387 2446 3539 2517 αὑτῷ
3577 2445 3701 2514 γνώ-

436 2540 638 2613 mytho.
666 2540 1131 2613 Engastrimytlms
1153 2543 1281 2596 dicit
1308 2541 1606 2599 Samuelem
1630 2544 1854 2611 vidisse;
1874 2562 1955 2599 me

2181 2552 2235 2599 ις
2267 2534 2609 2605 ἐκτιθέμενος
2640 2536 2922 2608 ἐπιφέρει·
2976 2536 3086 2592 Καὶ
3147 2536 3275 2606 μὴν
3313 2536 3496 2606 ισμεν
3536 2534 3701 2601 τινὰς

438 2634 592 2688 titur.
637 2632 800 2688 Plura
828 2634 933 2687 alia
962 2642 1224 2704 praeterea
1249 2636 1565 2699 interserit,
1599 2637 1799 2706 quibus
1834 2652 1958 2708 aper

2175 2625 2243 2680 ὒν
2261 2625 2560 2695 ἡμετέρων
2576 2627 2857 2697 ἀδελφῶν
2869 2628 3348 2698 ἀναϐλέψαντας
3375 2628 3452 2697 τῇ
3466 2628 3695 2700 Γραφῇ,

437 2724 686 2795 increpat
735 2739 928 2780 omnes
987 2726 1083 2795 qui
1132 2726 1549 2785 vaticinationes
1601 2731 1957 2803 engastrimyt

2174 2717 2224 2773 αὶ
2284 2717 2606 2786 λέγοντας·
2661 2719 2743 2771 Οὐ
2801 2719 3062 2772 πιστεύω
3103 2717 3179 2786 τῇ
3231 2719 3694 2789 ἐγγαστριμύθῳ.

436 2811 609 2868 falsas
638 2828 763 2868 esse
793 2815 1172 2884 pronuntiant,
1199 2826 1253 2869 et
1295 2817 1579 2872 maledicta
1614 2819 1667 2873 in
1698 2820 1878 2890 capita
1907 2838 1956 2875 ιιι

2174 2810 2293 2879 ἐγει
2323 2810 2362 2878 ἠ
2391 2809 2857 2879 ἐπηαστρίμυθος
2892 2809 3212 2878 ἑωρακέναι
3238 2811 3347 2864 τὸν
3379 2810 3692 2881 Σαμουήλ-

435 2903 775 2959 credentium
830 2904 907 2961 illi
961 2905 1241 2976 congerit;
1293 2913 1348 2962 et
1396 2910 1548 2963 nullo
1596 2912 1813 2981 negotio
1859 2911 1955 2966 faci

2171 2895 2425 2950 εύδθται.
2473 2898 2583 2952 Καὶ
2642 2897 2813 2952 πολλά
2856 2916 2918 2968 γε
2964 2900 3100 2971 πρὸς
3141 2901 3234 2953 ἐπὶ
3256 2899 3471 2965 τούτοις
3497 2900 3691 2973 ἕτερα·

437 2995 637 3051 animis
673 2996 966 3052 mobilibus
998 3012 1057 3053 se
1086 3012 1477 3067 persuasurum
1518 3007 1703 3065 ratus,
1736 3001 1839 3072 ipsi
1869 3002 1957 3058 Sel

2176 2991 2210 3044 ἀ
2241 2991 2297 3046 δὲ
2327 2992 2529 3048 τούτων
2561 2993 3038 3066 ἀπαρακαλύπτως
3068 2994 3294 3066 ἐπιτιμᾷ
3323 2998 3436 3059 τοῖς
3461 2997 3694 3066 ἀποφαί-

435 3095 609 3158 ρίιιται
656 3088 1028 3144 narrationem
1070 3089 1321 3161 impingit
1373 3110 1385 3145 :
1441 3091 1653 3159 Scripta
1702 3094 1812 3150 lucc
1857 3113 1954 3151 sun

2174 3102 2272 3137 ιυσι
2304 3084 2471 3156 ψευδῆ
2503 3085 2572 3139 τὰ
2599 3086 2696 3157 τῆς
2728 3086 3167 3159 ἐγγαστριμύοου
3202 3087 3579 3159 μαντεύματα,
3610 3091 3694 3144 καὶ

434 3178 660 3244 dicens,
697 3196 768 3235 an
797 3197 903 3237 non
937 3181 1138 3250 scripta
1181 3187 1348 3239 sunt?
1393 3182 1458 3237 Et
1490 3185 1928 3246 ratiocinationis

2171 3174 2508 3249 ιταρώμενος
2566 3177 2640 3247 (9)
2673 3179 2767 3232 ἐπὶ
2811 3178 3053 3249 κεφαλὰς
3096 3179 3359 3253 ἀναφέρει
3414 3180 3528 3235 τῶν
3571 3182 3691 3236 ἀπι-

437 3272 554 3327 haec
586 3273 777 3329 eadem
811 3283 1066 3343 repetens
1111 3275 1319 3332 infert:
1369 3275 1570 3332 Verane
1614 3289 1736 3333 sunt
1780 3278 1957 3346 Itazc,t

2173 3269 2387 3325 τούντων
2413 3272 2573 3343 αὐτῇ.
2635 3272 2835 3343 Ῥᾷστα
2867 3272 3050 3343 μέντοι
3071 3276 3253 3327 πεῖσαι
3285 3274 3411 3338 τοὺς
3454 3275 3693 3347 εὐχερεῖς

434 3381 539 3420 non
564 3374 684 3420 sunt
710 3370 871 3422 vera?
895 3366 1095 3435 Tamen
1129 3368 1393 3437 propheta:
1423 3370 1655 3424 animam
1688 3388 1954 3442 aequaque

2170 3362 2341 3427 ιέλων,
2375 3363 2511 3435 αὐτῇ
2558 3359 2848 3435 περιάπτει
2882 3366 2947 3436 τῇ
2985 3365 3170 3437 Γραφῇ
3210 3366 3271 3419 τὸ
3304 3366 3572 3438 διήγημα,
3600 3365 3690 3421 Γέ-

435 3454 599 3510 fuisse
638 3466 908 3512 evocatam
956 3458 1338 3515 dubitationem
1383 3460 1569 3526 nobis,
1618 3471 1668 3516 et
1708 3465 1955 3533 scrupqu

2172 3468 2369 3508 >απται
2396 3453 2601 3521 ταῦτα,
2632 3455 2825 3524 λέγων,
2872 3456 2912 3524 ἢ
2951 3459 3022 3511 οὐ
3053 3456 3402 3527 γέγραπται;
3444 3458 3692 3526 Συλλογι-

429 3546 625 3617 injicit.
682 3549 756 3603 At
808 3551 1010 3606 similia
1054 3553 1288 3609 daemoni
1334 3554 1662 3619 concedere,
1718 3558 1863 3626 quod
1911 3574 1949 3614 e:

2168 3552 2275 3621 τικῇ
2290 3548 2347 3602 δὲ
2367 3548 2629 3620 δεινότητι
2654 3549 2931 3622 χρώμενος
2951 3550 3147 3620 ἐπάγει
3158 3550 3447 3623 δευτερῶν,
3484 3549 3688 3620 Ἀληθῆ

430 3638 565 3692 illud
597 3640 819 3695 scelus?
856 3657 978 3712 qua:
1009 3642 1308 3713 impietas?
1344 3642 1598 3701 Nondum
1634 3645 1882 3711 ltazsitat,
1915 3665 1948 3702 ιι

2170 3640 2303 3695 ιῦτὰ
2331 3642 2523 3706 ἐστιν,
2571 3642 2610 3711 ἢ
2654 3643 2765 3695 οὐκ
2804 3641 2977 3697 ἐστιν
3001 3643 3200 3712 ἀληθῆ
3220 3660 3241 3707 ;
3263 3646 3467 3698 Καίτοι
3497 3644 3690 3713 τὸμὲν

432 3745 540 3799 que
591 3747 727 3800 pura
773 3748 838 3788 ac
881 3749 1031 3790 mera
1074 3736 1350 3792 dementia
1393 3735 1724 3807 depravatus
1770 3742 1952 3795 animu

2168 3736 2226 3788 'm
2246 3733 2506 3803 ἀνῆχθαι
2522 3734 2639 3802 τὴν
2660 3734 2766 3788 τοῦ
2794 3736 3105 3805 προφήτου
3131 3734 3365 3807 ψυχὴν,
3390 3735 3688 3805 ἐπαπόρη-

428 3820 687 3877 advertit.
750 3823 962 3895 Quippe
1006 3826 1385 3896 hujuscemodi
1454 3829 1767 3887 facultatem
1820 3841 1948 3903 praet

2166 3844 2219 3880 ιν
2234 3826 2398 3897 ἡμῖν,
2429 3826 2554 3897 ἔφη,
2581 3827 2826 3896 παρέχει
2855 3827 2953 3881 καὶ
2981 3825 3230 3896 ζήτησιν
3248 3843 3264 3857 °
3291 3826 3424 3881 αὐτὸ
3453 3826 3512 3880 δὲ
3541 3827 3601 3881 τὸ
3624 3825 3686 3879 τὰ

430 3910 600 3967 Deum
650 3916 862 3972 animas
915 3918 984 3973 ab
1040 3919 1231 3977 inferis
1286 3923 1579 3977 revocandi
1634 3924 1950 3996 educendin

2165 3916 2338 3972 ιιαῦτα
2390 3917 2589 3971 διδόναι
2616 3916 2696 3987 τῷ
2743 3916 2992 3989 δαίμονι,
3048 3920 3221 3989 πόσης
3268 3917 3533 3982 ἀσεϐείας
3577 3917 3685 3970 ἐστὶ

428 4017 593 4058 nemo
638 4005 781 4062 alius
809 4009 991 4065 habet.
1022 4011 1208 4083 Itaque
1234 4012 1415 4069 denuo
1443 4014 1533 4071 hic
1569 4018 1948 4088 respondendu

2163 4010 2342 4074 εστόν;
2378 4010 2574 4064 Οὐκέτι
2606 4009 2752 4079 λέγει
2789 4009 2985 4083 ζητῶν,
3012 4009 3135 4064 ούδέ
3169 4010 3425 4082 προσέχει
3451 4009 3544 4064 τὸν
3569 4006 3683 4063 νοῦν

427 4103 543 4161 est,
572 4096 688 4153 haec
718 4099 939 4169 quidem
972 4101 1027 4157 in
1070 4105 1243 4159 sacris
1283 4103 1584 4175 Scripturis
1617 4109 1924 4174 contineri,

2164 4104 2336 4175 ιιράτῳ
2372 4104 2599 4176 πληγεὶς
2640 4106 2917 4175 ἀσυνεσία.
2954 4103 3071 4177 Θεῷ
3119 4104 3231 4177 γὰρ
3271 4106 3511 4176 ὑπάρχει
3548 4103 3684 4174 μόνῳ

427 4201 540 4242 non
583 4202 649 4243 ex
688 4205 924 4260 persona
970 4195 1190 4264 propria
1222 4196 1274 4250 id
1309 4205 1491 4252 actum
1526 4198 1695 4255 fuisse
1724 4210 1947 4257 auctore

2165 4197 2329 4268 ιιαύτῃ
2351 4197 2565 4269 ἐξουσίᾳ
2602 4197 2935 4262 ἐπιτάσσειν,
2960 4195 3099 4250 ὥστε
3139 4196 3316 4267 ψυχὰς
3346 4196 3407 4261 ἐξ
3428 4195 3560 4268 ᾅδου
3595 4209 3685 4264 με-

428 4280 743 4351 praedicere.
774 4282 960 4355 Neque
994 4286 1141 4340 enim
1181 4287 1321 4343 liber
1354 4290 1687 4359 prepheticis
1733 4306 1948 4346 sermon

2164 4288 2492 4359 ιπέμπεσοαι
2540 4290 2632 4343 καὶ
2686 4289 2887 4344 καλεῖν.
2960 4287 3411 4343 Ἀνθυπενεκτέον
3471 4283 3566 4341 οὖν
3611 4288 3684 4340 tv-

424 4372 529 4427 bus
562 4366 860 4445 pugnantia
910 4378 1081 4431 multa
1128 4379 1289 4434 simul
1337 4380 1392 4434 in
1439 4397 1605 4436 unum
1652 4397 1944 4453 congerere

2161 4378 2281 4433 ιῦθα
2332 4379 2491 4434 πάλιν
2515 4397 2528 4410 ·
2566 4381 2655 4435 Ἐν
2686 4381 2784 4452 μὲν
2814 4383 2935 4444 ταῖς
2969 4382 3141 4452 ἱεραῖς
3172 4380 3494 4452 άνείληπται
3517 4378 3681 4432 ταῦτα

424 4472 487 4519 ιιι
523 4473 578 4521 et
618 4467 773 4537 prius
818 4467 1194 4535 ostendimus,
1238 4480 1290 4525 et
1327 4473 1490 4542 paulo
1534 4472 1677 4527 infra
1719 4474 1944 4529 dicemm

2161 4475 2459 4543 ιαφαῖς,ὀύ
2488 4474 2592 4547 μὴν
2636 4476 2695 4543 ἐξ
2739 4475 2864 4529 ἰδίου
2905 4474 3199 4546 προσώπου
3242 4476 3303 4529 τὸ
3331 4476 3543 4529 τοιοῦτο
3572 4473 3681 4528 δια-

421 4556 517 4627 qui
556 4560 974 4632 eugastrimythi
1006 4562 1170 4616 verba
1192 4603 1206 4625 ,
1238 4569 1292 4618 et
1326 4564 1587 4621 furiosam
1622 4566 1769 4636 regis
1802 4581 1941 4637 cogn

2155 4567 2424 4637 επρᾶχθαι
2462 4568 2694 4639 γράμμα
2725 4567 2835 4638 (10)
2871 4566 3168 4639 προύλεγεν
3224 4567 3253 4619 ό
3298 4564 3675 4637 συγγραφεύς·

422 4651 626 4705 tionem
669 4652 925 4723 operibus
972 4655 1295 4725 ignorantia:
1339 4657 1555 4726 plenam
1602 4656 1941 4728 deprehensa

2158 4679 2165 4709 ι
2199 4660 2306 4731 γὰρ
2343 4659 2409 4713 ἂν
2455 4660 2813 4733 ἐκκλησίαξεν
2855 4663 2887 4731 ἠ
2923 4660 3121 4731 βίϐλος,
3157 4659 3378 4713 ἐναντία
3407 4660 3527 4721 ταῖς
3555 4672 3678 4727 προ-

419 4742 762 4814 designabat.
800 4744 934 4799 Nam
988 4763 1167 4818 neque
1219 4758 1405 4819 aptum
1463 4766 1641 4821 neque
1693 4766 1936 4823 congruu

2156 4753 2363 4820 ητικαῖς
2402 4750 2708 4804 ἀντιϐοῶσα
2754 4754 2987 4821 φωναῖς,
3049 4749 3125 4814 ὥς
3171 4767 3234 4818 γε
3291 4749 3388 4803 καὶ
3449 4745 3676 4819 πρόσθεν

418 4835 527 4890 erit
567 4835 641 4889 ita
690 4836 907 4893 divinas
943 4838 1152 4896 litteras
1204 4852 1559 4922 pertractare.
1607 4843 1818 4914 Quippe
1871 4860 1936 4899 cu

2155 4842 2401 4913 ἰείξαμεν,
2436 4843 2530 4897 καὶ
2562 4843 2754 4915 μικρὸν
2797 4842 3021 4915 ὕστερον
3063 4842 3323 4914 ἐροῦμεν*
3358 4841 3495 4896 ἀλλὰ
3520 4839 3583 4911 δὴ
3612 4837 3675 4890 τά

421 4927 554 4999 ipsa:
582 4926 854 4984 fateantur
883 4929 1156 4985 diabolum
1195 4944 1365 4990 semet
1405 4936 1583 5007 ipsum
1614 4936 1784 4992 Deum
1817 4952 1941 5007 aper

2154 4934 2202 5003 ᾖς
2234 4931 2671 5005 ἐγγαστριμύθου
2717 4933 3035 5006 διεχάραττε
3065 4934 3305 5005 ῥήματα,
3348 4932 3446 4985 καὶ
3472 4929 3566 5001 τὴν
3590 4929 3674 5000 ἐμ-

421 5021 813 5090 pronuntiare;
853 5021 975 5078 ideo
1021 5038 1088 5077 ne
1125 5024 1240 5080 sola
1293 5028 1628 5083 narrationis
1671 5028 1816 5083 illius
1858 5044 1941 5084 scr

2151 5027 2245 5097 ανῆ
2285 5026 2380 5079 τοῦ
2415 5025 2673 5080 δυνάστου
2709 5025 2910 5095 γνῶσιν
2959 5024 3138 5098 ἔργοις
3179 5024 3458 5093 ἀγνωσίας
3484 5019 3671 5076 ἀποδε-

423 5109 500 5164 illi
551 5112 881 5167 credendum
930 5114 1068 5178 erit,
1107 5131 1170 5169 ac
1212 5118 1397 5172 omnia
1451 5119 1528 5173 illi
1581 5119 1943 5185 deferendam

2150 5119 2387 5190 ῑιγμένην
2441 5119 2725 5173 ἀνάπλεον.
2778 5120 2842 5171 Εἰ
2898 5116 3007 5191 γὰρ
3057 5117 3232 5181 οὕτως
3289 5115 3521 5189 ἁρμόσει
3559 5112 3670 5173 ταῖς

422 5199 540 5269 ipse
579 5199 843 5274 Origenes
897 5208 1133 5263 asserit?
1179 5209 1233 5263 id
1282 5212 1427 5266 enim
1481 5212 1535 5266 in
1585 5213 1756 5268 sacris
1805 5214 1942 5268 litter

2148 5211 2282 5280 γίαις
2308 5210 2611 5283 ἐπισκῆψαι
2634 5211 2899 5283 Γραφαῖς,
2947 5210 3143 5263 οὐκοῦν
3169 5207 3358 5279 ἐπειδή
3391 5221 3572 5277 φασιν,
3593 5203 3668 5256 ὅτι

419 5287 683 5356 scriptum
700 5291 951 5346 habetur.
968 5292 1066 5350 Vel
1096 5311 1335 5361 rursum,
1388 5313 1513 5355 cum
1561 5297 1850 5354 immodica
1887 5302 1935 5356 el

2146 5304 2191 5354 ιὶ
2213 5301 2344 5354 Θεὸν
2381 5302 2641 5373 ἄντικρυς
2688 5304 2716 5354 ὁ
2756 5300 2998 5363 διάϐολος
3031 5299 3222 5354 ἑαυτὸν
3254 5295 3591 5367 ἀναγορεύει,
3622 5294 3666 5345 εἰ

420 5384 512 5431 tus
537 5382 794 5449 superbia
823 5398 1038 5440 omnem
1070 5389 1230 5443 simul
1262 5392 1450 5446 mundi
1487 5393 1649 5463 hujus
1685 5397 1931 5454 machina

2144 5394 2247 5466 αρά
2282 5393 2435 5447 τοῦτο
2477 5394 2658 5467 δεήσει
2697 5394 2967 5449 πιστεύειν
2999 5394 3167 5466 αὐτῷ,
3194 5395 3261 5465 τῇ
3306 5387 3664 5462 διηγηματικῇ

492 5665 956 5758 ίξῖ-Ἆέῗίμῆίαν’
1006 5676 1151 5758 ,ἔλαθ-
1200 5682 1519 5751 ἀναγκαίαν-
1568 5711 1638 5726 -
1678 5682 1989 5754 [ﬁgendum
2168 5684 2253 5758 (9),
2277 5688 2716 5758 Καταρὼμενιξς-
2755 5686 3211 5758 ῐτοτιοςκατάρας.

420 5737 619 5807 potius,
654 5737 967 5814 ἀνειμένως.
1005 5737 1160 5801 Eni}.
1314 5737 1326 5751 ’
1445 5737 1450 5738 ί
1680 5737 1988 5754 Ἵνῄψὼ
2171 5737 2775 5829 ζίῦῘ-Ιῗιῖιῖιᾶ
