3850 6160
167 261 278 319 649

1049 259 1137 316 DE
1171 255 1756 316 ENGASTRIMYTHO
1793 253 2076 312 CONTRA
2113 253 2489 312 ORIGENEM.

3306 259 3414 314 650

166 380 268 436 τοῦ
309 380 631 454 γράμματος
669 378 861 452 ἐκδοχῇ
895 380 958 434 τδ
989 383 1098 435 πᾶν
1121 380 1489 443 ἀνατιθέντας,
1503 377 1578 441 ὡς
1611 377 1748 446 Ὦρι-

1860 374 1938 429 vel
1968 388 2135 446 regna
2183 374 2331 430 illius
2375 389 2474 431 sua
2523 388 2646 430 esse
2692 373 2838 430 dicat
2867 374 2934 442 “,
2973 374 3164 432 ideone
3207 375 3415 433 diceret

167 474 343 544 γένης
387 474 726 544 είσηγεῖται;
773 476 868 528 καὶ
913 472 1070 526 τοῦτο
1114 471 1223 545 γὰρ
1258 474 1337 536 εἰς
1357 471 1528 534 αὐτὰς
1555 468 1752 537 ἀναγέ-

167 582 414 636 γραπται
440 565 540 628 τὰς
562 566 809 637 Γραφάς·
839 565 874 638 ἢ
918 559 986 618 αὖ
1033 565 1194 620 πάλιν
1223 565 1437 618 ἐπειδὰν
1467 564 1752 634 ὑπερηφα-

167 659 261 729 νίᾳ
318 657 598 730 χρώμενος
650 659 872 731 ἀμέτρῳ
917 661 1095 712 πᾶσαν
1135 657 1271 730 ὁμοῦ
1330 657 1426 729 τὴν
1466 656 1618 710 τοῦδε
1653 651 1749 706 τοῦ

168 751 379 820 κόσμου
435 749 782 824 περιγραφὴν
827 750 948 821 ἦτοι
997 749 1218 814 καὶτὰς
1266 747 1538 820 βασιλείας
1577 743 1751 814 αὐτῆς

171 843 312 907 ιδίας
360 839 497 897 εῐναι
552 844 718 912 λέγοι,
753 843 904 915 παρὰ
955 841 1112 896 τοῦτο
1141 842 1272 913 φαίη
1301 859 1384 903 τις
1406 839 1492 904 ἂν,
1525 837 1601 900 ὡς
1639 838 1746 906 ἄρα

176 938 448 1007 προσήκει
477 940 638 1000 νοεῖν,
687 938 769 990 ὅτι
811 936 1138 1010 δημιουργὸς
1177 934 1338 998 αὑτός
1405 934 1551 985 ἐστιν
1575 929 1747 984 ἀπάν-

168 1044 314 1091 των;
353 1027 645 1100 Ούμενουν,
677 1028 818 1082 εἴποι
845 1045 930 1092 τις
953 1029 1043 1082 ἀν·
1081 1029 1114 1098 ὴ
1143 1026 1250 1098 γάρ
1271 1043 1352 1078 τοι
1377 1019 1746 1093 διηγηματικὴ

169 1119 455 1192 διεχάραξε
494 1121 646 1193 φωνὴ
688 1121 786 1185 τάς
824 1120 1032 1174 ἐκείνου
1081 1116 1500 1190 μεγαληγορίας,
1532 1113 1594 1165 ού
1639 1109 1746 1182 μὴν

1852 465 2124 536 quispiam
2172 465 2501 520 credendum
2553 479 2677 520 esse
2731 466 2884 521 illum
2934 480 3116 521 rerum
3170 467 3410 522 omnium

1853 556 2103 627 opiﬁcem
2152 556 2316 614 esse?
2350 559 2421 610 At
2456 572 2618 613 nemo
2661 571 2797 614 sane
2837 557 2893 612 id
2939 557 3155 613 dixerit.
3203 556 3414 629 Quippe

1849 649 1898 705 si
1928 649 2259 706 narrationis
2295 649 2433 705 ordo
2487 649 2659 705 futilis
2705 650 2854 707 illius
2889 649 3202 721 iactationis
3247 652 3414 706 verba

1851 742 2139 812 expressit,
2165 751 2219 797 at
2236 757 2346 797 non
2365 758 2492 799 vera
2523 743 2614 797 illa
2644 743 2816 801 fuisse
2838 742 3164 800 determinat
3195 762 3209 799 :
3238 758 3417 814 neque

1851 835 1906 892 id
1961 838 2104 893 ullus
2153 837 2363 908 uspiam
2394 837 2626 906 probare
2679 839 2897 908 poterit.
2932 838 3041 895 Sed
3087 839 3286 894 similia
3329 839 3416 895 his

1851 926 2065 982 inﬁnita
2104 934 2233 982 sunt
2263 929 2318 982 in
2357 934 2644 997 promptu,
2689 928 2892 998 quae-in
2944 928 3181 984 medium
3222 925 3416 982 afferre

1851 1019 2076 1076 minime
2105 1020 2260 1085 libet,
2289 1037 2359 1077 ne
2387 1021 2674 1076 verborum
2706 1021 2869 1091 longo
2896 1020 3128 1076 circuitu
3162 1019 3418 1090 quaestio-

1852 1112 1940 1166 nis
1964 1111 2167 1166 nodum
2195 1111 2433 1184 eﬂugere
2463 1112 2763 1168 videamur.

170 1215 392 1288 ἀληθεῖς
424 1219 711 1287 ἀποφαίνει
741 1216 940 1280 αὑτάς·
977 1214 1083 1268 οὐδ’
1109 1213 1226 1268 ἐστὶ
1253 1212 1329 1274 δὲ,
1379 1211 1460 1262 ὅτι
1489 1207 1647 1261 τοῦτο
1695 1202 1863 1271 δεῖξαι
1886 1205 2190 1278 δυνάμενος
2215 1208 2390 1298 οὐδεὶς
2415 1209 2682 1280 οὐδαμῶς.
2747 1209 2906 1263 Ἀλλά
2968 1210 3136 1280 μυρία
3168 1210 3265 1279 μὲν
3300 1209 3418 1262 ἔστι

169 1309 395 1364 τοιαῦτα
426 1310 561 1381 πρὸς
592 1311 686 1364 ἐπὶ
714 1310 921 1374 τούτοις
955 1309 1103 1372 ἰδεῖν,
1127 1307 1226 1378 οὐχ
1259 1301 1368 1359 οἷόν
1401 1321 1462 1357 τε
1508 1301 1566 1354 δὲ
1590 1299 1769 1353 πάντα
1807 1302 2097 1374 παράγειν,
2135 1301 2224 1356 ἵνα
2271 1303 2347 1374 μὴ
2383 1303 2732 1376 μακρηγορία
2774 1301 3011 1375 δόξωμεν
3061 1302 3420 1376 έκκρούεσθαι

170 1401 265 1456 τοῦ
295 1401 623 1474 ζητήματος.

240 1495 407 1550 XVII.
423 1497 511 1560 Ὠς
530 1490 622 1549 οὖν
639 1491 809 1580 ξδόκει
831 1497 940 1558 τοῖς
966 1492 1229 1566 ὀρθότατα
1250 1486 1536 1560 φρονοῦσιν
1557 1485 1617 1538 οὐ
1647 1499 1742 1554 με-

170 1585 336 1657 τρίως
356 1574 804 1657 ἐπιτιμᾷν,αύθις
820 1583 1170 1653 ὑπεκκλέψας
1186 1581 1269 1634 ἐπ’
1289 1579 1450 1648 ἀλλην
1467 1574 1744 1646 ἀπεπήδη-

1918 1475 2082 1533 XVII.
2121 1475 2322 1533 Verum
2357 1486 2643 1550 postquam
2695 1479 3003 1535 rectissime
3050 1481 3417 1539 sentientibus

1849 1585 1959 1624 non
2001 1571 2351 1626 mediocriter
2395 1572 2693 1629 insultasse
2729 1572 2880 1628 visus
2907 1581 3022 1638 est,
3058 1574 3254 1629 iterum
3308 1590 3418 1631 non

171 1692 262 1728 σεν
291 1674 518 1738 ἔννοιαν,
550 1674 861 1730 ἐδεινοποίει
882 1674 938 1726 δὲ
959 1670 1322 1744 δημαγωγῶν,
1360 1671 1442 1723 ὅτι
1477 1666 1744 1737 φάσκουσι

1860 1661 2084 1718 obscure
2113 1662 2464 1718 dissimulans
2493 1663 2551 1716 in
2580 1665 2739 1718 aliam
2768 1663 3028 1719 transiliit
3067 1667 3415 1729 sententiam,

170 1765 309 1837 πρὸς
335 1769 448 1830 τοῖς
478 1766 677 1832 ἄλλοις,
708 1766 782 1830 ὡς
818 1765 904 1836 εἴη
925 1763 1191 1836 φρικῶδες
1223 1760 1602 1823 ύπολαϐεῖν,ὲν
1618 1755 1745 1828 ᾅδου

172 1859 453 1929 γεγονέναι
476 1859 566 1912 τὸν
582 1858 776 1928 εὐκλεῆ
797 1855 1069 1929 Σαμουὴλ,
1090 1854 1148 1918 ὃς
1164 1853 1401 1925 ὲκκρίτῳ
1417 1847 1749 1923 προφητείας

170 1952 300 2024 ἀξίᾳ
326 1952 634 2023 τετίμηται.
655 1950 825 2004 Τοῦτο
857 1951 952 2021 μὲν
973 1945 1066 2002 οὖν
1086 1949 1196 2003 ἀνω
1213 1945 1375 2001 δὲκαὶ
1393 1945 1542 1998 κάτω
1556 1959 1748 1996 ταυτο-

171 2045 321 2113 λογεῖ
369 2043 652 2116 γραωδῶς,
701 2042 758 2108 ἐξ
792 2041 964 2095 ἄλλων
998 2042 1077 2104 εἰς
1117 2037 1250 2094 ἄλλα
1280 2031 1748 2108 μεταχειρίζεσθαι

170 2137 297 2201 τοὺς
347 2137 647 2208 αύτηκόους
708 2135 893 2207 ἀπάτῃ
915 2131 1270 2204 τεχνώμενος.
1309 2129 1499 2198 Ἡμεῖς
1527 2126 1585 2179 δὲ
1621 2123 1750 2196 περὶ

171 2228 376 2283 τούτων
408 2228 469 2280 ού
500 2226 866 2298 διαφερόμεθα
889 2218 1105 2296 περὶῶν
1131 2224 1302 2277 ἅπασι
1322 2215 1750 2290 συνομολογητέα

173 2319 548 2390 καθέστηκεν,
615 2319 730 2372 ἀλλ’
773 2311 849 2371 ὧν
899 2317 1063 2370 ’ἑνεκα
1122 2314 1328 2385 κυρίως
1387 2309 1752 2382 ἀμφισϐητεῖν

173 2411 494 2483 ἐγνώκαμεν
511 2429 524 2442 ·
561 2412 622 2464 ού
656 2411 764 2484 γὰρ
793 2413 841 2464 εί
863 2408 1114 2481 Σαμουὴλ
1138 2408 1328 2476 γέγονε
1355 2401 1611 2475 ζητητέα,
1635 2400 1750 2454 ἀλλ’

173 2507 224 2558 εί
250 2505 506 2576 τοιαύτην
540 2505 651 2575 ἔχει
675 2503 881 2574 δαίμων
912 2500 1178 2567 ἐξουσίαν,
1206 2497 1346 2550 ὥστε
1377 2493 1600 2549 δικαίων
1625 2494 1754 2547 ἀνα-

173 2596 456 2653 καλεῖσθαι
508 2596 686 2668 ψυχὰς
749 2595 808 2661 ἐξ
855 2595 1002 2666 ᾅδου,
1034 2593 1126 2646 καὶ
1171 2590 1331 2644 πάλιν
1378 2588 1748 2656 ἀποπέμπειν.

185 2689 342 2744 Ἐπεὶ
371 2689 548 2743 τοίνυν
580 2686 954 2758 ὲπαυτοφὼρῳ
985 2685 1209 2758 ληφθεὶς
1235 2682 1376 2736 έάλω
1406 2677 1756 2752 βλασφημίας

177 2782 480 2847 ἐπαντλῶν,
525 2781 662 2836 ἀλλά
691 2781 790 2846 τὰς
827 2778 935 2833 τῶν
976 2775 1262 2850 ἀκροατῶν
1296 2775 1465 2836 ἀκοάς
1500 2769 1754 2842 ἀπατηλῇ

181 2876 279 2946 μὲν
312 2875 626 2928 ὑπεκκλίνει
677 2874 864 2946 τέχνῃ,
907 2869 1238 2939 καταφεύγει
1264 2867 1319 2921 δὲ
1342 2863 1500 2936 δῆθεν
1538 2863 1632 2916 ἐπὶ
1661 2859 1754 2914 τοῦ

1848 1754 2258 1825 orationemque
2305 1757 2544 1813 oratorie
2582 1771 2818 1827 augens,
2872 1757 3015 1812 inter
3044 1757 3149 1812 alia
3177 1773 3297 1827 quae
3329 1756 3417 1812 di-

1847 1854 2009 1910 cunt,
2052 1847 2384 1903 horrendum
2425 1863 2559 1906 sane
2589 1848 2645 1902 id
2675 1863 2798 1904 esse
2825 1849 3134 1914 intellectu,
3169 1849 3416 1910 indutum

1850 1939 2158 1998 Samuelem
2216 1942 2489 2013 praecipua
2543 1941 2789 1997 vaticinii
2846 1941 3108 2013 dignitate
3151 1943 3418 1997 illustrem

1849 2031 2022 2088 fuisse
2056 2033 2200 2103 apud
2234 2033 2462 2089 inferos.
2504 2031 2619 2087 Hoc
2661 2033 2844 2103 itaque
2883 2035 3019 2089 satis
3063 2034 3278 2088 aniliter
3317 2049 3421 2088 saa-

1849 2122 1974 2192 pius
2023 2124 2184 2178 iterat
2223 2122 2549 2194 repetendo,
2600 2136 2667 2178 ex
2701 2123 2822 2177 aliis
2865 2123 2925 2178 in
2978 2124 3087 2177 alia
3141 2124 3418 2180 auditores

1851 2214 2169 2286 impellens,
2215 2216 2362 2286 quod
2410 2214 2602 2269 fraude
2639 2215 2894 2286 deceptos
2951 2217 3208 2270 adversos
3261 2230 3421 2286 agere

1852 2314 2103 2361 conatur.
2153 2304 2260 2361 Sed
2305 2321 2406 2362 nos
2455 2307 2524 2361 de
2568 2306 2654 2361 bis
2701 2321 2821 2376 quae
2869 2321 2981 2360 uno
3013 2307 3196 2360 animo
3227 2322 3419 2364 omnes

1851 2397 2121 2467 recipiunt
2150 2412 2260 2452 non
2287 2395 2649 2460 dissidemus,
2683 2413 2870 2452 verum
2903 2384 2970 2452 de
3011 2397 3098 2452 bis
3140 2412 3260 2468 quae
3293 2413 3420 2468 pro-

1852 2491 1968 2561 prie
1999 2491 2055 2544 in
2091 2489 2317 2546 dubium
2345 2492 2484 2546 verti
2511 2505 2673 2562 posse
2713 2490 3117 2560 cognoscimus.
3147 2487 3281 2543 Nam
3313 2490 3422 2545 mi-

1853 2586 1999 2640 nime
2015 2583 2403 2654 disputandum
2433 2599 2502 2639 an
2540 2583 2759 2639 Samuel
2783 2581 2964 2646 fuerit,
2990 2583 3084 2638 sed
3115 2596 3184 2636 an
3208 2583 3420 2638 daemon

1853 2677 2018 2732 talem
2050 2677 2248 2732 habeat
2275 2683 2622 2746 potestatem,
2659 2675 2935 2745 justorum
2962 2674 3172 2730 scilicet
3210 2675 3424 2730 animas

1855 2769 1925 2824 ab
1967 2769 2158 2825 inferis
2199 2767 2497 2833 evocandi,
2529 2783 2832 2838 rursusque
2862 2767 3283 2822 transmittendi.
3315 2763 3426 2820 Ita-

1856 2876 1962 2932 que
1998 2877 2060 2917 re
2109 2860 2398 2916 manifesta
2431 2859 2805 2929 deprehensus
2848 2858 3212 2929 blaSphemias
3243 2856 3427 2911 fundi-

176 2966 416 3039 Χριστοῦ
444 2966 753 3038 πρόσωπον,
797 2963 863 3016 ἵν’
902 2961 1263 3027 ἀντεξετάσας
1293 2957 1422 3013 αὐτὸ
1442 2957 1552 3020 τοῖς
1583 2953 1756 3022 ἀγίοις

1860 2962 1995 3018 tare,
2025 2951 2362 3006 audientium
2393 2965 2554 3006 aures
2586 2949 2813 3005 subdola
2843 2957 2959 3004 arte
2989 2947 3245 3010 declinat,
3277 2954 3332 3002 et
3355 2947 3425 3001 ad

178 3030 456 3131 ἀνδράσιν,
489 3030 849 3122 ἀποδείξειεν,
907 3057 987 3108 ὅτι
1021 3054 1113 3107 καὶ
1161 3053 1320 3114 αὐτὸς
1350 3052 1429 3114 είς
1461 3047 1584 3121 ᾅδου
1625 3061 1756 3100 κατ-

1860 3041 2064 3099 Christi
2098 3043 2363 3099 duntaxat
2417 3056 2705 3112 personam
2753 3039 3024 3110 confugit,
3070 3046 3130 3092 ut
3186 3053 3250 3093 ea
3299 3052 3424 3091 cum

179 3149 342 3222 ἦλθεν
374 3152 403 3202 ὁ
431 3148 664 3221 Χριστὸς
695 3144 830 3218 ὁμοῦ
870 3147 980 3206 τοῖς
1007 3142 1184 3206 ἀλλοις
1208 3140 1408 3194 ἀπασιν
1427 3155 1440 3168 ⁸
1478 3135 1612 3190 ἀλλά
1644 3133 1752 3205 γὰρ

180 3242 258 3305 ὡς
284 3239 606 3294 ἀπεδείκνυε
650 3236 827 3300 τοῦτο,
858 3234 952 3287 καὶ
969 3232 1031 3304 δὴ
1060 3233 1153 3286 καὶ
1184 3231 1244 3283 τὸ
1271 3228 1392 3282 κατ’
1418 3227 1587 3300 ἄνδρα
1622 3242 1756 3296 παρ-

184 3333 350 3388 αινῶν
410 3332 798 3402 ἐπεφθέγγετο,
858 3328 920 3382 Τί
957 3323 1132 3396 φοϐῇ,
1166 3324 1358 3392 λέγων,
1405 3321 1614 3387 εἰπεῖν,
1664 3318 1756 3371 ὅτι

182 3425 302 3493 πᾶς
324 3421 523 3495 χρῄζει
560 3424 742 3489 τόπος
769 3419 954 3476 αὺτοῦ
994 3437 1055 3473 τε
1093 3417 1197 3472 τοῦ
1226 3411 1482 3486 Χριστοῦ
1508 3409 1606 3465 καὶ
1637 3407 1757 3463 τῶν

183 3516 544 3588 προφητῶν;
571 3515 726 3584 ὀλίγα
773 3513 909 3568 ἄττα
969 3509 1058 3565 διά
1105 3511 1270 3581 μέσου
1309 3506 1538 3568 τάττων,
1590 3501 1756 3572 ἀλλην

184 3615 472 3670 ὲπιπλέκει
509 3613 838 3686 δυσφημίαν,
886 3610 1175 3680 ὲκφαίνων,
1213 3608 1294 3661 ὅτι
1317 3605 1415 3660 καί
1452 3601 1608 3657 κάτω
1629 3619 1758 3670 wr-

185 3704 388 3776 χὰνων
405 3708 438 3760 ό
458 3703 732 3774 Χριστὸς,
750 3704 815 3757 ἶν’
839 3701 1011 3764 οὕτως
1035 3701 1190 3762 εἴπω,
1214 3695 1479 3769 φησὶν,ἐν
1499 3688 1581 3756 τῷ
1602 3691 1756 3745 κάτω

183 3797 346 3860 τόπῳ
367 3795 472 3859 ὢν,
503 3794 578 3864 τῇ
621 3793 960 3864 προαιρέσει
996 3791 1116 3844 ἅνω
1142 3786 1220 3861 ἦν
1239 3804 1252 3819 ·
1294 3787 1370 3850 ὡς
1389 3785 1515 3856 περὶ
1546 3781 1756 3852 ἀνθρώ-

185 3907 290 3944 που
318 3888 377 3941 δὲ
409 3889 568 3958 μόνου
598 3886 960 3959 προσομιλῶν,
1001 3884 1113 3938 ἀλλ’
1139 3881 1325 3936 οὐκέτι
1349 3878 1449 3948 τῆς
1490 3875 1638 3939 θείας
1669 3874 1758 3926 αὑ-

182 3979 278 4035 τοῦ
311 3978 703 4051 στοχαζόμενος
736 3978 968 4048 φύσεως,
992 3979 1049 4030 έν
1081 3978 1191 4038 τοῖς
1220 3971 1515 4026 κατωτάτω
1539 3967 1637 4038 μὲν
1662 3965 1760 4019 αύ-

185 4075 278 4131 τδν
335 4074 573 4142 ἔφασκεν
630 4070 879 4142 ἀφῖχθαι,
908 4067 1224 4143 προαιρέσει
1266 4065 1323 4118 δὲ
1356 4060 1620 4134 δήπουθεν
1647 4058 1759 4113 ἀνω

191 4172 501 4245 βεϐηκέναι,
535 4168 784 4240 καθάπερ
817 4163 910 4220 οὖν
961 4162 1149 4235 ἀμέλει
1176 4161 1268 4215 καὶ
1299 4158 1423 4220 τοὺς
1450 4153 1642 4216 ἀλλους
1674 4151 1759 4245 ἀνί

190 4242 465 4340 θρώπους.
520 4262 683 4317 Οὕτω
724 4261 865 4331 γὰρ,
913 4256 1037 4328 ἔφη,
1088 4255 1184 4310 καὶ
1223 4255 1276 4305 οἱ
1321 4245 1617 4340 προφῆται
1660 4242 1757 4340 καί

1859 3136 2067 3192 sanctis
2093 3135 2227 3192 viris
2255 3134 2473 3199 collata,
2505 3149 2614 3188 una
2645 3147 2769 3187 cum
2815 3132 2937 3188 aliis
2984 3131 3238 3186 omnibus
3267 3129 3428 3185 Chri-

1859 3239 2003 3286 stum
2029 3228 2208 3299 ipsum
2242 3228 2305 3282 ad
2334 3226 2539 3282 inferos
2561 3224 2911 3282 descendisse
2935 3223 3288 3278 demonstret.
3319 3222 3426 3278 Sed

1859 3323 1953 3379 ubi
1998 3322 2132 3377 illud
2178 3321 2462 3392 probavit,
2493 3319 2562 3374 ad
2602 3302 2877 3372 hominem
2922 3316 3230 3370 hortatione
3259 3331 3427 3386 agens

1859 3416 2051 3474 scribit
2085 3434 2097 3468 :
2137 3412 2278 3480 Quid
2320 3413 2499 3467 horres
2521 3451 2538 3477 ,
2569 3409 2820 3480 inquiens
2845 3447 2860 3473 ,
2892 3407 3063 3462 dicere
3096 3423 3300 3463 omnem
3347 3407 3429 3461 lo-

1860 3525 1978 3563 cum
1999 3507 2162 3576 ipsius
2179 3504 2378 3561 Christi
2403 3503 2837 3573 etpraphetarnm
2865 3499 3125 3570 indigere?
3147 3499 3210 3554 Et
3236 3499 3428 3570 paucis

1860 3597 2162 3666 interjectis
2207 3610 2408 3650 novum
2439 3591 2772 3648 horrendum
2815 3592 2962 3646 dictu
2994 3591 3303 3655 connectit,
3333 3589 3429 3645 de-

1859 3692 2101 3754 clarans,
2137 3687 2260 3743 licet
2303 3686 2540 3742 Christus
2571 3685 2790 3754 inferius
2821 3693 2989 3747 esset,
3024 3690 3082 3736 ut
3113 3683 3184 3736 ita
3214 3682 3390 3737 dicam
3410 3723 3426 3747 ,

1859 3789 1909 3835 et
1939 3779 2180 3850 inferiori
2221 3777 2364 3840 loco,
2394 3777 2640 3831 electione
2670 3784 2841 3830 tamen
2867 3781 2916 3827 et
2944 3772 3212 3827 voluntate
3246 3773 3301 3826 in
3332 3787 3427 3826 su-

1861 3872 2058 3943 periori
2085 3881 2220 3924 erat.
2259 3868 2336 3923 De
2365 3884 2474 3939 quo
2501 3867 2656 3937 quasi
2689 3866 2757 3921 de
2783 3866 2900 3921 solo
2931 3864 3151 3919 homine
3180 3865 3432 3934 loquere-

1861 3970 1972 4027 tur,
2007 3961 2158 4016 nulla
2188 3961 2335 4015 Illius
2383 3958 2580 4013 divinae
2621 3963 2831 4010 natura:
2872 3955 3083 4010 ratione
3129 3953 3343 4020 habita,
3373 3953 3432 4008 in

1863 4053 2050 4109 intima
2088 4054 2240 4109 illum
2282 4051 2419 4106 dixit
2445 4051 2762 4114 devenisse,
2791 4058 2845 4104 et
2873 4047 2921 4104 si
2947 4047 3226 4103 voluntate
3263 4059 3430 4117 supra

1865 4147 2232 4212 ascendisset,
2259 4159 2325 4202 eo
2360 4144 2479 4215 ipso
2533 4142 2695 4198 modo
2740 4141 2951 4198 scilicet
3005 4155 3114 4212 quo
3154 4147 3209 4196 et
3249 4137 3432 4194 caueri

1865 4242 2138 4298 homines.
2167 4239 2258 4296 Sic
2285 4238 2423 4292 enim
2443 4278 2459 4303 ,
2495 4237 2704 4306 inquit,
2735 4245 2784 4290 et
2817 4233 3078 4303 propheta:
3109 4243 3158 4288 et
3178 4231 3430 4298 Samuel,

189 4325 494 4428 iapovhval,
518 4355 634 4410 κᾶν
682 4325 1016 4407 κάταϐῶσικ
1047 4348 1199 4401 ὅπου
1237 4346 1296 4396 ai
1328 4339 1542 4439 ψυχαὶ,
1575 4337 1756 4439 φησὶν,

1868 4336 2078 4391 tametsi
2113 4350 2172 4390 eo
2201 4329 2516 4388 descendant
2550 4329 2636 4382 ubi
2678 4327 2870 4399 degunt
2912 4327 3104 4380 anima:
3142 4341 3257 4394 quae
3299 4325 3435 4395 infe-

191 4453 251 4506 αἱ
280 4448 456 4512 κάτω,
486 4448 556 4501 ὲν
597 4443 675 4511 τῷ
716 4441 872 4499 κάτω
911 4439 1028 4511 μὲν
1062 4439 1346 4492 δύνανται
1391 4428 1543 4485 εἶναι
1577 4429 1758 4492 τόπῳ,

191 4546 264 4600 οὑ
284 4542 442 4600 κάτω
469 4541 536 4596 δέ
565 4543 685 4596 εισι
727 4536 804 4608 τῇ
844 4535 1202 4606 προαιρέσει.
1241 4525 1584 4598 Κουφολογίᾳ
1621 4523 1676 4578 δὲ
1701 4522 1764 4595 δὴ

193 4636 534 4708 περιηχήσας
579 4629 970 4704 ἁπειροπληθεί
1018 4626 1109 4681 τὸν
1153 4624 1376 4694 κόσμον,
1439 4617 1560 4673 οὐδὲ
1607 4614 1766 4670 τοῦτο

192 4725 457 4797 ξυνίησιν,
489 4726 571 4778 ὅτι
594 4724 700 4786 πᾶς
727 4718 972 4776 ὁστισοῦν
1018 4714 1338 4788 ἀνθρώπων,
1362 4713 1410 4765 εί
1439 4711 1532 4764 καὶ
1565 4707 1768 4778 σφόδρα

193 4817 436 4889 σχέτλιός
461 4817 630 4879 ἐστιν,
671 4816 725 4867 ὲν
781 4813 907 4885 ᾅδου
937 4805 1234 4870 κατελθὼν,
1269 4806 1381 4859 ἀνω
1413 4805 1478 4874 τῇ
1510 4798 1768 4872 προαιρέ-

194 4927 282 4964 σει
337 4907 671 4979 καθέστηκεν
689 4924 702 4936 ·
734 4905 908 4968 οὐδεὶς
937 4903 1067 4971 γοῦν
1100 4900 1163 4954 ἂν
1211 4897 1296 4968 εἴη
1320 4913 1384 4965 γε
1409 4895 1631 4948 δικαίων
1661 4893 1768 4946 οὐδ’

194 5002 399 5056 ἀδίκων
425 5000 483 5065 ὃς
510 5001 568 5054 ού
589 4998 832 5070 γλίχεται
874 4993 1134 5048 ἀνωτάτω
1168 4992 1264 5062 μὲν
1288 4987 1544 5044 ἑκάστοτε
1575 4983 1772 5056 διατρί-

196 5095 310 5149 ϐων
339 5095 576 5166 ἔχεσθαι,
601 5092 709 5146 τῶν
731 5091 786 5144 δὲ
814 5085 1178 5158 καταχθονίων
1201 5081 1543 5155 ἀπηλλάχθαι
1570 5078 1766 5131 τόπων.

197 5189 263 5242 Εἰ
296 5189 477 5242 τοίνυν
507 5187 740 5249 ἀπαντες
772 5181 907 5254 ὁμοῦ
935 5184 983 5236 οἱ
1016 5177 1375 5250 καταχθέντες
1402 5177 1482 5239 είς
1509 5174 1631 5246 ᾅδου
1665 5170 1771 5226 τῶν

199 5281 315 5336 ἀνω
340 5277 522 5350 φορῶν
554 5277 662 5350 (ii)
696 5275 862 5348 ἐρῶσι
916 5273 1254 5346 προαιρέσει,
1309 5270 1404 5324 καὶ
1440 5269 1500 5321 ού
1539 5267 1674 5322 πάνυ
1702 5267 1772 5320 δι-

199 5371 364 5426 καίου
394 5369 536 5432 τινὲς
564 5367 970 5439 ἐπεμελήσαντο
996 5365 1130 5434 βίου,
1165 5360 1403 5416 ποταπὸν
1432 5359 1649 5428 ἀξίωμα
1678 5354 1772 5410 τοῦ

201 5458 545 5530 προφητικοῦ
565 5458 809 5527 διεσάφει
839 5453 999 5527 χοροῦ
1026 5471 1041 5518 ;
1069 5452 1121 5506 τί
1153 5453 1211 5505 δὲ
1236 5451 1296 5505 τὸ
1329 5450 1579 5523 περιττὸν
1602 5450 1774 5520 ἀπήγ-

201 5551 353 5620 γειλε
402 5549 496 5602 τοῦ
547 5550 775 5622 Κυρίου,
806 5550 970 5601 πᾶσιν
1008 5547 1192 5617 ὅμοιον
1236 5543 1550 5614 ἀποφαίνων
1571 5543 1772 5609 αὐτόν;

276 5643 326 5676 ⁸⁸
355 5641 550 5698 llatth.
580 5660 652 5706 tv,
685 5644 739 5703 8.
771 5642 823 5697 9.

277 5737 392 5807 lii)
423 5735 644 5802 Φορῶν.
673 5733 834 5788 Forte
864 5733 1056 5805 χορῶν.

503 5829 802 5921 ⁸Ριιτιιοι..
849 5825 966 5890 Gn.
1013 5822 1237 5887 XVIII.

1866 4431 1976 4484 rius
2017 4437 2169 4494 sunt,
2199 4435 2418 4496 possunt
2446 4423 2652 4495 quidem
2681 4425 2738 4476 in
2773 4421 2868 4474 illo
2899 4420 3136 4489 inferiori
3170 4419 3281 4472 ioco
3318 4435 3436 4488 per-

1867 4537 2098 4585 manere,
2130 4527 2185 4573 at
2203 4517 2423 4587 inferius
2451 4515 2715 4568 voluntate
2747 4528 2851 4565 non
2881 4517 3024 4565 sunt.
3054 4509 3104 4565 Is
3130 4509 3277 4563 inani
3313 4524 3436 4564 ver-

1867 4615 2062 4671 borum
2107 4610 2266 4682 c0pia
2319 4606 2574 4679 profusa,
2627 4617 2862 4674 quorum
2899 4616 3001 4656 nec
3051 4600 3245 4657 modus
3290 4601 3438 4660 ullus

1868 4721 1969 4762 nec
2019 4703 2144 4759 ﬁnis
2193 4698 2424 4756 inveniri
2463 4704 2675 4768 potest,
2718 4693 2864 4749 haud
2909 4692 3172 4747 intellexit
3217 4708 3437 4748 omnem

1870 4794 2181 4861 hominem,
2218 4791 2344 4845 licet
2378 4787 2436 4841 in
2480 4785 2702 4860 miseria
2751 4785 2888 4839 alios
2930 4781 3192 4847 excedat,
3228 4782 3319 4836 ubi
3366 4782 3435 4836 ad

1871 4887 2075 4943 inferos
2113 4882 2385 4955 migravit,
2419 4879 2672 4950 superius
2698 4877 2896 4949 degere
2923 4876 3221 4933 voluntate.
3253 4873 3437 4944 Itaque

1871 4983 2088 5045 nullus,
2120 4978 2235 5035 sive
2277 4977 2461 5047 justus
2509 4975 2623 5029 sive
2670 4973 2905 5042 iujustus
2929 5011 2944 5035 ,
2985 4969 3197 5039 uspiam
3229 4975 3311 5022 est
3343 4966 3437 5036 qui

1870 5090 1982 5130 non
2014 5072 2275 5129 continuo
2328 5082 2544 5138 semper
2573 5074 2823 5121 teneatur
2852 5061 3124 5118 desiderio
3157 5075 3188 5113 a
3221 5059 3440 5116 subter-

1875 5167 2054 5222 raneis
2082 5165 2148 5219 ad
2191 5175 2448 5235 suprema
2488 5160 2611 5215 loca
2637 5155 2922 5214 redeundi.
2957 5153 3144 5224 Itaque
3173 5155 3218 5207 si
3248 5165 3441 5208 omnes

1873 5259 2037 5316 simul
2078 5257 2145 5311 ad
2189 5251 2676 5316 inferos’devecti,
2717 5250 2846 5306 licet
2901 5249 3067 5303 vitam
3121 5252 3326 5302 rectam
3377 5259 3445 5298 ac

1874 5355 2138 5424 integram
2169 5350 2394 5405 minime
2421 5347 2593 5404 secuti
2622 5345 2762 5409 sint,
2800 5355 3069 5412 supernas
3097 5354 3312 5410 semper
3341 5353 3440 5408 ap-

1874 5451 2064 5518 petunt
2116 5443 2381 5499 stationes
2420 5439 2700 5516 voluntate
2724 5477 2739 5501 ,
2765 5449 2928 5505 quam
2976 5433 3095 5502 ipse
3139 5427 3447 5502 prophetici

1873 5537 2027 5595 chori
2066 5534 2478 5608 praerogativam
2525 5529 2808 5604 agnoscit?
2849 5541 3010 5599 quam
3045 5524 3262 5580 Domini
3309 5523 3448 5582 emi-3

3005 5796 3082 5857 21
