3850 6160
459 247 556 303 651

1425 244 1485 300 S.
1527 241 1897 299 EUSTATHII
1933 241 2241 299 EPISCOPI
2275 240 2691 298 ANTIOCHENI

3576 239 3690 294 652

460 364 702 416 nentiam
746 358 1088 426 manifestat,
1117 375 1242 415 cum
1286 361 1541 416 omnibus
1594 360 1825 416 similem
1863 361 2008 414 illum

2130 360 2268 414 Ἀλλ’
2292 361 2464 425 οὕτως
2508 360 2734 432 ἀμαθῶς
2769 361 2999 432 ἐξήχησε
3025 358 3124 431 τὴν
3154 359 3355 431 φωνὴν,
3385 359 3486 413 οὐκ
3506 360 3688 432 ἐννοή-

459 453 747 508 enuntiat?
779 451 870 507 Sic
898 451 1142 522 imperite
1169 466 1356 507 vocem
1396 453 1614 518 emisit,
1660 467 1769 506 non
1819 451 2018 506 intelli-

459 562 590 617 gens
617 544 851 601 Verbum
881 560 1004 602 esse
1044 551 1099 599 et
1127 543 1316 608 Deum,
1335 545 1426 613 qui
1464 559 1572 598 non
1599 551 1710 598 tam
1745 544 2018 599 voluntate

458 636 966 708 quam-divinitatis
1004 635 1058 689 vi
1108 635 1288 690 omnia
1335 635 1498 690 simul
1548 643 1816 706 penetrat.
1862 635 1928 690 Et
1969 636 2016 692 si

459 737 587 783 ante
615 727 798 782 omnia
837 726 1131 797 spectabile
1164 741 1323 781 suum
1360 725 1618 795 templum
1655 733 1714 780 ut
1754 725 2016 782 dissolve—

457 828 612 875 retur
655 819 933 890 permisit.
977 829 1099 887 post
1145 818 1366 872 tertium
1417 817 1558 871 diem
1604 833 1744 872 nova
1782 817 2014 888 quadam

457 912 669 966 ratione
716 911 896 966 statim
952 925 1017 965 ac
1061 911 1256 964 iterum
1300 911 1554 964 excitavit
1597 930 1608 965 :
1657 912 1835 965 anima
1887 926 2016 965 vero

457 1001 604 1056 illius
647 1001 894 1054 humanae
925 999 1273 1055 habitationis
1310 1001 1366 1053 in
1395 1000 1607 1056 intimas
1641 1008 1798 1056 terra:
1834 1009 2016 1072 partes

453 1092 806 1162 perveniens,
845 1100 1030 1160 portas
1055 1107 1176 1162 qua:
1205 1092 1279 1146 ibi
1309 1099 1463 1146 erant
1493 1093 1693 1162 impetu
1725 1093 1868 1148 facto
1896 1109 2017 1162 ape-

453 1187 582 1251 ruit,
603 1188 917 1256 animasque
936 1187 1009 1241 ibi
1025 1188 1271 1242 detentas
1283 1187 1533 1242 extraxit:
1552 1188 1630 1242 sic
1644 1196 1820 1242 autem
1833 1186 2013 1241 divina

452 1280 809 1334 corroborata
832 1279 933 1334 fuit
946 1280 1146 1334 virtute
1168 1286 1389 1350 propter
1408 1278 1498 1333 Dei
1513 1288 1566 1333 et
1585 1278 1743 1334 Verbi
1777 1294 1992 1334 commu

450 1372 693 1436 nionem,
711 1378 770 1424 ut
794 1385 1007 1424 omnem
1033 1371 1087 1424 in
1113 1370 1405 1426 seomnino
1429 1379 1744 1440 potestatem
1769 1372 2008 1427 haberet.

519 1457 704 1514 XVIII.
745 1459 858 1531 Ego
901 1475 1030 1514 vero
1081 1457 1244 1513 credo
1290 1459 1451 1529 bujus
1494 1459 1861 1529 conjecturam
1892 1476 2013 1516 esse

450 1553 674 1608 minime
719 1553 910 1608 levem.
951 1552 1086 1607 Cum
1119 1553 1264 1607 enim
1318 1552 1374 1608 in
1425 1554 1810 1610 subterraneos
1862 1555 2012 1611 locos

452 1648 724 1719 pervenit,
757 1647 883 1702 inde
915 1646 1141 1702 latronis
1164 1648 1398 1701 animam
1427 1649 1615 1704 eodem
1648 1649 1736 1704 die
1763 1649 1817 1704 in
1851 1664 2011 1720 para-

450 1740 628 1794 disum
659 1738 978 1794 introduxit.
1012 1738 1144 1792 Nam
1188 1739 1234 1794 si
1269 1754 1365 1809 per
1388 1756 1553 1794 unum
1583 1742 1849 1797 hominem
1881 1743 2006 1796 uni-

451 1831 631 1885 versis
685 1829 1006 1886 mortalibus
1051 1829 1199 1885 salus
1238 1830 1489 1894 advenit,
1520 1831 1865 1887 manifestum
1912 1833 2004 1898 tit,

451 1922 688 1975 animam
723 1923 932 1977 animas
961 1938 1081 1992 quae
1117 1921 1362 1991 ejusdem
1400 1931 1528 1978 sunt
1555 1924 1771 1994 generis
1800 1923 2005 1980 redem-

449 2019 572 2080 ptas
622 2011 921 2076 liberasse,
975 2019 1086 2065 tum
1135 2012 1191 2066 in
1245 2010 1722 2068 subterranearum
1772 2015 2006 2084 partium

451 2101 617 2156 chaos
653 2115 875 2156 accessu
894 2141 910 2166 ,
955 2108 1067 2156 tum
1097 2101 1151 2155 in
1181 2101 1611 2172 antiquissimam
1633 2103 1869 2174 paradisi
1898 2110 2006 2159 sta-

448 2190 651 2246 tionem
683 2189 1044 2255 restitutione,
1089 2191 1239 2262 regni
1289 2193 1671 2264 insuperabilis
1721 2201 2003 2264 potestate.

451 2284 549 2340 His
572 2301 813 2341 consona
841 2284 934 2342 Dei
966 2285 1136 2341 Filius
1175 2297 1460 2357 antequam
1498 2288 1610 2344 htec
1645 2297 1828 2343 essent
1871 2306 2008 2361 prae-

449 2376 665 2434 dicebat
693 2397 706 2432 :
743 2375 911 2431 Nemo
945 2376 1174 2431 ascendit
1206 2379 1469 2434 in’caelum
1493 2420 1506 2442 ,
1547 2381 1651 2434 nisi
1682 2382 1770 2452 qui
1797 2380 1859 2434 de
1883 2381 2008 2436 caelo

432 2466 736 2531 descendit,
761 2466 934 2521 Filius
970 2467 1194 2521 hominis
1232 2471 1321 2538 qui
1351 2471 1410 2523 in
1449 2470 1590 2524 cmlis
1619 2480 1695 2524 est
1721 2473 1786 2526 ⁸⁸.
1824 2471 2010 2541 Itaque

448 2560 500 2616 si
527 2559 799 2616 fatebatur
826 2575 950 2615 eum
989 2563 1081 2632 qui
1111 2577 1177 2618 ex
1204 2563 1442 2617 humano
1478 2579 1674 2634 genere
1698 2573 1876 2618 ortum
1909 2564 2010 2618 du-

452 2656 621 2715 ceret,
639 2650 816 2705 solnm
839 2666 903 2706 ex
929 2652 1180 2707 omnibus
1209 2653 1266 2706 in
1292 2653 1488 2709 caelum
1512 2653 1844 2715 ascendisse.
1861 2653 2011 2710 inde-

447 2757 554 2807 que
592 2757 809 2798 rursum
841 2742 947 2796 huc
978 2741 1356 2810 descendisse,
1390 2743 1585 2815 bicque
1616 2753 2010 2800 commoratum

444 2832 507 2888 in
538 2835 735 2888 caelum
768 2833 1021 2898 tendere,
1056 2840 1203 2903 patet
1234 2835 1429 2889 anima:
1461 2835 1512 2889 vi
1543 2850 1608 2889 ac
1636 2835 1868 2905 quadam
1909 2852 2010 2892 e1-

447 2925 697 2981 cellentia
722 2925 813 2980 illa
844 2925 1162 2980 absolvisse.
1194 2926 1392 2981 Sancta
1421 2926 1565 2982 enim
1599 2926 1803 2982 Christi
1832 2929 2010 2983 anima

2122 470 2240 516 σας,
2295 454 2375 507 ὅτι
2417 454 2548 517 Θεὸς
2588 449 2656 525 ἦν
2697 455 2726 506 6
2769 452 2973 522 Λόγος·
3013 453 3074 506 οὐ
3109 453 3424 525 προαιρέσει
3457 452 3686 524 μᾶλλον,

2117 547 2410 619 ἀλλ’ἀρετῇ
2430 547 2532 616 τῆς
2555 546 2805 617 θεότητος
2826 544 3133 617 ἁπανταχοῦ
3159 545 3418 616 πάρεστιν
3446 546 3684 616 ἀθρόως.

2116 641 2180 694 Εἰ
2207 640 2264 693 δὲ
2296 640 2471 694 καὶτὸ
2507 639 2740 710 μάλιστα
2769 638 2857 692 τὸν
2893 638 3139 710 ἔκκριτον
3169 637 3362 692 ἐαυτοῦ
3395 638 3522 692 ναὸν
3550 636 3683 690 ἐπέ-

2114 734 2278 805 τρεψε
2310 733 2551 804 λυθῆναι,
2581 735 2871 808 τριήμερον
2899 733 2994 802 μὲν
3019 732 3214 786 αὐτίκα
3239 731 3399 784 πάλιν
3420 733 3682 802 ἀνήγειρε

2115 826 2495 898 καινοπρεπῶς
2514 843 2526 855 ·
2557 825 2664 896 ἡδὲ
2687 825 2828 894 ψυχὴ
2862 823 3012 876 τοῦδε
3044 823 3135 877 τοῦ
3171 822 3508 893 ἀνθρωπείου
3542 840 3680 894 cxi;-

2116 919 2362 990 νώματος
2390 922 2469 982 είς
2509 919 2578 972 τὰ
2602 917 2886 972 κατώτατα
2907 917 3396 988 κατελθοῦσαμέρη
3422 918 3524 987 τῆς
3553 916 3680 987 γῆς,

2114 1012 2413 1065 ἀνεπέτασε
2467 1010 2564 1073 τὰς
2624 1012 2799 1063 ἐκεῖσε
2859 1009 3029 1073 πύλας
3067 1009 3237 1080 ἀθρόᾳ
3275 1011 3434 1080 ῥοπῇ,
3468 1008 3681 1071 καὶτὰς

2114 1105 2299 1158 αὐτόθι
2327 1101 2720 1174 καθειργμένας
2749 1102 2915 1172 ἀνῆκε
2947 1101 3151 1170 ψυχάςο
3181 1100 3320 1153 οὕτω
3339 1094 3684 1170 δέέᾶεσπεσία

2113 1194 2512 1266 κεκραταίωται
2561 1195 2785 1264 δυνάμει
2838 1192 2926 1244 διὰ
2973 1189 3070 1260 τὴν
3089 1190 3183 1245 τοῦ
3215 1191 3347 1244 Θεοῦ
3383 1193 3478 1246 καὶ
3503 1192 3681 1259 Λόγου

2116 1289 2419 1353 συνουσίαν,
2446 1287 2582 1340 ὥστε
2617 1288 2712 1341 καὶ
2739 1287 3070 1356 παντέφορον
3099 1284 3238 1355 ἔχειν
3265 1286 3534 1351 ἐξουσίαν.

2180 1443 2367 1498 XVIII.
2426 1442 2584 1496 Ἀλλά
2645 1442 2750 1514 μὴν
2801 1441 2973 1509 ἔγωγε
3032 1439 3283 1510 πείθομαι
3336 1439 3427 1492 καὶ
3487 1438 3679 1492 τούτου

2111 1539 2404 1610 τεκμήριον
2437 1532 2572 1588 εἶναι
2606 1534 2801 1603 σαφέςο
2836 1534 3067 1605 ὁπηνίκα
3115 1533 3212 1602 μὲν
3244 1533 3321 1596 εἰς
3351 1531 3478 1594 τούς
3512 1548 3683 1585 κατα-

2109 1627 2349 1698 χθονίους
2377 1627 2652 1695 ἀφικνεῖτο
2677 1625 2894 1689 τόπους,
2926 1627 2983 1677 ἐν
3021 1623 3199 1694 ταυτῷ
3229 1623 3284 1675 δὲ
3322 1623 3415 1675 καὶ
3455 1623 3555 1692 τὴν
3587 1621 3680 1675 τοῦ

2111 1719 2304 1790 λῃστοῦ
2331 1719 2506 1790 ψυχὴν
2535 1717 2838 1790 αὐθήμερον
2862 1717 3078 1787 εἰσῆγεν
3109 1717 3188 1778 είς
3215 1715 3302 1768 τὸν
3331 1714 3680 1786 παράδεισον.

2108 1813 2170 1866 Et
2193 1811 2300 1885 γάρ
2334 1812 2399 1865 δι’
2449 1811 2564 1874 ἐνὸς
2608 1809 2892 1882 ἀνθρώπου
2923 1811 3036 1874 τοῖς
3080 1809 3279 1863 ἅπασιν
3315 1807 3556 1880 ὑπῆρξεν
3586 1808 3678 1859 ἀν-

2108 1903 2343 1976 θρώποις
2369 1904 2403 1974 ή
2438 1901 2697 1973 σωτηρία,
2730 1901 3010 1973 πρόδηλον,
3055 1901 3130 1964 ὼς
3165 1903 3199 1970 ή
3243 1899 3387 1970 ψυχὴ
3415 1898 3514 1962 τὰς
3544 1898 3677 1968 ὁμο-

2107 1997 2282 2066 γενεῖς
2313 1994 2699 2065 ἀναλυτροῦται
2739 1992 2936 2063 ψυχὰς,
2982 1993 3097 2063 ἅμα
3141 1993 3238 2064 μὲν
3279 1995 3358 2055 είς
3396 1991 3466 2044 τά
3508 2009 3678 2044 κατα-

2107 2090 2291 2161 χθόνια
2328 2088 2588 2142 κατιοῦσα
2612 2086 2753 2158 μέρη
2790 2085 2885 2139 τοῦ
2914 2087 3095 2157 χάους,
3125 2085 3240 2155 ἅμα
3266 2084 3323 2137 δὲ
3359 2083 3455 2136 καὶ
3483 2087 3549 2154 τῇ
3581 2080 3678 2154 ἀρ-

2108 2179 2362 2250 χαιοτάτῃ
2395 2177 2488 2232 τοῦ
2521 2177 2840 2250 παραδείσου
2889 2176 3048 2232 πάλιν
3093 2175 3510 2229 ἀποκαθιστῶσα
3541 2175 3677 2245 νομῇ

2107 2273 2197 2326 τὸν
2227 2272 2612 2326 ὐπεισδύνοντα
2635 2270 2714 2341 τῷ
2742 2271 2929 2342 κράτει
2957 2269 3054 2339 τῆς
3084 2269 3346 2340 ἀηττήτου
3379 2267 3674 2338 βασιλείας.

2122 2365 2336 2420 Ἀκόλου
2345 2366 2412 2419 θα
2428 2365 2484 2418 δὲ
2507 2365 2600 2418 καὶ
2620 2363 2723 2435 πρὸ
2747 2363 2948 2417 τούτων
2967 2364 2995 2416 6
3011 2361 3102 2414 τοῦ
3122 2360 3253 2414 Θεοῦ
3276 2361 3410 2422 Παῖς
3440 2358 3680 2431 ἐμαρτύ-

2113 2473 2253 2528 ρετο,
2273 2455 2571 2528 προλέγων,
2603 2456 2684 2509 ὅτι
2719 2455 2809 2509 καὶ
2831 2453 3035 2518 Οὐδεὶς
3069 2452 3429 2520 ἀναϐέϐηκεν
3457 2454 3544 2518 εις
3573 2452 3678 2506 τὸν

2109 2549 2385 2618 οὐρανὸν,
2407 2551 2459 2603 εὶ
2487 2548 2569 2618 μὴ
2603 2551 2635 2602 ὁ
2666 2548 2733 2602 ἐκ
2765 2547 2871 2602 τοῦ
2903 2547 3160 2615 οὐρανοῦ
3191 2545 3470 2611 καταϐὰς,
3503 2546 3676 2610 όΥιός

2109 2642 2216 2698 τοῦ
2232 2641 2563 2711 ἀνθρώπου,
2587 2644 2619 2694 ὀ
2639 2642 2722 2693 ὢν
2740 2641 2809 2693 ἐν
2826 2638 2905 2706 τῷ
2925 2639 3175 2708 οἰῬανῷ.
3199 2638 3500 2709 Τοιγαροῦν
3521 2639 3676 2707 εἴπερ

2110 2734 2314 2805 ἔφασκε
2341 2735 2430 2787 τὸν
2459 2734 2523 2786 ἐκ
2553 2732 2645 2785 τοῦ
2676 2730 3007 2802 ἀνθρωπείου
3037 2730 3226 2798 γένους
3255 2729 3576 2802 ὁρμώμενον
3602 2732 3676 2791 είς

2109 2825 2334 2899 οὐρανὸν
2377 2826 2473 2884 μὲν
2497 2823 2886 2894 ἀναϐεϐηκέναι
2919 2821 3219 2893 μονώτατον
3252 2823 3315 2874 ἐκ
3349 2821 3590 2882 πάντων,
3616 2821 3676 2871 ἐκ

2110 2921 2168 2974 δὲ
2188 2920 2294 2973 τῶν
2321 2919 2498 2972 ἐκεῖσε
2531 2918 2690 2972 πάλιν
2718 2915 3143 2986 καταϐεϐηκέναι
3177 2913 3377 2968 ἐνθάδε.
3401 2913 3500 2965 καὶ
3522 2910 3677 2982 δεῦρο

449 3029 574 3070 cum
603 3013 713 3072 Deo
736 3023 791 3072 et
831 3014 1009 3071 Verbo
1037 3017 1358 3082 convivens,
1390 3019 1572 3072 omnia
1600 3019 1816 3089 quidem
1846 3020 2008 3076 simul

2113 3014 2381 3086 βεϐηκότα
2416 3013 2600 3082 φοιτᾷν
2638 3013 2694 3064 ἐν
2727 3008 2959 3082 οὐρανῷ,
2994 3008 3348 3078 συνέστηκεν,
3383 3002 3470 3060 ὅτι
3505 2999 3677 3074 duri};

448 3106 666 3172 lustrat,
702 3107 758 3162 in
789 3109 964 3177 ipsum
997 3123 1308 3178 supremum
1339 3110 1538 3166 cmlum
1571 3111 1850 3176 ascendit,
1899 3127 2008 3182 quo

449 3213 611 3255 nemo
631 3197 911 3254 hominum
934 3199 1199 3270 pervenit.
1231 3198 1440 3271 Quippe
1463 3202 1534 3254 ad
1569 3200 1906 3257 haec-elevata
1925 3209 2009 3257 est

446 3297 503 3346 et
533 3290 768 3345 humana
799 3289 971 3345 forma
999 3330 1014 3352 ,
1063 3306 1225 3361 quam
1255 3290 1397 3347 Deus
1427 3301 1480 3347 et
1505 3288 1742 3348 Verbum
1785 3301 2008 3362 susten-

443 3381 602 3436 tavit.
637 3380 835 3436 Verum
869 3380 960 3436 Dei
990 3380 1184 3437 Filium
1221 3382 1421 3454 ubique
1467 3391 1520 3439 et
1559 3392 1781 3454 repente
1819 3385 2010 3442 adesse

446 3474 565 3546 ipse
594 3474 756 3530 etiam
797 3473 1034 3532 Joannes
1064 3483 1296 3532 testatus
1342 3483 1456 3541 cst,
1503 3478 1594 3547 qui
1623 3477 1900 3533 Christum
1928 3479 2010 3549 ip-

445 3582 568 3622 sum
597 3565 837 3632 audivit,
881 3567 1193 3639 ingentique
1245 3581 1378 3623 voce
1411 3568 1610 3623 clamat
1634 3569 1701 3624 ad
1734 3571 1954 3625 verbum
1989 3589 2006 3626 :

445 3655 614 3711 Deum
637 3674 783 3712 nemo
812 3657 938 3713 vidit
969 3675 1197 3728 unquam
1223 3676 1241 3713 :
1274 3660 1567 3730 unigenitus
1609 3658 1786 3714 Filius
1815 3661 1904 3730 qui
1931 3671 2009 3715 est

445 3749 502 3802 in
529 3750 648 3803 sinu
666 3749 878 3814 Patris,
913 3750 1001 3804 ille
1028 3751 1267 3818 exposuit
1297 3751 1363 3806 ⁵⁸.
1388 3749 1455 3804 Ει
1482 3758 1662 3807 tamen
1695 3767 1822 3806 cum
1849 3751 2010 3807 Chri-

445 3847 567 3896 stus
591 3840 681 3895 hic
702 3841 948 3912 degeret,
985 3855 1214 3912 corpore
1242 3842 1576 3907 ambulabat,
1603 3843 1733 3898 dum
1764 3843 1867 3901 bos
1887 3860 2009 3901 ser-

443 3945 635 3986 mones
671 3930 906 3988 Joannes
937 3931 1222 4001 eﬂ‘erebat;
1255 3933 1378 4004 qui,
1435 3935 1583 3990 illius
1630 3935 1814 3992 verbis
1851 3951 2010 3993 exce-

445 4023 944 4094 ptis,praedicabat,
971 4026 1121 4081 illum
1158 4027 1377 4098 quidem
1405 4027 1462 4083 in
1485 4028 1610 4083 sinu
1639 4025 1817 4084 Patris
1847 4044 2004 4094 esse,

444 4117 538 4186 qui
576 4131 741 4187 super
769 4128 908 4172 terra
933 4133 1047 4172 .una
1076 4133 1198 4174 cum
1231 4120 1351 4189 ipso
1378 4134 1606 4190 corpore
1643 4121 2005 4190 convivebat;

444 4209 716 4279 quomodo
745 4227 860 4266 non
888 4211 1294 4282 intelligendum
1342 4219 1424 4267 est
1457 4219 1588 4266 tunc
1634 4212 1797 4267 etiam
1839 4213 2008 4270 caelos

443 4299 761 4366 ascendere,
794 4307 848 4356 et
872 4301 1002 4356 dum
1041 4301 1097 4354 in
1143 4301 1267 4358 sinu
1295 4300 1474 4357 Patris
1505 4301 1745 4372 degeret,
1777 4303 1832 4356 in
1861 4311 2008 4358 terra

2110 3105 2278 3174 ἀρετῇ
2309 3101 2481 3156 ταῦτα
2506 3101 2768 3171 ἔπραττεν
2798 3101 2826 3152 6
2863 3097 3144 3168 ἄνθρωπος
3175 3095 3467 3167 ἐκκρίτως·
3575 3093 3678 3163 γάρ

2108 3193 2238 3263 ἁγία
2261 3191 2354 3246 τοῦ
2377 3191 2612 3262 Χριστοῦ
2632 3190 2774 3261 ψυχὴ
2797 3188 2874 3259 τῷ
2891 3187 3009 3259 Θεῷ
3037 3186 3456 3256 συνδιαιτωμένη
3476 3184 3572 3238 καὶ
3591 3184 3678 3236 Λό-

2109 3304 2211 3356 γῳ,
2228 3287 2401 3340 πάντα
2427 3286 2522 3356 μὲν
2545 3283 2890 3354 ἐκπεριπολεῖ
2906 3280 3220 3351 συλλήϐδην,
3239 3281 3318 3343 είς
3336 3276 3498 3330 αὐτὸν
3518 3276 3576 3329 δὲ

2109 3377 2246 3448 ϐηκε
2285 3377 2376 3430 τὸν
2411 3373 2680 3429 ἀνώτατον
2722 3371 2966 3445 οὐρανὸν,
3002 3373 3080 3434 είς
3109 3371 3166 3423 ὃν
3200 3370 3372 3432 οὐδεὶς
3402 3367 3562 3432 ἄλλος
3592 3369 3677 3420 ἀν-

2108 3468 2237 3540 ῆλθε
2263 3467 2372 3522 τῶν
2395 3467 2692 3538 ἀνθρώπων
2708 3483 2721 3495 ·
2749 3464 2884 3518 ἀλλά
2901 3463 3070 3516 ταῦτα
3092 3464 3169 3525 είς
3195 3461 3364 3532 αὐτὴν
3385 3459 3677 3531 ἀνῇρτηται

2107 3561 2208 3632 τὴν
2237 3559 2576 3632 ἀνθρωπείαν
2596 3559 2786 3623 εἰδέαν,
2812 3556 2878 3627 ἣν
2899 3559 2926 3610 6
2949 3556 3079 3618 Θεὸς
3107 3554 3330 3626 ἐφόρεσε
3355 3553 3450 3606 καὶ
3480 3552 3674 3619 Λόγος·

2109 3654 2190 3708 ὅτι
2221 3653 2278 3708 δὲ
2311 3650 2581 3722 πανταχοῦ
2619 3651 2876 3722 πάρεστιν
2917 3647 3126 3718 ἀθρόως
3161 3648 3188 3700 6
3221 3644 3315 3698 τοῦ
3344 3644 3482 3697 Θεοῦ
3524 3645 3676 3708 Παῖς,

2108 3751 2206 3820 οὐχ
2233 3749 2431 3818 ἥκιστα
2449 3749 2540 3800 καὶ
2568 3744 2693 3818 περὶ
2715 3741 2903 3795 τούτου
2928 3741 3134 3812 μάρτυς
3153 3739 3381 3808 ἕστηκεν
3408 3735 3674 3807 Ἰωάννης,

2109 3843 2373 3914 αὐτήκοος
2420 3840 2516 3911 μὲν
2559 3837 2819 3908 ὑπάρχων
2848 3831 3010 3887 αὐτοῦ
3039 3829 3132 3884 τοῦ
3179 3829 3447 3901 Χριστοῦ,
3491 3828 3588 3900 βοᾷ
3625 3827 3675 3880 δὲ

2110 3932 2420 4004 γεγωνότως
2447 3925 2718 3994 αὐτολεξεί
2734 3945 2747 3957 ’
2781 3925 2928 3980 Θεὸν
2951 3919 3148 3988 οὐδεὶς
3173 3920 3391 3987 ἑώρακε
3414 3918 3673 3972 πώποτεο

2110 4031 2144 4082 ό
2185 4024 2518 4097 μονογενὴς
2562 4020 2694 4087 Υἱὸς
2721 4022 2754 4072 ὁ
2782 4016 2867 4072 ὢν
2891 4019 2977 4082 εις
3013 4015 3122 4068 τὸν
3147 4014 3376 4067 κόλπον
3416 4009 3523 4063 τοῦ
3567 4013 3676 4063 Hc.

2109 4119 2248 4189 τρὸς
2275 4117 2501 4182 ἐκεῖνος
2530 4112 2890 4183 ἐξηγήσατο.
2921 4109 3030 4162 Καὶ
3053 4108 3157 4179 μὴν
3190 4107 3238 4159 εἰ
3286 4104 3443 4175 δεῦρο
3495 4101 3674 4176 παρὼν

2110 4210 2366 4281 ἐπεφοίτα
2413 4205 2735 4278 σωματικῶς
2788 4206 2817 4258 6
2867 4199 3130 4273 Χριστὸς,
3180 4198 3412 4269 ὁπηνίκα
3462 4198 3674 4258 τούτους

2111 4301 2439 4374 ἀπήγγειλεν
2479 4297 2730 4368 Ἰωάννης
2758 4295 2882 4356 τοὺς
2926 4292 3135 4361 λόγους,
3175 4293 3205 4344 6
3242 4289 3298 4342 δὲ
3345 4287 3444 4352 τὰς
3489 4289 3674 4342 τούτου

443 4393 898 4464 quemadmodum
929 4391 1098 4448 Deum
1129 4393 1355 4448 decebat
1377 4391 1777 4464 deambulasse,
1807 4403 1862 4450 et
1885 4410 2006 4451 om-

2113 4398 2296 4470 ρήσεις
2325 4392 2713 4464 ὑποδεξάμενος
2740 4391 2998 4461 ἐκήρυττε
3026 4386 3124 4458 μὲν
3153 4385 3309 4438 αὐτὸν
3333 4384 3391 4436 ἐν
3413 4385 3527 4444 τοῖς
3557 4381 3674 4434 κόλ-

441 4485 604 4540 nibus
633 4484 816 4551 simul,
851 4485 1017 4540 veluti
1046 4483 1212 4538 Deum
1247 4483 1526 4539 adfuisse?

2113 4506 2236 4553 ποις
2258 4483 2394 4562 εἶναι
2418 4484 2512 4538 τοῦ
2536 4482 2766 4555 Πατρὸς,
2797 4479 3121 4551 ἑστιώμενον
3153 4477 3243 4531 ἐπὶ
3267 4477 3369 4544 γῆς
3396 4473 3546 4544 αὐτῷ
3578 4471 3673 4525 σώ-

443 4597 606 4651 ματι·
641 4578 756 4644 πῶς
783 4579 882 4663 οὐκ
909 4578 1202 4651 ἐννοητέον,
1230 4578 1311 4631 ὅτι
1335 4577 1431 4631 καὶ
1466 4577 1574 4633 τῶν
1631 4579 1873 4652 οὐρανῶν
1906 4583 2226 4655 ἐπεϐεϐήκει
2252 4581 2358 4636 τῶν
2388 4582 2544 4635 τοῦτο
2602 4577 2712 4650 (I2)
2754 4577 2847 4630 καὶ
2898 4575 2972 4638 ὡς
3016 4573 3228 4627 κόλπων
3288 4571 3418 4623 εἵσω
3463 4567 3672 4621 διαιτώ-

445 4690 604 4746 μενος
654 4675 747 4728 καὶ
791 4676 858 4744 τῇ
909 4676 979 4745 γῇ
1029 4672 1344 4744 θεοπρεπῶς
1383 4674 1679 4746 ἐπεδήμει,
1730 4677 1824 4730 καὶ
1867 4680 2028 4733 πᾶσιν
2053 4680 2188 4751 ὁμοῦ
2223 4680 2421 4752 παρῆν,
2447 4672 2536 4730 οἷα
2567 4674 2732 4737 Θεὸς;

512 4767 655 4823 XIX.
699 4767 757 4822 Si
805 4769 928 4838 quis
961 4775 1140 4823 autem
1182 4765 1408 4821 Judaica
1443 4767 1695 4829 laborans
1725 4771 2000 4834 caecitate,

439 4861 783 4932 evangelicas
809 4873 970 4914 voces
999 4874 1108 4913 non
1138 4859 1365 4927 recipit,
1412 4858 1516 4927 ipsi
1551 4857 1858 4917 Salomonis
1881 4878 2005 4917 ora—

441 4956 564 5011 cula
594 4953 964 5016 adducemus,
1013 4961 1068 5007 et
1118 4952 1198 5006 sic
1247 4952 1547 5007 orationem
1607 4952 2004 5012 formabimus:

443 5048 644 5117 Quippe
683 5062 800 5098 cum
830 5047 1059 5115 quietum
1103 5043 1686 5114 silentiumvcontineret
1709 5049 1887 5101 omnia
1913 5089 1926 5112 ,
1958 5057 2008 5102 et

370 5169 381 5186 -
444 5156 547 5193 nox
579 5140 632 5192 in
668 5155 764 5191 suo
793 5153 948 5191 cursu
987 5136 1212 5190 medium
1250 5139 1350 5191 iter
1389 5135 1630 5202 haberet,
1683 5141 2007 5208 omnipotens

446 5241 591 5284 tuum
626 5229 851 5282 Verbum
876 5246 906 5283 e
938 5229 1062 5282 coelo
1092 5247 1124 5282 a
1150 5228 1413 5299 regalibus
1447 5229 1645 5284 thronis
1671 5247 1844 5285 ensem
1874 5248 2002 5284 acu-

447 5333 577 5386 tum,
607 5324 867 5378 sincerum
890 5323 1086 5378 scilicet
1121 5322 1426 5378 mandatum
1459 5334 1608 5378 tuum
1631 5324 1821 5394 ferens,
1855 5335 2003 5381 stans

525 5481 572 5512 ⁸⁵
597 5479 761 5536 Joan.
815 5496 896 5544 ιιι,
947 5479 1034 5535 15.
1109 5481 1156 5513 ⁸⁸
1187 5480 1350 5536 Joan.
1386 5497 1426 5546 l,
1460 5480 1561 5536 I8.

516 5641 633 5712 (12)
673 5640 794 5695 Τῶν
819 5641 1013 5696 τοῦτο.
1045 5639 1203 5698 Forte
1227 5640 1336 5696 τῶν
1370 5640 1585 5712 τρίτων.

2179 4771 2319 4826 XIX.
2349 4772 2413 4824 Et
2436 4770 2491 4823 δέ
2512 4786 2594 4832 τις
2630 4765 2919 4836 Ἰουδαῖκὴν
2945 4758 3237 4834 ἀρρωστῶν
3283 4754 3543 4824 ἀϐλεψίαν
3579 4756 3673 4819 τὰς

2113 4863 2466 4934 εὐαγγελικὰς
2491 4861 2550 4914 οὐ
2584 4857 2860 4931 προσίεται
2906 4855 3108 4926 φωνὰς,
3146 4852 3406 4908 ἐπακτέον
3431 4850 3580 4920 αὐτῷ
3608 4849 3672 4902 τὰ

2113 4958 2207 5012 τοῦ
2235 4953 2574 5025 Σολομῶντος
2604 4950 3018 5020 ἀποφθέγματα,
3053 4949 3146 5002 καὶ
3177 4946 3361 5016 ῥητέον
3391 4937 3497 4998 ὧδέ
3530 4960 3668 5007 πωςο

2119 5052 2382 5120 Ἥσύχου
2415 5047 2522 5117 γὰρ
2563 5042 2739 5113 σιῄς
2780 5041 3174 5111 περιεχούσης
3220 5038 3290 5091 τὰ
3329 5036 3544 5097 πάντα,
3580 5033 3670 5087 καί

2105 5139 2332 5206 ,νυκτὸς
2364 5140 2432 5192 ἐν
2463 5137 2588 5201 ἰδίῳ
2625 5135 2784 5205 τάχει
2815 5131 3214 5202 μεσαζούσης,
3245 5133 3278 5183 ὁ
3306 5125 3667 5181 «aurarium-

2105 5233 2222 5301 μός
2251 5247 2365 5285 σου
2393 5231 2578 5296 Λόγος
2604 5229 2704 5282 ἀπ’
2728 5224 2983 5294 οὐρανοῦ
3012 5223 3080 5276 ἐκ
3102 5224 3323 5290 θρόνων
3340 5213 3668 5283 ,ϐασιλικῶν

2111 5324 2283 5394 ξίφος
2303 5322 2412 5390 ὀξὺ
2441 5321 2553 5392 τὴν
2581 5322 2979 5389 ἀνυπόκριτον
3001 5312 3286 5382 ἐπιταγήν
3315 5328 3429 5366 σου
3462 5309 3664 5378 φέρων,
