3850 6160
169 265 284 324 655

1053 264 1140 319 DE
1178 262 1769 320 ENGASTRIMYTHO
1807 263 2086 320 CONTRA
2129 261 2506 320 ORIGENEM.

3319 266 3425 322 651

163 406 320 455 στας
348 386 663 457 ἐπλήρωσε
696 383 953 440 θανάτου
999 389 1070 442 τὰ
1105 396 1331 444 πάντα·
1367 391 1464 443 καὶ
1495 390 1752 459 οὐρανοῦ

1856 399 2021 444 morte
2043 390 2220 444 omnia
2240 390 2451 458 replevit
2468 404 2486 452 ,'
2505 395 2564 442 et
2595 385 2782 440 mlum
2809 381 3014 452 quidem
3039 376 3303 450 tangebat,
3331 394 3426 449 pc-

163 483 286 555 μὲν
313 482 547 549 ἥπτετο,
571 481 816 547 βεϐήκει
841 481 910 534 δὲ
943 483 1040 536 ἐπὶ
1074 483 1204 552 γῆς.
1245 486 1307 538 Εἰ
1342 487 1518 538 τοίνυν
1540 489 1568 540 ὁ
1597 504 1752 556 μονο-

168 575 336 644 γενὴς
382 574 504 637 Υἱὸς
534 573 698 626 αὐτοῦ
730 574 821 627 τοῦ
865 574 1000 627 Θεοῦ
1040 576 1213 644 Λόγος
1243 579 1631 650 ἀναγορεύεται
1662 581 1754 634 καὶ

167 665 303 728 Θεὸς
327 663 562 735 ὀμοδόξῳ
597 665 828 735 συνοδίᾳ,
863 666 930 718 δι’
969 661 1030 721 οὗ
1073 669 1358 736 γεγόνασιν
1385 671 1624 740 ἄγγελοι,
1662 673 1751 725 ού-

133 824 136 826 ,
169 760 344 830 pavet,
384 758 474 812 καὶ
507 759 601 829 γῆ,
624 761 718 814 καὶ
739 759 993 825 θάλαττα,
1026 762 1120 814 καὶ
1149 761 1322 830 βυθοὶ,
1349 764 1442 816 καὶ
1470 765 1755 837 φωστῆρες

165 852 570 922 οὐρανοδρὸμοι,
607 853 701 904 καὶ
732 853 1029 925 συλλήϐδην
1065 855 1238 908 εἰπεῖν
1276 856 1463 910 ἅπασα
1494 857 1602 909 τῶν
1633 875 1755 926 γεν-

167 942 347 1014 νητῶν
383 947 414 1013 ἡ
447 945 735 1008 σύστασις’
779 939 932 1007 οὗτος
962 946 1018 999 δὲ
1055 947 1238 1019 δικαίᾳ
1268 950 1445 1021 κρίσει
1493 951 1755 1021 σωφρονί-

167 1033 280 1098 ζων
310 1036 552 1099 ἅπαντας
581 1036 768 1107 θρόνου
800 1038 897 1108 μὲν
923 1039 1212 1110 οὐρανόθεν
1245 1041 1425 1111 ἔχεται
1453 1043 1553 1114 τῆς
1582 1043 1750 1096 ἀϊδίου

169 1126 468 1211 βασιλείας,
506 1129 656 1200 ὀξείᾳ
704 1130 759 1184 δὲ
798 1135 1117 1201 τιμωρεῖται
1169 1133 1293 1206 δίκῃ
1335 1136 1460 1198 τοὺς
1505 1135 1748 1199 ἀδίκουςο

167 1219 306 1274 ἀλλὰ
340 1221 444 1291 μὴν
476 1221 622 1291 ἔργῳ
665 1223 760 1276 καὶ
786 1223 978 1295 πράξει
1003 1225 1406 1296 παντοδύναμος
1435 1226 1530 1291 ὢν,
1562 1227 1656 1280 ᾶτε
1689 1226 1752 1298 δὴ

165 1309 300 1375 Θεὸς
338 1314 430 1366 καὶ
479 1314 614 1368 Θεοῦ
657 1315 855 1384 Λόγος,
903 1317 1134 1384 ούρανοῦ
1179 1319 1274 1388 μὲν
1319 1320 1539 1388 ἥπτετο,
1589 1320 1750 1391 βεϐή-

166 1419 252 1458 κει
290 1405 347 1457 δὲ
385 1405 476 1457 ἐπὶ
505 1405 609 1476 γῆς
653 1407 710 1458 έν
749 1409 961 1482 ταυτῷ’
1011 1409 1262 1480 θεότητος
1299 1403 1466 1481 ἀρετῇ
1512 1411 1750 1482 δηλονότι

167 1497 346 1550 πάντα
392 1497 589 1568 πληροῖ
636 1498 938 1569 πανταχῶς.
967 1500 1174 1553 Οὐκοῦν
1215 1503 1263 1553 εἰ
1305 1501 1560 1574 τοιαύτης
1599 1504 1748 1556 ἐπεί-

167 1586 368 1660 ληπται
412 1588 646 1656 φύσεως,
681 1588 936 1641 ἀσεϐοῦσι
973 1589 1069 1659 μὲν
1099 1593 1147 1642 οί
1183 1591 1488 1662 νομίζοντες
1522 1593 1750 1666 ἀϐουλίᾳ

167 1681 316 1750 τόπῳ
369 1680 462 1733 καὶ
516 1679 664 1751 ρητῷ
706 1699 811 1734 τινι
850 1682 1049 1752 χωρίου
1090 1684 1263 1754 μορίῳ
1313 1685 1748 1756 περιγράφεσθαι

168 1771 226 1825 τὸ
282 1772 452 1825 θεῖον·
509 1773 718 1844 ἀμαθίᾳ
773 1773 828 1825 δὲ
880 1773 1076 1844 μᾶλλον
1139 1775 1172 1846 ἢ
1221 1779 1476 1850 φρονήσει
1547 1781 1748 1851 κοσμίᾳ

168 1864 462 1934 φθέγγεται
488 1865 791 1936 προχείρως
831 1866 1127 1938 Ὠριγένης,
1160 1867 1241 1920 ὅτι
1275 1870 1548 1924 κατελθὼν
1574 1873 1656 1935 είς
1680 1871 1748 1925 τά

169 1957 454 2011 κατώτατα
497 1958 636 2028 μέρη
662 1959 759 2028 τῆς
795 1958 898 2028 γῆς
939 1960 968 2010 ὁ
999 1959 1247 2030 Χριστὸς,
1287 1960 1399 2014 ἄνω
1442 1965 1506 2033 τῇ
1558 1982 1748 2035 προαι-

171 2051 316 2120 ρέσει
348 2048 638 2120 διέτριϐεν·
686 2049 746 2101 ού
779 2048 886 2121 γὰρ
921 2049 1162 2120 ἐνόησεν,
1197 2052 1277 2104 ὅτι
1311 2052 1440 2117 Θεὸς
1469 2054 1543 2108 ὢν
1571 2051 1743 2122 οὗτος,

169 2142 306 2196 οὕτω
333 2141 448 2214 (i3)
482 2141 760 2214 προθυμίᾳ
788 2141 1010 2214 γνώμης
1037 2143 1148 2196 ἀνω
1179 2144 1254 2216 τῷ
1277 2146 1451 2201 δοκεῖν
1480 2148 1746 2223 ἐπιθυμίᾳ

169 2235 369 2307 παρῆν,
416 2235 526 2305 ὅσῳ
572 2234 841 2305 θειότητος
874 2235 1122 2308 ἐνεργείᾳ
1173 2240 1284 2302 τοῖς
1321 2238 1520 2294 ἅπασιν
1555 2243 1630 2308 ὡς
1666 2243 1744 2298 ἔνι

170 2331 402 2402 μάλιστα
429 2332 607 2386 πάντα
639 2332 835 2404 πληροῖ
862 2332 1168 2403 πανταχῶς.

234 2534 353 2590 XX.
393 2537 551 2592 Ἀλλά
573 2538 797 2594 τοιαῦτα
822 2541 919 2611 μὲν
951 2542 1208 2614 ἁρμόττει
1239 2545 1366 2616 περὶ
1393 2545 1485 2599 τοῦ
1509 2545 1743 2618 Χριστοῦ

165 2626 403 2694 δοξάζειν
429 2631 652 2695 ἐκεῖνον,
672 2631 730 2695 ὃς
753 2632 858 2686 ὑπὸ
879 2633 1128 2705 δαίμονος
1159 2633 1396 2707 ὁρίζεται
1415 2637 1591 2707 ψυχὰς
1617 2639 1746 2693 ἀνά-

167 2722 356 2791 γεσθαι
395 2725 752 2796 προφητικάς⁹
801 2727 836 2796 ἡ
875 2726 932 2779 δὲ
981 2726 1315 2796 πυθόμαντις
1359 2727 1434 2792 ὼς
1487 2729 1746 2784 ἐθεάσατο

164 2815 290 2878 τοὺς
313 2815 706 2888 ὁμογαστρίους
736 2817 872 2888 αὐτῇ
906 2817 1180 2887 δαίμονας,
1210 2815 1296 2872 οἷα
1331 2819 1393 2892 δή
1436 2837 1588 2885 τινας
1613 2823 1744 2892 ὁμο-

164 2905 393 2969 κοιλίους
445 2906 705 2974 ἀδελφοὺς
757 2907 1054 2978 ὲπαίρουσα
1108 2908 1178 2961 τὰ
1233 2910 1542 2981 ὁμομήτρια
1590 2913 1742 2984 γένη,

165 2991 267 3064 βοᾷ
319 2993 495 3059 θεοὺς
535 2994 852 3062 ἑωρακέναι
899 2996 1330 3064 ἀναϐαίνοντας
1363 2999 1431 3053 ἐκ
1473 3001 1581 3070 τῆς
1609 3001 1739 3072 γῆς.

1853 480 2008 533 dibus
2037 497 2155 534 vero
2186 479 2427 533 calcabat
2460 488 2656 532 terram
2698 477 2766 529 ⁸⁷.
2809 472 2866 528 Si
2897 475 3080 542 itaque
3114 470 3428 539 unigenitus

1854 575 2024 630 Filius
2055 573 2150 629 Dei
2180 573 2453 644 coaequale
2487 571 2662 642 ipsius
2700 567 2971 633 Verbum,
3013 579 3110 636 per
3137 563 3284 635 quod
3330 578 3426 619 an-

1851 665 1956 735 geli
1987 663 2115 718 l‘acti
2144 674 2292 728 sunt,
2324 672 2379 719 et
2419 664 2544 719 cmli
2564 703 2579 727 ,
2612 669 2666 717 et
2698 667 2877 722 terra,
2905 665 2959 712 et
2995 672 3179 720 mare,
3211 663 3265 712 et
3301 669 3428 725 pro-

1853 757 2170 823 funditates,
2199 764 2254 812 et
2290 757 2577 811 luminaria
2612 770 2708 826 per
2736 752 2934 808 caelum
2964 751 3225 817 errantia,
3256 757 3332 812 et,
3367 757 3429 804 ut

1854 866 1962 905 uno
1987 851 2154 907 verbo
2179 851 2379 914 dicam,
2412 864 2596 904 rerum
2617 846 2860 902 omnium
2889 850 3193 900 creatarum
3221 841 3429 898 consti-

1853 944 2012 1007 tutio,
2048 943 2192 1000 Deus
2226 942 2579 999 denuntiatur
2611 961 2625 995 :
2662 940 2752 994 hic
2781 941 2934 1010 justo
2971 937 3180 1009 judicio
3209 936 3429 992 caelitus

1851 1036 2107 1091 omnibus
2137 1044 2373 1091 mentem
2409 1037 2546 1091 dans
2577 1034 2856 1090 meliorem
2885 1033 3140 1087 thronum
3181 1027 3428 1100 perpetui

1852 1129 2006 1198 regni
2052 1129 2264 1183 obtinet
2290 1169 2304 1192 ,
2348 1136 2402 1183 et
2451 1126 2614 1182 celeri
2657 1125 2928 1182 sententia
2980 1125 3136 1195 punit
3168 1123 3423 1192 ihjustos.

1853 1219 1994 1286 Quin
2037 1235 2202 1290 opera
2259 1228 2312 1276 et
2357 1220 2608 1287 actione,
2651 1234 2774 1274 cum
2813 1220 2885 1273 sit
2933 1218 3276 1287 omnipotens
3302 1253 3318 1280 ,
3366 1222 3428 1269 ut

1851 1298 1994 1367 Deus
2022 1319 2076 1365 et
2109 1310 2202 1367 Dei
2241 1307 2505 1372 Verbum,
2539 1311 2739 1366 cmlum
2787 1311 3078 1380 tangebat,
3128 1307 3428 1378 eodemque

1849 1413 2096 1474 tempore
2151 1405 2461 1459 ambulabat
2511 1404 2571 1458 in
2620 1404 2815 1469 terris,
2864 1401 3166 1457 divinitatis
3218 1401 3427 1456 scilicet

1851 1497 2094 1567 potentia
2144 1499 2327 1551 omnia
2381 1499 2617 1569 replens.
2656 1496 2798 1567 Ergo
2837 1498 2885 1554 si
2917 1497 3078 1552 talem
3111 1496 3308 1551 retinet
3334 1507 3428 1548 na-

1853 1594 2055 1651 turam,
2090 1588 2238 1657 impii
2270 1587 2488 1658 quidem
2525 1596 2653 1643 sunt
2684 1588 2777 1657 qui
2814 1583 3428 1642 inconsiderate'existi-

1853 1683 2004 1736 mant
2031 1677 2150 1731 loco
2181 1677 2395 1747 locique
2441 1678 2622 1748 aliqua
2666 1684 2821 1747 parte
2845 1675 3202 1732 determinata
3227 1669 3426 1728 divini—

1779 1753 1821 1808 Β
1852 1774 2016 1822 tatem
2075 1768 2472 1823 circumscribi.
2536 1769 2602 1822 Et
2655 1768 2969 1840 ignorantia
3023 1767 3205 1837 potius
3260 1759 3426 1837 quam

1847 1869 2028 1915 mente
2076 1862 2353 1916 moderata
2383 1862 2786 1916 inconsiderate
2823 1860 3086 1932 Origenes
3140 1857 3383 1930 loquitur
3405 1897 3423 1924 ,

1845 1953 2035 2008 dicens
2065 1953 2366 2018 Christum,
2398 1955 2528 2009 dum
2559 1955 2626 2009 ad
2666 1955 2882 2011 inﬁmas
2908 1963 3068 2011 terrae
3095 1963 3276 2025 partes
3303 1967 3426 2023 per-

1845 2045 2103 2108 venisset,
2140 2046 2421 2099 voluntate
2473 2045 2727 2114 superius
2783 2051 3174 2120 commoratum
3228 2043 3420 2099 fuisse.

1844 2133 1965 2190 Non
1994 2135 2139 2190 enim
2169 2135 2433 2191 intellexit
2461 2137 2604 2207 quod
2627 2177 2642 2203 ,
2697 2153 2822 2192 cum
2877 2137 2924 2192 is
2960 2144 3105 2192 esset
3136 2136 3278 2192 Deus
3298 2178 3313 2200 ,
3345 2136 3425 2191 sic

1845 2228 2140 2282 voluntatis
2166 2226 2382 2291 aﬂ'ectu,
2412 2237 2471 2282 ut
2503 2227 2811 2293 videbatur,
2839 2237 2895 2283 et
2942 2228 3212 2283 desiderio
3258 2227 3426 2283 fuerit

1847 2319 2120 2388 superius,
2152 2321 2246 2390 qui
2279 2320 2583 2376 divinitatis
2613 2319 2930 2390 operatione
2961 2319 3216 2375 omnibus
3240 2320 3424 2374 omnia

1846 2411 2049 2481 ubique
2076 2420 2340 2482 quantum
2373 2412 2486 2468 ﬁeri
2510 2421 2691 2484 potest
2715 2412 3032 2484 compleret.

1918 2525 2032 2580 XX.
2055 2523 2160 2580 Sed
2184 2524 2549 2581 concedamus
2565 2524 2681 2580 haec
2700 2526 2766 2581 de
2777 2525 3000 2582 Christo
3021 2525 3172 2579 illum
3195 2523 3422 2588 sentire,

1844 2619 1936 2692 qui
1954 2619 2339 2690 prophetarum
2362 2619 2571 2675 animas
2601 2634 2632 2673 a
2661 2619 2904 2674 daemone
2921 2619 3137 2675 evocari
3154 2618 3422 2674 decernit.

1844 2709 2222 2783 Pythomantis
2246 2715 2307 2765 ut
2337 2710 2441 2766 sibi
2471 2710 2680 2766 similes
2703 2719 2892 2766 ventre
2931 2711 3203 2765 daemones
3225 2709 3425 2763 intuita

1844 2811 1948 2867 est,
1982 2803 2162 2858 veluti'
2181 2803 2448 2874 quosdam
2488 2819 2556 2858 ex
2587 2802 2776 2858 eodem
2808 2811 2996 2858 ventre
3027 2802 3226 2857 fratres
3247 2803 3423 2857 extol-

1844 2896 1963 2952 lens
1991 2897 2086 2967 qui
2132 2895 2201 2949 ab
2241 2895 2430 2949 eadem
2470 2902 2599 2950 sunt
2640 2895 2754 2949 nati
2782 2902 2988 2961 matre,
3033 2895 3263 2958 clamat,
3298 2894 3422 2949 deos

1845 2990 2173 3059 comperisse
2217 2988 2550 3043 ascendentes
2592 3004 2620 3041 e
2655 2997 2796 3041 terra
2821 2987 2890 3043 ⁸⁸.
2928 2987 3000 3041 At
3029 2987 3441 3059 grandiloquum

177 3084 314 3137 Ἀλλ’
336 3086 364 3137 ὁ
395 3084 765 3156 μεγαληγόρος
788 3087 886 3138 οὐκ
919 3087 1116 3140 ἔδεισεν
1147 3089 1421 3160 Ὠριγένης
1450 3092 1644 3156 εἰπεῖν,
1668 3094 1748 3146 ὅτι

1851 3083 1968 3153 ipse
2014 3079 2277 3151 Origenes
2318 3097 2430 3135 non
2479 3080 2751 3134 dubitavit
2800 3079 3035 3135 dicere:
3084 3079 3424 3137 Daemonium

162 3176 224 3228 τὸ
250 3176 523 3246 δαιμόνιον
545 3177 665 3248 οὐχὶ
681 3177 775 3249 τὴν
805 3177 897 3230 τοῦ
919 3184 1196 3252 προφήτου
1216 3181 1375 3252 μόνον
1394 3184 1636 3254 ἀνήγαγε
1651 3183 1746 3254 ψυ-

163 3269 284 3341 χὴν,
320 3267 473 3323 ἀλλά·
493 3273 706 3343 Μήτιγε
746 3271 843 3324 καὶ
876 3272 1030 3326 ἄλλαι
1075 3274 1591 3346 συναναόεὸήκασιν,
1617 3277 1744 3350 ἔφη,

163 3362 333 3433 ψυχαὶ
368 3364 660 3436 προφητῶν
687 3365 866 3433 ἆγιαι;
902 3366 994 3438 Μὴ
1044 3366 1318 3438 κορεσθεὶς
1349 3368 1403 3420 δὲ
1429 3371 1493 3439 τῇ
1523 3370 1744 3441 τοιαύτῃ

163 3453 457 3525 παρανοίᾳ,
470 3457 563 3509 καὶ
581 3456 703 3518 τοὺς
725 3457 987 3526 ἀγγέλους
999 3457 1236 3531 ὡρίσατο
1253 3459 1744 3530 συναναϐεϐηκέναι

161 3549 275 3610 τοῖς
305 3547 609 3618 πνεύμασιν
642 3547 818 3602 αὐτῶν
836 3566 850 3579 ·
879 3549 1064 3621 εἴρηκε
1099 3551 1226 3622 γὰρ,
1261 3552 1341 3604 ὅτι
1367 3552 1468 3622 τῆς
1495 3552 1601 3607 τῶν
1630 3553 1744 3606 δεο-

166 3639 346 3711 μένων
373 3641 534 3695 ἕνεκα
558 3644 828 3714 σωτηρίας
855 3643 1074 3697 ἀνίεσαν
1103 3643 1313 3698 ένθάδε’
1345 3645 1602 3716 μεγίστας
1629 3643 1740 3714 οῦν,

159 3729 237 3796 ὡς
257 3731 453 3797 ἔοικεν,
485 3734 758 3807 Ὠριγένης
782 3734 1001 3799 ἐλπίδας
1029 3735 1338 3790 ὑποτίθεται
1363 3741 1474 3801 τοῖς
1495 3739 1745 3807 ἀγγέλοις

163 3825 258 3881 καὶ
303 3828 630 3897 προφήταις,
668 3827 785 3897 ἦτοι
824 3827 915 3880 καὶ
939 3829 1103 3881 παντὶ
1142 3828 1220 3899 τῷ
1250 3829 1356 3883 τῶν
1388 3830 1557 3899 ἁγίων
1581 3831 1744 3902 ὁμόσε

163 3915 337 3990 χορῷο
367 3916 580 3987 πρῶτον
604 3919 700 3988 μὲν
723 3919 957 3987 εἰσάγων
985 3919 1061 3982 ὡς
1088 3920 1192 3972 ὑπὸ
1213 3920 1463 3991 δαίμονος
1498 3921 1744 3994 ἐξουσίαν

163 4006 322 4070 εἰσὶν,
357 4007 545 4061 ἔπειτα
571 4008 627 4061 δὲ
661 4008 898 4080 μηνύων,
928 4009 1008 4062 ὅτι
1037 4010 1125 4063 διὰ
1158 4011 1410 4081 μαινάδος
1435 4013 1744 4083 ἀνήχθησαν

162 4099 396 4153 ἐνταῦθα
423 4100 676 4168 γυναικὸς
711 4101 992 4174 ἰατρεῦσαι
1034 4105 1157 4166 τοὺς
1201 4104 1524 4172 πάσχοντας,
1554 4099 1641 4157 οἷα
1667 4105 1746 4158 δε-

164 4193 380 4264 σμῶται
411 4191 803 4262 προαχθέντες·
834 4193 950 4247 οὔτι
973 4193 1037 4262 γέ
1065 4212 1155 4265 μοι
1182 4195 1328 4248 δοκεῖ
1363 4199 1508 4266 μεῖον
1532 4197 1744 4268 ἐκείνης

160 4275 606 4353 ἀποφθέγγεσθαι
641 4286 1038 4356 φρενοϐλαϐῶς.
1078 4289 1256 4341 Ἔστω
1283 4288 1390 4360 γὰρ
1434 4287 1634 4358 οὕτως·
1669 4292 1745 4343 oi-

161 4378 345 4451 κτρῶς
377 4377 695 4448 ἓξεφαύλισε
737 4380 864 4441 τοὺς
912 4380 1100 4447 ἁγίους
1139 4380 1356 4450 ἄνδρας,
1387 4380 1508 4433 οὐδὲ
1544 4381 1606 4434 τὸ
1635 4379 1742 4433 τῶν

1846 3190 1955 3228 non
1993 3183 2204 3228 tantum
2248 3175 2526 3244 propheta:
2556 3173 2790 3226 animam
2813 3171 3020 3236 eduxit,
3054 3172 3148 3228 sed
3171 3192 3184 3226 :
3204 3170 3342 3227 Num
3372 3182 3427 3228 et

1847 3267 1965 3321 aliae
1991 3281 2096 3320 una
2125 3265 2289 3320 simul
2315 3264 2682 3319 ascenderunt
2723 3264 2920 3318 anima:
2961 3272 3160 3319 sancta:
3187 3265 3425 3335 prophe-

1846 3361 2060 3416 tarum?
2086 3358 2257 3414 Porro
2282 3374 2404 3414 cum
2429 3358 2506 3410 illi
2547 3365 2695 3412 tanta
2721 3356 2992 3411 dementia
3021 3372 3130 3410 non
3159 3366 3306 3411 esset
3334 3371 3425 3411 sa-

1844 3455 1938 3518 tis,
1968 3453 2188 3523 angelos
2218 3451 2347 3506 item
2379 3449 2590 3505 deﬁniit
2617 3448 2780 3502 simul
2814 3449 3126 3504 ascendisse
3148 3463 3272 3502 cum
3303 3448 3424 3502 illo-

1845 3561 1969 3599 rum
1993 3544 2277 3616 spiritibus
2309 3560 2322 3597 :
2356 3541 2495 3597 dixit
2513 3540 2713 3611 quippe
2734 3539 3008 3610 egentium
3028 3540 3224 3595 salutis
3256 3553 3425 3596 causa

1845 3638 1976 3693 illuc
2020 3637 2324 3693 advenisse.
2370 3633 2580 3704 Itaque,
2615 3640 2677 3688 ut
2721 3640 2976 3703 apparet,
3030 3632 3267 3686 maxima
3325 3645 3424 3702 spe

1846 3731 2068 3801 angelos
2101 3739 2156 3784 et
2185 3729 2503 3800 prophetas,
2535 3733 2710 3781 totum
2736 3724 2972 3796 denique
3003 3732 3322 3780 sanctorum
3345 3723 3422 3780 si-

1844 3824 1958 3877 mul
1990 3823 2218 3878 chorum
2242 3863 2257 3887 ,
2291 3821 2524 3887 excitat;
2559 3819 2733 3889 primo
2783 3816 2917 3871 illud
2943 3816 3244 3871 decernens
3268 3855 3284 3880 ,
3325 3828 3424 3870 eos

1845 3917 1947 3971 sub
1999 3922 2263 3985 potestate
2313 3913 2577 3968 daemonis
2627 3927 2785 3980 esse;
2841 3908 3084 3966 secundo
3140 3922 3424 3979 exponens

1844 4007 2106 4062 maenadis
2139 4005 2387 4061 mulieris
2420 4019 2584 4075 opera
2616 4004 2746 4057 illuc
2771 4003 3020 4064 eductos,
3053 4000 3219 4054 veluti
3242 4000 3421 4070 capti-

1843 4115 1941 4154 vos
1972 4097 2296 4161 conductos,
2330 4108 2389 4151 ut
2432 4095 2807 4150 laborantibus
2841 4092 3210 4148 mederentur.
3241 4090 3423 4158 Quare

1843 4205 1954 4245 non
1975 4189 2158 4242 minus
2185 4202 2349 4258 quam
2379 4187 2469 4240 illa
2497 4195 2678 4241 mente
2721 4185 2885 4240 laesus
2938 4183 3228 4238 enuntiare
3267 4183 3421 4238 vide-

1843 4290 1953 4337 tur.
1993 4279 2083 4334 Sic
2110 4281 2253 4333 enim
2283 4296 2342 4334 se
2390 4279 2588 4333 habet:
2625 4276 2825 4332 misere
2853 4275 3060 4331 sanctis
3105 4260 3422 4329 hominibus

1845 4373 2160 4439 insultavit;
2197 4371 2510 4442 angelorum
2543 4369 2672 4424 item
2698 4367 2946 4422 ordinem
2981 4365 3073 4436 qui
3104 4381 3201 4436 per
3221 4365 3423 4420 ccelum

161 4447 540 4542 οὐρανοπετῶν
557 4471 802 4540 ἀγγέλων
824 4471 1062 4544 ᾐσχύνθη
1085 4447 1270 4543 τάγμα
1289 4472 1588 4526 διαλλαὸεῖν
1603 4473 1734 4541 (ιι)-

1848 4467 2062 4530 volant,
2115 4466 2256 4519 male
2290 4471 2525 4518 tractare
2564 4478 2671 4516 non
2714 4447 2799 4517 est
2827 4462 3053 4516 veritus.
3085 4458 3182 4514 Vel
3225 4459 3422 4514 saltem

162 4563 197 4630 ἢ
232 4561 494 4616 δεικνύτω
523 4562 730 4634 τρανῶς
771 4565 799 4616 ὁ
835 4563 911 4634 τῷ
947 4562 1169 4633 τοιούτῳ
1206 4565 1588 4635 συνιστάμενος
1632 4565 1742 4636 ὅρῳ

161 4653 330 4707 πόθεν
358 4651 535 4706 λαϐὼν
567 4655 628 4705 ὲκ
655 4654 753 4724 τῆς
787 4652 888 4722 γῆς
921 4653 1121 4724 ἔφησεν
1155 4654 1360 4706 ἀνιέναι
1385 4656 1510 4718 τοὺς
1548 4657 1604 4708 ὲν
1631 4657 1743 4719 τοῖς

162 4746 412 4816 οὐρανοῖς
443 4745 801 4816 ἑστιωμένους
829 4746 1116 4814 ἀγγέλους·
1155 4747 1214 4799 ού
1261 4746 1368 4818 γὰρ
1400 4739 1542 4799 οῦτοι
1584 4764 1742 4800 κατε-

162 4837 458 4908 ληλύθασιν
487 4838 567 4900 είς
596 4837 719 4909 ᾅδου
748 4838 1029 4910 λυτηρίους
1059 4840 1386 4910 ἐπαγόμενοι
1410 4843 1521 4902 τοῖς
1545 4841 1741 4909 αἰχμα-

161 4926 357 4992 λώτοις
389 4927 626 4996 ἀφέσεις,
649 4929 762 4983 ἀλλ’
784 4931 812 4982 ὁ
834 4930 1083 5001 Χριστὸς,
1114 4931 1300 5002 ἐπειδὴ
1329 4931 1422 4984 καὶ
1450 4931 1741 5002 νικηφόρον

161 5013 318 5083 οὗτος
361 5019 539 5090 ἵδρυσε
586 5020 725 5073 κατά
769 5021 861 5074 τοῦ
903 5021 1158 5094 πολεμίου
1201 5023 1480 5093 τρόπαιον,
1520 5021 1742 5084 καὶτὰς

160 5114 273 5167 τῶν
301 5111 657 5183 αἰχμαλώτων
687 5114 1004 5177 ἀποσπάσας
1031 5115 1177 5178 λείας
1207 5114 1354 5185 αὑτῷ
1377 5113 1586 5185 σώματι
1617 5131 1744 5185 μετ-

161 5205 370 5278 αρσίως
410 5204 636 5276 ἀνῆλθεν
682 5207 763 5270 είς
800 5206 1088 5278 οὐρανούς·
1141 5207 1358 5276 ἄγγελοι
1403 5207 1460 5260 δὲ
1504 5205 1582 5276 τῷ
1625 5205 1743 5277 Θεῷ

161 5296 512 5370 παρεστῶσιν
538 5297 816 5364 ἑκάστοτε,
842 5298 938 5362 τὰς
973 5299 1320 5368 ὀφειλομένας
1348 5297 1583 5352 ἐκτελεῖν
1605 5299 1747 5352 ὲπει-

159 5389 386 5461 γόμενοι
409 5388 680 5460 λατρείας,
715 5389 962 5461 ἀλλὀύχὶ
992 5390 1083 5444 τὸν
1107 5391 1238 5463 ᾅδην
1266 5391 1522 5446 οἰκοῦσιν.

270 5573 318 5604 ’τ
353 5579 485 5643 δαν.
527 5589 684 5639 xvm,
727 5571 913 5630 ιι-ιθ.
967 5573 1014 5607 ⁵⁸
1040 5571 1072 5628 Ι
1098 5572 1224 5645 Reg.
1256 5590 1455 5642 nun,
1482 5573 1570 5630 15.

233 5763 352 5830 (13)
386 5763 568 5819 Οὕτω.
597 5762 681 5818 An
717 5760 992 5830 τοσούτῳ;

1845 4566 2030 4628 aperte
2060 4559 2207 4612 dicat
2247 4557 2340 4627 qui
2387 4555 2712 4611 sententiam
2750 4555 2889 4608 hanc
2919 4551 3188 4616 defendit,
3244 4551 3422 4606 unde-

1844 4668 1970 4706 nam
2006 4652 2214 4711 habuit,
2259 4664 2290 4704 e
2323 4657 2470 4703 terra
2500 4649 2721 4718 angelos
2753 4649 2807 4701 in
2837 4647 2991 4701 caelis
3017 4652 3420 4702 commorantes

1844 4745 2158 4802 ascendere.
2183 4743 2368 4814 Neque
2398 4743 2540 4798 enim
2568 4742 2622 4796 hi
2641 4740 3039 4797 descenderunt
3068 4739 3120 4792 in
3144 4736 3419 4791 infernum

1846 4856 2028 4896 secum
2053 4837 2394 4894 liberatrices
2415 4837 2650 4891 ferentes
2689 4835 2921 4904 captivis
2941 4831 3293 4897 emissiones;
3321 4829 3419 4885 sed

1843 4933 2120 4998 Christus,
2151 4932 2245 4998 qui
2291 4947 2359 4986 ex
2417 4931 2575 4984 hoste
2625 4938 2842 4997 raptum
2871 4925 3046 4979 victor
3095 4923 3200 4978 sibi
3244 4921 3420 4978 erexit

1845 5033 2129 5097 tmpzeum,
2161 5032 2214 5078 et
2247 5023 2586 5093 captivorum
2624 5020 2806 5090 praeda
2848 5029 3001 5089 parta
3027 5031 3258 5087 corpore
3300 5016 3420 5086 ipso

1847 5118 1914 5172 ad
1943 5117 2113 5172 cmlos
2147 5114 2397 5171 sublimis
2431 5112 2696 5169 ascendit.
2741 5110 2942 5166 Verum
2973 5110 3150 5180 angeli
3186 5108 3297 5164 Deo
3326 5108 3420 5180 ju-

1846 5207 1987 5276 giter
2018 5213 2313 5276 praesentes
2345 5204 2524 5259 cultus
2555 5201 2768 5258 debitos
2796 5200 3106 5271 persolvere
3127 5205 3423 5265 conantur,

1846 5314 1948 5354 nec
1973 5298 2178 5354 inferos
2198 5297 2467 5376 habitant.

1915 5714 2028 5826 (ιι)
2061 5752 2430 5811 Διαλλασεῖν.
2459 5749 2620 5813 Forte
2649 5750 2976 5810 διαδάλλιιν.
