3850 6160
254 299 365 358 657
1139 302 1228 360 DE
1264 303 1852 362 ENGASTRIMYTHO
1891 301 2170 360 CONTRA
2211 298 2587 357 ORIGENEM.
3395 295 3501 355 658

249 416 367 473 αὖτ’
397 415 658 488 ἔγραψεν·
689 417 751 472 οὐ
790 418 900 494 γὰρ
941 419 1008 474 ἂν
1037 419 1208 486 οὕτως
1245 421 1483 493 ἀκρίτως
1511 423 1622 495 (17)
1651 421 1793 494 ἔστεε

1897 462 1910 485 ι
1936 420 2080 477 tulit.
2114 419 2246 488 Quae
2277 433 2436 475 nemo
2465 417 2532 474 de
2555 416 2707 488 justo
2734 423 2827 472 aut
2853 415 3009 481 dixit,
3055 421 3148 471 aut
3184 414 3324 471 dicta
3361 416 3500 471 scri-

249 526 350 565 γεν
370 511 400 561 ὁ
418 508 622 580 Κύριος
637 509 816 574 αὐτὸν,
841 512 892 563 εἰ
915 509 989 583 μὴ
1013 509 1301 576 θεσπεσίας
1319 513 1522 584 ἐξῆπτο
1539 513 1793 577 πολιτείας

1935 514 2043 584 ptis
2073 511 2383 580 mandavit;
2417 526 2593 582 neque
2621 509 2764 566 enim
2795 525 2916 565 eum
2947 516 3058 563 tam
3107 507 3286 563 valido
3314 523 3499 566 amore

247 603 368 655 υύκ
395 600 612 654 ἔλαττον
636 601 693 654 δὲ
719 603 812 655 καὶ
839 602 900 656 τὸ
924 605 1022 676 τῆς
1053 604 1352 670 λιθοϐολίας
1381 606 1563 678 δρᾶμα
1591 605 1793 679 θεωρῶι

1933 603 2195 662 Dominus
2228 612 2549 676 prosecutus
2594 603 2825 667 fuisset,
2877 601 2986 658 nisi
3014 602 3138 656 vita:
3165 601 3305 656 ratio
3332 617 3498 673 quam

247 693 438 766 ἐπειδὴ
475 694 567 748 καὶ
605 694 760 750 τοῦτο
801 698 1052 769 πειρᾶται
1093 700 1507 772 τροπολογῆσαι,
1543 698 1637 753 τοῦ
1671 701 1793 770 εύαγ

1930 697 2286 766 profitebatur
2317 699 2498 753 divina
2527 696 2740 753 fuisset.
2773 694 2958 766 Neque
2985 695 3167 753 minus
3204 696 3325 762 his,
3365 695 3496 751 dum

244 785 467 854 γελικοῦ
497 789 886 859 καταψεύδεται
918 792 1270 864 γράμματος’
1294 796 1392 864 κού
1437 792 1597 849 πάνυ
1629 811 1705 858 τι,
1739 793 1793 847 λέ

1929 789 2275 860 lapidationis
2322 789 2912 861 factumspeculatur,
2960 789 3094 844 illud
3129 789 3292 845 etiam
3338 803 3402 843 ac
3445 788 3490 846 si

241 892 378 944 γων,
404 878 672 948 εὕρομεν,
696 863 1053 949 ζητήσαντες
1078 863 1148 938 ἐν
1176 863 1304 950 τοῖς
1331 883 1445 952 πρὸ
1476 885 1710 950 τούτου,
1737 885 1793 940 ὅτ

1927 897 2023 952 per
2046 890 2234 952 tropos
2263 879 2462 956 factum
2499 881 2553 934 in
2580 882 2738 936 aliam
2769 881 3090 936 sententiam
3139 881 3368 936 educere
3395 881 3494 936 oh-

240 967 588 1024 ἐϐάστασαν
615 974 670 1026 οι
711 972 973 1027 Ἰουδαῖοι
995 977 1206 1042 λίθους
1229 976 1330 1029 ἵνα
1358 975 1691 1031 λιθάσωσιν
1714 979 1792 1032 αὑ

1926 974 2126 1040 nitens,
2158 973 2214 1028 in
2243 972 2567 1043 evangelicis
2607 973 2788 1028 verbis
2821 971 2957 1028 mire
2991 971 3291 1028 mentitur:
3324 971 3488 1037 Licet,

242 1060 379 1113 τόγ’
411 1055 527 1114 εἶτα
561 1064 679 1132 μετ’
707 1063 862 1133 ὀλίγα
885 1064 1047 1136 φησίν
1065 1082 1078 1095 ·
1107 1067 1174 1120 Εἰ
1210 1066 1320 1137 γὰρ
1350 1066 1537 1121 πάλιν
1569 1066 1793 1143 ἐϐάσζα

1923 1064 2139 1136 inquit,
2179 1063 2404 1118 multum
2435 1067 2750 1134 perscrutati
2781 1064 3056 1134 fuerimus,
3088 1062 3318 1118 nondum
3347 1064 3492 1117 inveo

241 1166 386 1218 σαν,
423 1155 711 1223 πρότερον
738 1155 1100 1213 ἐϐάστασαν-⁸
1136 1160 1247 1214 ἀνω
1269 1159 1325 1214 δὲ
1349 1161 1442 1214 καὶ
1463 1161 1611 1215 κάτω
1640 1160 1793 1231 βούλε

1923 1157 2097 1211 nimus
2127 1157 2182 1210 in
2220 1156 2299 1210 his
2328 1172 2444 1225 qua:
2467 1157 2664 1224 scripta
2687 1169 2830 1220 sunt,
2854 1155 2889 1209 .1
2895 1156 3071 1212 udazos
3098 1157 3385 1224 arripuisse
3403 1155 3486 1210 la—

236 1261 331 1298 ται
357 1245 763 1302 κατασκεύασαι
792 1249 868 1321 μὴ
909 1251 1266 1323 προηγεῖσθαι
1307 1253 1400 1306 καὶ
1429 1252 1593 1325 ἀλλην
1621 1255 1793 1326 ὁμοίω

1919 1247 2065 1318 pides
2098 1257 2156 1300 ut
2183 1249 2238 1302 in
2269 1247 2421 1300 illum
2451 1247 2742 1316 injicerent.
2775 1247 2842 1301 Et
2864 1248 3052 1318 paucis
3076 1249 3311 1303 additis:
3346 1247 3491 1302 Nam

237 1335 488 1408 ἐκδοχὴν,
513 1340 601 1392 ἵνα
625 1341 964 1410 συστήσειεν,
986 1342 1068 1396 ὅτι
1091 1343 1302 1412 λόγους,
1328 1343 1441 1397 ἀλλ’
1469 1345 1588 1415 οὐχὶ
1617 1345 1793 1410 λίθους

1919 1343 1967 1397 si
1995 1343 2185 1397 iterum
2211 1348 2645 1409 assumpserunt,
2699 1341 2848 1408 prius
2902 1350 3319 1411 assumpserunt.
3363 1339 3491 1396 Vult

234 1428 543 1484 ὲόάστασαν
571 1431 802 1503 ἀμελητὶ
840 1434 962 1487 κατ’
1008 1434 1204 1488 αὐτοῦ’
1247 1436 1422 1490 καίτοι
1463 1436 1556 1490 τοῦ
1590 1438 1790 1508 εὐαγγε

1918 1443 2098 1491 autem
2127 1446 2238 1489 tum
2269 1435 2321 1488 in
2353 1433 2726 1504 superioribus
2768 1441 2883 1487 tum
2926 1433 2982 1488 in
3029 1433 3380 1493 inferioribus
3410 1438 3490 1492 nil

233 1519 420 1574 λιστοῦ
471 1523 702 1594 πρόσθεν
744 1525 1056 1597 εἰρηκότος·
1087 1523 1272 1595 Ἦραν
1318 1524 1432 1583 οὖν
1463 1529 1673 1596 λίθους
1716 1531 1793 1584 ῖνι

1915 1527 2024 1582 tale
2041 1525 2407 1597 praecessisse,
2426 1532 2483 1579 ut
2500 1523 2690 1595 probet
2701 1539 2793 1580 eos
2811 1522 2995 1588 verba,
3019 1523 3114 1578 sed
3127 1539 3237 1579 non
3254 1523 3484 1594 lapides,

221 1613 509 1677 ,βάλωσιν
530 1615 623 1668 ἐπ’
654 1617 858 1671 αὐτόν.
891 1618 977 1682 Ὡς
1001 1619 1057 1672 δὲ
1081 1619 1254 1674 ταῦτα
1284 1621 1631 1694 προῦγραφεν
1655 1625 1712 1677 ἐν
1736 1623 1793 1694 τᾷ

1915 1615 2280 1687 assumpsisse
2316 1629 2603 1685 perperam
2651 1613 2707 1668 in
2743 1613 2925 1680 illum;
2962 1620 3016 1669 et
3044 1621 3225 1668 tamen
3255 1629 3487 1686 evange-

231 1706 436 1776 μεταξὺ
465 1707 624 1760 πέντε
650 1726 752 1762 που
777 1710 869 1764 καὶ
889 1711 1180 1783 τριάκοντα
1204 1713 1338 1787 πρὸς
1356 1717 1465 1778 τοῖς
1490 1715 1682 1770 ἑκατὸν
1708 1716 1792 1769 στί

1917 1706 2041 1761 lista
2079 1706 2234 1778 prius
2269 1705 2436 1759 dixit:
2464 1702 2717 1758 Tulerunt
2742 1704 2910 1774 igitur.
2934 1703 3134 1772 lapides
3168 1712 3224 1756 ut
3248 1703 3488 1773 jacerent

227 1774 361 1867 χους
399 1798 661 1869 ύπερϐἀςς
709 1774 958 1872 ἐπιφέρει
997 1774 1672 1872 προσθείςδὲϐάστασαν
1697 1801 1793 1860 οὖν

1913 1796 1966 1850 in
1993 1774 2145 1850 illum
2170 1796 2234 1847 ⁸⁸.
2294 1794 2424 1862 Quae
2452 1795 2542 1850 ubi
2577 1794 2908 1866 scripsisset,
2941 1802 3159 1850 centum
3182 1802 3237 1851 et
3265 1795 3487 1867 triginta

223 1893 286 1944 οἱ
321 1891 586 1946 Ἰουδαῖοι
626 1893 837 1959 λίθους
877 1895 977 1948 ἵνα
1027 1896 1360 1950 λιθάσωσιν
1402 1887 1605 1951 αὖτ’όν.
1651 1897 1793 1952 Ἀλλὲ

1911 1889 2151 1961 quinque
2183 1887 2468 1944 versiculis
2493 1887 2791 1958 interjectis
2812 1927 2827 1953 ,
2874 1887 3056 1943 subdit
3089 1905 3102 1944 :
3144 1886 3487 1944 Sustulerunt

217 1981 402 2035 ταῦτα
433 1983 530 2054 μὲν
561 1982 757 2048 διττοῖς
800 1984 1212 2056 ἀναγέγραπται
1251 1988 1488 2058 χωρίοις,
1533 1989 1590 2041 ἐν
1626 1989 1793 2059 διαφό

1909 1984 2085 2054 itaque
2131 1981 2311 2037 Judwi
2360 1981 2558 2050 lapides
2606 1992 2663 2034 ut
2695 1979 2998 2049 lapidarent,
3022 1976 3196 2050 ipsum
3241 1981 3308 2038 “.
3358 1980 3485 2037 Haec

221 2089 342 2144 ροις
367 2074 423 2127 δὲ
453 2074 697 2144 φαίνεται
723 2078 1084 2148 πεπραγμένα
1109 2081 1318 2149 καιροῖς
1355 2079 1462 2132 ἀπὸ
1485 2079 1578 2133 τοῦ
1608 2080 1684 2152 μὴ
1709 2081 1793 2145 τὰς

1907 2073 2126 2145 quidem
2155 2073 2357 2143 duplici
2381 2074 2500 2128 loco
2523 2073 2795 2143 descripta
2811 2080 2962 2139 sunt,
2982 2072 3325 2144 diversisque
3345 2080 3484 2130 tem-

218 2165 396 2230 αὐτὰς
426 2166 570 2237 ἔχειν
615 2167 722 2222 τῶν
769 2169 1028 2240 ῥημάτων
1077 2169 1376 2234 ἐπιπλοκὰς
1428 2171 1461 2242 ἢ
1511 2171 1802 2241 συζυγίαςο

214 2258 334 2312 ἀλλ’
370 2258 669 2329 Ὧριγένης.
715 2262 744 2313 ὁ
787 2260 965 2324 πάσας
1007 2261 1249 2332 οἰόμενος
1291 2262 1489 2316 εἰδέναι
1525 2262 1624 2327 τὰς
1665 2263 1706 2316 Γ
1710 2282 1806 2336 ρα-

216 2348 348 2417 φάς,
376 2350 476 2403 οὐκ
517 2351 723 2420 ἀνέγνω
755 2351 910 2405 τοῦτο
943 2351 1037 2405 καὶ
1078 2351 1252 2406 ταῦτα
1291 2353 1517 2426 γράφων
1564 2353 1640 2419 ὡς
1683 2354 1804 2408 ὅλον

211 2442 355 2513 ὁμοῦ
385 2442 446 2495 τὸ
472 2443 798 2513 Εὖαγγέλιον
827 2445 920 2498 ἐπὶ
950 2445 1167 2510 λέξεως.

285 2619 452 2677 XXII.
486 2621 550 2677 Εἰ
575 2622 631 2677 δέ
659 2641 742 2687 τις
764 2623 1132 2695 ὑπολαμϐάνει
1154 2622 1329 2678 ταῦτα
1353 2623 1606 2679 πλάττειν
1629 2625 1793 2697 ἡμᾶς,

209 2716 406 2780 αὐταῖς
421 2719 540 2780 ταῖς
561 2717 942 2786 εύαγγελικαῖς
965 2718 1202 2788 ἐντυχὼν
1230 2719 1554 2788 ἀποφάσεσι,
1573 2719 1666 2772 καὶ
1688 2721 1798 2782 τοῖς

207 2808 594 2879 ὲμπονηθεῖσιν
615 2809 762 2880 αὐτῷ
786 2811 913 2882 περὶ
935 2810 1092 2866 τοῦτο
1120 2811 1544 2883 σπουδάσμασιν,
1575 2812 1797 2884 εὑρήσει

209 2899 383 2970 μηδὲν
401 2903 547 2973 ἡμᾶς
570 2902 849 2974 εἰρηκέναι
871 2902 1085 2973 ψευδές.
1120 2903 1280 2958 Ἀλλὰ
1304 2923 1355 2959 τι
1375 2906 1454 2959 δεῖ
1486 2906 1797 2979 περαιτέρω

203 2991 426 3060 λέγειν;
465 2994 714 3048 Ἂπαντα
741 2994 860 3066 μὲν,
891 2994 968 3059 ὡς
992 2995 1120 3060 ἔπος
1147 2998 1340 3064 εἰπεῖν,
1371 2999 1436 3051 ὲκ
1457 2997 1565 3052 τῶν
1594 2997 1794 3068 ὀνομά-

200 3100 319 3137 των
348 3085 684 3158 ἀλληγορῶν,
709 3087 924 3161 ἀναιρεῖ
957 3089 1056 3154 τὰς
1078 3091 1187 3144 τῶν
1225 3090 1565 3161 πραγμάτων
1603 3091 1795 3144 ύποθέ-
1821 3124 1865 3184 C

202 3193 346 3241 σεις,
379 3177 502 3230 ούδὲ
538 3177 693 3232 τοῦτο
729 3180 947 3245 ἐννοῶν,
980 3181 1061 3235 ὅτι
1092 3181 1284 3237 πολλαὶ
1332 3183 1432 3254 μέν
1471 3187 1606 3238 εἰσιν
1649 3185 1794 3254 ὁμω-

199 3271 403 3340 νυμίαι-
427 3270 650 3325 δικαίων
682 3271 763 3343 ηδ’
794 3273 1015 3338 ἀδίκων,
1049 3274 1150 3336 οὐχ
1191 3273 1302 3330 οἷόν
1342 3295 1402 3330 τε
1432 3276 1500 3346 ζδὲ
1534 3277 1632 3342 τὰς
1665 3278 1791 3331 ἀνο-

201 3362 396 3433 μοίους
424 3363 518 3417 τοῦ
546 3363 663 3434 βίου
710 3364 982 3430 πολιτείας
1019 3367 1086 3421 ἐκ
1109 3366 1203 3421 τοῦ
1244 3368 1361 3433 ἑνὸς
1382 3369 1643 3434 ὡσαύτως
1675 3370 1792 3423 όνό-

203 3471 379 3524 ματος
412 3455 718 3526 κρίνεσθαι’
762 3455 878 3510 ἔστι
911 3456 1042 3527 γοῦν
1092 3457 1289 3523 Ἰούδας
1321 3461 1350 3512 ὁ
1379 3460 1664 3532 προδότης,
1695 3461 1790 3515 καὶ

199 3545 433 3618 θάτερος
470 3547 668 3612 Ἰούδας
705 3549 1028 3615 ἀπόστολος·
1087 3550 1119 3623 ἢ
1169 3545 1237 3605 αὖ
1299 3552 1459 3606 πάλιν
1517 3553 1789 3624 Ζαχαρίας

195 3634 538 3700 ἀδικώτατος
585 3637 857 3708 βασιλεὺς,
901 3642 995 3694 καὶ
1042 3641 1320 3714 Ζαχαρίας
1353 3642 1540 3714 ἕτερος
1579 3645 1608 3697 ὁ
1652 3662 1788 3716 προ-

197 3728 401 3798 φήτης.
444 3729 516 3781 Ού
546 3728 650 3800 μὴν
675 3730 808 3784 ἀλλὰ
837 3733 928 3785 καὶ
961 3734 989 3786 ὁ
1019 3732 1234 3804 βληθεὶς
1266 3735 1324 3787 ἐν
1351 3737 1414 3807 τῇ
1455 3736 1668 3808 καμίνῳ
1693 3738 1786 3792 τοῦ

196 3820 375 3892 πυρὸς
411 3819 653 3886 Ἀνανίας
673 3839 686 3852 ο
715 3821 909 3877 ἔστιδὲ
954 3825 1105 3896 παρά
1128 3824 1314 3878 τοῦτον
1349 3825 1506 3889 ἄλλος
1540 3827 1786 3891 Ἀνανίας

194 3914 226 3968 ὁ
260 3910 474 3967 διώκων
520 3915 619 3986 μὲν
661 3913 758 3986 τὴν
803 3915 1128 3988 Ἐκκλησίαν
1169 3917 1288 3970 ἀντὶ
1340 3917 1433 3972 τοῦ
1473 3917 1782 3985 διώκεσθαι,

196 4002 554 4074 προστάττων
609 4003 666 4057 δὲ
707 4005 1005 4059 τύπτεσθαι
1055 4006 1149 4060 τὸν
1187 4008 1540 4075 Ἀπόστολον,
1597 4004 1642 4078 ᾧ
1692 4012 1785 4065 καὶ

195 4096 530 4167 καταντικρὺ
559 4097 695 4168 πρὸς
721 4095 849 4162 ἔπος
885 4099 914 4151 ὁ
962 4097 1174 4163 Παῦλος
1208 4101 1637 4171 ἀντεφθέγξατοο
1673 4089 1784 4156 ’Τύ-

193 4201 372 4242 πτειν
408 4204 481 4244 σε
503 4189 714 4260 μέλλει
758 4193 791 4244 ὁ
825 4189 989 4258 Θεὸς,
1022 4192 1184 4262 τοῖχε
1229 4194 1614 4264 κεκονιαμένε
1632 4212 1644 4226 ·
1684 4194 1782 4250 καί

1906 2167 2130 2237 poribus
2164 2174 2316 2238 gesta
2345 2175 2626 2239 apparent,
2651 2167 2797 2236 quod
2828 2182 2946 2221 non
2982 2166 3220 2222 habeant
3252 2167 3475 2222 eosdem

1908 2259 2196 2314 verborum
2248 2275 2422 2314 nexus
2475 2258 2560 2312 vel
2591 2259 3026 2327 conjunctiones.
3062 2258 3167 2314 Sed
3213 2257 3478 2330 Origenes

1904 2352 2044 2422 ipse,
2064 2351 2159 2423 qui
2193 2367 2252 2406 se
2277 2349 2590 2422 Scripturas
2613 2366 2802 2405 omnes
2828 2359 3014 2406 tenere
3042 2353 3338 2416 existimat,
3363 2353 3477 2408 haec

1903 2444 2174 2510 scribens,
2206 2459 2315 2499 non
2335 2444 2588 2514 cognovit
2611 2450 2781 2497 totum
2814 2441 2869 2497 id
2903 2443 3179 2515 Evangelii
3211 2447 3474 2516 scriptum

1902 2536 1967 2591 ad
1998 2535 2254 2589 litteram.

1971 2625 2135 2681 XXII.
2177 2625 2348 2681 Porro
2380 2625 2426 2681 si
2455 2626 2578 2696 quis
2605 2625 2719 2681 hzec
2747 2642 2846 2684 nos
2880 2627 3137 2699 efﬁngere
3154 2628 3431 2684 existimat
3453 2668 3470 2693 ,

1900 2719 2187 2776 sententiis
2244 2719 2575 2790 evangelicis
2634 2719 2926 2791 perlectis,
2979 2720 3234 2791 illiusque
3285 2721 3341 2774 in
3378 2736 3474 2795 eas

1898 2812 2336 2876 commentariis,
2367 2812 2438 2867 ab
2483 2811 2634 2872 omni
2669 2826 2769 2866 nos
2808 2811 3140 2868 abstinuisse
3188 2810 3472 2867 mendacio

1897 2905 2213 2975 comperiet.
2243 2902 2382 2969 Quid
2414 2903 2539 2959 inde
2567 2919 2702 2974 opus
2726 2911 2811 2961 est
2843 2905 2984 2959 ultra
3016 2904 3313 2975 progredi?
3340 2901 3473 2958 Om-

1897 2994 2007 3058 nia,
2033 3002 2094 3048 ut
2140 2992 2308 3049 verbo
2346 2993 2665 3064 expediam,
2726 2995 2997 3065 allegoriis
3032 3009 3099 3050 ex
3152 2993 3470 3052 nominibus

1897 3085 2198 3155 desumptis
2225 3085 2469 3155 exponit,
2500 3101 2684 3140 rerum
2718 3095 3036 3157 argumenta
3066 3085 3133 3141 de
3157 3087 3334 3142 medio
3361 3087 3468 3142 tol-

1895 3176 1986 3244 lit;
2035 3190 2212 3246 neque
2253 3176 2386 3231 illud
2424 3178 2751 3248 percipiens,
2787 3179 2988 3233 inultas
3025 3193 3148 3234 esse
3191 3178 3468 3249 iustorum

1892 3275 1945 3322 et
1980 3268 2309 3339 injustorum
2337 3268 2558 3324 easdem
2590 3269 3063 3325 denominationes
3083 3310 3098 3336 ,
3139 3287 3317 3342 neque
3348 3271 3467 3328 ﬁeri

1892 3375 2054 3430 posse
2081 3368 2143 3416 ut
2160 3361 2387 3417 diversae
2411 3366 2533 3416 vitae
2564 3362 2806 3418 rationes
2837 3362 2905 3416 ab
2931 3377 3040 3417 uno
3069 3364 3290 3420 nomine
3310 3365 3466 3420 simi-

1891 3453 2015 3509 liter
2039 3453 2426 3524 dijudicentur.
2448 3453 2541 3510 Est
2567 3454 2749 3525 itaque
2764 3453 2792 3508 J
2799 3455 2933 3510 udas
2950 3455 3214 3524 proditor,
3246 3465 3302 3512 et
3327 3457 3464 3512 alter

1888 3543 2058 3602 Judas
2087 3547 2397 3616 apostolus;
2434 3545 2520 3601 vel
2558 3561 2800 3614 rursum,
2837 3544 3129 3602 Zacharias
3158 3561 3255 3602 rex
3317 3547 3462 3616 inju-

1889 3638 2185 3704 stissimus,
2218 3645 2271 3694 et
2306 3636 2600 3692 Zacharias
2642 3638 2778 3692 alter
2818 3637 3101 3708 propheta.
3150 3636 3219 3691 Et
3266 3639 3359 3708 qui
3403 3638 3462 3694 in

1888 3731 2164 3786 fornacem
2214 3729 2356 3800 ignis
2401 3729 2636 3798 injectus
2665 3737 2786 3794 est,
2829 3729 3073 3785 Ananias
3120 3731 3456 3800 vocabatur;

1886 3821 2022 3876 alter
2050 3827 2230 3875 autem
2257 3827 2342 3876 est
2367 3827 2563 3891 praeter
2590 3820 2736 3875 hunc
2765 3818 3005 3874 Ananias
3031 3820 3126 3889 qui
3155 3819 3460 3876 Ecelesiam

1885 3912 2332 3982 persequebatur,
2357 3926 2479 3967 cum
2514 3911 2631 3984 ipse
2665 3912 2845 3983 potius
2873 3913 3310 3981 persecutionem
3343 3913 3458 3984 pati

1883 4003 2185 4070 debuisset,
2223 4005 2629 4075 imperabatque
2660 4012 2722 4059 ut
2754 4003 2939 4075 ﬂagris
2967 4005 3267 4060 caederetur
3307 4007 3456 4076 Apo-

1852 4136 1859 4144 .
1884 4098 2080 4160 stolus,
2117 4097 2204 4152 cui
2235 4097 2290 4150 in
2312 4097 2506 4151 faciem
2539 4095 2606 4151 ad
2635 4096 2863 4151 verbum
2888 4095 3092 4152 Paulus
3120 4098 3200 4152 sic
3224 4112 3457 4166 respon-

1882 4187 1961 4241 dit
1996 4205 2008 4240 :
2041 4185 2401 4240 Percussurus
2433 4196 2510 4240 est
2545 4194 2592 4240 te
2625 4184 2785 4250 Deus,
2820 4202 2970 4240 mure
3003 4186 3265 4241 dealbate.
3297 4185 3367 4240 Et
3397 4197 3455 4241 tu

1882 4279 2028 4335 sedes
2051 4290 2099 4334 et
2119 4279 2335 4350 judicas
2363 4296 2442 4334 me
2471 4280 2756 4335 secundum
2786 4282 2968 4353 legem,
3004 4288 3055 4335 et
3092 4288 3274 4335 contra
3319 4283 3453 4352 leges

192 4277 277 4332 σὺ
305 4277 461 4349 κάθῃ
490 4280 686 4348 κρῖναι
711 4298 789 4350 με
819 4284 969 4352 μετὰ
1004 4282 1112 4337 τὸν
1151 4285 1360 4355 νόμον,
1392 4285 1491 4340 καὶ
1519 4300 1779 4356 παρανο-

188 4369 325 4438 μῶν
345 4387 423 4439 με
446 4372 713 4439 κελεύεις
739 4374 1061 4428 τύπτεσθαι
1081 4390 1102 4438 ;
1133 4374 1430 4448 Τοιγαροῦν
1471 4376 1628 4449 εἴπερ
1665 4378 1781 4432 όνό-

1897 4391 1959 4427 ne
1976 4373 2132 4443 jubes
2153 4375 2355 4444 percuti
2389 4374 2475 4427 ⁶⁶⁶ἰ
2507 4372 2675 4444 Igitur
2703 4376 2748 4432 si
2776 4375 2998 4430 nomine
3044 4391 3137 4432 res
3182 4375 3312 4444 ipsa:
3338 4375 3456 4430 dis-

195 4479 330 4532 ματι
379 4463 447 4518 τὰ
495 4464 797 4537 πράγματα
844 4467 1119 4539 κρίνεται,
1181 4467 1488 4538 λεγέτωσαν
1555 4471 1605 4526 οἱ
1658 4474 1776 4535 ταῖς

1897 4476 2201 4533 :ernuntur,
2236 4468 2328 4538 qui
2349 4469 2620 4525 similibus
2648 4470 2967 4540 tropologiis
2994 4469 3336 4532 incumbunt,
3366 4468 3451 4523 di-

191 4553 469 4619 τοιαύταις
506 4557 902 4629 ὲπερειδόμενοι
940 4559 1346 4631 τροπολογίαις,
1371 4561 1529 4632 ὁποίᾳ
1567 4561 1772 4634 μεθόδῳ

1897 4565 2005 4612 :ant
2029 4573 2134 4628 qua
2174 4559 2428 4614 methodo
2457 4558 2700 4616 diversas
2724 4561 2982 4615 scientias
3007 4567 3098 4614 aut
3128 4559 3251 4626 vitae
3282 4559 3452 4615 ratio-

190 4645 290 4710 τὰς
315 4647 600 4717 ἀνομοίους
633 4649 940 4722 ἐπιστήμας
976 4651 1010 4722 ἦ
1055 4651 1339 4705 πολιτειῶν
1385 4652 1675 4721 ἀναγωγὰς
1707 4656 1772 4708 ὲκ

1897 4663 1975 4704 ιοε
2002 4664 2066 4704 ex
2109 4651 2298 4706 eodem
2329 4651 2549 4707 nomine
2589 4654 2878 4723 explicant.
2929 4653 3079 4707 Multi
3129 4651 3338 4707 scilicet
3391 4653 3448 4707 in

191 4737 292 4808 τῆς
323 4739 638 4812 ὁμωνυμίας
669 4742 910 4808 ἀξιοῦσιν
949 4743 1292 4816 ἑρμηνεύειν.
1333 4745 1546 4816 Ἀμέλει
1586 4745 1769 4799 πολλοὶ

1897 4757 2021 4797 nunc
2049 4742 2190 4798 diem
2225 4744 2630 4814 progenitorum
2666 4752 2759 4799 aut
2788 4746 3176 4816 prophetarum
3209 4744 3448 4798 nomini-

193 4830 292 4898 μὲν
315 4830 396 4885 ἔτι
425 4834 518 4886 καὶ
547 4835 782 4907 τήμερον
814 4836 1050 4892 Ἰουδαῖοι
1087 4839 1443 4911 προπατόρων
1487 4838 1520 4910 ἢ
1557 4855 1768 4911 προφη-

1897 4849 1979 4889 ιιιε
2034 4835 2277 4906 insigniti
2318 4835 2489 4892 Judaei
2531 4837 2622 4908 jus
2665 4839 2871 4893 violant
2916 4847 2969 4894 et
3027 4839 3189 4909 impie
3219 4838 3442 4904 vivunt;

188 4918 297 4974 τῶν
331 4921 568 4993 ὀνόματα
611 4924 923 4997 βαλλόμενοι
955 4927 1152 5000 δρῶσιν
1189 4929 1450 4994 ἀθέμιτα·
1501 4929 1684 4982 πολλοὶ
1709 4930 1765 4984 δὲ

1897 4927 2030 4982 ιιιιίῑὶ
2055 4928 2181 4982 item
2212 4935 2266 4984 et
2294 4929 2434 5000 apud
2455 4937 2643 5000 gentes
2669 4929 2816 4986 Petri
2846 4939 2900 4986 et
2930 4929 3083 4985 Pauli
3120 4929 3441 5000 nuncupati,

189 5011 282 5064 καὶ
305 5016 432 5085 παρ’
461 5015 682 5087 Ἕλλησι
703 5018 897 5090 Πέτροι
931 5021 1024 5074 καὶ
1044 5020 1243 5075 Παῦλοι
1263 5021 1581 5092 καλούμενοι
1601 5021 1766 5094 πράτ-

1897 5021 2076 5076 nefarie
2105 5037 2216 5077 rem
2246 5037 2398 5078 suam
2430 5030 2642 5093 gerunt.
2669 5022 2853 5094 Itaque
2881 5023 3108 5078 futilitas
3141 5022 3444 5091 levitasque

187 5119 372 5159 τουσιν
411 5107 702 5178 ἀνήκεστα.
743 5111 823 5164 Τὰ
867 5112 967 5182 μὲν
989 5115 1165 5168 τοίνυν
1196 5114 1433 5168 ὑπόκενα
1457 5113 1564 5167 τῶν
1590 5113 1764 5184 λόγων

1897 5128 2187 5168 μειοιῐιοιιυιιι
2205 5112 2452 5183 Origenis
2474 5129 2580 5167 non
2603 5115 2786 5168 minus
2807 5129 2904 5184 per
2929 5114 3068 5168 hanc
3086 5113 3442 5183 vaniloquen-

200 5188 506 5263 Ὠριγένους
537 5196 634 5268 οὐχ
666 5197 863 5268 ἥκιστα
897 5200 988 5254 καὶ
1021 5203 1108 5258 διὰ
1142 5203 1242 5274 τῆς
1268 5205 1522 5276 τοιαύτης
1551 5204 1782 5268 ἁλίσκε-,

1897 5204 2000 5258 iam
2024 5203 2465 5274 deprehenditur.
2489 5204 2619 5276 Quae
2650 5221 2814 5276 porro
2837 5207 3255 5264 resurrectionis
3274 5221 3440 5260 causa

188 5293 276 5332 ται
314 5283 666 5353 κουφολογίας
687 5305 700 5317 ·
745 5290 845 5342 ὅσα
879 5289 936 5344 δὲ
964 5292 1062 5363 τῆς
1092 5294 1439 5360 ἀναστάσεως
1473 5297 1636 5352 ἕνεκα
1662 5315 1760 5351 κα-

1897 5299 2012 5355 nale
2034 5300 2278 5355 sentiens
2310 5299 2559 5364 intrudit,
2583 5301 2863 5370 publicare
2886 5317 2993 5356 non
3032 5308 3117 5356 est
3156 5303 3440 5371 przesentis

188 5371 418 5438 κοδόξως
453 5377 772 5449 εἰσηγεῖται,
802 5381 1036 5454 δηλῶσαι
1082 5385 1182 5456 μὲν
1224 5388 1317 5441 ἐπὶ
1362 5387 1454 5442 τοῦ
1493 5390 1758 5461 παρόντος

1897 5393 2092 5466 iegatii.
2132 5393 2446 5453 Methodius
2478 5396 2625 5453 enim
2657 5404 2861 5454 sancte
2909 5395 3185 5452 memoria:
3216 5396 3270 5451 in
3304 5394 3440 5452 illud

261 5551 308 5583 “
331 5549 494 5608 Ῑοαιι.
520 5569 639 5620 vm,
667 5555 756 5613 59.
841 5558 888 5591 ⁸⁵
915 5558 1078 5617 Joan.
1109 5578 1166 5629 ι,
1198 5565 1286 5622 51.
1360 5566 1405 5599 ⁸⁸
1425 5565 1546 5622 Act.
1579 5585 1742 5636 mu,
1772 5569 1827 5626 3.

255 5731 367 5803 (Π)
405 5735 866 5803 Ἀκρίτωςᾜονιε
898 5741 1179 5811 ὲκκρίτως.
