3850 6160
433 353 540 409 659

1383 348 1441 404 S.
1483 347 1852 404 EUS'I'ATHII
1891 345 2197 404 EPISCOPI
2231 343 2648 403 ANTIOCHENI

3571 341 3686 398 660

435 468 721 542 quaesitum
759 469 894 524 satis
923 465 1138 523 abunde
1181 465 1422 537 scripsit,
1449 476 1739 538 aperteque
1765 468 1995 523 ostendit

2101 467 2198 536 οὐχ
2223 460 2333 518 οἷόν
2365 481 2442 517 τε.
2472 463 2722 526 Μεθόδιος
2754 459 2860 534 γὰρ
2899 461 2928 514 ό
2957 460 3058 530 τῆς
3085 459 3244 528 άγίας
3273 458 3421 526 ἄξιος
3460 455 3687 529 μνήμης

435 562 580 633 quod
606 561 853 617 hmresim
883 559 1258 615 affectantibus
1293 573 1481 614 ansam
1531 558 1820 628 praebuerit
1861 561 2001 615 male

436 653 724 717 sentiendi,
758 652 813 706 in
841 650 1042 722 specie,
1068 665 1178 704 non
1223 650 1342 720 ipso
1383 664 1611 720 corpore
1645 651 2003 707 resurrectio-

434 763 557 801 nem
588 745 704 801 ﬁeri
742 743 1129 800 determinans.
1154 742 1334 812 Ipsum
1364 758 1493 797 vero
1521 743 1796 814 allegoriis
1820 743 2002 799 omnia

434 837 724 894 invertisse
744 876 759 902 ,
810 851 1095 906 pravisque
1145 834 1419 906 opinionis
1450 835 1649 905 ubique
1679 837 1888 890 semina
1917 835 2002 891 in-

433 929 691 1000 gessisse,
723 927 882 982 facile
911 927 1135 997 cognitu
1190 935 1307 994 est;
1357 926 1662 998 saepiusque
1705 927 1831 982 hinc
1876 927 2002 984 inde

431 1021 620 1077 eadem
652 1021 1016 1076 revolventem
1050 1033 1115 1074 ac
1166 1026 1499 1090 repetentem
1524 1059 1539 1085 ,
1593 1027 1766 1074 totum
1813 1020 2001 1076 orbem

430 1111 720 1168 immodica
751 1127 998 1182 vanaque
1049 1111 1330 1181 loquentia
1361 1111 1636 1182 implesse.
1695 1111 1808 1167 Hac
1859 1113 2001 1169 dun-

430 1213 578 1258 taxat
602 1203 859 1258 methodo
886 1219 951 1258 ex
985 1217 1136 1258 more
1169 1204 1353 1258 omnia
1383 1203 1586 1274 ubique
1613 1203 1885 1274 allegoriis
1914 1205 2002 1260 in-

427 1291 686 1359 ferciens,
712 1301 922 1348 tantum
944 1293 1370 1365 Engastrimythi
1401 1294 1562 1349 verba
1589 1294 1816 1366 ﬁgurate
1841 1295 2005 1351 extri-

427 1399 555 1440 care
578 1400 687 1440 non
715 1386 909 1454 potuit,
942 1401 1120 1455 neque
1148 1385 1265 1456 ipsa
1287 1401 1472 1440 rerum
1503 1395 1780 1457 gestarum
1807 1402 2002 1444 conse-

425 1477 650 1546 quentia
680 1477 738 1533 in
768 1477 945 1532 lucem
972 1478 1218 1532 veritatis
1253 1478 1518 1547 proferre.

497 1566 685 1622 XXIII.
727 1567 868 1633 Quid
919 1577 1176 1639 przeterca
1209 1571 1388 1623 attulit
1429 1570 1689 1640 religione
1721 1572 1826 1628 sibi
1871 1573 2002 1628 sub-

424 1658 659 1730 terfugia
691 1660 940 1730 ﬁngens?
972 1659 1105 1716 Cum
1131 1669 1406 1731 spectrum
1441 1661 1590 1716 Sauli
1613 1663 1818 1720 dixisse
1849 1665 2001 1719 vide-

426 1761 579 1804 retur
608 1768 621 1804 :
657 1747 942 1803 Abscindet
966 1747 1222 1803 Dominus
1248 1767 1461 1820 regnum
1489 1749 1552 1804 de
1588 1767 1750 1805 manu
1798 1761 1889 1805 tua
1914 1753 1956 1782 "
1982 1767 1998 1816 ;

2101 557 2334 629 ἔγραψεν
2363 557 2725 626 ἀποχρώντως
2753 555 2833 617 εἰς
2861 554 2976 607 τόδε
3016 553 3078 606 τὸ
3123 552 3403 623 θεώρημα,
3447 551 3544 604 καὶ
3581 550 3688 603 διέ-

2098 647 2238 713 δειξέ
2266 663 2329 715 γε
2359 647 2575 716 φανδὸν,
2607 647 2687 699 ὅτι
2725 648 2837 707 τοῖς
2876 642 3221 714 αἱρεσιώταις
3257 643 3422 696 ἔδωκε
3446 641 3688 712 πάροδον

2100 739 2340 803 ἀϐούλως
2367 739 2459 793 ἐπὶ
2483 739 2674 802 εἴδους,
2715 737 2830 791 ἀλλ’
2855 738 2954 790 οὐκ
2990 737 3082 788 ἐπὶ
3111 735 3356 806 σώματος
3383 732 3549 787 αὑτοῦ
3581 733 3686 804 τὴν

2101 830 2392 885 ἀνάστασιν
2434 828 2776 902 ὁρισάμενος.
2805 825 2950 878 Ἀλλ’
2985 826 3067 878 ὅτι
3108 825 3204 895 μὲν
3240 824 3452 878 ἅπαντα
3484 839 3687 894 τροπο-

2100 921 2308 990 λογίαις
2351 919 2612 992 ἀνέτρεψε
2636 959 2650 984 ,
2693 918 2787 971 καὶ
2809 917 2877 970 τά
2922 918 3021 988 τῆς
3061 916 3374 982 κακοδοξίας
3429 915 3686 986 ἔσπειρεν

2103 1012 2402 1083 ἑκασταχοῦ
2440 1012 2749 1084 σπέρματα,
2785 1008 2912 1080 ῥᾷόν
2949 1009 3094 1062 ἐστιν
3141 1008 3296 1061 ἰδεῖν
3341 1009 3453 1062 ἄνω
3492 1007 3552 1060 δὲ
3587 1006 3688 1060 καὶ

2101 1107 2251 1160 κάτω
2280 1103 2613 1173 ταυτολογῶν
2645 1103 2928 1175 ἐπλήρωσε
2973 1103 3070 1174 τὴν
3102 1101 3421 1172 οἰκουμένην
3457 1101 3687 1172 ἀμέτρῳ

2102 1179 2357 1270 φλυαρίᾳ.
2423 1196 2656 1267 Τοιαύτη
2712 1195 2768 1248 δὲ
2825 1195 3029 1266 μεθόδῳ
3080 1194 3318 1265 συνήθως
3368 1192 3688 1264 άλληγορῶν

2102 1291 2314 1344 ἅπαντα
2348 1287 2653 1357 πανταχῶς,
2682 1289 2780 1358 οὐχ
2811 1282 2919 1350 οἷός
2948 1303 3008 1340 τε
3041 1286 3255 1354 ἐγένετο
3289 1285 3356 1338 τὰ
3391 1286 3492 1354 τῆς
3525 1286 3690 1353 ἐγγα-

2087 1380 2398 1454 ,στριμύθου
2454 1379 2853 1452 τροπολογῆσαι
2901 1381 3118 1452 ῥήματα
3173 1378 3352 1448 μόνον,
3403 1377 3514 1430 οὐδ’
3552 1376 3688 1430 αὐτὸ

2103 1471 2289 1541 σαφῶς
2311 1469 2370 1536 ἐξ
2399 1470 2568 1539 αὐτῆς
2596 1469 2877 1542 ἱστορῆσαι
2903 1469 3000 1538 τῆς
3029 1465 3362 1529 ἀκολουθίας.

2170 1586 2358 1642 XXIII.
2392 1587 2550 1641 Ἀλλὰ
2588 1585 2639 1640 τί
2684 1585 2819 1656 πρὸς
2851 1584 2941 1638 ἐπὶ
2981 1583 3188 1646 τούτοις
3219 1581 3510 1652 εἰσήγαγεν
3549 1579 3686 1646 ἀφο-

2101 1681 2284 1736 σιώσει
2317 1679 2681 1749 πλαττόμενος
2711 1675 3027 1746 ἀποφυγάς;
3072 1673 3394 1749 Ἐπειδήπερ
3423 1671 3600 1724 ἐδόκει
3626 1668 3688 1722 τὸ

2103 1771 2295 1842 φάσμα
2318 1769 2396 1840 τῷ
2425 1745 2594 1822 Σαοὺλ
2627 1767 2923 1838 εἰρηκέναιο
2961 1745 3270 1833 Διαρῤἦξει
3312 1764 3528 1830 Κύριος
3571 1759 3689 1828 τήν

427 1840 515 1896 his
539 1841 890 1910 probabiliter
919 1840 1109 1896 dicens
1166 1841 1490 1908 subintulit,
1543 1859 1657 1898 non
1696 1859 1833 1915 epus
1873 1861 1995 1903 esse

2099 1840 2421 1928 ,ϐασιλείαν
2445 1861 2513 1914 ἐκ
2546 1860 2744 1930 χειρός
2777 1874 2913 1922 σου,
2942 1857 3078 1930 πρὸς
3111 1857 3283 1909 ταῦτα
3316 1850 3688 1919 πιθαωλογῶν

427 1930 734 2002 intelligere
763 1930 1086 1988 daemonium
1120 1933 1187 1988 de
1222 1948 1388 2004 regno
1409 1933 1774 1990 Israelitarum
1807 1935 2001 1991 vatici-

426 2031 617 2078 natum
641 2023 829 2080 fuisse.
859 2023 978 2079 Jam
1005 2025 1256 2096 superius
1279 2026 1593 2082 dicebamus
1619 2028 1782 2083 verba
1809 2028 1878 2084 ab
1904 2027 2003 2084 Sa-

426 2115 604 2170 muele
661 2117 872 2186 prolata
931 2117 1229 2172 daemonem
1284 2117 1607 2173 suﬂ'uratum
1667 2119 1872 2184 fuisse,
1943 2128 2002 2175 ut

426 2214 641 2263 amente
668 2208 830 2265 Saule
860 2208 1083 2279 decepto
1109 2225 1175 2264 ex
1212 2211 1444 2280 propriis
1474 2226 1784 2266 sermonem
1814 2219 2001 2267 texere

424 2298 722 2354 videretur.
771 2298 842 2352 At
883 2299 972 2354 hic
1018 2299 1238 2354 simulat
1267 2300 1472 2356 similes
1521 2301 1722 2356 diaboli
1768 2313 1999 2358 conatus

425 2405 540 2446 non
572 2390 774 2446 habere
803 2401 1128 2461 compertos.
1162 2389 1231 2446 Ut
1258 2407 1386 2463 ergo
1409 2393 1691 2448 vaticinari
1714 2393 2000 2450 videbatur

427 2478 698 2535 dementis
730 2495 943 2548 regnum
972 2479 1407 2546 abscindendum,
1433 2490 1562 2536 tunc
1604 2483 1850 2554 adjunxit
1882 2504 1893 2538 :
1928 2485 1998 2538 Et

423 2571 574 2627 dabit
604 2573 739 2627 illud
769 2575 1008 2649 prosimo
1047 2584 1134 2628 tuo
1164 2575 1352 2630 David.
1383 2577 1450 2629 At
1476 2577 1778 2647 polyhistor
1810 2577 2000 2649 Orige-

424 2682 526 2721 nes
555 2667 643 2721 hic
672 2676 852 2723 motus
875 2647 1011 2723 dixit
1048 2687 1060 2722 :
1091 2666 1425 2722 Dtemonium
1457 2684 1562 2723 non
1605 2677 1781 2740 potest
1831 2686 1998 2740 agno-

427 2774 580 2814 scere
635 2775 862 2829 regnum
892 2759 1061 2813 David
1090 2758 1277 2814 divino
1326 2759 1583 2831 suffragio
1639 2762 1995 2818 destinatum.

427 2849 557 2905 Mihi
588 2866 716 2907 vero
744 2851 832 2906 hic
871 2852 1062 2906 subest
1092 2852 1399 2919 admiratio,
1434 2867 1669 2922 quonam
1718 2854 1809 2908 hic
1838 2862 1997 2924 pacto

427 2941 573 3013 apud
606 2946 790 3013 plures
821 2943 940 2998 sani
969 2944 1185 2999 consilii
1215 2943 1463 3013 gloriam,
1490 2959 1554 3000 ac
1583 2945 1628 3001 si
1654 2946 1892 3015 prudens
1921 2948 1996 3002 si-

426 3034 540 3087 mul
560 3033 616 3088 εἰ
646 3034 700 3087 in
742 3035 1022 3089 sententiis
1047 3032 1283 3088 ferendis
1319 3035 1558 3103 optimus
1581 3043 1745 3100 esset,
1773 3051 1996 3091 assecu-

427 3131 516 3178 tus
549 3125 639 3180 sit.
680 3123 848 3195 Igitur
901 3124 948 3181 si
996 3141 1220 3196 regnum
1269 3133 1413 3180 esset
1438 3128 1765 3194 obscurum,
1813 3128 1994 3183 forsan

2103 1954 2496 2023 ἀνθυπέφερεν,
2532 1951 2607 2014 ὼς
2645 1951 2706 2004 ού
2752 1948 2926 2022 χρεὼν
2962 1948 3048 2019 εἴη
3093 1949 3253 2010 νοεῖν,
3289 1947 3368 2000 ὅτι
3410 1944 3688 2015 δαιμόνιον

2103 2043 2435 2116 προφητεύει
2484 2043 2613 2115 περὶ
2661 2041 2935 2112 βασιλείας
2977 2038 3386 2111 Ἰσραηλιτικῆς.
3431 2035 3572 2106 Ἤδη
3628 2035 3686 2087 δὲ

2100 2138 2196 2191 καὶ
2229 2135 2460 2208 πρόσθεν
2489 2135 2695 2206 ἔφαμεν
2741 2135 2823 2186 ὅτι
2863 2131 3034 2187 ταῦτα
3079 2131 3146 2184 τὰ
3188 2131 3409 2200 ῥήματα
3451 2127 3532 2198 τῷ
3576 2127 3686 2179 Σατ-

2105 2228 2275 2300 μουὴλ
2315 2228 2579 2300 εἰρημένα
2620 2225 2853 2297 πρόσθεν
2893 2223 3114 2292 ἔκλεψεν
3153 2225 3182 2276 ό
3213 2220 3440 2292 δαίμων,
3483 2221 3572 2272 ἵνα
3619 2219 3683 2290 δὴ

2099 2321 2190 2374 τὸν
2243 2321 2480 2391 ἔκφρονα
2525 2318 2697 2372 Σαοὺλ
2759 2316 3104 2386 ἐξαπατήσας
3152 2313 3258 2366 [δια
3298 2312 3423 2382 δόξῃ
3480 2311 3682 2378 λέγειν.

2113 2413 2252 2467 Ἀλλ’
2277 2406 2430 2476 οὗτος
2467 2412 2529 2463 οὐ
2558 2410 2932 2481 προσποιεῖται
2974 2405 3045 2460 τὰ
3084 2405 3261 2460 τοιάδε
3299 2403 3392 2457 τού
3434 2402 3683 2456 διαϐόλου

2099 2505 2350 2578 δράματα
2398 2502 2714 2573 γινώσκειν·
2774 2503 2850 2564 ὡς
2897 2499 2990 2554 οὖν
3036 2499 3206 2553 ἐδόκει
3252 2496 3557 2568 προλέγειν,
3598 2495 3682 2547 δτι

2099 2597 2484 2667 διαρῤαγήσοι
2525 2595 2616 2649 τοῦ
2677 2593 3033 2665 παραπλῆγος
3077 2593 3116 2660 ή
3163 2589 3483 2655 βασιλεία,
3535 2604 3682 2656 τηνι-

2099 2689 2274 2743 καῦτα
2320 2687 2648 2761 προσετίθειο
2677 2687 2784 2740 Καὶ
2813 2686 2990 2740 δώσει
3035 2684 3227 2751 αὐτὴν
3282 2682 3361 2746 τῷ
3411 2680 3680 2747 πλησίον

2099 2797 2214 2836 σου
2259 2781 2340 2846 τῷ
2388 2780 2587 2834 Δαυτὸ.
2633 2781 2688 2833 '0
2740 2779 2983 2850 μέντοιγε
3037 2776 3340 2844 πολυῒστωρ
3399 2773 3680 2844 Ὠριγένης

2097 2873 2331 2927 ἐνταῦθα
2383 2872 2621 2944 κινηθεὶς
2653 2871 2789 2941 ἔφη’
2845 2869 3126 2940 Δαιμόνιον
3157 2867 3213 2920 δὲ
3257 2865 3452 2933 λέγων,
3485 2863 3547 2916 οὐ
3589 2860 3678 2914 δύ-

2098 2984 2253 3020 ναται
2282 2965 2476 3018 εἰδέναι
2500 2964 2599 3034 τὴν
2630 2961 2903 3032 βασιλείαν
2934 2959 3096 3014 Δαυῖδ
3127 2959 3230 3011 ὑπὸ
3259 2957 3463 3029 Κυρίου
3495 2971 3673 3026 χειρο-

2095 3057 2441 3128 τονηθείσαν·
2503 3055 2618 3109 ἀλλ’
2674 3054 2862 3125 ἔμοιγε
2917 3049 3214 3123 θαυμάζειν
3265 3050 3472 3102 ἔπεισιν
3530 3050 3678 3112 ὅπως

2098 3142 2252 3212 οὗτος
2273 3148 2604 3219 ἀποφέρεται
2631 3144 2786 3212 δόξαν
2819 3146 2904 3197 ἐπ’
2937 3141 3188 3213 εὐϐουλίᾳ
3219 3142 3367 3212 παρὰ
3401 3143 3513 3202 τοῖς
3546 3140 3674 3192 πολ-

425 3228 537 3269 non
571 3214 869 3286 incongrue
917 3232 977 3271 se
1006 3215 1140 3270 illud
1188 3217 1369 3288 aliquo
1398 3218 1558 3273 modo
1589 3219 1805 3275 nescire
1833 3221 1995 3276 dissi-

2099 3192 2338 3305 loic,‘tbg
2380 3192 2602 3311 ἔμφρων
2646 3192 2762 3310 ἅμα
2798 3239 2890 3292 καὶ
2922 3192 3424 3308 γνώμηςιᾶριστος.
3468 3235 3533 3286 Ei
3580 3235 3679 3304 μὲν

424 3308 725 3363 mulasset:
759 3323 882 3362 cum
913 3323 1042 3363 vero
1081 3310 1149 3365 de
1181 3311 1274 3364 illo
1314 3319 1543 3367 testatus
1576 3312 1648 3367 sit
1675 3311 1847 3376 Deus,
1891 3312 1997 3366 Da-

424 3399 624 3469 vidque
652 3415 683 3453 a
722 3398 972 3456 Samuele
1009 3409 1206 3457 unctus
1231 3442 1247 3467 ,
1282 3411 1335 3458 et
1384 3418 1598 3473 semper
1621 3404 1677 3458 in
1707 3404 1848 3460 bello
1883 3405 1995 3475 pri-

423 3508 541 3548 mas
567 3493 765 3561 ferens,
801 3496 945 3566 regis
973 3513 1138 3567 gener
1165 3498 1236 3553 sit
1260 3498 1508 3563 eﬂ‘ectus,
1538 3498 1612 3552 ita
1637 3505 1694 3553 ut
1719 3499 1848 3554 huic
1874 3501 1997 3568 qui-

421 3586 544 3640 dem
581 3587 938 3656 tripudiantes
973 3589 1270 3660 myriadas,
1301 3589 1452 3644 Sauli
1498 3590 1760 3647 chiliadas
1794 3591 1994 3646 decan-

419 3676 621 3743 tarint;
673 3678 718 3732 si
753 3679 865 3733 ha~c
899 3687 950 3734 et
996 3679 1080 3735 his
1123 3681 1322 3736 similia
1369 3680 1815 3748 manifestarant,
1861 3682 1992 3752 quid

420 3769 617 3821 mirum
647 3778 739 3823 aut
769 3779 963 3840 praeter
991 3775 1453 3842 exspectationem
1486 3775 1621 3840 erit,
1668 3776 1715 3831 si
1764 3760 1992 3846 regnum

421 3859 606 3914 divino
665 3861 922 3933 suﬂragio
978 3879 1073 3934 per
1116 3865 1434 3934 prophetam
1474 3868 1742 3922 munitum
1779 3868 1992 3923 daemon

420 3954 782 4020 agnosceret?
807 3953 940 4007 Nam
988 3956 1033 4009 si
1065 3971 1252 4010 verum
1287 3957 1466 4013 dicere
1489 3959 1740 4024 velimus,
1769 3976 1878 4014 non
1908 3962 1991 4015 in-

419 4041 768 4112 telligendum
835 4045 984 4099 illum
1054 4049 1229 4104 solum
1304 4066 1566 4121 corporea
1620 4068 1984 4122 cognoscere,

421 4135 876 4202 quemadmodum
907 4137 1009 4192 olei
1041 4155 1194 4204 usus,
1217 4141 1374 4211 cujus
1404 4144 1596 4199 efiusio
1616 4152 1794 4202 tactus
1825 4163 1987 4202 sensu

419 4227 735 4295 percipitur.
772 4226 876 4281 Sed
908 4231 1090 4285 nullus
1116 4233 1349 4304 ambiget
1385 4235 1499 4290 haec
1533 4239 1786 4293 omnibus
1816 4241 1989 4293 mani—

419 4315 558 4369 feste
589 4317 950 4375 innotescere.
975 4321 1182 4376 Addam
1215 4340 1342 4379 vero
1365 4329 1507 4397 quod
1533 4331 1744 4385 excedit
1769 4340 1982 4386 caetera.

423 4407 481 4462 Si
503 4409 619 4463 haec
648 4412 935 4468 manifesta
965 4430 1073 4468 non
1110 4425 1313 4481 essent,
1347 4421 1620 4489 quodnam
1666 4423 1842 4492 majus
1872 4434 1984 4490 est,

419 4510 480 4555 ut
517 4503 678 4558 simul
709 4505 1086 4573 conferamus,
1131 4524 1356 4580 regnum
1389 4511 1558 4567 David
1608 4531 1704 4583 per
1752 4517 1855 4570 olei
1885 4534 1987 4571 un-
2018 4553 2066 4612 Β

419 4591 656 4647 ctionem
687 4610 1002 4664 agnoscere,
1037 4612 1104 4651 an
1145 4600 1530 4670 prophetarum
1563 4606 1770 4661 animas
1804 4607 1871 4661 ab
1900 4608 1988 4662 in-

420 4682 552 4740 feris
583 4685 880 4742 cduxisse?
924 4687 989 4741 Et
1021 4697 1200 4744 tamen
1249 4691 1377 4746 illud
1419 4694 1484 4748 de
1520 4697 1715 4765 potiori
1758 4715 1988 4768 persona

420 4787 905 4834 eommonstratum
933 4789 1034 4837 est.
1076 4781 1208 4835 Nam
1234 4798 1262 4836 a
1288 4782 1505 4840 Christo
1533 4788 1804 4844 daemones
1838 4793 1986 4856 torti,

420 4869 577 4923 inviti
621 4872 856 4926 clamant
893 4873 979 4928 his
1009 4875 1188 4928 verbis
1220 4894 1231 4928 :
1269 4874 1408 4940 Quid
1433 4877 1578 4932 nobis
1627 4889 1676 4932 et
1706 4881 1832 4949 tibi,
1873 4882 1989 4937 Fili

418 4960 562 5018 Dei?
607 4963 808 5018 Venisti
839 4977 958 5019 ante
989 4977 1188 5034 tempus
1225 4969 1395 5023 delere
1426 4988 1518 5024 nos
1549 4971 1630 5025 68?
1665 4972 1734 5026 At
1779 4976 1990 5031 animas

421 5053 492 5108 ab
521 5053 711 5109 inferis
733 5057 1015 5120 evocandi,
1033 5066 1086 5113 et
1115 5068 1290 5114 ccetus
1312 5063 1624 5132 angelorum
1649 5065 1738 5133 qui
1764 5081 1859 5134 per
1881 5081 1992 5122 cte-

418 5142 532 5197 lum
569 5146 754 5199 volant
794 5151 1042 5203 eumdem
1086 5151 1142 5204 in
1186 5153 1362 5206 locum
1397 5156 1750 5219 convocandi,
1790 5175 1846 5212 re
1875 5160 1991 5229 ipsa

419 5243 630 5290 tantum
664 5237 806 5295 Deus
849 5249 904 5296 et
950 5243 1323 5302 divinissimus
1370 5246 1490 5315 ejus
1534 5247 1704 5302 Filius
1755 5259 1993 5318 potesta-

420 5333 527 5379 tem
562 5329 742 5393 habet,
775 5341 1078 5405 praeterque
1105 5352 1198 5393 eos
1230 5341 1411 5393 nullus
1449 5341 1691 5394 omnino.
1726 5341 1781 5396 Si
1806 5343 1990 5414 itaque

421 5416 693 5477 invisibile
742 5422 835 5477 Dei
885 5440 1111 5497 regnum
1166 5442 1230 5482 ac
1275 5437 1464 5484 sancto
1504 5430 1708 5502 Spiritu
1764 5443 1986 5490 unctum

495 5577 544 5610 ⁸⁷
572 5573 598 5626 1
626 5575 751 5646 Reg.
785 5592 978 5644 xxvm,
1013 5582 1097 5638 l7.
1188 5583 1233 5616 ⁸⁸
1263 5583 1460 5642 Matth.
1499 5585 1704 5656 “11,29

497 5749 608 5819 (18)
647 5753 908 5809 Τοιαῦτα.
939 5755 1099 5813 Forte
1129 5760 1317 5815 ταῦτα.

2099 3330 2192 3386 οὖν
2224 3333 2415 3404 ἄδηλος
2437 3328 2504 3402 ῆν
2538 3333 2570 3402 ἡ
2601 3330 2863 3401 βασιλεία,
2893 3328 3018 3399 ἐξῆν
3045 3329 3109 3382 ἂν
3137 3329 3266 3390 ἴσως
3297 3327 3516 3393 ἄγνοιαν
3546 3326 3677 3378 ὑπο-

2099 3421 2376 3492 κρίνεσθαί
2404 3438 2527 3475 τινα
2551 3419 2955 3490 σκηπτόμενονο
2987 3420 3035 3472 εἰ
3069 3419 3126 3473 δὲ
3163 3417 3553 3489 μεμαρτύρητο
3579 3417 3676 3486 μὲν

2102 3515 2204 3566 ὑπὸ
2235 3513 2328 3566 τοῦ
2360 3512 2515 3576 Θεοῦ,
2550 3513 2802 3582 κέχριστο
2834 3511 2877 3564 δ’
2911 3509 3004 3564 ἐπὶ
3043 3509 3253 3570 τούτοις
3287 3509 3392 3560 ὑπὸ
3436 3507 3530 3560 τοῦ
3576 3507 3674 3558 Ea.-

2101 3603 2289 3676 μουὴλ,
2330 3603 2385 3657 έν
2429 3620 2489 3655 τε
2533 3605 2645 3666 τοῖς
2682 3602 2932 3672 πολέμοις
2970 3601 3270 3672 ἀριστεύων
3313 3599 3399 3652 ἀεὶ
3431 3598 3674 3669 γαμϐρὸς

2099 3697 2437 3750 ἀναδέδεικτο
2457 3695 2555 3748 τοῦ
2577 3695 2858 3767 βασιλέως,
2887 3693 3026 3747 ὥστε
3045 3691 3218 3763 τούτῳ
3248 3692 3343 3763 μὲν
3371 3691 3467 3754 τάς
3495 3707 3675 3761 χορευ-

2097 3788 2260 3851 ούσας
2279 3788 2542 3858 ἁναθῆναι
2565 3789 2662 3850 τὰς
2694 3785 2974 3857 μυριάδας,
3004 3782 3081 3854 τῷ
3106 3783 3163 3838 δὲ
3192 3783 3362 3837 Σαοὺλ
3385 3780 3672 3835 ἀποδοῦναι

2095 3878 2193 3942 τὰς
2215 3879 2454 3950 χιλιάδας
2473 3897 2490 3910 ·’
2531 3881 2578 3932 εί
2611 3879 2665 3932 δὲ
2687 3878 2855 3932 ταῦτα
2877 3879 2969 3931 καὶ
2998 3875 3068 3929 τά
3101 3875 3323 3929 τοιαῦτα
3350 3873 3671 3944 καθεστήκει

2099 3972 2265 4042 σαφῆ,
2287 3971 2339 4024 τί
2372 3970 2516 4035 ξένον
2544 3971 2648 4042 ἢτί
2682 3969 2980 4041 παράδοξον
3008 3964 3094 4038 ἧν,
3118 3970 3166 4020 εί
3197 3967 3292 4037 τὴν
3311 3962 3478 4020 οὖσαν
3499 3982 3672 4035 κεχει-

2099 4065 2456 4136 ροτονημένην
2481 4063 2584 4117 ὑπὸ
2609 4063 2702 4116 τού
2729 4062 2932 4134 Κυρίου
2969 4060 3056 4113 διὰ
3087 4059 3180 4112 τοῦ
3205 4061 3483 4131 προφήτου
3520 4058 3668 4128 βασι-

2094 4158 2240 4212 λείαν
2275 4157 2639 4224 ὲπεγίνωσκεν
2679 4159 2708 4209 ό
2745 4156 2982 4227 δαίμων;
3013 4157 3076 4208 Ei
3108 4153 3215 4224 γὰρ
3246 4154 3306 4205 οὑ
3339 4149 3665 4222 διανοητέον,

2095 4248 2208 4316 εἴγε
2235 4249 2316 4301 δεῖ
2339 4248 2512 4316 λέγειν
2541 4247 2600 4311 ἐξ
2623 4247 2945 4318 ὑπερϐολῆς,
2977 4248 3056 4300 ὅτι
3084 4245 3165 4326 κτὰ
3195 4244 3480 4315 σωματικὰ
3515 4243 3668 4314 μόνον

2094 4335 2252 4403 εἶδεν,
2281 4339 2355 4402 ὡς
2388 4341 2420 4410 ἡ
2455 4337 2548 4391 τοῦ
2580 4339 2756 4392 ἐλαίου
2791 4339 2982 4410 χρῆσις
3009 4335 3270 4408 αἰσθητὴν
3302 4337 3414 4406 ἔχει
3444 4336 3542 4406 τὴν
3573 4335 3669 4406 τῆς

2093 4431 2236 4501 ἁφῆς
2286 4431 2577 4502 ἐπιφοράν·
2628 4429 2761 4483 ἀλλὰ
2803 4430 2975 4483 ταῦτα
3027 4431 3124 4501 μὲν
3169 4429 3341 4492 οὐδεὶς
3387 4427 3667 4498 ἀμφιλέξει
3774 4479 3780 4483 .

2094 4519 2332 4590 πρόδηλα
2372 4518 2695 4574 καθεστάναι
2743 4522 2940 4574 πᾶσινο
2998 4521 3084 4574 ἵνα
3125 4519 3182 4572 δὲ
3226 4518 3287 4571 τὸ
3335 4515 3667 4588 ὑπερϐάλλον

2093 4611 2201 4684 ἐρῶ
2225 4612 2510 4682 προσθείς.»
2532 4615 2594 4666 Εἰ
2615 4612 2720 4683 γὰρ
2754 4613 2848 4666 καὶ
2880 4613 2952 4684 μὴ
2975 4611 3195 4665 τοιαῦτα
3223 4609 3333 4680 (18)
3363 4609 3664 4679 καθέστηκε

2093 4704 2258 4774 σαφῆ,
2289 4704 2512 4776 πότερον
2547 4705 2612 4759 ἂν
2637 4706 2718 4776 εἴη
2753 4703 2919 4775 μείζω
2949 4705 3081 4775 πρὸς
3115 4703 3397 4773 σύγκρισιν
3435 4701 3496 4753 τὸ
3528 4699 3664 4769 γνῶ.

2089 4811 2175 4846 ναι
2202 4793 2298 4865 τὴν
2325 4794 2414 4848 τοῦ
2445 4795 2604 4849 Δαυῒδ
2634 4795 2926 4866 βασιλείαν,
2953 4795 3181 4866 ἢψυχὰς
3215 4794 3272 4860 ὲξ
3302 4794 3428 4866 ᾅδου
3461 4809 3665 4865 πρινιοη·

2088 4884 2244 4948 τικὰς
2283 4886 2509 4953 άνάξαι;
2546 4889 2736 4942 Καίτοι
2771 4889 2926 4944 τοῦτο
2970 4889 3062 4942 καὶ
3100 4888 3191 4940 ἐπὶ
3224 4885 3318 4940 τοῦ
3363 4885 3662 4957 κρείττονος

2093 4980 2465 5036 ἀποδέδεικται
2489 4983 2776 5054 προσώπου
2795 5001 2808 5012 ο
2836 4984 2928 5036 καὶ
2952 4981 3060 5054 γὰρ
3087 4983 3178 5036 καὶ
3203 4981 3295 5033 ἐπὶ
3315 4980 3408 5032 τοῦ
3434 4976 3660 5050 Χριστοῦ

2095 5073 2504 5144 στρεϐλούμενοι
2529 5076 2622 5128 καὶ
2650 5075 2869 5138 ἄκοντες
2894 5074 3152 5127 ὲκϐοῶσιν
3175 5075 3221 5126 οἱ
3247 5072 3496 5141 δαίμονες
3519 5071 3661 5122 αύτο-

2093 5163 2255 5228 λεξεὶ,
2289 5165 2349 5218 Τί
2379 5165 2520 5233 ἡμῖν
2541 5165 2641 5218 καὶ
2663 5166 2782 5228 σοὶ,
2824 5165 3172 5237 κεκραγότες,
3211 5162 3305 5217 Υἱὲ
3336 5161 3442 5214 τοῦ
3486 5161 3629 5216 Θεοῦ
3641 5176 3661 5224 ;

2085 5250 2302 5321 Ἦλθε-ς
2333 5255 2444 5324 πρὸ
2483 5257 2690 5324 καιροῦ
2727 5257 3021 5310 ἀπολέσαι
3052 5254 3244 5325 ἡμᾶς
3272 5254 3344 5306 Τὸ
3393 5251 3451 5305 δὲ
3487 5251 3659 5320 ψυχὰς

2088 5345 2146 5411 ἐξ
2176 5345 2298 5416 ᾅδου
2331 5347 2800 5418 μεταπέμπεσθαι,
2832 5349 2926 5401 καὶ
2949 5347 3140 5418 χοροὺς
3167 5342 3414 5412 ἀγγέλων
3441 5343 3659 5413 ούρανο-

2088 5440 2269 5501 πετεῖς
2299 5440 2356 5492 ὲν
2395 5441 2542 5512 αὺτῷ
2576 5439 3012 5512 μετακαλεὶσθαι,
3065 5437 3221 5510 μόνος
3267 5434 3510 5502 ἐξουσίαν
3550 5433 3660 5504 ἔχει
