3850 6160
291 267 397 324 661

1207 271 1296 327 DE
1332 270 1930 330 ENGASTRIMYTHO
1961 271 2243 330 CONTRA
2273 271 2653 334 ORJGENEM.

3433 275 3542 333 662

287 382 715 478 διαπράττεσθαι
735 386 865 452 Θεὸς
891 391 982 444 καὶ
1008 392 1036 444 6
1065 391 1333 456 θειότατος
1355 393 1520 447 αὐτοῦ
1541 394 1696 458 Παῖς,
1717 393 1855 457 ἄλλος

1943 457 1947 467 _
1976 414 2336 477 agnoverunt,
2355 422 2536 463 nonne
2567 407 2740 462 multo
2771 406 2944 478 magis
2985 405 3126 462 scire
3155 414 3405 478 poterant
3451 423 3540 464 re-

283 473 347 527 δδ
392 477 486 529 καὶ
513 477 576 530 τὺ
609 480 865 550 παράπαν
910 483 1102 547 οὐδείς.
1135 485 1198 538 Ei
1231 481 1323 540 οὖν
1363 485 1460 557 τὴν
1503 485 1732 556 ἀόρατον
1768 485 1864 539 τοῦ

286 563 424 618 Θεοῦ
454 567 725 636 βασιλείαν
768 570 1009 641 ἔγνωσαν
1042 575 1182 647 ἁγίῳ
1225 575 1498 647 Πνεύματι
1529 575 1861 648 χρισθεῖσαν,

282 655 350 720 οὐ
391 658 568 730 πολλῷ
601 660 761 716 πλέον
790 665 1081 734 ἐπιγνῶναι
1124 667 1221 740 τὴν
1265 668 1359 721 τοῦ
1403 667 1565 722 Δαυῒδ
1615 668 1865 723 ἐδύναντο

280 747 372 802 διὰ
423 751 721 822 χρίσματος
774 757 1030 829 αἰσθητοῦ
1078 760 1170 812 καὶ
1232 759 1574 824 καταλύσεως
1622 760 1858 832 ὀρατῆςς

295 840 436 894 Ἀλλ’
462 843 558 896 οὐκ
586 845 702 916 ᾔδει
739 846 807 899 τὰ
834 850 1195 920 πεπραγμένα
1245 850 1337 904 καὶ
1373 851 1616 923 Γραφαῖς
1644 851 1863 904 ἀνακεί-

285 949 424 1002 μενα
456 936 580 1004 περὶ
611 938 704 990 τοῦ
735 940 893 993 Δαυῖδ
920 942 1268 1014 ὁτάλιτήριος,
1295 945 1322 997 ὅ
1349 960 1412 1012 γε
1443 945 1535 997 καὶ
1570 942 1647 1014 τῷ
1671 943 1860 1014 Κυρίῳ

278 1023 724 1100 περιϐαλλομένῳ
749 1031 809 1083 τὸ
828 1032 985 1103 σῶμα
1005 1034 1312 1101 προσελθὼν
1339 1034 1442 1105 ἔφη
1464 1034 1765 1106 τολμηρῶς·
1790 1037 1862 1089 El

288 1116 423 1183 Υἱὸς
453 1114 511 1171 εἷ
532 1119 638 1173 τοῦ
664 1122 828 1188 Θεοῦ,
842 1121 1040 1188 βάλλε
1061 1127 1318 1180 σεαυτὸν
1338 1125 1510 1179 κάτον
1541 1125 1860 1196 γέγραπται

278 1208 411 1277 γὰρ,
446 1208 534 1263 ὅτι
567 1210 690 1278 τοῖς
730 1213 1003 1284 ἀγγέλοις
1045 1216 1251 1281 αὐτοῦ,
1295 1217 1458 1288 φησὶν
1481 1259 1496 1283 ,
1533 1217 1858 1271 ἐντελεῖται

276 1300 412 1368 περὶ
440 1300 574 1368 σοῦ,
598 1303 695 1357 καὶ
719 1303 818 1357 ἐπὶ
841 1305 1050 1375 χειρῶν
1067 1307 1283 1376 ἀροῦσί
1309 1324 1402 1374 σε,
1422 1307 1654 1378 μήποτε
1679 1325 1859 1377 προσ-

276 1395 478 1462 λῦῖᾶιῃς
514 1395 665 1463 πρὸς
690 1399 864 1452 λίθον
887 1399 993 1454 τὸν
1019 1401 1174 1454 πόδα
1203 1418 1341 1457 σου.
1369 1402 1578 1457 Οὐκοῦν
1609 1403 1766 1474 εἴπερ
1792 1403 1856 1456 ἐκ

271 1483 382 1537 τῶν
420 1486 587 1554 ἀγίων
627 1489 990 1545 ὑποτυποῦται
1037 1493 1268 1565 Γραφῶν
1309 1494 1535 1566 ὁμιλεῖν,
1569 1491 1707 1548 οἶδεν
1747 1493 1854 1564 ἄρα

273 1577 342 1631 τὰ
365 1579 723 1650 γεγραμμένα
760 1584 1115 1656 κακομαθῶς·
1153 1590 1200 1639 εί
1239 1588 1296 1642 δὲ
1337 1587 1541 1641 τούτων
1573 1587 1630 1639 ἐν
1655 1584 1852 1654 γνώσει

273 1668 628 1742 καθέστηκεν,
647 1674 748 1728 οὐκ
773 1675 879 1747 ἄρα
903 1677 1000 1749 τὴν
1027 1677 1120 1732 τοῦ
1150 1678 1312 1732 Δαυῒδ
1339 1679 1521 1750 ἠγνόει
1554 1676 1850 1749 βασιλείαν,

1969 527 2135 582 gnum
2160 511 2328 568 David
2358 527 2454 583 per
2482 512 2755 568 visibilem
2803 511 3115 567 unctionem
3159 512 3538 585 visibilemque

1968 605 2447 660 commutationem
2471 605 2496 658 ?
2525 603 2725 659 Verum
2747 619 2834 658 res
2870 612 3051 674 gestas
3077 611 3127 658 et
3155 605 3210 659 in
3242 602 3540 674 Scripturis

1965 696 2268 767 descriptas
2315 698 2383 753 de
2433 697 2632 752 Davide
2652 696 3053 768 perditissimus
3096 712 3207 751 non
3246 697 3403 762 vidit,
3442 697 3538 768 qui

1965 785 2254 842 Dominum
2283 801 2512 858 corpore
2537 787 2936 843 circumdatum
2966 802 3255 857 aggressus
3277 786 3537 842 audacter

1963 879 2139 935 dixit:
2169 879 2230 936 Si
2257 878 2430 934 Filius
2461 879 2558 934 Dei
2593 897 2667 948 es,
2699 880 2847 934 mitte
2872 888 2918 934 te
2950 878 3231 943 deorsum;
3283 881 3537 954 scriptum

1961 990 2040 1036 est
2065 983 2202 1037 enim
2225 999 2244 1036 :
2266 983 2476 1054 Angelis
2509 983 2617 1036 suis
2645 981 2913 1036 mandavit
2937 981 3000 1036 de
3029 991 3192 1047 te;,et
3210 983 3264 1036 in
3293 982 3534 1038 manibus

1963 1076 2205 1130 attollent
2256 1085 2341 1142 te,
2390 1093 2453 1130 ne
2495 1076 2628 1145 forte
2679 1075 2913 1144 offendas
2962 1075 3049 1136 ad,
3073 1074 3300 1155 lapidem
3356 1079 3534 1144 pedem

1963 1192 2111 1236 tuum
2143 1183 2206 1237 ⁸⁵.
2244 1180 2414 1253 Igitur
2465 1182 2511 1238 si
2561 1198 2630 1237 ex
2673 1181 2872 1235 divinis
2903 1180 3097 1236 litteris
3119 1181 3389 1249 colloquia
3439 1195 3530 1244 ne-

1961 1282 2107 1330 ctere
2133 1275 2316 1346 ﬁngit.
2350 1277 2455 1332 scit
2495 1289 2614 1345 quae
2651 1273 2852 1345 scripta
2887 1281 3036 1340 sunt,
3069 1273 3289 1326 tametsi
3335 1288 3530 1342 prave;

1957 1383 2079 1439 quae
2103 1369 2150 1423 si
2178 1369 2450 1440 cognovit,
2483 1365 2728 1436 profecto
2766 1381 2994 1437 regnum
3023 1364 3191 1420 David
3232 1381 3342 1432 non
3371 1365 3530 1435 igno-

1958 1471 2130 1535 rabat,
2155 1471 2301 1542 quod
2343 1470 2543 1527 divinis
2568 1470 2768 1528 litteris
2798 1478 2918 1527 erat
2947 1472 3245 1541 scriptum;
3277 1473 3351 1537 ita
3384 1479 3443 1525 ut
3467 1488 3530 1525 ea

1954 1587 2076 1642 quae
2101 1572 2308 1642 scripta
2327 1579 2454 1626 sunt
2494 1571 2708 1637 daemon
2729 1571 3092 1642 pronuntians
3135 1572 3270 1633 nihil
3309 1574 3533 1626 omnino

1952 1677 2283 1734 vaticinatus
2308 1677 2396 1733 sit.

272 1767 305 1835 ἧ
331 1768 443 1831 τοῖς
478 1767 642 1841 ἱεροῖς
669 1771 1070 1846 ἐγκεχάρακται
1124 1776 1445 1847 γράμμασιν
1491 1791 1504 1804 ·
1545 1773 1686 1828 ὥστε
1719 1771 1788 1826 τὰ
1848 1774 2210 1845 γεγραμμένα
2253 1772 2424 1842 λέγων
2455 1775 2485 1826 6
2543 1772 2774 1845 δαίμων,
2811 1772 2961 1826 οὐδὲν
3002 1773 3405 1843 προεφήτευσεν
3442 1773 3534 1825 οὐ-

271 1856 334 1911 δα
342 1857 480 1929 μῶς.

341 1971 531 2026 XXIV.
587 1975 724 2029 Ἀλλ’
757 1979 786 2031 6
829 1977 1145 2049 πολύφημος
1190 1980 1490 2054 Ὠριγένης,
1521 1978 1629 2033 οὐδ’
1663 1977 1840 2032 ὁτιοῦν

2029 1969 2215 2025 XXIV.
2260 1971 2364 2026 Sed
2414 1971 2571 2026 multi
2609 1969 2849 2027 nominis
2909 1968 3193 2040 Origenes,
3234 1987 3358 2025 cum
3418 1987 3528 2026 non

272 2063 542 2136 εὑρίσκων
564 2069 756 2134 εἰπεῖν,
782 2071 862 2134 είς
887 2071 1044 2125 τοῦτο
1071 2073 1348 2142 κατέφυγε
1375 2071 1838 2143 τετεχνασμένως,

263 2155 495 2226 ἑτέρωθι
527 2160 664 2231 πρὸς
691 2163 782 2214 ἐπὶ
822 2165 1029 2227 τούτοις
1061 2163 1385 2234 ἐπαγαγών·
1433 2164 1574 2235 Ἐγὼ
1609 2163 1697 2230 δὲ,
1738 2181 1843 2236 φη-

269 2243 374 2308 σὶν,
403 2249 474 2299 οὐ
504 2247 756 2319 δύναμαι
783 2251 1008 2306 διδόναι
1035 2253 1315 2324 δαιμονίῳ
1337 2256 1706 2324 τηλικαύτην
1735 2253 1840 2307 δύ-

260 2351 466 2404 ναμιν,
500 2338 600 2392 ἵνα
635 2345 978 2412 προφητεύῃ
1014 2347 1149 2414 περὶ
1180 2347 1380 2401 Σαοὺλ
1420 2347 1519 2401 καὶ
1550 2346 1657 2402 τοῦ
1685 2345 1840 2401 λαοῦ

262 2427 372 2481 τοῦ
409 2429 577 2493 Θεοῦ,
612 2432 707 2485 καὶ
741 2437 1084 2505 προφητεύῃ
1122 2438 1254 2506 περὶ
1275 2439 1601 2504 ,ϐασιλείας
1638 2436 1838 2504 Δαυῒδ,

262 2517 357 2572 ὅτι
391 2518 603 2588 μέλλει
629 2522 1007 2586 βασιλεύειν.
1045 2522 1174 2580 Εἶτα
1206 2527 1338 2598 φαίη
1369 2544 1454 2592 τις
1475 2528 1560 2583 ἄν’
1593 2528 1657 2580 Ὢ
1681 2528 1842 2599 ἀνοη-

259 2607 452 2662 τότατε
486 2611 712 2683 ἀνδρῶν,
736 2615 795 2666 ού
819 2614 973 2679 δίδως
1003 2617 1100 2688 μὲν
1122 2617 1272 2688 αὐτῷ
1300 2619 1688 2690 προφητεύειν,
1722 2621 1843 2672 ἐπι-

258 2700 485 2771 τρέπεις
534 2703 591 2757 δὲ
637 2705 786 2777 αὐτῷ
831 2709 1116 2780 προφήτας
1166 2710 1386 2780 ἀνάγειν
1440 2713 1498 2779 ἐξ
1547 2712 1697 2783 ᾅδου,
1745 2712 1840 2767 κα)⁵

260 2791 586 2858 ἀγγελικοὺς
616 2795 769 2864 ἄφνω
802 2799 1255 2867 μεταστέλλεσθαι
1289 2803 1504 2873 χοροὺς,
1537 2804 1676 2875 ὅπερ
1721 2803 1840 2856 ἐστὶ

265 2883 450 2951 μεῖζον
481 2885 572 2938 καὶ
601 2883 835 2958 προῦχον
857 2891 952 2942 καὶ
979 2889 1256 2963 θειοτέρας
1276 2893 1534 2964 ἐχόμενον
1557 2893 1837 2961 ὲξουσίας;

263 2969 376 3044 ἆρά
403 2990 466 3042 γε
495 2975 578 3040 τίς
599 2976 768 3042 οὕτως
792 2981 1010 3052 ἐνόησεν
1031 2981 1273 3048 ἀσθενῶς
1303 2984 1336 3056 ῆ
1372 2985 1639 3055 πωχῶςς
1681 2983 1840 3038 Ἀλλά

245 3065 499 3134 μάλιστα
530 3069 628 3138 μὲν
657 3070 830 3140 ἔγωγε
857 3074 1040 3146 φαίην·
1059 3074 1126 3128 ἂν
1159 3076 1589 3148 ἀνθυπενέγκας,
1617 3077 1700 3130 ὅτι
1732 3095 1838 3148 μη-

259 3156 350 3209 δὲν
379 3161 782 3231 προεφήτευσεν
808 3166 836 3217 6
858 3164 1088 3237 δαίμων,
1125 3167 1201 3232 ὥς
1223 3187 1287 3238 γε
1320 3171 1414 3224 καὶ
1444 3170 1678 3241 πρόσθεν
1706 3169 1839 3222 ὲδείυ

259 3247 467 3318 ξαμεν·
516 3253 562 3304 εί
599 3252 645 3304 δ’
691 3253 798 3326 ἄρα
839 3257 934 3310 καὶ
981 3261 1318 3331 προφητείας
1368 3261 1495 3328 ἄξια
1521 3251 1838 3331 ξῶαλεχθεὶς

259 3340 580 3412 ἐτύγχανεν,
598 3344 705 3398 οὐδ’
735 3345 905 3411 οὕτως
933 3349 1098 3420 ὲχρῆν
1123 3351 1542 3423 ὑπολαμϐάνειν,
1565 3354 1646 3406 ὅτι
1675 3351 1838 3405 πνεύ-
1865 3336 1916 3394 C'

262 3451 411 3504 ματα
442 3437 537 3490 καὶ
562 3436 740 3508 ψυχὰς
768 3438 990 3494 δικαίων
1011 3445 1040 3495 6
1065 3444 1275 3516 δαίμων
1303 3446 1575 3517 ἀνήγαγεν
1601 3444 1660 3510 ἐξ
1685 3445 1830 3516 ᾅδου·

257 3528 357 3581 καὶ
387 3528 495 3601 γὰρ
526 3532 555 3584 6
582 3532 837 3602 Καϊάφας
869 3535 962 3587 ἐπὶ
985 3539 1052 3608 τῇ
1082 3537 1224 3591 κατά
1247 3537 1341 3591 τοῦ
1366 3537 1602 3610 Χριστοῦ
1637 3539 1834 3593 συστά-

259 3635 345 3670 σει
381 3622 806 3692 προεφήτευσεν,
833 3624 1091 3695 είρηκὼς,
1119 3627 1201 3680 ὅτι
1236 3629 1532 3701 Συμφέρει
1560 3629 1707 3700 ἡμῖν
1733 3631 1834 3686 ἵνα

257 3706 342 3776 εἷς
395 3712 704 3782 ἅνθρωπος
743 3716 1014 3787 ἀποθάνῃ
1060 3719 1220 3799 ὑπὲρ.
1251 3721 1355 3776 τοῦ
1395 3722 1571 3787 λαοῦ,
1619 3723 1718 3777 καὶ
1744 3721 1831 3796 μὴ

261 3802 415 3856 ὅλον
462 3805 526 3858 τὸ
571 3807 745 3873 ἔθνος
785 3809 1098 3878 ἀπόληται.
1140 3813 1332 3867 Ταῦτα
1371 3815 1487 3883 μὲν
1513 3816 1623 3870 οὐκ
1666 3816 1834 3870 εἶπεν

260 3893 366 3963 ἀφ’
396 3895 634 3950 ἑαυτοῦ·
669 3899 972 3971 καθάπερηό
1005 3902 1310 3971 σοφώτατος
1343 3905 1601 3972 ἐξέδωκεν
1652 3907 1833 3961 Ἰωάν-

258 4003 392 4057 νης·
429 3988 738 4057 ἀρχιερεὺς
764 3990 833 4043 δὲ
878 3991 1190 4069 τυγχάνων
1224 3995 1458 4051 ἐκείνου
1491 3997 1597 4050 τοῦ
1633 3996 1829 4064 ἔτους,

259 4079 733 4153 προεφήτευσεν.
768 4083 836 4135 Εἰ·
857 4076 1096 4149 δὲοῦτος
1124 4086 1153 4136 6
1190 4086 1332 4140 κατὰ
1366 4086 1685 4157 τοῦλΚυρίου
1719 4086 1832 4156 βου-

254 4170 358 4234 λάς
388 4171 603 4237 ἀδίκους
631 4175 923 4246 ἀράμενος,
955 4179 1103 4249 ὅμως
1141 4180 1243 4232 οὐκ
1272 4181 1365 4249 ἀφ’
1396 4179 1590 4233 ἑαυτοῦ
1621 4198 1832 4253 προφη-

253 4265 426 4328 τεύει,
457 4265 770 4338 κινούμενος
795 4269 1143 4342 δὲνδήπουθεν
1168 4273 1257 4338 ὑφ’
1278 4273 1466 4344 ἐτέρου
1493 4273 1614 4327 καθ’
1637 4273 1830 4327 ἑαυτοῦ

255 4360 491 4410 ποιεῖται
528 4358 620 4411 τὸν
651 4359 894 4430 ἔλεγχον
926 4362 1065 4416 οὐδὲ·
1088 4365 1247 4428 εἴτις
1292 4364 1446 4428 ἄλλος
1481 4366 1590 4439 ἄρα
1620 4365 1830 4422 τοιοῦτό

255 4467 309 4502 τι
353 4449 477 4521 δρᾷ,
521 4451 867 4522 προσεκτέον,
899 4454 981 4508 ὅτι
1017 4457 1167 4527 παρὰ
1196 4455 1354 4510 τοῦτο
1395 4457 1671 4530 θειοτέρας
1703 4458 1830 4531 ἐξῆ-

256 4559 391 4594 πται
431 4543 728 4614 δυνάμεως.
779 4546 913 4599 Οὐδὲ
962 4548 1307 4620 ἀνασχετέον,
1354 4551 1409 4610 ,εί
1454 4550 1702 4621 λέγοντες
1746 4554 1828 4607 ὅτι

258 4633 489 4706 μαντείᾳ
514 4634 852 4706 δαιμονιώδει
893 4637 1068 4710 ψυχάς
1102 4641 1320 4710 ἀνάγειν
1374 4642 1547 4698 ἔοικεν
1593 4645 1650 4712 ἐξ
1699 4647 1827 4718 ᾅδου

1943 2063 2171 2120 haberet
2215 2065 2347 2134 quid
2395 2065 2621 2129 diceret,
2650 2064 2719 2120 ad
2759 2065 2864 2119 hoc
2896 2063 3190 2119 artiﬁciose
3243 2065 3524 2134 confugit,

1943 2157 2165 2214 aliunde
2212 2159 2552 2229 argumentis
2583 2158 2907 2229 cxcogitatis
2937 2176 2950 2212 :
2993 2156 3105 2228 Ego
3137 2174 3286 2222 sane,
3320 2155 3518 2227 inquit,

1944 2249 2078 2304 tales
2109 2249 2341 2306 dwmeni
2389 2251 2523 2304 vires
2585 2248 2866 2304 concedere
2921 2265 3136 2319 nequeo,
3171 2259 3227 2303 ut
3258 2249 3334 2303 de'
3358 2249 3522 2304 Saule

1941 2351 1993 2397 et
2023 2343 2218 2412 popula
2244 2341 2460 2396 Domini
2500 2342 2754 2396 vaticinia
2782 2341 2936 2408 edat,
2973 2342 3098 2396 item
3128 2341 3191 2396 de
3219 2358 3378 2411 regno
3407 2341 3519 2395 Da-

1942 2435 2054 2500 uid;
2078 2436 2230 2490 illum
2280 2435 2484 2490 scilicet
2511 2450 2668 2505 regno
2706 2434 3022 2502 potiturum.
3061 2431 3168 2489 Sed
3199 2432 3342 2488 dicet
3367 2434 3518 2502 quis-

1942 2527 2088 2599 piam
2126 2548 2140 2583 :
2201 2525 2245 2583 Ο
2299 2529 2544 2582 omnium
2590 2527 2974 2583 stolidissime!
3012 2527 3388 2582 illi-vaticinia
3419 2543 3519 2595 ne-

1941 2637 2060 2692 gas,
2118 2629 2173 2677 et
2227 2621 2521 2692 prophetas
2563 2621 2632 2675 ab
2684 2620 2882 2674 inferis
2920 2618 3173 2683 educere,
3231 2626 3516 2688 cmtusque

1942 2712 2236 2780 derepente
2263 2711 2600 2780 angelorum,
2629 2708 2777 2780 quod
2792 2707 2982 2776 majus
3011 2715 3097 2763 est
3116 2706 3520 2776 diviniorisque

1940 2804 2200 2875 potentiae
2241 2811 2643 2873 argumentum,
2669 2800 3130 2866 concedis‘tQuis
3176 2800 3251 2854 ita
3303 2799 3519 2857 infirme

1941 2904 2036 2953 aut
2062 2897 2276 2951 exiliter
2305 2911 2421 2950 rem
2455 2895 2762 2950 intellexit?
2790 2894 2882 2951 Nae
2924 2909 3024 2965 ego
3048 2894 3396 2964 potissimum
3429 2909 3518 2948 re-

1940 2987 2287 3058 sponderem,
2335 2986 2656 3050 daemonem,
2719 2993 2778 3040 ut
2819 2993 2898 3041 et-
2924 2994 3086 3040 antea
3117 2984 3516 3040 demonstravi—

1939 3095 2085 3146 mus,
2117 3078 2256 3133 nihil
2302 3078 2661 3137 vaticinatum
2699 3075 2906 3145 fuisse;
2937 3077 3034 3148 qui
3072 3077 3198 3132 licet
3227 3077 3512 3147 pr0phetia

1939 3186 2051 3226 non
2103 3170 2329 3242 indigna
2373 3169 2679 3223 collocutus
2724 3167 2938 3236 fuisset,
2992 3183 3105 3224 non
3157 3167 3280 3224 ideo
3332 3178 3514 3222 tamen

1940 3261 2364 3316 existimandum
2417 3271 2554 3324 erat,
2586 3258 2813 3329 spiritus
2867 3269 2922 3316 et
2973 3259 3248 3329 justorum
3301 3259 3515 3315 animas

1943 3369 2066 3409 curn
2099 3354 2167 3409 ab
2201 3351 2392 3407 inferis
2431 3367 2712 3408 evocasse.
2747 3351 2961 3406 Etenim
3003 3359 3057 3406 et
3113 3351 3352 3421 Caiphas
3385 3366 3512 3406 cum

1942 3446 2009 3501 de
2037 3443 2259 3500 Christo
2288 3443 2711 3513 prophetasset,
2759 3442 2898 3497 dixit
2931 3461 2944 3496 :
2980 3440 3204 3512 Expedit
3260 3441 3408 3496 nobis
3453 3451 3513 3496 ut

1941 3555 2076 3602 unus
2107 3537 2266 3591 homo
2290 3538 2550 3590 moriatur
2569 3551 2663 3604 pro
2677 3535 2891 3605 populo,
2914 3543 2962 3588 et
2985 3551 3087 3588 non
3119 3543 3230 3588 tota
3246 3551 3369 3604 gens
3391 3550 3512 3603 per-

1940 3640 2026 3693 eat
2049 3631 2116 3682 ⁷⁸.
2173 3628 2302 3682 llaec
2341 3637 2517 3680 autem
2547 3643 2650 3681 non
2694 3626 2831 3680 dixit
2876 3641 2941 3680 ea:
2980 3627 3274 3694 semetipso,
3310 3633 3371 3679 ut
3403 3626 3512 3680 sci-

1940 3721 2187 3777 tissimus
2230 3719 2456 3774 tradidit
2488 3717 2758 3785 Joannes;
2800 3717 2890 3772 sed
2922 3734 3040 3771 eum
3093 3729 3222 3772 esset
3273 3717 3510 3787 pomifer;

1941 3815 2067 3868 anni
2092 3812 2238 3867 illius
2267 3811 2616 3881 prophetarit.
2645 3809 2703 3864 Si
2737 3811 2846 3875 hic,
2876 3810 2970 3880 qui
3001 3818 3192 3865 contra
3216 3809 3513 3870 Dominum

1939 3906 2268 3962 sententiam
2300 3902 2563 3973 injustam
2607 3902 2751 3967 tulit,
2789 3909 2968 3957 tamen
3003 3917 3113 3956 non
3142 3917 3173 3956 a
3210 3903 3506 3973 semetipso

1938 3996 2291 4062 vaticinatur,
2326 3993 2422 4051 sed
2471 4001 2654 4049 motus
2687 3993 2954 4048 duntaxat
2993 3994 3062 4049 ab
3118 3994 3226 4049 alio
3255 3995 3510 4065 coargui-

1938 4093 2058 4154 tur;
2085 4103 2264 4158 neque
2293 4102 2425 4158 ergo
2477 4086 2526 4142 si
2555 4086 2684 4156 quis
2727 4085 2869 4141 alius
2910 4085 3055 4141 idem
3094 4085 3357 4151 etlecerit,
3389 4087 3510 4141 ideo

1937 4187 2225 4251 propterea
2273 4178 2560 4234 divinioris
2605 4194 2878 4234 cumesse
2908 4185 3117 4233 natura)
3153 4177 3506 4234 censendum.

1937 4273 2123 4345 Neque
2145 4273 2524 4330 sustinendum
2555 4283 2637 4328 est
2671 4273 2718 4328 si
2773 4273 2958 4328 dicant
3007 4272 3299 4343 praestigiis
3322 4272 3510 4326 diabo-

1937 4366 2061 4422 licis
2089 4367 2302 4421 animas
2351 4365 2419 4419 ab
2455 4365 2647 4420 inferis
2673 4365 3051 4433 exercitusque
3079 4363 3415 4432 angelorum,
3448 4370 3509 4417 ut

1937 4452 2174 4517 videtur,
2208 4452 2374 4507 veluti
2395 4450 2586 4515 Deum,
2622 4451 2898 4506 eduxisse.
2939 4448 3279 4505 Attendenda
3309 4451 3508 4520 quippe

1939 4552 2229 4615 sunt-quae.
2263 4545 2330 4599 de
2371 4544 2458 4598 his
2515 4543 2795 4613 prOphetis
2843 4542 3163 4613 prmeipiens
3213 4543 3508 4612 Moysesin

1939 4637 2365 4694 Deuteronomio
2404 4634 2600 4691 eﬂ‘atur
2633 4654 2646 4689 :
2689 4633 2750 4690 Si
2802 4635 3088 4689 surrexerit
3122 4636 3176 4688 in
3208 4634 3376 4689 medio
3430 4635 3508 4689 tui

254 4727 352 4780 καὶ
396 4728 652 4798 στρατιὰς
690 4731 953 4800 ἀγγέλων,
999 4729 1086 4786 οἷα
1121 4734 1282 4798 Θεός·
1327 4737 1691 4792 ὲπακουστέον
1719 4739 1829 4812 γὰρ

1943 4732 2207 4801 propheta,
2259 4747 2351 4785 seu
2405 4733 2665 4785 somnium
2713 4731 3005 4794 somnians,
3059 4738 3108 4783 et
3153 4728 3355 4783 dederit
3410 4728 3508 4783 tibi

252 4812 344 4870 οἷα
376 4820 647 4891 περὶ·τῶν
687 4822 941 4876 τοιούτων
982 4823 1292 4897 ἐξαγορεύει
1323 4829 1616 4899 προφητῶν
1649 4832 1707 4884 ὲν
1747 4831 1826 4902 τῷ

254 4912 659 4983 Δευτερονομίῳ
689 4913 958 4980 θεσπίζων
978 4919 1286 4989 ὁΜωῦσῆς·
1325 4919 1460 4974 Ἐὰν
1480 4921 1548 4974 δὲ
1565 4921 1824 4992 ἀναστῇ,

252 5003 504 5072 φάσκων,
540 5006 610 5058 ἐν
642 5007 744 5061 σοὶ
788 5009 1114 5078 προφήτης,
1157 5012 1196 5080 ἢ
1236 5012 1734 5084 ἐνυπνιαζόμενος
1757 5015 1826 5068 τὸ

248 5095 562 5162 ἐνύπνιον,
582 5099 681 5152 καὶ
697 5098 780 5165 δῷ
798 5116 896 5154 σοι
924 5102 1174 5170 σημεῖον
1191 5102 1229 5171 ἢ
1252 5103 1446 5172 τέρας,
1466 5106 1565 5159 καὶ
1588 5107 1735 5178 ἔλθῃ
1760 5106 1826 5163 τὸ

249 5188 506 5256 σημεῖον
536 5189 576 5258 ἢ
609 5190 675 5244 τὸ
706 5192 881 5260 τέρας
911 5193 943 5247 ὂ
975 5193 1245 5264 ἐλάλησε
1283 5197 1436 5264 πρὸς
1467 5198 1563 5261 σὲ,
1610 5197 1822 5270 λέγων·

248 5277 662 5347 Πορευθῶμεν,
691 5281 791 5335 καὶ
819 5285 1240 5354 λατρεύσωμεν
1264 5289 1422 5354 θεοῖς
1450 5288 1693 5356 ἑτέροις,
1723 5290 1830 5356 οὓς

250 5371 366 5423 οὐκ
402 5370 632 5436 οἴδατε,
673 5375 786 5428 οὐκ
833 5375 1172 5431 ἀκούσεσθε
1212 5377 1330 5432 τῶν
1357 5381 1555 5450 λόγων
1593 5382 1828 5437 ἐκείνου

249 5460 361 5514 τοῦ
407 5464 736 5533 προφήτου,
767 5469 950 5547 φησὶν,
990 5469 1030 5537 ἢ
1078 5470 1186 5524 τοῦ
1213 5470 1719 5543 ἐνυπνιαζομένου
1758 5473 1827 5529 τὸ

249 5555 542 5611 ἐνύπνιον
557 5558 774 5626 ἐκεῖνο,
804 5560 891 5614 ὅτι
909 5560 1163 5631 πειράζει
1187 5564 1399 5633 Κύριος
1423 5567 1455 5618 ὁ
1479 5566 1622 5632 Θεὸς
1647 5564 1823 5635 ὑμᾶς,

1934 4825 2143 4894 signum
2177 4823 2254 4877 uel
2295 4823 2615 4894 prodigium,
2643 4830 2692 4876 et
2728 4825 2950 4877 evenerit
3003 4824 3208 4893 signum
3247 4823 3351 4876 sive
3381 4839 3506 4891 pro-

1930 4916 2133 4987 digium
2155 4916 2292 4988 quod
2324 4917 2530 4971 locutus
2557 4917 2724 4970 estad
2755 4925 2825 4982 te,
2856 4917 3032 4970 dicens
3059 4932 3075 4968 :
3101 4914 3303 4969 Eamus
3336 4924 3386 4968 et
3419 4931 3504 4968 co-

1933 5011 2106 5066 lamus
2130 5011 2251 5064 deos
2275 5011 2472 5064 alienos
2491 5025 2621 5078 quos
2643 5007 2935 5077 ignoratis;
2961 5023 3064 5059 non
3091 5006 3319 5059 audietis
3347 5005 3503 5059 verba

1928 5103 2194 5174 prophetae
2222 5102 2389 5168 illius,
2421 5102 2518 5166 ait,
2543 5109 2636 5154 aut
2673 5100 2989 5154 somniantis
3027 5099 3290 5152 somnium
3343 5097 3500 5160 illud,

1931 5196 2055 5264 quia
2080 5203 2244 5248 tentat
2282 5210 2371 5247 vos
2403 5190 2661 5247 Donl'lnus
2694 5191 2855 5257 Deus,
2887 5199 2944 5243 ut
2978 5193 3156 5260 palam
3183 5191 3278 5259 ﬁat
3316 5199 3502 5243 utrum

1929 5286 2167 5358 diligatis
2220 5285 2506 5340 Dominum
2557 5285 2729 5340 Deum
2784 5294 3012 5339 vestrum
3053 5285 3117 5340 τ’.
3163 5282 3362 5337 Verum
3412 5281 3503 5334 hic

1927 5381 2244 5435 dualitatem
2275 5376 2458 5434 Patris
2482 5387 2536 5434 et
2574 5379 2694 5448 ejus
2724 5377 2989 5456 unigeniti
3032 5375 3156 5430 Filii
3198 5391 3501 5447 repraesen-

1924 5479 2070 5537 tans,
2102 5474 2334 5528 alterum
2385 5472 2605 5543 quidem
2642 5472 2933 5526 Dominum
2971 5478 3273 5527 tentantem
3322 5472 3479 5542 appel

1925 5567 2019 5632 lat,
2049 5569 2279 5624 alterum
2303 5581 2427 5622 esse
2459 5565 2748 5623 Dominum
2782 5565 2910 5622 item
2946 5572 3003 5622 et
3025 5563 3194 5622 Deum
3215 5563 3497 5627 dilectum,

328 5713 581 5771 “Manli.
628 5733 702 5783 ιν,
746 5719 798 5775 6.
868 5721 909 5751 ⁷ο
939 5717 1098 5774 Joun.
1140 5737 1212 5788 xi,
1240 5723 1328 5778 50.
1409 5725 1447 5755 ⁷¹
1484 5723 1638 5780 Deut.
1673 5742 1791 5794 xm,
1824 5727 1930 5783 1-5.
