3850 6160
413 239 522 294 663

1396 239 1456 296 S.
1496 235 1870 294 EUSTATHII
1908 236 2216 296 EPISCOPI
2252 238 2669 298 ANTIOCHI-IN!

3547 243 3649 302 σοι

414 368 477 415 ut
505 365 608 416 hoc
643 373 872 414 numero
922 357 1135 414 binario
1181 373 1344 414 unam
1395 357 1662 415 Deitatem
1706 359 1980 429 probaret,

2091 361 2190 417 τοῦ
2231 363 2379 417 ίδεῗν
2417 364 2470 417 ει
2520 360 2789 432 ἀγαπᾶτε
2840 362 3060 432 Κύριον
3103 361 3214 418 τὸν
3263 362 3416 418 Θεὸν
3457 362 3648 433 ὑμῶν.

414 468 710 524 veramque
765 452 858 508 Dei
910 453 1336 524 generationem.
1389 452 1446 508 Si
1501 461 1681 508 autem
1712 452 1979 524 propheta

415 546 508 602 ille
553 547 648 616 qui
686 546 900 616 signum
962 550 1055 598 aut
1087 550 1400 615 portentum
1451 543 1738 601 ostendere
1776 543 1980 615 promi-

416 645 586 697 serat.
609 636 860 692 omnibus
891 634 1064 692 modis
1094 635 1439 705 abjiciendus
1456 644 1559 701 est,
1577 636 1698 691 ideo
1721 636 1864 707 quod
1885 652 1981 692 ne-

416 727 612 785 farium
665 730 932 784 rdolorum
989 729 1193 783 cultum
1245 728 1634 794 introduceret,
1669 729 1796 783 licet
1835 728 1978 799 signi

415 823 657 892 potentia
689 821 1046 892 praecesserit,
1065 829 1271 892 quanto
1294 824 1468 893 magis
1500 822 1754 887 daemoni,
1786 824 1879 893 qui
1913 822 1981 877 ab

416 910 607 966 inferis
637 911 864 980 Spiritus
910 910 1187 980 justorum
1221 927 1452 968 evocare
1490 912 1799 984 pollicetur,
1831 913 1981 968 nulla

417 1002 551 1059 fides
579 1011 663 1059 est
707 1002 1050 1059 adhibenda?
1085 1002 1254 1058 Nemo
1285 1012 1548 1075 praeterea
1600 1005 1849 1076 quamvis
1881 1004 1982 1058 im-

415 1096 537 1166 pius
573 1095 796 1159 diceret,
822 1095 928 1153 illis
954 1096 1176 1151 oracula
1200 1098 1634 1163 consulentibus,
1664 1097 1835 1154 Deum
1865 1104 1984 1152 ten-

416 1195 618 1242 tantem
665 1187 914 1258 impium,
965 1188 1266 1244 suscitasse
1313 1186 1648 1259 Samuelem;
1684 1197 1742 1245 ut
1781 1189 1983 1246 factum

413 1287 601 1348 postea
657 1281 1010 1336 subsecutum
1044 1280 1305 1360 daemonis
1334 1283 1684 1352 promissioni
1743 1284 1985 1339 ascribe-

411 1377 583 1433 retur,
611 1386 783 1441 eoque
832 1373 1050 1428 nomine
1105 1388 1202 1442 per
1229 1373 1473 1430 fraudem
1515 1375 1719 1431 deleret
1745 1375 1979 1446 aliquos.

411 1461 546 1518 Nam
577 1466 800 1519 omnino
847 1465 1151 1521 cavendum
1185 1474 1324 1531 erat,
1348 1474 1410 1521 ut
1437 1467 1616 1539 legum
1663 1468 1804 1522 lator
1828 1485 1986 1525 man-

411 1555 656 1621 daverat,
714 1571 746 1610 a
776 1557 1020 1612 vaticinii
1082 1557 1304 1613 scelere.
1339 1556 1424 1612 An
1480 1574 1587 1613 non
1633 1560 1860 1630 auguria
1891 1575 1987 1616 eo-

411 1659 644 1715 rumque
700 1662 896 1703 causas
928 1648 1291 1704 exsecrandas
1337 1649 1530 1718 putas?
1558 1664 1740 1706 nonne
1786 1653 1977 1707 vatici-

2093 454 2231 508 Ἀλλ’
2275 453 2508 509 ἐνταῦθα
2557 455 2654 526 μὲν
2695 455 2793 525 τὴν
2840 455 3006 510 δυάδα
3046 453 3257 527 Πατρός
3299 472 3361 508 τε
3412 454 3510 514 καὶ
3548 455 3647 508 τοῦ

2083 544 2403 616 μονογενοῦς
2434 545 2566 599 Υίοῦ
2594 544 2898 616 παριστῶν,
2928 543 3087 599 ἄλλον
3132 546 3230 616 μὲν
3265 545 3356 599 τὸν
3409 543 3644 615 κπειρά-

2080 633 2240 699 ζοντα
2274 632 2476 704 Κύριον
2518 635 2791 704 ὀνομάζει,
2827 634 2984 690 ἄλλον
3018 634 3074 687 δὲ
3103 633 3253 705 παρά
3292 631 3480 686 τοῦτον
3508 629 3648 691 εἶναι

2079 723 2169 777 τὸν
2195 723 2556 795 ἀγαπώμενον
2593 725 2792 796 Κύριόν
2822 742 2882 778 τε
2921 726 3012 780 καὶ
3041 725 3192 789 Θεὸν,
3229 724 3315 778 ἵνα
3355 725 3422 776 ἐκ
3457 722 3644 788 δυάδος

2079 817 2177 889 τὴν
2205 818 2335 888 μίαν
2355 817 2608 890 ἀποδείξῃ
2642 816 2869 888 θεότητα
2894 817 2986 871 καὶ
3010 816 3108 888 τὴν
3140 815 3312 886 ἀληθῆ
3346 813 3643 882 θεογονίαν.

2079 911 2146 965 Ei
2181 910 2238 965 δέ
2265 913 2293 966 ὁ
2321 912 2606 982 προφήτης
2634 910 2837 973 ἐκεῖνος
2865 911 2894 963 ὁ
2920 910 2980 963 τὸ
3018 910 3242 980 σημεῖον
3279 907 3645 977 ὑποσχόμενος

2081 1003 2116 1074 ἢ
2146 1003 2208 1057 τὸ
2245 1002 2410 1074 τέρας
2438 999 2713 1066 ὑποδεῖξαι
2753 1000 3099 1054 παντάπασιν
3139 999 3464 1070 ἀποκριτέος
3510 1000 3648 1062 ἐστὶ,

2079 1093 2160 1165 τῷ
2204 1094 2304 1167 τὴν
2335 1093 2590 1164 ἀθέμιτον
2617 1091 3055 1164 εἰδωλολατρείαν
3085 1092 3439 1161 εἰσηγεῖσθαι,
3479 1090 3590 1144 κᾶν
3616 1093 3649 1161 ἠ

2045 1233 2049 1236 .
2081 1185 2176 1240 τοῦ
2206 1186 2429 1258 σημείου
2457 1186 2684 1256 δύναμις
2726 1183 3021 1257 ἐνεργοῦσα
3051 1183 3326 1255 προτρέχῃ
3345 1199 3358 1212 ·
3404 1181 3560 1252 πόσῳ
3589 1181 3652 1251 δὴ

2087 1276 2286 1348 μᾶλλον
2337 1277 2397 1332 οὑ
2440 1277 2546 1350 χρὴ
2593 1277 2804 1348 δαίμονι
2867 1273 3136 1329 πιστεύειν
3196 1272 3652 1343 ἐπαγγελλομένῳ

2082 1369 2260 1441 ψυχὰς
2311 1369 2368 1436 ἐξ
2417 1370 2543 1441 ᾅδου
2597 1368 3048 1441 μεταπέμπεσθαι
3095 1369 3188 1422 καὶ
3235 1367 3524 1438 πνεύματα
3575 1366 3653 1420 δι·

2083 1462 2285 1526 καίων;
2331 1461 2469 1515 Ἀλλ’
2501 1461 2621 1514 οὑδέ
2649 1461 2782 1532 φαίη
2813 1478 2896 1525 τις
2925 1460 2990 1514 ἂν
3016 1460 3248 1525 ἀσεϐῶν,
3277 1461 3360 1514 ὅτι
3386 1476 3654 1530 μαντευο-

2087 1555 2263 1626 μένων
2293 1555 2516 1609 ἐκείνων
2540 1557 2570 1610 ὀ
2597 1555 2728 1620 Θεὸς
2761 1555 3026 1626 ἀνέστησε
3057 1555 3150 1610 τὸν
3177 1554 3430 1626 Σαμουὴλ
3459 1556 3652 1608 ἐκπει-

2087 1648 2250 1720 ράσαι
2281 1649 2370 1702 τὸν
2398 1648 2582 1703 ἀδικον
2628 1647 2851 1712 ἐθέλων,
2890 1649 2976 1702 ἴνα
3011 1649 3290 1720 ἐπιγράψῃ
3316 1651 3382 1720 τῇ
3415 1647 3512 1700 τοῦ
3541 1647 3654 1701 δαί-

413 1737 664 1792 nationes
705 1739 1122 1811 engastrimythi
1162 1751 1216 1795 et
1252 1717 1484 1794 sortium
1529 1741 1815 1812 symbola?
1843 1744 1984 1800 Audi

2091 1717 2249 1811 μονος
2277 1739 2579 1812 ἐπαγγελίᾳ
2603 1739 2668 1794 τὸ
2704 1739 2906 1812 δρᾶμα,
2940 1740 3034 1795 καὶ
3063 1717 3156 1794 διά
3181 1717 3469 1811 τῆσδεντῆς
3515 1757 3652 1810 προ-

412 1842 532 1897 qua:
554 1828 714 1898 paulo
736 1839 857 1898 post
879 1829 1074 1884 iterum
1095 1830 1386 1901 praecepit:
1410 1829 1471 1885 Si
1495 1831 1760 1886 introieris
1790 1834 1845 1887 in
1883 1843 1988 1889 ter-

411 1936 527 1974 ram
561 1937 718 1991 quam
743 1920 1000 1976 Dominus
1019 1921 1160 1976 Deus
1182 1932 1302 1976 tuus
1325 1922 1418 1976 dat
1450 1925 1566 1989 tibi,
1586 1940 1689 1978 non
1711 1924 1878 1980 disces
1902 1926 1988 1994 fa-

412 2023 521 2063 cere
541 2008 824 2063 secundum
842 2009 1256 2065 abominationes
1274 2012 1490 2066 illarum
1509 2015 1760 2085 gentium.
1777 2014 1901 2070 Non
1914 2017 1989 2070 itt-

409 2101 648 2155 ueniatur
671 2103 725 2156 in
744 2111 794 2155 te
813 2103 903 2173 qui
921 2101 1104 2157 lustret
1120 2104 1292 2174 ﬁlium
1310 2122 1464 2160 suum
1483 2107 1561 2160 vel
1573 2105 1741 2174 ﬁliam
1765 2123 1916 2160 suam
1933 2109 1988 2161 in

411 2194 550 2262 igne,
566 2203 616 2248 et
638 2196 931 2250 vaticinans
953 2196 1225 2262 vaticinia,
1243 2205 1292 2252 et
1314 2199 1524 2254 mittens
1542 2209 1728 2263 sortes,
1747 2207 1795 2252 et
1819 2216 1988 2269 augu-

411 2301 538 2340 rans
568 2288 1021 2344 incantationibus
1063 2290 1498 2358 incantationem,
1531 2292 1906 2363 ventriloquus,
1935 2302 1987 2347 et

409 2390 770 2449 portentorum
809 2383 1090 2452 inspector,
1131 2393 1180 2438 et
1212 2385 1542 2456 interrogans
1601 2396 1831 2441 mortuos
1863 2403 1881 2440 :
1910 2394 1987 2442 est

410 2474 550 2526 enim
605 2473 928 2528 abominatio
977 2475 1206 2532 Domino
1255 2479 1424 2532 omnis
1469 2479 1558 2550 qui
1597 2478 1727 2547 facit
1767 2479 1878 2533 lurc
1913 2481 1982 2534 ⁷².

411 2563 541 2621 Post
569 2566 684 2622 haec
713 2569 947 2624 innuens
975 2571 1140 2624 etiam
1164 2571 1487 2641 alienigenis
1527 2580 1812 2642 propterea
1847 2587 1989 2627 mor-

411 2662 520 2712 tem
578 2666 632 2713 et
690 2658 1115 2715 internecionem
1174 2660 1393 2725 minari,
1455 2660 1638 2715 statim
1694 2662 1984 2717 subdidit:

412 2748 638 2818 Propter
661 2752 800 2804 enim
829 2751 964 2806 tales
1006 2752 1422 2808 abominationes
1454 2752 1710 2808 Dominus
1747 2755 1992 2808 extermi-

413 2840 562 2894 nabit
592 2841 718 2896 illos
750 2860 784 2896 a
820 2852 886 2897 te.
933 2842 1284 2898 Manifestum
1337 2844 1522 2914 itaque
1565 2851 1680 2908 est,
1717 2847 1989 2916 engastri-

412 2931 585 3002 mythi
609 2933 1052 2990 vaticinationem
1093 2950 1219 2989 cum
1265 2935 1478 2991 caeteris
1520 2935 1840 2992 idololatria:
1869 2953 1991 2992 cau-

412 3023 492 3078 sis
536 3022 887 3094 conjunctam
916 3040 1058 3082 esse.
1093 3024 1172 3081 lta
1203 3026 1346 3082 enim
1382 3026 1438 3079 in
1471 3025 1715 3084 febribus
1756 3029 1988 3086 interna:

413 3115 603 3170 sordes
651 3116 905 3172 morbum
961 3117 1280 3181 incendunt,
1336 3117 1670 3190 vitiososque
1729 3115 2032 3180 bumoresi

393 3216 711 3278 exacuunt,
757 3208 894 3264 adeo
927 3216 986 3264 ut
1023 3225 1091 3265 ex
1125 3217 1338 3266 tumore
1393 3222 1449 3270 et
1499 3214 1852 3283 corruptione
1879 3216 1989 3286 ple-

414 3317 646 3372 rumque
681 3309 885 3372 pestem
915 3301 1174 3358 inferant.
1215 3301 1278 3357 Et
1329 3303 1456 3359 dum
1507 3312 1878 3376 portentorum
1911 3309 1990 3361 in-

415 3395 727 3464 spectiones
767 3394 957 3451 tristes
990 3394 1232 3451 visiones
1261 3397 1499 3462 vocavit,
1533 3414 1652 3468 quae
1697 3415 1792 3468 per
1819 3398 1988 3468 Enga-

415 3485 738 3556 strimythos
790 3485 946 3540 factae
994 3485 1225 3542 historia
1281 3487 1594 3551 traduntur,
1625 3488 1878 3557 probavit
1933 3490 1989 3544 in

416 3577 525 3632 illis
553 3577 690 3630 nihil
727 3577 839 3632 veri
883 3577 1172 3634 contineri.
1205 3577 1351 3645 Ideo,
1397 3586 1457 3634 ut
1481 3579 1758 3644 existimo,
1793 3596 1989 3636 rursus

414 3671 470 3726 in
491 3669 736 3728 Levitico
770 3671 1099 3727 atrociorem
1135 3679 1326 3727 contra
1348 3687 1442 3727 eos
1467 3673 1795 3728 sententiam
1826 3673 1986 3740 dixit,

416 3761 505 3818 his
560 3763 696 3834 ipsis
743 3762 928 3818 verbis
978 3770 1255 3833 peractam
1291 3783 1304 3816 :
1334 3761 1406 3816 Et
1451 3763 1529 3817 vir
1573 3773 1668 3818 aut
1698 3763 1907 3829 mulier,
1941 3764 1988 3818 si

416 3855 548 3924 facti
589 3856 787 3924 fuerint
831 3855 1138 3926 ventriloqui
1175 3857 1252 3910 vel
1298 3857 1660 3912 incantatores
1701 3857 1841 3926 apud
1878 3873 1990 3920 vos,

417 3956 586 4001 morte
652 3948 999 4011 moriantur;
1070 3948 1334 4017 lapidibus
1397 3950 1520 4004 illos
1586 3949 1791 4005 obruite
1847 3966 1866 4003 :
1915 3950 1992 4004 rei

417 4049 541 4092 sunt
578 4039 648 4093 ⁷³.
1952 4049 1956 4054 ’

2087 1832 2302 1902 φάσεως
2365 1833 2548 1904 ἀπάτῃ
2618 1831 2816 1904 φθείρῃ
2893 1832 3074 1895 τινάς·
3138 1832 3347 1903 ἀνάγκη
3423 1831 3537 1903 γάρ
3596 1831 3655 1895 ἐξ

2087 1924 2324 1988 ἅπαντος
2373 1923 2731 1993 φυλάττεσθαι
2768 1923 2829 1976 τὸ
2869 1923 2968 1995 τῆς
3016 1923 3270 1994 μαντείας
3318 1923 3469 1992 ἆγος,
3518 1923 3597 1987 ὡς
3625 1926 3654 1977 ὁ

2087 2015 2380 2088 νομοθέτης
2408 2015 2710 2070 ἐθέσπισεν’
2740 2013 2850 2068 ἀλλ’
2884 2014 2945 2066 οὑ
2978 2015 3197 2086 μυσαρά
3227 2032 3311 2078 τις
3338 2016 3555 2085 ἡγεῖται
3586 2014 3653 2068 τὰ

2085 2105 2187 2176 τῆς
2225 2105 2611 2168 οἰωνοσκοπίας
2651 2104 2818 2168 αἴτια,
2849 2104 2948 2159 καὶ
2974 2105 3042 2159 τά
3072 2106 3172 2175 τῆς
3213 2105 3652 2178 ἐγγαστριμύθων

2091 2199 2316 2269 μαντεῖα
2344 2199 2438 2251 καὶ
2463 2197 2524 2250 σύ
2533 2197 2702 2268 μϐολα
2734 2199 3030 2273 κλῃδόνων;
3068 2198 3337 2253 ’Δκουέτω
3358 2198 3474 2262 πῶς
3496 2199 3654 2268 ὀλίγα

2088 2289 2323 2361 πρόσθεν
2349 2289 2591 2360 ὑπερϐὰς
2615 2290 2933 2360 ἐδογμάτισε
2959 2289 3145 2345 πάλιν·
3186 2290 3318 2343 Ἐὰν
3341 2289 3430 2353 δὲ,
3461 2291 3651 2359 φησὶν,

2087 2383 2366 2452 εἰσέλθῃς
2397 2387 2483 2449 εὶς
2512 2383 2628 2452 τὴν
2665 2383 2782 2454 γῆν
2811 2383 2892 2453 ἦν
2939 2386 3151 2452 Κύριος
3178 2387 3210 2438 ό
3247 2384 3389 2450 Θεός
3419 2397 3536 2437 σου
3574 2382 3654 2436 δί-

2086 2475 2238 2529 δωσί
2260 2491 2378 2539 σοι,
2407 2476 2478 2529 οὐ
2506 2473 2754 2545 μαθήσῃ
2777 2474 2970 2528 ποιεῖν
2991 2475 3138 2529 κατὰ
3166 2474 3238 2528 τὰ
3261 2474 3654 2545 βδελύῃιατα

2087 2567 2205 2623 τῶν
2249 2568 2440 2624 ἐθνῶν
2483 2567 2761 2623 ἐκείνων·
2826 2571 2936 2635 οὐχ
2991 2567 3371 2638 εὑρεθήσεται
3427 2569 3501 2622 ἐν
3554 2568 3652 2622 σοί

2088 2658 2517 2727 περικαθαίρων
2551 2657 2659 2712 τὸν
2700 2656 2834 2712 υἱὸν
2871 2657 3056 2712 αὑτοῦ
3090 2657 3188 2711 καὶ
3214 2657 3327 2726 τὴν
3361 2657 3654 2726 θυγατέρα

2088 2751 2275 2805 αὑτοῦ
2309 2751 2379 2805 ἐν
2423 2749 2589 2818 πυρὶ,
2626 2749 2724 2804 καὶ
2757 2750 3199 2820 μαντευόμενος
3215 2751 3523 2819 μαντείαν,
3557 2749 3654 2802 καὶ

2089 2838 2605 2909 κλῃδονιζόμενος,
2689 2839 2789 2894 καί
2857 2838 3256 2908 οἰωνιζόμενος
3316 2839 3651 2908 φαρμάκοις

2088 2930 2397 3000 ἐπαοιδὴν,
2430 2931 2914 3002 ἐγγηστρίμυθος,
2949 2933 3405 2998 τερατοσκόπος,
3439 2930 3655 2999 ἐπερω-

2090 3024 2208 3079 τῶν
2234 3025 2376 3091 τοὺς
2395 3025 2666 3093 νεκρούς·
2693 3025 2826 3079 ἔστι
2851 3027 2960 3094 γὰρ
2981 3023 3295 3094 ,βδέλυγμα
3316 3024 3510 3091 ΚιῬΙφ
3541 3021 3657 3090 πᾶς

2092 3123 2124 3173 ό
2170 3119 2354 3173 ποιῶν
2393 3120 2600 3175 ταῦτα.
2645 3118 2800 3172 Μετὰ
2838 3117 2995 3172 τοῦτο
3041 3116 3278 3189 μηνύων,
3312 3118 3391 3170 ὅτι
3426 3117 3654 3180 καὶτοῖς

2093 3211 2404 3282 ἁλλογενέσι
2448 3210 2536 3265 διά
2580 3210 2752 3265 ταῦτα
2793 3210 3022 3265 θανάτου
3064 3209 3275 3279 γένεσιν
3314 3208 3526 3262 ἀπειλεί
3566 3210 3657 3262 καὶ

2094 3303 2331 3376 φθορὰν,
2377 3305 2656 3375 ἐπήγαγεν
2695 3302 2896 3366 εὐθέως
2921 3321 2935 3334 σ
2969 3303 3189 3358 ’Ἕνεκα
3221 3302 3328 3371 γὰρ
3363 3299 3484 3354 τῶν
3513 3299 3656 3364 βδε-

2091 3394 2408 3465 λυγμάτων
2426 3395 2648 3449 τούτων
2658 3395 2868 3462 Κύριος
2881 3393 3292 3462 ὲξολοθρεύσει
3308 3392 3527 3458 αὐτοὺς
3542 3390 3657 3446 ἀπὸ

2093 3489 2229 3542 σοῦ.
2263 3487 2514 3540 Φαίνεται
2557 3485 2754 3550 τοίνυν,
2799 3485 2872 3548 ὼς
2907 3486 2940 3556 ἡ
2977 3485 3202 3556 μαντεία
3243 3485 3338 3555 τῆς
3368 3486 3656 3553 ἐγγαστρι-

2098 3577 2267 3648 μύθου
2310 3577 2658 3642 συνέζευκται
2696 3575 2833 3646 μετά
2879 3575 3096 3629 πάντων
3124 3574 3257 3642 ὁμοῦ
3293 3573 3400 3628 τῶν
3449 3574 3548 3644 τῆς
3580 3573 3657 3625 εί-

2093 3668 2485 3740 δωλολατρείας
2530 3665 2752 3721 αίτιῶν⁸
2802 3665 2989 3736 ὥσπερ
3025 3667 3084 3721 ἐν
3123 3665 3339 3736 πυρετῷ
3381 3664 3659 3718 σκυὸἀλων

2094 3761 2301 3816 ἔνδοθεν
2367 3761 2741 3833 ὑποκειμένων
2808 3759 3105 3833 ἐγερτικῶν
3174 3759 3271 3830 μὲν
3325 3757 3656 3829 ἀρρωστίας,

2095 3855 2532 3926 ὑπεκκαυμάτων
2564 3853 2621 3907 δέ
2657 3854 2961 3925 μοχθηρῶν,
2999 3852 3198 3924 οίδήσει
3231 3851 3324 3904 καὶ
3357 3849 3533 3921 φθορᾷ
3560 3849 3656 3918 τὴν

2095 3946 2312 4018 λυμώδη
2354 3947 2505 4002 νόσον
2547 3945 2806 4000 ἀποκύειν
2837 3943 3126 3998 εἰωθότων.
3161 3944 3223 3996 Εἰ
3255 3942 3310 3996 δέ
3341 3941 3405 4012 δὴ
3437 3941 3531 3995 καὶ
3571 3957 3658 3994 τε-

2099 4041 2464 4114 ρατοσκοπίας
2514 4039 2759 4111 ὠνόμασε
2801 4037 2900 4102 τάς
2939 4037 3179 4109 ἀμειδεῖς
3218 4034 3504 4098 ὀπτασίας,
3536 4034 3656 4086 ὅσαι

419 4131 506 4186 διά
532 4131 638 4186 τῶν
669 4133 1120 4206 ἐγγαστριμύθων
1148 4136 1502 4208 ἱστοροῦνται,
1537 4139 1879 4209 συνέστησεν,
1904 4139 1984 4192 ὅτι
2017 4137 2182 4210 μηδέν
2205 4138 2352 4191 ἐστιν
2375 4135 2569 4208 ἀληθὲς
2596 4137 2653 4188 ἐν
2678 4135 2859 4198 αὐτοῖς
2908 4151 2922 4164 ο
2955 4132 3220 4195 ἐντεῦθεν,
3277 4127 3449 4200 οἶμαι,
3501 4129 3658 4183 πάλιν

419 4229 478 4282 ἐν
508 4228 587 4299 τῷ
619 4229 887 4301 Λευῖτικῷ
927 4231 1382 4304 σκυθρωποτέραν
1419 4234 1691 4303 ἀπόφασιν
1747 4236 2004 4306 ἐξήνεγκε
2062 4236 2180 4290 κατ’
2214 4234 2410 4299 αὐτῶν,
2445 4230 2741 4302 ἐπαγαγὼν
2781 4231 2962 4292 αὐτοῖς
2995 4230 3219 4300 ῥήμασι·
3274 4227 3385 4281 Καὶ
3429 4224 3590 4295 ἀνὴρ
3621 4227 3657 4294 ἢ

417 4323 596 4393 γυνὴ,
625 4324 883 4395 φάμενος,
910 4325 987 4380 ἂν
1012 4325 1250 4396 γένηται
1280 4330 1747 4402 ἐγγαστρίμυθος
1773 4333 1812 4401 ἣ
1837 4330 2109 4394 ἐπαοιδός
2161 4330 2233 4385 ὲν
2278 4330 2440 4401 ὑμῖν,
2489 4327 2718 4390 θανάτῳ
2771 4324 3294 4385 θανατούσθωσαν,
3332 4321 3524 4386 λίθοις
3581 4321 3643 4373 .u’

420 4423 772 4476 θοϐολίσατε
799 4424 1022 4490 αὐτούς
1039 4441 1052 4454 ·
1085 4425 1289 4494 ἐνοχοί
1314 4429 1497 4481 εἰσιν.

490 4513 660 4569 XXV.
702 4514 842 4580 Quid
871 4515 963 4570 hic
1018 4516 1186 4587 igitur
1238 4517 1422 4574 dicent
1467 4519 1561 4590 qui
1601 4535 1772 4575 novas
1811 4518 1987 4591 Orige-

2164 4515 2331 4570 XXV.
2372 4513 2438 4567 Τί
2488 4511 2667 4565 τοίνυν
2714 4509 2875 4579 φασὶν
2909 4509 2959 4562 oi
2987 4505 3085 4569 τὰς
3138 4502 3443 4576 Ὧριγένους
3485 4505 3657 4558 ἀσπα-

423 4609 511 4665 nis
577 4608 879 4664 sententias
954 4608 1360 4679 amplectendas
1434 4627 1556 4668 esse
1625 4611 1994 4667 contendunt?

423 4697 622 4752 Utrum
645 4696 814 4752 veluti
838 4695 1203 4766 pessimarum
1243 4700 1442 4756 artium
1471 4711 1788 4771 operatores
1816 4701 1995 4773 Euga-

425 4788 746 4860 strimythos
781 4789 937 4859 jubet
986 4791 1186 4855 occidi,
1218 4792 1304 4848 vel
1345 4808 1376 4846 e
1413 4794 1690 4848 contrario
1730 4794 1998 4850 bonorum

423 4899 650 4955 Operum
683 4883 1083 4954 praeceptores?
1125 4883 1262 4938 Nam
1323 4884 1372 4939 si
1417 4884 1710 4954 impiorum
1749 4894 1876 4942 sunt
1897 4901 1998 4942 au-

426 4984 607 5033 ctores
630 4977 960 5043 facinorum,
979 4977 1102 5046 jure
1127 4977 1306 5047 legum
1343 4977 1484 5032 lator
1503 4976 1874 5042 detestandos,
1905 4977 1999 5047 qui

428 5069 566 5124 nihil
611 5070 726 5125 veri
778 5069 1159 5141 pronuntiant,
1204 5069 1490 5136 eliminat;
1542 5070 1627 5125 sin
1671 5070 2000 5140 Optimarum

429 5163 707 5218 actionum
758 5162 1005 5235 magistri
1041 5168 1190 5226 sunt,
1227 5161 1430 5216 frustra
1480 5161 1536 5216 in
1580 5177 1678 5218 eos
1708 5163 1793 5218 lex
1831 5162 1997 5217 anim-

431 5254 683 5308 advertit.
740 5253 952 5325 Quippe
1001 5255 1048 5310 si
1095 5256 1164 5310 ab
1225 5255 1418 5311 inferis
1488 5255 1700 5310 animas
1760 5255 2001 5312 educunt

430 5361 554 5414 quae
579 5360 704 5399 cum
745 5344 854 5400 huc
883 5345 1204 5402 advenerint
1237 5346 1418 5403 futura
1448 5347 1770 5418 praedicant,
1814 5362 2002 5403 neces-

433 5438 579 5492 saria
612 5426 980 5507 indigentibus
1023 5440 1229 5494 utiliter
1268 5448 1602 5510 suggerunt;
1637 5439 1840 5510 injuste
1867 5455 1999 5510 ergo

431 5530 710 5602 lapidibus
740 5529 900 5584 obrui
925 5531 1304 5588 benefactores
1325 5533 1505 5602 legum
1528 5532 1667 5587 lator
1698 5534 1956 5604 praecepit
1982 5551 1996 5588 :

505 5713 552 5746 τ’
574 5713 734 5768 Deut.
761 5728 917 5780 xvm,
956 5712 1101 5769 9-12.
1163 5713 1209 5748 "
1227 5713 1394 5771 Lavit.
1435 5729 1527 5779 xx,
1558 5713 1646 5770 27.

2102 4609 2263 4673 στέας
2291 4606 2431 4661 εἶναι
2461 4604 2732 4676 τιθέμενοι
2766 4600 3114 4666 δοξοκοπίας;
3147 4598 3380 4670 Πότερον
3408 4595 3484 4659 ὡς
3525 4596 3658 4666 ἐχθί-

2102 4720 2242 4758 στων
2275 4698 2718 4771 ἐπιτηδευμάτων
2746 4694 2952 4756 αἰτίους
2982 4688 3322 4763 ἀναιρεῖσθαι
3345 4688 3656 4759 προστάττει

2101 4797 2228 4859 τοὺς
2262 4790 2751 4864 ἐγγαστριμύθους,
2788 4787 2822 4860 ἢ
2847 4785 3153 4840 τούναντίον
3181 4782 3257 4845 ὼς
3286 4780 3509 4850 ἀγαθῶν
3542 4781 3655 4832 ὑπο-

2101 4887 2341 4959 θήμονας
2373 4885 2585 4956 ἔργωνς
2619 4884 2680 4935 Et
2716 4880 2814 4951 μὲν
2851 4873 2944 4932 οὖν
2983 4873 3198 4930 ἀσεϐῶν
3231 4871 3338 4926 εἰσὶ
3378 4870 3654 4943 δραμάτων

2101 4978 2413 5050 αὐτουργοὶ,
2443 4974 2663 5037 δικαίως
2689 4975 2718 5027 ὀ
2746 4970 3040 5042 νομοθέτης
3068 4965 3365 5021 ἀπελαύνει
3389 4975 3515 5026 τους
3543 4966 3652 5016 ἐνα-

2102 5075 2241 5141 γεῖς,
2273 5069 2422 5124 οὑδέν
2454 5063 2901 5135 εἰσαγγέλλοντας
2939 5058 3166 5132 ἀληθές·
3211 5060 3259 5110 εἰ
3288 5056 3346 5110 δέ
3373 5054 3651 5109 καλλίστων

2104 5163 2324 5234 εὑρεταὶ
2357 5157 2607 5231 πράξεών
2649 5158 2775 5219 εἰσι,
2807 5152 3075 5225 περιττῶς
3116 5155 3144 5205 ὁ
3173 5149 3334 5220 νόμος
3371 5146 3650 5234 ἐψηφίσατο

2105 5233 2224 5309 κατ’
2258 5252 2455 5306 αὐτῶν.
2484 5252 2548 5303 Ei
2587 5249 2696 5320 γάρ
2726 5247 2985 5316 ἀνάγουσι
3016 5244 3115 5316 μὲν
3156 5241 3215 5309 ἐξ
3241 5240 3365 5312 ᾅδου
3391 5237 3580 5309 ψυχὰς,
3606 5233 3648 5289 a1

2103 5346 2160 5400 δὲ
2181 5344 2570 5415 ἀφικνούμεναι
2600 5342 2757 5414 δεῦρο
2786 5339 3109 5412 κηρύττουσι
3138 5337 3198 5390 τὸ
3228 5333 3438 5406 μέλλον,
3461 5326 3633 5400 ἐφόδιά

2106 5439 2259 5504 ζουσι
2316 5438 2442 5500 τοὺς
2489 5436 2773 5507 δεομένους
2824 5430 3142 5503 ἐπωφελῶς,
3185 5429 3246 5482 οὑ
3293 5425 3528 5487 δικαίως.
3557 5420 3646 5487 dm

2103 5529 2495 5587 λιθοϐολεῖσθαι
2521 5530 2644 5594 τοὺς
2667 5529 2958 5601 εὐεργέτας
2983 5523 3267 5581 ἐθέσιι-ισεν
3297 5522 3326 5575 ὁ
3354 5514 3642 5591 νομοθέτης
