3850 6160
203 315 314 373 665
1122 312 1212 369 DE
1241 311 1833 370 ENGASTRIMYTHO
1855 311 2134 371 CONTRA
2160 309 2533 370 emersam.
3344 271 3452 370 eos

200 439 347 494 ὥστε
368 437 516 492 δυοῖν
546 437 759 510 ἀνάγκη
789 438 1035 509 θάτερον,
1061 438 1094 510 ἢ
1129 437 1332 501 ταύτας
1363 436 1662 509 ἀχρειῶσαι
1680 436 1746 490 τὰ

1851 489 1855 499 ,
1883 439 1958 491 ita
1991 443 2053 492 ut
2080 451 2250 492 unum
2291 451 2359 491 ex
2400 435 2630 491 duobus
2663 447 2888 490 necesse
2915 431 3072 488 iactu
3100 431 3194 497 sit,
3220 439 3316 487 aut
3347 433 3450 490 has

199 531 410 604 φωνὰς,
443 532 478 602 ἢ
513 531 585 584 τά
624 531 725 602 τῆς
769 529 1208 601 ἐγγαστριμύθου
1255 531 1476 600 ῥήματα
1509 527 1746 582 διαϐαλεῖ

1879 543 2042 584 voces
2077 535 2340 599 tanquam
2370 527 2593 583 inutiles
2631 527 2892 596 abjicere,
2919 527 3004 582 vel
3030 527 3447 599 engastrimythi

195 623 278 688 ὡς
307 623 450 677 ἐωλα
487 625 582 677 καὶ
615 622 807 694 ψευδῆ.
854 621 1012 676 Ἀλλά
1040 622 1094 676 τί
1120 621 1343 694 φῶμεν;
1389 621 1744 688 Ἀντιδοξοῦσι

1879 621 2044 676 verba
2097 627 2360 692 tanquam
2409 620 2544 675 falsa
2599 627 2760 690 atque
2814 635 2956 675 vana
2997 621 3299 676 criminari.
3339 618 3444 675 Sed

199 716 425 780 ἑαυταῖς
455 719 510 770 αἱ
541 716 681 771 θεῖαι
709 716 920 788 Γραφαί
944 733 959 782 ;
985 719 1105 780 ταῖς
1134 716 1190 769 δὲ
1223 715 1443 779 πολλαῖς
1469 716 1502 786 ἡ
1545 714 1640 786 μία
1675 714 1776 785 μά-

196 823 356 878 χεται
398 807 615 879 ψῆφοςς
659 809 724 862 Ei
768 809 812 862 δ’
857 808 968 880 ἄρα
1006 809 1100 862 καὶ
1146 807 1292 878 μάχη
1333 806 1416 870 τίς
1454 807 1622 871 ἐστιν,
1654 806 1776 858 ἐπι-

192 898 467 971 κρατοῦσι
516 898 729 954 πολλαί.
769 899 880 953 Καὶ
934 899 1040 970 μὴν
1079 900 1144 952 ἐκ
1174 899 1282 952 τῶν
1315 896 1572 951 ἐναντίων
1602 895 1773 960 οὕτως

187 990 464 1063 ὀμοφώνῳ
508 991 724 1063 συνοδίᾳ
753 991 1220 1062 καταψηφίζονται
1251 989 1360 1044 τῶν
1403 989 1770 1061 ἐγγαστριμύ-

189 1082 306 1139 θων
335 1085 410 1150 ὡς
439 1085 626 1140 ἀνόσια
657 1085 919 1157 δρῶνται·
965 1086 1116 1139 οὐδὲν
1141 1081 1304 1159 ἦττον
1339 1085 1418 1139 ἐτι
1450 1086 1554 1139 κάν
1587 1089 1650 1157 τῇ
1679 1102 1769 1138 τε-

184 1176 369 1250 τάρτῃ
411 1177 518 1232 τῶν
544 1178 844 1233 Βασιλειῶν
883 1178 1278 1250 ἀνειλημμένον
1315 1180 1486 1243 ἐστὶν,
1535 1180 1617 1232 ὅτι
1645 1181 1771 1233 Μα-

179 1269 398 1340 νασσῆς
431 1269 528 1340 μὲν
562 1269 818 1333 ἀσεϐείας
850 1270 1120 1341 ὑπερϐολῇ
1149 1270 1286 1342 πρὸς
1318 1265 1402 1334 οἷς
1441 1269 1768 1324 ἐδικαιοκτό-

178 1375 293 1424 νει,
337 1359 433 1413 καὶ
465 1359 723 1425 παντοίας
751 1361 1086 1434 ἐθρήσκευεν
1129 1362 1564 1434 είδωλομόρφους
1611 1361 1764 1424 ὕλαςο

193 1447 517 1516 Ἐποίησεν
573 1449 785 1516 ἐαυτῷ,
850 1452 1036 1522 φησὶν,
1093 1451 1600 1522 ἐγγαστριμύθους
1665 1450 1767 1506 καὶ

172 1539 490 1611 τνώστας·
538 1543 909 1615 ἀντιστρόφως
949 1543 996 1596 δ’
1047 1538 1112 1598 αὖ
1148 1543 1309 1599 πάλιν
1353 1546 1381 1597 ό
1421 1541 1765 1614 δικαιοσύνης

171 1634 352 1705 ἀρετῇ
402 1633 710 1707 διαπρέψας
767 1636 976 1700 Ἰωσίας
1020 1638 1050 1689 ό
1103 1634 1355 1706 βασιλεὺς
1401 1635 1618 1690 ἅπαντα
1665 1634 1763 1705 μὲν

168 1723 318 1796 ὁμοῦ
361 1725 431 1779 τά
469 1727 822 1799 χειρότευκτα
854 1727 1103 1782 καθεῖλεν
1134 1727 1503 1800 ἀφιδρύματα,
1546 1727 1679 1799 πυρὶ
1703 1727 1760 1780 δὲ

1876 714 2008 784 quid
2054 713 2340 770 dicemus?
2370 713 2690 786 Pugnantne
2735 714 2879 769 inter
2907 731 2967 770 se
3004 729 3172 770 sacrae
3218 713 3450 770 litterae?

1876 817 1945 857 an
1985 819 2092 858 una
2123 804 2394 858 sententia
2431 804 2618 859 multis
2647 803 3009 859 adversatur?
3037 802 3094 858 Si
3123 819 3243 873 qua:
3263 812 3445 859 tamen

1874 896 2018 951 inter
2061 910 2156 952 eas
2215 895 2586 951 controversia
2632 903 2750 960 est,
2799 895 2998 964 potiori
3056 910 3246 952 eorum
3300 896 3444 966 parti

1872 991 2053 1062 palma
2093 989 2274 1044 danda
2327 969 2432 1043 est.
2494 986 2560 1040 Et
2605 993 2785 1042 tamen
2849 989 3138 1041 contraria:
3189 988 3445 1042 omnibus

1871 1080 2160 1138 sententiis
2234 1080 2292 1134 in
2351 1079 2905 1150 engastrimythorum
2967 1079 3439 1144 condcmnatione,

1868 1182 2130 1245 tanquam
2159 1187 2350 1228 eorum
2389 1172 2482 1243 qui
2527 1171 2694 1242 impie
2723 1179 2909 1242 agunt,
2943 1183 3296 1226 concurrunt.
3328 1173 3441 1228 hec

1868 1265 2052 1320 minus
2082 1273 2344 1335 praeterea
2374 1264 2430 1318 in
2456 1274 2654 1335 quarto
2681 1263 2885 1336 Regum
2921 1265 3148 1320 relatum
3187 1273 3292 1330 est,
3326 1265 3443 1320 Ma-

1868 1371 2086 1412 nassem
2118 1356 2414 1426 impietatis
2443 1372 2694 1424 excessu,
2732 1360 2926 1426 praeter
2951 1357 3224 1427 justorum
3251 1373 3438 1425 neces,

1867 1445 2122 1500 omnibus
2169 1447 2332 1502 rebus
2375 1461 2494 1516 quae
2526 1445 2670 1501 idola
2703 1462 2816 1516 pra:
2873 1435 2931 1503 se
2969 1446 3216 1502 ferebant
3263 1447 3437 1503 servi-

1866 1533 2011 1593 visse
2045 1556 2058 1592 :
2095 1535 2247 1592 Fecit
2276 1537 2379 1593 sibi
2412 1539 2536 1607 ipsi,
2571 1538 2647 1592 ait
2668 1537 2735 1603 7",
2767 1538 3210 1608 engastrimytltos
3236 1547 3285 1592 et
3307 1555 3440 1609 gno—

1866 1623 2002 1685 ειὸε.
2040 1629 2117 1684 Ex
2151 1630 2324 1685 altera
2376 1645 2504 1686 vero
2549 1638 2729 1702 parte,
2777 1629 2872 1700 qui
2911 1629 3138 1699 justitiae
3178 1631 3340 1685 laude
3370 1631 3438 1684 il-

1865 1719 2025 1785 luxit,
2057 1718 2238 1776 Josias
2273 1736 2368 1776 rex
2410 1735 2600 1776 omnes
2646 1719 2809 1774 simul
2844 1718 3188 1794 manufaCtas
3226 1726 3436 1774 statuas

169 1788 502 1887 τεφρώσας..
525 1788 817 1888 ἠφάνισεν·
860 1819 921 1874 οὐ
974 1819 1080 1891 μὴν
1111 1788 1248 1873 ἀλλά
1269 1788 1352 1888 ’γέ
1386 1788 1522 1890 πρὸς
1549 1788 1746 1882 τούτοις

1863 1813 2128 1883 dejectas,
2163 1814 2288 1883 igne
2321 1822 2674 1882 consumptas
2707 1812 2927 1868 delevit.
2961 1788 3116 1866 inter
3141 1817 3338 1867 caetera
3379 1818 3438 1866 et

165 1906 451 1977 ἀφεῖλεν,
500 1909 605 1982 ἔφη
627 1952 642 1977 ,
698 1911 840 1979 τοὺς
882 1913 1389 1982 ἐγγαστριμύθους
1411 1951 1426 1975 ,
1472 1911 1570 1965 καὶ
1613 1910 1756 1977 τοὺς

165 2002 473 2070 τνώστας,
517 2003 618 2058 καὶ
674 2005 747 2059 τὰ
778 2004 1048 2074 θεραφίμ,
1097 2004 1195 2058 καὶ
1244 2003 1317 2058 τὰ
1367 2003 1606 2068 εἴδωλα,
1655 2005 1756 2059 καὶ

163 2092 247 2146 τὰ
296 2096 647 2162 καρασαείν·
708 2092 827 2149 εἶτα
885 2096 979 2150 καὶ
1047 2097 1164 2167 μετ’
1231 2094 1386 2164 ὀλίγα
1433 2094 1634 2165 φησὶν,
1669 2097 1754 2150 ὅτι

164 2180 266 2235 καὶ
290 2182 675 2252 ἐνεπύρισεν,
703 2186 778 2250 ὡς
813 2186 1046 2258 ἀθέμιτα
1091 2184 1311 2256 δηλαδή.
1344 2185 1642 2254 Τοιγαροῦν
1677 2185 1754 2239 εί-

163 2292 281 2345 περ
310 2278 340 2328 ὁ
388 2278 554 2343 αὐτός
596 2280 712 2332 ἐστι
745 2280 1096 2351 συγγραφεὺς
1139 2278 1399 2349 ἐκατέρου
1447 2277 1540 2332 τοῦ
1573 2279 1755 2350 γράμ-

167 2384 364 2437 ματος,
410 2371 643 2425 ἐνταῡθα
682 2371 739 2425 δὲ
771 2371 864 2424 δύο
894 2370 1162 2444 πρόσωπα
1195 2370 1426 2440 βιολογεῖ
1467 2370 1747 2441 βασιλέων,

158 2455 289 2512 εἶτα
331 2463 544 2515 τούτοιν
567 2463 629 2516 τὸ
660 2465 758 2534 μὲν
787 2464 969 2519 ἄδικον
997 2465 1206 2535 εἰσάγει
1236 2465 1339 2538 [ὅτι
1383 2467 1541 2540 πρὸς]
1569 2467 1748 2532 ἄλλοις

158 2553 344 2608 εἵλετο
370 2555 466 2608 καὶ
498 2553 606 2608 τῶν
632 2555 1104 2627 ἐγγαστριμύθων,
1133 2557 1194 2610 τὸ
1217 2558 1274 2611 δέ
1298 2559 1441 2631 ζήλῳ
1461 2559 1746 2630 διεγηγερ-

162 2648 333 2716 μένον
370 2648 601 2712 ἐπαινεῖ,
636 2647 716 2718 τῷ
753 2649 846 2702 καὶ
882 2650 1008 2714 τοὺς
1047 2651 1516 2722 ἐγγαστριμύθους
1557 2651 1745 2720 ἐξᾶραι

159 2739 306 2809 πρὸς
345 2739 518 2793 ἅπασι
554 2743 669 2804 τοῖς
711 2739 945 2812 ἐχθροῖς.
977 2741 1041 2795 Et
1086 2741 1142 2795 δὲ
1175 2741 1350 2797 ταῦτα
1393 2742 1564 2806 οὕτως
1611 2742 1742 2813 ἔχει,

159 2829 518 2900 συνέστηκεν,
559 2831 640 2883 ὃτι
671 2832 770 2901 οὐχ
809 2831 986 2904 ἐαυτῷ
1022 2833 1330 2904 μαχομένας
1361 2832 1590 2898 ἐξεδίδου
1633 2852 1745 2903 φω-

155 2921 282 2984 νάς.
325 2921 450 2974 Οὐδ’
485 2917 553 2974 αὖ
587 2921 648 2975 τὸ
674 2921 900 2993 Πνεῦμα
930 2923 992 2977 τὸ
1019 2924 1172 2994 ἅγιον
1210 2923 1447 2993 ἔφασκεν
1475 2924 1744 2996 ἀναϐεϐη-

156 3013 323 3066 κέναι
365 3013 458 3066 τὸν
501 3013 776 3084 Σαμουὴλ,
820 3013 956 3067 ἀλλὰ
990 3017 1120 3080 τοὺς
1165 3016 1264 3086 τῆς
1303 3017 1741 3088 ἐγγαστριμύθου

155 3105 402 3178 διηγεῖτο
428 3105 638 3175 λόγους,
672 3107 748 3171 ὡς
790 3105 928 3178 ᾤετο
963 3108 1057 3161 καὶ
1098 3109 1159 3162 τὸ
1207 3109 1383 3164 δοκεῖν
1430 3111 1742 3182 ἐκόμπαζεν
1770 3150 1812 3208 C

155 3199 352 3269 ἐκείνη
394 3201 876 3268 φαντασιοκοπίαις
927 3201 1308 3274 ἀναπτεροῢσα
1353 3202 1444 3257 τὸν
1477 3203 1744 3276 δυνάστην

156 3291 397 3363 ἀδήλοις·
449 3293 508 3345 οὐ
545 3293 653 3364 γὰρ
696 3292 762 3346 ἂν
801 3292 979 3364 ἐαυτῷ
1011 3295 1103 3347 καὶ
1130 3296 1249 3358 ταῖς
1287 3294 1474 3358 ἄλλαις
1503 3297 1742 3362 άπάσαις

158 3384 399 3455 ἐμάχετό
426 3399 543 3448 πως
570 3385 832 3456 Γραφαῖς.
875 3383 1013 3437 Ἀλλ’
1043 3385 1163 3456 οὐχὶ
1200 3386 1359 3457 μόνον
1390 3380 1549 3440 αὗται
1573 3386 1742 3442 ταῦτα

156 3474 530 3544 διελέγχουσιν
573 3476 630 3526 αἱ
677 3475 882 3546 ῥήσεις,
929 3474 1046 3528 ἀλλ’
1075 3474 1156 3528 ἐτι
1185 3491 1250 3544 γε
1294 3474 1504 3540 τούτοις
1543 3477 1744 3549 ἐπιψη-

160 3563 383 3633 φίζεται
430 3564 523 3616 καὶ
574 3563 784 3634 μάρτυς
824 3563 982 3628 ἄλλος
1027 3563 1342 3634 ἀξιοφανὴς,
1389 3565 1418 3617 ὁ
1457 3565 1741 3637 προφήτης

166 3657 424 3721 Ἦσαῖας,
459 3658 535 3730 πὴ
567 3659 664 3724 μὲν
699 3657 1058 3730 ἀπαγορεύων
1101 3659 1170 3712 τὰ
1214 3658 1392 3712 τοιάδε
1448 3658 1616 3730 μύση,
1663 3660 1739 3732 πὴ

154 3747 214 3803 δὲ
244 3749 528 3822 παραινῶν
566 3751 829 3822 ὀρθότατα
868 3754 982 3815 τοῖς
1022 3751 1283 3823 ὑπηκόοις
1322 3751 1472 3823 αὐτῷ
1501 3753 1736 3807 κελαδεῖ·

158 3840 268 3892 Καὶ
302 3839 413 3893 ἐὰν
448 3839 661 3894 εἴπωσι
709 3841 859 3909 πρὸς
897 3841 1072 3911 ὑμᾶς’
1112 3842 1424 3912 Ζητήσατε
1463 3845 1606 3913 τοὺς
1645 3846 1740 3915 ἐγ-

158 3934 618 4003 ταστριμύθους,
645 3932 742 3988 καὶ
765 3933 910 3999 τοὺς
939 3934 1058 3988 ἀπὸ
1087 3933 1200 4003 τῆς
1228 3935 1343 4004 γῆς
1367 3937 1734 4006 φωνοῦντας,

157 4025 302 4091 τοὺς
321 4024 818 4095 κενολογοῦντας,
837 4025 902 4078 οἳ
922 4025 990 4078 ἐκ
1021 4025 1129 4094 τῆς
1153 4027 1383 4094 κοιλίας
1407 4028 1733 4096 φωνοῦσιν·

159 4120 298 4188 οὐχὶ
323 4120 498 4186 ἔθνος
521 4119 670 4187 πρὸς
695 4119 860 4172 Θεόν.
892 4115 1026 4173 Εἶτά
1047 4137 1097 4172 τι
1124 4119 1263 4190 μετὰ
1282 4121 1454 4174 ταῦτα
1481 4122 1738 4194 προσθεὶς

157 4213 434 4285 ἐπιφέρει”
487 4214 546 4266 Τί
605 4211 975 4281 ἐκζητοῦσιν,
1021 4212 1145 4284 ἔφη,
1183 4213 1315 4281 περὶ
1359 4212 1478 4268 τῶν
1509 4214 1738 4276 ζώντων

160 4309 307 4373 τοὺς
353 4307 642 4376 νεκρούς;
681 4309 882 4378 Νόμον
910 4306 1022 4376 γὰρ
1053 4309 1139 4373 εὶς
1169 4306 1459 4375 ,βοήθειαν
1492 4286 1734 4376 ἔδωκεν,

158 4398 260 4454 ἶνα
290 4399 543 4454 εἴπωσιν
573 4401 686 4468 οὐχ
715 4400 794 4466 ὡς
826 4398 894 4453 τὸ
914 4397 1081 4468 ῥῆμα
1110 4397 1306 4462 τοῦτο,
1341 4398 1476 4468 περὶ
1515 4395 1586 4455 οὗ
1624 4401 1736 4453 οὐκ

1836 1904 1918 1960 τὶᾶ
1949 1914 2248 1959 memoratu
2278 1905 2500 1975 dignum
2544 1905 2696 1976 egit:
2733 1904 2986 1969 Sustulit,
3011 1904 3186 1974 inquit
3209 1905 3277 1972 ⁷⁵,
3321 1921 3438 1959 ven-

1864 1997 2141 2068 triloquos,
2171 2007 2222 2052 et
2248 2006 2488 2069 gnostas,
2521 2008 2569 2052 et
2594 1997 2909 2068 theraphim,
2929 2004 2980 2051 et
3011 1996 3179 2062 idola,
3197 2005 3250 2051 et
3279 2012 3435 2049 cara-

1859 2091 1997 2144 saim
2027 2105 2047 2143 :
2076 2098 2130 2146 et
2160 2092 2352 2161 paucis
2380 2091 2706 2160 interjectis,
2730 2107 2792 2146 ea
2813 2090 3118 2153 combussit,
3144 2089 3241 2154 ait,
3264 2087 3434 2144 veluti

1857 2180 2085 2236 nefaria.
2143 2180 2329 2252 Itaque
2371 2183 2420 2238 si
2452 2183 2740 2252 utriusque
2789 2183 3106 2252 scriptionis
3148 2196 3294 2236 unus
3347 2187 3434 2236 est

1857 2281 2068 2342 auctor,
2117 2275 2175 2329 in
2223 2275 2422 2345 quibus
2469 2275 2700 2329 duorum
2759 2290 2948 2345 regum
2996 2275 3138 2328 vitas
3184 2272 3428 2343 scripsit,

1856 2364 2050 2420 horum
2094 2367 2326 2421 alterum
2362 2366 2626 2437 injustum
2665 2364 2840 2420 fuisse
2893 2365 2990 2429 ait,
3040 2364 3186 2435 quod
3231 2371 3431 2432 praiter

1855 2458 1960 2512 alia
1984 2459 2355 2530 ventriloquos
2385 2460 2682 2524 induxerit,
2720 2461 2950 2514 alterum
2972 2457 3225 2511 laudibus
3260 2455 3430 2510 extol-

1853 2551 1916 2604 lit
1945 2551 2090 2621 quod
2119 2553 2306 2608 divino
2331 2553 2448 2608 zelo
2475 2553 2746 2607 excitatus
2769 2553 3138 2620 ventriloquos
3179 2564 3289 2619 pra:
3315 2563 3430 2603 om-

1851 2643 2016 2697 nibus
2066 2644 2305 2701 inimicis
2331 2645 2612 2700 deleverit.
2648 2643 2773 2698 Haec
2802 2644 2849 2700 si
2892 2643 2965 2697 ita
2994 2657 3052 2698 se
3076 2642 3297 2705 habent,
3329 2653 3428 2710 pa-

1852 2742 1928 2802 tet
1983 2751 2094 2791 non
2139 2739 2242 2793 sibi
2294 2738 2650 2794 adversantes
2694 2751 2856 2792 voces
2906 2736 3179 2791 emisisse.
3237 2733 3424 2804 Neque

1851 2829 2091 2901 Spiitus
2111 2840 2336 2888 sanctus
2364 2832 2592 2890 dixisset
2614 2832 2922 2889 Samuelem
2964 2829 3300 2894 ascendisse,
3329 2829 3422 2884 sed

1847 2924 2262 2996 engastrimythi
2309 2923 2579 2980 referebat
2633 2939 2938 2988 sermones,
2987 2924 3159 2989 illam,
3210 2921 3289 2975 uti
3321 2921 3425 2978 sibi

1849 3016 2134 3072 videbatur
2167 3029 2332 3088 atque
2363 3018 2709 3088 opinabatur,
2757 3017 3043 3088 magniﬁce
3075 3033 3135 3072 se
3161 3015 3424 3085 jactasse,

1847 3109 2081 3178 spectris
2115 3122 2237 3178 qua:
2271 3116 2485 3162 tantum
2525 3109 2916 3179 imaginatione
2947 3108 3184 3163 obscure
3224 3106 3424 3180 depre-

1848 3200 2249 3265 hendebantur,
2293 3215 2477 3271 regem
2526 3216 2622 3272 spe
2676 3202 2818 3256 bona
2870 3187 3426 3274 extollendiaNeque

1848 3294 1995 3347 enim
2025 3291 2243 3346 sibimet
2288 3291 2392 3362 ipsi
2423 3293 2654 3362 aliisque
2686 3291 2986 3362 Scripturis
3042 3294 3298 3350 omnibus
3326 3294 3425 3349 ad-

1848 3392 2179 3439 versaretur.
2236 3382 2425 3453 Neque
2479 3393 2689 3437 tantum
2752 3385 2836 3438 hae
2890 3385 3250 3441 auctoritates
3313 3385 3421 3441 ista

1848 3475 2130 3540 damnant,
2161 3475 2255 3531 sed
2285 3485 2484 3546 praeter
2523 3475 2624 3530 has
2658 3475 2800 3530 alius
2834 3476 2962 3530 item
3015 3475 3176 3531 testis
3206 3475 3310 3532 ﬁde
3337 3477 3421 3532 di-

1847 3583 1988 3638 gnus
2016 3565 2186 3622 Isaias
2223 3567 2510 3636 prepheta,
2543 3567 2813 3622 calculum
2849 3566 3017 3620 addit.
3061 3565 3162 3620 Hic
3201 3567 3420 3636 quidem

1847 3658 2054 3714 similes
2103 3657 2538 3712 abominationes
2591 3665 2909 3712 exsecratus
2962 3657 3076 3712 haec
3123 3657 3325 3723 subdit,
3361 3665 3422 3712 ut

1847 3751 1922 3805 ita
1963 3752 2222 3816 sentiant,
2253 3751 2557 3806 rectissime
2611 3750 2928 3806 adhortatus
2965 3768 2979 3806 :
3017 3749 3086 3804 Et
3117 3752 3164 3804 si
3187 3751 3420 3804 dixerint

1845 3841 1987 3896 vobis
2010 3858 2029 3896 :
2055 3841 2288 3908 Quwrite
2335 3842 2707 3912 ventriloquos,
2731 3852 2780 3897 et
2815 3861 2901 3898 eos
2931 3847 3022 3916 qui
3067 3864 3101 3900 a
3127 3857 3270 3902 terra
3313 3847 3420 3902 cia-

1845 3946 2013 4002 mant,
2043 3937 2132 4007 qui
2167 3952 2296 3991 vane
2332 3936 2637 4007 loquuntur,
2686 3938 2825 3993 νει-ε
2855 3949 3030 3993 ventre
3069 3941 3286 3996 dicunt:
3315 3958 3419 3997 non

1842 4041 1923 4086 est
1979 4047 2103 4101 gens
2143 4029 2212 4084 ad
2257 4029 2446 4085 Deum.
2500 4029 2705 4086 Deinde
2756 4034 2948 4101 paucis
3007 4035 3245 4090 additis:
3278 4035 3418 4101 Quid

1843 4131 2084 4194 quaerunt
2110 4122 2174 4177 de
2221 4123 2348 4177 vivis
2389 4125 2667 4178 mortuos?
2695 4122 2880 4195 Legem
2919 4127 3103 4196 quippe
3151 4128 3209 4180 iu
3265 4129 3418 4182 auxi-

1843 4214 1975 4268 lium
2031 4214 2193 4280 dedit,
2237 4223 2298 4267 ut
2326 4212 2529 4279 dicant,
2562 4232 2666 4269 non
2721 4218 2797 4270 sic
2828 4226 2886 4270 ut
2922 4218 3134 4271 verbum
3175 4218 3289 4285 hoc,
3320 4235 3417 4289 pro

1841 4325 1944 4377 quo
1966 4324 2070 4363 non
2091 4315 2171 4362 est
2203 4306 2332 4362 dare
2372 4323 2593 4362 munera
2621 4323 2716 4376 pro
2753 4325 2814 4363 eo
2839 4310 2906 4376 ⁷⁸,
2939 4309 3086 4362 clara
3119 4320 3419 4380 sanctaque

1841 4415 1976 4455 voce
2034 4414 2231 4470 genus
2262 4413 2426 4454 omne
2482 4401 2954 4470 ventriloquorum
2983 4401 3238 4470 explosit.
3272 4402 3336 4454 Et
3367 4402 3416 4457 si
3448 4442 3451 4445 ι

159 4491 293 4546 ἔστι
329 4491 486 4559 δῶρα
533 4491 762 4544 δοῦναι·
800 4489 1050 4562 προδήλῳ
1091 4488 1188 4560 μὲν
1220 4490 1510 4562 ἱεροφωνίᾳ
1541 4490 1600 4543 τὺ
1628 4491 1735 4544 τῶν

1851 4493 2258 4564 vaniloquorum
2309 4493 2543 4549 similem
2589 4509 2911 4550 consessum
2941 4493 3260 4560 declaravit,
3295 4497 3416 4552 sine

159 4585 616 4655 ἐγγαστριμύθων
661 4583 974 4657 ἀπεκήρυξε
1015 4583 1189 4653 γένος.
1231 4585 1294 4636 Εἰ
1335 4583 1390 4636 δὲ
1437 4583 1734 4652 κενολόγων

159 4674 408 4746 ἀπέφηνε
435 4676 496 4728 τὺ
523 4677 731 4730 τοιοῦτο
771 4675 1066 4747 συνέδριον,
1107 4674 1490 4744 ἀναμφιλόγως
1522 4673 1734 4727 ἀπέδει-

160 4761 266 4832 ξεν,
308 4767 391 4820 ὅτι
434 4767 636 4822 τούτων
677 4768 827 4822 οὐδὲν
865 4767 1041 4832 οὐδεὶς
1091 4765 1434 4820 οὐδεπώποτε
1479 4765 1625 4834 λέγει
1671 4764 1732 4818 τὸ

159 4859 420 4931 παράπαν
481 4859 699 4931 ἀληθὲς,
753 4859 888 4914 ἀλλά
947 4859 1281 4932 ψευδηγορίᾳ
1342 4858 1438 4929 μὲν
1486 4857 1734 4927 ύποκένῳ

107 5002 110 5004 ν
159 4947 448 5004 πλάττουσι
491 4949 590 5021 τὴν
629 4951 865 5023 ἀπάτην,
909 4950 1062 5022 ὲώλῳ
1096 4952 1153 5005 δὲ
1193 4949 1475 5020 κενολογίᾳ
1508 4948 1731 5018 φενακί-

157 5037 309 5103 ζουσι
357 5043 486 5105 τοὺς
528 5043 780 5114 ἀμαθεῖς.
824 5044 986 5098 Ὅθεν
1026 5043 1334 5105 ἀκολούθως
1374 5041 1732 5094 ἐπέσκωπτεν

156 5132 382 5200 ἐκείνοις
416 5136 530 5188 ὅσοι
550 5136 803 5207 περὶτῶν
825 5135 1040 5201 ζώντων
1065 5135 1308 5208 ἐρωτῶσι
1330 5136 1456 5198 τοὺς
1482 5133 1729 5205 νεκρούς

159 5223 310 5278 αὐτοὶ
338 5227 469 5298 γὰρ,
500 5227 610 5280 ὅλοι
641 5229 825 5301 νεκροὶ
849 5227 942 5281 καὶ
972 5228 1138 5301 πηροὶ
1158 5227 1534 5298 τυγχάνοντες,
1557 5227 1609 5278 οἱ
1637 5243 1731 5279 κε-

159 5314 363 5385 νολόγοι
391 5319 491 5382 τὰς
538 5319 647 5373 τῶν
674 5319 884 5392 νεκρῶν
931 5318 1331 5373 ύποτυποῦνται
1369 5318 1730 5372 διακονεῖσθαι

161 5409 340 5475 φωνάς
359 5427 372 5440 ·
395 5411 495 5464 όδέ
517 5414 799 5485 προφήτης
830 5412 1242 5485 ἐπεμαρτύρετο
1275 5411 1432 5484 βοῶν,
1457 5412 1538 5465 ὅτι
1567 5411 1730 5483 νόμος

160 5495 404 5570 άρῤαγὴς
432 5500 675 5554 ἔκκειται
695 5503 823 5574 περὶ
839 5504 1063 5568 τούτων,
1083 5505 1168 5558 ἵνα
1198 5505 1272 5577 μὴ
1297 5504 1437 5559 κατὰ
1447 5504 1573 5568 τοὺς
1595 5505 1728 5557 ἀπο-

161 5587 557 5663 φθεγγομένους
587 5595 872 5668 ὑπαχθῶσι
907 5598 1285 5668 κουφολογίαις
1313 5594 1500 5662 ἑώλοις
1518 5615 1531 5628 ·
1560 5599 1726 5671 ἀκρο-

1839 4585 2007 4640 dubio
2033 4586 2427 4640 demonstravit
2452 4586 2646 4640 horum
2675 4588 2947 4641 neminem
2980 4589 3141 4642 ullam
3172 4605 3415 4660 unquam

1839 4678 2064 4731 omnino
2105 4677 2352 4748 proferre
2389 4679 2696 4742 veritatem,
2725 4679 2818 4734 sed
2871 4680 3192 4746 mendaciis,
3239 4681 3415 4752 iisque

1841 4769 2119 4835 inanibus,
2155 4771 2384 4842 ingestis
2437 4771 2657 4826 fraudes
2705 4786 3051 4842 componere,
3106 4773 3319 4842 levique
3347 4791 3414 4830 ac

1842 4860 2036 4917 frivolo
2069 4877 2322 4918 sermone
2367 4863 2605 4919 indoctis
2635 4863 2934 4935 imponere.
2973 4865 3150 4931 Quare
3185 4881 3296 4920 non
3337 4868 3415 4921 iu-

1840 4967 2082 5021 congrue
2107 4955 2216 5010 illis
2247 4957 2612 5026 exprobrabat
2644 4959 2738 5027 qui
2769 4957 2837 5012 de
2865 4958 3006 5014 vivis
3044 4968 3290 5015 mortuos
3322 4959 3412 5014 in-

1841 5053 2140 5116 terrogant.
2173 5046 2279 5117 Ipsi
2309 5049 2456 5103 enim
2483 5049 2785 5119 vaniloqui,
2824 5065 2947 5103 cum
2989 5051 3188 5105 mortui
3219 5053 3328 5107 sint
3356 5059 3412 5106 et

1837 5139 1991 5202 caeci,
2015 5146 2352 5194 mortuorum
2381 5156 2541 5197 voces
2563 5141 2776 5198 deferre
2807 5159 2866 5199 se
2891 5143 3170 5198 simulant.
3205 5144 3411 5200 Contra

1837 5242 1975 5296 quos
2003 5229 2373 5285 testimonium
2396 5232 2611 5287 dicebat
2641 5233 2905 5304 propheta
2933 5235 3197 5300 clamans,
3233 5236 3408 5307 legem

1832 5321 1947 5390 jam
1981 5322 2048 5377 de
2070 5321 2159 5379 his
2185 5321 2356 5380 fuisse
2386 5324 2571 5389 latam,
2609 5341 2677 5380 ne
2721 5325 2871 5380 inani
2902 5326 3176 5383 sermonis
3203 5326 3410 5385 dicaci-

1837 5418 1947 5468 tate
1977 5413 2374 5481 subducantur,
2404 5417 2860 5486 quemadmodum
2888 5424 2944 5473 et
2989 5417 3044 5471 hi
3089 5418 3184 5489 qui
3219 5419 3408 5475 talium

1832 5521 2016 5561 rerum
2061 5515 2191 5562 sunt
2235 5516 2508 5568 auctores.
2571 5509 2669 5566 Est
2715 5512 2861 5567 enim
2913 5513 3228 5572 ﬁrmissima
3273 5516 3412 5587 legis

1831 5597 2102 5664 custodia,
2139 5599 2362 5658 cmlestc
2381 5603 2644 5659 auxilimn
2683 5604 2997 5677 implorare,
3027 5614 3082 5663 et
3115 5622 3225 5665 non
3255 5624 3287 5666 e
3324 5623 3412 5664 re-

155 5733 164 5811 ,
226 5746 268 5779 '"'
300 5745 386 5802 IV
409 5747 536 5817 Reg.
562 5766 676 5816 xxi,
710 5752 762 5809 6.
838 5755 883 5788 "
917 5753 1001 5811 IV
1031 5752 1154 5819 Req.
1183 5770 1339 5818 xxiii,
1370 5755 1465 5812 ει.
1538 5757 1584 5788 ’⁸
1627 5755 1744 5812 lsa.
1772 5772 1889 5818 vm.
1926 5757 2014 5817 l9.
2045 5756 2130 5814 20.
