3850 6160
497 307 602 365 667

1467 316 1526 374 S.
1566 317 1940 377 EUSTA'I’HII
1978 319 2285 378 EPISCOPI
2323 316 2736 380 ANTIOCHENI

3637 324 3744 381 668

496 425 600 482 bus
624 429 878 499 terrenis,
909 431 970 488 in
996 432 1132 504 ipsis
1155 435 1526 494 subterraneis
1545 442 1787 496 animum
1816 441 2041 514 ﬁgentes

2167 441 2300 513 τάτη
2324 443 2452 513 γὰρ,
2486 438 2660 513 οἶμαι,
2694 441 2908 514 φυλακὴ
2933 443 3096 515 νόμου
3125 443 3475 514 καθέστηκεν,
3509 440 3740 516 οὐρανό-

495 533 654 590 opem
677 525 1048 584 emendicare.

563 784 754 842 XXVI.
799 787 910 845 Sed
936 791 1029 862 qui
1063 807 1252 850 omnes
1275 795 1390 866 jam
1443 795 1760 870 Scripturas
1798 803 2066 874 interpre-

493 885 746 936 tatumse
775 896 896 937 esse
941 883 1218 940 existimat
1262 888 1543 961 Origenes,
1591 893 1705 949 haec
1755 896 2065 951 testimonia

490 967 742 1036 ignorare
773 969 1014 1039 simulat,
1043 990 1220 1045 neque
1251 980 1328 1032 uti
1352 981 1506 1036 decet
1538 997 1784 1054 usurpat,
1827 989 1920 1043 sed
1945 1006 2066 1060 qua:

491 1057 560 1112 ad
590 1061 929 1130 propositum
969 1066 1192 1124 minime
1226 1069 1434 1126 faciunt
1458 1074 1697 1142 infarcit,
1726 1079 1794 1134 iis
1843 1091 2065 1150 praeter-

487 1150 579 1206 itis
604 1168 724 1222 quae
754 1165 948 1210 natura
985 1176 1084 1214 sua
1113 1165 1502 1234 congruebant.
1537 1167 1780 1234 Quodsi
1809 1173 2063 1243 ignoran-

488 1242 586 1310 tia,
617 1246 812 1302 stolide
853 1249 1094 1318 quidem,
1132 1261 1192 1308 ut
1242 1255 1475 1324 videtur,
1507 1261 1716 1328 effecit;
1739 1265 1784 1317 si
1819 1242 2066 1336 maligni-

485 1340 618 1401 tate,
672 1341 949 1409 negotium
1015 1344 1280 1400 audacter
1330 1349 1522 1407 obivit.
1558 1351 1699 1418 Quin
1731 1370 1854 1410 cum
1889 1359 2063 1414 ambi-

486 1443 626 1495 guus
656 1439 710 1485 et
741 1448 942 1504 anceps
973 1437 1204 1495 dixisset
1235 1458 1246 1493 :
1274 1440 1416 1506 Quid
1446 1445 1611 1514 igitur
1642 1446 1724 1501 hic
1761 1449 1894 1517 facit
1936 1469 2058 1507 ven-

487 1520 760 1592 triloqua?
784 1525 926 1590 Quid
954 1529 1117 1597 igitur
1163 1532 1294 1600 facit
1334 1537 1660 1607 ueratriloqua
1698 1541 1840 1594 circa
1870 1544 2060 1599 animm

484 1611 616 1680 justi
672 1615 1038 1676 adactionem?
1093 1625 1364 1680 sermonis
1416 1626 1694 1685 dubietate
1751 1633 2058 1692 sublimiter

484 1704 694 1774 etl'ugit,
728 1708 873 1777 quod
898 1711 1014 1780 ipse
1045 1711 1247 1768 fecerat
1273 1718 1396 1773 aliis
1419 1719 1631 1777 donans
1667 1743 1680 1776 :
1716 1732 1887 1779 totum
1926 1743 2059 1784 vero

488 1792 783 1865 Scriptura:
822 1803 1149 1871 attribuens,
1212 1807 1520 1866 Samuelem
1570 1814 1829 1872 eductum
1887 1819 2059 1877 fuisse

484 1891 820 1948 conﬁdenter
850 1910 1148 1965 asseverat,
1198 1911 1253 1956 at
1297 1920 1406 1960 non
1439 1910 1680 1965 secundo
1710 1913 1878 1968 audet
1904 1931 2058 1986 repe-

485 1990 639 2039 tere:
673 1986 804 2052 Quis
851 1989 1021 2057 ipsum
1058 1993 1286 2052 eduxit?!
1321 1996 1435 2069 Ego
1478 2016 1642 2071 porro
1677 2005 1933 2062 existimo
1959 2023 2058 2078 pro

483 2076 661 2144 prima
699 2079 1150 2151 interpretatione
1185 2105 1214 2142 a
1247 2093 1551 2149 rectissime
1581 2111 1796 2168 semper
1818 2102 2058 2156 sentien-

483 2165 632 2221 tibus
671 2172 1083 2240 reprehensum,
1133 2181 1372 2236 secunda
1429 2189 1770 2256 expositione
1811 2207 1935 2245 cum
1968 2208 2056 2248 re-

481 2257 807 2328 sponderet,
855 2265 1062 2323 dixisse
1118 2269 1466 2327 observatum
1510 2280 1925 2351 engastrimythi
1976 2283 2056 2337 lo-

480 2364 626 2405 cum.
677 2349 942 2424 Deinceps
987 2359 1172 2414 subdit
1217 2364 1482 2434 scriptum
1513 2386 1526 2421 :
1561 2349 2056 2444 Engastrimythum

479 2435 706 2505 aliquem
735 2441 1016 2510 eduxisse;
1044 2447 1302 2519 itemque,
1337 2453 1554 2510 Saulem
1576 2456 1814 2516 Samueli
1834 2465 2051 2533 dixisse,

477 2522 697 2585 Litteris
721 2535 994 2600 proditum
1021 2555 1164 2596 esse.
1209 2541 1300 2599 His
1346 2547 1544 2602 similia
1593 2554 1874 2623 complura
1904 2558 2054 2612 inani

479 2619 770 2676 verborum
816 2628 1022 2683 ambitu
1047 2631 1242 2687 iterum
1273 2643 1434 2706 atque
1465 2639 1660 2694 iterum
1699 2619 1910 2712 repetit,
1937 2654 2053 2702 tum

477 2707 658 2766 denuo
684 2715 801 2770 iniit
836 2737 849 2771 :
887 2719 1010 2774 Non
1043 2734 1222 2779 autem
1244 2732 1557 2798 enuntiavit,
1579 2735 1626 2787 si
1663 2735 1837 2791 volens
1867 2757 2052 2794 ascen-

475 2801 574 2855 dit.
611 2803 735 2860 Non
767 2812 906 2864 enim
943 2813 1120 2880 habes,
1147 2818 1342 2888 inquit,
1370 2831 1590 2890 textum,
1618 2829 1665 2880 si
1697 2828 1876 2884 eduxit
1899 2832 2052 2887 ilium

473 2898 938 2969 engastrimyt/zus.
989 2904 1050 2959 Si
1100 2909 1312 2976 minus,
1356 2910 1692 2983 Scripturam
1743 2936 2050 2988 percurrens

476 2985 673 3055 aliquis
705 3007 784 3044 me
810 2995 1172 3060 reprehendat.
1208 3001 1378 3071 igitur
1400 3022 1466 3059 ex
1499 2985 2051 3083 adverso-reprehen-

2169 535 2259 586 θεν
2288 535 2660 588 ἐπικαλεῖσθαι
2683 535 2780 606 τὴν
2807 535 3078 607 βοήθειαν,
3106 537 3238 591 ἀλλά
3269 536 3344 609 μὴ
3371 538 3438 590 ἐκ
3466 536 3581 589 τῶν
3614 537 3741 607 γηΐ-

2165 643 2271 678 νων
2302 627 2644 697 ὲρανίζεσθαι
2671 627 2768 699 τὴν
2807 629 3146 697 ἐπικουρίαν,
3177 630 3258 692 εἰς
3295 627 3436 681 αύτὰ
3469 626 3540 680 τὰ
3571 645 3742 681 κατα-

2166 717 2354 785 χθόνια.
2380 717 2690 786 βλέποντας.

2238 805 2426 860 XXVI.
2483 809 2621 861 Ἀλλ’
2650 809 2678 860 ὁ
2703 808 2881 871 πάσας
2908 808 3239 881 ἑρμηνεῦσαι
3260 809 3357 874 τὰς
3382 810 3610 881 Γραφδις
3634 813 3738 882 σξη-

2166 898 2279 962 θεὶς
2324 900 2601 970 Ὠριγένης
2631 902 2690 953 ού
2743 905 3114 972 προσποιεῖται
3150 901 3352 965 ταύτας
3392 901 3596 956 εἰδέναι
3638 900 3736 965 τὰς

2169 991 2490 1062 μαρτυρίας,
2535 993 2656 1045 οὐδὲ
2695 991 2906 1064 τίθησιν
2935 993 3126 1057 αὑτὰς,
3160 994 3236 1056 ὡς
3275 993 3414 1057 δέον,
3449 993 3569 1047 ἀλλ’
3617 994 3737 1046 ἐπεὶ

2168 1083 2426 1149 συγκαλεῖ
2453 1083 2550 1154 μὲν
2590 1085 2801 1148 ὲκείνας
2843 1086 2965 1138 ὅσαι
3013 1085 3176 1155 μηδὲν
3210 1089 3266 1138 ὲν
3308 1083 3496 1155 μηδενὶ
3528 1084 3610 1156 τῷ
3643 1083 3736 1155 ζη-

2163 1173 2364 1242 τήματι
2395 1172 2758 1244 διαφέρουσιν,
2806 1175 3119 1246 ὑπερϐαίνει
3157 1175 3213 1228 δὲ
3259 1174 3358 1238 τὰς
3386 1176 3526 1246 αὐτῇ
3579 1174 3734 1244 φύσει

2164 1263 2542 1334 προσηκούσας
2563 1281 2576 1294 ·
2613 1266 2731 1336 ήτοι
2757 1265 2865 1338 γὰρ
2894 1267 3103 1339 ἀμαθίᾳ
3138 1266 3293 1321 τοῦτο
3335 1268 3599 1340 πράττειν
3628 1268 3731 1322 ἔοι-

2162 1374 2258 1410 κεν
2289 1359 2559 1430 ἀφρόνως,
2601 1359 2634 1429 ἢ
2670 1359 2959 1432 κακοθελίᾳ
3003 1360 3486 1432 πραγματεύεσθαι
3532 1361 3732 1432 τολμη-

2165 1447 2303 1518 ρῶς·
2353 1449 2489 1502 ἀλλά
2539 1449 2631 1503 καί¹
2687 1449 2937 1521 καθάπερ
2974 1451 3424 1522 ἐπαμφοτερίζων
3470 1451 3728 1522 εἰρηκὼς,

2161 1540 2262 1606 ὃτι,
2304 1541 2362 1594 Τί
2387 1537 2501 1597 οὖν
2535 1542 2698 1596 ποιεῖ
2731 1544 3200 1612 ἐγγαστρίμυθος
3239 1543 3483 1608 ἐνθάδε;
3515 1545 3577 1597 Τί
3622 1538 3732 1597 οὖν

2160 1632 2319 1687 ,ποιεῖ
2336 1634 2805 1703 ἐγγαστρίμυθος
2831 1635 2963 1702 περὶ
2990 1634 3103 1702 τὴν
3131 1633 3449 1704 ἀναγωτὴν
3470 1631 3587 1701 τῆς
3617 1635 3728 1700 ’θίν’

2159 1724 2277 1793 χῆς
2307 1725 2413 1780 τοῦ
2449 1724 2681 1779 δικαίου
2704 1743 2722 1789 ;
2749 1725 2905 1795 λόγου
2932 1725 3026 1796 μὲν
3051 1725 3252 1797 ἀπορίᾳ
3278 1723 3571 1796 μετεώρως
3603 1722 3731 1776 ἀπέ-

2160 1830 2348 1882 φυγεν·
2385 1813 2498 1868 ἀλλ’
2534 1816 2563 1866 ὁ
2587 1815 2744 1868 τοῦτο
2777 1817 3096 1888 ἐπιγράφων
3127 1818 3264 1886 ὅπερ
3295 1816 3516 1888 ἔδρασεν
3551 1817 3726 1878 αὐτός·

2158 1906 2293 1976 αὐτῇ
2333 1905 2388 1959 δὲ
2422 1908 2487 1977 τῇ
2519 1906 2708 1978 Γραφῇ
2742 1905 2806 1959 τὸ
2849 1910 2957 1961 πᾶν
2989 1907 3227 1973 ἀναθεὶς,
3266 1909 3618 1980 ἰσχυρίζεται,
3638 1913 3728 1980 μὲν

2156 1997 2388 2068 ἀνῆχθαι
2425 1997 2516 2052 τὸν
2562 1998 2834 2070 Σαμουὴλ,
2865 2001 2966 2054 οὐκ
2999 2000 3079 2054 ἔτι
3107 2001 3163 2053 δὲ
3197 2000 3369 2072 τολμᾷ
3399 2001 3727 2073 δευτερῶσαι

2155 2089 2234 2146 τό·
2273 2091 2368 2154 Τίς
2395 2089 2697 2160 ἀνήγαγεν
2734 2093 2952 2156 αὐτόν;
2987 2087 3170 2163 Οῐμαι.
3195 2092 3275 2158 δὲ,
3319 2093 3400 2146 ὅτι
3442 2095 3541 2146 καὶ
3577 2095 3730 2164 μετές

2156 2194 2317 2229 πειτα
2350 2176 2755 2250 διελεγχόμενος
2802 2179 2907 2236 ὑπὸ
2936 2181 3041 2235 τῶν
3086 2181 3349 2254 ὀρθότατα
3389 2185 3726 2255 φρονούντων

2153 2269 2261 2332 ἀεὶ,
2307 2270 2534 2342 δευτέρᾳ
2576 2271 2735 2326 πάλιν
2777 2273 3204 2346 ἀπολογούμενος
3244 2277 3524 2348 ἐξηγήσει,
3573 2297 3723 2352 τετη-

2156 2361 2348 2432 ρῆσθαι
2386 2364 2484 2434 μὲν
2517 2364 2619 2435 ἔφη
2655 2365 2746 2418 τὸν
2777 2365 2879 2436 τῆς
2909 2369 3346 2440 ἑγγαστριμύθου
3378 2371 3545 2426 τόπον
3566 2389 3580 2402 ⁸
3612 2369 3721 2426 εἶτα

2153 2452 2304 2522 λέγει
2328 2456 2421 2509 καὶ
2457 2458 2539 2511 ὅτι
2575 2458 2674 2527 μὲν
2715 2460 2752 2527 ή
2793 2459 3264 2529 ἐγγαστρίμυθός
3297 2481 3431 2517 τινα
3462 2465 3722 2536 ἀνήγαγε

2153 2549 2496 2621 γέγραπται·
2532 2553 2625 2604 καὶ
2646 2550 2731 2610 ὅτι
2762 2553 2961 2606 Σαοὺλ
2994 2550 3122 2606 εἷπε
3152 2553 3232 2619 τῷ
3265 2558 3554 2625 Σαμουὴλ
3600 2559 3723 2612 ἀνα-

2154 2642 2483 2712 γέγραπται.
2530 2643 2773 2716 Φλυαρίᾳ
2815 2644 2872 2696 δὲ
2918 2644 3085 2717 πολλῇ
3130 2645 3352 2700 τοιαῦτα
3390 2649 3565 2719 συχνά
3605 2666 3720 2705 τινα

2151 2736 2570 2808 ταυτολογήσας,
2598 2738 2845 2807 ἐπιφέρει
2866 2737 3046 2792 πάλιν·
3076 2741 3197 2808 Οὐχ
3213 2740 3411 2811 εἴρηκε
3428 2741 3518 2806 δὲ,
3543 2746 3718 2815 φησὶν,

2151 2830 2201 2882 εἰ
2234 2829 2524 2896 ἑκουσίως
2551 2830 2919 2899 ἀναϐέϐηκεν
2938 2850 2952 2864 ο
2986 2834 3057 2886 οὺ
3085 2833 3194 2902 γὰρ
3225 2833 3403 2902 ἔχεις,
3441 2835 3570 2907 ἔφη,
3618 2840 3720 2890 κεί-

2145 2937 2334 2988 μενον
2359 2924 2410 2974 εἰ
2440 2922 2741 2993 ἀνήγαγεν
2771 2923 2957 2977 αὐτὸν
2989 2926 3028 2993 ή
3061 2926 3555 2995 ἐγγαστρίμυθοςτ
3596 2931 3715 2988 ἐπεὶ

2151 3012 2450 3082 ἐλεγξάτω
2480 3014 2558 3084 μέ
2588 3033 2680 3081 τις
2712 3015 3016 3084 ἀναγνοὺς
3056 3016 3172 3084 τὴν
3201 3018 3472 3088 Γραφήν.
3518 3021 3716 3075 Οὐκοῦν

475 3091 572 3131 sus
593 3090 778 3149 aperte
810 3089 1026 3156 negaVit
1055 3107 1176 3161 quae
1208 3096 1360 3164 prius
1401 3103 1572 3157 sensit
1620 3099 2043 3166 incolisiderate.

475 3164 548 3201 Hi:
582 3172 725 3201 οηξ...
769 3176 1060 3201 ,ευ-κώμῃ--
1111 3187 1143 3201 -.
1205 3185 1236 3201 τη
1313 3190 1322 3199 .
1374 3198 1380 3201 .
1693 3197 1703 3201 -
1835 3199 1845 3201 _

2153 3107 2577 3178 ἀντιπροσώπως
2624 3109 2982 3179 ἐλεγχόμενος
3028 3111 3302 3182 ἠρνήσατο
3344 3112 3556 3178 λευκῶς
3587 3116 3714 3186 ἅπερ

473 3164 552 3222 Hii
582 3172 726 3226 enim
766 3176 1150 3238 determinavit
1205 3185 1544 3258 Scripturam
1593 3197 1777 3265 potius
1817 3199 2045 3269 dixisse,

472 3275 584 3316 non
607 3265 930 3325 mulierem:
963 3273 1131 3340 Quem
1167 3281 1386 3336 evocabo
1423 3284 1558 3359 tibi?
1590 3287 1689 3342 llic
1709 3307 1840 3344 vero
1868 3292 2047 3347 mani.-

471 3351 610 3410 feste
638 3359 922 3419 convictus
951 3367 1224 3426 oblivione
1267 3380 1671 3434 accusationem
1715 3383 1890 3445 vitare
1930 3392 2047 3440 stu-

470 3443 610 3503 duit.
649 3450 740 3507 Sic
771 3458 974 3528 ubique
1017 3462 1125 3516 sibi
1156 3465 1511 3526 adversantes
1558 3474 1851 3542 opiniones
1879 3492 2047 3546 expo-

469 3537 573 3604 nit,
597 3549 1052 3610 quemadmodum
1079 3563 1133 3610 εἰ
1183 3557 1272 3614 hic
1305 3537 1610 3631 perperam-
1640 3565 1782 3619 inter
1833 3537 2047 3637 opinio-

468 3645 600 3686 num
638 3651 846 3707 pugnas
890 3658 953 3697 ac
997 3649 1190 3705 turbas
1238 3654 1485 3712 criminis
1521 3658 1790 3714 actionem
1821 3674 2046 3734 coactus

470 3723 870 3819 fuiteﬂ‘ugere.
901 3736 1132 3802 Quando
1191 3744 1356 3815 igitur
1389 3749 1441 3802 vi
1492 3750 1727 3819 quadam
1776 3731 2047 3814 adductus

468 3817 755 3876 mulierem
788 3829 1067 3896 propheta:
1114 3835 1351 3890 animam
1392 3853 1503 3893 non
1552 3857 1813 3901 evocasse
1863 3847 2044 3904 fassus

467 3915 574 3970 est,
603 3911 748 3968 dicat
772 3919 896 3986 quis
914 3935 1032 3976 eam
1073 3925 1280 3981 eduxit.
1313 3928 1432 4000 Ipse
1465 3933 1607 3988 enim
1635 3937 1692 3992 in
1723 3953 1789 3992 eo
1820 3937 2046 3997 firmiter

470 4006 638 4066 stetit,
660 4021 938 4068 evocatam
987 4027 1198 4075 tantum
1230 4038 1348 4078 eam
1399 4029 1642 4086 tradens.
1697 4030 1818 4102 Ipsa
1862 4033 2044 4105 itaque

469 4096 583 4148 sola
628 4103 993 4180 pythomaqtis
1041 4121 1178 4178 erat,
1225 4124 1278 4171 et
1321 4117 1449 4173 Saul
1483 4096 1738 4180 exorator
1774 4096 2038 4193 illius,-ut

467 4189 785 4256 prophetam
810 4199 1084 4257 educeret.
1127 4206 1194 4258 At
1222 4209 1310 4264 hic
1341 4228 1683 4285 nequaquam
1717 4219 1880 4273 fuerit
1935 4237 2034 4276 au-

467 4284 587 4329 ctor
617 4279 812 4340 tabulae
843 4305 1056 4362 :neque
1097 4298 1240 4352 enim
1268 4312 1430 4358 noctu
1459 4306 1526 4360 ad
1557 4309 1703 4363 illam
1736 4310 2030 4368 deveniens

465 4376 953 4448 engastrimytlium
993 4398 1327 4454 precaretur.
1371 4393 1426 4448 Si
1455 4413 1585 4453 vero
1611 4399 1812 4455 factum
1854 4404 2043 4459 subse-

2153 3197 2376 3270 ἀϐουλίᾳ
2408 3199 2640 3271 πρόσθεν
2672 3199 2949 3266 ἐδόξασεν·
2983 3201 3100 3255 ἐκεῖ
3127 3204 3237 3275 γὰρ
3283 3205 3452 3276 αὐτὴν
3479 3206 3707 3278 ὡρίσατο

2149 3290 2248 3361 τὴν
2281 3290 2502 3362 Γραφὴν
2530 3292 2807 3362 εἰρηκέναι
2845 3292 3064 3363 μᾶλλον,
3099 3294 3214 3347 ἀλλ’
3243 3296 3303 3349 ού
3338 3297 3435 3368 τὴν
3470 3303 3712 3365 γυναῖκα,

2149 3382 2228 3434 τό’
2279 3385 2418 3436 Τίνα
2460 3382 2738 3454 ἀναγάγω
2779 3401 2913 3450 σοι;
2955 3385 3126 3458 Δεῦρο
3162 3387 3217 3440 δὲ
3246 3391 3575 3458 καταφανῶς
3609 3394 3712 3446 ἀλι-

2152 3476 2412 3545 σκόμενος
2435 3476 2693 3545 ἐκφυγεῖν
2715 3477 3013 3531 ἐσπούδασε
3035 3478 3172 3552 λήθῃ
3194 3479 3291 3552 τὴν
3311 3483 3488 3542 αἰτίαν
3509 3502 3523 3513 ·
3555 3485 3714 3550 οὕτως

2150 3568 2451 3638 ἑκασταχοῦ
2482 3569 2792 3640 μαχομένας
2814 3571 2988 3642 έαυτῷ
3009 3572 3166 3638 δόξας
3188 3574 3458 3634 ἐκτιθέναι
3481 3578 3712 3648 γυμνῶς,

2150 3658 2336 3731 ὥσπερ
2361 3655 2453 3714 οὖν
2482 3660 2674 3730 ἀμέλει
2699 3661 2975 3716 κάνταῦθα
3000 3665 3427 3735 γνωσιμαχήσας
3457 3667 3598 3731 ἑάλω
3622 3669 3714 3740 τὴν

2148 3751 2556 3824 ὲγκληματικὴν
2595 3753 2899 3824 ἀποδρᾶναι
2932 3754 3086 3826 δίκην
3128 3756 3433 3826 ἐπειχθείςο
3467 3760 3588 3812 ἐπεὶ
3616 3760 3715 3815 τοί-

2146 3861 2241 3897 νυν
2285 3843 2431 3900 ἄκων
2475 3844 2764 3916 ἑλκόμενος
2805 3845 3152 3918 ὡμολόγησεν
3190 3848 3265 3910 ὡς
3311 3851 3412 3903 οὐκ
3452 3851 3713 3922 ἀνήγαγεν

2147 3936 2181 4006 ἡ
2214 3937 2350 4008 γυνὴ
2380 3937 2478 4008 τὴν
2507 3937 2601 3990 τοῦ
2636 3939 2919 4015 προφήτου
2949 3939 3148 4010 ψυχὴν,
3189 3942 3397 3996 εἰπάτω
3425 3943 3510 4007 τίς
3539 3947 3568 3997 ὁ
3598 3944 3713 3998 ταύ-

2143 4044 2244 4098 την
2276 4028 2592 4098 ἀναγαγώνο
2638 4031 2881 4101 ἐνέμεινε
2912 4031 3020 4103 γὰρ
3051 4033 3447 4104 ἀμεταστάτως
3482 4036 3709 4106 ἀνῆφθαι

2148 4119 2308 4189 μόνον
2355 4121 2524 4192 αὐτὴν
2568 4123 2906 4193 ὁρισάμενος·
2959 4123 3098 4195 αὕτη
3139 4125 3270 4193 γοῦν
3305 4128 3339 4197 ἡ
3389 4127 3712 4198 πυθόμαντις

2146 4209 2409 4280 ἐτύγχανε
2445 4211 2603 4282 μόνη,
2637 4213 2731 4266 καὶ
2777 4214 2948 4266 Σαοὺλ
2987 4215 3015 4265 ὁ
3053 4215 3301 4287 δεόμενος
3342 4220 3560 4290 ἐκείνης
3593 4221 3710 4280 ἀνα-

2146 4301 2233 4364 ξαι
2259 4302 2348 4356 τὸν
2373 4305 2677 4375 προφήτην.
2723 4305 2858 4364 Ἀλλ’
2892 4302 3044 4370 οὗτος
3073 4308 3168 4378 μὲν
3200 4310 3299 4362 οὐκ
3327 4308 3392 4362 ἂν
3425 4310 3510 4381 εἴη
3536 4329 3596 4379 γε
3624 4311 3705 4364 τοῦ

2143 4392 2417 4465 δράματος
2461 4397 2782 4468 αὐτουργός⁹
2834 4399 2894 4452 ού
2941 4400 3050 4472 γὰρ
3100 4401 3164 4454 ἂν
3213 4401 3382 4461 ἐδεῖτο
3417 4404 3518 4475 τῆς
3559 4407 3709 4473 ἐγγα-

463 4473 650 4519 cutum
705 4481 820 4539 est,
869 4477 1005 4531 nulli
1059 4481 1148 4535 alii
1198 4501 1362 4554 quam
1419 4493 1850 4565 engastrimytlio
1898 4512 2036 4567 opus

2153 4487 2442 4558 στρινμύθου
2491 4489 2704 4561 νύκτωρ
2756 4491 3152 4562 ἀφικνούμενος
3201 4492 3276 4557 ὡς
3316 4473 3523 4566 αὑτήν·
3569 4498 3615 4549 εἰ
3657 4496 3707 4549 δὲ

462 4558 666 4612 ascribi
697 4560 875 4619 debet.
922 4566 999 4624 lta
1046 4580 1104 4625 ut
1133 4589 1199 4628 ex
1232 4558 1544 4636 hisduobus
1570 4558 1738 4637 unuui
1771 4558 2040 4642 alium-are

461 4661 688 4707 necesse
718 4656 810 4719 sit,
857 4661 942 4714 vel
975 4662 1079 4717 hoc
1111 4683 1390 4739 nunquam
1444 4675 1668 4730 omnino
1698 4692 1862 4747 opere
1904 4695 2039 4748 pra:-

461 4743 650 4798 stitum
701 4747 891 4816 fuisse,
950 4757 1034 4810 vel
1078 4759 1146 4814 ab
1202 4766 1635 4837 engastrimytlio
1687 4777 1740 4824 ct
1792 4769 2040 4826 dannone

459 4831 735 4893 hominem
768 4851 975 4900 rectum
1028 4849 1282 4916 eductum
1324 4856 1515 4911 fuisse.
1563 4858 1754 4914 Nonne
1784 4861 1879 4928 qui
1913 4863 2039 4917 reli-

457 4927 617 4997 gione
648 4950 808 4992 voces
852 4942 1105 5009 proprias
1145 4945 1275 5000 dum
1306 4965 1506 5020 negare
1547 4953 1783 5019 videtur,
1823 4953 2038 5009 diversa

458 5023 716 5080 methodo
744 5031 989 5086 eamdem
1016 5037 1328 5104 opinionem
1361 5040 1739 5099 fraudulenter
1759 5047 2038 5101 obtrudit?

461 5109 564 5167 Sed
587 5130 685 5184 per
715 5122 1020 5178 orationem
1051 5143 1155 5196 qua
1185 5146 1243 5185 se
1286 5131 1579 5190 defendere
1608 5137 1839 5204 videtur,
1875 5154 2032 5194 men-

459 5206 692 5274 dacium,
759 5226 824 5265 ac
879 5215 926 5268 si
991 5220 1192 5276 veritas
1227 5233 1393 5287 esset,
1441 5225 1703 5284 inculcat.
1727 5229 1914 5299 Neque
1955 5230 2034 5283 illi

458 5298 721 5364 pudorem
774 5305 1051 5364 incutiunt
1101 5321 1179 5368 tot
1235 5323 1498 5388 tantaque
1569 5323 1746 5392 legum
1803 5298 2035 5378 latorum

458 5389 704 5459 decreta,
761 5412 1002 5456 consona
1071 5409 1462 5478 prophetarum
1527 5415 1862 5480 testimonia,
1911 5416 2038 5470 reli-

456 5499 710 5557 quusque
741 5492 900 5547 seriei
931 5494 1210 5554 historica:
1241 5518 1386 5559 unus
1429 5519 1493 5559 ac
1536 5506 1675 5561 idem
1707 5525 2029 5564 consensus.

458 5573 602 5639 Quin
633 5582 999 5641 sanctissimis
1029 5592 1272 5647 oraculis
1300 5610 1466 5664 prava
1495 5599 1706 5653 ratione
1739 5601 2034 5668 perversis,

456 5666 628 5723 libere
678 5678 1092 5748 engastrimythi
1143 5686 1306 5737 verba
1353 5688 1676 5755 conﬁrmat,
1731 5666 2035 5746 recentiora

455 5758 727 5817 idolorum
785 5767 966 5826 cultus
994 5771 1356 5833 instrumenta
1387 5780 1698 5847 decernens
1719 5823 1732 5848 ,
1765 5800 1885 5852 quae
1920 5787 2034 5852 pla-

2142 4579 2359 4647 γέγονεν
2398 4582 2430 4650 ἡ
2469 4582 2687 4652 πρᾶξις,
2727 4583 2826 4654 οὐχ
2856 4584 3025 4655 ἑτέρῳ
3055 4586 3161 4637 τινὶ
3181 4586 3249 4642 τὸ,
3272 4585 3468 4658 δραθὲν
3491 4589 3706 4659 ἐπιγρα-

2145 4671 2324 4723 πτέονο
2373 4670 2513 4724 ὥστε
2542 4672 2686 4726 δυοῖν
2729 4673 2942 4744 ἀνάγκη
2997 4674 3221 4747 θάτερόν
3260 4678 3408 4730 ἐστιν
3446 4680 3636 4747 εἰπεῖν,
3674 4679 3702 4750 ἦ

2139 4763 2300 4818 τοῦτο
2348 4764 2705 4835 μηδεπώποτε
2749 4767 3032 4835 γεγονέναι
3077 4769 3364 4840 μηδαμῶς,
3411 4773 3445 4842 ἢ
3492 4773 3581 4826 διὰ
3619 4774 3703 4841 τῆς

2151 4858 2595 4928 ἐγγαστριμύοου
2628 4861 2720 4913 καὶ
2747 4860 2840 4912 τοῦ
2874 4860 3127 4932 δαίμονος
3158 4862 3392 4932 ἀνῆχθαι
3435 4863 3526 4917 τὸν
3555 4864 3701 4936 ἄνδρα

2141 4948 2230 5001 τὸν
2259 4949 2459 5020 ὄρθιον.
2507 4946 2634 5020 'Ap‘
2681 4946 2773 5005 οὖν
2820 4953 3116 5022 ἀφοσιώσει
3151 4954 3250 5018 τὰς
3298 4957 3494 5010 ἑαυτοῦ
3539 4958 3702 5028 φωνὰς

2141 5042 2423 5116 ἀρνεῖσθαι
2459 5043 2628 5097 δοκῶν
2665 5045 2815 5118 ἄλλῃ.
2841 5046 3048 5117 μεθόδῳ
3090 5047 3186 5118 τὴν
3220 5049 3389 5120 αὐτὴν
3418 5053 3699 5122 εἰσηγεῖται

2139 5134 2458 5201 δοξοκοπίαν
2489 5136 2810 5207 ἀπατηλῶς;
2859 5138 3017 5191 Ἀλλά
3044 5138 3110 5191 δι’
3146 5130 3220 5193 ὧν
3251 5139 3350 5210 μὲν
3379 5140 3556 5196 ἔοικεν
3581 5145 3699 5196 ἀπο-

2141 5227 2437 5296 λογεῖσθαι,
2485 5228 2574 5287 διὰ
2613 5229 2818 5283 τούτων
2861 5231 2937 5294 ὡς
2978 5230 3238 5301 ἀλήθειαν
3296 5235 3598 5304 εἰσηγεῖται
3648 5235 3699 5286 τὸ

2139 5321 2352 5389 ψεῦδος.
2415 5322 2488 5374 Οὐ
2555 5322 2864 5382 καταιδοῦσι
2916 5323 2975 5381 δὲ
3024 5322 3187 5377 αὑτὸν
3229 5325 3302 5376 αἰ.
3330 5325 3587 5380 τοσαῦται
3618 5326 3698 5386 καὶ

2141 5411 2388 5465 τοιαῦται
2419 5412 2766 5483 νομοθετικαὶ
2787 5413 3145 5490 ψηφοφορίαι,
3172 5415 3231 5468 ού
3265 5415 3551 5488 σύμφωνοι
3583 5435 3677 5489 προ

2142 5506 2368 5575 φητικαί
2401 5505 2718 5578 μαρτυρίαι,
2741 5508 2838 5577 οὐχ
2869 5509 2924 5561 αἱ
2947 5507 3138 5562 λοιπαὶ
3151 5509 3249 5578 τῆς
3272 5511 3694 5583 ἰστοριογραφίας

2139 5599 2379 5669 ὁμόδοξοι
2413 5600 2651 5653 συνοδίαι
2671 5618 2684 5631 ο
2716 5599 2786 5654 τὰ
2813 5601 2870 5653 δὲ
2900 5601 2964 5672 δὴ
3002 5603 3244 5670 πανάγια
3273 5603 3692 5675 παραλογισάμε-

2139 5709 2227 5754 νος
2272 5689 2692 5762 ἀποφθέγματα,
2726 5691 3042 5762 προαιρέσει
3080 5691 3290 5762 βεὸαιοῖ
3323 5692 3390 5745 τὰ
3421 5693 3518 5763 τῆς
3548 5694 3690 5760 ὲγγαο

2145 5783 2439 5854 στριμύθθυ
2489 5785 2729 5855 ῥήματα,
2779 5785 3066 5856 καινότερα
3124 5783 3224 5856 μὲν
3273 5783 3685 5852 εἰδωλολατρείας
