3850 6160
226 309 351 367 669

1154 314 1241 366 DL
1279 313 1872 372 EIVGASTRIMYTHO
1909 315 2188 372 CONTRA
2224 316 2599 377 OBIGENEM.

3380 324 3486 381 6το

226 426 451 498 ὄργανα
492 424 783 490 θεσπίζων,
822 426 1006 480 ἀσεϐεῖ
1045 427 1102 481 δὲ
1133 430 1360 503 μαντείᾳ
1399 431 1668 504 δαιμόνων
1694 436 1807 488 ὲπι-

1913 433 2089 506 giaria
2135 434 2445 492 daemonum
2499 436 2892 496 vaticinatione
2941 437 3261 495 obtrudunt.
3301 439 3486 511 Ipsum

228 516 476 572 σχολῶν.
510 518 583 571 Οὐ
617 517 792 571 πείθει
822 518 879 571 δὲ
912 520 1072 575 αὑτὸν
1101 520 1221 574 οὐδὲ
1262 521 1321 575 τὸ
1355 522 1605 579 σύνθετον
1641 526 1812 598 ὄνομα

229 609 494 682 ποταπὴν
531 609 641 681 ἔχει
693 609 993 684 διαγωγήν,
1047 613 1113 667 Ἦ
1152 613 1262 687 γὰρ
1309 616 1808 687 Ἐγγαστρίμυθος

227 702 597 775 ἑρμηνεύεται
629 703 781 776 παρά
812 703 876 758 τὸ
900 705 1095 775 μῦθον
1117 707 1187 761 ἐν
1217 708 1429 779 ⁸γαστρὶ
1463 709 1808 780 πεπλασμέ-

226 813 352 850 νον
382 796 722 867 ἐμφαίνειν·
769 798 803 869 ἡ
840 797 898 851 δὲ
933 797 1028 853 τοῦ
1072 799 1240 871 μύθου
1283 801 1529 866 σύνθεσις
1560 797 1804 874 ὲσχηὶιιά-

227 902 417 940 τισται
445 888 955 960 σκηνοπηγουμένου
989 889 1231 957 πιθανῶς
1262 892 1393 945 εἵσω
1418 891 1672 965 γαστρὸς,
1705 892 1807 946 οὐκ

226 978 516 1049 ἀλήθειαν,
546 978 682 1033 ἀλλά
726 980 788 1034 τὺ
834 980 1028 1052 ψεῦδος
1067 982 1328 1056 ἄντικρυς
1381 985 1634 1054 ὲκφωνεῖ.
1684 984 1806 1039 Μα-

225 1067 355 1142 κρῷ
387 1069 519 1140 γοῦν
561 1071 781 1142 ἄμεινον
828 1072 1005 1127 ῐσασιν
1045 1076 1093 1127 οί
1135 1074 1406 1139 ποικίλαις
1449 1075 1806 1148 ὁμιλήσαντες

223 1159 410 1229 λόγων
436 1163 752 1236 ἀναφοραῖς,
778 1166 958 1221 ὁποῖόν
980 1169 1096 1222 ἐστι
1125 1167 1186 1221 τὸ
1210 1168 1363 1238 γένος
1392 1167 1583 1222 αὐτοῦ’
1613 1167 1717 1221 κᾶν
1736 1167 1806 1221 τὰ

228 1252 471 1324 μάλιστα
497 1255 554 1309 δὲ
579 1256 994 1328 δεισιδαιμονίαν
1019 1259 1301 1333 πυρέττων
1333 1259 1645 1333 Ἑλληνικὴν
1673 1277 1807 1331 μαν-

223 1344 381 1401 τείαν
414 1348 713 1418 εἰσηγεῖται
749 1349 1069 1422 λεληθότως.

300 1438 517 1494 XXVII.
572 1442 709 1496 Ἀλλ’
738 1444 888 1515 ὅμως
913 1445 975 1498 οὐ
1004 1443 1638 1521 παραιτητέον¹ἡγοῦμαι
1672 1448 1801 1502 κάν-

222 1529 421 1584 τεῦθεν
462 1532 676 1602 ἐλέγξαι
706 1536 805 1608 τὴν
835 1535 1115 1603 ἀξυνεσίαν
1160 1539 1326 1593 αὐτοῦ
1368 1541 1436 1594 δι’
1466 1540 1683 1610 ὀλίγων,
1724 1538 1799 1604 ὡς

222 1622 371 1678 δέονι
403 1624 468 1676 Αἰ
491 1625 599 1697 γάρ
625 1643 705 1680 τοι
736 1630 1020 1701 ῥητορικαὶ
1045 1630 1262 1702 δηλοῦσι
1285 1631 1672 1705 τεχνογραφίαι
1704 1649 1799 1685 σα-

226 1714 367 1784 φῶς,
391 1716 473 1770 ὅτι
505 1717 670 1789 μῦθός
713 1722 829 1774 ἐστι
869 1722 1093 1794 πλάσμα
1140 1723 1490 1796 συγκείμενον
1524 1723 1664 1796 μετά
1698 1724 1800 1795 ψυ-

224 1810 512 1881 χαγωγίας
551 1813 689 1885 πρός
717 1832 767 1867 τι
797 1815 905 1870 τῶν
933 1817 992 1870 ὲν
1038 1816 1114 1888 τῷ
1152 1817 1251 1889 βίῳ
1284 1818 1476 1891 χρήσει
1510 1818 1795 1890 διαφέρονο

222 1902 456 1975 πλάσμα
508 1904 566 1958 δὲ
610 1904 877 1984 δήπουθεν
929 1907 1143 1982 εἴρηται
1181 1908 1332 1981 παρά
1375 1909 1437 1963 τὸ
1467 1911 1794 1977 πεπλάσθαι,

223 1996 417 2067 φασὶν,
447 1996 611 2052 αὐτὸν
654 1998 1232 2073 συνομολογουμένως·
1279 2002 1339 2057 οὐ
1385 2001 1495 2075 γὰρ
1526 2002 1607 2056 ἔτι
1648 2005 1799 2075 νομί-

222 2084 375 2150 ζοιτο
408 2086 610 2154 μῦθος,
646 2082 693 2141 ἐξ
737 2088 975 2159 γεγονὼς
1015 2091 1100 2164 εἴη
1137 2091 1280 2146 κατά
1324 2091 1619 2163 ἀλήθειαν
1648 2095 1697 2146 εἰ
1740 2093 1798 2146 δὲ

222 2177 545 2251 πλάσματος
582 2179 928 2252 αὐτοσχεδίου
964 2183 1210 2248 σύνθεσίς
1239 2184 1385 2237 ἐστιν
1416 2186 1449 2256 ἡ
1490 2184 1793 2256 μυθοποιία,

221 2270 417 2342 πόρρω
447 2271 546 2343 μὲν
572 2271 716 2344 ἔργῳ
738 2273 839 2344 τῆς
872 2274 1129 2346 ἀληθείας
1156 2275 1477 2347 ἐλήλεγκται
1494 2317 1511 2343 ,
1536 2277 1679 2348 λόγῳ
1702 2278 1797 2332 καὶ

222 2363 566 2435 πραγμάτων
598 2365 727 2431 ὕλας
752 2366 1006 2431 εἰκονίζει
1032 2370 1099 2440 τῇ
1130 2368 1325 2443 πράξει
1356 2369 1680 2442 λειπομένη’
1727 2370 1796 2425 τά

218 2453 332 2526 γὰρ
376 2456 476 2508 οὐκ
506 2456 634 2512 ὄντα
667 2458 1034 2529 πιθανολογεῖν
1065 2460 1239 2515 ἔοικεν
1269 2461 1345 2525 ὡς
1374 2462 1521 2529 ὄντα,
1551 2465 1644 2517 καὶ
1676 2464 1793 2535 διη-

218 2544 386 2615 γήσει
434 2546 661 2619 μίμησιν
705 2550 912 2619 εἰσάγει
961 2550 1391 2622 πεπλασμένην·
1446 2552 1795 2607 ἀνυπόστατα

218 2635 406 2690 τοίνυν
448 2638 700 2692 εἰδοποιεῖ
736 2641 1063 2712 πράγματα,
1112 2644 1385 2716 μηδεμιᾶς
1430 2644 1795 2717 ὑποκειμένης

218 2725 406 2798 ἔδρας,
458 2728 533 2793 ὡς
563 2725 674 2783 οἷόν
709 2749 767 2784 τε
796 2731 1048 2802 βεϐαίως.
1087 2734 1250 2789 Οὐδὲν
1288 2735 1344 2789 δέ
1375 2753 1465 2807 μοι
1502 2736 1648 2789 δοκεῖ
1681 2735 1795 2789 δια-

221 2819 414 2897 φέρειν
442 2820 647 2892 ἀψύχου
682 2825 1051 2895 σκιαγραφίας
1096 2827 1132 2896 ή
1167 2826 1259 2879 τοῦ
1292 2826 1461 2898 μύθου
1496 2828 1795 2899 πλαστουρ-

219 2909 352 2978 γία·
402 2909 522 2963 καθ’
564 2913 853 2983 ὁμοιότητα
888 2916 1018 2989 γὰρ,
1053 2912 1227 2987 οἶμαι,
1261 2917 1357 2972 τοῦ
1395 2918 1622 2983 πίνακος
1654 2921 1791 2992 αὐτῇ

217 2999 638 3072 διαχαράττεται
659 3007 724 3076 τῇ
753 3009 1014 3079 γραμμῇ·
1043 3008 1409 3082 παραπλησίῳ
1438 3010 1503 3079 γέ
1532 3028 1612 3064 τοι
1634 3026 1793 3083 προσ-

1913 540 2117 581 nomen
2167 527 2535 598 compositum
2591 529 2882 599 persuadet
2932 546 3169 601 quanam
3226 532 3283 586 in
3330 540 3485 602 parte

1911 624 2185 673 versatur.
2211 616 2676 700 Engastrjmytlms
2703 618 2849 672 enim
2881 619 3274 688 interpretatur
3302 633 3334 673 a
3364 634 3487 673 oen—

1914 713 1993 760 tre
2023 713 2078 760 et
2106 704 2313 775 fabula,
2352 708 2509 776 quasi
2535 706 2775 775 fabulam
2807 708 2863 762 in
2891 718 3066 763 ventre
3093 709 3373 778 conﬁctam
3401 707 3489 763 de-

1911 806 2236 851 monstrans.
2267 794 2602 866 Compositio
2633 806 2813 853 autem
2844 797 3041 853 fabula:
3066 799 3209 853 intra
3238 806 3484 854 ventrem

1910 887 2266 960 probabiliter
2300 888 2754 958 quemadmodum
2798 897 2851 944 et
2892 891 3129 945 tentoria
3169 889 3479 955 eﬁormata,

1910 995 2023 1035 non
2053 980 2362 1044 veritatem,
2390 979 2486 1035 sed
2536 980 2879 1035 mendacium
2916 988 3103 1050 aperte
3129 982 3472 1051 pronuntiat.

1908 1070 2089 1128 Multo
2108 1072 2303 1127 melius
2337 1072 2522 1143 itaque
2554 1072 2647 1143 qui
2680 1072 2832 1128 varia
2864 1072 3026 1142 periti
3064 1080 3192 1129 sunt
3222 1072 3478 1138 lectione,

1910 1174 2179 1221 noverunt
2214 1164 2487 1236 quodnam
2519 1165 2668 1220 illius
2693 1180 2867 1236 genus
2893 1185 2906 1221 :
2941 1165 3037 1236 qui
3063 1168 3173 1220 n‘on
3203 1165 3366 1220 modo
3388 1165 3480 1219 ille

1912 1257 2317 1329 superstitiosis
2353 1257 2646 1327 praestigiis
2683 1258 2927 1328 apprime
2962 1257 3199 1323 deditus,
3235 1256 3478 1329 gentium

1910 1351 2327 1420 superstitiones
2350 1351 2660 1405 clanculum
2701 1350 3019 1405 introducit.

1978 1442 2193 1499 XXVII.
2235 1441 2603 1497 Nihilominus
2627 1442 2755 1499 inde
2786 1443 2949 1498 etiam
2979 1443 3168 1512 paucis
3197 1432 3317 1513 ejus
3367 1450 3477 1499 sto-

1904 1537 2188 1601 liditatem,
2232 1537 2311 1591 uti
2368 1550 2467 1607 par
2497 1543 2603 1600 est,
2663 1536 3079 1607 reprehendere,
3112 1537 3474 1592 omittendum

1902 1644 2015 1684 non
2041 1636 2145 1684 est.
2177 1627 2391 1683 Etenim
2426 1629 2718 1684 rhetorica:
2770 1629 2906 1685 artis
2960 1628 3287 1685 traditiones
3338 1630 3475 1693 satis

1901 1722 2185 1777 commode
2214 1730 2511 1792 exponunt,
2547 1722 2784 1777 fabulam
2827 1738 2949 1778 esse
2981 1722 3252 1778 ﬁctionem
3280 1738 3474 1793 quam-

1898 1810 2023 1865 dam
2057 1826 2180 1866 cum
2210 1811 2571 1867 delectatione
2611 1810 2679 1865 ad
2704 1810 2943 1881 aliquem
3002 1813 3125 1867 vitae.
3178 1828 3337 1869 usum
3375 1827 3472 1868 ne-

1896 1900 2220 1956 cessarium.
2246 1898 2421 1955 Fictio
2471 1916 2602 1957 vero
2640 1901 2785 1957 dicta
2842 1912 2927 1959 est
2968 1902 3139 1973 quod,
3173 1909 3233 1957 ut
3279 1919 3470 1959 omnes

1896 2007 2051 2063 aeque
2089 1991 2350 2060 fatentur,
2388 1991 2619 2047 conﬁcta
2646 1992 2739 2049 sit.
2777 1992 2965 2065 Neque
2994 1996 3141 2051 enim
3171 1995 3356 2065 fabula
3384 1995 3471 2051 di—

1895 2084 2206 2149 ceretur,'si
2236 2099 2295 2139 re
2333 2084 2449 2155 ipsa
2473 2093 2625 2156 gesta
2656 2084 2869 2141 fuisset.
2897 2083 3079 2152 Quare
3104 2088 3149 2142 si
3181 2086 3361 2142 fabula
3390 2089 3470 2144 rei

1897 2175 2037 2232 ﬁcta:
2063 2193 2128 2232 ex
2165 2176 2462 2248 improviso
2521 2178 2846 2249 compositio
2876 2187 2983 2243 est,
3010 2195 3070 2235 re
3094 2180 3314 2249 quidem
3350 2181 3471 2252 ipsa

1894 2267 2055 2338 longe
2085 2268 2241 2324 abest
2271 2283 2301 2322 a
2331 2268 2582 2331 veritate,
2614 2277 2672 2322 at
2715 2283 2898 2323 rerum
2952 2270 3164 2326 ratione
3208 2272 3471 2327 materias

1895 2361 2296 2432 suppeditando
2324 2370 2679 2433 repraesentat
2709 2363 2926 2418 actione
2947 2362 3230 2418 destituta.
3256 2363 3469 2434 Quippe

1894 2470 2015 2525 quae
2042 2471 2149 2511 non
2193 2462 2341 2522 sunt,
2371 2455 2874 2520 verisimilitudine,
2908 2454 3066 2525 quasi
3096 2463 3298 2521 essent,
3339 2471 3470 2526 pro-

1894 2546 2067 2617 ponit,
2109 2547 2534 2617 narrationeque
2576 2547 2939 2601 imitationem
2972 2545 3260 2600 conﬁctam
3295 2547 3469 2601 intro—

1894 2637 2062 2693 ducit.
2089 2636 2197 2694 Res
2223 2639 2405 2709 itaque
2427 2654 2548 2709 qua:
2570 2654 2677 2693 non
2705 2638 3035 2700 subsistunt,
3072 2636 3265 2692 formis
3295 2643 3461 2705 atque

1895 2729 2085 2799 ﬁguris
2131 2738 2385 2793 ornatas,
2437 2728 2584 2783 nulla
2633 2726 2883 2782 suﬁultas
2934 2725 3228 2789 ﬁrmitate,
3285 2725 3464 2796 quoad

1895 2821 2011 2875 ﬁeri
2034 2827 2236 2892 potest,
2269 2818 2499 2875 stabilit.
2536 2817 2665 2872 Mihi
2698 2833 2827 2872 vero
2857 2815 3077 2873 videtur
3107 2816 3303 2871 fabula:
3336 2830 3470 2871 cou-

1896 2912 2048 2968 ﬁctio
2078 2911 2217 2966 nihil
2247 2911 2315 2965 ab
2348 2910 2660 2964 inanimatae
2696 2908 2907 2964 umbrae
2949 2906 3316 2962 delineatione
3357 2905 3465 2961 dif-

1896 3002 2058 3059 ferre.
2091 3002 2174 3058 Ad
2207 3001 2619 3058 similitudinem
2649 3002 2851 3071 quippe
2902 3000 3100 3055 tabulze
3126 2999 3284 3055 lineis
3326 2998 3465 3069 ipsis

220 3092 493 3164 ιμφερεία
535 3099 945 3165 προσωποποιεῖ
990 3100 1088 3170 μὲν
1114 3099 1390 3168 ὑπόθεσιν,
1422 3101 1503 3166 είς
1538 3120 1590 3156 τι
1628 3103 1793 3175 μέρος

1897 3093 2299 3165 designatm,-et
2328 3092 2447 3163 pari
2478 3092 2790 3162 aequalitate
2818 3098 3164 3162 argumento,
3207 3090 3263 3144 in
3296 3104 3463 3144 unam

219 3181 621 3249 ἀποϐλέπουσα,
655 3187 795 3242 αὐτά
839 3187 895 3242 δὲ
944 3190 1266 3261 σχηματίζει
1318 3196 1386 3266 τῇ
1442 3195 1667 3267 μιμήσει
1721 3196 1792 3250 τά

219 3272 523 3346 πράγματα
552 3282 835 3350 γραμμαῖς
866 3282 1267 3353 ὲντεταμέναις,
1302 3284 1655 3356 ἀνομολογίαν
1692 3286 1791 3358 μὲν

217 3360 316 3418 οὖν
351 3366 435 3434 ἐφ’
479 3368 722 3424 ἑκάστων
752 3371 811 3436 ἐς
837 3372 904 3426 τά
940 3374 1169 3445 μάλιστα
1209 3378 1368 3447 τηρεῖ
1403 3376 1510 3429 τῶν
1547 3377 1786 3449 ῥυθμῶν.

222 3457 406 3529 ’Δκρα
436 3476 495 3512 τε
526 3460 764 3533 πολέμου
806 3466 1005 3537 γράφει
1032 3468 1126 3521 καὶ
1160 3467 1333 3532 τέλος,
1373 3468 1585 3523 ἐοικότα
1616 3469 1787 3540 βάσει,

219 3549 317 3602 καὶ
364 3550 513 3624 χείλη
568 3554 933 3625 φθεγγόμενα,
984 3558 1080 3612 καὶ
1126 3559 1319 3627 φωνῶν
1364 3559 1647 3631 ἰδιώματα,
1694 3562 1791 3616 καὶ

219 3641 480 3708 γέλωτας,
526 3645 619 3697 καὶ
644 3645 972 3717 κλαυθμοὺς,
1004 3647 1037 3719 ἢ
1075 3649 1413 3723 δημηγορίας
1443 3654 1786 3725 ἀρχοντικὰς,

220 3731 258 3803 ἢ
302 3731 574 3802 συμπόσια
613 3736 706 3788 καί⁵
745 3734 1050 3809 κώμους,ἢ
1103 3737 1354 3809 βακχίας,
1396 3739 1429 3811 ἢ
1478 3741 1782 3815 τελετάς,ἢ

225 3822 391 3894 μέθας
421 3824 767 3891 ἀκολάστους,
795 3827 829 3898 ἢ
863 3829 1144 3900 παροινίας
1183 3830 1473 3902 ἐρωτικὰς,
1507 3832 1539 3903 ἢ
1569 3833 1788 3906 λῃστριυ

222 3909 327 3971 κάς
354 3910 626 3982 ἁρπαγὰς,
657 3912 689 3984 ἦ
712 3914 917 3985 φθορὰς
944 3917 1295 3988 ἀνηκέστους,
1322 3920 1356 3991 ἢ
1389 3922 1603 3991 σφαγὰς
1631 3923 1789 3995 ἀκρί-

223 4019 369 4066 τους,
418 4003 451 4074 ﬂ
499 4005 689 4069 πενίας
736 4007 1072 4079 ὑποκρίσεις,
1112 4010 1145 4081 ἢ
1190 4010 1437 4065 πλούτων
1481 4015 1783 4087 ἐπιρροίας.

224 4092 569 4168 Εἰκοτολογίᾳ
601 4095 697 4164 μὲν
742 4092 835 4149 οὖν
884 4095 1095 4150 ἅπαντα
1125 4100 1533 4172 χαρακτηρίζει,
1574 4118 1789 4174 προσω-

224 4184 423 4237 ποποία
449 4184 507 4237 δὲ
550 4190 949 4259 προσεμφερεῖς
990 4187 1294 4261 διαγορεύει
1336 4192 1563 4265 πράξεις
1593 4194 1787 4267 ἀνδρα-

222 4280 332 4341 νεῖς
352 4295 363 4305 ·
394 4278 443 4330 οί
467 4277 574 4349 γάρ
606 4294 687 4331 τοι
721 4278 1005 4350 μυθοποιοὶ
1044 4282 1143 4345 τὰς
1181 4282 1422 4355 ἀνθηρᾶς
1450 4286 1783 4358 ἀναλεγόμε-

222 4388 303 4427 νοι
328 4370 499 4436 λέξεις
540 4372 898 4445 αὐτουργοῦσι
928 4374 1143 4431 ποικίλα
1184 4379 1489 4448 χρωμάτων
1512 4380 1648 4451 εἴδη,
1691 4382 1784 4436 καὶ¹

1894 3193 2108 3255 partem
2153 3183 2486 3253 respiciens,
2535 3194 2825 3253 personam
2873 3179 3154 3249 conﬁngit,
3200 3179 3464 3234 imitatio-

1892 3290 2068 3346 neque
2102 3289 2188 3329 res
2234 3274 2383 3344 ipsas
2430 3272 2591 3328 lineis
2641 3271 2883 3327 inductis
2915 3270 3129 3341 ﬁgurat,
3161 3271 3227 3325 et
3256 3270 3312 3324 in
3343 3285 3463 3325 om-

1890 3369 2056 3424 nibus
2078 3367 2448 3437 inaaqualitate
2475 3380 2766 3420 numerum
2789 3364 3046 3419 observat
3078 3363 3458 3433 potissimum;

1892 3460 2084 3531 sicque
2114 3470 2268 3514 ortus
2298 3467 2352 3514 et
2380 3457 2518 3513 ﬁnes
2550 3457 2817 3512 bellorum
2840 3470 2952 3510 non
2987 3455 3214 3511 dissona
3234 3454 3461 3509 basibus

1890 3554 2085 3625 pingit,
2127 3551 2272 3607 labia
2312 3548 2583 3621 loquacia,
2617 3562 2816 3603 vocum
2846 3546 3234 3617 praprietates,
3286 3545 3459 3611 risus,

1889 3646 2165 3716 planctus,
2209 3649 2303 3696 aut
2352 3640 2648 3696 conciones
2681 3638 3012 3710 principum,
3044 3637 3317 3703 convivia,
3350 3637 3461 3691 sal-

1888 3734 2149 3799 tationes,
2202 3732 2417 3788 furores
2456 3729 2772 3795 bacchicos,
2824 3727 3110 3799 mysteria,
3157 3726 3458 3782 ebrietates

1887 3825 2257 3895 turpissimas,
2288 3821 2621 3895 petulantias
2664 3821 2983 3884 amatorias,
3008 3819 3337 3890 fpraedouum
3371 3817 3458 3871 di-

1886 3916 2186 3986 reptiones,
2222 3910 2533 3985 deploratas
2563 3912 2762 3977 caedes,
2796 3910 2980 3967 clades
3018 3924 3293 3973 enormes,
3331 3922 3463 3979 pau-

1888 4007 2114 4079 pertatis
2167 4005 2567 4069 simulationes,
2619 4004 2936 4059 divitiarum
2980 4002 3307 4058 alliuentias.
3354 4000 3459 4056 De-

1886 4098 2033 4154 eenti
2070 4097 2236 4168 igitur
2280 4098 2529 4153 oratione
2584 4103 2745 4151 notas
2794 4095 3050 4166 apponit,
3094 4100 3148 4150 et
3192 4107 3458 4164 persona-

1885 4205 2012 4245 rum
2060 4188 2280 4246 ﬁctione
2334 4189 2402 4245 ad
2456 4187 2700 4243 actiones
2760 4188 2969 4243 similes
3015 4202 3138 4258 quae
3182 4186 3332 4241 viros
3360 4184 3458 4240 de-

1884 4292 2033 4347 cent,
2067 4282 2336 4361 designat.
2373 4279 2733 4335 Fabulatores
2763 4279 2966 4349 quippe
2989 4277 3198 4333 ﬂoridis
3229 4278 3458 4333 vocibus

1886 4374 2103 4431 selectis
2131 4373 2314 4427 varias
2342 4372 2587 4427 colorum
2637 4370 2851 4439 species
2900 4369 3184 4433 adhibent,
3228 4367 3458 4437 compli-

218 4466 287 4536 τῇ
324 4464 710 4536 προσωποποίᾳ
738 4466 1158 4537 συμπλέκουσιν·
1186 4464 1308 4521 εἷτα
1344 4469 1521 4539 λόγοις
1551 4474 1789 4544 ἐπιχρώ-

1897 4475 2125 4537 eantque
2173 4479 2531 4537 personarum
2579 4461 2826 4529 ﬁctioni;
2881 4461 3141 4530 deinceps
3190 4459 3458 4515 orationis

225 4572 409 4620 σαντες
431 4555 606 4628 ἡδέσι,
641 4559 818 4611 πᾶσαν
847 4560 945 4630 μὲν
966 4560 1355 4630 ὲπισυνάγουσι
1376 4562 1473 4633 τὴν
1494 4561 1588 4616 τοῦ
1615 4563 1787 4634 μύθου

223 4648 497 4720 διήγησινο
524 4648 712 4722 ὥσπερ
741 4650 798 4704 δὲ
827 4651 1186 4725 ζωδιογράφοι
1227 4654 1325 4725 τὴν
1370 4654 1468 4725 τῆς
1499 4654 1674 4725 ὅψεως
1712 4659 1789 4710 εἰ-

224 4742 519 4806 κονίζουσιν
547 4743 715 4816 ὥραν,
745 4743 993 4817 ὲρυθροῖς
1023 4747 1104 4816 ηδ’
1130 4746 1363 4811 ἀνθινοῖς
1404 4747 1655 4820 χρώμασι
1681 4766 1785 4821 κη-

225 4835 644 4904 ρογραφοῢντες·
692 4837 898 4908 ῥήμασι
950 4837 1007 4891 δὲ
1056 4840 1151 4894 καὶ
1197 4842 1440 4913 σχήμασι
1484 4843 1786 4914 μελοποιεῖν

222 4929 579 4998 ἐπειγόμενοι,
610 4931 961 5002 χαρακτῆρας
986 4930 1200 4997 ὑλικοὺς
1229 4933 1373 5005 ἔργῳ
1406 4935 1505 5006 τῆς
1529 4935 1783 5006 ἀληθείας

220 5019 387 5089 αὐτῆς
434 5020 768 5076 ἀποδέουσιν.
816 5021 956 5074 Ἀλλ’
1002 5015 1148 5077 οὗτοι
1187 5023 1286 5095 μέν
1327 5041 1409 5078 τοι
1453 5024 1627 5096 τούτῳ
1658 5042 1781 5079 ποι-

217 5112 455 5167 κίλλουσι
481 5114 665 5185 τρόπῳ
691 5113 789 5179 τὰς
815 5114 924 5167 τῶν
954 5114 1138 5185 μύθων
1170 5116 1384 5181 εἰκόνας
1404 5133 1418 5146 ’
1448 5118 1696 5173 ἐντεῦθεν
1724 5118 1783 5172 δὲ

218 5203 450 5274 μουσική
485 5219 567 5265 τις
600 5204 833 5275 ἁρμονία
862 5205 1196 5274 συνίσταται,
1230 5208 1326 5261 καὶ¹
1353 5208 1641 5280 ποιητικῆς
1666 5210 1784 5281 οἰη-

218 5293 465 5359 σικοπίας
497 5293 733 5366 εὕρεσις.

284 5466 515 5523 XXVIII.
558 5470 774 5543 ’Δμέλει
801 5471 933 5542 γοῦν
965 5473 1315 5546 ἐρωτώμενος
1341 5479 1369 5531 ὁ
1395 5476 1619 5532 Πλάτων
1644 5494 1777 5549 μου-

216 5559 373 5631 σικῆς
416 5560 516 5633 μὲν
544 5557 681 5617 εἶναι
721 5562 914 5632 λόγους
938 5564 1198 5641 ὁρίζεται,
1243 5565 1445 5636 λέγων’
1477 5568 1681 5641 Λόγων
1709 5565 1778 5621 δὲ

214 5651 413 5736 dum)?
452 5648 641 5721 εἶδος,
674 5654 775 5728 ἔφη
794 5699 808 5723 ,
867 5657 932 5710 τὸ
977 5657 1095 5726 μὲν
1145 5658 1365 5727 ἀληθὲς
1381 5699 1397 5723 ,
1430 5660 1655 5729 ψεῦδος
1708 5659 1780 5714 δὲ

217 5743 489 5809 θάτερον
519 5746 867 5805 παιδευτέον
903 5748 972 5803 δὲ
1006 5749 1075 5805 ἐν
1118 5749 1489 5819 ἀμφοτέροις,
1525 5751 1681 5809 ἀλλὰ
1714 5770 1778 5819 γε

1890 4560 2158 4616 suavitate
2190 4555 2583 4613 adumbrantes
2618 4569 2835 4611 omnem
2864 4553 3082 4624 quidem
3116 4551 3311 4607 fabulae
3331 4565 3460 4606 nar-

1886 4652 2154 4707 rationem
2208 4648 2523 4719 expediunt.
2575 4647 2643 4702 Et
2678 4646 2848 4703 veluti
2902 4647 3182 4716 signorum
3220 4642 3459 4713 pictores

1895 4751 2149 4814 aspectus
2182 4740 2645 4813 pulchritudinem
2682 4738 2869 4794 rubeis
2898 4736 3217 4805 ﬁoridisque
3257 4734 3460 4789 colori-

1884 4833 2012 4898 bus,
2044 4848 2109 4888 ac
2138 4833 2185 4887 si
2216 4846 2340 4887 cera
2368 4830 2677 4901 pingerent,
2705 4828 3088 4898 distinguunt;
3120 4825 3302 4879 verbis
3324 4826 3455 4880 item

1886 4926 2185 4996 ﬁgurisque
2209 4924 2335 4979 dum
2367 4935 2658 4976 numerum
2700 4919 3118 4974 accommodare
3158 4926 3453 4988 coguntur,

1886 5017 2299 5074 cbaracteribus
2339 5014 2637 5085 pinguibus
2665 5054 2680 5078 ,
2733 5014 2981 5068 veritatis
3034 5027 3255 5075 causa,.
3292 5012 3452 5081 quasi

1886 5111 2238 5182 compedibus
2280 5109 2546 5164 vinciunt.
2606 5106 2677 5161 At
2727 5106 2783 5160 hi
2831 5104 3051 5176 quidem
3097 5105 3197 5157 hac
3239 5092 3454 5159 ratione

1884 5203 2193 5259 fabularum
2225 5201 2492 5273 imagines
2535 5207 2824 5256 exornant.
2872 5197 3010 5251 Hinc
3054 5197 3260 5250 musica
3301 5212 3453 5265 quae-

1886 5298 2010 5352 dam
2054 5294 2340 5349 harmonia
2386 5294 2765 5356 constituitur,
2809 5306 2875 5345 ac
2910 5289 3136 5361 poetica:
3180 5290 3451 5361 imagina-

1887 5388 2052 5445 tionis
2084 5386 2344 5440 inventio.

1953 5476 2191 5534 XXVIII.
2232 5476 2421 5548 Itaque
2450 5476 2607 5532 Plato
2649 5476 3020 5547 interrogatus
3068 5474 3294 5532 musicas
3327 5473 3453 5545 qui-

1882 5571 2003 5627 dem
2046 5569 2348 5625 orationem
2401 5583 2525 5624 esse
2574 5567 2920 5630 determinat,
2962 5565 3151 5623 dicens
3194 5565 3449 5621 orationis

1882 5663 2014 5715 duas
2047 5674 2160 5714 esse
2186 5659 2404 5726 species,
2452 5674 2613 5711 unam
2643 5673 2840 5722 veram,
2872 5657 3097 5712 atteram
3125 5658 3356 5727 falsam;
3389 5657 3446 5709 in
3484 5680 3497 5687 -

1884 5753 2119 5820 utrisque
2152 5766 2266 5804 vero
2294 5746 2671 5803 instituendum
2697 5748 2956 5821 (civitatis
2986 5748 3314 5819 custodem),
3354 5748 3445 5802 sed
