3866 6162
420 253 519 310 671

1405 249 1465 334 S.
1506 242 1876 306 EUSTATHII
1904 242 2212 302 EPISCOPI
2248 241 2668 300 ANTIOCHENI

3567 241 3688 298 673

419 374 649 441 primum
668 369 878 444 quidem
907 369 962 424 in
1003 367 1317 425 mendaciis.
1347 366 1510 423 Prius
1533 367 1736 438 quippe
1772 366 1990 422 dixerat

2108 362 2377 430 τρότερον
2395 361 2464 414 ἐν
2487 360 2611 426 τοῖς
2641 357 2922 428 ψεύδεσι·
2957 361 3377 430 προηγουμέιως
3396 357 3513 430 γὰρ
3550 353 3688 411 εἷπε

421 481 623 538 pueros
651 465 958 520 fabularum
990 468 1155 516 cantu
1181 459 1424 516 del-iniri.
1458 457 1648 528 Itaque
1669 459 1724 511 in
1747 472 1989 527 unaqua—

420 574 518 630 que
534 575 590 612 re
625 557 917 611 maximum
957 564 1034 610 est
1069 563 1223 624 atque
1253 546 1990 622 prastantissimum.princi-

421 651 605 720 pium;
629 649 960 715 potissimum
979 662 1098 702 vero
1109 645 1290 714 juveni
1315 651 1365 697 et
1387 651 1560 696 tenero
1583 639 1814 694 cuilibet.
1847 639 1992 694 Tunc

422 745 565 796 enim
603 740 833 794 maxime
867 738 1131 808 formatur
1160 745 1210 790 et
1243 734 1513 789 inducitur
1545 734 1719 804 ﬁgura
1751 733 1866 802 ejus
1892 732 1990 796 rei,

423 847 584 901 quam
621 831 737 901 quis
771 829 1052 898 unicuique
1083 825 1381 896 imprimere
1419 832 1572 893 atque
1613 822 1889 893 obsignare
1918 837 1996 875 ve-

427 923 505 979 lit.
530 923 738 990 Quibus
766 921 929 976 dictis
973 919 1108 974 illud
1138 925 1370 974 conatur
1413 917 1723 982 ostendere,
1768 916 1993 972 minime

426 1031 549 1070 esse
571 1014 944 1070 necessarium
967 1010 1276 1067 immodicis
1296 1009 1559 1081 purisque
1578 1007 1879 1064 mendaciis
1895 1007 1957 1075 ju
1975 1035 1990 1046 -

426 1120 628 1162 venum
655 1105 871 1160 animos
898 1118 1203 1174 occupare;
1232 1117 1357 1157 cum
1388 1115 1509 1171 quae
1531 1097 1777 1170 puerulis
1802 1114 1994 1153 recen-

426 1193 657 1250 tioribus
687 1209 868 1264 pravm
891 1193 1166 1265 opinionis
1193 1201 1336 1249 notae
1359 1191 1765 1262 imprimuntur,
1797 1190 1888 1246 vix
1909 1189 1994 1244 di-

425 1283 555 1339 velli
591 1293 686 1338 aut
726 1285 931 1340 aboleri
975 1284 1210 1354 possint.
1242 1282 1586 1354 Quapropter
1628 1281 1842 1336 ratione
1882 1295 1993 1334 non

427 1372 733 1445 interrupta
760 1375 982 1430 subdit:
1008 1373 1216 1444 Adeone
1252 1374 1408 1443 facile
1445 1371 1806 1442 permittemus
1840 1386 1998 1440 quas-

428 1462 550 1516 libet
571 1463 782 1532 fabulas
800 1482 831 1517 a
845 1463 1157 1536 quibuslibet
1177 1479 1270 1534 pro
1287 1461 1549 1516 arbitratu
1564 1461 1799 1516 inventas
1814 1458 1996 1514 audire

426 1571 638 1624 pueros,
669 1573 858 1627 easque
881 1559 1059 1612 animo
1085 1558 1344 1626 suscipere
1367 1557 1631 1624 opiniones
1653 1572 1770 1627 qua:
1796 1563 1852 1608 ut
1877 1554 1996 1623 plu-

429 1647 621 1701 rimum
661 1658 782 1703 sunt
820 1650 884 1704 iis
917 1650 1218 1714 contrariae,
1267 1666 1400 1719 quas
1441 1647 1530 1702 ubi
1558 1648 1627 1701 ad
1670 1656 1997 1702 constantem

2089 453 2162 508 τά
2207 453 2398 508 παιδία
2448 452 2842 522 καταλέγεσθαι
2896 451 3079 522 μύθων
3127 452 3370 524 ἐπαοιδῇ.
3427 451 3686 506 Οὐκοῦν

2090 545 2249 616 ἁρχὴ
2297 545 2525 612 παντὸς
2567 545 2743 615 ἔργου
2767 542 3056 614 μέγιστον
3074 559 3089 574 ·
3117 542 3314 608 ἄλλως
3337 559 3401 597 τε
3421 543 3522 596 καὶ
3557 540 3686 608 νέῳ

2093 638 2192 691 καὶ
2222 635 2434 702 ἀπα.λῷ
2465 635 2725 704 ὁτῳοῦν·
2755 635 3022 705 μάλιστα
3051 635 3158 704 γὰρ
3193 632 3268 703 δὴ
3303 634 3439 688 τότε
3476 633 3686 688 πλάτ-

2093 745 2251 786 τεται
2293 729 2392 782 καὶ
2443 727 2717 782 ἐνδύεται
2767 728 2973 794 τύπος,
3003 725 3076 780 ὃν
3105 725 3187 780 ἄν
3239 744 3328 793 τις
3374 727 3686 792 βούλεται

2093 820 2546 890 ἐνσημήνασθαι
2580 817 2834 884 ἑκάστῳ.
2873 817 2973 872 Διά
3016 818 3072 872 δὲ
3108 817 3216 872 τῶν
3255 816 3515 871 τοιούτων
3553 834 3686 871 πει-

2098 912 2257 984 ρᾶται
2309 913 2519 982 ῥήσεων
2571 911 2885 981 ἐκφαίνειν,
2928 910 3004 975 ὡς
3034 911 3093 964 ού
3140 909 3316 983 χρεὼν
3363 909 3430 965 ἂν
3461 911 3554 982 εῐη
3615 928 3683 981 γε

2093 1003 2479 1076 ψευδηγορίαις
2521 1002 2802 1056 ὲπαντλείν
2833 1001 3089 1074 ἀκράτοις
3118 1002 3216 1066 τὰς
3249 1001 3356 1056 τῶν
3393 991 3684 1074 νεηλύδων

2095 1097 2266 1160 ἀκοάς
2285 1114 2298 1126 ·
2327 1096 2511 1168 ἐπειδὴ
2549 1098 2661 1159 τοῖς
2689 1095 2889 1166 ἀρτίως
2929 1095 3377 1167 ἐνσημαινόμενοι
3417 1091 3684 1166 μείραξιν

2094 1192 2145 1243 οἱ
2179 1190 2374 1244 κτύποι
2428 1189 2527 1258 τῆς
2570 1187 2889 1255 κακοδοξίας
2919 1188 3282 1260 ἀμετάστατοι
3323 1187 3545 1258 φιλοῦσι
3588 1187 3680 1254 γί-

2097 1282 2282 1336 νεσθαι
2323 1281 2417 1333 καὶ
2447 1280 2788 1332 δυσέκνιπτοι
2807 1296 2820 1309 ·
2867 1279 3056 1351 διόπερ
3085 1278 3385 1343 ἀκολούθως
3417 1275 3690 1349 ἐπιφέρει

2098 1372 2288 1428 πάλιν·
2328 1369 2448 1441 Ἆρ’
2492 1368 2606 1426 οὖν
2643 1370 2864 1440 ῥᾳδίως
2905 1371 3056 1424 οὕτω
3105 1370 3488 1440 παρήσομεν,
3531 1369 3681 1440 ἔφη,

2098 1463 2240 1530 τοὺς
2275 1464 2667 1532 ἐπιτυχόντας
2695 1462 2812 1518 ὑπὸ
2856 1463 2974 1516 τῶν
3004 1463 3406 1532 ἐπιτυχόντων
3437 1462 3685 1532 μύθους

2098 1555 2482 1620 πλασθέντας
2500 1554 2744 1608 ἀκούειν
2771 1551 2912 1619 τοὺς
2944 1551 3178 1619 παῖδας,
3209 1552 3307 1606 καί
3338 1550 3683 1622 λαμϐάνειν

2100 1645 2170 1701 ἐν
2205 1645 2335 1712 ταῖς
2368 1645 2613 1714 ψυχαῖς,
2637 1645 2715 1710 ὡς
2746 1643 2844 1697 ἐπὶ
2880 1643 2948 1697 τὸ
2981 1643 3138 1697 πολὺ
3179 1643 3458 1710 ἐναντίας
3483 1642 3684 1710 δόξας

430 1749 636 1793 wtatem
665 1742 1008 1809 pervenerint,
1039 1741 1227 1796 habere
1254 1741 1375 1796 illos
1414 1740 1597 1796 debere
1634 1740 2006 1796 arbitramur?

2108 1737 2352 1802 ἐκείναις
2371 1735 2464 1802 ἂς,
2485 1735 2728 1790 ἐπειδὰν
2747 1733 3153 1800 τελειωθῶσιν,
3171 1733 3201 1788 ἕ
3204 1751 3333 1804 χειν
3345 1736 3686 1804 οἰησόμεθα

433 1829 600 1884 Nullo
632 1833 686 1886 id
723 1832 928 1903 quidem
955 1831 1129 1898 modo,
1160 1833 1319 1899 dixit,
1342 1836 1724 1903 permittemus.
1754 1832 1997 1886 Primum

430 1923 638 1993 quidem
670 1925 1019 1978 constituendi
1041 1934 1163 1980 sunt
1186 1925 1572 1995 fabulatoribus
1601 1925 1710 1980 illis
1736 1941 1996 1990 censores,

430 2017 540 2086 qui,
573 2017 621 2071 si
658 2034 814 2088 quam
843 2019 926 2073 illi
955 2018 1145 2073 bonam
1173 2019 1413 2089 fabulam
1443 2019 1680 2088 fecerint,
1716 2029 1998 2073 excernant

432 2117 588 2177 atque
608 2107 853 2178 seligant.
885 2109 1058 2164 malas
1089 2119 1266 2163 autent
1294 2107 1567 2178 repudient
1593 2109 1771 2163 eodem
1798 2108 1891 2162 illo
1907 2108 2001 2176 ju-

432 2196 568 2251 dicio
599 2207 750 2268 atque
779 2200 1036 2254 examine.
1070 2199 1217 2265 Quas
1244 2215 1361 2253 vero
1392 2199 1605 2268 fabulas
1631 2215 1659 2253 e
1685 2207 2000 2252 cwterarum

432 2303 646 2340 numero
679 2290 1042 2353 exemerimus,
1079 2288 1321 2342 dabimus
1357 2305 1570 2358 operam
1600 2297 1728 2341 utet
1770 2288 1999 2341 nutrices

431 2390 481 2432 et
525 2389 718 2434 matres
749 2381 924 2449 pueris
968 2398 1058 2435 eas
1092 2392 1493 2437 commemorent
1519 2399 1536 2436 :
1559 2391 1617 2436 ut
1663 2381 1769 2436 illis
1801 2380 2000 2450 fabulis

431 2472 604 2540 potius
644 2473 994 2541 informantur
1033 2482 1187 2543 atque
1218 2474 1565 2526 instituantur
1596 2489 1776 2527 eorum
1809 2473 2001 2538 animi,

433 2580 591 2632 quam
613 2581 833 2633 corpora
869 2565 1110 2620 manibus
1131 2575 1398 2620 curentur.
1428 2566 1496 2619 At
1526 2568 1677 2620 exiis
1701 2582 1832 2636 quas
1863 2581 2002 2621 nunc

434 2666 862 2720 commemorant,
888 2657 1067 2711 multae
1089 2643 1240 2711 erunt
1263 2658 1622 2726 repudiandae.
1651 2657 1854 2713 Deinde
1873 2673 2002 2712 cum

435 2746 502 2799 de
542 2761 728 2799 earum
781 2763 879 2817 pro
910 2748 1121 2801 ratione
1173 2747 1494 2802 differentiis
1546 2748 2005 2818 interrogaretur,

436 2835 507 2890 In
529 2837 838 2906 majoribus,
865 2839 1100 2904 dicebat,
1135 2838 1330 2908 fabulis
1353 2847 1401 2892 et
1442 2839 1667 2892 minores
1692 2838 1976 2893 videbimus
1993 2878 2004 2891 .

436 2925 574 2980 Cum
607 2942 799 2980 rursus
838 2925 1183 2990 Adimantus,
1225 2943 1319 2982 eas
1347 2943 1406 2982 se
1434 2943 1543 2981 non
1573 2927 1872 2997 intelligere
1912 2928 2001 2981 in-

437 3034 635 3081 nuens,
675 3027 966 3088 quareret,
1013 3021 1336 3074 subintulit:
1373 3020 1518 3087 Quas
1553 3028 1602 3073 et
1649 3019 1909 3074 Hesiodus
1953 3030 2003 3074 et

437 3109 702 3164 Homerus
757 3110 905 3165 nobis
957 3122 1454 3167 commemorarunt.
1523 3112 1595 3167 Hi
1636 3114 1774 3168 enim
1832 3111 2003 3182 falsas

437 3203 696 3274 quasdam
740 3203 953 3272 fabulas
976 3204 1280 3272 efﬁnarerunt
1315 3221 1445 3274 quas
1485 3204 1780 3259 hominibus
1813 3219 2010 3273 propo-

439 3306 640 3357 nerent,
686 3304 735 3348 et
773 3312 890 3364 qua:
914 3295 1034 3364 jam
1068 3294 1193 3348 olim
1241 3295 1598 3365 invaluerunt,
1648 3305 1805 3367 atque
1845 3296 2010 3350 etiam

440 3403 578 3440 nunc
609 3385 861 3440 obtinent.

512 3477 704 3533 XXIX.
747 3477 933 3548 Itaque
969 3476 1016 3533 si
1051 3475 1269 3532 Homeri
1301 3477 1544 3531 carmina
1579 3484 1741 3548 atque
1787 3475 2008 3534 Hesiodi

440 3570 656 3627 fabulas
685 3570 853 3627 falsas
882 3569 1102 3635 fatetur,
1150 3585 1271 3640 quae
1303 3570 1647 3640 potissimum
1685 3571 2010 3630 eruditionis

441 3682 609 3721 causa
639 3665 917 3721 auditores
943 3665 1234 3731 delectant,
1268 3665 1404 3734 quin
1435 3673 1490 3719 et
1530 3667 1788 3722 dictionis
1812 3675 2011 3721 ornatu

441 3766 679 3813 mentem
708 3757 773 3811 ad
799 3757 1094 3828 perfectam
1125 3758 1488 3827 eloquentiam
1520 3759 1780 3824 excitant,
1805 3768 2012 3828 quanto

444 3853 615 3922 magis
647 3866 928 3907 sermones
961 3850 1084 3906 illos
1115 3867 1252 3921 quos
1293 3851 1531 3906 fanatica
1562 3852 1759 3907 mulier
1792 3851 2008 3915 eil‘utiit,

445 3947 617 4000 malas
673 3946 888 4002 fabulas
950 3961 1105 4011 esse,
1151 3962 1353 4018 easque
1395 3947 1657 4014 fallaces,
1716 3948 2010 4015 fatebitur,

446 4036 666 4106 quando
689 4047 742 4091 et
785 4037 1205 4109 Engastrimytlii
1235 4056 1435 4096 nomen
1469 4040 1648 4111 ipsum
1678 4041 1784 4097 hoc
1815 4042 2014 4112 praedi-

446 4136 556 4184 cat.
595 4128 766 4184 Graeci
795 4131 963 4195 enim,
987 4131 1081 4202 qui
1113 4133 1392 4186 nominum
1425 4134 1692 4204 cujusque
1720 4136 1801 4190 rei
1841 4136 2016 4206 impo-

448 4221 703 4277 sitionem
753 4229 1010 4276 accurata
1060 4226 1442 4299 exquisitaque
1491 4227 1772 4298 diligentia
1809 4229 2017 4283 exami—

449 4323 600 4376 nant,
634 4314 689 4368 in
718 4330 781 4368 ea
815 4317 995 4387 lingua
1025 4317 1274 4372 fictiones
1300 4318 1467 4374 falsas
1494 4319 1716 4389 μύθους,
1741 4319 1797 4375 id
1817 4327 1902 4377 est
1931 4320 2016 4390 fa-

2095 1829 2224 1884 δεῖν
2253 1828 2474 1896 αὑτάς;
2502 1828 2638 1884 Οὐδ’
2669 1827 3026 1892 ὁπωστιοῦν,
3050 1827 3261 1900 εἴρηκε,
3288 1826 3679 1897 παρήσομεν.

2095 1923 2338 1993 Πρῶτον
2385 1924 2501 1993 μὲν
2544 1922 2689 1994 ἡμῖν
2732 1923 2812 1989 ὡς
2855 1921 3050 1977 ἔοικεν
3087 1922 3520 1988 ἐπιστατητέον
3552 1920 3683 1986 τοίς

2090 2015 2470 2088 μυθοποιοῖς·
2514 2016 2612 2070 καὶ
2659 2014 2730 2069 ὃν
2754 2015 2890 2085 μὲν,
2931 2015 3007 2070 ἂν
3036 2015 3226 2070 καλὸν
3260 2014 3455 2084 μῦθον
3495 2011 3681 2081 ποιή-

2096 2122 2309 2174 σωσιν,
2357 2107 2689 2178 ἐγκριτέον·
2721 2107 2795 2161 ὃν
2841 2106 2911 2161 δὲ
2941 2106 3027 2177 μὴ
3047 2148 3062 2172 ,
3095 2107 3482 2176 ἀποκριτέον·
3534 2105 3681 2172 τοὺς

2097 2201 2167 2254 δὲ
2194 2201 2571 2271 ἐγκριθέντας
2623 2199 2954 2271 ποιήσομεν
3002 2200 3108 2266 τὰς
3152 2198 3409 2268 τροφούς
3458 2214 3526 2252 τε
3578 2198 3680 2252 καὶ

2093 2296 2358 2366 μητέρας
2418 2294 2620 2365 λέγειν
2671 2293 2796 2359 τοῖς
2850 2293 3050 2358 παισὶ,
3097 2293 3194 2346 καὶ
3241 2290 3531 2346 πλάττειν
3573 2291 3680 2356 τὰς

2097 2388 2304 2457 ψυχὰς
2350 2385 2549 2441 αὐτῶν
2601 2386 2726 2453 τοῖς
2755 2387 2989 2455 μύθοις,
3023 2384 3180 2439 πολὺ
3225 2382 3468 2454 μᾶλλον
3507 2382 3552 2452 ἣ
3607 2383 3679 2436 τὰ

2099 2477 2344 2548 σώματα
2389 2478 2518 2545 ταῖς
2548 2478 2788 2547 χερσίν·
2835 2472 2923 2532 ὧν
2958 2475 3026 2530 δὲ
3080 2476 3197 2530 νῦν
3245 2475 3494 2545 λέγουσι
3530 2474 3676 2540 τοὺς

2100 2571 2368 2637 πολλοὺς
2395 2570 2739 2638 ἐκθλητέον.
2764 2565 2897 2624 Εἶτα
2927 2569 3114 2640 ἐπειδὴ
3148 2568 3274 2639 περὶ
3299 2567 3398 2637 τῆς
3427 2566 3676 2620 ἑκάστων

2101 2658 2364 2734 ἀναλόγου
2398 2659 2660 2730 διαφορᾶς
2687 2658 3058 2731 ἐρωτώμενος,
3106 2660 3208 2712 Ἐν
3238 2657 3359 2723 τοῖς
3384 2657 3675 2727 μείζοσιν,

2101 2748 2304 2819 ἔφασκε
2325 2790 2339 2814 ,
2384 2753 2598 2820 μύθοις
2638 2749 3131 2821 ἀναγνωρίζεσθαι
3181 2751 3319 2816 τοὺς
3350 2749 3674 2815 ἐλάττους·

2101 2840 2176 2904 ὡς
2211 2842 2376 2914 ἤρετο
2405 2841 2565 2896 πάλιν
2603 2844 2632 2896 ὁ
2669 2843 3034 2912 Ἀδείμαντος,
3064 2841 3184 2895 οὐδὲ
3223 2840 3442 2904 τούτους
3481 2839 3675 2893 εἰδέναι

2100 2929 2296 3002 δηλῶν,
2331 2927 2486 2994 αὖθις
2529 2931 2935 3000 ἀνθυπενέγκας
2986 2930 3201 3001 ἔφησεν·
3253 2929 3371 2996 Οὓς
3410 2929 3676 2995 Ἡσίοδός

2101 3041 2184 3088 τε,
2242 3017 2432 3087 εἷπον,
2459 3024 2557 3076 καὶ
2601 3025 2861 3092 Ὅμηρος
2889 3021 3031 3091 ἡμῖν
3049 3021 3348 3092 ἐλεγέτην·
3380 3017 3549 3076 οὗτοι
3573 3019 3676 3089 reip

2104 3129 2220 3167 που
2247 3113 2478 3182 μύθους
2507 3111 2837 3182 ἀνθρώποις
2857 3112 3100 3182 ψευδεῖς
3129 3109 3516 3178 συντιθέντες
3549 3110 3676 3164 ἕλευ

2105 3206 2212 3274 γόν
2239 3222 2304 3259 τε
2327 3205 2425 3259 καί
2453 3205 2760 3269 λέγουσιν.

2178 3489 2369 3547 XXIX.
2411 3490 2472 3544 El
2503 3491 2560 3544 δὲ
2581 3490 2760 3544 τοίνυν
2797 3490 3037 3562 Ὀμήρου
3064 3489 3133 3542 τὰ
3165 3488 3268 3559 έπη
3300 3487 3394 3541 καὶ
3434 3487 3670 3542 Ἡσιόδω

2113 3582 2311 3653 μύθους
2332 3582 2622 3650 ἀποφαίνει
2653 3581 2885 3650 ψευδεῖς,
2914 3580 2951 3633 ἃ.
2976 3581 3032 3634 δὲ
3055 3581 3150 3633 καὶ
3176 3581 3408 3651 μάλιστα
3432 3581 3525 3633 καὶ
3555 3597 3673 3632 παιο

2109 3672 2256 3736 δείας
2278 3673 2439 3726 ἓνεκα
2465 3671 2783 3742 ψυχαγωγεῖ
2817 3671 2940 3734 τοὺς
2964 3669 3280 3740 αὑτηκόους,
3309 3670 3370 3721 ού
3409 3668 3515 3739 μὴν
3544 3668 3674 3723 ἀλλά

2109 3781 2175 3834 γε
2199 3767 2293 3818 καὶ
2320 3763 2628 3834 καλλιλεξίᾳ
2649 3763 2904 3834 διεγείρει
2924 3761 2983 3814 τὸ
3003 3762 3255 3833 φρόνημα
3289 3760 3425 3831 πρὸς
3448 3758 3672 3827 εὐγλωτ-

2110 3856 2233 3909 τίαν
2268 3855 2488 3926 ἐντελῆ·
2533 3855 2686 3926 πόσῳ
2736 3853 2801 3926 δὴ
2832 3853 3030 3924 μᾶλλον
3079 3854 3236 3915 ὅσους
3283 3854 3316 3922 ἡ
3367 3849 3671 3922 δαιμονῶσα

2112 3947 2285 4019 γραῦς
2322 3946 2700 4018 ἀπεφθέγξατο
2744 3945 2932 4014 λόγους
2964 3945 3084 4014 οὐχὶ
3127 3942 3442 4016 μυθοποιίας
3475 3940 3671 4012 ὀρεῖταί

2113 4061 2196 4107 τις
2225 4038 2362 4096 εἶναι
2390 4041 2623 4112 ψευδεῖς,
2664 4040 2896 4109 ὁπηνίκα
2937 4038 3030 4092 καὶ
3067 4037 3301 4108 τοῦνομα
3333 4037 3432 4107 τῆς
3482 4038 3671 4108 Ἐγγυ-

2113 4134 2437 4204 στριμύθου
2498 4129 2686 4184 τοῦτον
2740 4129 3067 4202 ὑπαγορεύει
3119 4130 3210 4184 τὸν
3254 4128 3417 4195 νοῦν;
3463 4129 3524 4184 Οἱ
3572 4129 3672 4200 γὰρ

2099 4203 2391 4297 ΔἙλλήνων
2434 4224 2641 4289 παῖδες,
2675 4225 2724 4277 οἱ
2757 4227 2850 4278 κα)⁸
2880 4225 2977 4288 τὰς
3014 4221 3421 4294 ὀνοματοποιίας
3451 4223 3671 4275 ἑκάστου

2117 4317 2442 4389 πράγματος
2487 4315 2838 4388 ἀκριϐοῦντες
2876 4319 2934 4370 ὲν
2977 4319 3043 4387 τῇ
3081 4315 3286 4368 Ἐλλάδι
3333 4317 3513 4384 φωνῇ,
3550 4314 3674 4368 πλά-

451 4406 626 4468 bulas,
674 4409 968 4478 appellant.
1005 4409 1264 4480 Sequitur
1287 4426 1417 4481 ergo
1443 4427 1559 4466 rem
1589 4413 1763 4483 ipsam
1805 4428 1874 4468 ex
1916 4429 2006 4468 nos

2120 4425 2301 4479 σματα
2324 4407 2493 4478 ψευδῆ
2514 4408 2638 4471 τοὺς
2674 4407 2872 4478 μύθους
2899 4406 3271 4480 ὀνομάζουσιν,
3301 4405 3590 4461 ἀκόλουθον
3616 4408 3674 4460 ὲκ

450 4498 598 4552 mine
643 4515 752 4568 quo
799 4501 1016 4570 proprie
1050 4503 1388 4570 nominatur,
1436 4508 1775 4575 conspicere.
1821 4505 2012 4576 jEsopi

451 4589 668 4660 quidem
701 4589 910 4645 ludicra
936 4591 1144 4646 similes
1170 4606 1282 4662 prae
1317 4607 1376 4647 se
1407 4591 1586 4650 ferunt
1615 4593 1922 4649 fabularum
1956 4593 2020 4648 fi-

452 4683 685 4746 ctiones.
732 4699 870 4752 quas
913 4683 1067 4753 pueri
1099 4683 1154 4738 in
1199 4684 1342 4742 ludis
1373 4685 1554 4742 facere
1602 4686 1917 4758 urbaneque
1940 4685 2020 4756 jo-

451 4777 628 4831 eandn
675 4778 929 4841 recitant,
975 4784 1030 4832 et
1075 4793 1215 4834 anus
1253 4778 1622 4852 Corybantum
1673 4795 1827 4834 more
1868 4783 2020 4836 insa-

450 4869 668 4926 nientes
722 4869 944 4940 garrulo
993 4885 1248 4926 sermone
1305 4871 1634 4938 decantant;
1691 4871 2021 4943 quandoque

452 4962 618 5014 etiam
649 4960 777 5014 dum
812 4961 928 5016 haec
961 4972 1148 5032 agunt,
1181 4964 1331 5036 larga
1358 4964 1486 5018 vina
1523 4966 1733 5036 gutturi
1763 4966 2020 5030 fundunt,

453 5053 723 5122 calicique
754 5060 809 5107 et
845 5053 1053 5124 potioni
1087 5057 1309 5111 intenta:
1352 5057 1552 5112 mirum
1602 5065 1868 5128 quantum
1901 5056 2023 5112 bla-

455 5153 658 5201 terant.
690 5143 792 5211 Qui
823 5161 954 5201 vero
982 5147 1341 5219 phiIOSOphise
1376 5164 1557 5204 mores
1588 5151 1830 5220 apprime
1860 5149 2026 5219 profi-

457 5248 661 5303 tentur,
691 5244 745 5290 et
774 5253 932 5294 veras
977 5239 1256 5295 Musarum
1306 5243 1612 5307 cautiones,
1666 5243 1832 5298 veluti
1866 5243 2028 5298 falso-

456 5347 578 5386 rum
612 5332 1106 5389 fabulamentorum
1136 5332 1370 5403 species,
1420 5332 1499 5386 uti
1530 5348 1628 5402 par
1657 5341 1762 5396 est,
1802 5348 2028 5388 accusa-

457 5425 611 5479 bant.

529 5516 700 5572 XXX.
743 5517 800 5573 Si
847 5535 1045 5574 nomen
1093 5519 1278 5590 itaque
1311 5519 1489 5590 ipsum
1521 5525 1670 5574 recte
1716 5517 1784 5574 de
1819 5534 1878 5574 re
1908 5517 2027 5588 ipsa

461 5610 700 5680 positum
726 5619 830 5674 est,
863 5612 1356 5683 engastrimythum,
1389 5611 1578 5682 utique
1620 5611 1734 5666 haec
1761 5611 2030 5682 engastri-

461 5701 683 5770 mytilus
724 5701 1010 5760 ell‘ormare
1056 5704 1293 5763 videtur.
1335 5704 1518 5776 Neque
1553 5705 1698 5760 cnim
1731 5718 1761 5758 a
1794 5702 2031 5758 naturali

2118 4499 2210 4553 τοῦ
2242 4500 2502 4571 ὀνόματος
2546 4499 2881 4554 ἐποπτεῦσαι
2911 4501 2974 4554 τὸ
3001 4502 3232 4571 πρᾶγμα
3269 4499 3390 4553 καθ’
3420 4495 3483 4553 οὗ
3524 4500 3672 4554 τέτα-

2118 4610 2243 4646 κται
2266 4592 2467 4664 κυρίως
2485 4608 2499 4622 ·
2527 4591 2641 4644 ἀλλ’
2666 4593 2723 4645 αἱ
2753 4592 2848 4663 μὲν
2874 4591 3123 4646 Αἰσώπου
3147 4593 3441 4661 λογοποιίαι
3463 4593 3678 4648 τοιαῦτα

2122 4685 2305 4757 μύθων
2335 4686 2482 4738 ῐσασι
2505 4684 2820 4756 πλάσματα,
2846 4680 2936 4739 οἷα
2973 4687 3066 4740 καὶ
3098 4685 3167 4740 τὰ
3201 4685 3455 4757 μειράκια
3487 4686 3673 4739 πολλαο

2120 4779 2230 4848 χῶς
2265 4779 2322 4830 ὲν
2347 4779 2467 4840 ταῖς
2499 4776 2735 4840 παιδιαῖς
2773 4777 3127 4848 ἀστεῖζόμενα
3157 4777 3358 4842 παίζει,
3385 4778 3480 4830 καὶ
3509 4779 3674 4850 Κορυ-

2123 4870 2419 4926 ϐαντιῶσαι
2451 4871 2640 4941 γραῖαι
2676 4869 2922 4933 κωτίλοις
2955 4869 3209 4942 ἐπᾴδουσι
3235 4869 3411 4938 λόγοις
3429 4887 3442 4899 ·
3469 4870 3576 4924 ἐσθ’
3598 4873 3674 4924 ἅτε

2121 4963 2296 5018 ταῦτα
2325 4963 2522 5035 δρῶσιν
2554 4964 2680 5033 οἴνῳ
2711 4963 2808 5033 μὲν
2865 4963 3248 5035 ἐπιϐρέχουσαι
3294 4963 3386 5016 τὸν
3437 4963 3673 5036 φάρυγγα

2126 5055 2333 5126 συχνῷ·
2383 5055 2562 5110 κύλικι
2607 5055 2662 5108 δὲ
2717 5055 3077 5126 προσέχουσαι
3120 5055 3268 5126 ποτῷ
3291 5097 3307 5124 ,
3365 5057 3670 5130 φλυαροῦσιν

2125 5147 2403 5217 ἀμέτρως·
2458 5145 2508 5197 οἱ
2553 5143 2800 5215 μέντοιγε
2846 5143 3158 5215 φιλοσοφίας
3214 5145 3320 5216 ἢθη
3368 5145 3668 5218 πρεσϐεύειν

2125 5235 2447 5306 ἡγούμενοι,
2488 5235 2582 5289 καὶ
2634 5233 2734 5299 τὰς
2759 5233 3073 5306 ὲμμούσους,
3108 5237 3363 5307 ποιήσεις,
3403 5230 3492 5289 οἶα
3525 5234 3669 5307 ψευδῆ

2130 5327 2312 5397 μύθων
2347 5328 2462 5400 εῐδη
2502 5327 2799 5396 διέϐαλλον,
2826 5327 2902 5390 ὡς
2925 5326 3064 5382 δέον.

2198 5511 2368 5566 XXX.
2407 5512 2470 5565 Ei
2498 5504 2589 5565 οὖν
2626 5510 2756 5565 αὐτὸ
2783 5509 3020 5581 τοῦνομα
3061 5507 3203 5562 κατά
3239 5507 3331 5563 τοῦ
3370 5505 3665 5579 πράγματός

2130 5607 2246 5660 ἐστι
2275 5604 2602 5676 τεταγμένον
2622 5603 2815 5677 ὀρθῶς,
2847 5603 3318 5673 ὲγγαστρίμυθον
3355 5599 3530 5654 ἔοικεν
3558 5601 3666 5653 ava-

2132 5699 2388 5755 πλάττειν
2423 5699 2457 5769 ή
2491 5695 2942 5768 ὲγγαστρίμυθος.
2970 5695 3043 5749 Ob
3083 5693 3190 5765 γὰρ
3231 5695 3296 5748 ἐκ
3334 5693 3428 5748 τοῦ
3467 5687 3666 5761 φυσικοῦ
