3866 6162
172 264 286 324 673

1251 251 1640 312 ALLOCUTIO
1677 252 1772 309 AD
1809 245 2377 308 CONSTANHNUM.

3315 248 3421 304 674

175 381 470 456 φθέγγεται
493 375 584 431 νοῦ
614 374 903 446 σωφρόνως
921 387 934 402 ·
964 369 1078 424 ἀλλ’
1108 371 1166 424 ὲν
1197 374 1309 433 τοῖς
1342 369 1606 424 ἐνδοτάτω
1647 383 1743 438 μο-
1774 415 1781 428 ι

1863 377 2093 432 tanaque
2132 369 2312 416 mente
2348 359 2612 430 loquitur,
2655 358 2752 415 sed
2783 358 2838 414 in
2872 358 3084 414 intimis
3113 359 3418 418 visceribus

176 473 317 548 ρίοις
345 467 674 542 ὲμφωλεύων
705 466 734 518 ὁ
779 465 1017 536 δαίμων,
1065 461 1236 532 αὐτὴν
1271 462 1622 534 ἐπινέμεται,
1650 461 1744 516 καὶ

175 566 406 640 βλάπτει
440 564 539 634 τὴν
583 560 873 633 φρόνησιν·
920 561 986 613 ὲκ
1029 559 1087 612 δὲ
1135 557 1234 627 τῆς
1284 556 1520 628 γαστρὸς
1564 555 1748 627 ὲξηχεῖ

174 659 399 735 μυθώδη
434 657 729 728 πλάσματα
755 653 1068 725 συγκροτῶν
1089 670 1101 682 ·
1138 652 1216 715 εἰς
1244 650 1462 704 ποικίλα
1495 650 1549 703 δὲ
1584 667 1748 722 μετα-

176 751 551 827 μορφοὺμενος
585 748 721 820 εἴδη.
759 748 1033 820 διαφόροις
1069 747 1381 818 ἰνδάλμασιν
1408 745 1607 814 ὑπάγει
1649 745 1746 817 τὴν

171 848 374 918 ψυχήν.
393 843 610 914 Ἐπειδὴ
638 842 694 895 δὲ
716 839 1072 916 παντοδαποῖς
1096 838 1479 893 ὲναλλάττεται
1508 838 1748 908 σχήμασι

173 939 605 1010 πολυπρόσωπος
645 932 750 997 ῶν,
783 933 934 986 οὐδὲν
964 927 1124 1004 ἧττον
1164 930 1242 983 ἔτι
1293 930 1386 983 καὶ
1423 931 1487 982 ἐκ
1519 929 1619 998 τῆς
1644 928 1749 998 γῆς

174 1029 492 1086 ἀναϐαίνειν
532 1025 880 1096 ὑποκρίνεται
919 1024 1015 1078 καὶ
1039 1024 1234 1094 φωνεῖν
1255 1038 1270 1053 ·
1307 1018 1426 1075 εἶτα
1460 1023 1588 1093 παρ’
1622 1019 1750 1074 ἑκά-

174 1140 312 1195 τερα
364 1121 461 1185 τὰς
509 1119 782 1181 διακονίας
832 1109 1073 1188 ἀμείϐων
1125 1113 1261 1186 ὁμοῦ
1316 1116 1439 1178 ταῖς
1481 1115 1746 1187 μορφαῖς,

105 1204 108 1206 ⁷
175 1216 338 1270 ἄλλον
375 1215 472 1286 μὲν
505 1215 595 1267 τὸν
631 1211 987 1267 ἀναϐαίνοντα
1021 1209 1172 1282 παρὰ
1203 1211 1293 1263 τὸν
1323 1209 1417 1263 τοῦ
1462 1209 1751 1272 καλοῦντος

173 1309 326 1362 δοκεῖ
352 1309 621 1379 παριστᾷν
643 1325 655 1337 ·
695 1308 723 1360 ὁ
755 1305 917 1370 αὐτὸς
955 1304 1033 1369 δὲ,
1068 1305 1194 1376 τῇδε
1227 1305 1450 1358 κάκεῖσε
1497 1304 1752 1377 περιτρέ-

177 1418 314 1472 χων,
348 1399 594 1453 ἀλλάττει
620 1397 717 1462 τάς
753 1397 921 1461 ἰδέας,
961 1396 1048 1449 ἵνα
1073 1395 1256 1466 ἔργοις
1289 1395 1631 1448 ἀποδεικνὺοι
1660 1396 1753 1450 καὶ

177 1491 391 1561 λόγοις,
431 1492 512 1544 ὅτι
552 1489 790 1562 ψεύστης
818 1489 996 1542 ἐστίν·
1035 1486 1403 1542 ὑποτυποῦται
1441 1486 1570 1555 γοῦν
1612 1487 1752 1542 αὑτά

177 1584 253 1638 τὰ
289 1584 554 1654 πρόσωπα
579 1582 786 1654 νεκρῶν
821 1581 1070 1650 ἀνάγειν,
1099 1581 1174 1644 ὡς
1216 1581 1363 1643 εἰκός
1394 1581 1539 1633 ἐστιν
1563 1581 1626 1634 ἐκ
1657 1579 1750 1634 τοῦ

179 1675 389 1730 τοιοῦδε
416 1675 690 1745 δράματος
723 1673 1012 1727 ὑπολαϐεῖν
1034 1689 1048 1704 ·
1082 1672 1291 1744 ἀμειδεῖ
1319 1672 1415 1742 μὲν
1450 1671 1589 1742 ὄψει,
1621 1689 1751 1725 σκυ-

183 1765 379 1840 θρωπά
424 1766 481 1818 δὲ
525 1765 784 1836 φάσματα
829 1763 1224 1835 πεπλασμένως
1265 1763 1529 1831 εἰσάγων·
1572 1763 1667 1817 ὅλα
1697 1763 1755 1817 δὲ

183 1855 407 1927 κατηφῆ
436 1857 528 1910 καὶ
555 1857 755 1928 νεκρᾶς
785 1855 955 1928 ὀδμῆς
985 1855 1228 1909 ἀνάπλεα
1261 1855 1561 1928 παριστῶν,
1587 1855 1662 1920 ὡς
1696 1855 1753 1923 ἐξ

185 1949 315 2020 ᾅδου
344 1949 652 2021 μετακεκλη
662 1949 793 2022 μένα
815 1950 1120 2014 δεινοποιεῖ,
1143 1948 1236 2003 καὶ
1259 1948 1509 2020 καθάπερ
1534 1947 1756 2020 εἱρκτῆς

183 2041 221 2110 ἢ
252 2040 464 2111 δεσμῶν
491 2041 752 2112 ἀνειμένα
783 2041 918 2113 πρὸς
951 2039 1147 2109 ὀλίγον,
1176 2035 1292 2093 εἶτα
1321 2039 1480 2094 πάλιν
1510 2039 1756 2092 ἐντεῦθεν

187 2135 370 2186 ἐκεῖσε
397 2133 757 2187 διαϐαίνοντα.
800 2133 1087 2204 Τοιγάρτοι
1117 2133 1210 2186 καὶ
1249 2133 1614 2203 καταπλήττει
1645 2135 1756 2197 τοῖς

185 2224 405 2295 δείμασι
438 2225 534 2297 τὴν
564 2224 740 2296 ψυχὴν
791 2225 856 2279 ὲκ
902 2224 1010 2278 τῶν
1037 2224 1246 2295 ὄψεων·
1295 2225 1448 2296 ὠχρά
1503 2224 1598 2296 μὲν
1639 2224 1754 2298 εἴδη

191 2316 442 2370 πλάττων
466 2333 480 2346 ·
531 2316 684 2386 δμμα
734 2316 792 2370 δὲ
839 2316 1094 2389 βλοσυρὸν
1147 2316 1180 2387 ἢ
1227 2317 1502 2389 κατηφὲς,
1554 2316 1648 2370 ἀτε
1694 2316 1758 2389 δὴ

189 2408 398 2478 νεκρῶν
425 2407 624 2479 ἀρτίως
659 2411 885 2479 ἐμπνεῖν
907 2450 922 2474 ,
963 2409 1056 2463 καὶ
1098 2408 1257 2463 πάλιν
1298 2408 1755 2481 ὑπισχνουμένων.

191 2499 366 2554 Εῖωθε
389 2500 496 2572 γὰρ
524 2500 809 2573 ὑποκρίσει
839 2501 1334 2573 συσχηματίζεσθαι
1367 2490 1480 2565 τοῖς
1516 2502 1706 2565 δεινοῖς
1732 2503 1760 2554 ό

191 2594 627 2667 πλαστογράφος.
681 2595 817 2649 Ἀλλ’
856 2595 966 2648 ἐσθ’
999 2597 1085 2649 ὅτε
1130 2595 1187 2649 δὲ
1233 2598 1513 2667 συνεργοῖς
1557 2594 1760 2648 ἀποκέ-

191 2704 394 2758 χρηται
420 2690 530 2752 τοῖς
553 2687 842 2759 ὁμοηθέσιν
869 2687 1016 2759 αὐτῷ
1042 2687 1290 2759 δαίμοσιν
1307 2703 1320 2718 ·
1346 2686 1468 2740 οὔτε
1495 2686 1551 2740 δὲ
1585 2685 1762 2757 ψυχὰς

193 2779 256 2844 ἐξ
307 2777 432 2850 ᾇδου
482 2779 896 2850 μεταπέμπεται
939 2779 1260 2850 προφητῶν·
1313 2778 1436 2831 οὑτε
1479 2776 1762 2846 πνεύματα

193 2871 439 2935 δικαίων,
469 2870 592 2926 οὕτε
631 2871 730 2936 τὰς
755 2871 1044 2942 ἀγγελικὰς
1074 2871 1249 2937 ἀξίας,
1287 2870 1424 2925 ἀλλὰ
1457 2869 1764 2924 τούναντίον

195 2965 413 3035 ὶγὲνετο
450 2968 546 3038 μὲν
593 2970 673 3032 εἰς
712 2969 771 3021 τὸ
819 2968 1245 3033 καταπιέζεσθαι
1287 2967 1424 3040 πρὸς
1456 2967 1562 3020 τῶν
1595 2965 1763 3036 ἀγγέ-

1845 458 2058 511 daemon
2082 455 2391 522 diversans,
2420 464 2658 508 mentem
2687 453 2863 522 ipsam
2902 453 3216 523 depascitur
3245 464 3299 510 et
3326 456 3418 511 lae-

1847 548 1947 612 dit,
1988 557 2043 603 et
2085 563 2154 602 ex
2207 554 2400 602 ventre
2449 544 2731 600 fabulosas
2785 543 3034 599 ﬁctiones
3082 559 3418 615 componens

1849 641 2136 712 strepitum
2167 639 2300 702 edit,
2333 652 2435 693 nec
2465 653 2571 691 nou
2603 637 2660 691 in
2700 637 2880 693 varias
2913 645 3283 693 commutatus
3307 637 3420 694 for-

1847 750 1967 790 mas
2002 733 2174 789 variis
2203 732 2437 802 spectri's
2469 730 2685 786 seducit
2735 730 2993 786 animam.
3025 731 3258 797 Quando
3287 747 3420 788 vero

1848 828 2036 883 multis
2063 825 2277 890 formis,
2318 826 2435 896 ipse
2464 823 2819 879 multiformis
2851 838 2976 878 cum
3021 826 3116 892 sit,
3152 826 3420 892 varietur,

1848 935 1959 974 non
1991 919 2170 973 minus
2221 924 2277 972 et
2307 931 2453 970 nunc
2501 932 2533 972 e
2577 924 2720 971 terra
2755 917 3053 972 ascendere
3085 933 3145 973 se
3176 919 3422 985 simulat,

1849 996 1909 1066 et
1930 1010 2150 1064 clamat.
2200 1007 2268 1062 Et
2318 1007 2387 1061 ad
2431 1007 2723 1062 ministerii
2769 1007 2898 1062 bina
2944 1009 3186 1063 membra
3235 1009 3426 1080 ﬁguris

1850 1102 2222 1166 commutatis,
2257 1102 2424 1156 alium
2455 1102 2677 1172 quidem
2712 1101 3120 1165 ascendentem,
3149 1103 3219 1158 ab
3245 1119 3310 1158 eo
3329 1104 3423 1173 qui

1851 1195 1906 1249 in
1948 1201 2180 1250 vocante
2226 1202 2332 1256 est,
2373 1194 2596 1249 videtur
2621 1193 2692 1248 ob
2721 1193 2914 1248 oculos
2965 1193 3242 1249 exhibere.
3278 1193 3424 1250 ldcm

1851 1302 1981 1342 vero
2009 1286 2116 1340 huc
2143 1286 2380 1355 illucque
2418 1285 2736 1340 discurrens
2767 1286 2980 1355 species
3020 1293 3216 1354 mutat,
3254 1297 3314 1340 ut
3346 1287 3426 1342 fa-

1853 1377 1959 1431 ctis
1999 1376 2455 1446 sermonibusque
2499 1374 2754 1430 ostendat
2801 1389 2862 1429 se
2907 1389 3030 1430 esse
3083 1377 3423 1432 mendacem.

1855 1466 2088 1522 Simulat
2112 1469 2294 1538 itaque
2315 1482 2580 1538 personas
2611 1465 2760 1536 ipsas
2787 1473 3129 1522 mortuorum
3163 1467 3424 1532 educere,

1855 1569 1914 1614 ut
1955 1576 2021 1614 ex
2069 1561 2146 1615 rei
2177 1567 2343 1630 gestat
2375 1559 2517 1614 serie
2563 1557 2750 1612 videre
2798 1565 2904 1612 est.
2957 1556 3023 1610 Et
3065 1571 3190 1612 cum
3231 1544 3430 1611 tetrico

1855 1653 2008 1708 vultu
2032 1653 2208 1706 tristia
2236 1659 2450 1722 spectra
2473 1651 2599 1706 ﬁcte
2622 1649 2868 1714 inducat,
2899 1650 3263 1719 universaque
3291 1662 3429 1702 ma:-

1857 1751 1966 1808 sta,
2002 1749 2456 1813 mortuorumqne
2485 1750 2681 1811 putore
2719 1742 2877 1810 plena
2921 1741 3239 1805 ostendens,
3269 1739 3428 1810 quasi

1864 1836 1933 1890 ab
1960 1833 2152 1890 inferis
2187 1842 2414 1890 evocata
2446 1831 2669 1888 horride
2702 1839 3083 1902 repraesentat,
3125 1838 3181 1886 et
3205 1831 3372 1886 veluti
3397 1845 3431 1885 a

1862 1943 2085 1984 carcere
2105 1928 2452 1998 vinculisque
2483 1927 2681 1992 soluta,
2712 1940 2822 1980 non
2849 1925 2940 1979 diu
2971 1933 3095 1995 post
3122 1941 3339 1980 rursum
3361 1940 3432 1979 ex

1856 2021 1961 2076 hoc
1989 2023 2110 2077 loco
2145 2021 2276 2075 illuc
2310 2029 2672 2074 transmeare.
2721 2018 2866 2084 Quin
2901 2017 3012 2071 imo
3045 2024 3099 2071 et
3130 2017 3266 2072 visis
3297 2017 3433 2085 ipsis

1858 2121 2074 2168 terrore
2106 2111 2344 2183 percutit
2369 2111 2637 2173 animum,
2680 2109 2914 2181 pallidas
2947 2108 3153 2164 formas
3196 2109 3429 2179 ﬁngens,

1857 2213 1911 2262 et
1950 2206 2142 2262 oculos
2173 2202 2477 2259 horrendos
2517 2211 2682 2272 atque
2733 2201 3028 2266 demissos,
3061 2201 3253 2270 quales
3285 2213 3435 2253 mor-

1859 2308 2080 2353 tuorum
2113 2313 2239 2353 esse
2268 2297 2468 2363 solent,
2499 2296 2592 2366 qui
2623 2294 2852 2365 jamjam
2886 2293 3122 2348 animam
3151 2292 3331 2347 efﬂare
3353 2291 3437 2345 vi—

1859 2391 2077 2446 dentur.
2112 2389 2248 2444 Nam
2284 2389 2544 2446 similium
2594 2402 2777 2443 rerum
2814 2385 2971 2441 ﬁctor
2997 2401 3096 2456 per
3128 2384 3436 2440 simulatio-

1861 2500 1984 2539 nem
2013 2482 2356 2540 terribilibus
2386 2480 2642 2536 omnibus
2672 2495 2793 2536 sese
2824 2479 3220 2535 accommodat.
3249 2477 3436 2544 Quan-

1861 2578 2040 2648 doque
2087 2577 2252 2632 etiam
2297 2591 2407 2630 non
2453 2571 2816 2627 dissimilibus
2861 2571 2945 2626 sui
2986 2570 3325 2625 daemonibus
3366 2567 3436 2622 ad

1860 2688 1998 2744 Opus
2024 2673 2251 2728 ascitis:
2288 2670 2383 2727 sed
2429 2681 2607 2737 neque
2648 2665 3036 2736 prophetarum
3062 2666 3294 2730 animas,
3338 2678 3438 2719 ne—

1863 2781 1969 2837 que
2001 2766 2276 2836 justorum
2324 2763 2579 2833 spiritus,
2628 2773 2808 2830 neque
2839 2759 3130 2829 dignitates
3161 2757 3438 2826 angelicas

1863 2859 1932 2912 ab
1966 2858 2156 2912 inferis
2202 2857 2423 2923 educit;
2454 2856 2589 2927 quin
2625 2870 2694 2910 ex
2746 2854 2976 2908 adverso
3011 2851 3080 2905 ab
3109 2851 3316 2921 angelis
3339 2849 3439 2904 de-

1866 2950 2141 3020 primitur,
2194 2949 2466 3019 datusque
2517 2955 2604 3004 cst
2651 2945 2876 3017 optimis
2917 2943 3072 3007 viris,
3119 2949 3180 2996 ut
3225 2941 3294 2994 ab
3333 2941 3438 2995 illis

194 3031 336 3119 Mirr
365 3031 580 3133 ὲξεδόθη
609 3031 664 3115 δέ
690 3065 802 3124 τοῖς
848 3031 1089 3133 ἀρίστοις
1131 3031 1420 3133 ἀνδράσιν,
1475 3059 1613 3112 ὥστε
1646 3031 1766 3113 -πα-

1869 3043 2290 3098 conculcaretur
2326 3041 2476 3097 humi
2507 3039 2713 3096 eﬁ‘usus
2744 3040 3162 3118 disruptusque.
3214 3031 3321 3088 Sed
3351 3031 3442 3086 hic

196 3152 406 3208 τεῖσθαι
438 3155 648 3226 πρηνὴς
675 3157 753 3218 εἰς
780 3153 1041 3224 τοῦδαφος
1061 3153 1409 3226 ἀπορῤαγείς.
1449 3151 1586 3205 Ἀλλ’
1612 3147 1766 3215 οὗτος

202 3245 302 3316 μὲν
335 3248 400 3298 ὲκ
444 3245 550 3299 τῶν
579 3248 834 3300 ἀνωτάτω
852 3246 878 3312 ,”
910 3244 1195 3318 ῥοιζήματι
1239 3245 1395 3318 βιαίῳ
1427 3244 1768 3315 κατενεχθεὶς

200 3338 532 3409 ὑπεστόρεσε
552 3337 620 3391 τὰ
642 3339 804 3392 νῶτα·
842 3339 985 3410 μόνῳ
1013 3338 1167 3410 δὲτῷ
1197 3337 1594 3410 παντοκράτορι
1627 3337 1770 3409 πάρ-

199 3446 318 3482 εστι
361 3429 479 3500 Θεῷ
521 3430 613 3483 καὶ
661 3429 739 3501 τῷ
791 3430 1047 3502 θειοτάτῳ
1100 3430 1291 3484 τούτου
1339 3430 1498 3484 Παιδί
1547 3429 1770 3497 ἀνάγειν

199 3523 379 3594 ψυχὰς
405 3523 464 3588 ἐξ
496 3523 622 3595 ᾅδου
643 3542 656 3555 ·
686 3525 780 3580 καὶ
805 3525 997 3597 χοροὺς
1038 3523 1285 3593 ἀγγέλων
1317 3524 1376 3576 ἐν
1413 3521 1565 3589 τάξει
1603 3540 1772 3595 παρε-

203 3611 417 3676 στῶτας
447 3614 610 3685 ἔχειν,
645 3615 780 3688 ὅπερ
820 3615 948 3670 ἴδιον
984 3615 1232 3688 ἔκκριτον
1270 3615 1506 3686 ὑπάρχει
1546 3613 1645 3687 τῆς
1674 3612 1768 3668 τοῦ

202 3706 349 3762 θείου
383 3707 611 3778 φύσεως.

230 3863 468 3880 ---

1868 3153 1898 3191 a
1930 3136 2200 3208 supremis
2226 3135 2334 3190 illis
2365 3142 2523 3204 raptu
2558 3134 2794 3189 violento
2822 3131 3056 3193 deletus,
3089 3113 3242 3197 terga
3265 3125 3440 3180 illisit.

1875 3229 2056 3284 Solius
2083 3244 2212 3283 vero
2245 3227 2339 3282 Dei
2377 3224 2767 3297 omnipotentis
2809 3232 2914 3289 est,
2946 3221 3176 3291 ejusque
3210 3217 3443 3273 divinis-

1875 3323 1999 3378 simi
2035 3320 2154 3376 Filii
2189 3323 2402 3376 animas
2432 3319 2500 3374 ab
2529 3317 2720 3374 inferis
2744 3316 2998 3380 educere,
3025 3321 3312 3382 citatusque
3342 3325 3443 3364 an-

1877 3416 2120 3486 gelorum
2144 3414 2336 3469 ordine
2376 3419 2619 3469 astantes
2662 3411 2886 3474 habere,
2933 3409 3076 3479 quod
3106 3407 3304 3462 divina
3343 3417 3444 3459 na-

1877 3515 2012 3563 tura:
2040 3506 2346 3578 prOprium,
2384 3504 2648 3562 eximium
2669 3518 2735 3559 ac
2769 3501 3048 3573 singulare
3071 3509 3173 3556 est.

471 3849 3414 3880 ______________________._________________————-

1052 4006 1616 4140 SANCTI
1732 3997 2599 4132 EUSTATHII

1384 4242 1745 4308 EPISCOPI
1775 4240 2275 4304 ANTIOCHENI

379 4428 1069 4528 ALLOCUTIO
1140 4427 1289 4518 AD
1373 4421 2247 4517 IMPERATOBEM
2321 4419 3276 4516 CONSTANTINUM

1490 4636 1553 4680 IN
1586 4636 1876 4681 CONCILIO
1913 4635 2186 4681 NICENO.

319 4798 483 4863 (Apud
511 4799 803 4864 Gregorium
826 4797 1170 4862 presbyterum
1192 4793 1562 4855 Cesariensem,
1589 4792 1726 4844 Orat.
1748 4783 1801 4836 in
1821 4785 1867 4836 Ν
1873 4782 2050 4836 ίεαιποε
2070 4784 2278 4844 Patres;
2304 4795 2369 4832 ex
2391 4781 2667 4833 Combeﬁsil
2691 4785 2888 4832 Auctor.
2916 4777 3115 4840 novin,
3141 4777 3205 4842 Π,
3223 4777 3360 4844 558.)

1811 4926 1882 4938 ——

285 5020 723 5096 Εὑχαριστοῦμεν
778 5017 916 5090 Θεῷ,
972 5017 1229 5090 κράτιστε
1282 5012 1525 5085 βασιλεῦ,
1565 5012 1643 5084 τῷ
1679 5013 1781 5085 τὴν

1959 5011 2070 5067 1)εο
2100 5009 2304 5082 gratias
2333 5007 2566 5078 agimus,
2601 5004 2804 5075 optime
2850 5002 3168 5075 imperator,
3211 5002 3306 5074 qui
3339 5009 3445 5058 ter-

123 5133 144 5150 ⁶
214 5118 458 5186 ὲπίγειον
499 5110 804 5168 ωνθὺνοντί
835 5127 915 5164 σοι
964 5107 1237 5181 βασιλείαν
1261 5123 1275 5137 ·
1321 5105 1400 5179 τῷ
1427 5107 1527 5177 τὴν
1575 5105 1782 5177 πλάνην

214 5209 324 5264 τῶν
352 5207 581 5262 εἰδώλων
608 5204 697 5259 διὰ
731 5201 823 5257 σοῦ
864 5201 1288 5272 καταργήσαντι,
1317 5199 1413 5252 καὶ
1441 5197 1550 5252 τῶν
1578 5196 1782 5251 πιστῶν

213 5302 616 5372 καταστήσαντι
657 5298 715 5350 ὲν
760 5292 1041 5366 παρρησίᾳ
1075 5291 1167 5345 τὸν
1215 5288 1466 5360 εὔθυμον.
1502 5287 1782 5342 Πέπαυται

217 5395 415 5450 κνίσσα
445 5390 708 5464 δαιμόνων
727 5407 740 5420 ·
770 5385 1126 5442 καταλέλυται
1152 5382 1439 5445 πολυθεῐας
1471 5380 1783 5452 Ἑλληνικῆς

215 5486 290 5542 τὰ
308 5485 621 5554 σεϐάσματα
639 5499 652 5512 ·
684 5480 744 5534 τὸ
769 5479 868 5550 τῆς
897 5475 1169 5546 ἀγνωσίας
1199 5472 1553 5528 ἀπελαύνεται
1577 5471 1782 5534 σκότος·

216 5579 300 5650 τῷ
325 5579 422 5648 τῆς
461 5573 785 5643 Θεογνωσίας
813 5568 950 5639 φωτὶ
981 5570 1014 5638 ὴ
1042 5564 1330 5636 οἰκουμένη
1363 5559 1783 5631 καταυγάζεται·

220 5669 413 5740 Πατὴρ
436 5665 791 5734 δοξολσγεῖται
807 5678 821 5692 ·
849 5659 977 5723 Υἱὸς
995 5675 1058 5711 συ
1067 5657 1487 5729 μπροσκυνεῖται
1505 5670 1518 5682 ·
1543 5652 1604 5704 τὸ
1627 5652 1791 5705 Πνεῦ-

224 5775 303 5832 μα
348 5756 409 5809 τὸ
452 5755 603 5825 ἅγιον
651 5747 1098 5819 καταγγέλλεται·
1131 5743 1302 5817 Τριάς
1337 5744 1648 5815 ὁμοοὺσιος,
1690 5743 1790 5813 μία

1887 5119 2081 5162 renum
2115 5103 2209 5158 tibi
2238 5100 2525 5170 imperium
2547 5097 2732 5168 dirigit
2767 5116 2780 5152 :
2813 5097 2905 5166 qui
2926 5096 3343 5151 simulacrorum
3365 5112 3445 5152 er-

1889 5212 2068 5253 rorem
2095 5210 2192 5266 per
2218 5201 2273 5249 te
2299 5190 2553 5256 abolevit,
2587 5204 2651 5244 ac
2683 5203 2868 5259 aequos
2897 5187 3133 5243 ﬁdelium
3163 5186 3374 5244 animos
3397 5187 3451 5243 in

1891 5292 2141 5347 libertate
2196 5285 2502 5343 collocavit.
2562 5282 2811 5340 Cessavit
2863 5280 3174 5337 daemOuum
3222 5279 3381 5336 nidor
3435 5296 3452 5338 ;

1890 5381 2178 5453 multiplici
2207 5381 2434 5437 deorum
2467 5378 2620 5432 cultu
2670 5391 2861 5432 eversa
2909 5381 2993 5431 est
3022 5373 3312 5445 gentilium
3358 5388 3456 5428 su-

1888 5471 2142 5544 perstitio
2179 5489 2193 5525 :
2229 5469 2576 5540 expelluntur
2618 5467 2856 5523 tenebrae
2914 5465 3212 5536 impietatis
3261 5483 3275 5520 :
3329 5465 3456 5520 illu-

1889 5570 2097 5620 stratur
2130 5558 2282 5616 orbis
2308 5567 2580 5613 terrarum
2611 5557 2734 5612 luce
2766 5557 2962 5611 divina:
2989 5555 3249 5610 scientiae.
3294 5552 3447 5611 Pate.

1888 5649 2246 5722 gloriﬁcatur,
2307 5646 2480 5702 Filius
2539 5647 2702 5702 simul
2749 5645 3030 5709 adoratur,
3096 5644 3455 5699 auuuntiatur

1890 5739 2128 5811 Spiritus
2155 5744 2428 5796 sanctus:
2483 5731 2724 5792 Trinitas
2780 5732 3292 5798 consubstantialis,
3343 5742 3452 5787 una
