3866 6162
426 217 532 274 675

1446 219 1504 274 S.
1541 216 1915 274 EUSTATHII
1953 216 2261 274 EPISCOPI
2299 213 2718 272 ANTIOCHENI

3559 214 3666 270 676

424 333 686 391 divinitas
715 333 772 388 in
792 334 971 390 tribus
995 335 1247 407 personis
1293 341 1348 391 et
1375 334 1764 407 hypostasibus
1788 339 1984 407 pradi-

2093 335 2281 408 θεότης
2311 335 2370 387 ἐν
2397 335 2543 406 τρισὶ
2578 332 2888 405 προσώποις
2923 335 3019 388 καὶ
3044 333 3367 388 ὑποστάσεσι
3397 329 3666 402 κηρύττε-

425 433 605 482 catur.
657 424 762 482 Per
808 441 953 490 eam,
1001 428 1320 496 imperator,
1363 429 1608 482 munitur
1638 437 1745 484 tua
1771 431 1991 499 pietatis

426 517 748 587 imperium;
776 532 895 572 eam
927 519 1085 572 nobis
1107 534 1265 573 serva
1297 519 1630 574 inviolatam.
1666 519 1860 576 Nullus
1883 523 1991 575 ha-

425 612 630 664 reticus
678 609 732 663 in
775 609 1076 664 Ecclesiam
1123 611 1442 665 snbintrans
1497 627 1664 666 unum
1711 612 1915 682 aliquid
1959 629 1990 666 a

426 697 696 753 Trinitate
727 697 964 762 auferat,
989 698 1108 752 sine
1131 699 1338 753 honore
1370 699 1731 768 affectumque
1761 699 1991 769 ignomi-

425 791 519 844 nia
549 791 887 868 relinquens,
915 789 1061 859 quod
1088 797 1174 844 est
1196 791 1486 860 reliquum.
1518 789 1682 845 Arius
1715 791 1874 846 nobis
1895 792 1989 860 qui

425 898 457 937 τι
487 881 672 937 furore
693 897 893 936 nomen
926 883 1159 952 accepit,
1191 882 1456 937 orationis
1475 897 1640 937 causa
1673 889 1757 938 est
1781 891 1834 938 et
1857 899 1991 937 con-

425 982 662 1040 ventus;
709 973 803 1044 qui
831 974 1020 1028 nescio
1049 972 1344 1044 quomodo,
1379 973 1434 1026 in
1464 971 1723 1028 Ecclesia
1759 974 1992 1028 Alexan-

425 1067 600 1134 drina
642 1066 1048 1136 presbyterium
1095 1064 1346 1130 allectus,
1387 1065 1757 1120 nescientibus
1804 1065 1987 1130 nobis,

426 1156 638 1210 alienus
681 1170 712 1208 a
753 1155 1003 1210 doctrina
1029 1156 1471 1211 beatissimorum
1497 1157 1889 1226 prophetarum
1935 1166 1989 1211 et

424 1248 798 1318 apostolorum
832 1248 1086 1304 inventus
1132 1247 1256 1304 fuit.
1312 1247 1664 1318 Unigenitum
1707 1250 1853 1304 enim
1899 1247 1992 1302 Fi-

425 1339 558 1395 lium
591 1350 644 1396 et
677 1339 915 1397 Verbum
945 1339 1125 1395 Patris
1163 1357 1273 1394 non
1318 1350 1538 1396 veretur
1585 1340 1830 1410 ejusdem
1863 1356 1990 1396 cum

422 1429 604 1488 Patris
629 1434 952 1488 substantia
993 1434 1272 1489 consortio
1302 1435 1536 1504 privare,
1569 1441 1622 1487 et
1649 1433 1986 1499 Creatorem,

422 1531 688 1579 creatura
715 1525 913 1590 cultor,
944 1526 1228 1580 contendit
1256 1527 1454 1584 creatis
1502 1541 1812 1582 accensere.
1851 1524 1989 1579 Eum

423 1621 606 1669 autem
656 1617 1018 1686 persuaseris,
1066 1617 1384 1687 imperator,
1448 1626 1656 1673 mutata
1720 1619 1988 1675 sententia

2090 445 2199 481 ται.
2229 425 2414 497 Ταύτῃ
2441 426 2751 496 τειχίζεται,
2784 425 3021 495 βασιλεῦ,
3048 425 3108 480 τὸ
3139 426 3236 496 τῆς
3264 423 3544 487 εὐσεϐείας
3573 441 3665 480 σου

2092 519 2325 590 κράτος·
2381 518 2582 589 ταύτην
2641 521 2774 588 ἡμῖν
2819 518 3012 573 ἄσυλον
3062 516 3406 587 διαφύλαττε.
3460 516 3668 586 Μηδεὶς

2090 611 2381 684 αἱρετικὸς,
2413 610 2612 674 ὑποδὺς
2661 611 2759 681 τὴν
2797 609 3138 681 Ἐκκλησίαν,
3178 609 3237 663 ἐν
3279 627 3332 663 τι
3368 609 3467 678 τῆς
3497 609 3666 680 Τριά-

2088 704 2177 768 δος
2201 704 2522 774 ἀφαιρείτω,
2558 703 2979 774 καταλιμπάνων
3011 704 3072 756 τὸ
3092 702 3406 773 λειπόμενον
3447 703 3664 771 ἄτιμον.

2095 793 2312 864 ’Ἄρειος
2351 794 2479 862 ἡμῖν
2506 794 2535 844 ὁ
2565 791 2665 861 τῆς
2703 793 2898 863 μανίας
2942 792 3224 862 ἐπώνυμος
3257 790 3348 844 τοῦ
3383 792 3540 861 λόγου
3573 789 3668 843 καὶ

2091 885 2190 954 τῆς
2224 884 2584 947 συνελεύσεως
2617 883 2818 948 αἴτιος·
2857 884 2937 948 ὃς,
2974 884 3047 947 ὡς
3068 884 3168 937 οὐκ
3204 882 3357 954 ἴσμεν
3390 885 3559 946 ὅπως,
3588 882 3666 952 τῷ

2092 974 2466 1046 πρεσϐυτερίῳ
2512 975 2613 1045 τῆς
2663 974 3046 1048 Ἀλεξανδρέων
3094 976 3478 1045 ἐγκαταλεγεὶς
3543 975 3669 1028 Ἐκ-

2091 1063 2336 1136 κλησίας,
2386 1065 2672 1120 ἐλάνθανεν
2718 1067 2894 1137 ἡμᾶς,
2945 1068 3045 1138 τῆς
3089 1067 3196 1120 τῶν
3253 1066 3668 1139 τρισμακαρίων

2091 1157 2383 1229 προφητῶν
2413 1159 2508 1212 καὶ
2537 1159 2847 1212 ἀποστόλων
2869 1159 3211 1222 διδασκαλίας
3233 1160 3489 1230 ὑπάρχων
3512 1159 3669 1212 ἁλλό-

2089 1267 2259 1321 τριος.
2283 1250 2384 1302 Τὸν
2410 1249 2518 1321 γὰρ
2547 1250 2802 1320 μονογενῆ
2842 1249 2969 1302 Υίὸν
2998 1245 3091 1303 καὶ
3119 1251 3290 1318 Λόγον
3316 1250 3407 1302 τοῦ
3450 1248 3667 1320 Πατρδς

2089 1341 2408 1412 ἀποστερεῖν
2436 1342 2534 1412 τῆς
2563 1342 2974 1412 ὁμοουσιότητος
2997 1340 3088 1394 τοῦ
3119 1341 3329 1412 Πατρὸς
3359 1342 3460 1393 οὐκ
3484 1341 3668 1410 ἐντρέ-

2091 1451 2274 1500 πεται,
2307 1434 2400 1487 καὶ
2422 1436 2485 1504 τῇ
2515 1433 2686 1487 κτίσει
2718 1435 2808 1488 τὸν
2832 1434 3051 1504 κτίστην
3071 1434 3099 1485 ὁ
3129 1433 3515 1504 κτιστολάτρης
3541 1451 3668 1484 συν-

2090 1525 2215 1597 αριθ
2224 1528 2341 1596 μεῖν
2370 1524 2668 1593 ἐπείγεται.
2693 1525 2888 1578 Τοῦτον
2910 1525 2975 1579 ἂν
3000 1526 3257 1590 πείσειας,
3281 1525 3664 1595 αὐτοκράτωρ,

2095 1618 2548 1691 μεταφρονοῦντα,
2587 1622 2698 1682 τοῖς
2728 1620 3100 1682 ἀποπολικοῖς
3133 1619 3204 1690 μὴ
3236 1618 3550 1672 ἀντιτείνειν
3586 1617 3666 1670 δι-

422 1720 534 1758 non
561 1722 886 1776 repugnare,
907 1708 1226 1778 apostolicis
1257 1707 1554 1778 doctrinis;
1604 1717 1699 1764 aut
1741 1710 1790 1765 si
1819 1711 1875 1764 in
1910 1710 1984 1764 si-

2087 1712 2355 1782 δάγμασιν
2374 1729 2387 1741 ³
2429 1711 2462 1781 ἢ
2495 1713 2604 1776 τοῖς
2638 1712 2695 1764 ἐν
2724 1706 2802 1775 οἷς
2833 1711 2972 1764 ἐάλω
3000 1711 3313 1775 κακοδοξίας
3346 1709 3666 1779 ἐγκείμενον

422 1797 612 1852 nistra
637 1799 910 1868 opinionis
941 1800 1101 1869 cujus
1127 1809 1209 1857 est
1229 1802 1533 1868 convictus,
1564 1802 1839 1873 impietate
1862 1818 1989 1873 per-

424 1888 647 1953 stiterit,
675 1906 707 1944 a
736 1889 942 1946 Christi
971 1900 1026 1947 et
1051 1903 1242 1948 nostro
1267 1901 1410 1948 coetu
1461 1908 1686 1964 prorsus
1723 1894 1985 1949 extermi-

423 1983 664 2051 naveris,
688 2000 756 2039 ne
779 1985 1170 2055 simpliciorum
1199 1987 1415 2043 animus
1437 1988 1674 2042 turbidis
1695 1988 1986 2043 verborum

423 2086 648 2128 suorum
683 2075 971 2132 lenociniis
993 2074 1294 2147 depradari
1316 2077 1620 2148 contingat.

2093 1804 2449 1875 ἀσεϐήμασιν,
2473 1804 2640 1875 ἄρδην
2663 1803 2762 1873 τῆς
2789 1803 3021 1876 Χριστοῦ
3049 1805 3141 1857 καὶ
3163 1803 3316 1874 ἡμῶν
3343 1803 3667 1870 ἀφανίσειας

2093 1896 2390 1959 ἐπαύλεως,
2429 1894 2504 1958 ὡς
2538 1893 2603 1947 ἂν
2636 1894 2710 1966 μὴ
2738 1895 2836 1966 τῆς
2864 1894 3084 1966 θολερᾶς
3112 1894 3272 1948 αὐτοῦ
3297 1893 3667 1962 λογοθωπείας

2091 1986 2190 2051 τὰς
2215 1987 2322 2041 τῶν
2349 1985 2727 2060 ἁπλουστέρων
2755 1986 2932 2058 ψυχὰς
2960 1987 3257 2059 ἐργάσηται
3291 1987 3523 2058 θέραμα.

1611 2399 2486 2517 FRAGMENTA

794 2639 905 2702 EX
937 2639 1193 2701 LIBRIS
1237 2639 1301 2702 S.
1333 2638 1773 2701 EUSTATHII
1832 2633 2183 2699 EPISCOPI
2254 2635 2753 2701 ANTIOCHENI
2783 2636 3260 2700 DEPERDITIS

561 2882 619 2939 In
647 2882 782 2938 illud
809 2882 1068 2939 Proverb.
1102 2896 1222 2946 vm,
1247 2881 1340 2947 22,
1369 2882 1624 2937 Dominus
1656 2882 1850 2936 creavit
1883 2899 1982 2937 me.
2013 2911 2083 2922 -—
2114 2880 2268 2952 Apud
2303 2879 2716 2948 Theodoritum,
2759 2881 2855 2938 lib.
2893 2898 2912 2938 ι
2949 2881 3092 2937 Hist.
3122 2883 3270 2947 εισι..
3305 2897 3423 2953 cap.
3454 2884 3505 2938 8.

491 2994 717 3053 Veniam
749 3005 932 3052 autem
959 3011 1105 3051 nunc
1132 2996 1201 3051 ad
1229 3012 1292 3052 ea
1324 3013 1444 3067 qua
1471 3006 1622 3069 gesta
1659 3009 1805 3055 sunt.
1839 2999 1982 3066 Quid

2158 2996 2455 3068 Βαδιοῦμαι
2501 2997 2557 3050 δὲ
2607 2995 2854 3052 ἐντεῦθεν
2903 2998 3004 3069 ἠδη
3048 2998 3139 3050 καὶ
3181 2997 3273 3052 ἐπὶ
3329 2997 3396 3050 τά
3435 3015 3666 3070 πεπρα-

419 3089 630 3161 igitur?
678 3089 815 3144 Cum
849 3090 919 3144 ob
944 3105 1037 3146 eas
1069 3105 1158 3145 res
1191 3090 1428 3145 maxima
1474 3091 1716 3162 synodus
1747 3091 1983 3147 Nicaam

420 3183 786 3246 convenisset,
839 3181 1091 3236 ducentis
1122 3182 1343 3237 circiter
1373 3197 1437 3237 ac
1470 3185 1816 3254 septuaginta
1866 3184 1983 3254 epi-

420 3276 602 3345 scopis
632 3277 833 3345 (neque
861 3275 1006 3329 enim
1035 3289 1323 3329 numerum
1357 3283 1509 3331 certo
1528 3275 1731 3330 referre
1763 3291 1984 3345 possum

419 3370 491 3425 ob
520 3369 791 3440 ingentem
816 3375 1118 3422 conventus
1149 3368 1296 3422 illius
1334 3368 1759 3433 multitudinem,
1785 3369 1986 3440 quippe

417 3475 542 3516 cum
571 3476 672 3515 nec
692 3459 746 3513 in
782 3475 848 3515 eo
869 3459 1244 3529 investigando
1271 3459 1427 3514 valde
1456 3460 1711 3516 curiosus
1743 3460 1982 3530 fuerim),

418 3563 709 3625 postquam
734 3553 802 3608 de
824 3552 986 3607 modo
1021 3552 1144 3607 fidei
1173 3553 1342 3622 quari
1368 3559 1608 3623 captum
1636 3560 1739 3619 est,
1769 3552 1984 3607 libellus

419 3644 641 3700 Eusebii
679 3643 925 3714 prolatus
955 3649 1040 3697 est
1073 3642 1131 3696 in
1179 3641 1439 3707 medium,
1488 3641 1608 3712 ejus
1634 3641 1985 3712 blasphemia

417 3734 783 3790 certissimum
813 3739 1214 3802 argumentum.
1248 3733 1504 3798 Quicum
1540 3734 1716 3802 palam
1759 3731 1986 3787 audien-

416 3827 564 3881 tibus
595 3825 810 3880 cunctis
869 3824 1131 3879 rccitatus
1164 3823 1388 3894 fuisset),
1426 3825 1608 3880 statim
1643 3825 1984 3881 auditoribus

417 3922 636 3994 quidem
673 3903 1001 3976 immensum
1062 3919 1305 3974 dolorem
1362 3921 1546 3976 attulit
1601 3921 1670 3974 ob
1720 3921 1984 3975 doctrina

417 4018 736 4088 pravitatem
770 4033 782 4068 :
819 4021 1094 4069 auctorem
1124 4023 1304 4070 autem
1341 4015 1519 4084 ipsum
1550 4014 1752 4083 ingenti
1778 4013 1983 4083 pudore

417 4126 482 4164 ac
528 4109 792 4164 dedecore
824 4105 1021 4163 affecit.
1075 4107 1248 4164 Porro
1280 4123 1404 4162 cum
1435 4107 1866 4162 Eusebianorum
1897 4106 1981 4162 of-

418 4204 578 4258 ﬁcina
603 4201 715 4270 jam
739 4200 950 4254 detecta
981 4208 1148 4266 esset,
1174 4210 1228 4256 et
1253 4199 1452 4270 impius
1486 4200 1700 4255 libellus
1742 4190 1798 4253 in
1845 4214 1980 4253 con-

417 4302 604 4364 spectu
637 4289 880 4345 omnium
938 4289 1247 4360 discerptus
1275 4306 1304 4356 ς’
1354 4289 1575 4359 quidam
1625 4289 1980 4344 nihilominus

2091 3089 2287 3161 γμένα.
2325 3089 2389 3141 Τί
2423 3083 2546 3154 οὖν;
2578 3089 2762 3161 ἐπειδὴ
2785 3089 2871 3143 διὰ
2897 3089 3064 3142 ταῦτα
3095 3087 3306 3151 σύνοδος
3327 3091 3404 3151 είς
3429 3089 3524 3159 τὴν
3558 3090 3668 3142 Νι-

2091 3185 2266 3239 καέων
2297 3183 2602 3253 ἀφικνεῖται
2635 3184 2892 3254 μεγίστη,
2938 3184 3223 3238 διακοσίων
3259 3186 3386 3255 μήτι
3434 3202 3496 3252 γε
3562 3187 3670 3239 καὶ

2090 3275 2458 3346 ἐϐδομήκοντα
2484 3274 2572 3327 τὸν
2599 3275 2826 3346 ἀριθμὸν
2853 3275 3016 3346 ὁμόσε
3041 3276 3420 3347 συναχθέντων’
3455 3277 3512 3330 τὸ
3543 3277 3668 3349 γὰρ

2091 3366 2259 3436 σαφὲς
2297 3365 2386 3418 διὰ
2427 3366 2519 3420 τὸν
2565 3365 2665 3435 τῆς
2706 3366 3063 3439 πολυανδρίας
3106 3365 3257 3437 δχλον
3289 3369 3385 3438 ούχ
3436 3362 3547 3431 οἷός
3597 3371 3668 3423 τέ

2089 3459 2205 3527 εἰμι
2229 3455 2477 3527 γράφειν,
2495 3457 2678 3528 ἐπειδὴ
2703 3457 2776 3529 μὴ
2805 3458 2978 3530 πάντη
3002 3458 3157 3511 τοῦτο
3178 3459 3668 3531 περισπουδάστως

2089 3548 2397 3617 ἀνίχνευονο
2434 3548 2509 3612 ὡς
2543 3548 2598 3600 δὲ
2647 3547 2891 3619 ἐζητεῖτο
2932 3550 3032 3619 τῆς
3087 3549 3319 3614 πίστεως
3366 3552 3393 3603 ὁ
3428 3550 3669 3620 τρόπος,

2089 3635 2320 3708 ἐναργὴς
2353 3635 2456 3708 μὴν
2491 3637 2708 3707 ἔλεγχος
2739 3637 2799 3691 τὸ
2827 3638 3057 3710 γράμμα
3082 3639 3181 3710 τῆς
3206 3638 3460 3693 Εύσεϐίου
3491 3643 3672 3712 πρού-

2090 3725 2312 3781 ϐάλλετο
2346 3727 2710 3798 βλασφημίας.
2773 3729 2894 3782 Ἐπὶ
2937 3731 3152 3784 πάντων
3195 3730 3252 3783 δὲ
3285 3731 3666 3798 άναγνωσθέν,

2088 3818 2285 3873 αὐτίκα
2340 3819 2621 3891 συμφορὰν
2677 3819 2782 3892 μὴν
2837 3820 3180 3893 ἀστάθμητον
3229 3825 3327 3896 τῆς
3378 3825 3668 3896 ἐκτροπῆς

2087 3912 2250 3965 ἕνεκα
2302 3915 2414 3977 τοῖς
2446 3914 2733 3985 αὑτηκόοις
2767 3913 3081 3986 προύξένει·
3129 3917 3390 3989 αἰσχύνην
3431 3917 3475 3970 δ’
3515 3919 3666 3990 ἀνή-

2089 4019 2276 4055 κεστον
2305 4003 2384 4074 τῷ
2417 4003 2688 4075 γράψαντι
2728 4007 3007 4076 παρεῖχεν.
3057 4007 3270 4078 Ἐπειδὴ
3306 4008 3362 4060 δέ
3389 4008 3449 4061 τὸ
3481 4010 3664 4080 ἐργα-

2090 4096 2310 4167 στήριον
2337 4095 2443 4150 τῶν
2467 4098 2610 4168 ἀμφὶ
2636 4097 2726 4150 τὸν
2750 4097 3007 4151 Εύσέϐιον
3029 4099 3211 4168 σαφῶς
3237 4100 3396 4165 ἑάλω,
3422 4101 3514 4154 τοῦ
3545 4121 3666 4156 m-

2089 4188 2322 4258 ρανόμου
2353 4189 2677 4260 γράμματος
2716 4189 3100 4260 διαρῤαγέντος
3131 4192 3220 4244 ὑπ’
3261 4191 3378 4262 ὄψει
3410 4195 3662 4260 πάντων,

2087 4280 2220 4350 ὁμοῦ
2254 4298 2396 4344 τινες
2430 4281 2493 4334 ἐκ
2525 4281 2811 4351 συσκευῆς,
2835 4282 3072 4353 τοῦνομα
3101 4284 3520 4356 προϐαλλόμενοι
3553 4289 3676 4359 τῆς

415 4401 484 4441 ex
515 4385 817 4453 composito
850 4398 1048 4438 nomen
1079 4385 1232 4454 pacis
1287 4380 1684 4451 pratendentes
1706 4420 1721 4444 ,
1756 4380 1983 4450 reliquis

2089 4373 2330 4444 εἰρήνης,
2366 4372 2727 4442 κατεσίγησαν
2769 4374 2865 4444 μὲν
2906 4374 3150 4438 ἅπαντας
3181 4377 3306 4440 τοὺς
3337 4378 3532 4448 ἄριστα
3565 4379 3666 4434 λέ·-

414 4477 670 4532 omnibus
697 4475 790 4545 qui
825 4476 1030 4545 optima
1068 4475 1250 4529 dicere
1307 4478 1754 4537 consueverant,
1814 4473 1984 4528 silen-

415 4567 552 4624 tium
589 4569 986 4639 imposuerunt.
1018 4566 1206 4620 Ariani
1235 4580 1385 4629 vero,
1420 4570 1726 4618 metuentes
1781 4579 1870 4626 ne,
1902 4571 1983 4619 tot

414 4661 686 4732 episcopis
731 4661 789 4714 in
825 4676 992 4714 unum
1017 4658 1380 4727 congregatis,
1415 4657 1521 4727 ipsi
1555 4655 1796 4711 Ecclesia
1819 4656 1984 4726 ejice-

416 4759 626 4818 rentur,
648 4752 703 4805 in
727 4749 964 4806 medium
993 4750 1361 4820 prosilientes,
1385 4748 1580 4818 dogma
1609 4748 1751 4817 quod
1778 4747 1982 4818 impro-

415 4845 601 4900 batum
624 4842 822 4905 fuerat,
852 4841 1199 4896 anathemate
1219 4840 1572 4904 damnarunt,
1592 4847 1646 4894 et
1678 4839 1863 4894 libello
1888 4840 1982 4909 qui

415 4935 663 4990 unanimi
686 4935 928 4988 omnium
957 4948 1230 4989 consensu
1262 4933 1609 5002 conscriptus
1634 4930 1826 4995 fuerat,
1855 4947 1983 5002 pro-

415 5029 534 5099 pria
561 5043 726 5083 manu
743 5025 1209 5096 subscripserunt.
1239 5021 1441 5078 Verum
1475 5025 1773 5095 episcopali
1803 5026 1984 5096 digni-

414 5124 528 5174 tate
561 5135 656 5189 per
699 5118 962 5172 ambitum
990 5122 1045 5171 et
1071 5115 1325 5172 assiduas
1375 5115 1838 5185 interpellationes
1891 5129 1979 5169 re-

415 5221 586 5277 tenta,
629 5226 754 5266 cum
784 5222 879 5264 eos
915 5209 1287 5279 paenitentiam
1315 5223 1474 5278 agere
1503 5214 1796 5277 oporteret,
1828 5207 1982 5262 dam-

415 5312 574 5358 natas
629 5303 912 5373 opiniones
955 5314 1101 5355 nunc
1150 5300 1312 5364 clam,
1366 5314 1514 5353 nunc
1559 5309 1744 5370 aperte
1790 5299 1980 5354 defen-

415 5395 573 5457 dunt,
596 5395 764 5449 variis
784 5389 1346 5466 argumentationibus
1372 5390 1717 5445 insidiantes.
1751 5387 1983 5460 Cupien-

415 5494 502 5542 tes
532 5493 709 5540 autem
738 5485 1077 5540 zizaniorum
1109 5484 1314 5540 semina
1341 5483 1606 5546 stabilire,
1653 5482 1858 5552 peritos
1880 5483 1980 5536 ho-

415 5579 591 5633 mines
606 5575 980 5641 reformidant,
1005 5584 1058 5630 et
1079 5589 1303 5646 sagaces
1320 5576 1655 5643 inspectores
1668 5573 1942 5642 refugiunt
1961 5593 1973 5628 :

415 5676 579 5738 atque
611 5665 815 5725 idcirco
842 5665 1062 5736 pietatis
1090 5679 1373 5736 praecones
1394 5664 1538 5720 bello
1566 5670 1843 5734 appetunt.
1875 5659 1978 5717 Ve-

2084 4482 2199 4535 γειν
2227 4465 2501 4529 εἰωθότας.
2532 4468 2593 4519 Οί
2628 4465 2670 4519 δ’
2714 4467 3109 4538 Ἀρειομανίται
3136 4468 3422 4533 δείσαντες,
3453 4472 3664 4542 μήπως
3718 4459 3736 4479 ’

2084 4559 2190 4629 ἄρα
2238 4557 2503 4627 τοσαύτης
2550 4560 2607 4611 ἐν
2651 4558 2829 4630 ταύτῷ
2875 4560 3087 4614 συνόδου
3138 4565 3661 4637 συγκεκροτημένης

2084 4647 2567 4719 ἐξοπρακισθείεν,
2596 4646 3048 4717 ἀναθεματίζουσι
3077 4649 3173 4719 μὲν
3204 4651 3664 4720 προπηδήσαντες

2082 4741 2144 4794 τὸ
2207 4740 2648 4812 ἀπηγορευμένον
2707 4739 2900 4811 δόγμα,
2964 4740 3273 4811 συμφώνοις
3325 4743 3660 4813 γράμμασιν

2085 4832 2494 4903 ὑπογράψαντες
2556 4834 2846 4904 αὑτοχειρί.
2919 4832 3037 4887 Τῶν
3097 4833 3154 4885 δὲ
3211 4832 3504 4906 προεδριῶν
3561 4835 3660 4889 διὰ

2083 4921 2341 4991 πλείστης
2372 4922 2501 4992 ὅσης
2527 4922 2860 4993 περιδρομῆς
2889 4924 3280 4994 κρατήσαντες,
3306 4923 3421 4976 δέον
3451 4925 3658 4989 αὐτοὺς

2084 5017 2395 5069 ὑπόπτωσιν
2435 5014 2751 5084 λαμϐάνειν,
2783 5013 2904 5065 τοτὲ
2954 5013 3052 5084 μὲν
3085 5013 3398 5084 λεληθότως,
3441 5015 3562 5067 τοτὲ
3593 5017 3656 5070 δὲ

2083 5109 2372 5180 προφανῶς
2412 5108 2510 5172 τὰς
2549 5107 3021 5179 ἀποψηφισθείσας
3070 5107 3424 5178 πρεσϐεύουσι
3454 5107 3650 5172 δόξας,
3739 5113 3746 5120 ’

2081 5200 2356 5270 διαφόροις
2388 5198 2820 5262 ἐπιϐουλεύοντες
2861 5200 2972 5262 τοῖς
3019 5197 3276 5268 ἐλέγχοις.
3323 5197 3651 5266 Βουλόμενοι

2079 5292 2136 5345 δὲ
2175 5291 2452 5359 παγιῶσαι
2483 5290 2552 5344 τά
2583 5289 2867 5360 ζιζανιώδη
2896 5291 3341 5362 φυτουργήματα,
3375 5289 3651 5345 δεδοίκασι

2078 5386 2205 5449 τοὺς
2235 5383 2630 5455 ἐπιγνώμονας,
2653 5384 2744 5436 καὶ
2767 5383 3070 5437 ἐκκλίνουσι
3102 5385 3226 5446 τοὺς
3254 5384 3478 5453 ἐφόρους
3496 5400 3510 5412 ⁸
3547 5387 3651 5438 καὶ

2077 5478 2251 5550 ταύτῃ
2294 5477 2420 5540 τοὺς
2465 5476 2564 5548 τῆς
2616 5475 2894 5539 εὐσεϐείας
2935 5477 3180 5547 κήρυκας
3225 5476 3646 5545 ἐκπολεμοῦσιν.

2080 5572 2192 5642 Οὐχ
2223 5570 2363 5624 οὕτω
2393 5570 2450 5622 δὲ
2483 5568 2828 5639 πιστεύομεν,
2869 5569 2944 5632 ώς
2979 5567 3296 5639 ἀνθρώπους
3322 5569 3517 5633 ἀθέους
3544 5569 3649 5623 δύο

2080 5661 2272 5716 νασθαι
2315 5659 2581 5732 κρατῆσαι
2627 5659 2843 5715 πώποτε
2893 5658 2985 5714 τοῦ
3032 5659 3198 5714 θείου.
3227 5659 3352 5715 «Κᾶν
3393 5661 3502 5727 γὰρ
3535 5665 3646 5719 πύ-
