3866 6162
147 231 260 292 επ

1570 225 2020 282 FRAGMENTA.

3291 227 3396 282 (J78

147 351 238 408 λιν
272 350 552 422 ἰσχύσωσι,
594 349 687 402 καὶ
714 347 875 402 πάλιν
909 347 1299 420 ἡττηθήσονται
1341 346 1482 402 κατά
1503 349 1594 402 τὸν
1638 364 1725 400 σε-

1846 361 1947 400 ἰιω
1977 361 2046 400 ne
2080 344 2161 400 sic
2188 345 2407 414 quidem
2439 345 2734 413 credimus,
2787 346 2986 417 impios
3039 345 3290 401 homines
3314 350 3400 400 dl-

151 445 434 520 μνόφωνον
463 443 747 515 προφήτην
777 443 1020 496 Ἡσαΐαν.

1828 439 2012 493 vinum
2049 454 2252 493 numen
2307 453 2545 508 unquam
2601 455 2764 509 posse
2820 454 3100 509 superare.
3139 437 3397 504 Quamvis

1825 530 1970 584 enim
1987 529 2132 583 vires
2148 530 2327 584 denuo
2349 540 2686 600 comparent,
2714 531 2894 587 denuo
2911 531 3220 598 vincentur,
3239 530 3396 601 juxta

1826 620 2171 691 magniﬁcum
2201 621 2522 692 prophetam
2553 620 2770 677 Isaiam.

852 728 1003 799 Apud
1037 727 1287 784 eumdem
1310 712 1722 785 Theodoritum.
1763 732 1903 788 Dial.
1941 733 2137 805 κομι).
2169 745 2300 789 tom.
2324 735 2416 801 1v,
2446 752 2568 808 pag.
2601 736 2692 792 58.

156 839 272 897 Τοῦ
303 838 488 896 αὐτοῦ
535 838 605 894 ἐκ
636 837 744 892 τοῦ
768 840 952 906 λόγου
985 840 1072 903 εἰς
1102 839 1188 890 τό·
1219 856 1237 889 ι
1283 839 1498 906 Κύριος
1525 841 1727 898 ἐκτισέ

536 949 614 1001 με
654 931 850 1000 ἀρχὴν
879 933 1034 986 ὀδών
1062 930 1270 985 αὑτοῦ.
1315 951 1334 983 ι

225 1025 290 1077 Εἰ
318 1023 416 1094 μὲν
443 1019 534 1078 οὖν
567 1023 740 1095 ἀρχὴν
767 1024 864 1094 τῆς
891 1024 1190 1095 γεννήσεως
1220 1017 1440 1095 εἴληφεν
1473 1026 1501 1078 6
1532 1027 1723 1095 Λόγος,

149 1119 248 1189 ἀφ’
278 1115 338 1172 οὗ
378 1119 464 1172 διά
495 1120 593 1190 τῆς
640 1117 895 1189 μητρῴας
923 1117 1196 1181 διοδεύσας
1224 1118 1458 1189 γαστρὸς
1489 1118 1588 1182 τὰς
1617 1137 1723 1172 σω-

155 1210 395 1279 ματικὰς
436 1209 691 1280 ὲφόρεσεν
737 1210 1021 1280 ἁρμονίας,
1069 1209 1422 1280 συνέστηκεν,
1456 1211 1536 1262 ὅτι
1565 1210 1721 1279 γέγο-

152 1316 247 1351 νεν
277 1298 649 1366 ὲκ³γνναικός”
686 1299 735 1350 εἰ
766 1297 824 1350 δὲ
860 1296 1029 1364 Λόγος
1071 1297 1165 1350 καὶ
1194 1295 1325 1359 Θεὸς
1354 1291 1420 1366 ἦν
1462 1295 1722 1349 ἀνέκαθεν

154 1393 314 1465 παρά
341 1390 418 1462 τῷ
446 1392 646 1462 Πατρὶ,
695 1391 786 1444 καὶ
825 1388 894 1442 τά
935 1389 1222 1458 σύμπαντα
1258 1388 1324 1442 δι’
1368 1388 1531 1442 αὐτοῦ
1564 1405 1723 1457 γεγε-

153 1485 353 1556 νῆσθαί
385 1501 594 1555 φαμεν,
633 1485 733 1538 οὐκ
763 1484 870 1555 ἄρα
899 1483 1118 1552 γέγονεν
1161 1484 1225 1536 ὲκ
1264 1484 1520 1552 γυναικὸς
1556 1483 1584 1535 6
1626 1482 1722 1546 ὣν,

152 1576 257 1630 καὶ
284 1579 394 1640 τοῖς
423 1579 697 1647 γεννητοῖς
737 1576 939 1629 ἅπασιν
977 1574 1148 1639 αἴτιος
1180 1573 1255 1628 ὢν
1275 1592 1290 1605 ⁸
1323 1574 1436 1628 ἀλλ’
1479 1574 1592 1627 ἔστι
1630 1574 1728 1645 τὴν

1833 845 2108 916 Ejusdem,
2132 863 2196 901 ea:
2222 864 2457 930 sermone
2483 851 2538 930 in
2571 849 2742 902 illud:
2769 868 2788 900 ‹
2823 848 3076 903 Dominus
3103 849 3297 903 creavit
3321 865 3401 904 me

2255 929 2457 971 mitium
2477 929 2682 972 viarum
2703 937 2937 973 suarum.
2955 942 2974 972 ›

1904 1007 1962 1063 Si
1985 1024 2113 1079 ergo
2143 1010 2510 1080 generationis
2541 1011 2867 1081 principium
2894 1013 3105 1082 accepit
3135 1009 3395 1076 Verbum,

1831 1116 1899 1157 ex
1919 1118 2028 1173 quo
2073 1118 2169 1172 per
2198 1110 2505 1157 maternum
2537 1104 2812 1159 transiens
2847 1111 3061 1158 uterum
3094 1105 3400 1174 corporalia

1828 1195 2074 1250 membra
2105 1195 2359 1266 gestavit,
2391 1203 2607 1250 constat
2635 1196 2778 1265 quod
2829 1195 3006 1252 factus
3037 1204 3121 1251 est
3161 1214 3225 1251 ex
3281 1213 3401 1250 mu-

1830 1287 1982 1342 liere.
2017 1287 2086 1341 At
2116 1287 2161 1341 si
2207 1285 2446 1341 Verbum
2477 1296 2531 1342 et
2563 1285 2704 1342 Deus
2748 1295 2906 1342 antea
2953 1295 3070 1342 erat
3109 1288 3251 1357 apud
3299 1286 3402 1340 Pa-

1831 1387 1969 1434 trem
1999 1387 2053 1434 et
2087 1379 2341 1433 universa
2371 1393 2467 1448 per
2492 1378 2669 1448 ipsum
2698 1376 2837 1431 facta
2863 1394 2984 1433 esse
3008 1379 3263 1445 dicimus,
3289 1394 3399 1432 non

1830 1479 1915 1527 est
1940 1473 2126 1541 utique
2176 1470 2354 1526 factus
2382 1486 2448 1525 ex
2473 1471 2700 1525 muliere
2727 1511 2741 1535 ,
2777 1471 2872 1541 qui
2909 1479 3013 1535 est,
3047 1479 3100 1525 et
3131 1471 3402 1528 creaturis

1831 1565 2086 1621 omnibus
2115 1573 2175 1619 ut
2207 1565 2320 1619 sint
2351 1579 2570 1620 causam
2599 1563 2804 1634 praebet
2829 1584 2842 1618 :
2891 1563 2986 1619 sed
3017 1563 3161 1620 Deus
3205 1578 3401 1618 natura

153 1669 320 1739 φύσιν
352 1670 482 1734 Θεὸς
515 1669 812 1740 αὐτάρκης,
844 1667 1086 1739 ἄπειρος,
1121 1668 1471 1741 ἀπερινόητος
1491 1685 1504 1697 ·
1542 1671 1607 1721 ὲκ
1633 1685 1730 1736 γυ-

1846 1657 2379 1722 :st,omnibusbonis
2396 1657 2703 1722 abundans,
2734 1656 2998 1722 inﬁnitus,
3033 1665 3086 1713 et
3113 1660 3404 1728 quimente

153 1763 344 1826 ναικὸς
371 1763 426 1816 δὲ
465 1764 684 1831 γέγονεν
717 1760 1018 1833 ἄνθρωπος,
1046 1762 1075 1814 ὁ
1109 1764 1167 1815 ὲν
1196 1765 1262 1832 τῇ
1292 1761 1592 1834 παρθενικῇ
1625 1761 1729 1832 μή·

153 1868 266 1925 τρᾳ
291 1853 565 1925 Πνεύματι
595 1853 790 1922 παγεὶς
825 1852 984 1923 ἁγίῳ.

1835 1750 2217 1821 comprehendi
2251 1749 2439 1818 nequit
2467 1769 2479 1803 :
2512 1765 2576 1803 ex
2608 1750 2835 1804 muliere
2880 1758 3061 1804 autem
3114 1747 3292 1805 factus
3320 1758 3404 1804 est

1835 1839 2019 1903 homo,
2043 1839 2136 1908 qui
2167 1839 2223 1893 in
2242 1837 2496 1910 virginali
2526 1845 2681 1894 utero
2700 1838 2906 1910 Spiritu
2925 1846 3116 1896 sancto
3139 1839 3405 1895 formatus

1833 1937 1940 1986 est.

1667 2044 1872 2100 lernam.

419 2164 531 2219 Τοῦ
562 2164 779 2230 αὑτοῦ,
806 2165 875 2220 ἐκ
915 2165 1022 2221 τοῦ
1059 2164 1246 2220 αὐτοῦ
1273 2165 1480 2234 λόγου.

233 2257 380 2320 Ναδς
411 2257 518 2329 γάρ
547 2256 750 2330 κυρίως
775 2260 804 2312 6
833 2258 1070 2332 καθαρὸς
1096 2258 1190 2310 κα).
1216 2258 1499 2328 ἄχραντος,
1533 2256 1566 2327 ἡ
1593 2254 1736 2309 κατὰ

159 2347 256 2402 τὸν
294 2345 574 2418 ἄνθρωπόν
603 2348 718 2399 ὲστι
751 2346 878 2416 περὶ
908 2347 1000 2399 τὸν
1025 2346 1196 2414 Λόγον
1229 2345 1422 2414 σκηνὴ,
1447 2342 1573 2396 ἔνθα
1603 2358 1736 2413 προ-

161 2438 351 2509 φανῶς
381 2437 683 2510 σκηνὼσας,
711 2438 924 2510 ᾤκησεν
955 2441 984 2492 6
1016 2437 1166 2501 Θεός.
1198 2438 1308 2490 Καὶ
1341 2435 1514 2489 ταῦτα
1545 2435 1643 2488 οὐκ
1671 2436 1735 2487 ὲκ

160 2532 275 2585 τῶν
317 2532 538 2584 εἰκότων
572 2532 768 2602 φαμέν.
804 2531 1006 2585 Τούτου
1057 2530 1164 2602 γὰρ
1196 2532 1225 2582 6
1263 2529 1422 2598 φύσει
1458 2528 1552 2582 τοῦ
1599 2528 1734 2582 Θεοῦ

2186 2159 2462 2230 Ejusdem,
2493 2177 2558 2214 ex
2590 2160 2770 2215 eodem
2797 2177 3053 2216 sermone.

1908 2252 2188 2324 Templum
2211 2254 2356 2308 enim
2380 2255 2597 2323 proprie
2625 2254 2887 2308 mundum
2906 2262 2959 2310 et
2976 2255 3406 2322 immaculatum,

1837 2353 1922 2400 est
1955 2345 2251 2398 humanum
2292 2343 2454 2399 Verbi
2487 2345 2922 2410 tabernaculum,
2953 2347 3009 2400 in
3039 2362 3148 2416 quo
3182 2363 3241 2403 se
3272 2363 3405 2402 con-

1840 2437 2180 2508 spiciendum
2202 2437 2448 2506 praebens
2469 2436 2734 2491 habitavit
2749 2436 2915 2494 Deus.
2935 2437 3121 2508 Neque
3141 2455 3271 2493 vero
3293 2441 3409 2494 haec

1837 2529 2212 2600 probabilibus
2242 2529 2392 2583 ducti
2429 2529 2760 2599 coniecturis
2790 2530 3044 2585 dicimus.
3074 2530 3209 2584 Nam
3249 2533 3296 2586 is
3313 2533 3407 2602 qui

163 2619 316 2683 Υἱὸς,
372 2619 470 2690 τὴν
520 2619 670 2672 λύσιν
717 2621 812 2674 καὶ
870 2621 1163 2674 ἀνάστασιν
1209 2618 1596 2693 προαγορεύων
1640 2618 1735 2674 τοῦ

1846 2629 2036 2675 natura
2081 2618 2250 2675 Filius
2281 2619 2373 2674 Dei
2407 2631 2522 2684 est,
2557 2621 2724 2690 hujus
2761 2623 2944 2692 templi
2977 2623 3406 2679 destructionem

162 2709 306 2775 νεὼ,
357 2710 740 2781 ἀναμφιϐόλως
786 2713 936 2782 ἡμᾶς
984 2711 1250 2765 διδάσκων
1301 2709 1570 2778 ὲφοδιάζει
1623 2712 1737 2774 τοῖς

1846 2719 1892 2767 et
1921 2712 2372 2768 instaurationem
2400 2713 2723 2782 praedicens,
2773 2715 2892 2770 sine
2923 2717 3029 2769 ulla
3055 2716 3411 2786 ambiguitate

167 2803 475 2875 μιαιφόνοις
522 2804 744 2872 φάσκων
801 2802 1106 2866 Ἰουδαίοιςο
1149 2803 1386 2857 Λύσατε
1429 2801 1536 2855 τόν
1587 2801 1737 2857 ναὸν

1846 2821 1944 2860 nos
1975 2805 2075 2860 hac
2109 2806 2175 2860 de
2191 2821 2251 2860 re
2279 2806 2481 2869 docuit,
2512 2807 2757 2862 cruentis
2787 2806 2989 2864 Judaais
3021 2808 3210 2863 dicens
3238 2828 3251 2864 :
3288 2807 3412 2866 Sol-

167 2896 404 2964 τσῦτον,
437 2896 534 2952 καὶ
565 2897 634 2952 ἐν
660 2896 858 2966 τρισὶν
881 2895 1126 2966 ἡμέραις
1153 2895 1335 2966 ἐγερῶ
1359 2897 1564 2951 αὐτόν.

1846 2899 1942 2951 vile
1977 2899 2224 2967 templum
2269 2897 2364 2952 hoc
2385 2940 2400 2966 ,
2431 2909 2481 2952 et
2513 2901 2570 2953 in
2601 2899 2770 2954 tribus
2819 2901 3002 2956 diebus
3051 2901 3294 2958 excitabo
3332 2903 3412 2972 ip-

1847 3004 1958 3027 ..ηπ
1995 2989 2037 3020 77

1793 2989 1809 3028 λ
1843 3004 1961 3042 sum
1995 2989 2060 3043 ⁷⁷.

1671 3102 1874 3161 Inlusit.

413 3219 526 3276 Τοῦ
571 3219 790 3283 αὐτοῦ,
839 3218 909 3272 ἐκ
948 3218 1056 3273 τοῦ
1089 3219 1274 3273 αὐτοῦ
1300 3221 1505 3288 λόγου.

2237 3221 2512 3288 Ejusdem,
2551 3239 2616 3276 ea:
2643 3221 2822 3277 eodem
2855 3222 3009 3275 libro.

252 3311 519 3384 ’οπηνίκα
549 3306 641 3364 οὖν
673 3311 761 3364 τὸν
799 3310 1080 3382 ἄνθρωπον
1110 3311 1452 3382 ναουργήσας
1480 3311 1737 3383 ὲιρόρεσεν

1916 3314 2144 3382 Quando
2190 3316 2354 3387 igitur
2397 3317 2671 3371 hominem
2728 3325 2989 3385 tanquam
3038 3314 3300 3384 templum
3336 3314 3416 3368 fa-

165 3408 200 3459 6
221 3405 410 3474 Λόγος,
439 3403 651 3474 σώματι
681 3404 780 3475 μὲν
803 3405 913 3466 τοῖς
936 3402 1240 3474 ἀνθρώποις
1268 3403 1579 3473 ἐπιφοιτῶν,
1605 3423 1737 3459 παν-

1846 3408 2117 3464 bricatum
2136 3406 2376 3463 Verbum
2439 3408 2713 3479 gestavit,
2757 3422 2988 3476 corpore
3019 3406 3237 3476 quidem
3274 3407 3415 3460 inter

167 3497 407 3561 τοδαπάς
439 3496 684 3568 ἀοράτως
724 3495 1168 3567 θαυματουργίας
1208 3495 1551 3550 ἐπεδείκνυτο
1570 3536 1584 3561 ,
1615 3499 1737 3561 τοὺς

1847 3499 2098 3555 homines
2119 3510 2396 3556 versatum
2411 3495 2686 3563 est,varia
2712 3505 2893 3553 autem
2928 3497 3190 3552 miracula
3222 3497 3414 3553 invisi-

168 3587 229 3644 δὲ
278 3590 603 3654 ἀποστόλους
647 3589 896 3660 κήρυκας
945 3587 1046 3658 τῆς
1083 3587 1253 3641 ἀϊδίου
1303 3586 1576 3657 βασιλείας
1621 3588 1737 3654 ἐξέ-

1846 3591 2027 3647 biliter
2077 3592 2246 3648 edidit
2301 3601 2356 3649 et
2384 3591 2661 3664 apostolos
2707 3590 2897 3647 aeterni
2945 3591 3099 3662 regni
3136 3606 3417 3661 praecones

173 3699 378 3753 πεμπε.

1846 3683 2016 3740 misit.

1082 3793 1238 3864 Apud
1269 3806 1519 3850 eumdem
1547 3793 1956 3866 Theodoritum,
1992 3800 2140 3855 Dial.
2165 3817 2226 3867 ιι,
2256 3816 2378 3873 pag.
2405 3801 2495 3858 90.

179 3937 290 3992 Τοῦ
328 3934 534 4010 αὑτοῦ,
578 3935 646 4010 ἐκ
687 3933 795 4010 τοῦ
838 3933 1176 4010 λόγουλοῦ
1208 3936 1294 4010 εἰς
1343 3937 1428 4010 ζό·
1467 3954 1486 3986 ι
1523 3937 1737 4006 Κύριος

1847 3939 2122 4010 Ejusdem,
2152 3957 2217 3996 ex
2243 3957 2480 3996 sermone
2509 3957 2560 3993 m
2589 3937 2759 3992 illud:
2781 3956 2799 3987 ‹
2827 3936 3080 3990 Dominus
3115 3938 3304 3991 creavit
3335 3955 3416 3993 me

439 4004 640 4059 ἐκτισέ
661 4021 738 4075 με
764 4003 960 4073 ἀρχὴν
995 4003 1148 4057 ὁδῶν
1191 4006 1396 4060 αὐτοῦ.
1449 4026 1468 4059 ι
1608 4003 1619 4006 ⁷
1712 4003 1723 4004 ί

1887 4003 1904 4010 ⁷
2109 4003 2118 4008 ’
2230 4013 2440 4065 initium
2463 4012 2665 4065 viarum
2695 4025 2937 4063 suarum.
2967 4028 2986 4060 ›

245 4119 320 4172 Ub
351 4118 461 4189 γάρ
493 4113 644 4170 εἶπεν
673 4119 701 4170 ὁ
731 4117 943 4180 Παῦλος
973 4118 1325 4189 συμμόρφους
1352 4118 1445 4173 τοῦ
1485 4119 1616 4174 Υἱοῦ
1647 4119 1740 4174 τοῦ

168 4211 331 4274 Θεοῦ,
357 4210 490 4264 ἀλλά
517 4211 908 4280 συμμόρφους
930 4208 1038 4278 τῆς
1067 4212 1299 4276 εἰκόνος
1332 4211 1438 4265 τοῦ
1484 4213 1620 4266 Υἱοῦ
1644 4215 1745 4268 αὺ-

170 4305 281 4359 τοῦ
301 4323 314 4336 ·
356 4304 483 4359 ἄλλο
521 4302 619 4374 μέν
649 4320 700 4356 τι
731 4301 986 4355 δεικνύων
1019 4301 1111 4354 τὸν
1146 4302 1271 4354 Υἰὸν
1314 4297 1472 4369 εἶναι,
1518 4304 1645 4358 ἄλλο
1680 4306 1738 4359 δὲ

170 4397 273 4468 τὴν
304 4397 486 4449 εἰκόνα
531 4395 712 4448 αὐτοῦ’
757 4395 786 4447 ὁ
816 4394 913 4464 μὲν
946 4393 1052 4468 γάρ
1083 4394 1230 4459 Υἰὸς,
1260 4394 1324 4447 τὰ
1354 4395 1473 4450 θεῖα
1514 4397 1612 4468 τῆς
1646 4415 1747 4450 πα-

172 4488 358 4561 τρῴας
402 4488 598 4558 ἀρετῆς
635 4487 988 4558 γνωρίσματα
1034 4486 1236 4558 φέρων,
1288 4489 1450 4542 εἰκών
1494 4490 1608 4542 ὲστι
1652 4490 1746 4544 τοῦ

174 4579 410 4651 Ιίατρὸς,
453 4579 640 4650 ἐπειδὴ
688 4581 783 4632 καὶ
823 4579 1002 4649 ὅμοιοι,
1040 4577 1099 4643 ἐξ
1148 4580 1348 4651 ὁμοίων
1397 4581 1744 4652 γεννώμενοι,

174 4672 384 4735 εἰκόνες
437 4673 485 4724 οἰ
543 4671 848 4741 τικτόμενοι
905 4671 1186 4738 φαίνονται
1242 4671 1350 4725 τῶν
1408 4673 1748 4744 γεννητόρων

176 4763 417 4833 ἀληθεῖς.
466 4761 524 4815 '0
553 4761 609 4814 δὲ
657 4760 960 4832 ἄνθρωπος,
996 4759 1056 4812 ὃν
1099 4760 1385 4832 ἐφόρησεν,
1423 4760 1586 4814 εἰκών
1629 4762 1746 4814 ὲστι

174 4856 274 4912 τοῦ
330 4854 496 4918 Υἰού,
547 4852 640 4908 τοῦ
692 4853 785 4906 καὶ
838 4850 898 4916 ἐξ
959 4852 1225 4922 ἀνομοίων
1285 4852 1747 4925 κηρογραφεῖσθαι

177 4947 488 5022 χρωμάτων
523 4947 764 5007 εἰκόνας“
803 4943 1026 5006 καὶτὰς
1064 4943 1161 5014 μὲν
1203 4939 1339 4996 εἶναι
1380 4942 1522 4996 θέσει
1568 4962 1745 5015 χειρο-

147 5041 457 5103 ·τεύκτους,
485 5037 584 5100 τὰς
623 5037 678 5090 δὲ
712 5036 868 5106 φύσει
891 5036 991 5088 καὶ
1033 5035 1308 5106 ὁμοιότητι
1355 5036 1746 5106 γεγενημένας.

181 5131 391 5194 ’Δλλως
423 5147 482 5182 τε
524 5129 618 5182 καὶ
658 5127 816 5192 αὐτὸς
853 5129 882 5180 ὁ
912 5126 1016 5195 τῆς
1048 5124 1300 5196 ἀληθείας
1346 5124 1489 5178 τοῦθ’
1544 5126 1750 5193 ὑπαγο-

179 5224 330 5299 ρεύει
382 5220 599 5292 θεσμός.
651 5220 726 5272 Οὐ
790 5217 899 5290 γὰρ
953 5217 1012 5270 τὸ
1068 5216 1356 5287 ἀσώματον
1401 5216 1499 5287 τῆς
1559 5219 1750 5286 σοφίας

179 5317 397 5388 πνεῦμα
471 5314 787 5384 σύμμορφον
863 5313 978 5375 τοῖς
1051 5311 1382 5380 σωματικοῖς
1442 5308 1750 5381 ἀνθρώποις

179 5408 352 5472 ἐστὶν,
389 5405 504 5462 ἀλλ’
533 5408 563 5459 6
598 5405 676 5476 τῷ
719 5403 985 5474 πνεύματι
1026 5399 1498 5472 σωματοποιηθεὶς
1541 5400 1750 5472 ἄνθρω-

1917 4101 2036 4156 Νοη
2067 4102 2212 4156 enim
2245 4102 2387 4188 dixit
2417 4101 2642 4164 Paulus,
2674 4099 2985 4155 conformes
3007 4097 3143 4154 Filio
3175 4098 3289 4164 Dei,
3321 4101 3415 4156 sed

1849 4193 2142 4261 conformes
2168 4191 2389 4261 imagini
2409 4189 2539 4243 Filii
2569 4188 2734 4257 ipsius
2759 4188 2836 4240 7°:
2881 4187 3028 4240 aliud
3062 4187 3266 4242 docens
3295 4203 3417 4242 esse

1772 4269 1817 4323 Ῑ)
1848 4285 2045 4340 Filium
2068 4285 2183 4349 Dei,
2203 4285 2350 4338 aliud
2376 4282 2666 4352 imaginem
2694 4280 2835 4350 ejus.
2868 4273 3003 4333 Nam
3037 4277 3210 4333 Filius
3233 4279 3414 4334 divina

1842 4389 2080 4450 paternae
2103 4377 2322 4432 virtutis
2386 4375 2621 4446 insignia
2645 4387 2863 4442 gerens,
2894 4372 3074 4442 imago
3095 4379 3180 4426 est
3199 4368 3413 4436 Patris;

1843 4473 1970 4544 quia
2004 4472 2209 4527 similes
2240 4486 2306 4525 ex
2333 4469 2605 4524 similibus
2631 4465 2818 4536 geniti,
2847 4481 2988 4520 verae
3025 4463 3290 4534 imagines
3319 4463 3415 4518 lilii

1844 4575 1974 4624 sunt
2018 4572 2326 4636 parentum.
2363 4561 2538 4617 Homo
2577 4578 2708 4618 vero
2740 4577 2901 4632 quem
2943 4557 3195 4630 gestavit,
3238 4557 3420 4627 imago

1843 4667 1927 4716 est
1944 4661 2098 4725 Filii;
2153 4657 2413 4727 quoniam
2449 4663 2503 4710 et
2530 4671 2597 4710 ex
2626 4653 2986 4709 dissimilibus
3015 4650 3318 4719 pinguntur
3361 4648 3416 4702 in

1849 4766 1976 4807 cera
1995 4749 2274 4806 colori-bus
2293 4749 2557 4818 imagines
2593 4766 2606 4803 :
2654 4756 2709 4801 et
2738 4747 2819 4800 ha;
2853 4742 3071 4814 quidem
3101 4755 3265 4794 manu
3307 4738 3419 4793 for-

1851 4843 2224 4909 mantur,aliae
2250 4856 2380 4897 vero
2407 4848 2603 4894 natura
2619 4846 2674 4893 et
2703 4835 3062 4893 similitudine
3093 4833 3249 4888 ﬁunt.
3272 4829 3418 4884 Prai-

1850 4947 1995 4994 terea
2024 4941 2110 4995 lex
2142 4941 2260 5008 ipsa
2300 4937 2548 4993 veritatis
2574 4936 2678 4990 hoc
2723 4933 2984 4989 declarat.
3013 4929 3133 4984 Non
3156 4930 3298 4983 enim
3331 4927 3419 4980 in-

1850 5045 2146 5101 corporeus
2182 5030 2460 5100 sapientia:
2508 5028 2734 5098 spiritus
2783 5023 3083 5080 conformis
3111 5029 3193 5076 est
3223 5033 3422 5088 corpo-

1851 5125 1962 5179 reis
1994 5123 2308 5178 hominibus
2336 5141 2349 5177 :
2388 5121 2482 5176 sed
2507 5121 2598 5190 qui
2623 5134 2719 5189 per
2748 5117 3000 5188 spiritum
3042 5113 3312 5167 formatus
3334 5115 3419 5164 est

1852 5215 2015 5269 homo
2043 5215 2360 5277 character,
2395 5213 2488 5282 qui
2531 5211 2654 5264 aliis
2684 5208 2939 5263 omnibus
2993 5203 3142 5274 paria
3190 5214 3419 5255 numero

1852 5307 2097 5363 membra
2133 5307 2291 5378 gerit,
2324 5313 2380 5361 et
2408 5305 2641 5360 similem
2671 5300 2966 5370 unicuique
2992 5295 3220 5352 formam
3258 5292 3421 5346 indu-

1850 5409 1942 5455 tus
1973 5409 2077 5455 est.

177 5523 281 5569 πος
321 5503 639 5576 χαρακτὴρ,
674 5502 703 5553 ὁ
731 5504 841 5566 τοῖς
883 5499 1060 5561 ἄλλοις
1125 5495 1327 5550 ἅπασιν
1383 5496 1644 5570 ἰσάριθμα
1684 5495 1822 5569 μέλη
1859 5494 2060 5568 φορῶν,
2120 5493 2216 5550 καὶ
2263 5494 2362 5564 τὴν
2415 5492 2608 5563 ὁμοίαν
2668 5489 2914 5552 ἑκάστοις
2959 5477 3420 5557 περιϐεὗλημινος

181 5604 347 5658 ἰδέαν.

255 5717 301 5749 ⁷⁷
335 5713 498 5769 Joan.
552 5728 614 5777 ιι,
652 5710 740 5767 19.
817 5709 863 5741 ⁷⁸
898 5706 1048 5761 Rom.
1090 5720 1213 5771 vui,
1253 5704 1355 5761 '29.
