3850 6160
417 241 522 301 679
1473 221 1532 275 S.
1563 212 1936 276 EUSTATHII
1973 205 2286 266 EPISCOPI
2322 197 2737 266 ANTIOCHENI
3103 238 3106 241 _
3574 194 3683 250 εει)

1931 331 2136 387 ιιιιυιιι.

782 472 1056 544 Ejusdem,
1079 485 1145 524 ex
1179 465 1360 523 eadem
1391 462 1650 519 oratione.
2033 499 2038 511 .

2313 477 2318 482 -
2376 441 2487 496 Τοῦ
2510 438 2719 506 αὑτοῦ,
2746 439 2817 492 ἐκ
2849 435 2956 492 τοῦ
2982 433 3169 517 αὐτοῦ
3201 433 3411 506 λόγου.

500 571 658 640 Quod
675 579 853 624 autem
879 581 1078 638 corpus
1100 564 1243 618 dicat
1273 558 1552 614 conforme
1581 553 1836 609 humanis
1855 564 2000 615 esse,

432 668 677 738 apertius
714 680 816 719 nos
854 663 1014 717 docet
1071 656 1320 713 scribens
1375 651 1443 706 ad
1497 646 1999 738 Philippenses":

433 737 641 815 Nostra
680 754 1025 815 conversatio,
1081 746 1278 817 inquit,
1325 744 1380 797 in
1419 742 1563 798 caelis
1593 749 1672 795 est
1711 757 1730 794 :
1787 737 1926 791 unde
1951 742 2002 791 et

433 851 762 908 Salvatorem
792 852 1151 914 exspectamus
1175 837 1456 893 Dominum
1487 833 1672 889 Jcsum
1705 829 2000 893 Christum,

431 947 523 1011 qui
552 938 951 1011 transﬁgurabit
995 951 1184 1005 corpus
1233 932 1555 986 humilitatis
1591 939 1807 990 nostrw,
1844 934 1902 978 ut
1931 925 2002 978 sit

433 1038 604 1106 ipsum
655 1030 918 1100 conforme
959 1025 1166 1095 corpori
1210 1023 1396 1094 gloriae
1421 1021 1606 1090 ipsius.
1637 1017 1793 1086 Quod
1819 1018 1867 1072 si
1899 1016 2002 1070 bu-

432 1129 560 1185 mile
591 1141 791 1196 corpus
824 1120 1104 1177 hominum
1127 1115 1549 1186 transﬁgurans,
1574 1110 1855 1167 conforme
1884 1122 2007 1179 pro-

431 1218 778 1295 priocorpori
810 1215 991 1278 edicit,
1051 1226 1192 1266 vana
1223 1223 1452 1282 prorsus
1502 1207 1874 1262 demonStrata
1920 1207 2006 1258 est

432 1315 869 1372 adversariorum
900 1305 1194 1364 calumnia.

2181 538 2303 591 Ὅτι
2333 535 2389 589 δὲ
2431 534 2492 588 τὸ
2531 533 2693 604 σῶμα
2733 531 2883 601 λέγει
2911 529 3234 601 σύμμορφον
3259 530 3372 592 τοῖς
3404 527 3684 600 ἀνθρωπί-

2109 648 2218 694 νοις
2250 623 2411 691 εῐναι,
2459 625 2788 696 σαφέστερον
2834 623 2980 693 ἡμᾶς
3023 620 3262 674 διδάσκει
3299 619 3686 691 Φιλιππησίοις

2107 721 2461 777 ἐπιστέλλων·
2509 715 2704 788 Ἠμῖιν
2743 715 2811 770 τὸ
2844 715 3194 784 πολίτευμα,
3229 712 3416 784 φησιν,
3463 712 3534 765 ὲν
3580 715 3686 766 οὺ-

2105 815 2316 886 ρανοῒς
2366 812 2644 884 ὑπάρχει,
2676 811 2746 876 ἐξ
2795 804 2883 865 ὧν
2921 808 3021 862 καί
3069 805 3312 876 Σωτῆρα
3359 805 3687 876 ἀπεκδεχό-

2101 912 2255 979 μεθα
2292 908 2510 976 Κύριον
2563 903 2812 972 Ἰησοῦν
2861 899 3141 970 Χριστὸν,
3195 898 3263 966 ὃς
3303 912 3686 968 μετασχημα-

2108 1003 2261 1057 τίσει
2290 1001 2354 1055 τὸ
2392 999 2565 1069 σῶμα
2594 996 2703 1064 τῆς
2734 994 3143 1061 ταπεινώσεως
3178 991 3348 1062 ἡμῶν
3382 994 3469 1058 εις
3501 989 3568 1045 τὸ
3591 1008 3686 1061 τε·

2106 1094 2316 1149 νέσθαι
2363 1091 2510 1147 αὐτὸ
2551 1091 2905 1161 σύμμορφον
2948 1086 3030 1152 τῷ
3071 1085 3298 1156 σώματι
3339 1083 3450 1153 τῆς
3500 1083 3688 1151 δόξης

2109 1183 2317 1239 αὑτοῦ.
2351 1184 2416 1238 El.
2441 1183 2500 1236 δὲ
2526 1181 2589 1236 τὸ
2627 1180 2882 1234 ταπεινὸν
2917 1174 3406 1250 μετασχηματίζων
3436 1174 3548 1228 τῶν
3593 1175 3689 1228 άν-

2113 1273 2347 1346 θρώπων
2392 1272 2572 1344 σῶμα,
2615 1271 2938 1343 σύμμορφον
2976 1268 3054 1341 τῷ
3102 1269 3216 1340 ίδίῳ
3255 1266 3467 1339 σώματι
3513 1283 3689 1320 κατα-

2113 1366 2368 1432 σκευάζει
2386 1406 2402 1432 ,
2459 1365 2626 1429 ἕωλος
2683 1363 3019 1435 πανταχόθεν
3066 1361 3438 1418 ἀποδέδεικται
3488 1361 3526 1431 ἡ
3579 1359 3690 1413 τῶν

2111 1459 2372 1514 ἐναντίων
2413 1456 2766 1529 συκοφαντία.

1814 1576 2020 1645 lanosi,
2059 1587 2178 1636 ιηιο.
2211 1577 2272 1635 9i
2287 1619 2302 1634 .

786 1696 1065 1769 Ejusdem,
1093 1710 1160 1751 ex
1187 1693 1370 1750 eadem
1393 1693 1651 1748 oratione.

508 1793 613 1850 Sed
647 1791 1103 1865 quemadmodum
1147 1803 1215 1844 ex
1251 1787 1466 1858 virgine
1518 1795 1683 1843 natus
1714 1787 1909 1851 homo,
1939 1803 2008 1843 ex
2038 1806 2082 1864 Β

435 1886 664 1943 muliere
688 1883 891 1938 dicitur
924 1880 1103 1935 factus
1124 1893 1268 1942 esse,
1303 1877 1378 1932 ita
1425 1885 1480 1932 et
1527 1879 1628 1932 sub
1656 1875 1794 1949 Lege
1827 1876 2005 1934 factus

435 1996 559 2037 esse
590 1979 813 2042 dicitur,
845 1977 972 2047 quia
1001 1989 1097 2046 per
1130 1973 1324 2043 legalia
1350 1971 1680 2042 quandoque
1736 1983 2006 2043 praecepta

436 2073 697 2139 incessit;
734 2077 793 2124 ut
839 2083 964 2124 cum
1022 2067 1283 2123 infantem
1317 2065 1496 2134 ipsum
1526 2079 1651 2119 octo
1683 2064 1892 2120 dierum
1921 2080 2011 2135 pa-

436 2171 618 2220 rentes
633 2158 1025 2218 circumcidere
1039 2163 1290 2229 prompto
1306 2157 1490 2212 animo
1507 2155 1853 2224 festinarunt,
1865 2157 2011 2212 sicut

435 2255 613 2311 Lucas
660 2253 994 2325 evangelista
1043 2249 1211 2306 tradit
1238 2249 1309 2302 ⁸ο.
1349 2247 1553 2304 Postea
1587 2250 1751 2304 etiam
1784 2248 1839 2302 in
1870 2254 2011 2301 tem-

435 2353 583 2419 plum
611 2344 978 2406 adduxerunt,
1011 2348 1072 2396 ut
1110 2341 1368 2396 sisterent
1399 2355 1524 2395 eum
1555 2337 1785 2394 Domino
1813 2337 2009 2408 puriﬁ-

435 2438 668 2495 cationis
699 2437 1027 2492 oblationem
1054 2441 1399 2506 peragentes,
1435 2440 1494 2488 ut
1524 2433 1760 2488 hostiam
1792 2433 2007 2498 darent,

437 2534 578 2589 sicut
608 2531 872 2601 scriptum
903 2534 989 2585 est
1034 2527 1091 2582 in
1122 2526 1267 2597 Lege
1313 2525 1552 2590 Domini,
1595 2541 1694 2597 par
1727 2533 2007 2580 turturum

437 2634 529 2680 aut
556 2624 696 2679 duos
729 2623 907 2694 pullos
964 2609 1366 2676 columbarum.
1417 2616 1475 2672 Si
1505 2633 1635 2689 ergo
1668 2617 2010 2689 purgationis

437 2731 665 2773 munera
716 2713 1018 2772 secundum
1064 2713 1234 2783 legem
1271 2725 1370 2783 pro
1411 2711 1532 2780 ipso
1568 2710 1751 2765 oblata
1781 2717 1929 2776 sunt,
1955 2717 2011 2766 et

438 2808 614 2863 octavi
643 2805 751 2861 diei
783 2803 1257 2860 circumcisionem
1288 2801 1532 2872 pertulit,
1561 2814 1670 2855 non
1699 2800 1796 2855 abs
1827 2815 1886 2853 re
1906 2799 2010 2854 hac

439 2900 505 2955 de
533 2913 703 2954 causa
725 2897 828 2952 sub
873 2895 1014 2966 Lege
1044 2892 1248 2947 factum
1278 2907 1402 2947 esse
1431 2892 1640 2947 scribit.
1668 2889 1853 2961 Neque
1881 2903 2011 2946 vero

441 2992 678 3048 Verbum
703 2989 1020 3060 subjacebat
1046 2986 1198 3057 Legi,
1217 2991 1278 3040 ut
1305 2984 1604 3054 opinantur
1634 2983 2006 3053 sycophantae,

441 3101 565 3142 cum
608 3086 726 3156 ipse
753 3083 864 3138 Lex
893 3081 965 3138 sit
997 3101 1008 3136 :
1037 3095 1215 3150 neque
1244 3077 1386 3134 Deus
1411 3077 1690 3149 indigebat
1725 3074 2010 3131 sacriﬁciis

2359 1691 2470 1748 Τοῦ
2513 1693 2721 1759 αὐτοῦ,
2767 1691 2836 1746 ἐκ
2874 1689 2983 1746 τοῦ
3021 1686 3208 1744 αὐτοῦ
3237 1687 3446 1757 λόγου.

2195 1785 2335 1838 Ἀλλ’
2368 1783 2558 1858 ὥσπερ
2585 1786 2650 1840 ἐκ
2676 1785 2777 1857 τῆς
2821 1782 3090 1857 παρθένου
3117 1781 3328 1852 τεχθεὶς
3352 1781 3382 1832 6
3407 1778 3689 1850 ἄνθρωπος

2109 1879 2174 1932 ἐκ
2209 1878 2464 1947 γυναικὸς
2490 1877 2707 1946 λέγεται
2734 1875 3035 1947 γεγονέναι,
3063 1875 3205 1928 οὕτω
3242 1873 3308 1944 δὴ
3331 1872 3425 1926 καὶ
3454 1871 3563 1925 ὑπὸ
3586 1869 3688 1923 Νό-

2113 1985 2212 2040 μον
2251 1968 2580 2041 γεγενῆσθαι
2613 1969 2884 2041 γράφεται
2927 1967 3005 2039 τῷ
3041 1966 3129 2022 διὰ
3172 1965 3280 2019 τῶν
3308 1964 3548 2036 νομικῶν
3575 1963 3687 2016 ἔσθ’

2109 2062 2196 2116 ὅτε
2235 2061 2449 2132 βαδίσαι
2495 2047 2854 2133 μηνυμάτων·
2895 2061 3057 2114 ὁπότε
3105 2059 3339 2131 μάλιστα
3384 2057 3550 2111 παῖδα
3590 2057 3689 2126 μὲν

2109 2153 2270 2208 αὐτὸν
2303 2153 2432 2207 ὄντα
2463 2153 2827 2225 ὀκταήμερον,
2877 2151 3175 2226 προθύμως
3219 2151 3270 2205 οἱ
3307 2153 3485 2219 γονεῖς
3530 2165 3689 2220 περι-ι

2109 2246 2326 2318 τέμνειν
2351 2246 2660 2317 ἠπείγοντο,
2689 2244 2939 2317 καθάπερ
2966 2245 2994 2297 6
3021 2241 3411 2312 εύαγγελιπὴς
3441 2239 3688 2293 ἐκδίδωσι

2109 2339 2342 2402 Λουκᾶς.
2371 2338 2468 2401 Ei;
2499 2337 2638 2391 δὲτὸ
2665 2337 2807 2409 ἱερὸν
2839 2335 3040 2406 ἀνῆγον
3085 2334 3374 2406 μετέπειτα
3408 2329 3689 2402 παραστῆ-

2113 2447 2203 2484 σαι
2229 2429 2307 2502 τῷ
2343 2429 2555 2502 Κυρίῳ,
2588 2429 2687 2493 τὰς
2721 2427 3053 2501 καθαρσίους
3089 2424 3462 2487 ἐπιτελοῦντες
3490 2423 3690 2488 ἀναφο-

2113 2521 2236 2592 ρὰς,
2267 2518 2362 2574 τοῦ
2399 2519 2584 2574 δοῦναι
2613 2518 2804 2572 θυσίαν
2833 2519 2976 2572 κατὰ
3011 2516 3072 2570 τὸ
3107 2515 3393 2588 εἰρημένον
3431 2514 3497 2584 ἐν,
3519 2510 3689 2580 Νόμῳ

2110 2611 2340 2683 Κυρίου,
2359 2609 2550 2680 ζεῦγος
2571 2609 2868 2682 τρυγόνων,
2887 2609 2920 2680 ἢ
2941 2607 3034 2662 δύο
3051 2607 3304 2668 νεοσσοὺς
3327 2601 3686 2676 περιστερῶν.

2110 2703 2174 2756 El
2219 2703 2397 2758 τοίνυν
2437 2701 2508 2756 τὰ
2540 2701 2814 2773 καθάρσια
2845 2700 2994 2772 δῶρα
3023 2697 3167 2752 κατὰ
3202 2696 3505 2766 τὺφΝὸμον
3548 2693 3689 2764 ὑπὲρ

2112 2793 2276 2850 αὐτοῦ
2310 2796 2700 2868 προσεφέρετο,
2735 2796 2830 2849 καὶ
2864 2793 3167 2866 περιτομὴν
3194 2790 3535 2861 ὁκταήμερον
3562 2788 3692 2857 ἐφό-

2115 2908 2226 2963 ρει·
2251 2890 2425 2965 ταύτῃ
2451 2891 2545 2945 καὶ
2588 2891 2694 2944 ὑπὸ
2723 2890 2906 2962 Νόμον
2937 2888 3100 2944 αὑτὸν
3133 2887 3233 2940 οὐκ
3264 2884 3571 2945 ἀπεικότως
3594 2898 3691 2951 γε-

2111 2983 2375 3055 γενῆσθαι
2422 2984 2646 3058 γράφει.
2707 2983 2844 3037 Οὔτε
2903 2982 2962 3036 δέ
3007 2985 3037 3035 6
3081 2980 3252 3048 Λόγος
3307 2977 3560 3032 ὑπέκειτο
3614 2974 3692 3042 τῷ

2113 3077 2304 3147 Νόμῳ,
2336 3076 2583 3150 καθάπερ
2611 3078 2663 3130 οί
2701 3075 3032 3145 συκοφάνται
3062 3071 3393 3138 δοξάζουσιν,
3427 3068 3589 3132 αὐτὸς
3617 3065 3691 3118 ὣν

440 3165 823 3258 purgantibus,
854 3176 949 3248 qui
979 3177 1098 3231 solo
1128 3181 1267 3229 nutu
1294 3173 1478 3229 omnia
1495 3147 1688 3244 purgat
1719 3180 1773 3226 et
1803 3170 2012 3226 sancti-

2118 3170 2145 3222 6
2179 3170 2391 3241 Νόμος·
2435 3147 2565 3222 οὔτε.
2593 3169 2624 3221 ὁ
2665 3168 2798 3232 Θεὸς
2847 3167 3017 3219 ἐδεῖτο
3059 3164 3314 3235 θυμάτων
3360 3159 3689 3230 καθαρσίων,

441 3275 586 3330 licat.
621 3272 727 3328 Sed
744 3270 994 3344 quamvis
1026 3275 1366 3339 assumptum
1397 3282 1465 3322 ex
1482 3266 1693 3336 virgine
1715 3264 2014 3318 humanum

442 3381 705 3438 organum
730 3363 980 3437 geSLavit,
1004 3369 1058 3418 et
1088 3361 1192 3418 sub
1223 3359 1367 3432 Lege
1395 3358 1575 3415 factus
1606 3366 1712 3422 est,
1737 3358 2018 3429 primoge-

444 3466 681 3515 nitorum
711 3459 820 3513 ritu
843 3464 1147 3528 purgatus;
1178 3469 1289 3510 non
1318 3453 1465 3524 quod
1492 3453 1610 3524 ipse
1642 3451 1745 3507 hoc
1774 3450 2015 3507 remedio

443 3555 728 3625 indigeret,
759 3553 860 3609 has
893 3551 1306 3608 observationes
1331 3546 1616 3612 sustinuit,
1647 3545 1742 3602 sed
1769 3555 1832 3600 ut
1863 3559 1893 3600 a
1915 3543 2018 3600 Le-

443 3647 526 3719 gis
576 3646 839 3702 servitute
888 3660 984 3700 eos
1013 3644 1334 3709 redimeret,
1385 3640 1481 3713 qui
1527 3638 1825 3696 venundati
1856 3644 2017 3696 erant

445 3735 886 3794 condemnationi
912 3733 1210 3791 maledicti.

2115 3262 2289 3335 άθρόᾳ
2321 3263 2451 3333 ῥιπῇ
2481 3261 2794 3334 καθαρίζων
2825 3259 3065 3322 ἅπαντα,
3109 3259 3204 3311 καὶ
3239 3255 3498 3324 ἁγιάζων.
3553 3251 3691 3305 Ἀλλ’

2120 3358 2169 3408 εί
2203 3357 2298 3410 καὶ
2328 3357 2391 3409 ἐκ
2419 3355 2517 3425 τῆς
2546 3354 2823 3426 Παρθένου
2852 3351 2913 3406 τὸ
2942 3348 3280 3421 ἀνθρώπινον
3312 3349 3538 3418 ὄργανον
3565 3345 3692 3398 ἀνα-

2120 3445 2302 3500 λαϐὼν
2337 3447 2596 3519 ἐφόρησε,
2630 3446 2727 3500 καὶ
2777 3445 2881 3498 ὑπὸ
2927 3444 3111 3514 Νόμον
3145 3441 3379 3510 ἐγένετο,
3415 3437 3554 3492 κατὰ
3589 3437 3692 3500 τὰς

2118 3538 2226 3593 τῶν
2256 3538 2614 3612 πρωτοτόκων
2659 3537 2814 3605 ἀξίας
2853 3534 3226 3608 καθαρισθεὶς,
3253 3535 3354 3586 οὑκ
3388 3531 3550 3594 αὐτὸς
3575 3528 3690 3583 δεόο

2125 3648 2284 3704 μενος
2307 3632 2404 3704 τῆς
2434 3631 2638 3684 τούτων
2667 3629 2928 3702 χορηγίας
2961 3629 3221 3700 ὑπέμεινε
3248 3627 3346 3690 τάς
3379 3621 3688 3696 θεραπείας,

2124 3725 2239 3780 ἀλλ’
2288 3725 2376 3778 ἵνα
2425 3724 2523 3795 τῆς
2552 3721 2645 3776 τοῦ
2695 3723 2879 3794 Νόμου
2925 3721 3165 3785 δουλείας
3213 3718 3524 3790 ἐξαγοράσῃ
3567 3717 3690 3778 τοὺς

2124 3799 2508 3889 πεπραμένους
2535 3817 2600 3886 τῇ
2626 3814 2750 3885 δίκῃ
2779 3812 2880 3884 τῆς
2905 3814 3064 3884 ἀρᾶς.

1323 3936 1480 4009 Apud
1507 3936 1759 3993 eumdem
1786 3936 2204 4002 Theodoritum,
2239 3935 2384 3991 Dial.
2416 3949 2501 3999 ιιι,
2529 3949 2657 4006 pag.
2694 3932 2818 3989 156.

448 4052 723 4122 Eiusdem,
744 4069 811 4108 ea:
839 4056 1077 4140 oratione
1106 4057 1162 4139 in
1193 4057 1329 4111 illud
1347 4075 1366 4113 :
1404 4077 1425 4110 ι
1448 4057 1702 4113 Dominus
1733 4047 1931 4115 creavit
1944 4075 2024 4117 me

2127 4056 2238 4112 Τοῦ
2266 4053 2473 4120 αὑτοῦ,
2501 4055 2572 4107 ἐκ
2599 4052 2704 4140 τρῦ
2732 4051 3040 4140 ἵλόγιοιξρίς
3068 4051 3157 4140 τό·
3179 4067 3220 4130 ,ι
3254 4047 3469 4116 Κύριος
3494 4041 3692 4099 emat

849 4127 1061 4181 initium
1083 4127 1289 4182 uiarum
1316 4146 1556 4185 suarum.
1589 4149 1609 4183 ι

2461 4119 2466 4120 7
2503 4141 2580 4194 με
2611 4119 2994 4193 ἀρχὴνοδῶν
3023 4119 3230 4175 αὐτοῦ.
3277 4137 3296 4171 ι

517 4243 650 4298 Nam
679 4244 842 4299 homo
873 4243 967 4313 qui
998 4251 1250 4298 mortuus
1289 4250 1430 4308 erat,
1460 4243 1624 4299 tertia
1645 4244 1736 4299 die
1767 4259 2021 4301 resurre-

2211 4238 2270 4292 '0
2297 4236 2585 4310 ἄνθρωπος
2617 4235 2725 4308 γὰρ
2753 4235 2782 4288 6
2812 4231 3094 4288 ἀποθανὼν
3125 4233 3419 4304 τριήμερος
3445 4227 3544 4299 μὲν
3577 4225 3691 4280 ἀνί-

450 4339 546 4401 xit,
580 4345 634 4392 et
658 4335 840 4392 Mariae
859 4351 982 4406 quae
1008 4337 1077 4390 ad
1107 4343 1299 4393 sancta
1331 4337 1577 4393 membra
1610 4338 1887 4408 tangenda
1902 4352 2020 4392 ma-

2127 4347 2340 4396 σταται,
2367 4331 2433 4402 τῇ
2475 4328 2532 4382 δέ
2573 4327 2824 4401 Μαριάμ,
2858 4326 3149 4396 καρτερίαν
3179 4323 3279 4394 μὲν
3307 4322 3501 4391 ψυχῆς,
3535 4320 3695 4373 ᾰπτε-

450 4451 555 4506 gna
577 4431 859 4488 alacritate
889 4429 1188 4497 ferebatur,
1219 4430 1508 4502 respondit
1531 4431 1577 4463 δ’
1603 4449 1618 4485 :
1654 4429 1785 4484 Noli
1808 4447 1888 4484 me
1909 4439 2022 4486 tan-

2127 4423 2252 4478 σθαι
2281 4419 2703 4493 προθυμουμένῃ
2727 4417 2834 4472 τῶν
2861 4419 3031 4488 ἁγίων
3063 4414 3257 4488 μελῶν,
3289 4411 3694 4478 ἀνθυπενέγκας

2133 4517 2146 4526 .
2341 4513 2367 4526 ο
2435 4513 2485 4526 ι-
2508 4509 2521 4526 ι
2751 4508 2773 4522 n
2814 4524 2820 4526 Α
2852 4525 2881 4526 η
2952 4524 2960 4526 Α
3014 4507 3160 4526 ,ιν-,η
3218 4503 3322 4526 --3--
3372 4497 3694 4526 Δυηρλεμυι-

451 4542 606 4599 gere;
636 4524 868 4580 nondum
905 4525 1044 4579 enim
1081 4524 1296 4579 ascendi
1315 4497 1388 4578 ad
1418 4523 1639 4579 Patrem
1681 4541 1852 4579 meum
1881 4542 1900 4580 :
1931 4524 2022 4581 sed

2129 4513 2392 4585 ἐκφωνεῖ·
2427 4509 2524 4578 Μή
2570 4527 2689 4580 μου
2737 4508 2963 4564 ἅπτου·
2999 4507 3164 4561 οὔπω
3214 4503 3324 4572 γὰρ
3365 4497 3696 4565 ἀναϐέϐηκα

452 4590 674 4675 οαάεαὰ
707 4617 902 4683 fratres
961 4633 1124 4679 meos,
1154 4625 1205 4670 et
1249 4617 1334 4671 dic
1364 4617 1439 4672 eis
1463 4635 1481 4672 :
1514 4617 1755 4672 Ascendo
1794 4619 1863 4671 ad
1913 4618 2024 4674 Pa-

2131 4605 2282 4675 πρὸς
2325 4605 2434 4660 τὸν
2477 4602 2706 4670 Πατέρα
2736 4617 2855 4670 μου
2875 4617 2888 4630 ·
2938 4599 3193 4667 πορεύου
3244 4595 3311 4648 δὲ
3360 4593 3509 4662 πρὸς
3563 4590 3697 4656 τοὺς

453 4723 582 4767 trem
611 4725 782 4764 meum
811 4716 862 4763 et
907 4705 1124 4763 Patrem
1169 4717 1420 4772 vestrum,
1471 4717 1520 4762 et
1555 4707 1722 4762 Deum
1769 4725 1942 4763 meum
1972 4719 2024 4764 et

2130 4696 2433 4766 ἀδελφούς
2454 4712 2594 4765 μου,
2629 4693 2725 4747 καὶ
2756 4689 2886 4746 εἰπὲ
2912 4689 3149 4756 αὐτοῖς·
3195 4687 3508 4742 Ἀναϐαίνω
3555 4683 3698 4752 πρὸς

455 4808 620 4862 Deum
668 4814 919 4860 vestrum.
957 4801 1094 4857 Illud
1143 4799 1646 4856 autemzNondum
1697 4803 1910 4858 ascendi
1947 4804 2021 4858 ad

2131 4789 2238 4841 τὸν
2269 4787 2500 4855 Πατέρα
2519 4803 2638 4855 μου
2670 4783 2768 4838 καί
2803 4781 3035 4850 Πατέρα
3064 4779 3247 4849 ὑμῶν,
3279 4777 3379 4831 καὶ
3415 4777 3564 4831 Θεόν
3585 4791 3696 4843 μου

456 4899 670 4956 Patrem
684 4911 878 4959 meum,
901 4908 1012 4949 non
1034 4892 1173 4949 dixit
1194 4890 1436 4948 Verbum
1451 4900 1505 4946 et
1535 4891 1679 4948 Deus
1703 4893 1797 4963 qui
1827 4909 1858 4949 e
1883 4894 2024 4950 coelo

2131 4879 2229 4933 καὶ
2265 4878 2412 4932 Θεὸν
2435 4876 2620 4948 ὑμῶν.
2654 4876 2728 4929 Τὸ
2753 4875 2830 4928 δέ·
2858 4874 3030 4927 Οὔπω
3056 4871 3394 4936 ἀναϐέϐηκα
3420 4867 3572 4936 πρὸς
3600 4866 3699 4919 τὸν

455 4986 808 5046 Jescenderat
850 4996 904 5041 et
939 4985 993 5040 in
1028 4985 1153 5041 sinu
1201 4981 1382 5038 Patris
1420 4959 1761 5053 versabatur,
1795 5001 1901 5041 nec
1929 4984 2029 5040 Sa-

2132 4970 2362 5040 Πατέρα
2386 4987 2527 5039 μου,
2553 4969 2652 5040 οὐχ
2678 4969 2706 5020 6
2737 4967 2906 5036 Λόγος
2940 4965 3165 5036 ἔφασκε,
3192 4963 3286 5017 καὶ
3319 4961 3459 5023 Θεὸς
3483 4963 3512 5013 ὁ
3544 4959 3698 5029 ούρα-

456 5079 655 5150 pientia
689 5093 809 5148 quae
837 5092 929 5133 res
978 5091 1172 5134 omnes
1204 5084 1420 5132 creatas
1451 5075 1732 5133 continet:
1783 5076 1877 5133 sed
1909 5076 2028 5147 ipse

2131 5065 2282 5118 νόθεν
2331 5061 2683 5136 ὁρμώμενος,
2714 5061 2808 5114 καὶ
2843 5063 2901 5113 ἐν
2950 5061 3059 5123 τοῖς
3107 5058 3325 5119 κόλποις
3354 5053 3697 5123 διαιτώμενος

459 5170 547 5242 qui
572 5185 638 5225 ex
665 5168 898 5226 diversis
934 5167 1199 5224 membris
1260 5176 1577 5238 compactus
1605 5176 1745 5233 erat,
1775 5145 1947 5226 homo
1973 5169 2030 5224 id

2130 5156 2224 5211 τοῦ
2261 5145 2496 5228 Πατρὸς,
2553 5153 2662 5207 οὐδ’
2708 5155 2744 5224 ἠ
2797 5153 2974 5209 πάντα
3029 5151 3100 5206 τά
3134 5148 3336 5222 γενητὰ
3380 5148 3699 5225 περιέχουσα

459 5238 715 5330 protulit;
744 5262 838 5331 qui
870 5275 936 5316 ex
950 5259 1183 5314 mortuis
1214 5267 1610 5324 resurrexerat,
1637 5265 1696 5315 et
1728 5259 1794 5313 ad
1808 5257 2028 5315 Patrem

2133 5248 2325 5318 Σοφία,
2355 5246 2468 5301 ἀλλ’
2503 5246 2663 5310 αὐτὸς
2701 5245 2731 5297 6
2783 5245 2849 5298 ἐκ
2877 5241 3231 5298 παντοδαπῶν
3264 5238 3700 5313 ήρμολογημένος

457 5353 698 5408 nondum
727 5361 850 5422 post
883 5359 1113 5408 mortem
1173 5351 1404 5418 abierat,
1436 5351 1542 5408 sibi
1597 5357 1780 5408 autem
1840 5351 2025 5410 nrofe-

453 5444 654 5500 ctionis
679 5445 952 5515 primitias
983 5445 1320 5503 reservabat.

2136 5341 2312 5413 μελῶν
2346 5339 2630 5412 ἄνθρωπος
2671 5336 2833 5393 τοῦτο
2860 5337 3162 5406 ἐπέφηνεν·
3204 5336 3233 5389 6
3261 5337 3324 5388 ἐκ
3357 5332 3466 5386 τῶν
3497 5327 3700 5399 νεκρῶν

2133 5431 2398 5503 ἐγερθεὶς,
2429 5431 2524 5484 καὶ
2551 5429 2762 5484 οὐδέπω
2792 5429 2889 5500 μὲν
2919 5427 3054 5500 πρὸς
3086 5429 3179 5483 τὸν
3208 5426 3427 5499 Πατέρα
3455 5424 3591 5495 μετὰ
3616 5420 3699 5473 τὸν

2133 5523 2362 5577 θάνατον
2386 5522 2646 5589 ἀνελθὼν,
2680 5521 3068 5594 ταμιευόμενος
3092 5520 3149 5575 δὲ
3169 5518 3318 5591 αὐτῷ
3344 5518 3445 5589 τῆς
3481 5512 3700 5588 προόδου

2135 5617 2234 5687 τὴν
2265 5615 2540 5687 ἀπαρχήν.

528 5727 576 5760 τ’
603 5724 836 5796 Philipp.
866 5738 953 5793 ιιι,
983 5726 1075 5798 20,
1127 5728 1218 5783 Ξιι
1255 5729 1304 5763 ⁸⁸
1328 5728 1460 5786 Luc.
1495 5744 1559 5795 ιι,
1591 5729 1656 5785 2i
1695 5747 1847 5796 seqq.
1926 5732 1967 5764 ⁸¹
1999 5729 2036 5785 J

2118 5748 2162 5784 η.
2193 5745 2288 5790 xx.
2323 5728 2418 5786 17.
