3850 6160
244 232 432 337 αι’

1653 261 2089 347 FRAGMENTA.

3370 309 3482 364 σει

1574 400 1783 471 lernam,
1835 420 1951 462 NG.
2003 407 2127 462 157.

529 510 644 569 Τοῦ
665 511 872 580 αὐτοῦ,
894 511 971 568 ἐκ
989 513 1098 570 τοῦ
1117 514 1303 570 αὐτοῦ
1329 517 1536 585 λόγου.

310 604 520 677 Κύριον
551 605 608 660 δὲ
630 604 731 676 τῆς
753 604 911 676 δόξης
933 607 1093 660 αὑτὸν
1112 607 1203 661 τὸν
1229 607 1508 679 ἄνθρωπον
1538 607 1630 661 τὸν
1650 625 1814 662 σταυ-

239 696 485 769 ρωθέντα
511 696 696 766 σαφῶς
721 698 992 768 ὀνομάζει,
1009 698 1251 768 γράφων·
1279 698 1464 770 ἐπειδὴ
1486 699 1580 752 καὶ
1609 699 1808 771 Κύριον

238 791 334 844 καὶ
370 790 602 862 Χριστὸν
639 789 906 857 ἀνέδειξεν
937 790 1119 853 αὐτὸν,
1147 788 1398 862 καθάπερ
1435 791 1482 844 οἱ
1526 790 1810 844 ἀπόστολοι

237 879 317 950 τῷ
351 878 594 950 αἰσθητῷ
636 879 848 952 Ἰσραὴλ
885 879 1178 951 ὁμοφώνως
1213 879 1580 950 διαλεγόμενοι
1614 879 1808 950 φασίνο

253 970 556 1040 Ἆσφιιλῶς
591 967 705 1026 οὖν
733 971 1069 1049 γινωσκέτω
1094 971 1213 1038 πᾶς
1237 968 1400 1037 οἶκος
1436 970 1694 1040 Ἰσραὴλ,
1725 970 1815 1025 ὅτι

239 1065 462 1132 Κύριον
498 1064 684 1118 αὐτὸν
720 1065 819 1117 καὶ
851 1063 1109 1132 Χριστὸν
1135 1067 1168 1118 ό
1195 1063 1338 1128 Θεὸς
1373 1062 1642 1130 ἐποίησε,
1677 1061 1814 1115 τοῦ-

240 1171 346 1208 τον
373 1155 482 1208 τὸν
521 1157 753 1223 Ἰησοῦν
783 1157 855 1210 ὃν
893 1156 1059 1226 ὑμεῖς
1089 1155 1526 1224 ὲσταιιοώσατε.
1571 1155 1673 1207 Τὸν
1707 1171 1810 1208 πα-

241 1245 402 1301 θόντα
433 1248 718 1320 τοιγαροῦν
760 1248 967 1319 Ἰησοῦν
991 1247 1194 1320 Κύριον
1227 1246 1471 1316 ἐποίησε,
1500 1246 1594 1298 καὶ
1626 1246 1684 1298 ού
1714 1245 1812 1316 τὴν

243 1341 438 1409 σοφίαν
487 1342 607 1395 οὐδὲ
659 1341 748 1394 τὸν
802 1341 970 1410 Λόγον
1018 1341 1110 1394 τὸν
1165 1338 1424 1393 ἀνέκαθεν
1476 1337 1664 1408 ἔχοντα
1713 1337 1811 1410 τῆς

240 1428 555 1494 δεσποτείας
575 1431 636 1484 τὸ
657 1432 878 1502 κράτος.
901 1430 1034 1488 ἀλλὰ
1056 1430 1148 1485 τὸν
1176 1429 1468 1501 μετέωρον.
1491 1427 1568 1500 τῷ
1596 1426 1810 1499 σταυρῷ

243 1524 761 1594 προσεκπετάσαντα
795 1523 894 1587 τὰς
923 1525 1130 1595 χεῖρας..

1844 532 1891 586 A

2269 519 2541 590 Ejusdem,
2568 539 2636 578 ea:
2657 523 2839 580 eadem
2867 528 3124 587 oratione.

1992 610 2281 666 Dominum
2309 629 2436 669 vero
2463 615 2649 686 gloriae
2700 617 2878 686 ipsum
2928 620 3202 678 hominem
3254 627 3478 683 cruciﬁ-

1915 717 2045 757 xum
2073 702 2276 759 diserte
2301 705 2547 759 nominat
2577 708 2852 772 scribens,
2885 711 3012 781 quia
3040 725 3093 768 et
3116 711 3403 773 Dominum
3425 728 3479 775 et

1913 795 2190 849 Christum
2226 796 2522 853 declaravit
2553 799 2752 868 ipsum,
2788 803 2936 856 sicut
2987 807 3217 876 apostoli
3246 824 3358 864 uno
3383 825 3479 866 ore

1917 887 1983 948 ad
2015 889 2270 956 populum
2313 890 2478 946 Israel
2508 891 2700 946 dicunt
2725 891 2772 924 ⁸³
2799 911 2814 948 :
2861 892 3163 954 certissime
3189 901 3322 953 sciat
3355 918 3479 973 ergo

1916 981 2090 1036 omnis
2114 981 2304 1036 domus
2328 983 2522 1050 Israel,
2549 988 2689 1058 quod
2713 996 2764 1042 et
2794 987 3076 1044 Dominum
3103 1007 3222 1046 eum
3245 1003 3294 1048 et
3321 993 3479 1051 Chri-

1915 1079 2054 1154 stum
2079 1070 2200 1139 fecit
2234 1071 2395 1138 Deus,
2437 1074 2572 1128 hunc
2603 1075 2786 1136 laeum
2811 1096 2967 1149 quem
3001 1097 3088 1135 vos
3109 1085 3472 1154 cruciﬁxistis.

1909 1152 2095 1210 Jesum
2127 1159 2291 1227 igitur
2313 1161 2404 1231 qui
2435 1176 2632 1231 passus
2657 1178 2758 1230 est,
2787 1165 3077 1224 Dominum
3105 1152 3265 1238 fecit,
3288 1183 3342 1230 et
3363 1192 3471 1234 non

1912 1244 2244 1316 Sapientiam
2277 1265 2452 1322 neque
2485 1251 2718 1310 Verbum
2755 1259 2901 1328 quod
2934 1261 3002 1315 ab
3049 1267 3198 1319 omni
3229 1270 3471 1338 antiqui-

1911 1347 2020 1395 tate
2065 1341 2156 1410 jus
2185 1341 2344 1398 habet
2375 1344 2642 1413 dominii;
2695 1350 2792 1404 sed
2825 1366 2947 1405 eum
2997 1357 3092 1424 qui
3139 1356 3196 1413 in
3233 1362 3468 1423 sublime

1911 1441 2068 1490 actus
2097 1442 2203 1500 est,
2236 1444 2292 1492 et
2315 1452 2516 1495 manus
2540 1442 2799 1512 expandit
2831 1443 2887 1498 in
2923 1459 3106 1503 cruce.

1750 1630 1956 1687 intuitu.

505 1749 617 1805 Τοῦ
647 1749 854 1813 αὐτοῦ,
883 1749 952 1803 ἐκ
984 1748 1090 1803 τοῦ
1117 1747 1302 1802 αὐτοῦ
1329 1748 1536 1817 λόγου.

312 1841 377 1896 Εἰ
410 1839 520 1912 γὰρ
548 1839 835 1912 eaeam;
856 1841 1035 1904 iactv,
1067 1837 1191 1892 οὔτε
1229 1840 1341 1911 ἀφῇ
1375 1837 1572 1910 χειρῶν
1607 1835 1810 1891 ὑποπί-

243 1947 389 1994 πτει,
443 1930 555 1984 οὔτ’
607 1930 883 2004 αἰσθητοῖς
937 1931 1147 2002 ὄμμασι
1195 1929 1692 2002 περιλαμϐάνεταιο
1746 1929 1806 1981 οὐ

238 2023 443 2092 τρῶσιν
473 2023 752 2095 ὑπομένει,
775 2024 872 2094 οὐχ
900 2023 1048 2094 ἦλοις
1081 2021 1462 2095 προσηλοῦται,
1502 2023 1562 2075 ού
1591 2020 1806 2092 θανάτῳ

238 2117 501 2169 κοινωνεῖ,
535 2115 596 2166 ού
639 2113 935 2184 κρύπτεται
980 2116 1072 2184 γῇ,
1107 2114 1166 2166 ού
1205 2112 1362 2184 τάφῳ
1406 2111 1802 2176 κατακλείεται,

236 2201 340 2256 οὐκ
366 2205 430 2257 ἐκ
464 2202 757 2275 μνημάτων
785 2201 1087 2255 ἀνίσταται.

2260 1747 2534 1820 Ejusdem,
2563 1769 2630 1807 ex
2660 1754 2838 1810 eadem
2870 1761 3124 1815 oratione.

1977 1838 2039 1893 Si
2063 1840 2214 1894 enim
2239 1850 2323 1896 est
2347 1844 2838 1914 incorporeus,nec
2851 1866 3112 1907 manuum
3129 1857 3298 1910 tactui
3330 1860 3465 1914 sub-

1905 1931 2069 2000 jacet,
2100 1945 2202 1985 nec
2228 1947 2393 1988 sensu
2425 1935 2704 1990 oculorum
2737 1940 3033 2008 percipitur
3061 1959 3077 2010 ς
3104 1946 3325 2001 vulnera
3357 1964 3469 2006 non

1901 2017 2132 2087 accipit,
2155 2019 2324 2077 clavis
2353 2037 2464 2077 non
2489 2022 2740 2095 anigitur,
2766 2036 2994 2084 mortem
3018 2047 3122 2088 non
3155 2037 3465 2109 participat,

1904 2123 2016 2161 non
2058 2111 2264 2178 tegitur
2309 2118 2478 2176 terra,
2510 2115 2761 2185 sepulcro
2793 2134 2903 2175 non
2935 2121 3253 2194 includitur,
3305 2145 3406 2188 nec
3435 2148 3466 2186 ιι

1904 2208 2258 2256 monumento
2272 2203 2529 2273 resurgit.

1750 2311 1951 2368 lumen.

510 2431 622 2487 Τοῦ
647 2429 854 2494 αὑτοῦ,
887 2429 954 2482 ἐκ
988 2427 1094 2483 τοῦ
1125 2425 1311 2482 αὐτοῦ
1335 2427 1537 2496 λόγου.

314 2521 524 2588 Οὐδεὶς
560 2523 710 2590 αἴρει
751 2521 864 2590 τὴν
902 2521 1114 2592 ψυχὴν
1149 2522 1248 2575 ἀπ’
1299 2521 1474 2590 ἐμοῦ·
1515 2516 1807 2583 ἐξουσίαν

235 2615 358 2685 ἔχω
401 2614 586 2669 θεῖναι
631 2613 746 2681 τὴν
779 2612 990 2682 ψυχήν
1022 2631 1161 2680 μου,
1210 2613 1315 2670 ,καὶ
1350 2611 1645 2675 ἐξουσίαν
1688 2609 1806 2678 ἔχω

233 2706 428 2760 πάλιν
453 2705 661 2760 λαϐεῖν
689 2704 901 2773 αὑτήν.
938 2704 999 2757 El
1033 2704 1088 2757 δὲ
1120 2704 1393 2776 ἑκατέρων
1430 2703 1528 2774 τὴν
1554 2701 1804 2769 ἐξουσίαν

233 2792 380 2868 εἶχεν
411 2791 498 2850 οἶα
534 2796 684 2860 Θεὸς,
725 2795 1015 2868 συνεχώρει
1038 2795 1144 2866 μὲν
1167 2795 1349 2858 αὐτοῖς
1380 2793 1526 2847 λύειν
1563 2793 1804 2857 ἀϐούλως

231 2890 329 2946 τὸν
378 2887 513 2942 νεὼν
577 2887 934 2960 ἐγχειροῦσιν,
994 2888 1419 2957 ἐπιφανέστερον
1465 2885 1522 2938 δὲ
1572 2885 1802 2940 ἀνιστῶν

232 2980 532 3051 ὲνεούργει.
597 2981 685 3049 Ἐξ
727 2981 1128 3052 άναντιρῤήτων
1163 2979 1428 3032 δέδεικται
1455 2977 1668 3049 ψήφων,
1717 2977 1799 3030 ὅτι

2267 2425 2545 2496 Ejusdem,
2573 2445 2637 2484 ea:
2665 2431 2846 2490 eadem
2864 2433 3120 2492 oratione.

1977 2510 2147 2568 Nemo
2175 2515 2311 2569 tollit
2369 2521 2604 2573 animam
2633 2537 2666 2573 a
2696 2538 2814 2582 me;
2843 2532 3149 2591 potestatem
3177 2527 3340 2587 habeo
3369 2543 3466 2598 po-

1907 2607 2064 2662 nendi
2114 2612 2345 2664 animant
2384 2628 2590 2682 meum,
2628 2625 2678 2670 et
2709 2625 3020 2684 potestatem
3066 2617 3229 2679 habeo
3271 2622 3467 2685 iterum

1903 2704 2146 2755 sumendi
2167 2719 2284 2757 eam
2316 2703 2383 2764 ⁸⁸,
2420 2703 2576 2772 Quod
2617 2708 2663 2764 si
2693 2709 2981 2779 utriusque
3007 2719 3331 2780 potestatem
3362 2715 3464 2774 ha-

1906 2789 2070 2847 bebat
2121 2803 2180 2848 ut
2218 2793 2381 2860 Deus,
2428 2799 2674 2868 permisit
2729 2801 2948 2870 quidem
3017 2804 3151 2873 ipsis
3205 2807 3467 2876 templum

1909 2884 2122 2938 solvere
2195 2885 2600 2946 inconsiderate
2668 2893 2978 2949 volentibus
3013 2933 3029 2960 ,
3083 2895 3228 2965 quod
3285 2906 3466 2956 tamen

1904 2979 2472 3046 resurgensillustrius
2501 2983 2842 3042 instauravit.
2872 2986 3308 3048 Demonstratuni
3323 2993 3466 3051 enim

235 3072 401 3138 αὐτὸς
443 3071 508 3124 δι’
555 3071 752 3130 ἑαυτοῦ
792 3071 882 3124 τὸν
916 3072 1044 3123 ἴδιον
1090 3070 1425 3138 ἁνεστήσατο
1467 3067 1797 3139 νεοι-ργήσας

1911 3072 1986 3118 est
2006 3068 2333 3126 certissimis
2351 3074 2695 3144 testimoniis,
2715 3079 2858 3146 quod
2878 3077 2992 3147 ipse
3009 3094 3103 3150 per
3121 3095 3178 3135 se
3190 3083 3464 3152 propriam

227 3161 399 3220 οἷκον.
447 3164 754 3218 Ἀναθετέον
778 3163 834 3216 δὲ
858 3163 957 3217 καὶ
987 3161 1065 3233 τῷ
1094 3161 1351 3230 θειοτάτῳ
1380 3160 1552 3230 Πατρὶ
1577 3161 1677 3221 τὰς
1704 3157 1797 3210 τοῦ

231 3257 369 3311 Υἱοῦ
407 3256 823 3327 μεγαλουργίας.
853 3253 989 3308 Οὔτε
1019 3254 1126 3325 γὰρ
1165 3253 1294 3317 Υἱὸς
1323 3253 1448 3307 ἄνευ
1474 3250 1566 3304 τοῦ
1588 3250 1800 3320 Πατρὸς

227 3349 552 3420 δημιουργεῖ
590 3346 731 3405 κατὰ
763 3347 859 3410 τὰς
892 3348 1157 3420 άρῤαγείς
1185 3345 1293 3397 τῶν
1343 3343 1500 3415 ίερῶν
1537 3341 1798 3417 γραμμάι-

227 3457 341 3493 των
379 3441 698 3509 ἀποφάσεις.
749 3438 950 3492 Τούτου
1003 3437 1111 3508 γὰρ
1151 3435 1215 3507 δὴ
1254 3435 1421 3508 ’χάριν
1463 3434 1585 3488 τοτὲ
1627 3433 1723 3502 μὲν
1769 3435 1798 3492 ὁ

229 3529 502 3596 θειότατος
531 3532 808 3602 γεννήτωρ
847 3530 937 3583 τὸν
968 3528 1199 3600 Χριστὸν
1232 3531 1296 3582 ὲκ
1326 3529 1534 3601 νεκρῶν
1565 3529 1797 3598 ἐγηγερ-

181 3615 184 3617 “
228 3623 387 3676 κέναι
414 3623 698 3694 γράφεται⁹
726 3621 846 3675 τοτὲ
873 3621 930 3674 δὲ
963 3623 992 3673 ὁ
1030 3620 1156 3684 Υἱὸς
1178 3620 1269 3672 τὸν
1304 3619 1431 3674 ἴδιον
1475 3619 1796 3690 ἀναστήσειν

231 3715 570 3785 ὑπισχνεῖται
615 3713 762 3768 ναόν.
810 3714 873 3766 Εἰ
909 3709 1003 3780 οὖν
1052 3715 1116 3767 ὲκ
1154 3712 1261 3766 τῶν
1311 3710 1797 3783 προεξητασμένων

224 3806 438 3869 ἀπαθὲς
465 3806 734 3860 δέδεικται
769 3806 828 3859 τὸ
858 3805 996 3858 θεῖον
1033 3805 1126 3858 τοῦ
1157 3805 1391 3877 Χριστοῦ
1432 3803 1668 3874 πνεῦμα,
1703 3821 1800 3856 πε-

229 3898 428 3970 ριττῶς
463 3901 573 3960 τοῖς
597 3896 972 3961 ἀποστολικοῖς
997 3897 1420 3967 ὲπισκήπτουσιν
1456 3897 1598 3968 ὅροις
1632 3899 1679 3950 οἱ
1718 3898 1797 3949 ὲν-

223 3993 402 4058 αγεῖς.
429 3990 492 4042 El
523 3990 631 4061 γὰρ
659 3992 688 4043 ὁ
724 3989 937 4052 Παῦλος
965 3989 1187 4060 ἔφρασε,
1219 3989 1309 4042 τὸν
1340 3989 1542 4061 Κύριον
1575 3989 1675 4060 τῆς
1713 3989 1798 4043 δό-

223 4081 326 4153 ξης
355 4081 759 4153 ιιι-ταυρῶσθαι⁴
793 4081 978 4151 σαφῶς
1006 4085 1084 4145 είς
1109 4082 1200 4134 τὸν
1236 4081 1518 4153 ἄνθρωπον
1553 4080 1792 4153 ἀφορῶν,

219 4173 286 4226 οὐ
318 4173 468 4244 παρά
496 4173 654 4229 τοῦτο
680 4174 862 4245 δεήσει
889 4174 1059 4238 πάθος
1092 4172 1168 4244 τῷ
1198 4169 1326 4244 θείῳ
1349 4174 1699 4246 προσάπτειν.
1729 4171 1795 4226 Ti

218 4260 320 4320 οὖν
347 4265 506 4322 τοῦτο
534 4265 862 4326 συνάπτουσι
891 4263 1178 4331 πλέκοντες
1204 4263 1263 4333 ἐξ
1292 4265 1574 4328 ἀσθενείας
1599 4267 1794 4319 ἐσταυ-

220 4356 435 4429 ρῶσθαι
462 4357 710 4429 λέγοντες
739 4356 830 4412 τὸν
849 4359 1113 4430 Χριστόνς

1903 3154 2124 3211 domum
2157 3171 2468 3216 renovatum
2489 3167 2760 3222 excitarit.
2791 3165 3322 3227 Ascrihendaautem
3337 3182 3467 3230 sunt

1898 3245 2063 3302 etiam
2095 3248 2435 3306 divinissiino
2454 3251 2599 3308 Patri
2615 3257 2898 3326 magniﬁca
2925 3255 3048 3314 Filii
3077 3275 3262 3330 opera,
3279 3260 3464 3334 Neque

1900 3338 2045 3391 enim
2079 3338 2250 3395 Filius
2281 3344 2401 3399 sine
2428 3342 2590 3400 Patre
2624 3358 2884 3416 operami-
2910 3350 3210 3406 secundum
3257 3353 3461 3413 invicta

1898 3441 2180 3484 sacrarum
2212 3433 2516 3489 litterarum
2545 3438 2724 3493 enata.
2774 3439 2896 3504 Quo
2933 3436 2992 3493 ﬁt
3022 3479 3037 3504 ,
3085 3450 3150 3495 ut
3179 3442 3461 3503 Christum

1898 3521 2034 3577 alias
2063 3523 2280 3594 quidem
2317 3527 2612 3582 suscitasse
2642 3528 3014 3586 divinissiinus
3045 3529 3268 3588 Genitor
3312 3535 3463 3592 dica-

1898 3624 2010 3681 tur,
2051 3619 2187 3675 alias
2216 3635 2346 3674 vero
2369 3619 2541 3680 Filius
2560 3623 2837 3692 proprium
2870 3639 2930 3677 se
2961 3627 3222 3694 templum
3257 3629 3462 3682 excita-

1896 3715 2080 3765 turum
2107 3712 2445 3780 polliceatur,
2482 3711 2537 3771 Si
2566 3727 2694 3790 ergo
2718 3730 2780 3768 ex
2810 3714 2877 3774 iis
2904 3731 3022 3784 quae
3071 3716 3334 3777 hactenus
3364 3733 3462 3780 ex-

1896 3803 2075 3872 posita
2112 3811 2262 3866 sunt,
2293 3803 2646 3880 impatibilem
2677 3820 2799 3860 esse
2848 3805 3090 3859 divinum
3121 3804 3323 3863 Christi
3350 3809 3464 3879 spiv

1895 3893 2062 3948 ritum
2093 3903 2372 3952 ostensum
2404 3902 2508 3957 est,
2545 3898 2858 3966 apostolicis
2886 3895 3119 3953 decretis
3150 3899 3350 3956 frustra
3378 3902 3458 3956 in-

1895 3985 2148 4042 nituntur
2176 3987 2371 4056 impuri
2403 3987 2670 4042 homines.
2718 3986 2852 4042 Nam
2883 3990 2930 4043 si
2963 3988 3249 4044 Dominum
3278 3991 3464 4062 gloria:

1894 4078 2218 4141 cruciﬁxum
2248 4076 2456 4138 Paulus
2498 4078 2638 4140 dixit
2667 4079 2734 4147 ⁸⁸,
2764 4081 2830 4135 ad
2860 4083 3134 4138 hominem
3164 4093 3350 4155 aperte
3372 4101 3458 4142 re-

1893 4169 2171 4240 spiciens;
2213 4185 2328 4226 non
2358 4179 2645 4240 propterea
2674 4171 2948 4234 divinitati
3004 4176 3314 4245 passionem
3359 4177 3460 4232 tri~

1892 4261 2064 4322 liuere
2091 4261 2380 4332 oportebit.
2411 4261 2524 4317 Cur
2555 4263 2723 4333 igitur
2753 4265 2859 4320 ista
2888 4265 3252 4337 conjungunt,
3271 4267 3461 4329 dicen.

1891 4360 1978 4413 tes
2003 4369 2072 4410 ex
2091 4354 2461 4411 imbecillitate
2490 4354 2770 4417 Christum
2792 4372 2916 4415 esse
2951 4359 3320 4415 cruciﬁxum?

1731 4469 1934 4524 lmnsu.

484 4587 594 4644 Τοῦ
625 4587 837 4652 αὑτοῦ,
876 4588 946 4644 ἐκ
981 4586 1091 4642 τοῦ
1121 4585 1309 4641 αὑτοῦ
1335 4588 1542 4661 λόγου.

293 4681 359 4734 El
396 4679 454 4734 δὲ
495 4680 559 4751 δὴ
613 4681 708 4733 καὶ
756 4679 1039 4743 ἀσθενείας
1095 4675 1232 4742 εἶδος
1272 4677 1594 4749 περιάπτειν
1642 4675 1790 4746 αὐτῷ

217 4773 501 4844 προσῆκον
536 4767 625 4844 ἦν,
669 4771 747 4842 τῷ
791 4769 1063 4842 ἀνθρώπῳ
1105 4769 1280 4823 ταῦτα
1309 4769 1624 4842 προσαρτᾷν
1663 4768 1793 4821 ἀκό-

214 4863 410 4917 λουθον
450 4860 588 4917 εἶναι
617 4864 750 4935 φαίη
789 4880 874 4927 τις
910 4863 997 4924 ἂν,
1027 4860 1208 4930 οὓτιγε
1253 4860 1316 4932 δὴ
1355 4860 1434 4932 τῷ
1462 4856 1792 4934 πληρώματι

211 4956 321 5027 τῆς
357 4953 630 5025 θεότητος,
663 4954 694 5024 ἢ
730 4952 808 5023 τῷ
846 4951 1112 5022 ἀξιώματι
1151 4954 1250 5022 τῆς
1281 4951 1540 5006 ἀνωτάτω
1580 4949 1790 5020 σοφίας,

211 5048 254 5119 ἢ
285 5045 364 5118 τῷ
379 5046 476 5102 ἐπὶ
495 5045 754 5110 πάντων,
772 5043 912 5100 κατά
933 5045 1024 5099 τὸν
1040 5043 1269 5108 Παῦλον,
1293 5037 1622 5116 γραφομένῳ
1647 5040 1790 5107 Θεῷ.

2246 4580 2522 4652 Ejusdem,
2546 4597 2616 4637 ea:
2638 4583 2819 4637 eadem
2845 4593 3096 4640 orattone.

1961 4673 2119 4741 Quod
2142 4673 2188 4730 si
2222 4675 2450 4730 omnino
2476 4675 2866 4731 imbeciliitatis
2898 4675 3109 4746 species
3135 4677 3210 4730 illi
3234 4685 3352 4734 erat
3373 4689 3427 4734 at

1889 4767 2199 4831 tribuenda,
2258 4766 2463 4822 homini
2507 4767 2623 4823 haec
2661 4767 2990 4838 assignanda
3024 4777 3452 4828 consentaneum

1889 4859 2096 4914 diceret
2123 4859 2418 4930 quispiam,
2471 4873 2583 4913 non
2607 4873 2738 4914 vero
2765 4859 3092 4929 plcnitudini
3127 4859 3454 4934 divinitatis,

1890 4958 1986 5005 aut
2016 4965 2244 5007 summa:
2266 4949 2562 5022 Sapientia
2595 4951 2867 5022 dignitati,
2899 4958 2993 5006 aut
3023 4950 3074 5006 ei
3104 4953 3218 5022 qui,
3250 4967 3453 5008 secun-

1890 5040 2022 5098 dum
2048 5041 2277 5097 Paulum
2304 5041 2374 5108 ⁸³,
2411 5042 2649 5112 scriptus
2678 5049 2764 5097 est
2797 5042 2938 5097 Deus
2972 5057 3127 5113 super
3147 5045 3347 5101 omnia.

1579 5153 1786 5219 lsipeu,
1817 5167 1936 5208 mc.
1961 5151 2085 5212 158.

486 5271 599 5330 Τοῦ
627 5272 836 5338 αὐτοῦ,
865 5271 934 5329 ἐκ
958 5270 1065 5334 τοῦ
1091 5269 1278 5326 αὐτοῦ
1310 5270 1518 5341 λόγου.

281 5358 456 5429 Οἶιτος
486 5365 584 5435 μὲν
627 5361 691 5434 δὴ
729 5364 828 5434 τῆς
878 5362 1162 5426 ἀσθενείας
1189 5364 1219 5416 6
1255 5363 1475 5434 τρόπος,
1515 5362 1581 5416 δι’
1606 5362 1665 5416 ὃν
1707 5363 1787 5424 είς

2250 5265 2524 5338 Ejusdem,
2559 5281 2626 5322 ea:
2643 5268 2824 5322 eadem
2841 5278 3100 5332 oratione.

1960 5359 2060 5416 Hic
2112 5374 2245 5418 sane
2299 5367 2386 5416 est
2434 5358 2772 5415 inﬁrmitatis
2803 5360 3020 5425 modus,
3049 5375 3146 5437 per
3175 5374 3334 5430 quem
3366 5376 3457 5418 se—

197 5458 446 5528 ,θάνατον
500 5453 773 5525 γράφεται
825 5453 965 5509 κατὰ
1011 5453 1105 5507 τὸν
1154 5452 1366 5508 Παῦλον
1409 5453 1655 5525 ἀφῖχθαι.
1698 5451 1786 5522 Ζῇ

1911 5453 2125 5508 :undum
2155 5451 2381 5507 Paulum
2411 5451 2483 5515 ⁸⁸,
2519 5450 2586 5506 ad
2618 5461 2851 5508 mortem
2903 5453 3122 5508 venisse
3171 5453 3451 5516 scribitur.

209 5551 323 5622 γάρ
348 5548 418 5603 ἐκ
437 5546 743 5620 δυνάμεως
773 5547 941 5613 Θεοῦ,
967 5545 1044 5619 τῷ
1080 5545 1210 5618 θείῳ
1237 5546 1510 5619 Πνεύματι
1546 5547 1787 5624 δηλονότι

1911 5547 2036 5606 Vivit
2072 5548 2216 5604 enim
2262 5562 2330 5601 ea:
2367 5541 2574 5638 uirtute
2619 5545 2750 5614 Dei,
2791 5548 2887 5620 qui
2935 5563 3045 5606 una
3096 5565 3222 5605 cum
3268 5550 3456 5615 divino

313 5701 502 5762 “Act.
531 5717 590 5765 ιι,
619 5699 710 5756 ⁸56.
809 5700 856 5735 ⁸⁸
880 5699 1043 5756 Joau.
1083 5716 1140 5758 ι.
1177 5699 1262 5755 18.
1339 5701 1384 5733 ⁸⁵
1410 5701 1437 5757 1
1465 5701 1586 5762 Cor.
1624 5719 1680 5768 ιι,
1712 5701 1764 5756 8.

1917 5698 2066 5762 Rom.
2106 5717 2182 5767 Ix,
2214 5701 2264 5757 5.
2341 5701 2385 5733 ⁸⁸
2424 5698 2484 5755 11
2515 5699 2641 5758 Cor.
2682 5719 2798 5768 xm,
2833 5702 2884 5763 4.

572 5791 844 5859 ΡΑτιοι..
896 5789 1014 5857 Gn.
1063 5790 1286 5861 χνιιι.

3024 5794 3104 5864 22
