3850 6160
396 264 506 323 685

1387 263 1447 320 S.
1487 260 1857 319 EUSTATHII
1886 261 2199 320 EPISCOPI
2234 261 2656 320 ANTIOCliENI

3545 263 3658 322 σει

400 383 609 455 Spiritu
638 390 889 440 versatur
913 382 1079 440 homo
1103 424 1118 448 ,
1153 383 1412 454 quoniam
1444 391 1498 439 et
1527 384 1784 438 virtutem
1811 383 1964 440 Altis

2085 380 2534 453 συνδιαιτώμενος
2584 383 2614 435 6
2668 379 2981 452 ἄνθρωπος·
3041 379 3228 454 ὲπειδὴ
3277 380 3371 435 καὶ
3424 379 3659 452 δύναμις

399 476 524 529 simi
554 491 699 540 esse,
744 475 838 546 qui
868 476 922 529 in
970 474 1090 545 ipso
1133 474 1399 540 creditur,
1432 490 1500 530 ex
1527 474 1965 545 praecedentibus

398 567 638 627 decretis
668 574 952 625 ostensum
982 575 1088 623 est.

2083 475 2340 544 Ὑψίστου
2380 476 2408 529 6
2450 476 2507 527 ὲν
2536 471 2686 541 αύτῷ
2723 473 3130 545 πιστευόμενος,
3164 473 3304 528 κατὰ
3342 473 3468 537 τοὺς
3511 473 3657 544 φθά-

2078 584 2280 632 σαντας
2307 568 2468 639 ὄρους
2496 565 2891 622 ἀποδέδεικται.

1923 676 2132 736 ιιιιιιιιιι.

755 795 1030 867 Ejusdem,
1052 809 1119 850 ea:
1140 793 1323 851 eadem
1355 796 1594 850 oratione

471 892 628 960 Quod
651 892 699 947 si
725 890 962 962 Virginis
990 900 1203 945 uterum
1261 890 1573 960 ingressus,
1621 905 1727 945 non
1774 889 1974 945 minuit

398 996 744 1062 potestatem,
779 1001 881 1042 nec
918 999 1144 1056 corpore
1192 984 1339 1054 ligno
1367 983 1550 1038 crucis
1583 982 1763 1048 aﬁixo,
1806 983 1974 1054 spiri»

398 1095 489 1139 tus
520 1082 799 1155 polluitur.
837 1079 1052 1150 Corpus
1080 1077 1223 1133 enim
1259 1075 1491 1132 sublime
1545 1074 1601 1130 in
1643 1090 1807 1130 cruce
1836 1091 1973 1146 pcn-

398 1176 578 1239 dcbat,
611 1174 832 1230 divinus
854 1187 986 1228 vero
1017 1168 1311 1241 Sapientiae
1340 1168 1572 1239 spiritus
1602 1176 1656 1223 et
1679 1168 1823 1223 intra
1841 1185 1968 1224 cor-

400 1286 500 1342 pus
528 1267 873 1328 versabatur,
903 1274 957 1319 ct
987 1264 1040 1318 in
1068 1261 1382 1318 caelestibus
1410 1261 1698 1325 insidebat,
1719 1270 1770 1317 et
1801 1271 1968 1316 totam

397 1374 597 1418 terram
635 1360 971 1422 continebat,
1011 1366 1067 1413 et
1099 1355 1313 1429 abyssis
1346 1355 1669 1425 imperabat,
1698 1362 1752 1410 et
1780 1355 1970 1426 singu-

401 1459 576 1511 lorum
608 1455 823 1510 animas
880 1452 1223 1522 perlustrans
1273 1446 1575 1518 judicabat,
1607 1454 1661 1501 et
1691 1447 1874 1502 omnia
1911 1455 1971 1502 ut

396 1549 541 1604 Deus
567 1548 635 1603 de
666 1562 817 1602 more
844 1541 1284 1599 administrabat.
1308 1539 1419 1595 Nec
1452 1540 1599 1595 enim
1632 1539 1774 1594 intra
1796 1541 1969 1596 moles

394 1653 690 1710 corporeae
723 1651 978 1707 suprema
1029 1633 1308 1704 Sapientia
1368 1634 1581 1689 inclusa
1629 1633 1964 1698 continetur,

2350 791 2462 847 Τοῦ
2493 791 2702 857 αὐτοῦ,
2732 792 2802 846 ἐκ
2828 790 2935 846 τοῦ
2964 789 3151 847 αὑτοῦ
3178 794 3383 862 λόγου.

2152 883 2216 939 Et
2246 883 2303 938 δὲ
2346 883 2446 955 τῆς
2498 882 2832 956 παρθενικῆς
2885 882 3248 949 ὲπιϐατεύσας
3294 888 3505 958 μήτρας
3549 888 3656 943 οὐκ

2079 974 2314 1047 ἐμείωσε
2359 974 2458 1045 τὴν
2504 973 2774 1041 ἐξουσίαν,
2821 973 2942 1028 οὐδὲ
2990 974 3068 1045 τῷ
3100 971 3240 1046 ξύλῳ
3277 974 3371 1028 τοῦ
3416 977 3655 1048 σταυροῦ

2080 1066 2492 1139 προσπαγέντος
2532 1065 2628 1119 τοῦ
2686 1065 2954 1137 σώματος,
2988 1066 3268 1138 χραίνεται
3307 1067 3368 1121 τὸ
3413 1068 3653 1141 πνεῦμα.

2077 1158 2150 1212 Τὸ
2187 1158 2286 1229 μὲν
2311 1156 2420 1229 γάρ
2445 1157 2602 1229 σῶμα
2634 1158 2923 1230 μετάρσιον
2944 1159 3299 1229 ὲσταυροῦτοο
3329 1158 3389 1212 τὸ
3425 1159 3484 1212 δὲ
3510 1160 3657 1215 θεῖον

2076 1250 2173 1321 τῆς
2203 1250 2395 1319 σοφίας
2443 1248 2660 1321 πνεῦμα
2690 1251 2784 1303 καὶ
2822 1248 2915 1302 τοῦ
2966 1247 3217 1321 σώματος
3250 1249 3382 1304 εἴσω
3409 1250 3655 1324 διῃτᾶτο,

2075 1338 2171 1391 καὶ
2206 1341 2318 1403 τοῖς
2364 1339 2638 1410 οὐρανίοις
2677 1339 2997 1403 ἐπεδάτευε,
3044 1342 3140 1395 καὶ
3184 1342 3366 1395 πᾶσαν
3409 1344 3655 1414 περιεῖχε

2074 1429 2172 1502 τὴν
2197 1431 2319 1503 γῆν,
2356 1432 2450 1484 καὶ
2474 1431 2581 1485 τῶν
2607 1432 2857 1486 ἀϐύσσων
2890 1433 3131 1504 ἐκράτει,
3158 1433 3252 1487 καὶ
3279 1433 3379 1497 τὰς
3407 1435 3655 1489 ἑκάστων

2076 1519 2255 1591 ψυχὰς
2288 1519 2581 1591 ἀνιχνεύων
2614 1520 2866 1592 διέκρινε,
2901 1520 2995 1575 καὶ
3027 1520 3205 1575 πάντα
3235 1519 3371 1592 ὁμοῦ
3405 1519 3654 1592 συνήθως

2075 1606 2164 1665 οἷα
2202 1611 2336 1675 Θεὸς
2390 1612 2676 1683 ἔπραττεν.
2726 1614 2799 1667 Ού
2835 1614 2945 1686 γὰρ
2985 1613 3116 1667 εἴσω
3161 1613 3270 1667 τῶν
3323 1614 3655 1685 σωματικῶν

396 1701 539 1785 sicut
563 1727 788 1782 humida
815 1734 870 1781 et
908 1724 1057 1780 sicea
1088 1723 1238 1778 vasis
1270 1720 1704 1783 concluduntur,
1740 1728 1795 1775 et
1839 1736 1964 1776 con-

2074 1701 2254 1772 ὅγκων
2300 1706 2333 1777 ἡ
2381 1704 2641 1759 ἀνωτάτω
2689 1704 2851 1774 σοφία
2900 1705 3269 1778 καθειργμένη
3315 1706 3651 1778 περιέχεται,

398 1822 637 1878 tinentur
666 1820 850 1889 potius
890 1830 1053 1888 quam
1107 1814 1451 1885 receptacula
1489 1814 1826 1867 contineant.
1862 1809 1969 1865 Sed

397 1929 521 1967 cum
567 1913 749 1967 divina
780 1909 1028 1980 quaedam
1061 1906 1134 1964 sit
1164 1914 1221 1961 et
1270 1904 1666 1975 inexplicabilis
1700 1903 1965 1975 potentia,

397 2003 587 2057 intima
607 2009 662 2057 et
689 1998 890 2054 extima
910 1998 1097 2068 templi
1127 1995 1502 2067 complectens
1529 1994 1820 2050 conﬁrmat
1851 2011 1868 2058 ;
1912 2002 1968 2048 et

397 2095 525 2150 hinc
570 2094 798 2149 ulterius
859 2090 1202 2163 procedens,
1246 2088 1421 2145 moles
1468 2088 1633 2145 simul
1681 2088 1968 2142 universas

397 2188 685 2243 continens
709 2184 1048 2241 moderatur.

2074 1795 2325 1869 καθάπερ
2366 1796 2558 1850 αἰτῶν
2602 1796 2783 1869 ὑγρῶν
2833 1797 2928 1852 καὶ
2974 1796 3156 1870 ξηρῶν
3198 1797 3343 1863 ὕλαι,
3390 1797 3501 1853 τῶν
3549 1796 3653 1869 μὲν

2072 1889 2308 1958 ἀγγείων
2343 1889 2475 1943 εἴσω
2508 1890 2940 1954 κατακλείονται,
2973 1891 3317 1961 περιέχονται
3355 1890 3414 1945 δὲ
3449 1890 3654 1961 μᾶλλον

2072 1981 2105 2050 ἢ
2159 1981 2474 2053 περιέχουσι
2520 1982 2618 2046 τάς
2648 1981 2843 2054 θήκας.
2892 1982 3054 2037 Ἀλλὰ
3096 1982 3216 2036 θεία
3255 1999 3339 2046 τις
3368 1978 3504 2037 οὖσα
3554 1983 3654 2035 καὶ

2069 2073 2443 2144 άνέκφραστος
2481 2073 2731 2145 δύναμις,
2772 2076 2847 2130 τάλ
2870 2076 2919 2129 τ’
2955 2075 3220 2130 ἐνδοτάτω
3264 2076 3359 2129 καὶ
3395 2074 3653 2139 ἐξωτάτω

2071 2163 2166 2217 τοῦ
2201 2163 2306 2218 νεὼ
2348 2166 2850 2238 περιλαμϐάνουσα,
2885 2170 3157 2239 κραταιοῦ
3192 2166 3486 2222 κάντεῦθεν
3517 2165 3651 2219 ἑπέ-

2072 2272 2227 2310 κεινα
2258 2257 2541 2327 διήκουσα,
2572 2258 2778 2322 πάντας
2794 2258 2931 2330 ὁμοῦ
2960 2259 3084 2323 τοὺς
3107 2259 3305 2328 δγκους
3330 2259 3521 2330 κρατεῖ
3544 2273 3651 2312 τε·

2075 2348 2354 2420 ριέχουσα.

1916 2483 2127 2543 ηἰιιιιιιιιι.

745 2610 1022 2681 Ejusdem,
1049 2622 1115 2663 ea:
1140 2606 1322 2663 eadem
1348 2614 1613 2663 cratim.

467 2706 523 2761 Si
552 2714 729 2760 an'em
761 2704 844 2758 sol
878 2701 1037 2772 cujus
1065 2713 1265 2769 corpus
1299 2698 1449 2752 cerni
1476 2704 1529 2751 et
1559 2710 1728 2752 sensu
1756 2694 1963 2767 percipi

393 2805 596 2871 potest,
628 2803 710 2850 tot
741 2801 1041 2863 tantasque
1070 2790 1274 2860 ubique
1318 2796 1589 2844 terrarum
1623 2787 1804 2841 ferens
1833 2802 1967 2841 con-

393 2891 668 2952 tumelias,
700 2901 811 2941 non
834 2892 1006 2939 mutat
1026 2880 1298 2944 ordinem,
1330 2894 1430 2934 nec
1446 2879 1613 2932 ictum
1647 2877 1817 2932 ullum
1838 2892 1966 2948 par-

2338 2608 2451 2664 Toii
2477 2608 2690 2673 αὑτοῦ,
2723 2608 2792 2662 ἐκ
2825 2605 2933 2662 τοῦ
2961 2604 3148 2662 αὐτοῦ
3175 2606 3381 2675 λόγου.

2143 2700 2208 2755 Et
2229 2700 2276 2756 δ’
2300 2703 2328 2755 6
2352 2701 2524 2773 ⁴ἥλιος,
2565 2700 2724 2771 σῶμα
2756 2699 2830 2753 ὣν
2857 2700 3053 2770 ὁρατὸν
3081 2698 3175 2752 καὶ
3200 2696 3450 2767 αἰσθήσει
3479 2710 3649 2748 κατα-

2070 2792 2299 2866 ληπτὸν,
2336 2792 2607 2857 τοσαύτας
2639 2792 2735 2846 καὶ
2768 2791 3024 2855 τοιαύτας
3064 2787 3337 2859 πανταχοῦ
3373 2787 3478 2857 γῆς
3514 2788 3653 2840 ὐπο-

2074 2885 2247 2956 μένων
2290 2885 2509 2949 αἰκίας,
2528 2884 2589 2936 οὐ
2625 2883 2948 2954 μεταϐάλλει
2977 2883 3074 2954 τὴν
3106 2882 3280 2947 τάξιν,
3308 2880 3429 2933 οὐδὲ
3458 2878 3649 2933 αἴσθε-

393 2996 522 3035 νιιιιι
575 2990 902 3048 magnumve
947 2973 1134 3036 sentit,
1193 2971 1571 3040 iucorpoream
1625 2967 1961 3039 Sapientiam

2073 2993 2156 3030 ται
2192 2980 2395 3049 μικρᾶς
2422 2976 2454 3047 ἢ
2490 2976 2730 3047 μεγάλης
2757 2975 2986 3048 πληγῆς·
3019 2977 3117 3046 τὴν
3142 2974 3428 3044 ἀσώματον
3453 2972 3650 3040 σοφίαν

393 3070 562 3142 pollui
591 3067 971 3125 existimamus
997 3072 1051 3120 et
1077 3070 1291 3118 mutare
1318 3071 1587 3123 naturam,
1615 3060 1659 3115 si
1683 3062 1803 3130 ejus
1829 3067 1969 3115 tein-

393 3164 543 3234 plum
571 3160 722 3216 cruci
772 3157 1040 3228 alligatur,
1074 3161 1167 3210 aut
1197 3155 1630 3210 destructionem
1668 3154 1962 3214 sustineat,

2068 3069 2294 3141 οἰόμεθα
2322 3069 2658 3141 χραίνεσθαι,
2694 3068 2789 3123 καὶ
2824 3067 3206 3139 μεταλλάττειν
3248 3067 3345 3138 τὴν
3377 3065 3559 3135 φύσιν,
3597 3065 3650 3117 εἰ

2070 3161 2099 3213 6
2125 3161 2250 3224 ναὸς
2281 3161 2448 3232 αὐτῆς
2473 3159 2689 3232 σταυρῷ
2711 3160 3094 3234 προσηλοῦται,
3123 3160 3156 3231 ἢ
3185 3158 3335 3214 λύσιν
3364 3157 3646 3229 ὑπομένει,

393 3260 489 3307 aut
516 3251 739 3306 vulnera
773 3249 1028 3318 excipiat,
1060 3255 1156 3301 aut
1203 3245 1610 3315 corruptionem
1670 3244 1964 3299 admittat?

2073 3253 2104 3323 ἢ
2157 3253 2359 3325 τρῶσιν
2405 3254 2716 3324 ὑφίσταται,
2771 3254 2804 3325 ἢ
2857 3251 3150 3325 διαφθορὰν
3196 3252 3436 3324 δέχεται;
3484 3249 3652 3303 Ἀλλά

395 3343 504 3399 Sed
536 3346 797 3412 templum
844 3338 1065 3410 quidem
1115 3335 1352 3409 patitur;
1398 3336 1536 3391 labis
1557 3342 1738 3389 autem
1769 3350 1964 3405 expers

2073 3346 2269 3416 πάσχει
2304 3346 2403 3417 μὲν
2426 3348 2457 3400 ό
2482 3345 2638 3411 νεὼς,
2671 3349 2704 3418 ἡ
2733 3346 2788 3400 δὲ
2819 3346 3147 3417 άκηλίδωτος
3175 3345 3333 3399 οὐσία
3362 3343 3651 3397 παντάπα-

394 3437 721 3500 substantia,
751 3434 898 3490 omni
924 3448 989 3488 ex
1021 3438 1175 3503 parte
1202 3429 1542 3501 impollutam
1566 3428 1765 3484 retinet
1787 3427 1964 3497 digni—

2074 3454 2156 3492 σιν
2183 3440 2447 3512 ἄχραντος
2468 3438 2565 3512 τὴν
2596 3438 2753 3506 ἀξίαν
2794 3440 3151 3511 καθέστηκεν.

394 3536 581 3584 latent.

394 3771 453 3826 In
492 3769 623 3827 illud
673 3734 936 3822 Proverb.
976 3780 1053 3831 Ix,
1079 3764 1115 3820 5
1147 3780 1161 3818 :
1189 3760 1459 3843 Comedus
1485 3777 1673 3842 panem
1713 3780 1904 3843 meum,
1950 3765 2207 3843 etjibite
2238 3786 2414 3826 vinum
2448 3772 2586 3843 quod
2616 3774 2804 3829 miscui
2826 3773 2992 3833 vobis.
3014 3804 3088 3817 —
3121 3774 3201 3832 Ex
3235 3774 3392 3833 Actis
3419 3777 3646 3834 Concilii

1314 3832 1518 3886 Νίσιεηί
1549 3847 1608 3898 ιι,
1642 3842 1750 3888 act.
1781 3850 1859 3899 νι,
1888 3844 1932 3892 t.
1959 3834 2090 3903 Vill,
2114 3855 2246 3912 pag.
2280 3843 2418 3897 1099
2438 3832 2494 3900 et
2537 3845 2694 3900 M79.

720 3967 902 4023 Venio
924 3963 1201 4020 Anastasii
1229 3962 1649 4018 Bibliothecarii.

464 4090 606 4160 Ergo
638 4083 848 4156 liquido
878 4082 1318 4137 demonstratum
1363 4086 1482 4143 est,
1516 4077 1663 4148 quod
1691 4095 1962 4151 nusquam

2136 4077 2346 4135 Οὐκοῦν
2398 4083 2581 4151 σαφῶς
2614 4084 3007 4151 ἀποδέδεικται,
3060 4085 3142 4139 ὅτι
3195 4085 3431 4157 οὐδαμοῦ
3460 4085 3583 4140 οὔτε
3613 4088 3645 4142 6

394 4180 655 4239 Dominus
683 4176 769 4231 vel
799 4172 1031 4244 apostoli
1074 4178 1168 4225 aut
1198 4169 1391 4225 Patres
1412 4212 1427 4237 ,
1472 4170 1763 4239 imaginem
1809 4172 1964 4229 dixe-

2073 4171 2289 4242 Κύριος,
2327 4170 2451 4225 ούτε
2492 4177 2541 4227 oi
2596 4174 2880 4230 ἀπόστολοι
2913 4176 2946 4246 ἢ
2983 4176 3224 4249 Πατέρες
3259 4178 3443 4232 εἰκόνα
3488 4174 3644 4233 εἷπον

389 4277 520 4328 runt
547 4266 877 4325 sacriﬁcium
904 4264 1024 4320 sine
1044 4262 1311 4334 sanguine
1326 4260 1472 4331 quod
1498 4277 1594 4331 per
1622 4263 1961 4318 sacerdotem

2073 4268 2163 4340 τὴν
2193 4268 2280 4322 διὰ
2308 4269 2401 4322 τοῦ
2436 4269 2630 4341 ἱερέως
2678 4269 3126 4344 προσφερομένην
3174 4272 3509 4342 ἀναίμακτον
3546 4273 3632 4326 θυ-

390 4363 635 4425 uﬁ'ertur,
666 4357 761 4415 sed
793 4358 972 4427 ipsum
1000 4368 1202 4425 corpus
1223 4354 1474 4423 etipsum
1506 4355 1850 4425 sanguinem.
1896 4356 1961 4412 Et

2073 4358 2206 4424 σίαν,
2238 4358 2373 4412 ἀλλά
2402 4358 2535 4413 αὐτὸ
2581 4359 2741 4430 σῶμα
2777 4361 2870 4413 καὶ
2911 4357 3043 4413 αὐτὸ
3072 4355 3233 4431 αἷμα.
3266 4360 3374 4413 Καὶ
3404 4359 3511 4431 πρὸ
3539 4361 3643 4430 μὲν

389 4462 515 4509 ante
527 4449 975 4509 sanctiﬁcationis
990 4446 1211 4517 quidem
1230 4445 1894 4519 celebrationem,typos(i
1905 4447 1961 4520 9)

388 4543 713 4615 quibusdam
742 4538 843 4596 SS.
878 4537 1103 4593 Patrum
1140 4536 1260 4592 hac
1302 4535 1392 4607 pie
1431 4536 1608 4592 visum
1653 4546 1739 4593 est
1785 4540 1965 4594 nomi-

388 4651 553 4703 nare;
595 4648 829 4705 quorum
864 4638 951 4687 est
982 4628 1301 4685 Eustathius
1347 4637 1723 4700 propugnator
1766 4632 1961 4686 ortho-

385 4729 539 4782 doxae
564 4725 686 4780 ﬁdei
710 4733 766 4780 et
787 4723 1002 4777 Arianae
1024 4721 1336 4776 destructor
1353 4721 1606 4787 vesaniae,
1631 4729 1687 4777 et
1706 4719 1965 4790 Basilius,

386 4819 632 4888 ejusdem
666 4816 902 4871 infelicis
923 4813 1331 4885 superstitionis
1361 4812 1661 4883 depositor,
1689 4814 1963 4885 quiomne

383 4910 529 4980 quod
577 4909 680 4964 sub
723 4907 839 4964 sole
880 4911 1003 4970 est,
1053 4905 1271 4976 planam
1323 4911 1600 4959 rectorum
1643 4904 1961 4976 dogmatum

383 5004 559 5058 basim
630 4999 869 5056 edocuit.
934 4999 1017 5053 Ex
1061 5012 1172 5053 uno
1221 4994 1371 5052 enim
1419 4995 1722 5067 eodemque
1764 4997 1961 5068 spiritu

383 5098 752 5168 disputantes,
777 5108 920 5149 unus
942 5091 1161 5163 quidem
1191 5106 1382 5147 eorum
1415 5090 1784 5161 interpretans
1807 5090 1964 5145 Salo-

383 5187 693 5240 moniaeum
724 5183 931 5239 dictum
965 5182 1112 5252 quod
1147 5181 1203 5236 in
1232 5179 1548 5236 Proverbiis
1590 5179 1786 5249 legitur
1815 5198 1829 5234 :
1860 5178 1962 5235 Co-

2063 4449 2163 4520 τῆς
2208 4450 2301 4504 τοῦ
2357 4451 2631 4524 άγιασμοῦ
2682 4451 3008 4517 τελειώσεως
3058 4451 3326 4507 ἀντίτυπα
3372 4468 3483 4505 τισι
3526 4451 3641 4505 τῶν

2063 4541 2235 4610 ἁγίων
2276 4542 2537 4617 Πατέρων
2596 4543 2833 4608 εὐσεϐῶς
2881 4544 3058 4611 ἔδοξεν
3109 4544 3507 4616 ὀνομάζεσθαι·
3560 4538 3640 4597 ὧν

2065 4634 2211 4687 ἐστιν
2233 4635 2527 4700 Εὑστάθιος
2547 4639 2576 4690 6
2599 4635 2867 4708 εὐπαθὴς
2895 4637 3175 4708 πρόμαχος
3215 4635 3316 4707 τῆς
3352 4633 3637 4706 ὀρθοδόξου

2064 4725 2319 4793 πίστεως,
2353 4729 2448 4782 καὶ
2484 4729 2584 4800 τῆς
2619 4730 2901 4801 Ἀρειανῆς
2933 4727 3369 4799 κακοδαιμωνίας
3401 4726 3639 4779 καταλυσ-

2063 4817 2182 4889 τὴς,
2206 4819 2298 4872 καὶ
2326 4818 2602 4884 Βασίλειος
2624 4821 2721 4891 τῆς
2746 4819 2917 4890 αὐτῆς
2943 4818 3360 4890 δεισιδαιμονίας
3381 4816 3642 4889 καθαιρέ-

2056 4926 2174 4980 της,
2198 4913 2228 4964 6
2248 4912 2346 4983 τὴν
2364 4912 2453 4981 ὑφ’
2490 4913 2640 4985 ἥλιον
2678 4913 2773 4984 τὴν
2797 4913 2944 4966 λείαν
2972 4912 3125 4983 βάσιν
3148 4912 3257 4965 τῶν
3288 4910 3464 4983 ὀρθῶν
3489 4910 3638 4963 ἐκδι-

2055 5001 2221 5067 δάξας
2256 5003 2559 5075 δογμάτων.
2608 5004 2697 5072 Ἐξ
2723 5004 2841 5069 ἑνὸς
2873 5004 2980 5076 γάρ
3018 5005 3110 5058 καὶ
3144 5001 3238 5057 τοῦ
3277 5001 3440 5058 αὐτοῦ
3472 5003 3641 5056 πνεύ-

2058 5107 2227 5161 ματος
2258 5091 2639 5165 φθεγγόμενοι,
2671 5096 2700 5147 6
2728 5094 2823 5165 μὲν
2853 5093 3168 5165 ἑρμηνεύων
3205 5092 3267 5146 τὸ
3293 5094 3351 5145 ὲν
3375 5094 3495 5155 ταῖς
3522 5091 3638 5144 Πα-

2056 5183 2297 5254 ροιμίαις
2312 5184 2655 5256 Σολομῶντος
2683 5186 2862 5257 ῥητόν·
2892 5185 3113 5255 Φάγετε
3129 5185 3236 5240 τὸν
3252 5184 3400 5256 ἐμὸν
3423 5182 3631 5253 ἄρτον,

383 5277 571 5330 meditc
608 5292 796 5345 panem
840 5289 1013 5329 meum
1049 5280 1100 5328 et
1146 5259 1304 5328 bibite
1348 5271 1527 5326 uinum
1567 5269 1706 5342 quod
1767 5272 1958 5326 miscui

2073 5274 2153 5328 sai
2171 5275 2342 5330 πίε-τε
2379 5272 2546 5332 οἶνον
2573 5276 2646 5332 ὃν
2675 5276 2970 5346 κεκέρακα
2994 5277 3156 5348 ὑμῖν,
3185 5277 3311 5333 τάδε
3348 5276 3502 5346 φησί·
3528 5277 3635 5332 Διὰ

453 5433 567 5501 (I9)
595 5431 1033 5503 Celebratianem,
1066 5440 1234 5501 typos.
1258 5428 1385 5503 (ἔα,
1426 5433 1952 5503 comummqtionem,

383 5504 641 5573 antilypa.
676 5501 1029 5558 Sacramenta
1053 5501 1301 5573 corporis
1330 5510 1385 5556 et
1403 5503 1685 5573 sanguian
1716 5501 1953 5568 Domini,

385 5570 648 5627 ἀντίτυπα
680 5576 951 5642 μυστήρια
984 5579 1154 5642 vocat
1173 5571 1336 5642 etiam
1367 5570 1559 5624 auctdr
1605 5570 1956 5642 constitutio-

386 5660 508 5694 num
540 5639 730 5711 aput,
761 5639 936 5711 libfv,
967 5655 1100 5711 cap.
1133 5639 1338 5711 ἐμω».
1372 5654 1448 5702 τι,
1476 5656 1615 5711 cap.
1646 5641 1739 5701 50,
1769 5651 1822 5696 et
1853 5641 1948 5697 lib.

384 5726 481 5775 vn,
514 5725 633 5780 cap.
662 5709 752 5763 25.
787 5707 877 5764 Sic
903 5707 1235 5765 item‘Gracei
1258 5707 1448 5766 Patres
1467 5707 1581 5782 jam
1610 5711 1949 5768 sanctiﬁcata

2061 5448 2171 5507 non
2197 5450 2322 5489 raro
2340 5442 2541 5491 vocant
2563 5439 2825 5507 antitypa,
2848 5445 2909 5491 ut
2930 5435 3303 5493 Nazianzenus
3325 5434 3485 5507 Ora}.
3511 5434 3635 5504 [ιιι.

2058 5504 2116 5567 in
2147 5522 2403 5571 sororem,
2421 5515 2477 5579 et
2503 5503 2816 5579 Apologyi;
2848 5508 3086 5579 Cyrillus
3121 5507 3390 5579 llicrosol.
3412 5503 3636 5579 caras.

2057 5590 2091 5647 ν
2124 5587 2306 5647 myst.,
2343 5587 2397 5632 et
2425 5576 2559 5642 alii,
2587 5586 2647 5631 ut
2680 5576 2936 5634 observat
2968 5579 3291 5636 scholiastes
3318 5576 3541 5633 Graecus
3562 5577 3635 5631 ad

2058 5645 2202 5702 hunc
2230 5646 2433 5705 Nicaeni
2457 5648 2677 5707 concilii
2702 5648 2904 5709 locum.
