3850 6160
1607 287 2051 348 FRAGMENTA.

3388 284 3494 344 G90

227 398 472 470 τέλλωνο
513 398 652 471 μετά
685 397 744 453 δὲ
773 397 835 453 τὸ
868 398 1061 463 πάθος,
1096 402 1337 473 τριταῖος
1375 401 1440 453 ἐκ
1467 399 1576 455 τῶν
1608 400 1809 473 νεκρῶν

1920 416 2046 458 nem
2067 416 2230 469 vero,
2261 418 2386 457 cum
2425 401 2589 458 tertio
2622 402 2710 458 die
2744 400 3136 461 resurrexisset
3157 415 3191 457 ι
3225 401 3489 467 mortuis,

230 489 492 556 ἀναστὰς,
530 489 910 557 ὲνδοιαζόντων
941 492 1122 546 αὐτῶν
1162 490 1460 565 ἐγηγέρθαι
1500 490 1609 545 τῶν
1641 492 1820 564 μαθηο

226 581 364 648 τῶν,
387 582 668 653 ἐπιφανεὶς
701 583 884 647 αὐτοῖς
904 582 1052 654 αὑτῷ
1080 582 1313 655 σώματι,
1349 584 1527 656 σάρκα
1554 583 1654 655 μὲν
1674 584 1819 638 ἃπα-

229 691 334 731 σαν
365 675 462 729 σὺν
484 674 695 739 ὀστέοις
722 673 864 745 ἔχειν
890 673 1183 745 ὡμολόγει·
1218 679 1337 739 ταῖς
1354 676 1409 730 δὲ
1431 675 1583 747 ὄψεσι
1615 674 1819 731 τούτων

224 769 331 835 τὰς
369 770 719 840 τετρωμένας
753 768 1069 823 ὑποδάλλων
1111 768 1373 842 πλευρὰς,
1412 771 1507 824 καὶ⁸
1547 771 1676 834 τοὺς
1719 770 1815 824 τύ-

226 882 366 929 πους
388 861 566 917 αὐτῶν
592 861 929 916 ὑποδεικνύει
955 859 1066 917 τῶν
1095 862 1259 934 ἥλων.

1921 501 1977 551 et
2030 493 2100 550 de
2144 494 2320 565 ipsius
2377 495 2783 551 resurrectione
2832 492 3147 550 dubitarent
3198 491 3489 562 discipuli.

1921 598 2191 656 apparens
2248 584 2359 640 illis
2412 586 2468 640 in
2486 584 2675 640 eodem
2713 599 2975 656 corpore,
3004 597 3228 639 carnem
3273 581 3493 654 quidem

1918 686 2091 734 totam
2116 694 2243 734 cum
2266 679 2489 736 ossibus
2513 693 2573 733 se
2598 678 2800 734 habere
2820 678 3138 749 proﬁtetur:
3163 676 3339 731 oculis
3365 690 3495 730 vero

1918 769 2140 825 illorum
2178 769 2483 841 perfossum
2523 769 2667 823 latus
2694 768 2999 840 objiciens,
3045 768 3325 823 clavorum
3356 780 3495 837 quo-
3546 778 3547 781 ‘

1920 876 2029 933 que
2053 861 2272 917 illorum
2300 862 2528 933 vestigia
2550 859 2811 916 ostendit.

1333 979 1492 1051 Apud
1522 979 1773 1037 eumdem
1818 978 1964 1035 Dial.
1997 994 2082 1046 ill,
2115 994 2242 1053 pag.
2266 978 2394 1035 156.

426 1095 541 1151 Τοῦ
567 1099 776 1165 αὐτοῦ,
803 1099 872 1155 ἐκ
891 1100 1000 1155 τοῦ
1029 1102 1166 1173 Περὶ
1191 1102 1370 1174 ψυχῆς
1400 1103 1608 1175 λόγου.

298 1186 376 1240 Δι’
403 1184 594 1257 ὀλίγων
621 1189 679 1244 δέ
706 1193 853 1245 ἐστιν
885 1192 1099 1263 ἐλέγξαι
1124 1192 1221 1265 τὴν
1249 1194 1416 1265 ἀσεϐῆ
1449 1192 1812 1263 συκοφαντίαν

221 1278 440 1333 αὐτῶν·
479 1281 717 1353 μάλιστα
761 1284 859 1355 μὲν
887 1284 1017 1357 γὰρ,
1048 1287 1096 1339 ei
1135 1285 1210 1357 μὴ
1245 1284 1347 1355 τῆς
1374 1284 1482 1339 τῶν
1510 1285 1815 1358 ἀνθρώπων

221 1369 414 1425 ῑνεκεν
442 1373 715 1446 σωτηρίας
740 1377 820 1440 είς
849 1377 949 1448 τὴν
984 1376 1077 1430 τοῦ
1101 1377 1334 1431 θανάτου
1366 1376 1664 1448 σφαγὴν·τὸ
1687 1375 1817 1430 ἴδιον

218 1464 488 1531 ἱκουσίως
509 1466 740 1535 ἐξεδίδου
765 1468 941 1540 σῶμα.
971 1469 1195 1541 Πρῶτον
1219 1470 1319 1541 μὲν
1342 1468 1539 1541 πολλὴν
1559 1468 1708 1540 αὐτῷ
1728 1485 1822 1522 πε-

226 1555 548 1628 ριάπτουσιν
573 1559 875 1630 ἀδυναμίαν
897 1577 910 1590 ο
934 1561 1016 1614 ὅτι
1046 1562 1121 1632 μὴ
1141 1555 1252 1627 οἶός
1276 1560 1325 1616 τ’
1347 1559 1565 1631 ἐγένετο
1587 1560 1685 1634 τὴν
1707 1560 1816 1619 τῶν

222 1647 501 1722 πολεμίων
523 1651 700 1724 ὁρμὴν
731 1652 998 1722 ἐπισχεῖν.
1409 1660 1416 1668 ‘

2267 1100 2553 1170 Ejusdem,
2582 1115 2648 1154 ea:
2669 1100 2804 1153 libro
2833 1098 2908 1153 De
2929 1097 3133 1152 anima.

1990 1193 2155 1250 Pauci
2186 1193 2439 1248 convinci
2483 1200 2667 1264 potest
2704 1192 2868 1262 impia
2920 1190 3136 1245 illorum
3165 1183 3438 1240 calumnia
3471 1200 3487 1236 :

1911 1294 1967 1342 et
1997 1286 2235 1342 maxime
2256 1285 2507 1356 quidem,
2546 1284 2596 1339 si
2631 1298 2739 1339 non
2769 1280 2966 1338 salutis
3006 1278 3287 1334 hominum
3320 1289 3490 1330 causa

1911 1393 2113 1449 corpus
2141 1392 2303 1433 suum
2336 1375 2407 1431 sd
2439 1383 2671 1431 mortem
2706 1382 2904 1446 sponte
2936 1387 3035 1428 sua
3079 1368 3330 1441 prabuit.
3365 1364 3489 1421 Pri-

1912 1485 2063 1523 mum
2096 1468 2240 1523 enim
2288 1480 2538 1537 magnam
2578 1465 2628 1520 ei
2666 1464 2975 1520 attribuunt
3017 1458 3485 1522 imbecillitatem,

1910 1562 2005 1634 qui
2032 1575 2142 1616 non
2161 1559 2405 1631 potuerit
2436 1556 2676 1613 hostium
2700 1557 2962 1626 impetum
2987 1553 3310 1626 reprimere.

1769 1766 1981 1823 inlusi.

502 1881 614 1939 Τοῦ
645 1881 855 1947 αὑτοῦ,
878 1884 948 1937 ἐκ
971 1881 1079 1937 τοῦ
1105 1883 1294 1938 αὐτοῦ
1325 1885 1533 1954 λόγου.

292 1976 391 2031 Διά
416 1978 469 2030 τὶ
492 1976 550 2031 δὲ
582 1978 707 2049 περὶ
733 1976 929 2031 πολλοῦ
952 1977 1229 2032 ποιοῦνται
1261 1978 1533 2032 δεικνύναι
1565 1977 1658 2031 τὸν
1686 1978 1816 2048 Χρι-

221 2068 352 2123 στὸν
384 2068 589 2141 ἄψυχον
631 2068 978 2141 ἀνειληφέναι
1023 2068 1204 2138 σῶμα,
1228 2069 1452 2139 γεώδεις
1488 2070 1815 2133 πλάττοντες

216 2164 469 2229 ἀπάταςς
492 2164 627 2228 Ἵνα,
646 2165 695 2216 εί
717 2161 993 2235 δυνηθεῖεν
1016 2161 1338 2235 ὑποφθεψαι
1362 2163 1532 2227 τινάς,
1550 2161 1703 2216 ταῦθ’
1723 2161 1817 2217 οὖν

214 2273 326 2320 τως
347 2254 492 2327 ἔχειν
519 2254 813 2327 ὁρίζεσθαι,
834 2255 1133 2327 τηνικαῦτα
1148 2254 1247 2320 τὰς
1265 2255 1375 2309 τῶν
1392 2255 1578 2310 παθῶν
1594 2252 1814 2309 ἀλλοιώ-

219 2365 336 2412 σεις
366 2347 445 2419 τῷ
473 2346 601 2419 θείῳ
630 2347 995 2420 περιάψαντες
1032 2348 1331 2419 Πνεύματι,
1358 2347 1555 2420 ῥᾳδίως
1578 2346 1808 2401 ἀναπεί-

219 2453 391 2490 σωσιν
410 2438 626 2501 αὐτοὺς,
653 2436 728 2495 ὡς
742 2438 844 2492 οὐκ
865 2437 981 2492 ἔστι
999 2439 1060 2493 τὸ
1078 2438 1310 2510 τρεπτδν
1332 2440 1396 2491 ἔκ
1412 2437 1509 2509 τῆς
1536 2437 1807 2507 ὰτρὲπτου

219 2525 440 2597 φύσεως
463 2528 745 2601 γεννηθέν.

2318 1877 2600 1950 Ejusdem,
2631 1891 2699 1931 ex
2724 1854 3089 1930 eodemolibro.

1981 1973 2091 2030 Cur
2154 1980 2337 2029 autem
2384 1970 2567 2043 magni
2605 1968 2816 2023 iaciunt
2865 1965 3155 2023 ostendere
3202 1962 3486 2020 Christum

1913 2080 2116 2136 corpus
2149 2064 2455 2119 inanimum
2482 2059 3071 2131 suscepisserterreas
3099 2054 3323 2111 fraudes
3353 2068 3491 2109 con-

1915 2155 2219 2228 ﬁngentes?
2262 2151 2333 2210 Ut
2380 2153 2428 2208 si
2458 2151 2673 2223 possint
2713 2149 2926 2220 aliquos
2954 2159 3343 2216 corrumpere,
3393 2141 3490 2214 qui

1911 2251 2026 2306 haec
2054 2250 2130 2305 ita
2161 2262 2222 2305 se
2246 2246 2449 2302 habere
2476 2243 2776 2310 definiunt;
2816 2249 2950 2296 tunc
2988 2239 3340 2295 aﬂ'ectionum
3366 2250 3491 2290 mu-

1909 2343 2143 2397 tationes
2201 2339 2388 2395 divino
2444 2339 2752 2393 tribuentes
2821 2332 3081 2406 Spiritui,
3142 2331 3302 2386 facile
3351 2328 3488 2400 ipsis

1910 2431 2308 2504 persuadeant,
2355 2428 2504 2501 quod
2544 2427 2808 2483 mutabile
2858 2433 2982 2491 est,
3037 2438 3107 2482 ex
3158 2419 3486 2477 immutabili

1907 2534 2111 2581 natura
2132 2524 2375 2595 genitum
2407 2537 2517 2577 non
2549 2536 2692 2578 esse.

220 2638 304 2696 Es
345 2641 610 2699 Eustratii
651 2643 944 2717 presbyteri
981 2644 1096 2703 ΟΡ.
1120 2645 1256 2701 libro
1297 2644 1549 2702 adversus
1592 2660 1678 2698 eos
1695 2643 1791 2725 qui.
1822 2641 2268 2767 dictant,ia9nimas
2288 2638 2471 2694 statim
2503 2647 2659 2709 atque
2692 2653 2719 2691 e
2746 2651 2964 2705 corpore
2995 2633 3183 2690 soluto:
3206 2637 3357 2696 sunt,
3381 2643 3488 2683 non

1582 2730 1791 2767 oneror:
1827 2731 1845 2767 :
1876 2728 1997 2767 can.
2114 2750 2129 2764 .

1582 2730 1791 2783 operor:
1827 2731 1845 2767 :
1876 2728 1997 2784 cap.
2041 2728 2129 2767 tu.

1127 2838 1288 2911 Apud
1313 2838 1571 2893 Allatium
1620 2836 1693 2891 De
1735 2835 2065 2907 purgatorio,
2099 2848 2260 2906 pagg.
2289 2830 2558 2887 497-500.

288 2948 673 3020 Εὐρίσκομεν
695 2950 764 3006 δὲ
793 2950 893 3006 καὶ
919 2952 1275 3018 Εὐστόθιον,
1310 2954 1419 3009 τὸν
1467 2954 1810 3009 ἐπίσκοπον

227 3038 586 3110 Ἀντιοχείας
608 3041 717 3111 τῆς
742 3044 964 3113 Συρίας
984 3045 1085 3099 καὶ
1109 3046 1511 3117 ὀμολογητὴν,
1549 3048 1809 3116 λέγοντα

1987 2952 2288 3022 Reperimus
2323 2957 2580 3019 praetereo
2613 2945 2956 3002 Eustathium
2983 2944 3277 3037 Antiochia?
3312 2942 3486 3015 Syria

1913 3048 2218 3116 episcopum
2260 3055 2313 3099 et
2356 3041 2737 3112 confessorem,
2779 3038 3036 3113 Patnbus
3093 3040 3212 3111 jam
3253 3036 3487 3094 laudatis

211 3132 290 3186 ἐγ
313 3132 395 3199 τῷ
420 3135 559 3203 Περὶ
582 3132 790 3205 ψυχῆς
812 3135 912 3190 καί
936 3136 1087 3191 κατὰ
1114 3136 1431 3206 Ἀρειανῶν
1453 3138 1635 3208 λόγῳ,
1659 3152 1809 3192 συν-

1918 3153 2145 3192 eonsona
2165 3134 2389 3191 scribere
2411 3135 2465 3189 in
2493 3132 2628 3188 libro
2647 3134 2731 3190 De
2749 3133 2933 3186 anima
2961 3140 3010 3185 et
3032 3140 3218 3186 contra
3231 3130 3271 3184 A
3284 3130 3477 3184 rionos.

212 3221 346 3287 φδὰ
397 3223 522 3289 τοῖς
584 3225 1047 3294 προειρτυιένοιςς
1078 3226 1369 3296 Πατράσι.
1433 3226 1505 3281 Σύ
1513 3245 1706 3300 μφωνα
1750 3228 1810 3283 δὲ

212 3312 428 3379 τούτοις
456 3316 667 3384 διεξιὼν
695 3320 724 3372 ὁ
748 3319 912 3383 αὐτὸς
958 3319 1223 3393 Ἱερεμίας
1244 3322 1544 3392 εἰσηγεῖται
1583 3319 1685 3384 τάς
1712 3320 1806 3375 τοῦ

215 3406 356 3462 Θεοῦ
404 3408 819 3481 διακονούμενος
872 3412 1077 3482 φωνὰς,
1133 3412 1202 3466 δι’
1242 3406 1319 3467 ὧν
1362 3412 1666 3480 δείκνυσιν,
1722 3413 1807 3467 ὅτι

218 3501 361 3571 μήτε
387 3500 487 3565 τὰς
530 3500 636 3556 τῶν
672 3501 895 3558 δικαίων
921 3504 1203 3578 προσίεται
1243 3505 1557 3577 πρεσϐείας,
1603 3507 1653 3560 εί
1685 3506 1808 3577 βου-

213 3589 434 3665 ληθεῖεν
467 3594 576 3648 τῶν
609 3596 911 3666 μιαιφόνων
939 3600 1098 3669 χάριν
1119 3597 1365 3664 ἀξιῶσαι.
1397 3599 1509 3653 Καὶ
1539 3595 1660 3652 εἷπε
1694 3598 1807 3652 Κύ-

216 3699 338 3755 ριος
358 3685 494 3757 πρὸς
527 3685 595 3756 μὲ
622 3686 797 3755 λέγων
815 3703 829 3717 ο
874 3688 1001 3742 Ἐάν
1031 3691 1129 3761 στῇ
1171 3689 1403 3761 Μωῡσῆς
1429 3691 1525 3744 καὶ
1552 3688 1805 3761 Σαμουὴλ

216 3775 329 3847 πρὸ
353 3776 650 3848 προσώπου
692 3796 818 3851 μου,
852 3779 953 3833 οὐκ
999 3778 1198 3849 ἔστινὴ
1230 3779 1375 3853 ψυχή
1402 3800 1503 3853 μου
1545 3782 1683 3851 πρὸς
1708 3783 1819 3855 ab:

212 3865 365 3932 τούς.
391 3867 729 3935 Δεδήλωται
757 3870 916 3939 παρὰ
939 3869 1015 3939 τῇ
1031 3870 1160 3938 θείᾳ
1180 3871 1415 3942 Γραφῇ,
1439 3856 1527 3927 δτὶ
1543 3871 1804 3943 Μωΰσῆς

214 3959 317 4014 καί
361 3959 645 4029 Σαμουὴλ
688 3960 1017 4017 ἀπέθανον·
1049 3960 1177 4028 πῶς
1204 3957 1321 4017 οὖν
1355 3962 1456 4017 καί
1495 3964 1648 4033 ὑπὲρ
1684 3963 1805 4018 τῶν

211 4048 482 4115 ἀναξίων
522 4052 986 4119 πρεσϐεύουσιν,
1032 4053 1085 4107 εί
1114 4052 1243 4107 καθ’
1288 4050 1446 4122 ὑμᾶς
1490 4056 1603 4108 οὐκ
1640 4054 1803 4122 ἐνερ-

212 4139 434 4210 γοῦσιν
465 4140 612 4213 (Ξο);
646 4142 756 4197 Καὶ
782 4142 1047 4212 ἐπιφέρει
1073 4143 1261 4199 πάλιν
1292 4147 1325 4197 ὁ
1361 4145 1545 4212 αὐτὸς
1575 4144 1801 4214 Πατὴρ,

215 4231 318 4285 καί
338 4233 550 4301 φησιν·
586 4233 650 4286 Εί
674 4233 731 4287 δὲ
759 4234 847 4289 διὰ
868 4233 970 4305 τῆς
994 4233 1088 4287 τοῦ
1108 4234 1348 4308 Χριστοῦ
1375 4236 1699 4305 ἐπιφανείας
1718 4238 1799 4299 εἰς

212 4322 310 4376 τὸν
371 4323 697 4394 παράδεισον
762 4326 822 4380 τὺ
878 4325 991 4380 τῶν
1058 4326 1360 4400 ἀνθρώπων
1438 4329 1646 4396 εἰσάγει
1705 4327 1801 4397 γέ-

1909 3228 2219 3286 Concordia
2265 3226 2352 3282 his
2381 3238 2727 3297 prosequens
2748 3222 2889 3279 idem
2917 3221 3188 3278 Jenemias
3208 3260 3224 3285 ,
3256 3221 3486 3276 vocibus

1909 3320 2006 3379 Dei
2058 3319 2371 3377 asserviens
2431 3317 2714 3380 insinuat,
2785 3315 2986 3385 quibus
3055 3321 3486 3379 commonstrat,

1908 3429 2087 3484 neque
2111 3413 2386 3483 iustorum
2419 3406 2847 3479 supplicationes
2885 3413 3143 3475 acceptas
3174 3420 3233 3459 se
3258 3403 3487 3468 habere,

1909 3504 1956 3561 si
1991 3505 2162 3558 velint
2203 3501 2280 3555 illi
2312 3508 2533 3572 propter
2565 3497 2871 3553 homicidas
2903 3510 3094 3565 preces
3136 3492 3383 3548 fundere.
3420 3489 3489 3547 Et

1907 3594 2045 3649 dixit
2071 3593 2336 3648 Dominus
2364 3591 2433 3645 ad
2466 3604 2573 3655 me,
2599 3589 2797 3644 dicens
2826 3586 2872 3619 ⁸⁸
2900 3603 2918 3639 :
2951 3585 3010 3639 Si
3040 3585 3251 3641 steterit
3274 3584 3471 3655 Moyset

1907 3693 1962 3741 et
1995 3683 2215 3740 Samuel
2252 3692 2379 3738 ante
2408 3680 2603 3735 faciem
2632 3692 2808 3732 meam
2831 3717 2847 3743 ,
2889 3692 2998 3732 non
3035 3685 3119 3733 est
3148 3676 3331 3732 anima
3367 3690 3489 3731 mea

1907 3793 2039 3848 erga
2076 3776 2247 3846 ipsos.
2299 3773 2366 3828 In
2399 3773 2593 3828 divinis
2635 3771 2827 3826 litteris
2869 3770 3143 3824 indicatur
3177 3768 3395 3840 Moysen
3437 3779 3488 3823 et

1908 3866 2205 3923 Samuelem
2226 3866 2334 3921 vita
2359 3881 2473 3920 esse
2502 3862 2774 3932 defunctos
2800 3900 2816 3927 ,
2847 3861 3107 3931 quomodo
3137 3876 3258 3932 ergo
3285 3876 3382 3930 pro
3419 3860 3485 3913 iis

1904 3960 1997 4031 qui
2024 3961 2240 4013 minime
2275 3957 2439 4029 digni.
2457 3964 2579 4010 sunt
2606 3997 2620 4021 ,
2661 3964 2816 4008 orant
2841 3994 2855 4013 .
2894 3955 2940 4008 si
2969 3969 3060 4023 per
3090 3970 3179 4009 vos
3216 3969 3321 4007 non
3364 3968 3489 4023 ope-

1905 4058 2134 4107 rantur?
2164 4052 2325 4105 Hisce
2349 4060 2607 4119 prwtcrea
2649 4047 2787 4101 idem
2814 4043 2979 4100 Pa'er
3015 4045 3246 4100 adnectit
3281 4053 3331 4100 et
3369 4061 3486 4116 qua:

1906 4154 2231 4217 sequuntur:
2265 4141 2324 4197 Si
2346 4143 2564 4212 itaque,
2596 4147 2888 4212 postquam
2916 4138 3173 4196 Christus
3196 4134 3483 4209 apparuit,

1904 4240 1961 4296 in
2020 4238 2336 4310 paradisum
2394 4251 2570 4307 genus
2616 4235 2915 4290 humanum
2962 4232 3300 4300 introducit;
3359 4247 3485 4287 cum

1902 4346 2035 4386 vero
2065 4329 2217 4385 cruci
2247 4328 2449 4383 aliisue
2473 4334 2557 4383 est
2582 4368 2597 4393 ,
2635 4327 2907 4381 latronem
2940 4325 3123 4380 statim
3154 4323 3345 4380 eodem
3398 4321 3488 4380 die

212 4431 327 4479 νος,
379 4416 615 4489 ὁπηνίκα
646 4417 702 4472 δὲ
733 4418 1079 4491 ἐσταυρώθη,
1123 4418 1216 4472 τὸν
1261 4418 1463 4493 λῃστὴν
1491 4418 1800 4492 αὑθήμερον

1918 4438 1961 4474 ιη
1993 4421 2144 4474 illum
2170 4419 2611 4474 introducturum
2642 4433 2702 4473 se
2725 4416 3016 4489 promisit,
3048 4430 3279 4485 corpore
3306 4414 3487 4470 adimo

1970 4524 1981 4531 .
2006 4528 2039 4531 κ,
2085 4529 2099 4531 _
2120 4512 2386 4531 -,___I-U_____
2424 4510 2665 4531 !___-l-_.-
2686 4527 2698 4531 _
2732 4517 2936 4531 --_-s-n
2963 4508 3025 4531 -I,
3056 4508 3234 4531 -.-2---.ι
3256 4506 3457 4531 ρι...ι-.ε

211 4508 454 4575 εἰσάξειν
479 4507 665 4563 αὐτόθι
708 4511 1134 4583 προηγόρευσεν,
1171 4510 1265 4565 τοῦ
1308 4511 1559 4582 σώματος
1586 4511 1667 4564 ἔτι
1709 4512 1799 4582 βε-

1918 4524 2050 4569 ηηιισ
2080 4512 2390 4583 sepulcrum
2424 4510 2699 4564 involuto:
2726 4517 2940 4565 constat
2962 4508 3030 4562 ab
3055 4508 3237 4562 anima
3256 4506 3482 4568 Christi,

212 4598 487 4670 ϐλημένου
531 4600 609 4672 τῷ
646 4604 907 4675 μνήματι,
958 4602 1308 4674 συνέστηκεν,
1360 4603 1443 4657 ὅτι
1492 4602 1803 4657 συνδιαιτω-

1918 4621 2027 4677 quas
2060 4604 2280 4676 proprie
2307 4619 2430 4657 cum
2466 4601 2576 4657 Deo
2615 4610 2669 4657 et
2694 4600 2877 4655 Verbo
2916 4616 3007 4655 res
3037 4613 3229 4655 omnes
3269 4605 3486 4655 creatas

216 4688 357 4761 μένη
386 4691 590 4763 κυρίως
616 4693 649 4764 ὴ
683 4692 825 4765 ψυχὴ
854 4692 947 4747 τοῦ
983 4693 1216 4766 Χριστοῦ
1245 4692 1324 4764 τῷ
1353 4693 1511 4764 Λόγῳ
1545 4696 1638 4748 καὶ
1662 4696 1801 4767 Θεῷ,

1918 4702 1961 4752 in
1991 4712 2050 4752 se
2083 4697 2401 4751 continente
2441 4701 2837 4758 commoratur,
2876 4703 3070 4747 natura
3105 4692 3210 4749 sibi
3249 4691 3485 4749 similem

210 4782 291 4853 τῷ
325 4783 505 4836 πᾶσαν
549 4783 686 4854 ὁμοῦ
719 4785 816 4857 τὴν
848 4785 958 4838 τῶν
988 4784 1233 4857 γενητῶν
1261 4785 1568 4858 περιέχοντι
1603 4788 1802 4853 κτίσιν,

1918 4790 2146 4846 hominis
2170 4790 2408 4843 animam
2449 4788 2506 4842 in
2536 4785 2854 4858 paradisum
2888 4785 3103 4839 illatam‘
3140 4781 3484 4840 fuisse.‘Non

206 4873 311 4947 τὴν
336 4877 572 4947 ὁμογενῆ
602 4875 698 4930 τοῦ
728 4876 1016 4950 ἀνθρώπου
1046 4877 1223 4949 ψυχὴν
1251 4880 1331 4943 είς
1358 4877 1452 4932 τὸν
1478 4878 1809 4951 παράδεισον

1918 4882 2053 4937 enim
2083 4881 2350 4951 scriptum
2381 4885 2504 4942 est,
2549 4887 2677 4933 ante
2736 4878 2914 4933 sancti
2941 4874 3193 4946 corporis
3232 4890 3486 4932 resurre-

207 4969 524 5040 εἰσήγαγεν.
556 4970 692 5023 osos
716 4969 824 5039 γάρ
850 4972 997 5025 ἐστιν
1019 4970 1427 5042 γεγραμμένον,
1453 4971 1535 5024 ὅτι
1563 4969 1669 5044 πρὸ
1699 4970 1800 5042 τῆς

1918 4972 2140 5026 :tionem
2172 4985 2374 5040 corpus
2404 4970 2634 5024 latronis
2659 4970 2714 5024 in
2742 4969 2907 5023 vitam
2955 4975 3309 5034 revocatum,
3357 4983 3487 5039 pro—

208 5060 562 5126 ἀναστάσεως
588 5062 681 5116 τοῦ
706 5063 862 5132 ἁγίου
908 5061 1159 5135 σώματος
1188 5063 1250 5117 τὸ
1269 5063 1361 5117 τοῦ
1390 5064 1588 5136 λῃστοῦ
1628 5082 1801 5137 προησ-

1918 5064 2059 5120 nissi
2084 5079 2312 5135 compos
2341 5065 2541 5117 factum
2576 5062 2767 5118 fuisse.
2803 5062 3164 5133 Consequens
3201 5075 3333 5133 ergo
3365 5063 3486 5116 lue-

210 5151 385 5224 γέρθη
434 5155 592 5226 σῶμα
622 5155 722 5227 τὴν
768 5157 1100 5226 ἐπαγγελίαν
1144 5156 1436 5213 ἀπολαϐόν.
1479 5156 1798 5211 Ἀκόλουθον

1918 5159 1973 5212 ’ἱι
1997 5197 2014 5221 ,
2068 5158 2115 5213 si
2149 5167 2440 5213 cauterem
2470 5156 2776 5226 intelligere
2817 5156 3113 5219 volumus,
3158 5155 3398 5208 animam
3452 5169 3482 5205 a

204 5245 322 5317 ἄρα
360 5247 508 5300 ἐστὶν
552 5247 956 5320 ὑπολαμϐάνειν
1002 5248 1315 5320 ἐμφρόνως,
1342 5251 1424 5303 ὅτι
1451 5251 1487 5320 ἡ
1529 5247 1676 5321 ψυχὴ
1697 5249 1798 5321 τὴν

1918 5260 2132 5321 :ognata
2165 5249 2270 5305 sibi
2314 5249 2533 5312 anima,
2579 5254 2840 5317 tanquam
2885 5259 3008 5317 quae
3054 5243 3267 5316 majore
3291 5253 3483 5299 auctos

280 5427 393 5503 (ΞΟ)
414 5431 488 5503 ει
516 5433 647 5486 καθ’
668 5428 982 5503 ὐμᾷςίούθε
1005 5433 1201 5503 ἐνερτ.
1238 5430 1501 5503 sane
1539 5431 1790 5503 Allatius.

1918 5446 1999 5484 mn
2030 5431 2106 5484 ita
2131 5438 2188 5483 ut
2221 5428 2454 5503 nos_(qui
2477 5429 2724 5503 vivimus)
2766 5427 3094 5503 operantur)
3113 5424 3288 5494 Quam
3318 5426 3480 5503 equi-

207 5498 497 5574 Fabricius
543 5498 725 5574 tamen
766 5502 906 5574 Bibl.
940 5501 1031 5557 Gr.
1068 5498 1202 5558 ιὸιὶι.
1237 5501 1372 5565 Vill,
1406 5517 1527 5574 pag.
1550 5502 1683 5574 7186,
1709 5503 1788 5574 Ιςτ
1893 5502 2018 5574 dem
2061 5498 2498 5559 emendatioiiem
2543 5500 2767 5558 minime
2795 5499 3164 5557 necessariam
3193 5498 3480 5555 existima-

185 5572 447 5651 ,gendum
471 5573 665 5627 statuit
691 5571 810 5626 καθ’
838 5574 1004 5645 ἡμᾶς,
1038 5583 1206 5646 atque
1237 5574 1311 5631 ita
1334 5570 1694 5630 vei-tendum:
1727 5570 1788 5628 Si
1891 5571 2017 5628 rim.

317 5723 363 5757 ⁸³
401 5722 603 5781 larem.
637 5744 730 5794 xv,
754 5729 802 5786 l.
