3850 6160
238 292 350 354 693
1624 289 2072 348 FRAGMENTA.
3393 287 3509 355 σιμ

1032 393 1035 395 ’
1156 409 1234 466 Ex
1264 426 1368 464 LIB.
1407 409 1539 465 Vlll.
1568 441 1638 451 -—
1662 410 1814 480 Apud
1843 410 2082 466 eumdem
2111 407 2424 464 Facundum
2457 408 2497 466 ι.
2530 425 2581 464 c.

318 526 427 593 Qui
459 526 821 599 (Eustathius)
854 536 1038 582 octavo
1069 545 1271 598 quoque
1300 527 1437 582 libro
1472 528 1548 581 sic
1580 528 1657 580 ait
1691 544 1709 581 :
1747 527 2242 599 Contemplandum
2267 535 2448 582 autem
2488 530 2763 598 quomodo
2800 529 3029 600 loquens
3068 526 3178 583 Deo
3206 535 3261 583 et
3287 526 3496 592 dicens.

246 620 313 674 Et
347 621 582 675 civitates
605 621 922 676 destruxisti
955 623 1024 689 9‘,
1058 639 1252 678 rursus
1287 625 1518 678 alterum
1555 623 1856 677 introducit
1887 623 2178 677 Dominum
2236 621 2503 686 inferens,
2540 621 2607 676 Et
2645 622 2903 678 Dominus
2933 624 2987 677 in
3017 632 3269 677 wternum
3301 633 3496 677 manet.

241 713 470 769 Paravit
500 716 553 769 in
572 714 781 783 judicio
804 714 979 770 sedem
1003 732 1156 769 suam
1187 717 1254 772 π.
1287 716 1732 772 Manifestissimc
1762 717 1906 773 enim
1939 717 2032 770 alii
2065 716 2131 771 de
2163 718 2270 772 alio
2295 718 2526 787 loquens
2563 724 2790 787 apparet
2828 735 2840 771 :
2898 715 3226 786 signiﬁcavit
3253 717 3382 785 quia
3414 716 3502 785 ju-

242 807 347 863 dcx
372 817 476 870 est.
509 813 602 880 qui
632 811 960 881 praeparavit
994 812 1042 866 ei
1079 813 1263 867 sedem
1299 823 1556 882 tanquam
1605 813 1760 882 prius
1790 829 1900 867 non
1928 812 2150 867 habenti
2182 812 2328 866 hunc
2354 813 2616 866 honorem
2650 829 2664 866 :
2696 811 2775 866 sic
2807 811 3096 866 videbatur
3127 812 3274 882 loqui
3303 831 3316 865 :
3343 814 3502 881 quasi

243 918 344 974 per
374 904 577 974 figuras
607 904 756 960 enim
785 905 1067 962 indicabat
1099 923 1234 976 prop
1277 907 1473 969 eticas,
1510 908 1767 977 quoniam
1796 908 1962 962 homo
1987 922 2053 960 ex
2086 905 2596 975 membrisjustititc
2626 906 2891 975 templum
2926 903 3182 961 decenter
3215 905 3413 965 factus.
3447 915 3502 960 et

243 997 624 1054 sacratissimo
651 999 909 1056 habitans
942 999 1151 1066 Verbo;
1187 1000 1409 1054 virtutis
1446 999 1558 1070 (9.5)
1587 1001 1816 1070 adeptus
1840 1008 1923 1054 est
1953 1006 2276 1071 perpetuum
2303 999 2524 1053 solium.

320 1087 459 1143 Item
486 1091 539 1143 in
563 1091 745 1145 eodem
779 1091 916 1147 libro
941 1109 958 1145 :
987 1091 1104 1146 Non
1137 1093 1306 1155 enim,
1346 1094 1444 1154 ait,
1478 1093 1571 1163 qui
1605 1094 1754 1160 regni
1786 1092 1970 1147 sedem
2007 1092 2191 1157 habet,
2221 1091 2447 1145 alteram
2473 1090 2574 1145 sibi
2609 1097 2839 1159 apparat
2867 1095 3103 1156 sortem;
3136 1089 3230 1144 sed
3266 1091 3353 1143 cui
3393 1105 3501 1142 non

243 1176 399 1233 adest
430 1179 578 1234 sedis
603 1181 868 1250 potentia.
901 1180 1046 1250 Ergo
1081 1182 1195 1235 lucc
1227 1179 1294 1233 ad
1328 1181 1604 1236 hominem
1631 1181 1838 1234 Christi
1871 1178 2164 1234 manifeste
2195 1180 2516 1248 respiciunt.
2565 1178 2753 1250 Neque
2783 1187 2966 1234 autem
2990 1180 3358 1249 Omnipotemi
3387 1180 3502 1232 haec

239 1272 558 1352 reponenda
589 1280 738 1337 sunt,
771 1273 1054 1342 proprium
1094 1273 1313 1328 habenti
1349 1282 1660 1344 sceptrum:
1694 1289 1870 1344 neque
1912 1271 2094 1328 Verbo
2142 1273 2321 1343 ipsum
2355 1287 2580 1342 regnum
2620 1271 2865 1334 habenti,
2929 1271 3076 1340 quod
3130 1271 3293 1325 etiam
3341 1270 3504 1327 Pater

241 1365 440 1431 habet;
465 1365 561 1420 sed
591 1366 646 1420 in
677 1366 900 1422 Christo
929 1366 1244 1432 dicendum,
1269 1369 1523 1423 Dominus
1553 1370 1609 1423 in
1636 1369 1764 1423 caelo
1786 1368 2104 1438 prwparaeit
2130 1367 2304 1423 sedem
2327 1385 2500 1422 suam.
2523 1366 2655 1421 Nam
2677 1366 2922 1421 omnium
2947 1366 3107 1420 simul
3128 1374 3498 1422 creaturarum

238 1457 553 1514 dominator
584 1467 810 1530 propter
839 1459 1014 1515 divini
1044 1460 1209 1516 Verbi
1244 1462 1708 1518 commistionem.

577 1590 732 1642 ALIA
764 1593 1157 1646 FRAGMENTA
1192 1595 1275 1646 EX
1309 1595 1524 1647 llSDEM
1551 1596 1756 1646 LIBRIS
1779 1593 2114 1646 ADVERSUS
2141 1591 2417 1644 ΔιιιΑΝοε
2446 1591 2808 1642 INDEFINITE
2835 1589 3164 1642 EXCITATA.

322 1718 511 1797 Apud
541 1720 870 1784 Gelasium
901 1725 991 1785 De
1022 1723 1268 1787 duabus
1303 1728 1556 1790 naturis
1588 1729 1655 1788 in
1686 1729 1985 1872 Christlpé’
2011 1730 2176 1792 Bibl.
2210 1730 2340 1792 PP.
2374 1730 2584 1792 Paris.
2625 1728 2800 1804 16%,
2836 1734 2990 1790 tom.
3031 1727 3136 1800 lV,
3179 1733 3335 1804 part.
3371 1745 3412 1802 ι,

1712 1827 1854 1872 mw.
1967 1831 2024 1872 ψ.
3175 1852 3179 1856 ν

1703 1827 1854 1888 pag.
1887 1827 2024 1874 42a.
3175 1852 3179 1856 ν

988 1949 1258 2006 Eustutltii
1281 1953 1511 2022 episcopi
1545 1951 1856 2006 Amice/teni
1885 1952 2232 2022 confessoris,
2263 1961 2455 2008 contra
2488 1953 2749 2007 Arianos.

311 2033 655 2108 Quapropter
683 2055 958 2111 congruas
989 2046 1221 2101 virtutes
1249 2053 1303 2100 et
1334 2047 1760 2116 gnbernationes
1785 2049 2026 2116 gentium
2053 2055 2106 2100 et
2139 2047 2487 2116 populorum,
2517 2051 2571 2100 et
2603 2045 2889 2098 mistarum
2932 2040 3194 2111 plebium,
3229 2047 3282 2095 ct
3318 2056 3498 2095 rerum

239 2126 628 2184 universarum
661 2133 950 2204 imperium
977 2139 1140 2192 homo
1171 2141 1508 2210 percipiebat
1537 2141 1744 2198 Christi
1773 2145 1976 2212 palam,
2007 2152 2062 2198 et
2093 2143 2186 2214 qui
2216 2142 2477 2210 sapientia
2512 2149 2561 2195 et
2597 2147 2755 2194 (etate
2797 2137 3076 2207 gratiaque
3101 2136 3332 2205 proﬁcit,
3357 2135 3500 2191 sicut

241 2217 527 2290 Evangelii
553 2224 748 2281 litterae
779 2228 826 2261 "
861 2229 1064 2287 docent
1093 2235 1524 2304 particulariter.

1412 2333 1668 2404 Ejusdem
1696 2347 1883 2391 contra
1912 2355 2107 2392 eos.—
2130 2335 2356 2392 Ibidem.

317 2414 384 2468 Et
417 2414 612 2504 iterum
637 2434 761 2474 cum
790 2421 997 2477 dicitur
1023 2423 1183 2481 Jesus
1211 2429 1381 2484 sciens
1409 2432 1534 2501 quia
1564 2436 1742 2487 omnia
1772 2435 1916 2489 dedit
1942 2437 1989 2490 ei
2021 2433 2184 2489 Pater
2216 2435 2273 2488 in
2298 2449 2486 2487 manus
2514 2434 2586 2500 ⁸⁷,
2615 2439 2781 2504 atque
2813 2441 2872 2488 ut
2916 2435 2990 2488 ita
3033 2429 3362 2492 introducit;
3400 2428 3499 2481 ho-

244 2505 414 2599 minis
444 2500 770 2578 potestatem
800 2512 1043 2568 declarat
1073 2535 1086 2570 :
1120 2534 1242 2588 quae
1271 2524 1546 2590 quomodo
1567 2525 1757 2579 aeterni
1790 2542 2015 2582 sumens
2042 2537 2316 2599 sceptrum
2341 2526 2580 2596 imperii,
2611 2526 2856 2581 omnium
2888 2525 3113 2580 haberet
3144 2523 3497 2578 counuissum

237 2598 534 2671 judicium.
1729 2676 1736 2684 .

1403 2703 1654 2775 Ejusdem
1675 2719 1861 2762 eontra
1895 2725 2002 2764 eos.
2021 2741 2092 2751 —
2109 2707 2336 2764 Ibidem.

323 2784 383 2840 Si
417 2789 562 2841 enim
589 2789 644 2842 in
680 2789 917 2854 Christo,
951 2791 1132 2863 inquit
1163 2795 1230 2860 ",
1273 2795 1546 2865 plenitudo
1575 2799 1874 2855 divinitatis
1907 2803 2210 2870 inhabitat;
2243 2804 2390 2860 aliud
2424 2819 2556 2860 vero
2585 2802 2942 2859 inhabitatum
2969 2800 3026 2854 Si
3054 2814 3186 2854 vero
3223 2794 3496 2852 naturali-

244 2887 335 2934 ter
361 2879 620 2935 diﬂerunt
647 2883 716 2937 ab
745 2885 1061 2951 alterutris,
1097 2904 1276 2961 neque
1299 2893 1490 2947 mortis
1521 2894 1855 2963 passionem,
1892 2911 2069 2967 neque
2096 2899 2202 2953 cibi
2231 2900 2554 2970 appetitum.
2589 2913 2765 2969 neque
2787 2895 3117 2952 desiderium
3150 2892 3492 2963 poculorum,

244 2987 361 3027 non
396 2987 673 3036 somnum,
703 2990 812 3030 non
845 2979 1150 3047 tristitiam,
1177 2997 1283 3035 non
1320 2982 1715 3054 fatigationem,
1741 3001 1848 3040 non
1882 2987 2247 3060 lacrymarum
2277 2991 2594 3056 effusiones,
2625 3007 2732 3044 non
2775 2989 2938 3043 aliam
2983 2985 3283 3056 quamlibet
3321 2991 3497 3036 mtua-

245 3064 453 3119 tionem
488 3066 813 3134 plenitudini
845 3069 1152 3128 divinitatis
1195 3078 1534 3132 coexsistere
1567 3077 1646 3132 fas
1662 3086 1766 3140 est,
1800 3095 1923 3134 cum
1964 3082 2036 3136 sit
2068 3081 2502 3140 inconvertibilis
2537 3099 2632 3154 per
2660 3091 2934 3138 naturam.
2969 3079 3187 3134 llomini
3227 3091 3356 3132 vero
3383 3075 3496 3129 lucc

246 3159 574 3227 applicanda
601 3170 732 3216 sunt
761 3165 1002 3234 proprie,
1035 3167 1128 3235 qui
1159 3183 1226 3221 ex
1250 3171 1431 3224 anima
1463 3181 1681 3227 constat
1709 3182 1763 3229 et
1792 3190 2026 3245 corpore
2064 3196 2076 3232 :
2114 3180 2368 3248 congruit
2411 3179 2564 3233 enim.
2602 3193 2670 3232 ex
2720 3175 2854 3247 ipsis
2884 3173 3138 3227 humanis
3171 3179 3226 3226 et
3256 3167 3494 3223 innoxiis

244 3253 491 3344 motibus
530 3252 938 3344 demonstrare,
969 3261 1095 3329 quia
1141 3276 1249 3315 non
1286 3263 1628 3334 phantastice
1673 3275 1728 3323 et
1775 3271 2038 3339 putative,
2092 3270 2187 3327 sed
2223 3273 2340 3344 ipsa
2383 3275 2613 3329 veritate
2637 3279 2813 3327 totum
2847 3268 3126 3324 hominem
3161 3265 3385 3321 indutus
3411 3271 3496 3320 est

243 3343 394 3401 Deus
421 3343 658 3414 perfecte
685 3363 998 3406 assumens.

1551 3446 1617 3501 In
1646 3448 1873 3504 eosdem.
1892 3480 1961 3490 —
1985 3451 2206 3508 Ibidem.
3241 3477 3272 3504 ο

319 3529 586 3598 Quocirca
618 3532 765 3587 aliud
790 3532 1009 3603 quidem
1038 3534 1144 3589 erit
1178 3537 1428 3592 mortale.
1475 3540 1623 3595 aliud
1674 3542 1893 3611 quidem
1944 3555 2141 3616 przeter
2172 3547 2275 3601 hoc
2306 3548 2638 3603 immortale.
2669 3545 3084 3615 Consequenter
3114 3549 3296 3597 autem
3325 3550 3378 3595 et
3401 3537 3495 3591 Ti-

246 3626 472 3680 motheo
504 3629 749 3683 eamdem
775 3629 1027 3684 scribens
1056 3631 1367 3700 epistolam,
1406 3634 1750 3703 prospiciens
1778 3636 1863 3691 dei
1878 3637 2052 3692 ferum
2083 3640 2361 3696 hominem
2387 3639 2758 3712 proclamabat
2801 3639 2847 3672 ⁸⁸
2884 3655 2899 3691 :
2939 3633 3146 3691 Memor
3171 3641 3284 3689 esto
3311 3629 3496 3686 Iesum

246 3715 520 3772 Christum
546 3725 898 3778 resurrexisse
926 3741 960 3778 a
993 3727 1214 3780 mortuis
1251 3741 1318 3780 ea:
1345 3729 1540 3782 semine
1574 3730 1764 3796 David,
1789 3732 2077 3786 secundum
2111 3733 2457 3807 Evangelium
2498 3751 2690 3790 meum.

1487 3843 1556 3896 Et
1581 3855 1698 3914 post
1724 3861 1914 3914 pauca.
1945 3847 2262 3906 —-lbidem.
3491 3924 3494 3928 ,

322 3924 496 3983 Homo
519 3937 698 3986 autem
731 3930 902 3988 Deum
937 3933 1139 4000 ferens,
1172 3935 1266 4006 qui
1297 3937 1489 3991 mortis
1513 3940 1823 4008 passionem
1859 3950 2055 4011 sponte
2080 3944 2295 3999 censuit
2326 3946 2596 4001 sustinere
2619 3952 2840 4016 propter
2869 3944 3152 4000 hominum
3183 3924 3494 4008 utilitatem,

246 4019 484 4090 palmam
513 4023 731 4094 quidem
767 4036 816 4080 et
835 4029 1174 4091 certaminis,
1199 4037 1258 4083 ut
1286 4030 1360 4083 ita
1386 4030 1678 4086 dicendum
1711 4033 1802 4096 sit,
1841 4033 2129 4103 honorem,
2161 4044 2221 4092 et‘
2239 4047 2564 4108 potestatem
2601 4039 2862 4110 percepit.
2886 4037 2950 4092 Et
2973 4040 3062 4095 ubi
3091 4039 3355 4111 recipitur
3384 4040 3501 4110 glo-

245 4114 354 4179 ria,
382 4132 544 4187 quam
564 4133 907 4191 nequaquam
936 4120 1092 4190 prius
1119 4121 1405 4177 habuerat.

1274 4255 1427 4327 Apud
1459 4259 1709 4315 eumdem
1740 4258 2082 4336 Geuswud.
2120 4277 2327 4336 c.,pag.
2358 4263 2483 4319 429.

1164 4397 1441 4453 Eustathii
1467 4399 1701 4468 episcopi
1730 4397 2069 4469 Antiocheni,
2100 4409 2290 4456 contra
2316 4401 2571 4458 Arianos.

321 4482 486 4550 Deus,
519 4487 712 4558 inquit,
751 4487 988 4545 Verbum
1021 4493 1268 4547 eamdem
1305 4509 1468 4562 quam
1500 4495 1718 4564 genitor
1751 4501 1933 4562 portat
1962 4495 2286 4564 imaginem;
2318 4496 2498 4566 imago
2553 4497 2756 4566 quippe
2806 4502 3080 4552 exsnstens
3122 4495 3322 4550 divinm
3369 4495 3501 4549 sub-

242 4578 466 4633 stantiae
497 4597 512 4634 :
545 4596 736 4636 verum
767 4591 950 4639 autem
971 4583 1094 4654 ejus
1123 4585 1385 4655 templum
1413 4585 1578 4642 homo
1599 4588 1896 4654 exsistens,
1936 4604 2045 4643 non
2077 4589 2224 4646 idem
2250 4591 2395 4660 quod
2419 4590 2604 4662 templi
2631 4588 2935 4644 fabricator
2964 4596 3071 4656 est,
3120 4588 3377 4646 dissimili
3411 4604 3500 4641 or-

244 4677 336 4723 tus
369 4685 435 4724 ex
457 4685 673 4740 genere.

1269 4765 1474 4822 Rursus
1503 4768 1736 4856 ejusdem
1781 4781 1900 4840 post
1939 4787 2130 4841 pauca.
2152 4802 2223 4813 —
2249 4771 2476 4828 Ibidem.

322 4853 428 4909 Sed
455 4854 746 4925 potestatis
774 4856 1117 4926 majestatem
1151 4857 1504 4916 introducere
1537 4853 1751 4925 volens,
1783 4873 1838 4917 et
1867 4865 2046 4933 ipsum
2077 4881 2280 4934 corpus
2315 4865 2706 4920 rnortilicatnm
2749 4866 2838 4923 hic
2868 4865 3066 4922 Filium
3101 4870 3240 4927 dixit
3270 4890 3285 4928 :
3321 4870 3498 4942 ipsum

243 4947 467 5019 quidem
494 4950 848 5007 sublimitatis
875 4967 1074 5007 nomen
1107 4953 1418 5024 imponens,
1445 4953 1498 5006 id
1520 4961 1606 5010 est
1647 4955 1947 5013 habitantis
1968 4958 2022 5012 in
2055 4974 2120 5014 eo
2152 4959 2244 5014 Dei
2279 4959 2611 5015 decibiliter.

1476 5069 1547 5124 Et
1583 5081 1701 5140 post
1733 5089 2016 5143 pauca.—
2043 5071 2266 5130 Ibidem.

320 5155 462 5213 Puto
489 5169 693 5224 autem,
721 5161 911 5230 inquit,
943 5177 1047 5216 nec
1096 5162 1290 5217 insane
1330 5163 1620 5234 quisquam
1655 5173 1710 5221 et
1757 5166 1965 5224 furiose
2001 5169 2374 5226 debacchatus
2433 5170 2636 5226 dixerit
2692 5170 3012 5241 aliquando,
3043 5175 3169 5242 quia
3199 5174 3498 5233 divinitatis

243 5252 532 5324 plenitudo
559 5253 755 5309 mortis
777 5269 938 5324 passa
969 5254 1318 5326 dispendium
1349 5264 1454 5314 est.
1485 5256 1627 5328 Ergo
1654 5261 1947 5316 vesaniunt
1976 5270 2030 5318 et
2061 5263 2407 5319 bacchantur
2453 5273 2509 5320 et
2542 5264 2774 5331 furium,
2824 5271 2881 5320 et
2939 5264 3225 5322 insaniunt
3277 5277 3332 5324 et
3385 5273 3496 5329 suis

243 5347 528 5405 mentibus
558 5359 939 5416 excesserunt,
969 5351 1064 5421 qui
1093 5350 1209 5406 Deo
1241 5348 1421 5407 Verbo
1453 5354 1766 5422 passionem
1797 5356 2076 5426 applicare
2117 5366 2480 5430 praesumunt.

315 5535 362 5567 "
393 5534 549 5589 Pscl.
585 5542 670 5599 ut,
716 5535 766 5590 7.
841 5537 888 5570 "
920 5537 1061 5595 Ibid.
1085 5539 1139 5606 8,
1174 5539 1226 5594 9.
1303 5539 1348 5571 ’δ
1377 5536 1503 5592 Luc.
1533 5553 1593 5601 ιι,
1619 5537 1705 5593 52.
1783 5537 1828 5570 ’⁷
1852 5535 2008 5594 Ιοαη.

1703 5579 1705 5589 ι
1783 5537 1828 5570 ’⁷
1852 5535 2014 5594 Ιοαη.
2049 5559 2168 5608 xm,
2205 5542 2257 5598 3.
2333 5544 2380 5577 "
2414 5541 2622 5601 Coloss.
2657 5561 2716 5610 ιι,
2750 5543 2804 5600 9.
2884 5543 3013 5601 "II
3034 5543 3172 5601 Tim.
3222 5561 3285 5614 tt,
3312 5544 3370 5605 8.

318 5717 432 5790 (23)
473 5717 718 5774 Virtutis.
758 5718 938 5776 Codex
985 5721 1208 5786 Verum,
1250 5721 1459 5795 rio'tqte,
1493 5723 1635 5790 quod
1661 5724 1829 5792 magis
1872 5724 2064 5790 placet.
