3850 6160
500 230 607 289 690

1486 224 1556 291 'S.
1599 233 1974 292 EUSTATIIII
2011 233 2323 292 EPISCOPI
2363 233 2782 291 ASTIOCHENI

3682 237 3789 291 700

573 349 801 404 Elevans
855 368 1052 406 vocem.
1104 351 1561 423 Magnificentiam
1618 366 1789 420 tuam,
1838 355 2085 418 Domine,
2119 361 2165 416 Α
2264 353 2547 410 Sacerdos.
2587 352 2760 407 Etiam
2807 352 3101 407 adventum
3156 364 3309 406 tuum
3361 352 3704 414 salutarem,
3733 364 3783 406 et

500 442 808 513 glorificaut
862 459 1053 501 omnes
1088 445 1322 501 virtutes
1374 447 1620 502 materiae
1663 458 1960 519 expertes;
2013 451 2089 503 leo

500 535 689 603 giones
731 531 1083 590 inﬂammata:
1137 551 1202 592 ex
1263 534 1480 591 ﬂamma
1510 539 1790 608 productas
1824 559 1836 594 :
1871 544 2086 605 agmina

499 623 749 680 ardentia
789 627 1074 681 cherubim
1101 627 1326 684 fortium
1354 648 1368 684 :
1401 636 1598 686 turma:
1623 632 1900 688 terribiles
1926 631 2089 686 Sera-

498 717 647 786 phim
714 724 1068 787 sanctorum;
1121 720 1214 790 qui
1264 729 1550 778 m0ventes
1603 724 1721 780 alas
1773 739 1928 790 suas,
1973 725 2088 780 cla-

497 817 672 874 mant,
710 810 1084 865 vociferantur
1103 817 1158 866 et
1186 811 1398 868 dicunt.

568 898 830 968 Populus.
870 899 1128 965 Sanctus,
1160 911 1410 970 sanctus,
1441 913 1687 961 sanctus.

566 991 830 1047 Sacerdos
868 995 1180 1050 inclinatus.
1218 995 1419 1054 Trinas
1448 997 1911 1055 sanctificationes
1950 999 2086 1058 oﬂ'co

493 1081 668 1136 rimus
699 1083 976 1150 tibi,Deus
1008 1085 1268 1150 Pater,‘et
1298 1089 1582 1160 unigenito
1606 1089 1935 1156 Filiotuo,ct
1958 1090 2083 1163 Spi-

491 1175 620 1228 ritui
650 1182 746 1231 tuo
775 1187 967 1231 sancto
1000 1197 1012 1232 :
1047 1195 1225 1249 neque
1247 1181 1392 1235 enim
1425 1183 1814 1239 mensurabilis
1846 1193 1929 1238 est
1947 1201 2080 1240 san-

490 1269 652 1323 ctitas
689 1277 805 1334 tua,
840 1270 1100 1328 Domine:
1152 1273 1246 1343 qui
1298 1289 1424 1328 cum
1449 1274 1657 1344 indigni
1680 1291 1950 1341 essemus,
1979 1277 2082 1331 mi-

489 1363 610 1418 sisti
669 1362 868 1418 Filium
922 1375 1074 1420 tuum
1112 1367 1166 1420 in
1202 1367 1464 1421 mundum
1498 1384 1598 1439 pro
1643 1369 1820 1424 salute
1849 1382 2074 1426 nostra:

488 1464 757 1524 ortusque
782 1456 944 1510 estin
981 1454 1225 1525 Virgine,
1259 1465 1312 1514 et
1343 1474 1442 1529 per
1473 1468 1702 1516 mortem
1729 1477 1884 1517 suam
1913 1464 2076 1518 vitam

487 1547 746 1616 prrestitit
770 1549 1092 1603 mortalitati
1113 1560 1333 1607 nostrae.

559 1636 785 1690 Elevam
809 1655 1002 1695 vocem.
1034 1637 1136 1705 Qui
1161 1657 1284 1694 cum
1312 1641 1594 1696 voluntate
1624 1658 1744 1709 sua,
1768 1645 1923 1714 quasi
1948 1660 2075 1701 suc-

486 1723 752 1781 cidaneus
780 1742 878 1796 pro
909 1728 1069 1784 nobis
1121 1732 1504 1799 peccatoribus
1543 1733 1694 1786 venit
1723 1734 1791 1787 ad
1819 1742 2071 1802 mortem,
2108 1710 2148 1765 Β

486 1815 698 1882 accepit
725 1831 918 1883 panem
949 1817 1001 1870 in
1041 1833 1238 1875 manus
1267 1836 1398 1875 suas
1431 1830 1674 1885 sanctas,
1705 1822 1746 1894 -Χ-
1775 1824 2072 1890 benedixit,

483 1905 526 1976 ἰ’
560 1908 944 1970 sanetificavit,
984 1909 1025 1981 -ί-
1062 1910 1242 1981 fregit,
1297 1913 1560 1983 deditque
1615 1916 1903 1984 discipulis
1958 1919 2074 1976 suis

485 1999 715 2063 sanctis,
760 2007 813 2053 et
843 2001 981 2055 dixit
1014 2023 1024 2055 :
1063 2004 1312 2074 Accipite
1347 2006 1678 2062 manducate
1711 2025 1777 2062 ex
1813 2024 1878 2063 eo
1912 2029 1925 2064 :
1958 2009 2074 2065 Hoc

484 2097 568 2142 est
585 2105 787 2159 corpus
805 2106 981 2145 meum
998 2092 1132 2164 (i7),
1150 2095 1294 2166 quod
1317 2113 1414 2152 vos
1433 2106 1487 2152 et
1503 2114 1694 2155 omnes
1712 2101 2074 2174 suscipientes

483 2178 614 2231 illud
650 2179 1141 2254 fideles,pr:eparat
1165 2187 1230 2240 ad
1264 2197 1430 2242 vrtam
1463 2198 1749 2246 aeternam.

553 2269 815 2339 Populus.
851 2273 1049 2328 Amen.

554 2361 834 2418 Sacerdos.
875 2364 1140 2422 Similiter
1191 2379 1246 2423 et
1292 2371 1520 2426 calicem
1569 2390 1730 2443 quem
1774 2378 2072 2433 miscuerat

479 2453 609 2506 riuo
639 2466 690 2510 et
715 2472 878 2527 aqua,
911 2457 952 2528 ἰ-
979 2460 1276 2526 benedixit,
1301 2463 1342 2534 -ι-
1373 2467 1760 2531 sanetilicavit,
1783 2469 1823 2540 ἰ-
1845 2480 1898 2524 et
1919 2471 2070 2526 dedit

482 2545 673 2600 iisdem
717 2546 1002 2619 discipulis
1034 2555 1242 2609 sanctis
1277 2563 1332 2609 et
1379 2557 1554 2612 dixit:
1591 2558 1864 2630 Accipite,
1899 2563 2070 2620 bibite

477 2651 543 2688 cx
581 2652 646 2690 eo
678 2654 778 2692 vos
817 2655 1009 2697 omnes
1045 2661 1056 2695 :
1095 2641 1196 2696 Hic
1226 2655 1310 2700 est
1363 2649 1592 2718 sanguis
1627 2666 1784 2706 meus
1823 2653 1919 2723 qui
1969 2671 2068 2712 vos

475 2737 531 2780 θ’.
559 2742 751 2783 omnes
775 2732 1143 2802 suscipientes
1174 2752 1300 2791 eum
1335 2738 1521 2796 ﬂdeles
1558 2752 1831 2812 praeparat
1867 2746 1934 2800 ad
1979 2749 2066 2803 vi-

479 2829 586 2871 tam
619 2829 901 2876 aeternam.

549 2908 812 2978 Populus.
838 2915 1035 2973 Amen.

552 3003 835 3064 Sacerdos.
870 3008 977 3064 Sed
1013 3017 1068 3066 et
1089 3011 1314 3082 quando
1359 3014 1682 3083 mysterium
1726 3019 1873 3074 istud
1918 3023 2065 3078 cele-

477 3094 731 3162 brabitls,
787 3101 930 3170 agite
969 3107 1290 3159 memoriam
1331 3106 1530 3162 mortis
1560 3123 1716 3175 meae,
1763 3110 1940 3168 donec
1971 3132 2066 3171 ve-

477 3202 626 3242 1113111

550 3279 811 3350 Populus.
867 3283 1058 3343 Mortis
1108 3296 1236 3354 tute,
1282 3285 1535 3361 Domine,
1571 3293 1892 3348 memoriam
1944 3297 2063 3369 agi-

478 3385 622 3426 IDUS.

548 3532 661 3611 ($7)
706 3534 926 3611 Hocest
954 3553 1144 3611 corpus
1172 3555 1366 3611 meum.
1398 3538 1457 3596 Id
1475 3539 1638 3596 habet
1664 3542 1944 3611 singulare
1971 3544 2065 3602 illa

475 3605 1282 3684 verb-orum};hristi_formula,
1319 3613 1464 3684 quod
1499 3621 1693 3684 contra
1720 3605 2061 3684 reliquarum

476 3676 720 3754 ouinium
744 3675 940 3741 (ἓνκαὶ,
979 3679 1215 3754 tloptici,
1241 3691 1294 3735 et
1325 3675 1534 3754 Syriaci
1559 3683 1698 3736 ritus
1719 3675 2062 3754 litur'giarum

475 3747 810 3825 caelrnplum,
865 3747 1133 3825 particula
1164 3751 1275 3814 illa,
1309 3747 1450 3821 qaod
1495 3769 1590 3822 pro
1621 3755 1764 3807 vobis
1794 3747 2065 3825 frangitur

474 3823 524 3897 et
549 3815 712 3869 datur
745 3819 799 3870 in
829 3815 1570 3897 remissionempeccatorum,
1603 3815 1876 3897 omittitur
1896 3815 2063 3897 :vquaa

477 3893 660 3964 tamen
699 3904 762 3942 ex
797 3889 1119 3964 rigidiorum
1170 3892 1548 3964 theologorum
1580 3895 1838 3964 opinione
1871 3889 2063 3953 aedes-

477 3956 621 4037 saria
652 3956 875 4037 nonest
898 3961 1076 4037 :unde
1093 3956 1525 4037 praetermittitur
1556 3956 1824 4036 ubiquein
1855 3966 2061 4022 Missali

482 4022 677 4106 iturine
699 4027 865 4106 edito.
922 4022 1440 4106 Seque-ntiaautem
1488 4022 1683 4099 verba:
1718 4039 2058 4106 suscipientes

475 4094 611 4146 illud
637 4097 820 4164 ﬁdeles
848 4094 1116 4177 prceparat
1166 4103 1236 4155 ad
1255 4105 1413 4158 vitam
1438 4094 1713 4170 azternant,
1746 4094 2060 4177 significant

476 4176 884 4246 sacramentum
928 4171 1092 4241 digne
1121 4182 1436 4246 susceptum
1463 4178 1694 4246 gratiam
1719 4171 1970 4234 conferre
1994 4184 2058 4234 fi-

475 4236 789 4311 delibusad
821 4236 1260 4311 consequendam
1287 4236 1758 4300 vitam‘ieternam.

548 4307 662 4378 (28)
693 4307 869 4380 Utper
902 4307 1149 4380 illapsum
1195 4331 1349 4368 suum
1411 4316 1672 4370 exhibeat.
1722 4315 1800 4371 E0
1837 4317 1890 4370 in
1933 4316 2055 4372 loco

474 4377 597 4454 dua:
637 4377 798 4454 voces
817 4377 1155 4454 occurrunt,
1189 4401 1419 4454 quarum
1447 4387 1616 4440 hacin
1641 4390 1892 4441 oratione
1916 4404 2050 4444 usus

473 4448 957 4528 frequentissimus
988 4463 1105 4528 est:
1134 4448 1654 4528 illapsusttmnzttn
1684 4459 2048 4528 ἐπιφοίτησις,

475 4518 867 4596 ξπιᾳκίαςξιςβ
897 4525 1172 4596 verbenae
1230 4518 1374 4596 quod
1437 4528 1637 4596 legitur
1670 4529 1724 4582 iu
1793 4518 2050 4584 \ersioue

477 4587 698 4661 Syriaca
726 4593 887 4649 Luca:
917 4611 953 4656 I,
991 4587 1288 4649 55.'Virtu's
1307 4587 1917 4651 Allissiiniobumbrabil
1938 4600 2051 4661 tibi,

471 4660 832 4742 srvi-iraeadem;
871 4673 923 4718 ut
982 4666 1318 4742 significetur
1347 4669 1582 4742 ‘illapsus
1607 4667 1850 4738 Spiritus
1877 4671 2054 4724 sancti

471 4731 529 4783 in
552 4731 611 4786 B.
653 4731 1072 4809 Virgiuetn,__ad_
1111 4731 1464 4809 formattdmu
1489 4755 1555 4792 ex
1581 4731 1896 4809 ea'corpus,
1927 4755 2053 4792 mox

470 4807 865 4859 assumendum
898 4822 927 4859 a
954 4804 1131 4880 V_erbo
1147 4805 1270 4880 _Dei.
1295 4807 1530 4880 Utenim
1565 4809 1693 4863 alibi
1718 4804 2051 4880 explicatum

469 4881 572 4950 est,
597 4890 661 4928 ea
690 4877 1109 4950 corriparatione
1134 4876 1444 4950 Orientales
1473 4881 1548 4932 uti
1583 4876 1929 4950 potissimum
1961 4895 2052 4933 so-

468 4940 602 5005 lent,
637 4945 703 4998 ad
737 4940 1118 5015 explicandam
1132 4949 1551 5072 {impositorum
1577 4940 1967 5005 elementorum
1995 4952 2051 5004 in

468 5027 670 5072 corpus
703 5026 755 5070 et
781 5018 1101 5072 sanguinem
1155 5019 1338 5072 ‘hristi
1372 5020 1676 5072 mirabilem
1717 5029 2051 5072 transmuta-

467 5027 670 5086 eorpus
703 5026 755 5070 et
781 5018 1101 5086 sanguinem
1132 5018 1338 5073 Christi
1372 5020 1676 5074 mirabilem
1717 5029 2053 5076 transmuta-

467 5083 694 5163 tiouem_.
725 5083 909 5163 Altera
934 5103 1039 5163 vox
1063 5098 1294 5163 esttam:
1308 5105 1402 5163 seu
1433 5089 1622 5144 Grzeca
1644 5091 1902 5163 ᾲναδείξῃ
1929 5108 2052 5158 qua:

466 5159 712 5233 occurrit
741 5159 793 5210 in
825 5157 1046 5233 Syriaca
1074 5157 1264 5214 Jacobi
1287 5161 1526 5233 liturgia,
1549 5168 1602 5215 et
1625 5161 1691 5214 de
1716 5179 1822 5232 qua
1849 5157 2053 5232 pariter

465 5223 672 5301 dictum
705 5236 808 5301 est,
834 5223 1109 5299 certisque
1128 5223 1465 5301 argumentis
1489 5223 1948 5301 demonstratum,
1975 5233 2053 5286 in-

467 5295 815 5372 telligendam
846 5301 995 5372 illam
1020 5295 1326 5365 'esse,'non
1363 5310 1471 5354 tam
1507 5318 1570 5356 ex
1611 5300 1835 5372 Syriaca
1885 5318 2048 5371 quam

464 5378 531 5441 ex
562 5365 746 5441 fit-mea
777 5371 1010 5439 origine,
1049 5375 1119 5423 ita
1146 5365 1669 5441 utnonsimpliciter
1687 5365 2051 5427 demens-(rare

456 5439 518 5490 ,ει
546 5437 845 5518 designare.
870 5437 974 5518 sed
1005 5441 1200 5518 efﬁcere
1231 5451 1286 5496 et
1323 5437 1631 5518 consecrare
1671 5444 1958 5518 significet.

465 5511 984 5582 q'uis_pervicacius
1044 5514 1298 5574 tusistat,
1355 5513 1618 5582 tricisque
1671 5511 2048 5582 grammaticis

466 5577 772 5652 simplicem
819 5590 873 5631 et
905 5589 982 5632 tot
1001 5583 1137 5652 aliis
1187 5583 1424 5652 liturgiis
1465 5577 1780 5652 expressam
1819 5593 2044 5637 senten-

467 5649 598 5723 tiam
627 5659 927 5723 obscurare
959 5651 1190 5723 nitatur,
1235 5668 1299 5723 ex
1325 5649 1600 5723 'sequenti
1640 5655 1896 5716 formula,
1926 5671 2045 5722 qum

468 5711 532 5764 ad
561 5715 784 5770 calicem
819 5716 1077 5786 refertur,
1105 5711 1274 5776 refelli
1306 5711 1502 5793 potest,
1558 5725 1611 5778 in
1648 5741 1752 5795 qua
1787 5711 2041 5790 vox-1'23:

2191 446 2490 501 secundum
2519 446 2670 499 illum
2698 445 3078 501 retributionis
3105 454 3637 504 commemorantes,
3689 445 3784 498 lio-

2187 538 2354 599 mine,
2407 538 2596 593 laudes
2644 554 2768 593 cum
2807 538 3290 608 deprecationibus
3347 539 3637 605 maiestati
3677 549 3784 590 tum

2185 628 2486 691 offerimus,
2522 636 2584 683 ut
2617 629 2671 683 in
2703 629 2792 685 die
2822 630 2916 684 illo
2942 644 3142 700 magno
3172 629 3364 699 judicii
3387 631 3462 682 tui
3485 630 3652 699 justi,
3674 646 3780 682 non

2185 723 2282 788 per
2309 727 2532 788 peccata
2577 727 2767 775 nostra
2823 719 3020 776 fiamus
3061 720 3220 775 cibus
3251 719 3558 774 carbonum
3601 722 3778 790 ignis,

2184 811 2614 882 alimentumque
2646 811 2878 866 ﬂamma:
2902 811 3197 868 terribilis:
3241 828 3351 867 non
3381 813 3782 883 demergamur

2184 903 2238 958 in
2289 918 2440 958 mare
2489 903 2728 969 ardens,
2783 912 2878 959 aut
2923 905 3116 974 iactati
3160 904 3460 958 obruamur
3508 904 3778 959 ﬂuctibus

2183 997 2412 1067 ignium.
2445 997 2562 1053 Non
2598 998 2773 1054 simus
2820 998 3066 1053 heredes
3107 998 3470 1067 suspiriorum
3511 1017 3524 1052 :
3585 1013 3779 1066 neque

2183 1089 2478 1158 gemitibus
2504 1088 2719 1143 acerbis
2749 1088 2975 1143 addicas
3005 1103 3146 1143 nos:
3184 1102 3291 1142 non
3329 1086 3525 1144 fiamus
3557 1088 3779 1141 habita-

2183 1188 2330 1234 tores
2358 1179 2602 1234 locorum
2647 1178 3091 1242 tenebrosorum,
3131 1184 3188 1232 et
3232 1177 3516 1246 regionum
3566 1177 3776 1230 timore

2183 1272 2507 1342 plenarum:
2564 1286 2675 1325 non
2727 1270 2891 1325 alieni
2935 1272 3130 1324 fiamus
3175 1268 3244 1323 ab
3274 1269 3592 1324 haereditate
3657 1278 3770 1328 tua,

2181 1377 2359 1430 neque
2389 1361 2585 1431 privati
2638 1361 3013 1415 familiaritate
3041 1369 3173 1414 tua:
3210 1359 3307 1414 sed
3357 1374 3482 1412 cum
3514 1359 3772 1412 invitatis

2179 1453 2248 1508 ad
2293 1453 2720 1509 recumbendum
2771 1461 2974 1516 tecum,
3007 1459 3064 1506 et
3095 1451 3304 1506 vocatis
3347 1449 3416 1502 ad
3445 1451 3767 1504 convivium

2179 1553 2334 1600 tuum
2358 1546 2631 1616 coniunge
2647 1560 2769 1610 nos,
2799 1552 2855 1601 'et
2883 1545 3174 1616 splendore
3198 1543 3352 1614 regni
3372 1542 3450 1596 tui
3480 1543 3769 1612 impingu:

2181 1655 2302 1694 nos.
2332 1638 2394 1694 Et
2417 1648 2640 1710 propter
2669 1639 2784 1694 haec
2815 1640 3001 1692 omnia
3039 1637 3332 1707 praecipue,
3382 1633 3633 1690 Ecclesia
3673 1642 3765 1686 tua

2178 1737 2232 1782 et
2261 1744 2391 1800 grex
2424 1736 2554 1784 tuus
2583 1728 2912 1798 deprecatur
2955 1738 3030 1793 te,
3059 1735 3117 1783 et
3140 1741 3239 1790 per
3268 1736 3344 1794 te,
3381 1735 3546 1798 atque
3573 1735 3763 1783 tecum

2176 1823 2394 1877 Patrem
2417 1831 2593 1884 tuum,
2618 1822 2829 1878 dicens.

2251 1914 2508 1983 Populus.
2540 1912 2820 1970 Miserere.

2250 2003 2534 2058 Sacerdos.
2570 2003 2681 2059 Nos
2703 2019 2944 2074 quoque.

2247 2095 2507 2164 Populus.
2551 2093 2628 2150 Te
2657 2095 2966 2151 laudamus.

2247 2189 2531 2246 Sacerdos.
2571 2188 2872 2260 Prwcipue.

2246 2284 2540 2338 Diaconus.
2581 2282 2758 2348 Quam
2785 2281 3024 2337 timenda
3054 2292 3136 2338 est
3167 2283 3284 2338 haec
3314 2283 3467 2338 hora.

2245 2374 2506 2431 Sacerdos
2520 2374 2650 2427 dicit
2673 2375 3055 2429 invocationem
3087 2374 3316 2443 Spiritus
3331 2377 3522 2430 sancti.

2244 2467 2676 2522 Misericordiam
2702 2476 2852 2520 tuam
2874 2467 3122 2521 obtestor
3136 2475 3191 2522 et
3213 2468 3499 2537 deprecor,
3522 2467 3753 2524 Domine

2173 2559 2315 2614 Deus
2352 2558 2647 2613 :miserere
2677 2556 2806 2618 mei,
2840 2565 2893 2611 et
2916 2556 3132 2612 effunde
3163 2573 3327 2626 super
3364 2573 3449 2612 me
3487 2567 3541 2612 et
3585 2573 3748 2628 super

2173 2650 2480 2705 oblationes
2525 2649 2660 2703 istas
2709 2649 3060 2719 propositas,
3116 2650 3344 2720 gratiam
3403 2648 3645 2718 Spiritus
3672 2651 3745 2706 tui

2173 2744 2347 2800 sancti
2377 2761 2388 2796 :
2420 2751 2474 2795 et
2515 2739 2720 2794 munda
2751 2757 2836 2794 me
2865 2740 2932 2794 ab
2961 2740 3220 2795 omnibus
3251 2742 3478 2796 maculis
3516 2743 3739 2814 peccati,

2171 2845 2226 2891 et
2255 2835 2506 2889 contorta
2539 2847 2627 2887 me
2657 2833 2725 2888 ad
2763 2832 3130 2888 ministerium
3165 2831 3271 2888 hoc
3303 2848 3502 2903 purum
3537 2841 3596 2889 et
3622 2849 3740 2888 san-

2171 2937 2340 2983 ctum.

2245 3019 2531 3075 Sacerdos.
2569 3016 2782 3072 Exaudi
2803 3033 2912 3081 me,
2936 3015 3184 3072 Domine.

2241 3110 2502 3179 Populus.
2529 3107 2691 3180 Kyrie
2721 3107 2952 3163 eleison.

2239 3203 2524 3258 Sacerdos.
2551 3201 2732 3272 Utper
2756 3201 3009 3269 illapsum
3034 3216 3193 3256 suum
3223 3201 3628 3273 exbibeat(28),
3653 3218 3734 3273 pa-

2167 3312 2292 3352 nem
2320 3296 2542 3366 quidem
2581 3295 2748 3350 istum
2773 3333 2790 3361 ,
2830 3294 2871 3366 ἰ-
2899 3308 3102 3364 corpus
3146 3303 3398 3349 sanctum
3438 3293 3482 3366 ἰ·
3543 3297 3731 3350 Christi

2166 3389 2264 3445 Dei
2293 3388 2469 3444 nostri
2500 3386 2560 3459 1³.

2163 3539 2332 3610 faciat
2362 3544 2679 3610 usurpatur,
2724 3533 3292 3610 signiﬁcationemque
3337 3534 3566 3610 alterius
3597 3535 3729 3590 vocis

2163 3606 2514 3666 determinat.
2547 3606 2694 3659 Idem
2726 3607 2872 3659 enim
2905 3611 3004 3676 pro
3036 3607 3220 3668 misto,
3261 3607 3404 3675 quod
3439 3609 3584 3659 calix
3613 3622 3729 3658 rou—

2164 3683 2321 3742 tinct,
2346 3678 2656 3748 postulatur
2697 3676 3045 3748 miraculum,
3080 3691 3142 3730 ac
3165 3692 3263 3746 pro
3292 3691 3432 3745 pane
3483 3677 3539 3730 in
3585 3676 3726 3728 altari

2162 3746 2455 3820 proposito,
2480 3768 2492 3803 :
2524 3756 2577 3820 et
2605 3747 2650 3801 si
2679 3746 2906 3801 eﬂ'ectus
2944 3762 3054 3820 non
3075 3748 3348 3820 aliusest,
3369 3760 3540 3820 quam
3568 3756 3626 3799 ut
3661 3748 3726 3800 si-

2162 3817 2382 3891 gnificet
2413 3818 2785 3891 designetque
2831 3817 3152 3886 sanguinem
3187 3817 3415 3878 Christi,
3471 3818 3578 3870 alia
3599 3830 3726 3891 uoce

2162 3888 2241 3944 uti
2270 3888 2788 3957 debebanthturgiae
2817 3897 3090 3949 auctores,
3115 3902 3277 3956 quam
3309 3903 3371 3941 ea
3396 3900 3519 3956 qua:
3549 3889 3724 3956 efﬁcere

2161 3962 2451 4032 significat.
2502 3958 2559 4032 Si
2603 3973 2729 4032 vere
2785 3957 3019 4011 eﬂicitur
3058 3973 3268 4032 merum
3311 3973 3450 4032 aqua
3489 3959 3717 4014 mistum,

2160 4028 2386 4100 sanguis
2419 4030 2645 4100 flliristi,
2675 4042 2803 4100 vere
2847 4043 3066 4097 quoque
3097 4029 3255 4096 panis
3282 4028 3513 4082 eﬂicitur
3535 4041 3720 4097 corpus

2158 4098 2387 4157 Christi.
2432 4099 2621 4170 Itaque
2671 4098 2897 4170 dubium
2956 4113 3257 4170 superesse,
3278 4101 3488 4156 nullum
3535 4108 3716 4168 potest.

2157 4174 2289 4242 quin
2324 4169 2554 4240 utraque
2583 4185 2724 4242 vox,
2745 4169 2988 4242 diversa:
3021 4170 3146 4242 licet
3183 4169 3410 4242 originis
3442 4176 3498 4221 et
3529 4179 3718 4242 etymo-

2157 4237 2332 4306 logica.
2365 4237 2554 4296 (·οιΙῖιιιι
2588 4237 2896 4310 significatu
2926 4238 3242 4307 accipienda
3278 4237 3349 4292 sit
3373 4237 3716 4307 :quodctiain

2158 4316 2434 4367 variarum
2473 4309 2702 4366 aliarum
2747 4309 3096 4380 liturgiarum
3149 4323 3456 4364 consensus
3507 4311 3717 4363 demou-

2157 4393 2319 4439 S‘l'al.

2230 4453 2288 4507 lu
2334 4451 2579 4506 Romana
2612 4449 2856 4506 editione
2905 4447 3081 4504 forma
3125 4447 3495 4503 fnvocationis
3527 4448 3714 4516 integra

2155 4525 2345 4578 relicta
2374 4531 2480 4588 est,
2519 4537 2584 4576 eo
2617 4523 2794 4576 solum
2836 4535 2868 4574 a
2897 4520 3183 4573 codicibus
3208 4534 3342 4574 mss.
3386 4519 3710 4576 discrimine,

2155 4597 2299 4665 quod
2329 4595 2384 4648 in
2407 4600 2635 4665 utraque
2667 4591 2913 4665 periodo,
2949 4598 3060 4643 tam
3088 4591 3237 4665 in_ea
3264 4605 3389 4665 quae
3421 4589 3489 4642 ad
3539 4601 3712 4664 panem

2155 4661 2386 4733 spectat.
2423 4678 2586 4732 quam
2621 4662 2676 4715 in
2708 4663 2903 4733 altera,
2947 4675 3069 4733 quia:
3097 4661 3166 4733 ad
3194 4661 3418 4733 calicem
3441 4699 3459 4726 ,
3492 4661 3711 4715 occurrit

2153 4731 2261 4790 vox
2289 4731 2478 4806 eadem
2507 4742 2654 4806 rem.
2687 4738 2771 4786 An
2796 4732 2872 4785 ita
2896 4731 3188 4806 habuerint
3228 4731 3447 4784 codices
3489 4746 3621 4784 mss.
3653 4741 3708 4806 es

2154 4803 2569 4876 quibusgeditio
2592 4805 2736 4856 facta
2765 4809 2889 4876 est._
2905 4802 3090 4876 dicere
3129 4816 3239 4855 non
3293 4816 3589 4876 possumus
3618 4817 3629 4852 :
3665 4794 3708 4847 id

2155 4870 2336 4930 autem
2361 4874 2521 4929 facile
2547 4873 2823 4944 fuit.cum
2857 4871 2979 4944 Syri
3003 4879 3235 4944 utraque
3259 4870 3702 4944 veceindiﬂeneu-

2153 4954 2240 5002 ter
2262 4946 2338 5000 uti
2369 4946 2600 5000 soleant.
2651 4943 2851 4999 Verum
2884 4941 2929 4999 si
2965 4941 3183 5014 quidem
3217 4941 3568 5014 emendanda:
3608 4941 3704 5014 [υθέ

2155 5027 2287 5071 runt
2314 5017 2370 5070 in
2401 5016 2538 5070 locis
2564 5014 2687 5070 aliis
2713 5011 3081 5069 fnvocationis
3125 5012 3391 5075 formulae,
3422 5011 3477 5064 in
3510 5014 3630 5071 ista,
3655 5012 3703 5059 ut

2156 5088 2212 5142 iu
2240 5087 2431 5142 Jacobi
2476 5085 2721 5159 _l_it_urgia,
2764 5085 2905 5159 idem
2949 5092 3069 5138 erat
3101 5083 3504 5159 observandum
3541 5100 3554 5136 :
3594 5090 3696 5159 nam

2153 5167 2412 5214 constare
2443 5156 2548 5212 sibi
2572 5155 2770 5210 debent
2810 5155 2864 5208 in
2894 5170 2952 5208 re
2987 5162 3096 5206 tam
3137 5155 3288 5222 gravi
3328 5155 3695 5217 censorumju-

2153 5231 2318 5284 dieia.
2351 5227 2408 5281 Si
2435 5242 2555 5297 quae
2581 5227 2634 5279 in
2660 5227 2872 5299 duabus
2893 5225 3006 5299 illis
3025 5223 3260 5292 liturgiis
3282 5224 3485 5299 intacta
3511 5227 3696 5299 servata

2152 5311 2255 5362 est,
2304 5293 2466 5352 omni
2500 5298 2706 5352 erroris
2754 5295 3070 5364 suspicione
3116 5303 3308 5348 caret:
3359 5293 3696 5364 sollicitariet

2153 5369 2432 5424 immutari
2483 5368 2603 5421 alia:
2631 5383 2739 5421 non
2770 5363 3062 5430 debebant,
3096 5372 3190 5417 aut
3216 5371 3464 5434 utraque,
3497 5363 3582 5416 illa
3606 5373 3694 5434 pra:

2151 5443 2366 5494 caeteris
2395 5438 2626 5494 debebat
2655 5436 2956 5499 emendari,
2987 5451 3051 5489 ea
3075 5435 3193 5506 ipsa
3218 5436 3606 5506 rratione,__qu-.e
3629 5433 3692 5505 ip:

2151 5526 2291 5570 sam,
2327 5517 2384 5562 ut
2406 5509 2700 5563 verisimile
2731 5516 2836 5570 est,
2858 5522 2886 5558 a
2907 5504 3141 5561 censura
3172 5505 3439 5559 liberavit.
3464 5504 3590 5558 Nam
3616 5504 3688 5568 qui

2150 5597 2282 5634 voce
2297 5591 2426 5642 τεν,
2445 5594 2566 5648 qua:
2590 5582 2760 5631 ποιεῖν
2784 5578 3076 5648 significat,
3099 5576 3290 5630 offensi
3310 5583 3457 5648 sunt,
3495 5577 3688 5648 altera!"

2150 5662 2253 5711 mn
2283 5692 2296 5710 ,
2331 5645 2602 5714 ἀναδεῖξαι
2632 5651 2776 5703 aliud
2811 5645 3087 5718 quidpiam
3117 5648 3409 5716 significari
3434 5645 3686 5718 judicare:

2152 5734 2298 5791 runt,
2337 5723 2542 5778 Scilicet
2595 5717 2891 5792 designare,
2949 5720 3339 5786 demonstrare,
3371 5728 3478 5773 etc.
3513 5717 3574 5771 At
3613 5725 3684 5780 qm
