3850 6160
156 181 271 239 7M

240 300 511 372 Populus.
543 302 742 362 Amen.

237 392 532 451 Sacerdos.
559 394 625 450 Et
649 398 872 454 mistum
891 399 1041 471 quod
1065 410 1152 461 est
1179 405 1237 460 in
1259 405 1571 472 hoccalice,
1587 405 1754 464 faciat

154 486 500 557 sanguinem
532 487 736 545 Christi
759 490 855 547 Dei
886 496 1085 554 nostri.

240 577 508 647 Populus.
536 581 734 640 Amen.

235 672 534 728 Sacerdos.
588 674 762 731 Nobis
793 686 976 733 autem
1029 695 1127 751 per
1171 682 1388 738 illorum
1447 684 1755 755 susceptio-

154 778 322 826 nem,
354 763 450 819 det
482 768 695 823 veniam
717 769 1062 834 delictorum,
1097 775 1476 832 remissionem
1508 789 1755 849 peccato-

155 869 316 919 rum,
334 856 619 913 scientiam
648 876 831 915 veram
879 862 1026 924 ﬁdei.
1078 866 1368 936 zelnmque
1422 869 1749 927 laudabilem

151 948 481 1018 religionis,
517 958 568 1005 et
601 953 1084 1024 participationem
1112 958 1237 1015 vita
1270 968 1509 1018 interna}.

233 1039 508 1109 Populus.
530 1045 722 1099 Amen.

235 1132 507 1189 Sacerdos
536 1137 845 1195 inclinatus.
875 1139 974 1201 Da.
1009 1142 1259 1209 Domine,
1292 1144 1552 1202 Ecclesia:
1576 1154 1750 1204 tttteet

156 1225 505 1292 prmsulihus
548 1225 692 1296 ejus,
744 1238 801 1284 ιιι
826 1231 981 1298 juxta
1014 1235 1391 1305 praescriptum
1427 1236 1605 1309 legum
1636 1246 1750 1295 tua-

156 1330 293 1368 rum
323 1330 389 1370 se
416 1326 628 1387 gerant,
658 1322 1126 1381 omnibusdiehns
1151 1326 1274 1379 vita:
1293 1342 1428 1382 suae.

238 1404 477 1462 Eteuans
529 1427 725 1470 uocem.
778 1412 844 1469 Et
881 1416 1075 1473 oculos
1120 1417 1523 1477 intellrctuales
1545 1420 1748 1478 mentis

157 1506 380 1554 nostrae
415 1501 682 1569 illumina,
716 1504 974 1571 Domine,
1003 1516 1066 1562 ut
1091 1512 1532 1581 contemplemur
1580 1513 1748 1568 mira-

155 1589 293 1686 cula
330 1591 507 1663 legum
541 1602 759 1652 tuarum
786 1598 1095 1656 divinarum
1129 1621 1143 1657 :
1178 1609 1233 1658 et
1254 1619 1284 1658 a
1317 1605 1459 1674 lupis
1485 1606 1748 1686 spiritua-

1629 200 1980 259 LlTURGIA.
2012 236 2015 237 ν

3332 203 3434 258 702

1784 322 1829 378 Α
1931 314 2156 369 Elevans
2182 329 2377 369 vocem.
2412 312 2615 368 Eorum
2650 313 2745 384 qui
2778 312 3030 370 doctores
3067 315 3181 371 veri
3208 314 3432 373 fuerunt

1861 406 2119 462 Ecclesia:
2162 413 2269 462 tua;
2314 412 2558 469 sanctae,
2592 412 2646 458 et
2701 420 2730 458 a
2761 406 3172 462 sednetionibns
3223 410 3430 466 erroris

1857 511 1977 551 eam
2008 504 2412 557 converterunt.
2439 505 2492 550 et
2526 496 2637 552 vias
2668 503 2846 551 rectas
2889 496 2959 551 ad
2998 499 3161 552 vitam
3205 499 3431 555 immor-

1859 589 2040 652 talem,
2069 589 2143 641 illi
2174 589 2689 643 demonstraverunt
2716 608 2730 644 :
2765 600 3079 646 nmnet'alos
3104 593 3267 661 igitur
3289 596 3427 650 inter

1857 680 2080 735 ordines
2130 696 2317 735 eorum
2355 682 2438 734 fac
2491 698 2614 742 nos,
2651 688 2710 734 ut
2736 697 2860 736 cunt
2892 682 3002 737 illis
3033 690 3088 737 et
3116 686 3257 738 inter
3304 686 3428 743 illos

1856 770 2156 826 referamus
2184 773 2278 825 tibi
2303 773 2553 842 gloriam,
2585 779 2690 827 etc.

1926 863 2182 933 Populus.
2214 863 2407 921 Amen.

1925 954 2185 1011 Sacerdos
2227 956 2535 1010 inclinatus.
2569 954 2826 1012 Miserere
2856 964 2912 1013 et
2949 972 3136 1027 parce,
3176 956 3426 1024 Domine,

1856 1062 1952 1117 per
1987 1046 2090 1101 hoc
2140 1046 2496 1107 sacriﬁcium,
2530 1047 2787 1102 omnibus
2833 1046 3114 1103 defunctis
3150 1047 3423 1114 fidelibus,

1855 1140 1951 1211 qui
1986 1138 2199 1210 pridem
2233 1138 2632 1204 decubuerunt,
2660 1152 2786 1195 cum
2817 1155 2915 1211 spe
2943 1148 3058 1207 tua,
3089 1140 3147 1195 in
3183 1139 3288 1197 ﬁde
3334 1157 3427 1197 or-

1854 1231 2111 1286 thodoxa.

1924 1319 2148 1374 Elevans
2170 1335 2360 1375 vocem.
2377 1318 2578 1375 Omnes
2599 1318 2869 1389 aspiciens
2885 1334 3007 1374 cum
3027 1318 3422 1384 misericordia,

1852 1419 2113 1481 tanquam
2147 1409 2400 1467 conditor
2440 1410 2745 1465 animarum
2777 1417 2832 1465 et
2860 1425 3153 1481 corporum
3183 1411 3421 1465 illorum.

1851 1503 2117 1573 Acceptas
2146 1502 2309 1573 igitur
2333 1502 2473 1556 habe
2499 1501 2636 1558 istas
2658 1501 2986 1565 oblationes,
3038 1516 3160 1572 quae
3187 1517 3286 1573 pro
3316 1502 3425 1558 illis

1852 1595 1951 1650 tibi
1974 1595 2320 1651 oﬂ'eruutur:
2357 1600 2413 1649 et
2443 1600 2638 1664 praesta
2666 1593 2776 1648 illis
2816 1593 2960 1649 bona
3002 1594 3275 1663 promissa
3299 1594 3427 1650 dili-

157 1680 318 1739 libus
351 1686 666 1743 universum
700 1706 917 1763 gregem
958 1700 1111 1749 tuum
1146 1708 1455 1752 conserva:
1485 1680 1550 1753 et
1582 1698 1745 1755 simul

1857 1687 2104 1758 gentibus
2151 1684 2431 1741 Christum
2489 1692 2643 1738 tuum
2671 1702 2688 1753 ;
2732 1698 2832 1754 per
2859 1699 3045 1755 quem,
3076 1693 3132 1740 et
3159 1700 3285 1740 cum
3315 1701 3427 1756 quo

158 1771 478 1830 referemus
505 1778 600 1833 tibi
629 1780 861 1850 gloriam
890 1791 947 1838 et
974 1782 1220 1851 laudem,
1250 1795 1365 1842 etc.-

241 1863 505 1934 Populus.
528 1869 723 1927 Amen.

242 1958 512 2017 Sacerdos
551 1963 859 2021 inclinatus.
898 1966 1206 2035 Memento,
1265 1968 1513 2036 Domine,
1557 1985 1748 2026 eorum

156 2049 262 2118 qui
296 2051 557 2109 invocant
598 2062 653 2112 te
681 2073 805 2112 cum
840 2059 944 2116 ﬁde
971 2077 1130 2128 vera,
1163 2070 1220 2120 et
1256 2064 1401 2119 bona
1445 2073 1748 2137 operantur

160 2145 396 2207 propter
423 2156 618 2198 nomen
647 2152 799 2201 tuum
826 2158 1101 2206 sanctum.

245 2227 474 2285 Elevans
501 2250 695 2292 uocem.
724 2236 928 2296 Omnes
956 2258 1175 2313 quoque
1195 2242 1437 2314 reliquos
1485 2243 1754 2301 orthodo-

160 2335 271 2375 xns
293 2323 502 2379 auxilio
535 2333 630 2381 tuo
657 2328 948 2400 adjuvans,
978 2333 1230 2399 Domine,
1268 2335 1499 2393 benedic
1533 2352 1631 2393 eos
1651 2336 1747 2407 qui

153 2412 366 2480 juvant
419 2413 720 2474 Ecclesium
769 2429 918 2477 tuam
959 2436 1243 2482 sanctam:
1286 2437 1346 2482 ut
1385 2429 1455 2483 ab
1488 2429 1754 2485 erunibus

159 2504 516 2573 gloriﬁceris,
546 2524 669 2565 cum
708 2514 986 2586 unigenito
1019 2516 1158 2573 Filio
1180 2528 1297 2585 tuo,
1332 2528 1386 2575 et
1415 2519 1623 2592 Spiritu
1652 2529 1748 2576 tuo

158 2604 387 2661 Sancto,
414 2607 521 2656 etc.

238 2685 499 2755 Populus.
535 2691 728 2750 Amen.

240 2776 525 2836 Sacerdos.
587 2784 795 2843 Coerce
849 2798 904 2845 et
956 2792 1112 2849 aufer
1168 2810 1199 2849 a
1257 2797 1438 2864 nobis,
1493 2796 1744 2865 Domine,

162 2884 386 2925 onmem
430 2882 751 2943 potestatem
786 2880 1066 2939 inimicam
1097 2896 1430 2959 pugnantem
1483 2890 1745 2949 adversus

163 2978 293 3017 llOS.

243 3053 473 3112 Elea-aus
502 3076 693 3117 uocem.
730 3062 795 3118 Et
815 3067 1071 3134 concede,
1095 3068 1343 3139 Domine,
1367 3075 1744 3131 liberationem

169 3147 471 3216 perfectam
522 3167 555 3206 a
605 3153 787 3219 bellis,
818 3161 1169 3227 tumultibus,
1215 3170 1270 3218 et
1312 3165 1719 3222 incursionibus

167 3240 553 3310 barbarorum,
578 3247 783 3315 populo
810 3255 906 3303 tuo
933 3250 1080 3306 fideli
1119 3271 1134 3308 :
1174 3261 1339 3325 atque
1365 3257 1420 3311 in
1453 3272 1607 3327 pace,
1622 3273 1747 3328 qua:

168 3350 200 3386 a
234 3342 287 3388 te
316 3340 422 3399 est,
454 3350 715 3392 conserva
747 3354 961 3396 omnem
991 3358 1208 3415 gregem
1232 3354 1420 3403 tuum:
1453 3350 1744 3407 utassidue

167 3426 537 3495 glorificemus
587 3436 662 3495 te,
705 3432 1157 3509 unigenitumque
1205 3434 1404 3496 Filium
1456 3448 1646 3510 tuum,
1688 3451 1746 3500 et

168 3516 437 3588 Spiritum
466 3522 897 3584 sanctissimum.

242 3608 497 3676 Populus.
528 3610 723 3667 Amen.

238 3694 497 3752 Sacerdos
540 3699 844 3759 inclinatus.
886 3703 1186 3775 Memento,
1236 3708 1495 3778 Domine,
1538 3720 1745 3770 sancta

169 3787 464 3844 Cenitricis
509 3788 605 3845 Dei
649 3791 854 3861 Mariae,
909 3806 964 3853 et
1006 3808 1323 3858 sanctorum
1372 3806 1742 3877 apostolon

170 3890 413 3943 tuorum,
448 3886 510 3935 ut
556 3880 719 3937 etiam
755 3884 971 3944 illorum
1023 3892 1118 3963 qui
1147 3893 1291 3950 inter
1329 3910 1428 3952 eos
1469 3897 1744 3953 recenseri

172 3977 515 4045 titerucrunt.

242 4063 468 4121 Elevans
497 4084 693 4128 vocem.
714 4071 824 4128 Nos
849 4073 1012 4128 etiam
1037 4073 1255 4139 robora,
1282 4082 1343 4130 ut
1371 4075 1605 4146 gloriose
1618 4092 1746 4149 per-

175 4154 421 4212 litiamur
441 4160 497 4215 in
526 4163 756 4218 scientia
788 4179 939 4232 vera,
970 4177 1023 4221 et
1047 4167 1384 4222 conscientia
1410 4169 1624 4223 sincera
1654 4178 1745 4225 :ut

171 4262 236 4300 ca
258 4248 468 4304 ratione
495 4252 705 4307 similes
721 4252 901 4308 effecti
925 4255 1133 4311 sanctis
1156 4256 1288 4320 tuis,
1304 4259 1395 4326 qui
1415 4257 1511 4311 tibi
1528 4258 1741 4323 vivunt,

1853 1778 2283 1835 misericordiam
2311 1778 2574 1848 consequi
2626 1791 2932 1847 speramus,
2963 1785 3017 1833 et
3044 1778 3443 1834 remissionem.

1849 1879 2199 1942 peccatorum
2237 1887 2357 1941 qua:
2391 1880 2613 1942 propter
2633 1883 2758 1925 eum
2791 1876 2897 1937 est,
2933 1877 2990 1925 et
3021 1869 3184 1926 nobis
3211 1878 3265 1926 et
3293 1870 3420 1925 illis.

1926 1962 2179 2034 Populus.
2211 1961 2458 2030 Quietem
2490 1968 2713 2032 praesta.

1920 2056 2201 2113 Sacerdos.
2223 2053 2496 2127 Propitius
2528 2056 2692 2127 igitur
2720 2062 2840 2111 esto
2871 2055 3130 2111 omnibus
3162 2054 3426 2125 iniquita-

1849 2152 1995 2207 tibus
2021 2150 2228 2205 nostris
2283 2157 2337 2205 et
2381 2148 2623 2214 illorum,
2647 2147 2896 2214 Domine,
2924 2163 3098 2217 neque
3125 2148 3178 2202 in
3213 2163 3424 2203 memo-

1849 2246 1982 2297 riam
2017 2256 2240 2297 revoces
2267 2240 2500 2294 crimina
2548 2256 2670 2310 quae
2698 2255 2729 2294 a
2761 2239 2920 2295 nobis
2959 2247 3012 2294 et
3041 2239 3240 2293 abillis
3270 2253 3424 2291 com-

1848 2336 2015 2391 missa
2039 2340 2200 2389 sunt:
2224 2348 2411 2386 verum
2436 2347 2564 2404 rege
2594 2347 2696 2387 nos
2719 2331 2772 2385 in
2805 2331 2909 2386 hoc
2936 2331 3138 2386 saeculo
3160 2329 3364 2384 liberos
3389 2345 3419 2382 a

1841 2426 2068 2496 judiciis
2091 2435 2143 2480 et
2171 2425 2465 2496 angustiis,
2492 2432 2547 2479 et
2584 2424 2638 2477 in
2676 2423 2862 2477 futuro
2888 2422 2973 2477 fac
3006 2436 3108 2477 nos
3131 2420 3420 2491 pervenire

1848 2519 1914 2571 ad
1952 2518 2256 2571 habitacula
2279 2515 2439 2578 lucis,
2467 2514 2648 2587 gaudii
2673 2522 2728 2569 et
2758 2515 2960 2569 laetitia:
2986 2520 3089 2569 :ut
3115 2512 3204 2567 hic
3224 2521 3278 2568 et
3306 2513 3420 2567 illic

1848 2608 2234 2679 glorificemus,
2295 2607 2603 2672 laudemus,
2638 2621 2963 2661 veneremur
2993 2613 3046 2662 et
3090 2605 3419 2661 extollamus

1848 2715 2044 2755 nomen
2074 2707 2230 2753 tuum
2258 2697 2411 2753 valde
2428 2695 2805 2751 honorandum
2845 2703 2899 2751 ct
2937 2694 3304 2758 benedictum,
3342 2693 3420 2749 si-

1847 2791 2068 2862 mulque
2097 2788 2311 2845 Domini
2353 2788 2531 2844 nostri
2561 2785 2692 2845 Jcsu
2723 2786 2953 2854 Christi,
2976 2796 3031 2842 et
3072 2785 3310 2858 Spiritus
3340 2784 3418 2841 tui

1847 2882 2044 2938 sancti.

1920 2973 2176 3041 Populus.
2215 2970 2392 3028 Sicut.

1919 3063 2201 3120 Sacerdos.
2235 3061 2370 3117 Pax.

1915 3155 2176 3225 Populus.
2214 3153 2279 3208 Et
2299 3167 2423 3209 cum
2456 3152 2653 3222 spiritu
2684 3159 2801 3206 tuo.

1915 3246 2195 3303 Sacerdos.
2222 3245 2609 3302 Misericordia
2640 3242 2735 3299 Dei
2760 3243 2889 3298 sint.

1914 3340 2113 3395 Postea
2140 3339 2340 3410 frangit
2369 3339 2613 3393 oblatam
2650 3345 2701 3391 et
2745 3337 2923 3407 signat
2969 3332 3147 3386 dicens
3171 3347 3190 3386 :
3225 3326 3418 3387 Credi-

1843 3443 1988 3483 mus.

1917 3521 2184 3576 Diaconas
2216 3520 2345 3574 dicit
2373 3518 2726 3575 Catholicam.

1964 3613 2222 3669 Sacerdos
2254 3612 2385 3666 dicit
2413 3613 2706 3667 orationem
2745 3617 2868 3663 ante
2897 3605 3062 3661 Pater
3082 3616 3291 3660 noswr.

1910 3700 2173 3775 Princeps
2202 3718 2396 3775 magne
2421 3712 2476 3760 et
2508 3702 2668 3759 Pater
2697 3715 2824 3757 vere
2869 3700 3157 3767 utriusque
3203 3693 3414 3757 san-ali,

1846 3799 2090 3863 Domine,
2122 3799 2217 3871 qui
2246 3813 2349 3854 nos
2381 3813 2448 3853 ex
2471 3796 2647 3852 nihilo
2682 3792 2943 3857 eduxisli,
2980 3799 3041 3847 ut
3059 3804 3330 3853 essemus,
3361 3794 3417 3842 et

1841 3892 1968 3947 vias
1991 3899 2168 3947 rectas
2190 3891 2406 3956 salutis,
2435 3906 2532 3961 per
2556 3889 2752 3944 Filium
2777 3895 2932 3943 tuum
2958 3885 3299 3957 unigenitum
3318 3883 3418 3937 do-

1842 3984 2005 4039 cuisti
2027 3998 2127 4038 nos
2163 4003 2176 4038 :
2208 3990 2265 4036 tu
2296 3996 2444 4035 nunc
2473 3981 2636 4036 etiam
2673 3996 2771 4049 per
2809 3978 3041 4048 gratiam
3084 3986 3233 4031 tuam
3265 3990 3421 4029 com-

1843 4073 2055 4144 patiens
2082 4069 2644 4139 nobiscum,l)omine,
2679 4070 2961 4126 sanctifica
2991 4076 3203 4123 mentes
3230 4073 3286 4121 et
3314 4066 3425 4121 lin-v

1842 4180 1977 4236 guas
2016 4173 2253 4229 nostras,
2287 4179 2352 4218 eo
2378 4163 2486 4219 ﬁne
2526 4171 2586 4217 nt
2630 4180 2765 4235 pure
2806 4164 3126 4218 invocemus
3158 4169 3215 4215 te
3246 4158 3423 4215 Deum

1841 4258 2055 4314 Patrem
2130 4258 2577 4329 omnipotentem,
2637 4265 2926 4320 sanctum,
2988 4268 3316 4325 oremusqne
3362 4257 3423 4307 el

172 4350 224 4394 et
254 4341 395 4410 apud
426 4353 478 4398 te
503 4345 788 4414 eustoditi,
840 4363 967 4403 cum
1015 4348 1125 4404 illis
1168 4348 1471 4407 referamus
1494 4351 1592 4407 tibi
1622 4353 1740 4423 glo—
1771 4380 1816 4436 ι)
1843 4348 2126 4405 dicamus:
2162 4348 2323 4404 Pater
2347 4356 2534 4404 noster
2553 4348 2644 4417 qui
2667 4365 2728 4404 es
2758 4348 2812 4403 in
2848 4348 3024 4404 caelis.

174 4433 332 4499 riam,
363 4441 470 4491 etc.

242 4524 498 4594 Populus.
522 4530 720 4587 Amen.

244 4615 498 4676 Sacerdos
552 4623 860 4682 inclinatus.
896 4623 1191 4694 Memento,
1223 4627 1473 4693 Domine,
1517 4627 1741 4683 Patrum

176 4718 484 4766 sanctorum
535 4724 588 4770 et
632 4716 950 4785 beatorum,
996 4719 1089 4788 qui
1125 4720 1484 4790 spiritualiter
1514 4736 1616 4775 nos
1650 4736 1745 4791 ge—

176 4812 427 4945 ;téerunt,
453 4804 626 4863 educa
639 4817 848 4880 verunt,
870 4817 928 4867 et
955 4812 1235 4879 aluerunt,
1264 4813 1319 4867 in
1352 4815 1502 4869 omni
1545 4815 1747 4871 timore

255 4907 290 4945 ι.

178 5069 566 5151 Eucharistiam
587 5074 700 5151 jam
730 5088 1128 5151 consecratam,
1184 5095 1383 5150 corpus
1414 5087 1469 5136 et
1518 5082 1743 5151 sangui-

181 5158 298 5198 nem
342 5144 549 5221 Christi
580 5146 866 5221 designare
907 5149 1061 5221 dicit,
1098 5158 1246 5205 errat
1283 5144 1456 5221 longe
1498 5144 1740 5208 deterius

179 5228 241 5288 eo
267 5212 369 5288 qui
388 5229 552 5284 super
570 5212 726 5272 dona'
746 5212 1248 5288 propositancrbis
1271 5212 1474 5275 Christi
1495 5237 1523 5274 a
1553 5237 1739 5276 sacer-
1768 5236 1769 5239 ‘

180 5282 430 5361 dotgrife
452 5282 859 5361 :pronuntiatis'
881 5282 1200 5345 consecrata
1231 5330 1246 5353 ,
1293 5290 1541 5345 inrocari
1580 5307 1741 5361 posse

181 5352 346 5432 credit
373 5352 634 5432 Spiritum
667 5367 938 5432 sanctum,
970 5369 1031 5413 ut
1070 5362 1265 5432 illapsu
1301 5377 1403 5416 suo
1421 5352 1737 5432 mysterium

184 5424 792 5501 plenasanctiiicatione
812 5432 1117 5485 conﬁrmet.
1153 5424 1338 5499 Neque
1374 5424 1615 5485 invocari
1643 5447 1740 5501 p0-

183 5490 283 5573 iest
316 5490 549 5563 Spiritus
573 5506 818 5565 sanctus,
847 5507 940 5573 aut
967 5502 1114 5573 illius
1148 5490 1339 5570 illapsu
1367 5509 1421 5554 ct
1443 5490 1740 5573 obumbra-

182 5570 321 5618 tione
367 5580 504 5641 opus
531 5576 729 5641 astant
752 5571 906 5641 panis
928 5579 981 5624 et
998 5572 1183 5624 vinum
1211 5573 1515 5641 signiticout
1538 5570 1738 5640 corpus

184 5643 234 5691 ct
252 5636 566 5706 sanguinem
598 5636 821 5699 Christi.
855 5640 987 5696 Nam
1005 5642 1229 5714 mystica
1258 5636 1370 5698 haec
1393 5636 1736 5697 admubratio

1919 4442 2172 4511 Populus.
2210 4441 2613 4497 Sanctillcetnr.

1916 4534 2196 4590 Sacerdos.
2236 4532 2464 4605 Semper
2480 4542 2600 4591 esto
2622 4540 2902 4587 armatura
2929 4536 3138 4594 nostra,
3155 4525 3416 4585 Domine:

1845 4626 2156 4688 auxiliator.
2187 4634 2240 4681 et
2262 4626 2508 4695 adjutor;
2528 4632 2584 4680 et
2615 4640 2646 4679 a
2676 4622 3074 4681 tentationibus
3112 4636 3416 4691 praesens-

1845 4726 1931 4772 tur
1976 4728 2031 4776 et
2076 4720 2334 4774 liberator
2370 4718 2553 4788 r-quia
2598 4724 2752 4772 tuum
2801 4721 2888 4771 est
2933 4729 3185 4785 regnum,
3223 4720 3279 4769 et
3316 4728 3414 4784 po-

1844 4819 2014 4866 testas
2047 4820 2100 4865 et
2135 4810 2275 4875 laus,
2332 4810 2705 4881 unigenitiaque
2746 4801 2877 4862 Filii
2923 4807 3027 4873 tui,
3070 4814 3126 4863 et
3173 4803 3418 4878 Spiritus

1842 4904 1941 4967 tu’i,
1965 4911 2074 4959 ctc.

1846 5081 2032 5136 statim
2058 5080 2135 5132 ab-
2154 5078 2313 5133 initio
2336 5077 2590 5148 litnrgitc,
2625 5076 2789 5131 etiam
2814 5070 2869 5130 in
2901 5074 3291 5148 praeparatoria
3318 5090 3413 5130 ac-

1843 5154 2013 5214 tione,
2032 5162 2127 5220 pter
2167 5165 2359 5220 preces
2384 5157 2438 5203 et
2467 5146 2822 5220 caeremonias
2851 5146 3410 5220 satis__s_ignilica_t_ur:

1844 5226 1902 5275 ut
1954 5214 2077 5273 cuin
2112 5214 2268 5288 panis
2299 5219 2364 5273 ad
2389 5221 2560 5273 altare
2605 5218 2859 5280 infertur,
2891 5226 2945 5273 et
2969 5214 3170 5288 dicitur
3199 5234 3239 5288 εΔ
3270 5214 3416 5269 Tan-

1840 5284 2131 5360 quantovis
2155 5289 2224 5341 ad
2245 5291 2557 5344 occisionem
2579 5288 2768 5360 ductus
2799 5296 2877 5342 est
2899 5304 2917 5341 :
2955 5294 3009 5360 et
3039 5286 3106 5341 ad
3138 5284 3416 5360 calicem:

1846 5356 1995 5415 limis
2018 5360 2249 5414 militum
2281 5362 2464 5414 lancea
2482 5360 2623 5413 latus
2648 5358 2764 5428 ejus
2793 5358 3000 5425 aperuit
3017 5363 3106 5428 :ct
3125 5356 3230 5428 alia
3257 5356 3417 5428 simi-

1842 5432 1934 5493 lia,
1969 5431 2173 5486 dudutu
2203 5441 2327 5483 ante
2359 5446 2521 5500 quam
2547 5426 2972 5498 pronuntientur
2998 5427 3201 5482 Christi
3221 5426 3413 5481 verba.

1841 5501 1976 5554 Tuta
2028 5501 2136 5552 imo
2169 5500 2400 5567 liturgize
2451 5516 2622 5555 series
2654 5516 2720 5553 eo
2773 5506 3013 5569 spectat,
3049 5512 3172 5569 cum
3206 5512 3415 5569 [θυι-ευ

1841 5572 2077 5651 sententia
2124 5571 2194 5625 sit
2225 5573 2391 5626 totius
2427 5571 2677 5626 humanm
2708 5567 2882 5641 ipsius
2910 5568 2964 5623 in
3000 5567 3163 5623 terris
3188 5567 3417 5639 dispar

1842 5642 2089 5698 sationis.
