3850 6160
473 203 576 257 703
983 219 988 228 '
1323 198 1381 254 8.
1421 196 1866 258 EUSTATHIUS
1903 193 2395 254 ANTIOCHENUS
2433 187 2830 248 EPISCOPUS.
3655 183 3772 239 7οι

541 315 801 387 Populus.
831 315 1024 372 Amen.
2075 323 2120 377 Α
2151 309 2532 384 spiritualibus
2549 307 2850 364 divinitatis
2875 313 3000 362 tua.
3021 303 3223 362 Praesta
3247 321 3347 362 nos
3375 304 3552 377 igitur
3585 305 3768 358 inco-

544 405 826 463 Sacerdos.
851 405 983 460 Pax.
2153 405 2327 460 tumes
2351 403 2418 457 ab
2452 403 2574 472 igne
2601 401 2694 455 illo
2735 399 3189 470 inexstinguibili,
3221 413 3318 469 per
3352 399 3506 455 istud
3543 400 3766 454 couri—

541 500 799 569 Poputus.
837 500 901 554 Et
930 515 1054 554 cum
1079 497 1276 568 spiritu
1309 505 1423 552 tuo.
2152 497 2298 550 vium
2324 514 2338 549 :
2361 503 2416 549 et
2444 494 2744 548 referemus
2767 493 2864 546 tibi
2893 491 3146 562 gloriam,
3175 497 3282 547 etc.

540 591 835 646 Diaconus.
868 590 1152 644 lucliuale.
2221 584 2478 654 Populus.
2506 584 2699 638 Amen.

542 683 780 751 Papulas
832 681 1030 736 Coram
1064 689 1136 742 te,
1175 678 1403 733 Domine
2218 675 2500 731 Sacerdos.
2525 674 2660 732 Pax.

544 773 826 829 Sacerdos.
880 771 1168 826 Adorande
1199 771 1291 842 qui
1321 779 1403 824 ter
1435 768 1705 831 adoraris,
1756 780 1810 822 et
1855 775 2046 823 sancte
2217 766 2475 832 Populus.
2508 763 2577 818 Et
2604 778 2729 817 cum
2753 761 2949 832 spiritu
2975 768 3092 817 tuo.

474 864 816 936 glorilicaris,
850 863 1127 920 sanctiﬁca
1147 906 1161 930 ,
1199 862 1460 925 Domine,
1489 861 1707 916 animas
1728 870 1782 914 et
1812 875 2046 930 corpora
2217 854 2514 909 Diacsaus.
2548 851 2728 907 Post...

473 973 660 1012 eorum
689 959 779 1027 qui
823 972 1003 1010 coram
1048 963 1102 1011 te
1131 955 1376 1010 inclinati
1424 963 1571 1018 sunt,
1609 961 1668 1007 ut
1713 961 1902 1009 sancte
1929 967 2048 1024 my-
2219 945 2496 1002 Sacerdos.
2530 945 2776 1007 Domine,
2806 943 3027 1000 custodi
3072 943 3330 1014 populum
3381 951 3541 994 tuum
3613 939 3767 992 ﬁde-

475 1049 656 1103 sterils
702 1048 822 1103 istis
839 1047 1343 1112 couunuuieemus,
1369 1051 1426 1100 et
1457 1042 1760 1100 referemus
1794 1043 1892 1099 tibi
1927 1043 2046 1115 glo—
2147 1039 2273 1101 lem.
2302 1046 2358 1094 et
2392 1039 2541 1094 salva
2570 1054 2668 1093 nos
2696 1051 2890 1093 omnes
2917 1037 2987 1090 ab
3018 1034 3168 1089 omni
3198 1035 3397 1087 timore
3432 1040 3486 1085 et
3523 1040 3763 1084 tremo-

471 1141 630 1198 riam.
664 1147 771 1197 etc.
2147 1147 2209 1186 re
2231 1151 2244 1186 :
2269 1130 2831 1200 tranquillitatemque
2856 1137 2912 1183 et
2940 1141 3129 1198 pacem
3156 1125 3394 1179 concede
3417 1124 3591 1177 nobis
3625 1137 3761 1176 om-

541 1229 799 1296 Populus.
834 1229 1028 1286 Amen.
2147 1220 2874 1291 nibus,benedictionesque
2921 1221 3116 1282 bonas,
3166 1217 3363 1289 gaudia
3396 1224 3452 1271 et
3476 1219 3757 1272 exsulta-

540 1319 820 1377 Sacerdos.
856 1320 1241 1377 Misericordiae
1265 1318 1356 1375 Dei
1379 1320 1511 1374 sint.
2146 1313 2350 1366 tionem
2385 1330 2397 1364 :
2434 1323 2490 1366 ut
2520 1327 2618 1380 pro
2649 1313 2904 1366 omnibus
2935 1311 3306 1366 retribuamus
3335 1309 3432 1362 tibi
3467 1309 3752 1379 gloriam.

542 1411 833 1468 Diaconos.
861 1412 1252 1483 Unusquisque
1280 1426 1404 1466 cum
1437 1411 1654 1465 timore.
2147 1405 2384 1467 laudem,
2427 1403 2806 1458 cxaltationcm
2845 1410 2900 1458 et
2933 1403 3228 1473 gratiarum
3255 1401 3556 1460 actionem,
3599 1399 3755 1454 Deo-

542 1504 821 1560 Sacerdos.
859 1504 1056 1558 Sancta
1092 1503 1317 1559 sanctis.
2145 1513 2254 1567 que
2295 1496 2439 1549 Patri
2501 1495 2738 1567 genitori
2789 1500 2924 1558 tuo,
2985 1505 3042 1550 et
3087 1491 3315 1565 Spiritui
3362 1499 3460 1547 tuo
3505 1500 3750 1556 sancto,

542 1595 802 1662 Populus.
837 1595 990 1652 Unus
1014 1594 1175 1650 Pater
1210 1605 1457 1658 sanctus,
1477 1601 1584 1648 etc.
2148 1603 2316 1649 nunc,
2349 1598 2456 1643 etc.

576 1687 835 1742 Sacerdos
878 1687 1005 1740 dicit
1038 1688 1330 1741 orationem
1353 1688 1654 1757 gratiarum
1689 1682 1931 1737 actionis.
2068 1663 2119 1724 Β
2217 1680 2471 1750 Populus.
2501 1679 2692 1734 Amen.

541 1777 782 1834 Omnem
818 1779 1029 1834 laudem
1083 1778 1503 1841 indeticientcm,
1554 1777 1744 1847 gratiae
1802 1787 1908 1829 tuae
1957 1773 2044 1826 in-
2212 1772 2502 1826 Diaconus.
2538 1769 2790 1833 Benedic,
2813 1766 3065 1824 Domine.

471 1870 764 1931 enarrabili
797 1869 1096 1932 oderimus,
1125 1870 1347 1924 Domine
1367 1887 1380 1924 :
1400 1870 1492 1938 qui
1518 1884 1613 1938 per
1636 1867 2039 1935 susceptionem
2211 1863 2491 1919 Sacerdos.
2527 1862 2758 1916 Benedic
2789 1861 2947 1916 nobis
2979 1860 3256 1918 erunibus.

472 1961 637 2032 hujus
679 1962 922 2032 mysterii
969 1961 1294 2017 illuminasti
1349 1963 1564 2016 animas
1597 1967 1822 2014 nostras.
1869 1957 2054 2012 radiis.
2207 1955 2504 2013 Diaconos.
2535 1953 2860 2010 Benedicam
2888 1954 3204 2013 Dominum.

481 2155 1503 2177 WW-_-
1607 2155 1611 2157 -
1659 2154 1712 2160 ~~-
1744 2155 1832 2161 »-——A--
1847 2157 1854 2159 -
1871 2153 1972 2164 4-..—
1989 2156 2020 2161 -τ
2062 2153 2238 2160 -οοιο-ι-
2251 2155 2342 2160 —--—-—
2416 2157 2418 2159 μ
2441 2153 2762 2162 -η--νς-ο-ο-ο-κ-

497 2183 598 2198 Διό

2783 2153 3172 2170 w

651 2794 750 2943 S.
844 2791 1464 2947 EUSTA’I‘HII
1538 2792 2442 2988 C(ill‘lliiEN’l‘iiRlUS
2527 2792 2661 2949 ΙΝ
2740 2789 3508 2946 HEXAEMERON

531 3083 720 3147 (Edidit
750 3084 851 3134 Leo
879 3087 1128 3146 Αιιιτισε,
1149 3083 1376 3149 Lugduni
1405 3085 1695 3155 manum-4.
1729 3089 1897 3136 Eidem
1923 3090 2154 3155 volumini
2200 3088 2332 3137 inest
2354 3084 2598 3155 Eustathii
2625 3090 2798 3155 Contra
2823 3084 3078 3153 Origenem
3103 3087 3174 3138 De
3196 3083 3579 3151 engastrimytlto
3608 3081 3725 3134 Dis-

1411 3151 1609 3211 putatio,
1635 3163 1779 3210 quam
1799 3155 1985 3212 primus
2010 3152 2057 3199 in
2083 3155 2242 3200 lucem
2268 3153 2472 3212 protulit
2493 3151 2756 3211 All-suus.)

1803 3423 2359 3517 LECTORI.

536 3609 876 3682 Eustathius,
909 3613 1261 3670 Antiochense
1293 3613 1551 3670 Ecclesiae
1579 3629 1830 3670 summus
1869 3613 2121 3678 antistes,
2155 3613 2315 3684 cujus
2355 3614 2496 3684 apud
2538 3621 2751 3669 veteres
2779 3617 2999 3685 copiosa
3051 3624 3105 3671 et
3133 3616 3432 3672 honoriiiea
3467 3614 3710 3676 mentio,

461 3705 710 3761 eatudem
746 3723 868 3760 cum
901 3707 1025 3762 aliis
1057 3708 1234 3776 magni
1281 3708 1518 3763 nominis
1551 3708 1939 3777 scriptoribus,
1971 3709 2213 3778 iniquam
2256 3707 2650 3778 adversamque
2695 3707 2966 3762 fortunam
2995 3718 3252 3779 expertus
3273 3720 3375 3764 est.
3408 3709 3544 3775 Quae
3575 3709 3719 3762 enim

466 3791 585 3863 ipse
617 3798 869 3852 maximis
904 3799 1103 3868 vigiliis
1137 3813 1442 3868 magnaque
1462 3799 1744 3868 diligentia
1780 3798 1834 3851 in
1866 3797 2152 3852 catholica:
2179 3796 2429 3850 veritatis
2457 3805 2862 3866 oppugnatores
2895 3808 3247 3852 monumenta
3279 3800 3605 3868 reliquerat,
3642 3797 3722 3851 vel

465 3884 732 3941 bonorum
765 3890 994 3955 incuria,
1028 3893 1235 3944 utinam
1270 3906 1377 3944 non
1413 3892 1679 3945 malorum
1714 3891 2172 3957 inimicorumque
2196 3889 2478 3942 hominum
2511 3891 2706 3944 studio.
2733 3889 3058 3962 fraudeque!
3095 3893 3386 3955 interiere;
3420 3893 3502 3945 vel
3536 3899 3720 3944 tractu

465 3974 587 4044 ipso
618 3979 899 4046 temporis,
925 3990 979 4034 et
1005 3995 1186 4034 rerum
1227 3980 1586 4034 lnunanarmn
1617 3983 1834 4050 ingenio
1871 3987 1999 4034 sunt
2028 3980 2334 4047 absumpta.
2369 3977 2581 4047 Saepius
2621 3981 2854 4050 legeram
2888 3983 2940 4035 in
2987 3984 3335 4051 antiquorum
3372 3994 3716 4036 commenta-

464 4067 567 4122 riis
597 4067 933 4126 Eustathium
971 4072 1132 4134 hunc,
1169 4073 1341 4128 divite
1367 4074 1656 4128 verborum
1687 4089 1752 4128 ac
1777 4072 2170 4127 sententiarum
2202 4072 2384 4141 copia,
2417 4073 2762 4142 clegnntique
2790 4072 3116 4128 eruditionis
3145 4075 3405 4128 varietate
3427 4074 3496 4126 ad
3530 4091 3721 4130 anius—

463 4157 568 4213 sint
599 4162 859 4229 perfecta.
889 4174 1050 4234 atque
1073 4164 1138 4219 ad
1171 4180 1444 4220 smnmum
1477 4166 1750 4226 absoluta,
1776 4179 1950 4232 eaque
1983 4163 2035 4216 in
2059 4177 2256 4232 magno
2281 4179 2509 4218 numero
2539 4166 2741 4234 scripta
2767 4167 3137 4224 elucubrasse.
3181 4167 3376 4233 Quaero
3419 4169 3644 4223 avidius
3675 4168 3718 4222 si

461 4252 592 4322 quid
622 4254 810 4323 reliqui
838 4264 943 4319 est,
977 4271 1100 4310 nam
1131 4259 1311 4310 omnia
1334 4269 1653 4327 exspectare
1669 4256 1987 4325 desipientis
2011 4253 2485 4323 essejudicabatii.
2519 4254 2775 4310 Refertur
2803 4274 2831 4310 a
2863 4259 3303 4328 prudentissimis
3329 4261 3485 4324 viris,
3514 4277 3715 4316 nomen

462 4348 677 4397 tantum
711 4361 1021 4415 superesse.
1055 4359 1407 4404 monumenta
1453 4349 1726 4413 excidisse
1759 4350 1968 4402 omnia.
2003 4345 2238 4404 indolui.
2265 4346 2406 4414 Quid
2439 4350 2584 4402 enim
2628 4349 2861 4405 facerem
2885 4351 2909 4404 ?
2937 4350 3256 4423 Magnorqu
3287 4362 3584 4407 auctorum
3611 4355 3720 4408 rui-

462 4447 566 4488 nas
594 4449 700 4488 non
734 4437 853 4490 sine
882 4439 1070 4492 dolore
1119 4442 1412 4495 miseratus
1443 4456 1586 4495 sum.
1620 4443 1690 4494 At
1728 4455 2006 4512 praesagus
2048 4439 2266 4494 animus
2318 4440 2494 4509 magis
2530 4443 2813 4512 magisque
2851 4444 3054 4513 inopia,
3094 4461 3194 4498 ceu
3243 4446 3480 4514 quodam
3518 4446 3719 4500 incita-

462 4533 649 4577 mento
671 4542 936 4582 accensus
970 4531 1149 4598 sagaci
1185 4532 1420 4600 quadam
1444 4532 1769 4585 curiositate
1785 4531 1968 4584 omnia
1995 4529 2381 4598 perlustrahat,
2403 4535 2445 4582 si
2473 4529 2606 4598 quid
2641 4533 2774 4583 tanti
2811 4533 2910 4584 viri
2936 4532 3256 4587 oil'cnderet.
3291 4532 3475 4599 Quare
3504 4536 3716 4602 impen-

462 4616 580 4671 sius
617 4622 1022 4690 manuscriptos
1048 4624 1287 4682 codices.
1318 4640 1442 4677 cum
1487 4623 1677 4677 liceret
1700 4624 2038 4685 evolrcbam,
2083 4623 2463 4691 agitabantque
2507 4623 2792 4676 intentius.
2832 4621 2940 4676 Nec
2972 4639 3098 4693 spcs
3129 4624 3194 4676 ad
3239 4624 3456 4677 irritmn
3493 4623 3708 4677 cecidit.

467 4705 632 4763 Forte
663 4713 808 4764 cnim
837 4713 962 4766 dum
987 4712 1172 4768 Bonna:
1204 4716 1586 4770 bibliothecam
1628 4716 1917 4786 quamdam
1948 4717 2232 4778 librorum,
2258 4724 2310 4768 et
2338 4715 2480 4784 typis
2503 4715 2798 4778 editorum,
2822 4722 2876 4768 et
2909 4716 3406 4785 manusu'iptorum
3433 4719 3590 4771 omni
3619 4731 3704 4786 ge-

456 4814 590 4855 nere
635 4803 1050 4860 refr-rtissimam
1094 4809 1254 4862 amici
1286 4809 1571 4876 cujusdam
1624 4809 1891 4864 beneﬁcio
1921 4809 2138 4863 videndi
2169 4808 2344 4877 gratia
2377 4808 2533 4870 adeo,
2572 4808 2626 4860 in
2655 4809 2774 4877 ipso
2809 4809 3080 4876 ingressu,
3117 4807 3263 4860 dolet
3312 4823 3554 4877 namque
3584 4808 3704 4861 dum

458 4903 674 4960 tempus
704 4895 816 4948 abit
859 4897 1027 4956 iners.
1067 4899 1204 4953 libro
1237 4900 1396 4953 obvio
1427 4916 1532 4954 non
1575 4903 1770 4970 grandi
1803 4903 2080 4957 volumine
2113 4919 2309 4956 manus
2349 4901 2560 4969 injicio,
2601 4901 2812 4969 aperio,
2841 4901 2994 4970 lego;
3025 4916 3146 4969 qu.e
3189 4900 3367 4968 primo
3414 4913 3706 4953 occurrere

458 4998 567 5037 non
609 4984 919 5052 diSplicent.
971 4987 1311 5059 Proscquor;
1347 4991 1672 5045 diﬂ‘unditur
1711 5009 1887 5056 mens,
1924 4997 2141 5050 animus
2181 4995 2430 5063 erigitur,
2463 4999 2518 5046 et
2553 5007 2714 5046 aures
2763 4993 3021 5047 dictioijs
3051 5007 3209 5053 sono,
3241 4993 3400 5061 quasi
3435 4993 3706 5062 voluptate

457 5075 769 5137 t.tillantes,
812 5078 1175 5164 obiectantur.
1210 5079 1355 5134 Nihil
1383 5083 1437 5135 in
1481 5098 1547 5136 eo
1575 5086 1787 5146 tritum,
1827 5085 1961 5139 nihil
1987 5085 2231 5155 vulgare,
2278 5099 2461 5137 rerum
2493 5083 2655 5136 etiam
2696 5084 2938 5152 ipsarum
2969 5083 3226 5136 materies
3255 5082 3437 5135 ciebat
3474 5082 3705 5135 admira-

461 5164 682 5218 tionem.
721 5166 967 5224 Rccurro
993 5171 1058 5223 ad
1092 5170 1322 5226 fiontem
1369 5174 1513 5235 libri,
1548 5185 1826 5229 auctorem
1855 5178 2142 5245 perquiro;
2181 5184 2255 5242 et,
2291 5191 2322 5228 ο
2360 5177 2539 5228 lzctum
2583 5178 2856 5234 nuntium,
2889 5158 2928 5228 ό
2968 5173 3300 5226 fortunatum
3347 5173 3517 5234 diem.
3559 5190 3590 5229 ο
3622 5175 3700 5228 in-

462 5265 742 5321 speratum
778 5261 1066 5328 gaudium!
1106 5264 1297 5318 titulus
1329 5264 1418 5318 hic
1447 5275 1566 5319 erat
1595 5282 1608 5316 :
1643 5267 1938 5321 Εὑσταθίου
1973 5288 1982 5321 ‹

2183 5268 2405 5320 ισκόπου
2450 5265 2776 5334 Ἀντιοχείας
2803 5267 2883 5328 εἰς
2913 5263 3010 5334 τὴν
3056 5263 3364 5336 ἐξαήμερον
3409 5265 3702 5336 ὑπόμνημα

463 5343 607 5395 πάνυ
637 5345 967 5416 θαυμαστόν.
1001 5351 1101 5406 Diu
1128 5355 1339 5409 haerens
1364 5356 1605 5419 substiti,
1637 5357 1918 5427 inopinato
1949 5369 2145 5415 eventu
2178 5359 2485 5428 perculsus,
2515 5359 2733 5412 tandem
2769 5358 2839 5411 ad
2867 5358 3023 5411 tinem
3051 5356 3172 5409 libri
3201 5371 3454 5426 pr0pero,
3488 5358 3536 5411 si
3571 5357 3700 5409 forte

465 5435 648 5530 oinnia
685 5448 871 5530 essent
904 5441 1193 5500 Eustathii.
1226 5445 1424 5500 Praeter
1449 5447 1596 5501 hunc
1621 5458 1936 5514 tractatu-nt,
1967 5462 2161 5506 ca-tera
2192 5451 2426 5504 aliorum
2467 5466 2589 5505 esse
2621 5451 2884 5519 Comperi,
2910 5465 3030 5519 quae
3079 5450 3133 5502 in
3167 5464 3233 5502 eo
3265 5449 3546 5506 volumine
3575 5463 3698 5504 con-

468 5522 806 5624 tinebantur.
837 5527 1077 5602 Exiguus
1113 5544 1273 5604 potus
1311 5540 1454 5593 sitim
1490 5540 1651 5595 valde
1677 5543 1936 5606 sitientis,
1972 5559 2084 5598 non
2121 5544 2405 5603 exstinxit.
2443 5543 2536 5598 scd
2585 5545 2756 5597 auxit.
2795 5541 2886 5596 Sic
2926 5543 2969 5597 si
3003 5543 3284 5610 paululum
3321 5559 3477 5613 aqua:
3512 5557 3696 5614 magno

469 5624 578 5677 igni
611 5611 884 5682 infundas,
923 5626 1187 5683 acceudcs
1234 5646 1357 5684 cum
1391 5631 1572 5696 potius
1624 5649 1787 5698 quam
1831 5638 2172 5701 exstingues.
2203 5636 2463 5702 Quamvis
2491 5639 2672 5705 itaque
2708 5651 2888 5692 meum
2923 5633 3259 5691 desiderium
3295 5611 3405 5692 non
3448 5611 3691 5712 explevit,
