  <div class='ocr_page' id='page_1' title='image "/cluster/home/n/w/nwhite01/storage/ocr_20150623/18/nnc1.0046978550/360.png"; bbox 0 0 3850 6160; ppageno 0'>
   <div class='ocr_carea' id='block_1_1' title="bbox 100 289 1620 358">
    <p class='ocr_par' dir='ltr' id='par_1_1' title="bbox 100 289 1620 351">
     <span class='ocr_line' id='line_1_1' title="bbox 100 289 1620 351; baseline 0.007 -9"><span class='ocrx_word' id='word_1_1' title='bbox 100 289 218 343; x_wconf 74' lang='lat'><strong>795</strong></span> <span class='ocrx_word' id='word_1_2' title='bbox 1038 289 1310 350; x_wconf 74' lang='lat' dir='ltr'><strong>SPURIA.</strong></span> <span class='ocrx_word' id='word_1_3' title='bbox 1341 326 1410 337; x_wconf 71' lang='grc' dir='ltr'><strong>-ρ</strong></span> <span class='ocrx_word' id='word_1_4' title='bbox 1433 295 1620 351; x_wconf 73' lang='lat' dir='ltr'><strong><em>COMM</em></strong></span> 
     </span>
    </p>
   </div>
   <div class='ocr_carea' id='block_1_2' title="bbox 1837 289 3357 358">
    <p class='ocr_par' dir='ltr' id='par_1_2' title="bbox 1837 295 3357 358">
     <span class='ocr_line' id='line_1_2' title="bbox 1837 295 3357 358; baseline 0.003 -6"><span class='ocrx_word' id='word_1_5' title='bbox 1837 295 1895 352; x_wconf 82' lang='grc' dir='ltr'><strong>ΙΝ</strong></span> <span class='ocrx_word' id='word_1_6' title='bbox 1933 295 2408 354; x_wconf 75' lang='grc' dir='ltr'><strong>ΗΕΧΑΕΜΕΒΟΝ</strong></span> <span class='ocrx_word' id='word_1_7' title='bbox 3255 303 3357 358; x_wconf 83' lang='lat'><strong>706</strong></span> 
     </span>
    </p>
   </div>
   <div class='ocr_carea' id='block_1_3' title="bbox 96 407 3362 487">
    <p class='ocr_par' dir='ltr' id='par_1_3' title="bbox 96 407 3362 487">
     <span class='ocr_line' id='line_1_3' title="bbox 96 407 3362 487; baseline 0.004 -27"><span class='ocrx_word' id='word_1_8' title='bbox 96 407 539 470; x_wconf 74' lang='lat' dir='ltr'><strong>tenivit’tamen.</strong></span> <span class='ocrx_word' id='word_1_9' title='bbox 580 418 634 464; x_wconf 93' lang='lat' dir='ltr'><strong>et</strong></span> <span class='ocrx_word' id='word_1_10' title='bbox 655 407 783 463; x_wconf 90' lang='lat' dir='ltr'><strong>dum</strong></span> <span class='ocrx_word' id='word_1_11' title='bbox 819 415 1002 463; x_wconf 91' lang='lat' dir='ltr'><strong>metuo</strong></span> <span class='ocrx_word' id='word_1_12' title='bbox 1031 424 1215 465; x_wconf 89' lang='lat' dir='ltr'><strong>moras</strong></span> <span class='ocrx_word' id='word_1_13' title='bbox 1245 410 1529 466; x_wconf 79' lang='lat' dir='ltr'><strong>celerrime</strong></span> <span class='ocrx_word' id='word_1_14' title='bbox 1559 427 1659 468; x_wconf 87' lang='lat' dir='ltr'><strong>nec</strong></span> <span class='ocrx_word' id='word_1_15' title='bbox 1684 415 1854 467; x_wconf 88' lang='lat' dir='ltr'><strong>invito</strong></span> <span class='ocrx_word' id='word_1_16' title='bbox 1887 411 2135 475; x_wconf 77' lang='lat' dir='ltr'><strong>custode.</strong></span> <span class='ocrx_word' id='word_1_17' title='bbox 2165 413 2453 481; x_wconf 80' lang='lat' dir='ltr'><strong>exscribo;</strong></span> <span class='ocrx_word' id='word_1_18' title='bbox 2483 412 2658 484; x_wconf 87' lang='lat' dir='ltr'><strong>deque</strong></span> <span class='ocrx_word' id='word_1_19' title='bbox 2688 415 2834 472; x_wconf 91' lang='lat' dir='ltr'><strong>illius</strong></span> <span class='ocrx_word' id='word_1_20' title='bbox 2859 415 2914 472; x_wconf 85' lang='lat' dir='ltr'><strong>in</strong></span> <span class='ocrx_word' id='word_1_21' title='bbox 2942 416 3180 487; x_wconf 76' lang='lat' dir='ltr'><strong>linguam</strong></span> <span class='ocrx_word' id='word_1_22' title='bbox 3213 416 3362 473; x_wconf 84' lang='lat' dir='ltr'><strong>Lati-</strong></span> 
     </span>
    </p>
   </div>
   <div class='ocr_carea' id='block_1_4' title="bbox 98 499 3359 580">
    <p class='ocr_par' dir='ltr' id='par_1_4' title="bbox 98 499 3359 580">
     <span class='ocr_line' id='line_1_4' title="bbox 98 499 3359 580; baseline 0.002 -25"><span class='ocrx_word' id='word_1_23' title='bbox 98 514 240 555; x_wconf 88' lang='lat' dir='ltr'><strong>nam</strong></span> <span class='ocrx_word' id='word_1_24' title='bbox 287 499 540 554; x_wconf 78' lang='lat' dir='ltr'><strong>versione</strong></span> <span class='ocrx_word' id='word_1_25' title='bbox 579 499 778 569; x_wconf 82' lang='lat' dir='ltr'><strong>cogito.</strong></span> <span class='ocrx_word' id='word_1_26' title='bbox 825 499 1034 554; x_wconf 87' lang='lat' dir='ltr'><strong>Interea</strong></span> <span class='ocrx_word' id='word_1_27' title='bbox 1074 501 1130 555; x_wconf 91' lang='lat' dir='ltr'><strong>in</strong></span> <span class='ocrx_word' id='word_1_28' title='bbox 1179 502 1300 556; x_wconf 88' lang='lat' dir='ltr'><strong>aliis</strong></span> <span class='ocrx_word' id='word_1_29' title='bbox 1328 502 1490 557; x_wconf 90' lang='lat' dir='ltr'><strong>etiam</strong></span> <span class='ocrx_word' id='word_1_30' title='bbox 1521 502 1864 559; x_wconf 80' lang='lat' dir='ltr'><strong>bibliothecis</strong></span> <span class='ocrx_word' id='word_1_31' title='bbox 1904 505 2225 574; x_wconf 83' lang='lat' dir='ltr'><strong>perquirens</strong></span> <span class='ocrx_word' id='word_1_32' title='bbox 2257 505 2397 559; x_wconf 90' lang='lat' dir='ltr'><strong>idem</strong></span> <span class='ocrx_word' id='word_1_33' title='bbox 2439 521 2576 576; x_wconf 88' lang='lat' dir='ltr'><strong>opus</strong></span> <span class='ocrx_word' id='word_1_34' title='bbox 2604 507 2779 562; x_wconf 88' lang='lat' dir='ltr'><strong>eidem</strong></span> <span class='ocrx_word' id='word_1_35' title='bbox 2813 509 3020 562; x_wconf 90' lang='lat' dir='ltr'><strong>auctori</strong></span> <span class='ocrx_word' id='word_1_36' title='bbox 3057 509 3359 580; x_wconf 81' lang='lat' dir='ltr'><strong>ascriptum</strong></span> 
     </span>
    </p>
   </div>
   <div class='ocr_carea' id='block_1_5' title="bbox 96 593 3362 668">
    <p class='ocr_par' dir='ltr' id='par_1_5' title="bbox 96 593 3362 668">
     <span class='ocr_line' id='line_1_5' title="bbox 96 593 3362 668; baseline 0.003 -20"><span class='ocrx_word' id='word_1_37' title='bbox 96 593 320 651; x_wconf 90' lang='lat' dir='ltr'><strong>iuveni.</strong></span> <span class='ocrx_word' id='word_1_38' title='bbox 352 601 403 646; x_wconf 91' lang='lat' dir='ltr'><strong>et</strong></span> <span class='ocrx_word' id='word_1_39' title='bbox 451 593 502 646; x_wconf 91' lang='lat' dir='ltr'><strong>in</strong></span> <span class='ocrx_word' id='word_1_40' title='bbox 534 594 700 646; x_wconf 91' lang='lat' dir='ltr'><strong>totius</strong></span> <span class='ocrx_word' id='word_1_41' title='bbox 731 594 880 650; x_wconf 84' lang='lat' dir='ltr'><strong>orbis</strong></span> <span class='ocrx_word' id='word_1_42' title='bbox 913 604 1181 648; x_wconf 88' lang='lat' dir='ltr'><strong>terrarum</strong></span> <span class='ocrx_word' id='word_1_43' title='bbox 1231 597 1656 651; x_wconf 85' lang='lat' dir='ltr'><strong>instructissima</strong></span> <span class='ocrx_word' id='word_1_44' title='bbox 1688 613 1750 650; x_wconf 92' lang='lat' dir='ltr'><strong>ac</strong></span> <span class='ocrx_word' id='word_1_45' title='bbox 1802 599 2150 653; x_wconf 86' lang='lat' dir='ltr'><strong>celeberrima</strong></span> <span class='ocrx_word' id='word_1_46' title='bbox 2189 600 2518 655; x_wconf 74' lang='lat' dir='ltr'><strong>bibliotheca</strong></span> <span class='ocrx_word' id='word_1_47' title='bbox 2568 602 2847 668; x_wconf 80' lang='lat' dir='ltr'><strong>Vaticana,</strong></span> <span class='ocrx_word' id='word_1_48' title='bbox 2890 620 3098 658; x_wconf 84' lang='lat' dir='ltr'><strong>necnon</strong></span> <span class='ocrx_word' id='word_1_49' title='bbox 3135 605 3362 660; x_wconf 91' lang='lat' dir='ltr'><strong>nobilis-</strong></span> 
     </span>
    </p>
   </div>
   <div class='ocr_carea' id='block_1_6' title="bbox 95 684 3359 755">
    <p class='ocr_par' dir='ltr' id='par_1_6' title="bbox 95 684 3359 755">
     <span class='ocr_line' id='line_1_6' title="bbox 95 684 3359 755; baseline 0.003 -15"><span class='ocrx_word' id='word_1_50' title='bbox 95 687 249 741; x_wconf 88' lang='lat' dir='ltr'><strong>sima</strong></span> <span class='ocrx_word' id='word_1_51' title='bbox 284 684 634 740; x_wconf 79' lang='lat' dir='ltr'><strong>Vallirellana</strong></span> <span class='ocrx_word' id='word_1_52' title='bbox 671 685 884 752; x_wconf 61' lang='lat' dir='ltr'><strong>Romae;</strong></span> <span class='ocrx_word' id='word_1_53' title='bbox 919 697 972 742; x_wconf 92' lang='lat' dir='ltr'><strong>et</strong></span> <span class='ocrx_word' id='word_1_54' title='bbox 1002 704 1124 742; x_wconf 92' lang='lat' dir='ltr'><strong>cum</strong></span> <span class='ocrx_word' id='word_1_55' title='bbox 1159 689 1546 744; x_wconf 77' lang='lat' dir='ltr'><strong>bibliothecam</strong></span> <span class='ocrx_word' id='word_1_56' title='bbox 1602 689 1902 744; x_wconf 79' lang='lat' dir='ltr'><strong>Palatinam</strong></span> <span class='ocrx_word' id='word_1_57' title='bbox 1938 691 2166 746; x_wconf 83' lang='lat' dir='ltr'><strong>Romam</strong></span> <span class='ocrx_word' id='word_1_58' title='bbox 2211 694 2557 755; x_wconf 82' lang='lat' dir='ltr'><strong>adveherent.</strong></span> <span class='ocrx_word' id='word_1_59' title='bbox 2590 695 2859 750; x_wconf 76' lang='lat' dir='ltr'><strong>Monachii</strong></span> <span class='ocrx_word' id='word_1_60' title='bbox 2899 699 2950 751; x_wconf 92' lang='lat' dir='ltr'><strong>in</strong></span> <span class='ocrx_word' id='word_1_61' title='bbox 2986 699 3359 753; x_wconf 85' lang='lat' dir='ltr'><strong>illus&#39;rissima</strong></span> 
     </span>
    </p>
   </div>
   <div class='ocr_carea' id='block_1_7' title="bbox 93 775 3187 853">
    <p class='ocr_par' dir='ltr' id='par_1_7' title="bbox 93 775 3187 853">
     <span class='ocr_line' id='line_1_7' title="bbox 93 775 3187 853; baseline 0.005 -23"><span class='ocrx_word' id='word_1_62' title='bbox 93 776 396 830; x_wconf 79' lang='lat' dir='ltr'><strong>Bavarica.</strong></span> <span class='ocrx_word' id='word_1_63' title='bbox 433 775 610 842; x_wconf 82' lang='lat' dir='ltr'><strong>Quare</strong></span> <span class='ocrx_word' id='word_1_64' title='bbox 641 783 694 829; x_wconf 90' lang='lat' dir='ltr'><strong>et</strong></span> <span class='ocrx_word' id='word_1_65' title='bbox 726 779 1028 846; x_wconf 73' lang='lat' dir='ltr'><strong>promptior</strong></span> <span class='ocrx_word' id='word_1_66' title='bbox 1064 779 1305 832; x_wconf 85' lang='lat' dir='ltr'><strong>laborem</strong></span> <span class='ocrx_word' id='word_1_67' title='bbox 1342 781 1649 850; x_wconf 84' lang='lat' dir='ltr'><strong>amplexus,</strong></span> <span class='ocrx_word' id='word_1_68' title='bbox 1682 789 1914 837; x_wconf 85' lang='lat' dir='ltr'><strong>conatus</strong></span> <span class='ocrx_word' id='word_1_69' title='bbox 1943 798 2061 836; x_wconf 89' lang='lat' dir='ltr'><strong>sum</strong></span> <span class='ocrx_word' id='word_1_70' title='bbox 2090 783 2156 838; x_wconf 89' lang='lat' dir='ltr'><strong>de</strong></span> <span class='ocrx_word' id='word_1_71' title='bbox 2190 785 2465 853; x_wconf 81' lang='lat' dir='ltr'><strong>republica</strong></span> <span class='ocrx_word' id='word_1_72' title='bbox 2500 786 2762 841; x_wconf 85' lang='lat' dir='ltr'><strong>litteraria</strong></span> <span class='ocrx_word' id='word_1_73' title='bbox 2801 789 2939 844; x_wconf 86' lang='lat' dir='ltr'><strong>bene</strong></span> <span class='ocrx_word' id='word_1_74' title='bbox 2969 791 3187 846; x_wconf 91' lang='lat' dir='ltr'><strong>mereri.</strong></span> 
     </span>
    </p>
   </div>
   <div class='ocr_carea' id='block_1_8' title="bbox 169 867 3354 948">
    <p class='ocr_par' dir='ltr' id='par_1_8' title="bbox 169 867 3354 948">
     <span class='ocr_line' id='line_1_8' title="bbox 169 867 3354 948; baseline 0.004 -26"><span class='ocrx_word' id='word_1_75' title='bbox 169 867 499 922; x_wconf 84' lang='lat' dir='ltr'><strong>lnstitutum</strong></span> <span class='ocrx_word' id='word_1_76' title='bbox 538 882 716 921; x_wconf 90' lang='lat' dir='ltr'><strong>meum</strong></span> <span class='ocrx_word' id='word_1_77' title='bbox 768 869 889 932; x_wconf 84' lang='lat' dir='ltr'><strong>fuit,</strong></span> <span class='ocrx_word' id='word_1_78' title='bbox 925 880 1158 925; x_wconf 86' lang='lat' dir='ltr'><strong>mentem</strong></span> <span class='ocrx_word' id='word_1_79' title='bbox 1189 887 1252 925; x_wconf 90' lang='lat' dir='ltr'><strong>ac</strong></span> <span class='ocrx_word' id='word_1_80' title='bbox 1288 874 1614 926; x_wconf 88' lang='lat' dir='ltr'><strong>sententiam</strong></span> <span class='ocrx_word' id='word_1_81' title='bbox 1652 875 1917 937; x_wconf 87' lang='lat' dir='ltr'><strong>auctoris,</strong></span> <span class='ocrx_word' id='word_1_82' title='bbox 1957 873 2300 943; x_wconf 87' lang='lat' dir='ltr'><strong>simpliciter,</strong></span> <span class='ocrx_word' id='word_1_83' title='bbox 2353 875 2583 932; x_wconf 82' lang='lat' dir='ltr'><strong>ﬁdeliter</strong></span> <span class='ocrx_word' id='word_1_84' title='bbox 2611 892 2674 932; x_wconf 89' lang='lat' dir='ltr'><strong>ac</strong></span> <span class='ocrx_word' id='word_1_85' title='bbox 2715 879 3002 948; x_wconf 86' lang='lat' dir='ltr'><strong>perspicue</strong></span> <span class='ocrx_word' id='word_1_86' title='bbox 3033 879 3354 944; x_wconf 79' lang='lat' dir='ltr'><strong>transferre,</strong></span> 
     </span>
    </p>
   </div>
   <div class='ocr_carea' id='block_1_9' title="bbox 91 962 3359 1040">
    <p class='ocr_par' dir='ltr' id='par_1_9' title="bbox 91 962 3359 1040">
     <span class='ocr_line' id='line_1_9' title="bbox 91 962 3359 1040; baseline 0.004 -27"><span class='ocrx_word' id='word_1_87' title='bbox 91 962 252 1030; x_wconf 86' lang='lat' dir='ltr'><strong>quod</strong></span> <span class='ocrx_word' id='word_1_88' title='bbox 293 962 526 1030; x_wconf 88' lang='lat' dir='ltr'><strong>primum</strong></span> <span class='ocrx_word' id='word_1_89' title='bbox 571 963 1013 1032; x_wconf 64' lang='lat' dir='ltr'><strong>praecipuumque</strong></span> <span class='ocrx_word' id='word_1_90' title='bbox 1042 977 1242 1017; x_wconf 90' lang='lat' dir='ltr'><strong>munus</strong></span> <span class='ocrx_word' id='word_1_91' title='bbox 1271 979 1396 1019; x_wconf 84' lang='lat' dir='ltr'><strong>esse</strong></span> <span class='ocrx_word' id='word_1_92' title='bbox 1436 964 1750 1035; x_wconf 87' lang='lat' dir='ltr'><strong>interpretis</strong></span> <span class='ocrx_word' id='word_1_93' title='bbox 1785 981 2000 1035; x_wconf 86' lang='lat' dir='ltr'><strong>semper</strong></span> <span class='ocrx_word' id='word_1_94' title='bbox 2044 967 2374 1040; x_wconf 72' lang='lat' dir='ltr'><strong>existimavi,</strong></span> <span class='ocrx_word' id='word_1_95' title='bbox 2404 967 2477 1021; x_wconf 90' lang='lat' dir='ltr'><strong>ita</strong></span> <span class='ocrx_word' id='word_1_96' title='bbox 2509 977 2686 1024; x_wconf 91' lang='lat' dir='ltr'><strong>tamen</strong></span> <span class='ocrx_word' id='word_1_97' title='bbox 2718 972 2860 1040; x_wconf 89' lang='lat' dir='ltr'><strong>quod</strong></span> <span class='ocrx_word' id='word_1_98' title='bbox 2895 972 3102 1025; x_wconf 92' lang='lat' dir='ltr'><strong>nulhun</strong></span> <span class='ocrx_word' id='word_1_99' title='bbox 3130 972 3202 1027; x_wconf 89' lang='lat' dir='ltr'><strong>sit</strong></span> <span class='ocrx_word' id='word_1_100' title='bbox 3235 987 3359 1028; x_wconf 86' lang='lat' dir='ltr'><strong>ver-</strong></span> 
     </span>
    </p>
   </div>
   <div class='ocr_carea' id='block_1_10' title="bbox 94 1038 3358 1125">
    <p class='ocr_par' dir='ltr' id='par_1_10' title="bbox 94 1038 3358 1125">
     <span class='ocr_line' id='line_1_10' title="bbox 94 1038 3358 1125; baseline 0.003 -15"><span class='ocrx_word' id='word_1_101' title='bbox 94 1055 241 1110; x_wconf 85' lang='lat' dir='ltr'><strong>bum</strong></span> <span class='ocrx_word' id='word_1_102' title='bbox 275 1055 422 1125; x_wconf 91' lang='lat' dir='ltr'><strong>quod</strong></span> <span class='ocrx_word' id='word_1_103' title='bbox 450 1071 558 1109; x_wconf 92' lang='lat' dir='ltr'><strong>non</strong></span> <span class='ocrx_word' id='word_1_104' title='bbox 608 1056 948 1125; x_wconf 79' lang='lat' dir='ltr'><strong>explicarim,</strong></span> <span class='ocrx_word' id='word_1_105' title='bbox 979 1056 1301 1125; x_wconf 86' lang='lat' dir='ltr'><strong>nullumque</strong></span> <span class='ocrx_word' id='word_1_106' title='bbox 1343 1057 1644 1111; x_wconf 84' lang='lat' dir='ltr'><strong>addiderim</strong></span> <span class='ocrx_word' id='word_1_107' title='bbox 1690 1072 1718 1110; x_wconf 92' lang='lat' dir='ltr'><strong>a</strong></span> <span class='ocrx_word' id='word_1_108' title='bbox 1762 1056 2029 1111; x_wconf 85' lang='lat' dir='ltr'><strong>sententia</strong></span> <span class='ocrx_word' id='word_1_109' title='bbox 2072 1038 2330 1111; x_wconf 83' lang='lat' dir='ltr'><strong>alienum.</strong></span> <span class='ocrx_word' id='word_1_110' title='bbox 2368 1056 2472 1114; x_wconf 67' lang='lat' dir='ltr'><strong>Ubi.</strong></span> <span class='ocrx_word' id='word_1_111' title='bbox 2513 1075 2695 1115; x_wconf 85' lang='lat' dir='ltr'><strong>rerum</strong></span> <span class='ocrx_word' id='word_1_112' title='bbox 2745 1063 2898 1119; x_wconf 77' lang='lat' dir='ltr'><strong>ordo.</strong></span> <span class='ocrx_word' id='word_1_113' title='bbox 2929 1063 3013 1117; x_wconf 89' lang='lat' dir='ltr'><strong>vel</strong></span> <span class='ocrx_word' id='word_1_114' title='bbox 3043 1064 3358 1122; x_wconf 78' lang='lat' dir='ltr'><strong>obscuritas</strong></span> 
     </span>
    </p>
   </div>
   <div class='ocr_carea' id='block_1_11' title="bbox 90 1148 3356 1222">
    <p class='ocr_par' dir='ltr' id='par_1_11' title="bbox 90 1148 3356 1222">
     <span class='ocr_line' id='line_1_11' title="bbox 90 1148 3356 1222; baseline 0.003 -20"><span class='ocrx_word' id='word_1_115' title='bbox 90 1149 370 1202; x_wconf 80' lang='lat' dir='ltr'><strong>dictionis</strong></span> <span class='ocrx_word' id='word_1_116' title='bbox 412 1148 462 1201; x_wconf 91' lang='lat' dir='ltr'><strong>id</strong></span> <span class='ocrx_word' id='word_1_117' title='bbox 495 1150 774 1218; x_wconf 87' lang='lat' dir='ltr'><strong>poscebat,</strong></span> <span class='ocrx_word' id='word_1_118' title='bbox 803 1149 1104 1204; x_wconf 87' lang='lat' dir='ltr'><strong>blandienti</strong></span> <span class='ocrx_word' id='word_1_119' title='bbox 1137 1150 1547 1220; x_wconf 85' lang='lat' dir='ltr'><strong>quuriantique</strong></span> <span class='ocrx_word' id='word_1_120' title='bbox 1576 1150 1808 1204; x_wconf 86' lang='lat' dir='ltr'><strong>orationi</strong></span> <span class='ocrx_word' id='word_1_121' title='bbox 1859 1149 2063 1220; x_wconf 88' lang='lat' dir='ltr'><strong>aliquid</strong></span> <span class='ocrx_word' id='word_1_122' title='bbox 2105 1151 2378 1205; x_wconf 88' lang='lat' dir='ltr'><strong>concessi.</strong></span> <span class='ocrx_word' id='word_1_123' title='bbox 2406 1149 2755 1222; x_wconf 82' lang='lat' dir='ltr'><strong>Quapropter</strong></span> <span class='ocrx_word' id='word_1_124' title='bbox 2791 1169 2890 1210; x_wconf 81' lang='lat' dir='ltr'><strong>nec</strong></span> <span class='ocrx_word' id='word_1_125' title='bbox 2923 1155 3106 1210; x_wconf 85' lang='lat' dir='ltr'><strong>verbis</strong></span> <span class='ocrx_word' id='word_1_126' title='bbox 3149 1172 3234 1210; x_wconf 91' lang='lat' dir='ltr'><strong>me</strong></span> <span class='ocrx_word' id='word_1_127' title='bbox 3265 1171 3356 1213; x_wconf 84' lang='lat' dir='ltr'><strong>as-</strong></span> 
     </span>
    </p>
   </div>
   <div class='ocr_carea' id='block_1_12' title="bbox 87 1241 3353 1319">
    <p class='ocr_par' dir='ltr' id='par_1_12' title="bbox 87 1241 3353 1319">
     <span class='ocr_line' id='line_1_12' title="bbox 87 1241 3353 1319; baseline 0.003 -27"><span class='ocrx_word' id='word_1_128' title='bbox 87 1243 298 1304; x_wconf 82' lang='lat' dir='ltr'><strong>trinxi,</strong></span> <span class='ocrx_word' id='word_1_129' title='bbox 333 1257 430 1297; x_wconf 89' lang='lat' dir='ltr'><strong>nec</strong></span> <span class='ocrx_word' id='word_1_130' title='bbox 456 1241 698 1311; x_wconf 88' lang='lat' dir='ltr'><strong>periodis</strong></span> <span class='ocrx_word' id='word_1_131' title='bbox 727 1243 1002 1312; x_wconf 76' lang='lat' dir='ltr'><strong>colligari,</strong></span> <span class='ocrx_word' id='word_1_132' title='bbox 1041 1243 1339 1299; x_wconf 88' lang='lat' dir='ltr'><strong>dummodo</strong></span> <span class='ocrx_word' id='word_1_133' title='bbox 1375 1244 1700 1299; x_wconf 88' lang='lat' dir='ltr'><strong>sententiam</strong></span> <span class='ocrx_word' id='word_1_134' title='bbox 1724 1244 2050 1314; x_wconf 79' lang='lat' dir='ltr'><strong>explicarem</strong></span> <span class='ocrx_word' id='word_1_135' title='bbox 2085 1264 2100 1300; x_wconf 88' lang='lat'>:</span> <span class='ocrx_word' id='word_1_136' title='bbox 2135 1259 2294 1314; x_wconf 90' lang='lat' dir='ltr'><strong>quam</strong></span> <span class='ocrx_word' id='word_1_137' title='bbox 2326 1245 2674 1314; x_wconf 80' lang='lat' dir='ltr'><strong>antiquorum</strong></span> <span class='ocrx_word' id='word_1_138' title='bbox 2703 1254 2760 1300; x_wconf 90' lang='lat' dir='ltr'><strong>ut</strong></span> <span class='ocrx_word' id='word_1_139' title='bbox 2784 1249 2929 1317; x_wconf 89' lang='lat' dir='ltr'><strong>potui</strong></span> <span class='ocrx_word' id='word_1_140' title='bbox 2953 1258 3005 1302; x_wconf 88' lang='lat' dir='ltr'><strong>et</strong></span> <span class='ocrx_word' id='word_1_141' title='bbox 3026 1246 3185 1302; x_wconf 88' lang='lat' dir='ltr'><strong>Plinii</strong></span> <span class='ocrx_word' id='word_1_142' title='bbox 3211 1265 3353 1319; x_wconf 76' lang='lat' dir='ltr'><strong>pra:-</strong></span> 
     </span>
    </p>
   </div>
   <div class='ocr_carea' id='block_1_13' title="bbox 89 1334 3355 1411">
    <p class='ocr_par' dir='ltr' id='par_1_13' title="bbox 89 1334 3355 1411">
     <span class='ocr_line' id='line_1_13' title="bbox 89 1334 3355 1411; baseline 0.004 -27"><span class='ocrx_word' id='word_1_143' title='bbox 89 1334 297 1387; x_wconf 87' lang='lat' dir='ltr'><strong>sertim</strong></span> <span class='ocrx_word' id='word_1_144' title='bbox 329 1336 510 1389; x_wconf 82' lang='lat' dir='ltr'><strong>verbis</strong></span> <span class='ocrx_word' id='word_1_145' title='bbox 537 1336 803 1404; x_wconf 83' lang='lat' dir='ltr'><strong>expressi.</strong></span> <span class='ocrx_word' id='word_1_146' title='bbox 843 1335 921 1388; x_wconf 79' lang='lat' dir='ltr'><strong>Ad</strong></span> <span class='ocrx_word' id='word_1_147' title='bbox 960 1352 1141 1390; x_wconf 90' lang='lat' dir='ltr'><strong>rerum</strong></span> <span class='ocrx_word' id='word_1_148' title='bbox 1170 1339 1315 1392; x_wconf 90' lang='lat' dir='ltr'><strong>enim</strong></span> <span class='ocrx_word' id='word_1_149' title='bbox 1353 1347 1580 1392; x_wconf 90' lang='lat' dir='ltr'><strong>naturas</strong></span> <span class='ocrx_word' id='word_1_150' title='bbox 1615 1338 1942 1408; x_wconf 84' lang='lat' dir='ltr'><strong>ingeniaque</strong></span> <span class='ocrx_word' id='word_1_151' title='bbox 1963 1339 2281 1409; x_wconf 85' lang='lat' dir='ltr'><strong>exponenda</strong></span> <span class='ocrx_word' id='word_1_152' title='bbox 2316 1338 2565 1393; x_wconf 80' lang='lat' dir='ltr'><strong>Pliniano</strong></span> <span class='ocrx_word' id='word_1_153' title='bbox 2595 1341 2736 1411; x_wconf 63' lang='lat' dir='ltr'><strong>sljlo</strong></span> <span class='ocrx_word' id='word_1_154' title='bbox 2762 1342 2945 1396; x_wconf 88' lang='lat' dir='ltr'><strong>nullus</strong></span> <span class='ocrx_word' id='word_1_155' title='bbox 2974 1343 3103 1395; x_wconf 88' lang='lat' dir='ltr'><strong>miht</strong></span> <span class='ocrx_word' id='word_1_156' title='bbox 3137 1341 3355 1399; x_wconf 85' lang='lat' dir='ltr'><strong>videtur</strong></span> 
     </span>
    </p>
   </div>
   <div class='ocr_carea' id='block_1_14' title="bbox 90 1427 3352 1500">
    <p class='ocr_par' dir='ltr' id='par_1_14' title="bbox 90 1427 3352 1500">
     <span class='ocr_line' id='line_1_14' title="bbox 90 1427 3352 1500; baseline 0.003 -23"><span class='ocrx_word' id='word_1_157' title='bbox 90 1427 304 1494; x_wconf 83' lang='lat' dir='ltr'><strong>aptior,</strong></span> <span class='ocrx_word' id='word_1_158' title='bbox 335 1428 519 1482; x_wconf 90' lang='lat' dir='ltr'><strong>nullus</strong></span> <span class='ocrx_word' id='word_1_159' title='bbox 551 1428 1038 1493; x_wconf 82' lang='lat' dir='ltr'><strong>accommodatior,</strong></span> <span class='ocrx_word' id='word_1_160' title='bbox 1076 1431 1438 1499; x_wconf 84' lang='lat' dir='ltr'><strong>opportunior</strong></span> <span class='ocrx_word' id='word_1_161' title='bbox 1461 1431 1665 1484; x_wconf 90' lang='lat' dir='ltr'><strong>nullus.</strong></span> <span class='ocrx_word' id='word_1_162' title='bbox 1699 1429 1855 1495; x_wconf 89' lang='lat' dir='ltr'><strong>Quod</strong></span> <span class='ocrx_word' id='word_1_163' title='bbox 1889 1446 1956 1484; x_wconf 91' lang='lat' dir='ltr'><strong>an</strong></span> <span class='ocrx_word' id='word_1_164' title='bbox 1989 1431 2091 1484; x_wconf 89' lang='lat' dir='ltr'><strong>sim</strong></span> <span class='ocrx_word' id='word_1_165' title='bbox 2124 1441 2407 1486; x_wconf 83' lang='lat' dir='ltr'><strong>assecutus</strong></span> <span class='ocrx_word' id='word_1_166' title='bbox 2439 1432 2853 1500; x_wconf 71' lang='lat' dir='ltr'><strong>mquusjudicet</strong></span> <span class='ocrx_word' id='word_1_167' title='bbox 2888 1433 3075 1486; x_wconf 90' lang='lat' dir='ltr'><strong>lector.</strong></span> <span class='ocrx_word' id='word_1_168' title='bbox 3111 1433 3169 1488; x_wconf 87' lang='lat' dir='ltr'><strong>In</strong></span> <span class='ocrx_word' id='word_1_169' title='bbox 3200 1441 3219 1486; x_wconf 93' lang='lat' dir='ltr'><strong>t</strong></span> <span class='ocrx_word' id='word_1_170' title='bbox 3255 1447 3352 1488; x_wconf 87' lang='lat' dir='ltr'><strong>xtu</strong></span> 
     </span>
    </p>
   </div>
   <div class='ocr_carea' id='block_1_15' title="bbox 89 1515 3352 1595">
    <p class='ocr_par' dir='ltr' id='par_1_15' title="bbox 89 1515 3352 1595">
     <span class='ocr_line' id='line_1_15' title="bbox 89 1515 3352 1595; baseline 0.004 -25"><span class='ocrx_word' id='word_1_171' title='bbox 89 1515 295 1570; x_wconf 68' lang='lat' dir='ltr'><strong>Graeco</strong></span> <span class='ocrx_word' id='word_1_172' title='bbox 340 1519 475 1572; x_wconf 86' lang='lat' dir='ltr'><strong>nihil</strong></span> <span class='ocrx_word' id='word_1_173' title='bbox 517 1519 822 1587; x_wconf 75' lang='lat' dir='ltr'><strong>immutari,</strong></span> <span class='ocrx_word' id='word_1_174' title='bbox 855 1524 988 1576; x_wconf 89' lang='lat' dir='ltr'><strong>nihil</strong></span> <span class='ocrx_word' id='word_1_175' title='bbox 1020 1524 1362 1586; x_wconf 88' lang='lat' dir='ltr'><strong>detruncavi,</strong></span> <span class='ocrx_word' id='word_1_176' title='bbox 1394 1524 1527 1578; x_wconf 84' lang='lat' dir='ltr'><strong>nihil</strong></span> <span class='ocrx_word' id='word_1_177' title='bbox 1563 1524 1768 1579; x_wconf 82' lang='lat' dir='ltr'><strong>addidi.</strong></span> <span class='ocrx_word' id='word_1_178' title='bbox 1815 1523 1921 1579; x_wconf 87' lang='lat' dir='ltr'><strong>Sed</strong></span> <span class='ocrx_word' id='word_1_179' title='bbox 1952 1534 2010 1579; x_wconf 89' lang='lat' dir='ltr'><strong>ut</strong></span> <span class='ocrx_word' id='word_1_180' title='bbox 2037 1525 2224 1586; x_wconf 85' lang='lat' dir='ltr'><strong>habui.</strong></span> <span class='ocrx_word' id='word_1_181' title='bbox 2261 1526 2443 1579; x_wconf 89' lang='lat' dir='ltr'><strong>omnia</strong></span> <span class='ocrx_word' id='word_1_182' title='bbox 2487 1542 2620 1595; x_wconf 90' lang='lat' dir='ltr'><strong>pure</strong></span> <span class='ocrx_word' id='word_1_183' title='bbox 2662 1525 2808 1580; x_wconf 89' lang='lat' dir='ltr'><strong>dedi.</strong></span> <span class='ocrx_word' id='word_1_184' title='bbox 2839 1525 3110 1592; x_wconf 79' lang='lat' dir='ltr'><strong>Quoniam</strong></span> <span class='ocrx_word' id='word_1_185' title='bbox 3167 1537 3352 1582; x_wconf 73' lang='lat' dir='ltr'><strong>autem</strong></span> 
     </span>
    </p>
   </div>
   <div class='ocr_carea' id='block_1_16' title="bbox 89 1610 3352 1688">
    <p class='ocr_par' dir='ltr' id='par_1_16' title="bbox 89 1610 3352 1688">
     <span class='ocr_line' id='line_1_16' title="bbox 89 1610 3352 1688; baseline 0.003 -25"><span class='ocrx_word' id='word_1_186' title='bbox 89 1610 295 1663; x_wconf 80' lang='lat' dir='ltr'><strong>multis</strong></span> <span class='ocrx_word' id='word_1_187' title='bbox 324 1612 378 1664; x_wconf 92' lang='lat' dir='ltr'><strong>in</strong></span> <span class='ocrx_word' id='word_1_188' title='bbox 412 1612 541 1666; x_wconf 76' lang='lat' dir='ltr'><strong>locis</strong></span> <span class='ocrx_word' id='word_1_189' title='bbox 575 1621 760 1668; x_wconf 81' lang='lat' dir='ltr'><strong>textus</strong></span> <span class='ocrx_word' id='word_1_190' title='bbox 790 1625 906 1669; x_wconf 89' lang='lat' dir='ltr'><strong>erat</strong></span> <span class='ocrx_word' id='word_1_191' title='bbox 935 1617 1180 1679; x_wconf 88' lang='lat' dir='ltr'><strong>mutilus,</strong></span> <span class='ocrx_word' id='word_1_192' title='bbox 1217 1617 1534 1680; x_wconf 82' lang='lat' dir='ltr'><strong>lacunosus,</strong></span> <span class='ocrx_word' id='word_1_193' title='bbox 1568 1617 1843 1682; x_wconf 90' lang='lat' dir='ltr'><strong>inversus,</strong></span> <span class='ocrx_word' id='word_1_194' title='bbox 1877 1618 2170 1688; x_wconf 81' lang='lat' dir='ltr'><strong>multisque</strong></span> <span class='ocrx_word' id='word_1_195' title='bbox 2203 1618 2366 1672; x_wconf 89' lang='lat' dir='ltr'><strong>etiam</strong></span> <span class='ocrx_word' id='word_1_196' title='bbox 2395 1622 2687 1677; x_wconf 86' lang='lat' dir='ltr'><strong>obscurus.</strong></span> <span class='ocrx_word' id='word_1_197' title='bbox 2724 1634 2792 1673; x_wconf 89' lang='lat' dir='ltr'><strong>ne</strong></span> <span class='ocrx_word' id='word_1_198' title='bbox 2820 1627 3077 1688; x_wconf 88' lang='lat' dir='ltr'><strong>tanquam</strong></span> <span class='ocrx_word' id='word_1_199' title='bbox 3113 1634 3226 1673; x_wconf 89' lang='lat' dir='ltr'><strong>rem</strong></span> <span class='ocrx_word' id='word_1_200' title='bbox 3254 1619 3352 1675; x_wconf 90' lang='lat' dir='ltr'><strong>de-</strong></span> 
     </span>
    </p>
   </div>
   <div class='ocr_carea' id='block_1_17' title="bbox 90 1705 3350 1781">
    <p class='ocr_par' dir='ltr' id='par_1_17' title="bbox 90 1705 3350 1781">
     <span class='ocr_line' id='line_1_17' title="bbox 90 1705 3350 1781; baseline 0.002 -25"><span class='ocrx_word' id='word_1_201' title='bbox 90 1714 379 1770; x_wconf 87' lang='lat' dir='ltr'><strong>speratam</strong></span> <span class='ocrx_word' id='word_1_202' title='bbox 413 1705 793 1773; x_wconf 89' lang='lat' dir='ltr'><strong>abjiceremus,</strong></span> <span class='ocrx_word' id='word_1_203' title='bbox 827 1718 987 1765; x_wconf 87' lang='lat' dir='ltr'><strong>notas</strong></span> <span class='ocrx_word' id='word_1_204' title='bbox 1013 1717 1066 1764; x_wconf 91' lang='lat' dir='ltr'><strong>et</strong></span> <span class='ocrx_word' id='word_1_205' title='bbox 1093 1710 1428 1764; x_wconf 81' lang='lat' dir='ltr'><strong>collectanea</strong></span> <span class='ocrx_word' id='word_1_206' title='bbox 1472 1711 1752 1778; x_wconf 85' lang='lat' dir='ltr'><strong>subjuuxi.</strong></span> <span class='ocrx_word' id='word_1_207' title='bbox 1786 1711 1989 1781; x_wconf 76' lang='lat' dir='ltr'><strong>quibus</strong></span> <span class='ocrx_word' id='word_1_208' title='bbox 2036 1713 2128 1766; x_wconf 88' lang='lat' dir='ltr'><strong>illa</strong></span> <span class='ocrx_word' id='word_1_209' title='bbox 2164 1713 2282 1767; x_wconf 91' lang='lat' dir='ltr'><strong>loca</strong></span> <span class='ocrx_word' id='word_1_210' title='bbox 2318 1713 2403 1767; x_wconf 81' lang='lat' dir='ltr'><strong>vel</strong></span> <span class='ocrx_word' id='word_1_211' title='bbox 2446 1712 2826 1771; x_wconf 79' lang='lat' dir='ltr'><strong>emendantur.</strong></span> <span class='ocrx_word' id='word_1_212' title='bbox 2869 1714 2951 1766; x_wconf 90' lang='lat' dir='ltr'><strong>vel</strong></span> <span class='ocrx_word' id='word_1_213' title='bbox 2987 1712 3350 1781; x_wconf 83' lang='lat' dir='ltr'><strong>supplentur,</strong></span> 
     </span>
    </p>
   </div>
   <div class='ocr_carea' id='block_1_18' title="bbox 91 1791 3355 1872">
    <p class='ocr_par' dir='ltr' id='par_1_18' title="bbox 91 1791 3355 1872">
     <span class='ocr_line' id='line_1_18' title="bbox 91 1791 3355 1872; baseline 0.002 -25"><span class='ocrx_word' id='word_1_214' title='bbox 91 1795 180 1848; x_wconf 89' lang='lat' dir='ltr'><strong>vel</strong></span> <span class='ocrx_word' id='word_1_215' title='bbox 219 1797 289 1850; x_wconf 91' lang='lat' dir='ltr'><strong>ad</strong></span> <span class='ocrx_word' id='word_1_216' title='bbox 321 1798 605 1866; x_wconf 85' lang='lat' dir='ltr'><strong>pristinam</strong></span> <span class='ocrx_word' id='word_1_217' title='bbox 641 1800 866 1854; x_wconf 85' lang='lat' dir='ltr'><strong>l&#39;ormatn</strong></span> <span class='ocrx_word' id='word_1_218' title='bbox 909 1800 1278 1867; x_wconf 87' lang='lat' dir='ltr'><strong>reducuntur;</strong></span> <span class='ocrx_word' id='word_1_219' title='bbox 1304 1800 1466 1870; x_wconf 85' lang='lat' dir='ltr'><strong>idque</strong></span> <span class='ocrx_word' id='word_1_220' title='bbox 1497 1791 1730 1855; x_wconf 82' lang='lat' dir='ltr'><strong>aliorum</strong></span> <span class='ocrx_word' id='word_1_221' title='bbox 1755 1800 1977 1854; x_wconf 85' lang='lat' dir='ltr'><strong>Patrum</strong></span> <span class='ocrx_word' id='word_1_222' title='bbox 2015 1805 2453 1872; x_wconf 66' lang='lat' dir='ltr'><strong>scriptorumque</strong></span> <span class='ocrx_word' id='word_1_223' title='bbox 2483 1801 2650 1858; x_wconf 79' lang='lat' dir='ltr'><strong>fultus</strong></span> <span class='ocrx_word' id='word_1_224' title='bbox 2681 1801 2988 1867; x_wconf 85' lang='lat' dir='ltr'><strong>sententiis,</strong></span> <span class='ocrx_word' id='word_1_225' title='bbox 3023 1802 3355 1871; x_wconf 82' lang='lat' dir='ltr'><strong>quandoque</strong></span> 
     </span>
    </p>
   </div>
   <div class='ocr_carea' id='block_1_19' title="bbox 90 1891 3354 1963">
    <p class='ocr_par' dir='ltr' id='par_1_19' title="bbox 90 1891 3354 1963">
     <span class='ocr_line' id='line_1_19' title="bbox 90 1891 3354 1963; baseline 0.001 -20"><span class='ocrx_word' id='word_1_226' title='bbox 90 1891 263 1943; x_wconf 86' lang='lat' dir='ltr'><strong>etiam</strong></span> <span class='ocrx_word' id='word_1_227' title='bbox 303 1891 438 1943; x_wconf 90' lang='lat' dir='ltr'><strong>meis</strong></span> <span class='ocrx_word' id='word_1_228' title='bbox 467 1905 759 1960; x_wconf 81' lang='lat' dir='ltr'><strong>aggressus</strong></span> <span class='ocrx_word' id='word_1_229' title='bbox 787 1909 930 1954; x_wconf 89' lang='lat' dir='ltr'><strong>sum,</strong></span> <span class='ocrx_word' id='word_1_230' title='bbox 961 1901 1015 1946; x_wconf 90' lang='lat' dir='ltr'><strong>et</strong></span> <span class='ocrx_word' id='word_1_231' title='bbox 1050 1908 1424 1963; x_wconf 56' lang='lat' dir='ltr'><strong>saepenumero</strong></span> <span class='ocrx_word' id='word_1_232' title='bbox 1453 1897 1614 1947; x_wconf 88' lang='lat' dir='ltr'><strong>etiam</strong></span> <span class='ocrx_word' id='word_1_233' title='bbox 1641 1894 1902 1949; x_wconf 86' lang='lat' dir='ltr'><strong>divinavi.</strong></span> <span class='ocrx_word' id='word_1_234' title='bbox 1938 1894 2032 1948; x_wconf 90' lang='lat' dir='ltr'><strong>Sat</strong></span> <span class='ocrx_word' id='word_1_235' title='bbox 2058 1897 2174 1950; x_wconf 89' lang='lat' dir='ltr'><strong>scio</strong></span> <span class='ocrx_word' id='word_1_236' title='bbox 2197 1911 2376 1950; x_wconf 87' lang='lat' dir='ltr'><strong>meum</strong></span> <span class='ocrx_word' id='word_1_237' title='bbox 2409 1893 2676 1958; x_wconf 86' lang='lat' dir='ltr'><strong>studium,</strong></span> <span class='ocrx_word' id='word_1_238' title='bbox 2700 1904 2754 1948; x_wconf 91' lang='lat' dir='ltr'><strong>et</strong></span> <span class='ocrx_word' id='word_1_239' title='bbox 2783 1894 3105 1948; x_wconf 89' lang='lat' dir='ltr'><strong>industriam</strong></span> <span class='ocrx_word' id='word_1_240' title='bbox 3137 1895 3354 1962; x_wconf 86' lang='lat' dir='ltr'><strong>iniquos</strong></span> 
     </span>
    </p>
   </div>
   <div class='ocr_carea' id='block_1_20' title="bbox 93 1981 3347 2057">
    <p class='ocr_par' dir='ltr' id='par_1_20' title="bbox 93 1981 3347 2057">
     <span class='ocr_line' id='line_1_20' title="bbox 93 1981 3347 2057; baseline 0.002 -23"><span class='ocrx_word' id='word_1_241' title='bbox 93 1997 382 2036; x_wconf 85' lang='lat' dir='ltr'><strong>venenoso</strong></span> <span class='ocrx_word' id='word_1_242' title='bbox 418 1981 570 2035; x_wconf 90' lang='lat' dir='ltr'><strong>hiatu</strong></span> <span class='ocrx_word' id='word_1_243' title='bbox 612 1985 862 2054; x_wconf 82' lang='lat' dir='ltr'><strong>rictuque</strong></span> <span class='ocrx_word' id='word_1_244' title='bbox 907 1984 1327 2047; x_wconf 86' lang='lat' dir='ltr'><strong>dilaceraturos,</strong></span> <span class='ocrx_word' id='word_1_245' title='bbox 1361 2000 1484 2040; x_wconf 90' lang='lat' dir='ltr'><strong>cum</strong></span> <span class='ocrx_word' id='word_1_246' title='bbox 1525 1985 1628 2056; x_wconf 82' lang='lat' dir='ltr'><strong>ipsi</strong></span> <span class='ocrx_word' id='word_1_247' title='bbox 1663 2003 1772 2040; x_wconf 92' lang='lat' dir='ltr'><strong>non</strong></span> <span class='ocrx_word' id='word_1_248' title='bbox 1801 1989 2015 2057; x_wconf 90' lang='lat' dir='ltr'><strong>possint</strong></span> <span class='ocrx_word' id='word_1_249' title='bbox 2048 1989 2297 2042; x_wconf 77' lang='lat' dir='ltr'><strong>meliora.</strong></span> <span class='ocrx_word' id='word_1_250' title='bbox 2331 1985 2448 2040; x_wconf 84' lang='lat' dir='ltr'><strong>Non</strong></span> <span class='ocrx_word' id='word_1_251' title='bbox 2479 1988 2738 2042; x_wconf 88' lang='lat' dir='ltr'><strong>desistam</strong></span> <span class='ocrx_word' id='word_1_252' title='bbox 2779 1993 2965 2042; x_wconf 88' lang='lat' dir='ltr'><strong>tamen</strong></span> <span class='ocrx_word' id='word_1_253' title='bbox 2994 1987 3347 2053; x_wconf 89' lang='lat' dir='ltr'><strong>absterritus,</strong></span> 
     </span>
    </p>
   </div>
   <div class='ocr_carea' id='block_1_21' title="bbox 91 2077 3354 2150">
    <p class='ocr_par' dir='ltr' id='par_1_21' title="bbox 91 2077 3354 2150">
     <span class='ocr_line' id='line_1_21' title="bbox 91 2077 3354 2150; baseline 0.002 -25"><span class='ocrx_word' id='word_1_254' title='bbox 91 2077 230 2144; x_wconf 88' lang='lat' dir='ltr'><strong>quin</strong></span> <span class='ocrx_word' id='word_1_255' title='bbox 270 2077 504 2131; x_wconf 82' lang='lat' dir='ltr'><strong>alacrior</strong></span> <span class='ocrx_word' id='word_1_256' title='bbox 530 2078 597 2132; x_wconf 89' lang='lat' dir='ltr'><strong>dc</strong></span> <span class='ocrx_word' id='word_1_257' title='bbox 617 2079 737 2132; x_wconf 85' lang='lat' dir='ltr'><strong>aliis</strong></span> <span class='ocrx_word' id='word_1_258' title='bbox 768 2077 904 2133; x_wconf 87' lang='lat' dir='ltr'><strong>bene</strong></span> <span class='ocrx_word' id='word_1_259' title='bbox 940 2079 1134 2133; x_wconf 90' lang='lat' dir='ltr'><strong>mereri</strong></span> <span class='ocrx_word' id='word_1_260' title='bbox 1165 2079 1426 2132; x_wconf 86' lang='lat' dir='ltr'><strong>conabor.</strong></span> <span class='ocrx_word' id='word_1_261' title='bbox 1467 2080 1522 2133; x_wconf 91' lang='lat' dir='ltr'><strong>In</strong></span> <span class='ocrx_word' id='word_1_262' title='bbox 1557 2081 1700 2134; x_wconf 90' lang='lat' dir='ltr'><strong>notis</strong></span> <span class='ocrx_word' id='word_1_263' title='bbox 1735 2080 1812 2133; x_wconf 80' lang='lat' dir='ltr'><strong>fui</strong></span> <span class='ocrx_word' id='word_1_264' title='bbox 1835 2081 2129 2150; x_wconf 70' lang='lat' dir='ltr'><strong>prolixior;</strong></span> <span class='ocrx_word' id='word_1_265' title='bbox 2159 2081 2328 2134; x_wconf 90' lang='lat' dir='ltr'><strong>multa</strong></span> <span class='ocrx_word' id='word_1_266' title='bbox 2361 2096 2594 2149; x_wconf 85' lang='lat' dir='ltr'><strong>namque</strong></span> <span class='ocrx_word' id='word_1_267' title='bbox 2627 2095 2747 2148; x_wconf 74' lang='lat' dir='ltr'><strong>qua:</strong></span> <span class='ocrx_word' id='word_1_268' title='bbox 2769 2079 3131 2133; x_wconf 79' lang='lat' dir='ltr'><strong>occurrebant</strong></span> <span class='ocrx_word' id='word_1_269' title='bbox 3164 2095 3354 2134; x_wconf 86' lang='lat' dir='ltr'><strong>neces-</strong></span> 
     </span>
    </p>
   </div>
   <div class='ocr_carea' id='block_1_22' title="bbox 93 2168 3352 2243">
    <p class='ocr_par' dir='ltr' id='par_1_22' title="bbox 93 2168 3352 2243">
     <span class='ocr_line' id='line_1_22' title="bbox 93 2168 3352 2243; baseline -0 -19"><span class='ocrx_word' id='word_1_270' title='bbox 93 2170 270 2229; x_wconf 85' lang='lat' dir='ltr'><strong>saria,</strong></span> <span class='ocrx_word' id='word_1_271' title='bbox 317 2178 370 2222; x_wconf 90' lang='lat' dir='ltr'><strong>et</strong></span> <span class='ocrx_word' id='word_1_272' title='bbox 406 2168 570 2223; x_wconf 88' lang='lat' dir='ltr'><strong>dubia</strong></span> <span class='ocrx_word' id='word_1_273' title='bbox 604 2171 872 2239; x_wconf 76' lang='lat' dir='ltr'><strong>explicavi</strong></span> <span class='ocrx_word' id='word_1_274' title='bbox 907 2171 1139 2223; x_wconf 89' lang='lat' dir='ltr'><strong>aliorum</strong></span> <span class='ocrx_word' id='word_1_275' title='bbox 1181 2179 1466 2224; x_wconf 91' lang='lat' dir='ltr'><strong>auctorum</strong></span> <span class='ocrx_word' id='word_1_276' title='bbox 1513 2173 1826 2236; x_wconf 88' lang='lat' dir='ltr'><strong>collatione,</strong></span> <span class='ocrx_word' id='word_1_277' title='bbox 1860 2188 2094 2243; x_wconf 89' lang='lat' dir='ltr'><strong>quorum</strong></span> <span class='ocrx_word' id='word_1_278' title='bbox 2135 2173 2250 2225; x_wconf 91' lang='lat' dir='ltr'><strong>loca</strong></span> <span class='ocrx_word' id='word_1_279' title='bbox 2297 2171 2592 2241; x_wconf 80' lang='lat' dir='ltr'><strong>exscripsi,</strong></span> <span class='ocrx_word' id='word_1_280' title='bbox 2631 2186 2698 2225; x_wconf 90' lang='lat' dir='ltr'><strong>ne</strong></span> <span class='ocrx_word' id='word_1_281' title='bbox 2739 2171 2930 2231; x_wconf 90' lang='lat' dir='ltr'><strong>lector,</strong></span> <span class='ocrx_word' id='word_1_282' title='bbox 2964 2173 3048 2225; x_wconf 86' lang='lat' dir='ltr'><strong>vel</strong></span> <span class='ocrx_word' id='word_1_283' title='bbox 3095 2177 3352 2224; x_wconf 81' lang='lat' dir='ltr'><strong>auctores</strong></span> 
     </span>
    </p>
   </div>
   <div class='ocr_carea' id='block_1_23' title="bbox 91 2262 3349 2334">
    <p class='ocr_par' dir='ltr' id='par_1_23' title="bbox 91 2262 3349 2334">
     <span class='ocr_line' id='line_1_23' title="bbox 91 2262 3349 2334; baseline 0.001 -18"><span class='ocrx_word' id='word_1_284' title='bbox 91 2262 356 2318; x_wconf 88' lang='lat' dir='ltr'><strong>habendo</strong></span> <span class='ocrx_word' id='word_1_285' title='bbox 389 2265 554 2318; x_wconf 90' lang='lat' dir='ltr'><strong>nimis</strong></span> <span class='ocrx_word' id='word_1_286' title='bbox 594 2264 901 2334; x_wconf 87' lang='lat' dir='ltr'><strong>fatigareris</strong></span> <span class='ocrx_word' id='word_1_287' title='bbox 930 2265 984 2319; x_wconf 91' lang='lat' dir='ltr'><strong>in</strong></span> <span class='ocrx_word' id='word_1_288' title='bbox 1017 2265 1125 2319; x_wconf 89' lang='lat' dir='ltr'><strong>illis</strong></span> <span class='ocrx_word' id='word_1_289' title='bbox 1172 2266 1535 2329; x_wconf 72' lang='lat' dir='ltr'><strong>inveniendis,</strong></span> <span class='ocrx_word' id='word_1_290' title='bbox 1567 2267 1649 2320; x_wconf 86' lang='lat' dir='ltr'><strong>vel</strong></span> <span class='ocrx_word' id='word_1_291' title='bbox 1693 2282 1804 2322; x_wconf 91' lang='lat' dir='ltr'><strong>non</strong></span> <span class='ocrx_word' id='word_1_292' title='bbox 1855 2265 2128 2327; x_wconf 89' lang='lat' dir='ltr'><strong>habendo,</strong></span> <span class='ocrx_word' id='word_1_293' title='bbox 2163 2265 2500 2319; x_wconf 77' lang='lat' dir='ltr'><strong>lraudareris</strong></span> <span class='ocrx_word' id='word_1_294' title='bbox 2543 2279 2660 2334; x_wconf 80' lang='lat' dir='ltr'><strong>spe,</strong></span> <span class='ocrx_word' id='word_1_295' title='bbox 2695 2273 2747 2318; x_wconf 90' lang='lat' dir='ltr'><strong>et</strong></span> <span class='ocrx_word' id='word_1_296' title='bbox 2789 2265 3064 2321; x_wconf 84' lang='lat' dir='ltr'><strong>desiderio</strong></span> <span class='ocrx_word' id='word_1_297' title='bbox 3106 2265 3231 2318; x_wconf 88' lang='lat' dir='ltr'><strong>illos</strong></span> <span class='ocrx_word' id='word_1_298' title='bbox 3265 2265 3349 2318; x_wconf 87' lang='lat' dir='ltr'><strong>vi-</strong></span> 
     </span>
    </p>
   </div>
   <div class='ocr_carea' id='block_1_24' title="bbox 93 2356 3347 2427">
    <p class='ocr_par' dir='ltr' id='par_1_24' title="bbox 93 2356 3347 2427">
     <span class='ocr_line' id='line_1_24' title="bbox 93 2356 3347 2427; baseline 0 -17"><span class='ocrx_word' id='word_1_299' title='bbox 93 2357 287 2411; x_wconf 90' lang='lat' dir='ltr'><strong>dendi.</strong></span> <span class='ocrx_word' id='word_1_300' title='bbox 330 2356 606 2426; x_wconf 87' lang='lat' dir='ltr'><strong>Quidquid</strong></span> <span class='ocrx_word' id='word_1_301' title='bbox 643 2365 824 2410; x_wconf 90' lang='lat' dir='ltr'><strong>tamen</strong></span> <span class='ocrx_word' id='word_1_302' title='bbox 861 2358 952 2420; x_wconf 86' lang='lat' dir='ltr'><strong>sit,</strong></span> <span class='ocrx_word' id='word_1_303' title='bbox 991 2358 1134 2427; x_wconf 89' lang='lat' dir='ltr'><strong>quod</strong></span> <span class='ocrx_word' id='word_1_304' title='bbox 1170 2358 1238 2410; x_wconf 90' lang='lat' dir='ltr'><strong>ab</strong></span> <span class='ocrx_word' id='word_1_305' title='bbox 1271 2359 1395 2411; x_wconf 91' lang='lat' dir='ltr'><strong>aliis</strong></span> <span class='ocrx_word' id='word_1_306' title='bbox 1429 2359 1480 2411; x_wconf 92' lang='lat' dir='ltr'><strong>in</strong></span> <span class='ocrx_word' id='word_1_307' title='bbox 1511 2358 1868 2426; x_wconf 77' lang='lat' dir='ltr'><strong>exponendis</strong></span> <span class='ocrx_word' id='word_1_308' title='bbox 1899 2358 2220 2412; x_wconf 87' lang='lat' dir='ltr'><strong>auctoribus</strong></span> <span class='ocrx_word' id='word_1_309' title='bbox 2251 2364 2690 2424; x_wconf 77' lang='lat' dir='ltr'><strong>exoptassemus,</strong></span> <span class='ocrx_word' id='word_1_310' title='bbox 2732 2357 2830 2410; x_wconf 92' lang='lat' dir='ltr'><strong>hoc</strong></span> <span class='ocrx_word' id='word_1_311' title='bbox 2865 2373 2966 2412; x_wconf 90' lang='lat' dir='ltr'><strong>nos</strong></span> <span class='ocrx_word' id='word_1_312' title='bbox 3010 2358 3064 2410; x_wconf 93' lang='lat' dir='ltr'><strong>in</strong></span> <span class='ocrx_word' id='word_1_313' title='bbox 3115 2357 3347 2411; x_wconf 88' lang='lat' dir='ltr'><strong>aliorum</strong></span> 
     </span>
    </p>
   </div>
   <div class='ocr_carea' id='block_1_25' title="bbox 93 2445 3349 2519">
    <p class='ocr_par' dir='ltr' id='par_1_25' title="bbox 93 2445 3349 2519">
     <span class='ocr_line' id='line_1_25' title="bbox 93 2445 3349 2519; baseline -0.001 -16"><span class='ocrx_word' id='word_1_314' title='bbox 93 2464 261 2503; x_wconf 89' lang='lat' dir='ltr'><strong>usum</strong></span> <span class='ocrx_word' id='word_1_315' title='bbox 287 2448 589 2502; x_wconf 71' lang='lat' dir='ltr'><strong>eﬂ‘ecimus.</strong></span> <span class='ocrx_word' id='word_1_316' title='bbox 627 2446 826 2518; x_wconf 90' lang='lat' dir='ltr'><strong>Sicque</strong></span> <span class='ocrx_word' id='word_1_317' title='bbox 851 2449 904 2502; x_wconf 90' lang='lat' dir='ltr'><strong>in</strong></span> <span class='ocrx_word' id='word_1_318' title='bbox 939 2449 1278 2519; x_wconf 81' lang='lat' dir='ltr'><strong>corrigendis</strong></span> <span class='ocrx_word' id='word_1_319' title='bbox 1315 2450 1438 2503; x_wconf 89' lang='lat' dir='ltr'><strong>aliis</strong></span> <span class='ocrx_word' id='word_1_320' title='bbox 1463 2459 1643 2510; x_wconf 87' lang='lat' dir='ltr'><strong>caute,</strong></span> <span class='ocrx_word' id='word_1_321' title='bbox 1679 2448 1734 2500; x_wconf 94' lang='lat' dir='ltr'><strong>in</strong></span> <span class='ocrx_word' id='word_1_322' title='bbox 1764 2447 2230 2518; x_wconf 79' lang='lat' dir='ltr'><strong>reprehendendis</strong></span> <span class='ocrx_word' id='word_1_323' title='bbox 2274 2445 2540 2510; x_wconf 82' lang='lat' dir='ltr'><strong>modeste,</strong></span> <span class='ocrx_word' id='word_1_324' title='bbox 2572 2447 2624 2499; x_wconf 91' lang='lat' dir='ltr'><strong>in</strong></span> <span class='ocrx_word' id='word_1_325' title='bbox 2668 2446 2953 2501; x_wconf 87' lang='lat' dir='ltr'><strong>laudandis</strong></span> <span class='ocrx_word' id='word_1_326' title='bbox 2975 2447 3213 2502; x_wconf 76' lang='lat' dir='ltr'><strong>oliiciose</strong></span> <span class='ocrx_word' id='word_1_327' title='bbox 3246 2464 3349 2501; x_wconf 88' lang='lat' dir='ltr'><strong>nos</strong></span> 
     </span>
    </p>
   </div>
   <div class='ocr_carea' id='block_1_26' title="bbox 91 2541 2395 2612">
    <p class='ocr_par' dir='ltr' id='par_1_26' title="bbox 91 2541 2395 2612">
     <span class='ocr_line' id='line_1_26' title="bbox 91 2541 2395 2612; baseline -0.003 -15"><span class='ocrx_word' id='word_1_328' title='bbox 91 2543 408 2612; x_wconf 75' lang='lat' dir='ltr'><strong>gessimus,</strong></span> <span class='ocrx_word' id='word_1_329' title='bbox 441 2543 899 2610; x_wconf 88' lang='lat' dir='ltr'><strong>quemadmodum</strong></span> <span class='ocrx_word' id='word_1_330' title='bbox 932 2551 987 2597; x_wconf 91' lang='lat' dir='ltr'><strong>et</strong></span> <span class='ocrx_word' id='word_1_331' title='bbox 1026 2543 1450 2596; x_wconf 87' lang='lat' dir='ltr'><strong>obtrectatorum</strong></span> <span class='ocrx_word' id='word_1_332' title='bbox 1487 2541 1539 2594; x_wconf 91' lang='lat' dir='ltr'><strong>in</strong></span> <span class='ocrx_word' id='word_1_333' title='bbox 1567 2541 1702 2594; x_wconf 91' lang='lat' dir='ltr'><strong>alios</strong></span> <span class='ocrx_word' id='word_1_334' title='bbox 1731 2542 2014 2594; x_wconf 86' lang='lat' dir='ltr'><strong>maledicta</strong></span> <span class='ocrx_word' id='word_1_335' title='bbox 2040 2541 2395 2608; x_wconf 75' lang='lat' dir='ltr'><strong>negleximus.</strong></span> 
     </span>
    </p>
   </div>
   <div class='ocr_carea' id='block_1_27' title="bbox 165 2631 3348 2705">
    <p class='ocr_par' dir='ltr' id='par_1_27' title="bbox 165 2631 3348 2705">
     <span class='ocr_line' id='line_1_27' title="bbox 165 2631 3348 2705; baseline -0 -18"><span class='ocrx_word' id='word_1_336' title='bbox 165 2637 565 2704; x_wconf 80' lang='lat' dir='ltr'><strong>Argumentum</strong></span> <span class='ocrx_word' id='word_1_337' title='bbox 603 2635 768 2704; x_wconf 89' lang='lat' dir='ltr'><strong>hujus</strong></span> <span class='ocrx_word' id='word_1_338' title='bbox 793 2636 975 2705; x_wconf 87' lang='lat' dir='ltr'><strong>operis</strong></span> <span class='ocrx_word' id='word_1_339' title='bbox 997 2645 1102 2698; x_wconf 89' lang='lat' dir='ltr'><strong>est,</strong></span> <span class='ocrx_word' id='word_1_340' title='bbox 1132 2635 1300 2689; x_wconf 89' lang='lat' dir='ltr'><strong>divini</strong></span> <span class='ocrx_word' id='word_1_341' title='bbox 1341 2633 1594 2688; x_wconf 86' lang='lat' dir='ltr'><strong>Numinis</strong></span> <span class='ocrx_word' id='word_1_342' title='bbox 1627 2634 1681 2686; x_wconf 88' lang='lat' dir='ltr'><strong>in</strong></span> <span class='ocrx_word' id='word_1_343' title='bbox 1723 2633 2018 2686; x_wconf 89' lang='lat' dir='ltr'><strong>humanam</strong></span> <span class='ocrx_word' id='word_1_344' title='bbox 2065 2643 2316 2686; x_wconf 89' lang='lat' dir='ltr'><strong>naturam</strong></span> <span class='ocrx_word' id='word_1_345' title='bbox 2361 2631 2621 2687; x_wconf 77' lang='lat' dir='ltr'><strong>beneficia</strong></span> <span class='ocrx_word' id='word_1_346' title='bbox 2652 2633 2848 2687; x_wconf 90' lang='lat' dir='ltr'><strong>collata</strong></span> <span class='ocrx_word' id='word_1_347' title='bbox 2883 2633 3060 2704; x_wconf 87' lang='lat' dir='ltr'><strong>palam</strong></span> <span class='ocrx_word' id='word_1_348' title='bbox 3090 2633 3348 2688; x_wconf 86' lang='lat' dir='ltr'><strong>omnibus</strong></span> 
     </span>
    </p>
   </div>
   <div class='ocr_carea' id='block_1_28' title="bbox 92 2723 3350 2800">
    <p class='ocr_par' dir='ltr' id='par_1_28' title="bbox 92 2723 3350 2800">
     <span class='ocr_line' id='line_1_28' title="bbox 92 2723 3350 2800; baseline 0.002 -22"><span class='ocrx_word' id='word_1_349' title='bbox 92 2723 315 2792; x_wconf 79' lang='lat' dir='ltr'><strong>facere;</strong></span> <span class='ocrx_word' id='word_1_350' title='bbox 351 2727 580 2796; x_wconf 88' lang='lat' dir='ltr'><strong>ejusque</strong></span> <span class='ocrx_word' id='word_1_351' title='bbox 628 2727 949 2788; x_wconf 86' lang='lat' dir='ltr'><strong>bonitatem,</strong></span> <span class='ocrx_word' id='word_1_352' title='bbox 993 2725 1314 2795; x_wconf 82' lang='lat' dir='ltr'><strong>potentiam.</strong></span> <span class='ocrx_word' id='word_1_353' title='bbox 1352 2724 1707 2794; x_wconf 87' lang='lat' dir='ltr'><strong>sapientiam,</strong></span> <span class='ocrx_word' id='word_1_354' title='bbox 1753 2725 2120 2791; x_wconf 88' lang='lat' dir='ltr'><strong>clementiam,</strong></span> <span class='ocrx_word' id='word_1_355' title='bbox 2171 2725 2518 2779; x_wconf 77' lang='lat' dir='ltr'><strong>tolerantiam</strong></span> <span class='ocrx_word' id='word_1_356' title='bbox 2574 2726 2887 2793; x_wconf 81' lang='lat' dir='ltr'><strong>ostendere;</strong></span> <span class='ocrx_word' id='word_1_357' title='bbox 2931 2727 3074 2796; x_wconf 89' lang='lat' dir='ltr'><strong>quod</strong></span> <span class='ocrx_word' id='word_1_358' title='bbox 3109 2742 3180 2781; x_wconf 85' lang='lat' dir='ltr'><strong>ex</strong></span> <span class='ocrx_word' id='word_1_359' title='bbox 3227 2729 3350 2800; x_wconf 89' lang='lat' dir='ltr'><strong>ipsa</strong></span> 
     </span>
    </p>
   </div>
   <div class='ocr_carea' id='block_1_29' title="bbox 89 2817 3352 2888">
    <p class='ocr_par' dir='ltr' id='par_1_29' title="bbox 89 2817 3352 2888">
     <span class='ocr_line' id='line_1_29' title="bbox 89 2817 3352 2888; baseline 0.002 -18"><span class='ocrx_word' id='word_1_360' title='bbox 89 2833 281 2871; x_wconf 84' lang='lat' dir='ltr'><strong>rerum</strong></span> <span class='ocrx_word' id='word_1_361' title='bbox 314 2822 614 2881; x_wconf 74' lang='lat' dir='ltr'><strong>creatione,</strong></span> <span class='ocrx_word' id='word_1_362' title='bbox 640 2819 1034 2874; x_wconf 87' lang='lat' dir='ltr'><strong>elementorum</strong></span> <span class='ocrx_word' id='word_1_363' title='bbox 1072 2819 1284 2874; x_wconf 86' lang='lat' dir='ltr'><strong>scilicet</strong></span> <span class='ocrx_word' id='word_1_364' title='bbox 1328 2817 1710 2886; x_wconf 89' lang='lat' dir='ltr'><strong>productione,</strong></span> <span class='ocrx_word' id='word_1_365' title='bbox 1753 2827 1948 2871; x_wconf 89' lang='lat' dir='ltr'><strong>ornatu</strong></span> <span class='ocrx_word' id='word_1_366' title='bbox 1978 2818 2194 2880; x_wconf 90' lang='lat' dir='ltr'><strong>mundi,</strong></span> <span class='ocrx_word' id='word_1_367' title='bbox 2221 2826 2402 2873; x_wconf 91' lang='lat' dir='ltr'><strong>motus</strong></span> <span class='ocrx_word' id='word_1_368' title='bbox 2434 2818 2824 2888; x_wconf 67' lang='lat' dir='ltr'><strong>aequabilitate.</strong></span> <span class='ocrx_word' id='word_1_369' title='bbox 2853 2820 3003 2884; x_wconf 83' lang='lat' dir='ltr'><strong>solis,</strong></span> <span class='ocrx_word' id='word_1_370' title='bbox 3031 2821 3172 2878; x_wconf 67' lang='lat' dir='ltr'><strong>luna:</strong></span> <span class='ocrx_word' id='word_1_371' title='bbox 3204 2820 3352 2881; x_wconf 84' lang='lat' dir='ltr'><strong>side-</strong></span> 
     </span>
    </p>
   </div>
   <div class='ocr_carea' id='block_1_30' title="bbox 90 2909 3348 2983">
    <p class='ocr_par' dir='ltr' id='par_1_30' title="bbox 90 2909 3348 2983">
     <span class='ocr_line' id='line_1_30' title="bbox 90 2909 3348 2983; baseline 0 -17"><span class='ocrx_word' id='word_1_372' title='bbox 90 2927 329 2981; x_wconf 82' lang='lat' dir='ltr'><strong>rumque</strong></span> <span class='ocrx_word' id='word_1_373' title='bbox 347 2913 591 2967; x_wconf 91' lang='lat' dir='ltr'><strong>omnium</strong></span> <span class='ocrx_word' id='word_1_374' title='bbox 614 2911 1018 2983; x_wconf 86' lang='lat' dir='ltr'><strong>pulchritudine</strong></span> <span class='ocrx_word' id='word_1_375' title='bbox 1034 2925 1104 2964; x_wconf 85' lang='lat' dir='ltr'><strong>ac</strong></span> <span class='ocrx_word' id='word_1_376' title='bbox 1127 2911 1201 2970; x_wconf 86' lang='lat' dir='ltr'><strong>vi,</strong></span> <span class='ocrx_word' id='word_1_377' title='bbox 1230 2910 1573 2977; x_wconf 89' lang='lat' dir='ltr'><strong>marisatque</strong></span> <span class='ocrx_word' id='word_1_378' title='bbox 1596 2918 1868 2963; x_wconf 77' lang='lat' dir='ltr'><strong>terrarum</strong></span> <span class='ocrx_word' id='word_1_379' title='bbox 1901 2909 2292 2980; x_wconf 71' lang='lat' dir='ltr'><strong>magnitudine,</strong></span> <span class='ocrx_word' id='word_1_380' title='bbox 2314 2911 2630 2964; x_wconf 89' lang='lat' dir='ltr'><strong>animalium</strong></span> <span class='ocrx_word' id='word_1_381' title='bbox 2647 2910 3348 2981; x_wconf 76' lang='lat' dir='ltr'><strong>proprietatibus,homiuis</strong></span> 
     </span>
    </p>
   </div>
   <div class='ocr_carea' id='block_1_31' title="bbox 93 2999 3348 3076">
    <p class='ocr_par' dir='ltr' id='par_1_31' title="bbox 93 2999 3348 3076">
     <span class='ocr_line' id='line_1_31' title="bbox 93 2999 3348 3076; baseline -0.001 -16"><span class='ocrx_word' id='word_1_382' title='bbox 93 3014 402 3066; x_wconf 88' lang='lat' dir='ltr'><strong>structura.</strong></span> <span class='ocrx_word' id='word_1_383' title='bbox 429 3005 840 3076; x_wconf 79' lang='lat' dir='ltr'><strong>propagatione,</strong></span> <span class='ocrx_word' id='word_1_384' title='bbox 864 3001 1341 3072; x_wconf 74' lang='lat' dir='ltr'><strong>mttltiplieatione,</strong></span> <span class='ocrx_word' id='word_1_385' title='bbox 1371 3014 1435 3052; x_wconf 91' lang='lat' dir='ltr'><strong>ac</strong></span> <span class='ocrx_word' id='word_1_386' title='bbox 1463 2999 1800 3054; x_wconf 86' lang='lat' dir='ltr'><strong>tandem-via</strong></span> <span class='ocrx_word' id='word_1_387' title='bbox 1835 3000 1902 3054; x_wconf 89' lang='lat' dir='ltr'><strong>ad</strong></span> <span class='ocrx_word' id='word_1_388' title='bbox 1937 3002 2192 3071; x_wconf 83' lang='lat' dir='ltr'><strong>gratiam,</strong></span> <span class='ocrx_word' id='word_1_389' title='bbox 2228 3017 2349 3070; x_wconf 75' lang='lat' dir='ltr'><strong>qua:</strong></span> <span class='ocrx_word' id='word_1_390' title='bbox 2382 3017 2479 3071; x_wconf 81' lang='lat' dir='ltr'><strong>per</strong></span> <span class='ocrx_word' id='word_1_391' title='bbox 2516 3002 2799 3057; x_wconf 85' lang='lat' dir='ltr'><strong>Christum</strong></span> <span class='ocrx_word' id='word_1_392' title='bbox 2826 3003 3025 3067; x_wconf 77' lang='lat' dir='ltr'><strong>illuxit,</strong></span> <span class='ocrx_word' id='word_1_393' title='bbox 3059 3004 3348 3058; x_wconf 82' lang='lat' dir='ltr'><strong>continuat</strong></span> 
     </span>
    </p>
   </div>
   <div class='ocr_carea' id='block_1_32' title="bbox 90 3090 3349 3166">
    <p class='ocr_par' dir='ltr' id='par_1_32' title="bbox 90 3090 3349 3166">
     <span class='ocr_line' id='line_1_32' title="bbox 90 3090 3349 3166; baseline -0.001 -14"><span class='ocrx_word' id='word_1_394' title='bbox 90 3107 143 3152; x_wconf 90' lang='lat' dir='ltr'><strong>et</strong></span> <span class='ocrx_word' id='word_1_395' title='bbox 175 3099 522 3166; x_wconf 88' lang='lat' dir='ltr'><strong>comprobat.</strong></span> <span class='ocrx_word' id='word_1_396' title='bbox 557 3098 688 3162; x_wconf 68' lang='lat' dir='ltr'><strong>Qua:</strong></span> <span class='ocrx_word' id='word_1_397' title='bbox 720 3096 910 3150; x_wconf 89' lang='lat' dir='ltr'><strong>omnia</strong></span> <span class='ocrx_word' id='word_1_398' title='bbox 942 3097 1013 3147; x_wconf 91' lang='lat' dir='ltr'><strong>ita</strong></span> <span class='ocrx_word' id='word_1_399' title='bbox 1044 3092 1314 3147; x_wconf 91' lang='lat' dir='ltr'><strong>acerrimo</strong></span> <span class='ocrx_word' id='word_1_400' title='bbox 1338 3092 1556 3159; x_wconf 87' lang='lat' dir='ltr'><strong>ingenio</strong></span> <span class='ocrx_word' id='word_1_401' title='bbox 1589 3090 1910 3145; x_wconf 85' lang='lat' dir='ltr'><strong>Eustathius</strong></span> <span class='ocrx_word' id='word_1_402' title='bbox 1937 3091 2241 3154; x_wconf 79' lang='lat' dir='ltr'><strong>adinvenit,</strong></span> <span class='ocrx_word' id='word_1_403' title='bbox 2274 3092 2520 3162; x_wconf 88' lang='lat' dir='ltr'><strong>disponit</strong></span> <span class='ocrx_word' id='word_1_404' title='bbox 2553 3101 2606 3147; x_wconf 91' lang='lat' dir='ltr'><strong>et</strong></span> <span class='ocrx_word' id='word_1_405' title='bbox 2647 3095 3018 3163; x_wconf 84' lang='lat' dir='ltr'><strong>prosequitur,</strong></span> <span class='ocrx_word' id='word_1_406' title='bbox 3050 3102 3110 3148; x_wconf 89' lang='lat' dir='ltr'><strong>ut</strong></span> <span class='ocrx_word' id='word_1_407' title='bbox 3133 3094 3204 3148; x_wconf 90' lang='lat' dir='ltr'><strong>ab</strong></span> <span class='ocrx_word' id='word_1_408' title='bbox 3227 3094 3349 3165; x_wconf 91' lang='lat' dir='ltr'><strong>ipso</strong></span> 
     </span>
    </p>
   </div>
   <div class='ocr_carea' id='block_1_33' title="bbox 91 3184 3350 3258">
    <p class='ocr_par' dir='ltr' id='par_1_33' title="bbox 91 3184 3350 3258">
     <span class='ocr_line' id='line_1_33' title="bbox 91 3184 3350 3258; baseline -0.001 -15"><span class='ocrx_word' id='word_1_409' title='bbox 91 3190 206 3244; x_wconf 88' lang='lat' dir='ltr'><strong>Deo</strong></span> <span class='ocrx_word' id='word_1_410' title='bbox 240 3206 424 3244; x_wconf 89' lang='lat' dir='ltr'><strong>rerum</strong></span> <span class='ocrx_word' id='word_1_411' title='bbox 457 3198 777 3258; x_wconf 71' lang='lat' dir='ltr'><strong>naturaeque</strong></span> <span class='ocrx_word' id='word_1_412' title='bbox 805 3187 1000 3258; x_wconf 84' lang='lat' dir='ltr'><strong>opiﬁce</strong></span> <span class='ocrx_word' id='word_1_413' title='bbox 1029 3201 1091 3241; x_wconf 91' lang='lat' dir='ltr'><strong>ea</strong></span> <span class='ocrx_word' id='word_1_414' title='bbox 1136 3184 1402 3239; x_wconf 83' lang='lat' dir='ltr'><strong>didicisse</strong></span> <span class='ocrx_word' id='word_1_415' title='bbox 1443 3184 1710 3238; x_wconf 83' lang='lat' dir='ltr'><strong>videatur.</strong></span> <span class='ocrx_word' id='word_1_416' title='bbox 1741 3184 1906 3238; x_wconf 80' lang='lat' dir='ltr'><strong>Multa</strong></span> <span class='ocrx_word' id='word_1_417' title='bbox 1939 3185 1994 3238; x_wconf 90' lang='lat' dir='ltr'><strong>in</strong></span> <span class='ocrx_word' id='word_1_418' title='bbox 2028 3185 2152 3240; x_wconf 90' lang='lat' dir='ltr'><strong>aliis</strong></span> <span class='ocrx_word' id='word_1_419' title='bbox 2182 3193 2236 3240; x_wconf 89' lang='lat' dir='ltr'><strong>et</strong></span> <span class='ocrx_word' id='word_1_420' title='bbox 2267 3185 2674 3251; x_wconf 74' lang='lat' dir='ltr'><strong>elegantissime</strong></span> <span class='ocrx_word' id='word_1_421' title='bbox 2705 3187 2908 3255; x_wconf 88' lang='lat' dir='ltr'><strong>scripta</strong></span> <span class='ocrx_word' id='word_1_422' title='bbox 2954 3195 3008 3241; x_wconf 91' lang='lat' dir='ltr'><strong>et</strong></span> <span class='ocrx_word' id='word_1_423' title='bbox 3034 3187 3350 3256; x_wconf 82' lang='lat' dir='ltr'><strong>prudentis-</strong></span> 
     </span>
    </p>
   </div>
   <div class='ocr_carea' id='block_1_34' title="bbox 89 3277 3348 3347">
    <p class='ocr_par' dir='ltr' id='par_1_34' title="bbox 89 3277 3348 3347">
     <span class='ocr_line' id='line_1_34' title="bbox 89 3277 3348 3347; baseline -0.002 -9"><span class='ocrx_word' id='word_1_424' title='bbox 89 3284 231 3340; x_wconf 87' lang='lat' dir='ltr'><strong>sime</strong></span> <span class='ocrx_word' id='word_1_425' title='bbox 271 3283 476 3338; x_wconf 77' lang='lat' dir='ltr'><strong>dictata</strong></span> <span class='ocrx_word' id='word_1_426' title='bbox 513 3284 778 3345; x_wconf 83' lang='lat' dir='ltr'><strong>invenies,</strong></span> <span class='ocrx_word' id='word_1_427' title='bbox 812 3291 866 3335; x_wconf 89' lang='lat' dir='ltr'><strong>at</strong></span> <span class='ocrx_word' id='word_1_428' title='bbox 894 3281 1058 3336; x_wconf 90' lang='lat' dir='ltr'><strong>dictis</strong></span> <span class='ocrx_word' id='word_1_429' title='bbox 1095 3277 1388 3343; x_wconf 83' lang='lat' dir='ltr'><strong>Eustalhii,</strong></span> <span class='ocrx_word' id='word_1_430' title='bbox 1422 3277 1565 3331; x_wconf 77' lang='lat' dir='ltr'><strong>absit</strong></span> <span class='ocrx_word' id='word_1_431' title='bbox 1593 3277 1763 3331; x_wconf 80' lang='lat' dir='ltr'><strong>verbo</strong></span> <span class='ocrx_word' id='word_1_432' title='bbox 1788 3278 2012 3346; x_wconf 86' lang='lat' dir='ltr'><strong>injuria,</strong></span> <span class='ocrx_word' id='word_1_433' title='bbox 2051 3277 2189 3331; x_wconf 90' lang='lat' dir='ltr'><strong>nihil</strong></span> <span class='ocrx_word' id='word_1_434' title='bbox 2219 3284 2303 3330; x_wconf 86' lang='lat' dir='ltr'><strong>est</strong></span> <span class='ocrx_word' id='word_1_435' title='bbox 2331 3277 2714 3344; x_wconf 79' lang='lat' dir='ltr'><strong>praestabilius,</strong></span> <span class='ocrx_word' id='word_1_436' title='bbox 2747 3277 2879 3330; x_wconf 90' lang='lat' dir='ltr'><strong>nihil</strong></span> <span class='ocrx_word' id='word_1_437' title='bbox 2917 3277 3223 3347; x_wconf 90' lang='lat' dir='ltr'><strong>pulchrius,</strong></span> <span class='ocrx_word' id='word_1_438' title='bbox 3249 3277 3348 3332; x_wconf 86' lang='lat' dir='ltr'><strong>sed</strong></span> 
     </span>
    </p>
   </div>
   <div class='ocr_carea' id='block_1_35' title="bbox 89 3368 3346 3446">
    <p class='ocr_par' dir='ltr' id='par_1_35' title="bbox 89 3368 3346 3446">
     <span class='ocr_line' id='line_1_35' title="bbox 89 3368 3346 3446; baseline -0.003 -15"><span class='ocrx_word' id='word_1_439' title='bbox 89 3391 161 3431; x_wconf 85' lang='lat' dir='ltr'><strong>ne</strong></span> <span class='ocrx_word' id='word_1_440' title='bbox 183 3377 420 3446; x_wconf 75' lang='lat' dir='ltr'><strong>cogitari</strong></span> <span class='ocrx_word' id='word_1_441' title='bbox 459 3377 678 3446; x_wconf 86' lang='lat' dir='ltr'><strong>quidem</strong></span> <span class='ocrx_word' id='word_1_442' title='bbox 703 3375 898 3429; x_wconf 91' lang='lat' dir='ltr'><strong>melius</strong></span> <span class='ocrx_word' id='word_1_443' title='bbox 934 3381 1131 3444; x_wconf 87' lang='lat' dir='ltr'><strong>potest.</strong></span> <span class='ocrx_word' id='word_1_444' title='bbox 1163 3371 1318 3426; x_wconf 89' lang='lat' dir='ltr'><strong>Unde</strong></span> <span class='ocrx_word' id='word_1_445' title='bbox 1341 3387 1450 3426; x_wconf 89' lang='lat' dir='ltr'><strong>non</strong></span> <span class='ocrx_word' id='word_1_446' title='bbox 1484 3369 1756 3424; x_wconf 87' lang='lat' dir='ltr'><strong>immerito</strong></span> <span class='ocrx_word' id='word_1_447' title='bbox 1785 3377 2054 3425; x_wconf 83' lang='lat' dir='ltr'><strong>tractatus</strong></span> <span class='ocrx_word' id='word_1_448' title='bbox 2079 3369 2166 3423; x_wconf 89' lang='lat' dir='ltr'><strong>hic</strong></span> <span class='ocrx_word' id='word_1_449' title='bbox 2195 3369 2338 3424; x_wconf 88' lang='lat' dir='ltr'><strong>inter</strong></span> <span class='ocrx_word' id='word_1_450' title='bbox 2372 3370 2512 3424; x_wconf 84' lang='lat' dir='ltr'><strong>alios</strong></span> <span class='ocrx_word' id='word_1_451' title='bbox 2541 3369 2771 3423; x_wconf 90' lang='lat' dir='ltr'><strong>aliorum</strong></span> <span class='ocrx_word' id='word_1_452' title='bbox 2801 3369 2867 3422; x_wconf 92' lang='lat' dir='ltr'><strong>de</strong></span> <span class='ocrx_word' id='word_1_453' title='bbox 2896 3368 3084 3423; x_wconf 88' lang='lat' dir='ltr'><strong>eadem</strong></span> <span class='ocrx_word' id='word_1_454' title='bbox 3119 3370 3346 3422; x_wconf 81' lang='lat' dir='ltr'><strong>materia</strong></span> 
     </span>
    </p>
   </div>
   <div class='ocr_carea' id='block_1_36' title="bbox 88 3461 1608 3539">
    <p class='ocr_par' dir='ltr' id='par_1_36' title="bbox 88 3463 1590 3539">
     <span class='ocr_line' id='line_1_36' title="bbox 88 3463 1590 3539; baseline -0.005 -17"><span class='ocrx_word' id='word_1_455' title='bbox 88 3469 242 3524; x_wconf 70' lang='lat' dir='ltr'><strong>solus</strong></span> <span class='ocrx_word' id='word_1_456' title='bbox 274 3467 576 3539; x_wconf 67' lang='grc' dir='ltr'><strong>ὑπόμνημα</strong></span> <span class='ocrx_word' id='word_1_457' title='bbox 622 3469 763 3522; x_wconf 84' lang='grc' dir='ltr'><strong>πάνυ</strong></span> <span class='ocrx_word' id='word_1_458' title='bbox 799 3465 1111 3536; x_wconf 74' lang='grc' dir='ltr'><strong>θαυμαστόν</strong></span> <span class='ocrx_word' id='word_1_459' title='bbox 1139 3463 1329 3519; x_wconf 87' lang='lat' dir='ltr'><strong>vocari</strong></span> <span class='ocrx_word' id='word_1_460' title='bbox 1369 3465 1590 3527; x_wconf 85' lang='lat' dir='ltr'><strong>meruit,</strong></span> 
     </span>
    </p>
   </div>
   <div class='ocr_carea' id='block_1_37' title="bbox 1821 3461 3341 3539">
    <p class='ocr_par' dir='ltr' id='par_1_37' title="bbox 1821 3461 3341 3532">
     <span class='ocr_line' id='line_1_37' title="bbox 1821 3461 3341 3532; baseline -0.001 -16"><span class='ocrx_word' id='word_1_461' title='bbox 1821 3463 1874 3516; x_wconf 90' lang='lat' dir='ltr'><strong>in</strong></span> <span class='ocrx_word' id='word_1_462' title='bbox 1914 3461 2170 3516; x_wconf 87' lang='lat' dir='ltr'><strong>otnnibus</strong></span> <span class='ocrx_word' id='word_1_463' title='bbox 2209 3461 2333 3517; x_wconf 88' lang='lat' dir='ltr'><strong>cod.</strong></span> <span class='ocrx_word' id='word_1_464' title='bbox 2371 3463 2649 3531; x_wconf 69' lang='lat' dir='ltr'><strong>prmlixum</strong></span> <span class='ocrx_word' id='word_1_465' title='bbox 2701 3469 2824 3530; x_wconf 83' lang='lat' dir='ltr'><strong>post</strong></span> <span class='ocrx_word' id='word_1_466' title='bbox 2865 3461 3084 3514; x_wconf 83' lang='lat' dir='ltr'><strong>titulum</strong></span> <span class='ocrx_word' id='word_1_467' title='bbox 3124 3463 3341 3532; x_wconf 75' lang='lat' dir='ltr'><strong>legitur.</strong></span> 
     </span>
    </p>
   </div>
   <div class='ocr_carea' id='block_1_38' title="bbox 86 3552 3347 3631">
    <p class='ocr_par' dir='ltr' id='par_1_38' title="bbox 86 3552 3347 3631">
     <span class='ocr_line' id='line_1_38' title="bbox 86 3552 3347 3631; baseline -0.003 -17"><span class='ocrx_word' id='word_1_468' title='bbox 86 3561 210 3619; x_wconf 75' lang='lat' dir='ltr'><strong>Non</strong></span> <span class='ocrx_word' id='word_1_469' title='bbox 240 3561 494 3623; x_wconf 84' lang='lat' dir='ltr'><strong>deerunt,</strong></span> <span class='ocrx_word' id='word_1_470' title='bbox 521 3561 612 3631; x_wconf 91' lang='lat' dir='ltr'><strong>qui</strong></span> <span class='ocrx_word' id='word_1_471' title='bbox 643 3561 696 3614; x_wconf 93' lang='lat' dir='ltr'><strong>id</strong></span> <span class='ocrx_word' id='word_1_472' title='bbox 729 3559 844 3613; x_wconf 82' lang='lat' dir='ltr'><strong>ﬁeri</strong></span> <span class='ocrx_word' id='word_1_473' title='bbox 873 3557 1090 3629; x_wconf 87' lang='lat' dir='ltr'><strong>potest?</strong></span> <span class='ocrx_word' id='word_1_474' title='bbox 1119 3557 1211 3625; x_wconf 82' lang='lat' dir='ltr'><strong>qui</strong></span> <span class='ocrx_word' id='word_1_475' title='bbox 1244 3571 1312 3610; x_wconf 87' lang='lat' dir='ltr'><strong>ne</strong></span> <span class='ocrx_word' id='word_1_476' title='bbox 1340 3569 1546 3609; x_wconf 91' lang='lat' dir='ltr'><strong>morem</strong></span> <span class='ocrx_word' id='word_1_477' title='bbox 1573 3555 1823 3623; x_wconf 85' lang='lat' dir='ltr'><strong>perdant,</strong></span> <span class='ocrx_word' id='word_1_478' title='bbox 1873 3552 2080 3622; x_wconf 89' lang='lat' dir='ltr'><strong>aliquid</strong></span> <span class='ocrx_word' id='word_1_479' title='bbox 2112 3552 2396 3608; x_wconf 86' lang='lat' dir='ltr'><strong>Eustathio</strong></span> <span class='ocrx_word' id='word_1_480' title='bbox 2431 3553 2712 3623; x_wconf 78' lang='lat' dir='ltr'><strong>objicient,</strong></span> <span class='ocrx_word' id='word_1_481' title='bbox 2747 3561 2802 3607; x_wconf 90' lang='lat' dir='ltr'><strong>et</strong></span> <span class='ocrx_word' id='word_1_482' title='bbox 2830 3569 2952 3606; x_wconf 94' lang='lat' dir='ltr'><strong>cum</strong></span> <span class='ocrx_word' id='word_1_483' title='bbox 2985 3569 3092 3608; x_wconf 91' lang='lat' dir='ltr'><strong>non</strong></span> <span class='ocrx_word' id='word_1_484' title='bbox 3127 3554 3347 3624; x_wconf 83' lang='lat' dir='ltr'><strong>possint</strong></span> 
     </span>
    </p>
   </div>
   <div class='ocr_carea' id='block_1_39' title="bbox 84 3647 3343 3718">
    <p class='ocr_par' dir='ltr' id='par_1_39' title="bbox 84 3647 3343 3718">
     <span class='ocr_line' id='line_1_39' title="bbox 84 3647 3343 3718; baseline -0.002 -9"><span class='ocrx_word' id='word_1_485' title='bbox 84 3671 192 3710; x_wconf 90' lang='lat' dir='ltr'><strong>nec</strong></span> <span class='ocrx_word' id='word_1_486' title='bbox 217 3656 486 3710; x_wconf 89' lang='lat' dir='ltr'><strong>orationis</strong></span> <span class='ocrx_word' id='word_1_487' title='bbox 522 3661 881 3715; x_wconf 86' lang='lat' dir='ltr'><strong>structuram,</strong></span> <span class='ocrx_word' id='word_1_488' title='bbox 921 3666 1023 3706; x_wconf 90' lang='lat' dir='ltr'><strong>nec</strong></span> <span class='ocrx_word' id='word_1_489' title='bbox 1071 3650 1322 3705; x_wconf 89' lang='lat' dir='ltr'><strong>ordinem</strong></span> <span class='ocrx_word' id='word_1_490' title='bbox 1354 3665 1536 3704; x_wconf 90' lang='lat' dir='ltr'><strong>rerum</strong></span> <span class='ocrx_word' id='word_1_491' title='bbox 1573 3647 1993 3717; x_wconf 82' lang='lat' dir='ltr'><strong>reprehendere.</strong></span> <span class='ocrx_word' id='word_1_492' title='bbox 2035 3649 2307 3702; x_wconf 83' lang='lat' dir='ltr'><strong>notahunt</strong></span> <span class='ocrx_word' id='word_1_493' title='bbox 2349 3663 2536 3702; x_wconf 85' lang='lat' dir='ltr'><strong>rerum</strong></span> <span class='ocrx_word' id='word_1_494' title='bbox 2579 3665 2716 3718; x_wconf 87' lang='lat' dir='ltr'><strong>quas</strong></span> <span class='ocrx_word' id='word_1_495' title='bbox 2746 3654 2948 3702; x_wconf 87' lang='lat' dir='ltr'><strong>tractat</strong></span> <span class='ocrx_word' id='word_1_496' title='bbox 2993 3647 3343 3702; x_wconf 88' lang='lat' dir='ltr'><strong>iucertitudi-</strong></span> 
     </span>
    </p>
   </div>
   <div class='ocr_carea' id='block_1_40' title="bbox 87 3740 3342 3818">
    <p class='ocr_par' dir='ltr' id='par_1_40' title="bbox 87 3740 3342 3818">
     <span class='ocr_line' id='line_1_40' title="bbox 87 3740 3342 3818; baseline -0.002 -16"><span class='ocrx_word' id='word_1_497' title='bbox 87 3765 239 3813; x_wconf 86' lang='lat' dir='ltr'><strong>nem,</strong></span> <span class='ocrx_word' id='word_1_498' title='bbox 278 3748 721 3818; x_wconf 85' lang='lat' dir='ltr'><strong>contendentque</strong></span> <span class='ocrx_word' id='word_1_499' title='bbox 753 3746 998 3816; x_wconf 77' lang='lat' dir='ltr'><strong>vulgaria</strong></span> <span class='ocrx_word' id='word_1_500' title='bbox 1029 3759 1152 3799; x_wconf 91' lang='lat' dir='ltr'><strong>esse</strong></span> <span class='ocrx_word' id='word_1_501' title='bbox 1174 3750 1229 3798; x_wconf 94' lang='lat' dir='ltr'><strong>et</strong></span> <span class='ocrx_word' id='word_1_502' title='bbox 1255 3743 1422 3796; x_wconf 90' lang='lat' dir='ltr'><strong>anilia</strong></span> <span class='ocrx_word' id='word_1_503' title='bbox 1445 3757 1568 3812; x_wconf 67' lang='lat' dir='ltr'><strong>qua:</strong></span> <span class='ocrx_word' id='word_1_504' title='bbox 1595 3741 1684 3796; x_wconf 88' lang='lat' dir='ltr'><strong>hic</strong></span> <span class='ocrx_word' id='word_1_505' title='bbox 1708 3741 2082 3807; x_wconf 90' lang='lat' dir='ltr'><strong>continentur,</strong></span> <span class='ocrx_word' id='word_1_506' title='bbox 2104 3742 2226 3796; x_wconf 81' lang='lat' dir='ltr'><strong>viro</strong></span> <span class='ocrx_word' id='word_1_507' title='bbox 2249 3741 2627 3797; x_wconf 88' lang='lat' dir='ltr'><strong>ecclesiastico</strong></span> <span class='ocrx_word' id='word_1_508' title='bbox 2656 3749 2709 3796; x_wconf 89' lang='lat' dir='ltr'><strong>et</strong></span> <span class='ocrx_word' id='word_1_509' title='bbox 2735 3750 2890 3796; x_wconf 88' lang='lat' dir='ltr'><strong>tanto</strong></span> <span class='ocrx_word' id='word_1_510' title='bbox 2919 3741 3064 3795; x_wconf 87' lang='lat' dir='ltr'><strong>Patri</strong></span> <span class='ocrx_word' id='word_1_511' title='bbox 3095 3740 3342 3811; x_wconf 81' lang='lat' dir='ltr'><strong>indigna.</strong></span> 
     </span>
    </p>
   </div>
   <div class='ocr_carea' id='block_1_41' title="bbox 88 3830 3346 3912">
    <p class='ocr_par' dir='ltr' id='par_1_41' title="bbox 88 3830 3346 3912">
     <span class='ocr_line' id='line_1_41' title="bbox 88 3830 3346 3912; baseline -0.002 -16"><span class='ocrx_word' id='word_1_512' title='bbox 88 3840 208 3896; x_wconf 78' lang='lat' dir='ltr'><strong>Hoc</strong></span> <span class='ocrx_word' id='word_1_513' title='bbox 241 3841 372 3895; x_wconf 90' lang='lat' dir='ltr'><strong>item</strong></span> <span class='ocrx_word' id='word_1_514' title='bbox 422 3839 732 3912; x_wconf 82' lang='lat' dir='ltr'><strong>Epiphanio</strong></span> <span class='ocrx_word' id='word_1_515' title='bbox 772 3841 827 3894; x_wconf 91' lang='lat' dir='ltr'><strong>in</strong></span> <span class='ocrx_word' id='word_1_516' title='bbox 859 3838 1179 3909; x_wconf 83' lang='lat' dir='ltr'><strong>Physiologo</strong></span> <span class='ocrx_word' id='word_1_517' title='bbox 1211 3835 1489 3905; x_wconf 89' lang='lat' dir='ltr'><strong>objectum</strong></span> <span class='ocrx_word' id='word_1_518' title='bbox 1519 3843 1605 3889; x_wconf 81' lang='lat' dir='ltr'><strong>est</strong></span> <span class='ocrx_word' id='word_1_519' title='bbox 1645 3849 1675 3887; x_wconf 89' lang='lat' dir='ltr'><strong>a</strong></span> <span class='ocrx_word' id='word_1_520' title='bbox 1709 3833 2060 3903; x_wconf 86' lang='lat' dir='ltr'><strong>quibusdam,</strong></span> <span class='ocrx_word' id='word_1_521' title='bbox 2098 3834 2391 3902; x_wconf 88' lang='lat' dir='ltr'><strong>acriusque</strong></span> <span class='ocrx_word' id='word_1_522' title='bbox 2422 3832 2478 3887; x_wconf 89' lang='lat' dir='ltr'><strong>in</strong></span> <span class='ocrx_word' id='word_1_523' title='bbox 2526 3833 2676 3887; x_wconf 89' lang='lat' dir='ltr'><strong>illum</strong></span> <span class='ocrx_word' id='word_1_524' title='bbox 2709 3833 3168 3889; x_wconf 78' lang='lat' dir='ltr'><strong>animadversum.</strong></span> <span class='ocrx_word' id='word_1_525' title='bbox 3200 3830 3346 3888; x_wconf 84' lang='lat' dir='ltr'><strong>Inter</strong></span> 
     </span>
    </p>
   </div>
   <div class='ocr_carea' id='block_1_42' title="bbox 84 3921 3338 3997">
    <p class='ocr_par' dir='ltr' id='par_1_42' title="bbox 84 3921 3338 3997">
     <span class='ocr_line' id='line_1_42' title="bbox 84 3921 3338 3997; baseline -0.003 -8"><span class='ocrx_word' id='word_1_526' title='bbox 84 3950 184 3989; x_wconf 89' lang='lat' dir='ltr'><strong>eos</strong></span> <span class='ocrx_word' id='word_1_527' title='bbox 210 3933 501 3988; x_wconf 84' lang='lat' dir='ltr'><strong>Conradus</strong></span> <span class='ocrx_word' id='word_1_528' title='bbox 525 3932 822 3997; x_wconf 87' lang='lat' dir='ltr'><strong>Gcsuerus,</strong></span> <span class='ocrx_word' id='word_1_529' title='bbox 852 3939 906 3986; x_wconf 89' lang='lat' dir='ltr'><strong>et</strong></span> <span class='ocrx_word' id='word_1_530' title='bbox 939 3945 1048 3984; x_wconf 87' lang='lat' dir='ltr'><strong>non</strong></span> <span class='ocrx_word' id='word_1_531' title='bbox 1090 3929 1260 3982; x_wconf 81' lang='lat' dir='ltr'><strong>intimi</strong></span> <span class='ocrx_word' id='word_1_532' title='bbox 1303 3926 1540 3980; x_wconf 83' lang='lat' dir='ltr'><strong>nominis</strong></span> <span class='ocrx_word' id='word_1_533' title='bbox 1574 3934 1767 3980; x_wconf 87' lang='lat' dir='ltr'><strong>auctor</strong></span> <span class='ocrx_word' id='word_1_534' title='bbox 1798 3923 2074 3988; x_wconf 87' lang='lat' dir='ltr'><strong>Pererius,</strong></span> <span class='ocrx_word' id='word_1_535' title='bbox 2104 3925 2199 3994; x_wconf 90' lang='lat' dir='ltr'><strong>qui</strong></span> <span class='ocrx_word' id='word_1_536' title='bbox 2232 3927 2286 3978; x_wconf 88' lang='lat' dir='ltr'><strong>in</strong></span> <span class='ocrx_word' id='word_1_537' title='bbox 2321 3921 2505 3980; x_wconf 80' lang='lat' dir='ltr'><strong>Cenes.</strong></span> <span class='ocrx_word' id='word_1_538' title='bbox 2537 3938 2658 3994; x_wconf 86' lang='lat' dir='ltr'><strong>eap.</strong></span> <span class='ocrx_word' id='word_1_539' title='bbox 2694 3941 2824 3988; x_wconf 82' lang='lat' dir='ltr'><strong>xxx,</strong></span> <span class='ocrx_word' id='word_1_540' title='bbox 2856 3925 2996 3996; x_wconf 86' lang='lat' dir='ltr'><strong>disp.</strong></span> <span class='ocrx_word' id='word_1_541' title='bbox 3027 3926 3079 3989; x_wconf 80' lang='lat' dir='ltr'><strong>l,</strong></span> <span class='ocrx_word' id='word_1_542' title='bbox 3104 3925 3338 3984; x_wconf 87' lang='lat' dir='ltr'><strong>scribit:</strong></span> 
     </span>
    </p>
   </div>
   <div class='ocr_carea' id='block_1_43' title="bbox 85 4013 3342 4094">
    <p class='ocr_par' dir='ltr' id='par_1_43' title="bbox 85 4013 3342 4094">
     <span class='ocr_line' id='line_1_43' title="bbox 85 4013 3342 4094; baseline -0.004 -13"><span class='ocrx_word' id='word_1_543' title='bbox 85 4024 203 4081; x_wconf 85' lang='lat' dir='ltr'><strong>Nec</strong></span> <span class='ocrx_word' id='word_1_544' title='bbox 235 4023 524 4077; x_wconf 83' lang='lat' dir='ltr'><strong>admodum</strong></span> <span class='ocrx_word' id='word_1_545' title='bbox 547 4024 842 4094; x_wconf 76' lang='lat' dir='ltr'><strong>quempiam</strong></span> <span class='ocrx_word' id='word_1_546' title='bbox 874 4029 1075 4077; x_wconf 81' lang='lat' dir='ltr'><strong>moveat</strong></span> <span class='ocrx_word' id='word_1_547' title='bbox 1108 4016 1392 4087; x_wconf 85' lang='lat' dir='ltr'><strong>Epiphanii</strong></span> <span class='ocrx_word' id='word_1_548' title='bbox 1420 4017 1714 4069; x_wconf 78' lang='lat' dir='ltr'><strong>auctoritas</strong></span> <span class='ocrx_word' id='word_1_549' title='bbox 1747 4015 1802 4068; x_wconf 86' lang='lat' dir='ltr'><strong>id</strong></span> <span class='ocrx_word' id='word_1_550' title='bbox 1827 4015 2082 4068; x_wconf 78' lang='lat' dir='ltr'><strong>tradentis</strong></span> <span class='ocrx_word' id='word_1_551' title='bbox 2109 4015 2162 4068; x_wconf 89' lang='lat' dir='ltr'><strong>in</strong></span> <span class='ocrx_word' id='word_1_552' title='bbox 2187 4013 2539 4086; x_wconf 80' lang='lat' dir='ltr'><strong>Physiologo.</strong></span> <span class='ocrx_word' id='word_1_553' title='bbox 2570 4013 2842 4068; x_wconf 72' lang='lat' dir='ltr'><strong>Nimirum</strong></span> <span class='ocrx_word' id='word_1_554' title='bbox 2870 4016 2918 4068; x_wconf 87' lang='lat' dir='ltr'><strong>is</strong></span> <span class='ocrx_word' id='word_1_555' title='bbox 2942 4032 3042 4069; x_wconf 88' lang='lat' dir='ltr'><strong>non</strong></span> <span class='ocrx_word' id='word_1_556' title='bbox 3073 4024 3181 4068; x_wconf 88' lang='lat' dir='ltr'><strong>tam</strong></span> <span class='ocrx_word' id='word_1_557' title='bbox 3204 4015 3258 4066; x_wconf 85' lang='lat' dir='ltr'><strong>in</strong></span> <span class='ocrx_word' id='word_1_558' title='bbox 3280 4030 3342 4068; x_wconf 87' lang='lat' dir='ltr'><strong>eo</strong></span> 
     </span>
    </p>
   </div>
   <div class='ocr_carea' id='block_1_44' title="bbox 85 4106 3343 4186">
    <p class='ocr_par' dir='ltr' id='par_1_44' title="bbox 85 4106 3343 4186">
     <span class='ocr_line' id='line_1_44' title="bbox 85 4106 3343 4186; baseline -0.004 -15"><span class='ocrx_word' id='word_1_559' title='bbox 85 4118 229 4172; x_wconf 84' lang='lat' dir='ltr'><strong>libro</strong></span> <span class='ocrx_word' id='word_1_560' title='bbox 270 4117 499 4186; x_wconf 65' lang='lat' dir='ltr'><strong>diligens</strong></span> <span class='ocrx_word' id='word_1_561' title='bbox 530 4127 577 4170; x_wconf 88' lang='lat' dir='ltr'><strong>et</strong></span> <span class='ocrx_word' id='word_1_562' title='bbox 615 4119 861 4171; x_wconf 82' lang='lat' dir='ltr'><strong>curiosus</strong></span> <span class='ocrx_word' id='word_1_563' title='bbox 892 4117 993 4185; x_wconf 81' lang='lat' dir='ltr'><strong>[ait</strong></span> <span class='ocrx_word' id='word_1_564' title='bbox 1024 4113 1261 4167; x_wconf 83' lang='lat' dir='ltr'><strong>ueritatis</strong></span> <span class='ocrx_word' id='word_1_565' title='bbox 1287 4110 1521 4163; x_wconf 76' lang='lat' dir='ltr'><strong>historite</strong></span> <span class='ocrx_word' id='word_1_566' title='bbox 1544 4125 1725 4164; x_wconf 84' lang='lat' dir='ltr'><strong>earum</strong></span> <span class='ocrx_word' id='word_1_567' title='bbox 1754 4125 1930 4162; x_wconf 87' lang='lat' dir='ltr'><strong>rerum</strong></span> <span class='ocrx_word' id='word_1_568' title='bbox 1957 4124 2089 4172; x_wconf 82' lang='lat' dir='ltr'><strong>quas</strong></span> <span class='ocrx_word' id='word_1_569' title='bbox 2118 4107 2190 4160; x_wconf 88' lang='lat' dir='ltr'><strong>ibi</strong></span> <span class='ocrx_word' id='word_1_570' title='bbox 2226 4117 2500 4170; x_wconf 80' lang='lat' dir='ltr'><strong>memorat,</strong></span> <span class='ocrx_word' id='word_1_571' title='bbox 2525 4124 2682 4178; x_wconf 81' lang='lat' dir='ltr'><strong>quant</strong></span> <span class='ocrx_word' id='word_1_572' title='bbox 2725 4124 2814 4161; x_wconf 88' lang='lat' dir='ltr'><strong>eas</strong></span> <span class='ocrx_word' id='word_1_573' title='bbox 2850 4125 2932 4162; x_wconf 80' lang='lat' dir='ltr'><strong>res</strong></span> <span class='ocrx_word' id='word_1_574' title='bbox 2961 4106 3343 4176; x_wconf 78' lang='lat' dir='ltr'><strong>interpretandi</strong></span> 
     </span>
    </p>
   </div>
   <div class='ocr_carea' id='block_1_45' title="bbox 81 4196 3339 4283">
    <p class='ocr_par' dir='ltr' id='par_1_45' title="bbox 81 4196 3339 4283">
     <span class='ocr_line' id='line_1_45' title="bbox 81 4196 3339 4283; baseline -0.005 -16"><span class='ocrx_word' id='word_1_575' title='bbox 81 4215 325 4283; x_wconf 77' lang='lat' dir='ltr'><strong>avpasite</strong></span> <span class='ocrx_word' id='word_1_576' title='bbox 343 4213 526 4281; x_wconf 85' lang='lat' dir='ltr'><strong>pieque</strong></span> <span class='ocrx_word' id='word_1_577' title='bbox 552 4207 835 4264; x_wconf 76' lang='lat' dir='ltr'><strong>secundum</strong></span> <span class='ocrx_word' id='word_1_578' title='bbox 858 4205 1258 4276; x_wconf 74' lang='lat' dir='ltr'><strong>intelligentiam</strong></span> <span class='ocrx_word' id='word_1_579' title='bbox 1281 4200 1617 4269; x_wconf 80' lang='lat' dir='ltr'><strong>allegoricam</strong></span> <span class='ocrx_word' id='word_1_580' title='bbox 1645 4209 1694 4252; x_wconf 85' lang='lat' dir='ltr'><strong>et</strong></span> <span class='ocrx_word' id='word_1_581' title='bbox 1726 4197 2126 4268; x_wconf 73' lang='lat' dir='ltr'><strong>tropoloyicam.</strong></span> <span class='ocrx_word' id='word_1_582' title='bbox 2171 4197 2354 4264; x_wconf 83' lang='lat' dir='ltr'><strong>Quare</strong></span> <span class='ocrx_word' id='word_1_583' title='bbox 2382 4198 2726 4268; x_wconf 85' lang='lat' dir='ltr'><strong>proprietates</strong></span> <span class='ocrx_word' id='word_1_584' title='bbox 2771 4196 3084 4250; x_wconf 76' lang='lat' dir='ltr'><strong>animalium</strong></span> <span class='ocrx_word' id='word_1_585' title='bbox 3104 4207 3153 4252; x_wconf 88' lang='lat' dir='ltr'><strong>et</strong></span> <span class='ocrx_word' id='word_1_586' title='bbox 3181 4198 3339 4266; x_wconf 83' lang='lat' dir='ltr'><strong>ptan-</strong></span> 
     </span>
    </p>
   </div>
   <div class='ocr_carea' id='block_1_46' title="bbox 83 4289 3340 4374">
    <p class='ocr_par' dir='ltr' id='par_1_46' title="bbox 83 4289 3340 4374">
     <span class='ocr_line' id='line_1_46' title="bbox 83 4289 3340 4374; baseline -0.004 -13"><span class='ocrx_word' id='word_1_587' title='bbox 83 4320 264 4361; x_wconf 83' lang='lat' dir='ltr'><strong>tarum</strong></span> <span class='ocrx_word' id='word_1_588' title='bbox 292 4305 440 4374; x_wconf 81' lang='lat' dir='ltr'><strong>vulgo</strong></span> <span class='ocrx_word' id='word_1_589' title='bbox 475 4303 722 4364; x_wconf 87' lang='lat' dir='ltr'><strong>creditas,</strong></span> <span class='ocrx_word' id='word_1_590' title='bbox 745 4310 793 4356; x_wconf 87' lang='lat' dir='ltr'><strong>et</strong></span> <span class='ocrx_word' id='word_1_591' title='bbox 817 4300 1038 4354; x_wconf 83' lang='lat' dir='ltr'><strong>consilio</strong></span> <span class='ocrx_word' id='word_1_592' title='bbox 1066 4305 1115 4350; x_wconf 89' lang='lat' dir='ltr'><strong>et</strong></span> <span class='ocrx_word' id='word_1_593' title='bbox 1146 4296 1414 4366; x_wconf 82' lang='lat' dir='ltr'><strong>proposito</strong></span> <span class='ocrx_word' id='word_1_594' title='bbox 1437 4311 1531 4348; x_wconf 86' lang='lat' dir='ltr'><strong>suo</strong></span> <span class='ocrx_word' id='word_1_595' title='bbox 1556 4291 1984 4346; x_wconf 77' lang='lat' dir='ltr'><strong>accommodatas</strong></span> <span class='ocrx_word' id='word_1_596' title='bbox 2019 4291 2235 4344; x_wconf 72' lang='lat' dir='ltr'><strong>Libenter</strong></span> <span class='ocrx_word' id='word_1_597' title='bbox 2263 4292 2571 4356; x_wconf 84' lang='lat' dir='ltr'><strong>assumpsit.</strong></span> <span class='ocrx_word' id='word_1_598' title='bbox 2605 4289 2711 4344; x_wconf 89' lang='lat' dir='ltr'><strong>Sed</strong></span> <span class='ocrx_word' id='word_1_599' title='bbox 2744 4305 2845 4359; x_wconf 90' lang='lat' dir='ltr'><strong>pro</strong></span> <span class='ocrx_word' id='word_1_600' title='bbox 2866 4291 3172 4360; x_wconf 88' lang='lat' dir='ltr'><strong>Epiphanio</strong></span> <span class='ocrx_word' id='word_1_601' title='bbox 3201 4291 3340 4348; x_wconf 79' lang='lat' dir='ltr'><strong>satis</strong></span> 
     </span>
    </p>
   </div>
   <div class='ocr_carea' id='block_1_47' title="bbox 81 4381 3132 4470">
    <p class='ocr_par' dir='ltr' id='par_1_47' title="bbox 81 4381 3132 4470">
     <span class='ocr_line' id='line_1_47' title="bbox 81 4381 3132 4470; baseline -0.007 -14"><span class='ocrx_word' id='word_1_602' title='bbox 81 4415 363 4470; x_wconf 87' lang='lat' dir='ltr'><strong>superque</strong></span> <span class='ocrx_word' id='word_1_603' title='bbox 392 4395 688 4466; x_wconf 79' lang='lat' dir='ltr'><strong>respondet</strong></span> <span class='ocrx_word' id='word_1_604' title='bbox 719 4393 1024 4448; x_wconf 88' lang='lat' dir='ltr'><strong>Consalvus</strong></span> <span class='ocrx_word' id='word_1_605' title='bbox 1048 4389 1282 4444; x_wconf 86' lang='lat' dir='ltr'><strong>Pontius</strong></span> <span class='ocrx_word' id='word_1_606' title='bbox 1317 4385 1645 4440; x_wconf 66' lang='lat' dir='ltr'><strong>Prml‘atione</strong></span> <span class='ocrx_word' id='word_1_607' title='bbox 1673 4382 1740 4436; x_wconf 90' lang='lat' dir='ltr'><strong>ad</strong></span> <span class='ocrx_word' id='word_1_608' title='bbox 1773 4385 2056 4446; x_wconf 82' lang='lat' dir='ltr'><strong>lectorem,</strong></span> <span class='ocrx_word' id='word_1_609' title='bbox 2093 4384 2146 4437; x_wconf 92' lang='lat' dir='ltr'><strong>in</strong></span> <span class='ocrx_word' id='word_1_610' title='bbox 2178 4382 2426 4451; x_wconf 87' lang='lat' dir='ltr'><strong>ejusdem</strong></span> <span class='ocrx_word' id='word_1_611' title='bbox 2460 4381 2748 4452; x_wconf 87' lang='lat' dir='ltr'><strong>Epiphanii</strong></span> <span class='ocrx_word' id='word_1_612' title='bbox 2787 4381 3132 4453; x_wconf 77' lang='lat' dir='ltr'><strong>Physiologo.</strong></span> 
     </span>
    </p>
   </div>
   <div class='ocr_carea' id='block_1_48' title="bbox 154 4475 3336 4559">
    <p class='ocr_par' dir='ltr' id='par_1_48' title="bbox 154 4475 3336 4559">
     <span class='ocr_line' id='line_1_48' title="bbox 154 4475 3336 4559; baseline -0.005 -13"><span class='ocrx_word' id='word_1_613' title='bbox 154 4494 292 4559; x_wconf 73' lang='lat' dir='ltr'><strong>Quae</strong></span> <span class='ocrx_word' id='word_1_614' title='bbox 321 4491 388 4545; x_wconf 87' lang='lat' dir='ltr'><strong>de</strong></span> <span class='ocrx_word' id='word_1_615' title='bbox 425 4487 851 4559; x_wconf 87' lang='lat' dir='ltr'><strong>proprietatibus</strong></span> <span class='ocrx_word' id='word_1_616' title='bbox 881 4483 1201 4538; x_wconf 88' lang='lat' dir='ltr'><strong>animalium</strong></span> <span class='ocrx_word' id='word_1_617' title='bbox 1234 4489 1288 4536; x_wconf 89' lang='lat' dir='ltr'><strong>et</strong></span> <span class='ocrx_word' id='word_1_618' title='bbox 1316 4477 1630 4535; x_wconf 66' lang='lat' dir='ltr'><strong>Iudaeorum</strong></span> <span class='ocrx_word' id='word_1_619' title='bbox 1664 4477 2010 4546; x_wconf 89' lang='lat' dir='ltr'><strong>antiquitate,</strong></span> <span class='ocrx_word' id='word_1_620' title='bbox 2044 4475 2280 4544; x_wconf 85' lang='lat' dir='ltr'><strong>aliisque</strong></span> <span class='ocrx_word' id='word_1_621' title='bbox 2305 4476 2587 4531; x_wconf 79' lang='lat' dir='ltr'><strong>nonnullis</strong></span> <span class='ocrx_word' id='word_1_622' title='bbox 2609 4475 2868 4531; x_wconf 86' lang='lat' dir='ltr'><strong>edisserit</strong></span> <span class='ocrx_word' id='word_1_623' title='bbox 2894 4475 3236 4536; x_wconf 86' lang='lat' dir='ltr'><strong>Eustathius.</strong></span> <span class='ocrx_word' id='word_1_624' title='bbox 3273 4489 3336 4530; x_wconf 88' lang='lat' dir='ltr'><strong>ea</strong></span> 
     </span>
    </p>
   </div>
   <div class='ocr_carea' id='block_1_49' title="bbox 79 4564 3336 4645">
    <p class='ocr_par' dir='ltr' id='par_1_49' title="bbox 79 4564 3336 4645">
     <span class='ocr_line' id='line_1_49' title="bbox 79 4564 3336 4645; baseline -0.008 -1"><span class='ocrx_word' id='word_1_625' title='bbox 79 4595 212 4645; x_wconf 89' lang='lat' dir='ltr'><strong>sunt</strong></span> <span class='ocrx_word' id='word_1_626' title='bbox 247 4585 550 4638; x_wconf 91' lang='lat' dir='ltr'><strong>multorum</strong></span> <span class='ocrx_word' id='word_1_627' title='bbox 595 4588 878 4634; x_wconf 90' lang='lat' dir='ltr'><strong>auctorum</strong></span> <span class='ocrx_word' id='word_1_628' title='bbox 911 4578 1125 4630; x_wconf 81' lang='lat' dir='ltr'><strong>ﬁrmata</strong></span> <span class='ocrx_word' id='word_1_629' title='bbox 1170 4590 1465 4629; x_wconf 89' lang='lat' dir='ltr'><strong>consensu.</strong></span> <span class='ocrx_word' id='word_1_630' title='bbox 1507 4570 1663 4635; x_wconf 80' lang='lat' dir='ltr'><strong>Quod</strong></span> <span class='ocrx_word' id='word_1_631' title='bbox 1688 4579 1747 4623; x_wconf 90' lang='lat' dir='ltr'><strong>ut</strong></span> <span class='ocrx_word' id='word_1_632' title='bbox 1783 4569 1981 4638; x_wconf 84' lang='lat' dir='ltr'><strong>magis,</strong></span> <span class='ocrx_word' id='word_1_633' title='bbox 2019 4582 2084 4622; x_wconf 91' lang='lat' dir='ltr'><strong>ac</strong></span> <span class='ocrx_word' id='word_1_634' title='bbox 2133 4566 2309 4636; x_wconf 86' lang='lat' dir='ltr'><strong>magis</strong></span> <span class='ocrx_word' id='word_1_635' title='bbox 2355 4566 2666 4621; x_wconf 89' lang='lat' dir='ltr'><strong>innotescat</strong></span> <span class='ocrx_word' id='word_1_636' title='bbox 2701 4565 2756 4620; x_wconf 91' lang='lat' dir='ltr'><strong>in</strong></span> <span class='ocrx_word' id='word_1_637' title='bbox 2797 4567 2946 4619; x_wconf 92' lang='lat' dir='ltr'><strong>notis</strong></span> <span class='ocrx_word' id='word_1_638' title='bbox 2991 4564 3207 4618; x_wconf 89' lang='lat' dir='ltr'><strong>laudavi</strong></span> <span class='ocrx_word' id='word_1_639' title='bbox 3237 4578 3336 4617; x_wconf 87' lang='lat' dir='ltr'><strong>au-</strong></span> 
     </span>
    </p>
   </div>
   <div class='ocr_carea' id='block_1_50' title="bbox 79 4652 3334 4741">
    <p class='ocr_par' dir='ltr' id='par_1_50' title="bbox 79 4652 3334 4741">
     <span class='ocr_line' id='line_1_50' title="bbox 79 4652 3334 4741; baseline -0.009 -7"><span class='ocrx_word' id='word_1_640' title='bbox 79 4691 272 4735; x_wconf 90' lang='lat' dir='ltr'><strong>ctores</strong></span> <span class='ocrx_word' id='word_1_641' title='bbox 298 4675 447 4731; x_wconf 90' lang='lat' dir='ltr'><strong>unde</strong></span> <span class='ocrx_word' id='word_1_642' title='bbox 484 4673 859 4741; x_wconf 86' lang='lat' dir='ltr'><strong>desumpsisse</strong></span> <span class='ocrx_word' id='word_1_643' title='bbox 892 4668 1131 4729; x_wconf 89' lang='lat' dir='ltr'><strong>videtur,</strong></span> <span class='ocrx_word' id='word_1_644' title='bbox 1171 4679 1382 4720; x_wconf 87' lang='lat' dir='ltr'><strong>necnon</strong></span> <span class='ocrx_word' id='word_1_645' title='bbox 1413 4670 1468 4718; x_wconf 89' lang='lat' dir='ltr'><strong>et</strong></span> <span class='ocrx_word' id='word_1_646' title='bbox 1489 4677 1583 4716; x_wconf 91' lang='lat' dir='ltr'><strong>eos</strong></span> <span class='ocrx_word' id='word_1_647' title='bbox 1612 4659 1707 4731; x_wconf 91' lang='lat' dir='ltr'><strong>qui</strong></span> <span class='ocrx_word' id='word_1_648' title='bbox 1743 4659 1813 4713; x_wconf 89' lang='lat' dir='ltr'><strong>ab</strong></span> <span class='ocrx_word' id='word_1_649' title='bbox 1855 4657 2140 4712; x_wconf 84' lang='lat' dir='ltr'><strong>Eustathio</strong></span> <span class='ocrx_word' id='word_1_650' title='bbox 2187 4669 2284 4709; x_wconf 87' lang='lat' dir='ltr'><strong>sua</strong></span> <span class='ocrx_word' id='word_1_651' title='bbox 2337 4655 2569 4708; x_wconf 84' lang='lat' dir='ltr'><strong>motuati</strong></span> <span class='ocrx_word' id='word_1_652' title='bbox 2627 4662 2774 4709; x_wconf 87' lang='lat' dir='ltr'><strong>sunt.</strong></span> <span class='ocrx_word' id='word_1_653' title='bbox 2809 4652 2995 4708; x_wconf 81' lang='lat' dir='ltr'><strong>Rebus</strong></span> <span class='ocrx_word' id='word_1_654' title='bbox 3032 4653 3176 4708; x_wconf 89' lang='lat' dir='ltr'><strong>enim</strong></span> <span class='ocrx_word' id='word_1_655' title='bbox 3229 4652 3334 4708; x_wconf 89' lang='lat' dir='ltr'><strong>hoc</strong></span> 
     </span>
    </p>
   </div>
   <div class='ocr_carea' id='block_1_51' title="bbox 79 4742 3331 4827">
    <p class='ocr_par' dir='ltr' id='par_1_51' title="bbox 79 4742 3331 4827">
     <span class='ocr_line' id='line_1_51' title="bbox 79 4742 3331 4827; baseline -0.01 1"><span class='ocrx_word' id='word_1_656' title='bbox 79 4773 236 4827; x_wconf 88' lang='lat' dir='ltr'><strong>addit</strong></span> <span class='ocrx_word' id='word_1_657' title='bbox 269 4770 562 4826; x_wconf 82' lang='lat' dir='ltr'><strong>maximam</strong></span> <span class='ocrx_word' id='word_1_658' title='bbox 589 4766 991 4824; x_wconf 87' lang='lat' dir='ltr'><strong>auctoritatem,</strong></span> <span class='ocrx_word' id='word_1_659' title='bbox 1029 4761 1234 4815; x_wconf 84' lang='lat' dir='ltr'><strong>habere</strong></span> <span class='ocrx_word' id='word_1_660' title='bbox 1263 4759 1412 4812; x_wconf 86' lang='lat' dir='ltr'><strong>viros</strong></span> <span class='ocrx_word' id='word_1_661' title='bbox 1454 4755 1724 4818; x_wconf 77' lang='lat' dir='ltr'><strong>laudatos,</strong></span> <span class='ocrx_word' id='word_1_662' title='bbox 1759 4753 1849 4822; x_wconf 92' lang='lat' dir='ltr'><strong>qui</strong></span> <span class='ocrx_word' id='word_1_663' title='bbox 1885 4766 1993 4806; x_wconf 87' lang='lat' dir='ltr'><strong>una</strong></span> <span class='ocrx_word' id='word_1_664' title='bbox 2039 4757 2218 4804; x_wconf 90' lang='lat' dir='ltr'><strong>tecum</strong></span> <span class='ocrx_word' id='word_1_665' title='bbox 2270 4745 2507 4801; x_wconf 84' lang='lat' dir='ltr'><strong>sentiant</strong></span> <span class='ocrx_word' id='word_1_666' title='bbox 2537 4745 2835 4814; x_wconf 88' lang='lat' dir='ltr'><strong>eademque</strong></span> <span class='ocrx_word' id='word_1_667' title='bbox 2857 4750 3100 4799; x_wconf 89' lang='lat' dir='ltr'><strong>narrent.</strong></span> <span class='ocrx_word' id='word_1_668' title='bbox 3135 4742 3331 4796; x_wconf 83' lang='lat' dir='ltr'><strong>Mirum</strong></span> 
     </span>
    </p>
   </div>
   <div class='ocr_carea' id='block_1_52' title="bbox 80 4834 3332 4924">
    <p class='ocr_par' dir='ltr' id='par_1_52' title="bbox 80 4834 3332 4924">
     <span class='ocr_line' id='line_1_52' title="bbox 80 4834 3332 4924; baseline -0.011 -2"><span class='ocrx_word' id='word_1_669' title='bbox 80 4877 265 4924; x_wconf 75' lang='lat' dir='ltr'><strong>autem</strong></span> <span class='ocrx_word' id='word_1_670' title='bbox 293 4875 378 4922; x_wconf 89' lang='lat' dir='ltr'><strong>est</strong></span> <span class='ocrx_word' id='word_1_671' title='bbox 408 4866 462 4920; x_wconf 91' lang='lat' dir='ltr'><strong>in</strong></span> <span class='ocrx_word' id='word_1_672' title='bbox 488 4864 741 4918; x_wconf 89' lang='lat' dir='ltr'><strong>omnibus</strong></span> <span class='ocrx_word' id='word_1_673' title='bbox 770 4876 897 4916; x_wconf 90' lang='lat' dir='ltr'><strong>acre</strong></span> <span class='ocrx_word' id='word_1_674' title='bbox 923 4861 1064 4914; x_wconf 84' lang='lat' dir='ltr'><strong>tanti</strong></span> <span class='ocrx_word' id='word_1_675' title='bbox 1092 4856 1276 4912; x_wconf 85' lang='lat' dir='ltr'><strong>Patris</strong></span> <span class='ocrx_word' id='word_1_676' title='bbox 1295 4851 1568 4923; x_wconf 86' lang='lat' dir='ltr'><strong>judicium</strong></span> <span class='ocrx_word' id='word_1_677' title='bbox 1589 4849 1740 4920; x_wconf 77' lang='lat' dir='ltr'><strong>eligit</strong></span> <span class='ocrx_word' id='word_1_678' title='bbox 1764 4847 1986 4902; x_wconf 86' lang='lat' dir='ltr'><strong>meliora</strong></span> <span class='ocrx_word' id='word_1_679' title='bbox 2011 4851 2256 4912; x_wconf 85' lang='lat' dir='ltr'><strong>tutaque,</strong></span> <span class='ocrx_word' id='word_1_680' title='bbox 2280 4840 2444 4897; x_wconf 90' lang='lat' dir='ltr'><strong>veluti</strong></span> <span class='ocrx_word' id='word_1_681' title='bbox 2461 4837 2788 4907; x_wconf 78' lang='lat' dir='ltr'><strong>margaritas</strong></span> <span class='ocrx_word' id='word_1_682' title='bbox 2810 4851 2847 4891; x_wconf 86' lang='lat' dir='ltr'><strong>e</strong></span> <span class='ocrx_word' id='word_1_683' title='bbox 2871 4837 3002 4897; x_wconf 92' lang='lat' dir='ltr'><strong>luto,</strong></span> <span class='ocrx_word' id='word_1_684' title='bbox 3037 4834 3090 4888; x_wconf 92' lang='lat' dir='ltr'><strong>in</strong></span> <span class='ocrx_word' id='word_1_685' title='bbox 3123 4847 3332 4902; x_wconf 87' lang='lat' dir='ltr'><strong>suaque</strong></span> 
     </span>
    </p>
   </div>
   <div class='ocr_carea' id='block_1_53' title="bbox 81 4927 3380 5032">
    <p class='ocr_par' dir='ltr' id='par_1_53' title="bbox 81 4927 3380 5032">
     <span class='ocr_line' id='line_1_53' title="bbox 81 4927 3380 5032; baseline -0.01 -17"><span class='ocrx_word' id='word_1_686' title='bbox 81 4961 291 5032; x_wconf 83' lang='lat' dir='ltr'><strong>scripta</strong></span> <span class='ocrx_word' id='word_1_687' title='bbox 329 4957 612 5019; x_wconf 78' lang='lat' dir='ltr'><strong>transfert,</strong></span> <span class='ocrx_word' id='word_1_688' title='bbox 634 4965 835 5010; x_wconf 63' lang='lat' dir='ltr'><strong>caetera</strong></span> <span class='ocrx_word' id='word_1_689' title='bbox 869 4961 926 5008; x_wconf 91' lang='lat' dir='ltr'><strong>ut</strong></span> <span class='ocrx_word' id='word_1_690' title='bbox 958 4953 1196 5022; x_wconf 73' lang='lat' dir='ltr'><strong>objecta,</strong></span> <span class='ocrx_word' id='word_1_691' title='bbox 1227 4949 1354 5004; x_wconf 87' lang='lat' dir='ltr'><strong>vilia</strong></span> <span class='ocrx_word' id='word_1_692' title='bbox 1386 4949 1702 5015; x_wconf 87' lang='lat' dir='ltr'><strong>nulliusqu</strong></span> <span class='ocrx_word' id='word_1_693' title='bbox 1736 4938 1999 4994; x_wconf 89' lang='lat' dir='ltr'><strong>momenti</strong></span> <span class='ocrx_word' id='word_1_694' title='bbox 2028 4936 2259 5032; x_wconf 60' lang='lat' dir='ltr'><strong>despicit</strong></span> <span class='ocrx_word' id='word_1_695' title='bbox 2292 4932 2644 5032; x_wconf 53' lang='lat' dir='ltr'><strong>negligitque,</strong></span> <span class='ocrx_word' id='word_1_696' title='bbox 2672 4936 2942 5032; x_wconf 70' lang='lat' dir='ltr'><strong>accurata:</strong></span> <span class='ocrx_word' id='word_1_697' title='bbox 2973 4927 3093 4996; x_wconf 92' lang='lat' dir='ltr'><strong>ejus</strong></span> <span class='ocrx_word' id='word_1_698' title='bbox 3111 4927 3335 5032; x_wconf 41' lang='lat' dir='ltr'><strong>.in‘out-</strong></span> <span class='ocrx_word' id='word_1_699' title='bbox 3371 4945 3380 4981; x_wconf 69' lang='grc' dir='ltr'><em>λ</em></span> 
     </span>
    </p>
   </div>
   <div class='ocr_carea' id='block_1_54' title="bbox 79 5016 3332 5119">
    <p class='ocr_par' dir='ltr' id='par_1_54' title="bbox 79 5016 3332 5119">
     <span class='ocr_line' id='line_1_54' title="bbox 79 5016 3332 5119; baseline -0.012 -11"><span class='ocrx_word' id='word_1_700' title='bbox 79 5016 246 5108; x_wconf 72' lang='lat' dir='ltr'><strong>nibtis</strong></span> <span class='ocrx_word' id='word_1_701' title='bbox 274 5049 572 5119; x_wconf 72' lang='lat' dir='ltr'><strong>diligentiae</strong></span> <span class='ocrx_word' id='word_1_702' title='bbox 598 5016 970 5116; x_wconf 83' lang='lat' dir='ltr'><strong>exquisitique</strong></span> <span class='ocrx_word' id='word_1_703' title='bbox 1000 5016 1612 5110; x_wconf 75' lang='lat' dir='ltr'><strong>studiiargumentum.</strong></span> <span class='ocrx_word' id='word_1_704' title='bbox 1645 5033 1819 5091; x_wconf 80' lang='lat' dir='ltr'><strong>Alias.</strong></span> <span class='ocrx_word' id='word_1_705' title='bbox 1849 5034 2128 5119; x_wconf 78' lang='lat' dir='ltr'><strong>annuente</strong></span> <span class='ocrx_word' id='word_1_706' title='bbox 2157 5025 2286 5119; x_wconf 67' lang='lat' dir='ltr'><strong>Deo,</strong></span> <span class='ocrx_word' id='word_1_707' title='bbox 2319 5021 2775 5119; x_wconf 25' lang='lat' dir='ltr'><strong>etubenignitate.</strong></span> <span class='ocrx_word' id='word_1_708' title='bbox 2809 5035 2873 5119; x_wconf 80' lang='lat' dir='ltr'><strong>ac</strong></span> <span class='ocrx_word' id='word_1_709' title='bbox 2904 5019 3242 5119; x_wconf 85' lang='lat' dir='ltr'><strong>humanitate</strong></span> <span class='ocrx_word' id='word_1_710' title='bbox 3267 5016 3332 5071; x_wconf 84' lang='lat' dir='ltr'><strong>il-</strong></span> 
     </span>
    </p>
   </div>
   <div class='ocr_carea' id='block_1_55' title="bbox 78 5113 3330 5202">
    <p class='ocr_par' dir='ltr' id='par_1_55' title="bbox 78 5113 3330 5202">
     <span class='ocr_line' id='line_1_55' title="bbox 78 5113 3330 5202; baseline -0.011 -1"><span class='ocrx_word' id='word_1_711' title='bbox 78 5113 402 5202; x_wconf 76' lang='lat' dir='ltr'><strong>lustrissimi</strong></span> <span class='ocrx_word' id='word_1_712' title='bbox 432 5156 497 5196; x_wconf 91' lang='lat' dir='ltr'><strong>ac</strong></span> <span class='ocrx_word' id='word_1_713' title='bbox 523 5113 962 5194; x_wconf 80' lang='lat' dir='ltr'><strong>reverendissitni</strong></span> <span class='ocrx_word' id='word_1_714' title='bbox 998 5135 1281 5190; x_wconf 86' lang='lat' dir='ltr'><strong>Francisci</strong></span> <span class='ocrx_word' id='word_1_715' title='bbox 1311 5130 1606 5188; x_wconf 87' lang='lat' dir='ltr'><strong>cardinalis</strong></span> <span class='ocrx_word' id='word_1_716' title='bbox 1657 5122 1966 5185; x_wconf 86' lang='lat' dir='ltr'><strong>Barbarini,</strong></span> <span class='ocrx_word' id='word_1_717' title='bbox 2010 5119 2072 5175; x_wconf 93' lang='lat' dir='ltr'><strong>S.</strong></span> <span class='ocrx_word' id='word_1_718' title='bbox 2103 5117 2172 5177; x_wconf 81' lang='grc' dir='ltr'><strong>Β.</strong></span> <span class='ocrx_word' id='word_1_719' title='bbox 2202 5117 2264 5172; x_wconf 87' lang='grc' dir='ltr'><strong>Ε.</strong></span> <span class='ocrx_word' id='word_1_720' title='bbox 2288 5113 2714 5176; x_wconf 80' lang='lat' dir='ltr'><strong>bibliothecarii,</strong></span> <span class='ocrx_word' id='word_1_721' title='bbox 2739 5113 2904 5182; x_wconf 81' lang='lat' dir='ltr'><strong>cujus</strong></span> <span class='ocrx_word' id='word_1_722' title='bbox 2946 5117 3078 5166; x_wconf 92' lang='lat' dir='ltr'><strong>nutu</strong></span> <span class='ocrx_word' id='word_1_723' title='bbox 3103 5125 3330 5202; x_wconf 80' lang='lat' dir='ltr'><strong>securo,</strong></span> 
     </span>
    </p>
   </div>
   <div class='ocr_carea' id='block_1_56' title="bbox 79 5201 3327 5298">
    <p class='ocr_par' dir='ltr' id='par_1_56' title="bbox 79 5201 3327 5298">
     <span class='ocr_line' id='line_1_56' title="bbox 79 5201 3327 5298; baseline -0.01 -8"><span class='ocrx_word' id='word_1_724' title='bbox 79 5201 422 5292; x_wconf 79' lang='lat' dir='ltr'><strong>felicissimis</strong></span> <span class='ocrx_word' id='word_1_725' title='bbox 470 5229 669 5284; x_wconf 79' lang='lat' dir='ltr'><strong>studiis</strong></span> <span class='ocrx_word' id='word_1_726' title='bbox 698 5227 1072 5298; x_wconf 81' lang='lat' dir='ltr'><strong>auSpiciisque</strong></span> <span class='ocrx_word' id='word_1_727' title='bbox 1102 5222 1382 5280; x_wconf 72' lang='lat' dir='ltr'><strong>munificis</strong></span> <span class='ocrx_word' id='word_1_728' title='bbox 1430 5236 1518 5274; x_wconf 88' lang='lat' dir='ltr'><strong>res</strong></span> <span class='ocrx_word' id='word_1_729' title='bbox 1570 5216 1851 5274; x_wconf 70' lang='lat' dir='ltr'><strong>litterariae</strong></span> <span class='ocrx_word' id='word_1_730' title='bbox 1894 5219 2160 5282; x_wconf 66' lang='lat' dir='ltr'><strong>reparata:</strong></span> <span class='ocrx_word' id='word_1_731' title='bbox 2209 5207 2517 5298; x_wconf 81' lang='lat' dir='ltr'><strong>fundantur</strong></span> <span class='ocrx_word' id='word_1_732' title='bbox 2554 5203 3060 5298; x_wconf 71' lang='lat' dir='ltr'><strong>eteoulirmantur,</strong></span> <span class='ocrx_word' id='word_1_733' title='bbox 3094 5201 3327 5298; x_wconf 74' lang='lat' dir='ltr'><strong>favente.</strong></span> 
     </span>
    </p>
   </div>
   <div class='ocr_carea' id='block_1_57' title="bbox 79 5293 3334 5397">
    <p class='ocr_par' dir='ltr' id='par_1_57' title="bbox 79 5293 3334 5397">
     <span class='ocr_line' id='line_1_57' title="bbox 79 5293 3334 5397; baseline -0.011 -14"><span class='ocrx_word' id='word_1_734' title='bbox 79 5324 348 5383; x_wconf 88' lang='lat' dir='ltr'><strong>nonnulla</strong></span> <span class='ocrx_word' id='word_1_735' title='bbox 381 5324 488 5377; x_wconf 90' lang='lat' dir='ltr'><strong>alia</strong></span> <span class='ocrx_word' id='word_1_736' title='bbox 535 5293 887 5391; x_wconf 41' lang='lat' dir='ltr'><strong>ejusdem-et</strong></span> <span class='ocrx_word' id='word_1_737' title='bbox 932 5293 1236 5389; x_wconf 61' lang='lat' dir='ltr'><strong>praisertim</strong></span> <span class='ocrx_word' id='word_1_738' title='bbox 1267 5332 1388 5386; x_wconf 69' lang='lat' dir='ltr'><strong>quae</strong></span> <span class='ocrx_word' id='word_1_739' title='bbox 1427 5312 1680 5367; x_wconf 80' lang='lat' dir='ltr'><strong>adversus</strong></span> <span class='ocrx_word' id='word_1_740' title='bbox 1728 5308 2005 5377; x_wconf 84' lang='lat' dir='ltr'><strong>Origenem</strong></span> <span class='ocrx_word' id='word_1_741' title='bbox 2035 5303 2101 5358; x_wconf 85' lang='lat' dir='ltr'><strong>de</strong></span> <span class='ocrx_word' id='word_1_742' title='bbox 2125 5297 2564 5397; x_wconf 40' lang='lat' dir='ltr'><strong>,engastrim-ytlto</strong></span> <span class='ocrx_word' id='word_1_743' title='bbox 2595 5295 2964 5397; x_wconf 74' lang='lat' dir='ltr'><strong>disertissime</strong></span> <span class='ocrx_word' id='word_1_744' title='bbox 2982 5293 3334 5397; x_wconf 80' lang='lat' dir='ltr'><strong>piissimeque</strong></span> 
     </span>
    </p>
   </div>
   <div class='ocr_carea' id='block_1_58' title="bbox 75 5387 3337 5488">
    <p class='ocr_par' dir='ltr' id='par_1_58' title="bbox 75 5387 3337 5488">
     <span class='ocr_line' id='line_1_58' title="bbox 75 5387 3337 5488; baseline -0.008 -17"><span class='ocrx_word' id='word_1_745' title='bbox 75 5415 411 5488; x_wconf 77' lang='lat' dir='ltr'><strong>composuit,</strong></span> <span class='ocrx_word' id='word_1_746' title='bbox 443 5387 620 5480; x_wconf 83' lang='lat' dir='ltr'><strong>dabo;</strong></span> <span class='ocrx_word' id='word_1_747' title='bbox 653 5413 856 5483; x_wconf 88' lang='lat' dir='ltr'><strong>quibus</strong></span> <span class='ocrx_word' id='word_1_748' title='bbox 885 5387 946 5466; x_wconf 79' lang='lat' dir='ltr'><strong>et</strong></span> <span class='ocrx_word' id='word_1_749' title='bbox 980 5411 1094 5464; x_wconf 74' lang='lat' dir='ltr'><strong>hzec</strong></span> <span class='ocrx_word' id='word_1_750' title='bbox 1127 5423 1251 5464; x_wconf 78' lang='lat' dir='ltr'><strong>mea</strong></span> <span class='ocrx_word' id='word_1_751' title='bbox 1277 5407 1495 5466; x_wconf 84' lang='lat' dir='ltr'><strong>addam,</strong></span> <span class='ocrx_word' id='word_1_752' title='bbox 1536 5413 1590 5458; x_wconf 88' lang='lat' dir='ltr'><strong>et</strong></span> <span class='ocrx_word' id='word_1_753' title='bbox 1621 5401 1869 5462; x_wconf 86' lang='lat' dir='ltr'><strong>meliora,</strong></span> <span class='ocrx_word' id='word_1_754' title='bbox 1898 5408 1952 5454; x_wconf 92' lang='lat' dir='ltr'><strong>et</strong></span> <span class='ocrx_word' id='word_1_755' title='bbox 1979 5392 2372 5451; x_wconf 88' lang='lat' dir='ltr'><strong>emendatiora.</strong></span> <span class='ocrx_word' id='word_1_756' title='bbox 2407 5391 2556 5456; x_wconf 69' lang='lat' dir='ltr'><strong>Haec,</strong></span> <span class='ocrx_word' id='word_1_757' title='bbox 2602 5391 2796 5454; x_wconf 80' lang='lat' dir='ltr'><strong>lector,</strong></span> <span class='ocrx_word' id='word_1_758' title='bbox 2827 5387 3075 5445; x_wconf 87' lang='lat' dir='ltr'><strong>volebam</strong></span> <span class='ocrx_word' id='word_1_759' title='bbox 3113 5387 3337 5444; x_wconf 69' lang='lat' dir='ltr'><strong>nescius</strong></span> 
     </span>
    </p>
   </div>
   <div class='ocr_carea' id='block_1_59' title="bbox 80 5504 536 5565">
    <p class='ocr_par' dir='ltr' id='par_1_59' title="bbox 80 5504 536 5565">
     <span class='ocr_line' id='line_1_59' title="bbox 80 5504 536 5565; baseline -0.011 0"><span class='ocrx_word' id='word_1_760' title='bbox 80 5527 149 5565; x_wconf 89' lang='lat' dir='ltr'><strong>ue</strong></span> <span class='ocrx_word' id='word_1_761' title='bbox 175 5523 353 5565; x_wconf 86' lang='lat' dir='ltr'><strong>esses.</strong></span> <span class='ocrx_word' id='word_1_762' title='bbox 386 5504 536 5560; x_wconf 75' lang='lat' dir='ltr'><strong>Vale.</strong></span> 
     </span>
    </p>
   </div>
   <div class='ocr_carea' id='block_1_60' title="bbox 1513 5645 1946 5672">
    <p class='ocr_par' dir='ltr' id='par_1_60' title="bbox 1513 5645 1946 5672">
     <span class='ocr_line' id='line_1_60' title="bbox 1513 5645 1946 5672; baseline 0.005 -2"><span class='ocrx_word' id='word_1_763' title='bbox 1513 5645 1946 5672; x_wconf 43' lang='lat' dir='ltr'><strong>um“—</strong></span> 
     </span>
    </p>
   </div>
  </div>
