3850 6160
104 261 217 318 ῗο9

1037 271 1312 331 SPURIA.
1337 305 1405 317 -—
1443 274 1806 333 COMMENT.
1850 277 1916 331 lN
1960 278 2488 340 HEXAEMERON.‘

3285 294 3387 353 7l0

100 376 365 448 ὑπῆρξαν
423 380 563 451 μετά
619 382 880 456 Κέκροπα
903 426 917 447 ,
970 384 1031 439 δν
1089 389 1260 443 πολλὰ
1303 391 1549 465 Ὄμηρος
1601 395 1693 448 καὶ

1800 394 2121 452 Phaetontis
2153 398 2567 472 deﬂagratioue,
2600 401 2966 461 Eritehthonii
2998 415 3121 463 ortu
3155 424 3223 465 ex
3249 408 3384 466 νηι-

111 467 365 534 Ἱῐσίοδος
405 475 520 538 τοῖς
554 475 767 547 χρόνοις
818 478 1244 550 ὑποϐεϐήκασιν.
1271 484 1336 537 Εἰ
1385 486 1443 539 δὲ
1488 486 1695 541 τούτων

102 559 456 621 ἓλαττοῦνται
494 569 608 630 τοῖς
640 566 786 622 ἔτεσι
811 609 826 632 ,
873 570 1009 625 πολὺ
1043 573 1215 644 δήπου
1268 576 1370 646 τῆς
1416 577 1696 643 Μωῦσέως

98 651 448 724 ὑπάρχουσιν
498 656 714 729 ἡλικίας
763 660 1081 735 κατώτεροι.
1131 661 1298 731 Οὗτος
1345 669 1522 721 τοίνυν
1584 670 1694 725 τῶν

99 743 291 810 σοφῶν
340 745 559 803 πάντων
604 748 921 816 διδάσκαλος
972 756 1252 829 ἀνεδείχθη
1291 759 1392 830 τῆς
1434 761 1696 833 ἀληθείας

99 834 400 902 θειότατος.
450 839 563 912 Τὴν
609 841 719 914 γὰρ
758 844 867 898 τῶν
905 847 1216 915 Αἰγυπτίων
1247 851 1549 925 λεγομένην
1578 854 1692 907 δια-

98 921 322 987 πτύσας
355 926 564 994 σοφίαν,
601 929 798 1001 ἄριστα
831 935 960 1006 περὶ
984 936 1144 1006 τῆσδε
1178 939 1273 993 τοῦ
1305 921 1512 1012 κόσμού
1548 943 1690 1009 διεξ-

97 1012 233 1084 ῆλθε
267 1018 583 1084 συστάσεως
601 1061 617 1087 ,
657 1022 748 1076 ὑπ’
773 1024 939 1079 αὐτοῦ
966 1027 1209 1099 δηλονότι
1239 1031 1335 1085 τοῦ
1362 1033 1454 1088 ἐπὶ
1474 1035 1690 1088 πάντων

98 1104 240 1159 θεοῦ
298 1109 391 1162 καὶ
432 1109 767 1198 δημιουργοῦ
806 1115 903 1170 τοῦ
953 1121 1154 1185 παντὸς
1186 1124 1547 1195 ἐμπνευσθεὶς
1589 1126 1690 1198 τὴν

96 1196 384 1270 ἀληθειαν.
418 1187 582 1271 Λέγει
618 1204 759 1277 γάρ·
804 1208 908 1262 Ἐν
936 1210 1096 1283 ἀρχῇ
1134 1187 1425 1284 ἐποίησεν
1468 1222 1501 1273 ό
1527 1187 1690 1290 ⁷Θεός

93 1289 204 1342 τὸν
254 1293 521 1360 οὐρανὸν
565 1298 667 1351 καὶ
713 1300 830 1369 τὴν
879 1301 1015 1373 γῆν.
1053 1307 1162 1360 Καὶ
1203 1308 1389 1363 πολλοὶ
1418 1311 1528 1368 τῶν
1558 1318 1688 1387 παρ’

95 1381 333 1457 Ἕλλησι
364 1388 625 1444 τάναντία
656 1391 863 1448 τούτων
896 1395 1152 1461 διεξιέναι
1191 1400 1564 1473 τολμήσαντες
1607 1409 1689 1472 εἰς

94 1472 261 1543 βυθὸν
299 1478 523 1547 ἀγνοίας
564 1485 1086 1559 κατηκοντίσθησαν.
1125 1491 1205 1546 Τά
1237 1472 1438 1564 γάρνὲξ
1478 1496 1689 1569 ἀνθρω-

92 1567 258 1638 πίνης
284 1569 524 1637 διανοίας
556 1578 943 1649 προφερόμενα
978 1580 1226 1652 δόγματα
1266 1587 1433 1657 σαφῆ.
1454 1626 1469 1640 .
1491 1627 1506 1642 .
1529 1626 1543 1639 .
1568 1567 1685 1642 άνει

92 1658 188 1710 καὶ
238 1660 636 1732 ἀνερμάτιστα.
670 1666 859 1732 Οὐδεὶς
908 1667 1019 1742 γὰρ
1070 1675 1203 1746 παρ’
1250 1675 1435 1740 αὐτοῖς
1484 1677 1683 1751 ἕστηκε

90 1748 249 1819 λόγος
295 1752 585 1827 ἀκίνητος,
630 1758 718 1812 ἀεὶ
769 1761 864 1815 τοῦ
918 1762 1169 1836 δευτέρου
1219 1766 1311 1822 τὸν
1358 1769 1467 1841 πρὸ
1516 1748 1683 1825 αὐτοῦ
1719 1751 1756 1807 θ

91 1843 526 1912 καταϐάλλοντος
543 1865 558 1879 ·
586 1848 727 1904 ὥστε
755 1854 922 1925 μηδὲν
948 1853 1107 1928 ἔργον
1139 1854 1279 1912 εἶναι
1307 1864 1419 1923 τοῖς
1447 1866 1680 1930 πιστοῖς,

90 1937 360 1990 τάκείνων
391 1938 653 2012 ἐλέγχειν,
680 1944 992 2016 ἀρκούντων
1021 1950 1244 2005 ἐκείνων
1268 1951 1520 2025 ἀλλήλοις
1542 1955 1678 2027 πρὸς

90 2029 187 2098 τὴν
210 2029 427 2084 οἰκείαν
456 2031 794 2109 ἀνατροπὴν.
828 2038 1043 2106 Ὀποῖος
1069 2041 1127 2096 δὲ
1152 2044 1213 2097 τὸ
1253 2045 1440 2115 σχῆμα
1467 2045 1558 2099 καὶ
1582 2047 1680 2125 τὴν

90 2120 281 2176 οὐσίαν
308 2124 337 2175 ό
365 2124 593 2195 οὐρανός
614 2128 751 2194 ἐστι,
781 2128 1020 2187 διδάσκει
1043 2136 1191 2206 ἡμᾶς
1218 2135 1446 2201 Ἡσαΐας
1470 2120 1674 2207 λέγων’

101 2208 162 2264 '0
206 2212 452 2280 στήσας
496 2215 608 2271 τὸν
655 2220 916 2287 οὐρανὸν
957 2223 1101 2278 ὡσεὶ
1153 2224 1429 2295 καμάραν
1451 2244 1466 2258 ·
1513 2228 1677 2283 αὑτοῦ

88 2302 319 2376 λεπτὴν,
354 2308 451 2360 καὶ
494 2308 556 2362 οὐ
599 2311 845 2383 στερεὰν,
876 2314 1001 2369 οὐδὲ
1038 2320 1271 2388 παχεῖαν
1313 2321 1684 2392 αἰνιττόμενος

90 2388 259 2457 εἶναι,
312 2394 389 2458 ὡς
433 2397 527 2449 καὶ
570 2397 804 2472 ἀλλαχοῦ
855 2419 1050 2473 φησιν·
1100 2406 1162 2459 '0
1194 2388 1535 2476 στερεώσαςί
1574 2409 1684 2464 τὸν

87 2487 352 2555 οὐρανὸν
378 2487 524 2542 ὡσεὶ
552 2491 805 2544 καπνόν.
838 2491 948 2563 Τὴν
970 2493 1029 2547 δὲ
1055 2496 1160 2566 γῆν
1185 2497 1384 2566 φάσκει
1413 2502 1442 2554 ὁ
1468 2501 1681 2573 ψαλμδς

87 2577 178 2630 ἐπὶ
225 2577 344 2632 τῶν
400 2578 606 2633 ὑδάτων
661 2582 1004 2653 ὲνηρεῖσθαι,
1065 2585 1239 2658 λέγων
1260 2607 1274 2620 ·
1335 2591 1530 2659 Αὐτὸς
1577 2594 1677 2649 ἐπὶ

88 2669 422 2723 θαλασσιῖη·
452 2670 849 2741 ἐθεμελίωσεν
875 2677 1088 2747 αὐτὴν,
1122 2681 1221 2735 καὶ
1263 2681 1364 2735 ἐπὶ
1394 2684 1676 2754 ποταμῶν

87 2760 423 2830 ἡτοίμασεν
452 2761 666 2830 αὐτήν.
693 2765 802 2818 Καὶ
836 2765 897 2819 τὸ
925 2767 1043 2833 πῶς
1079 2770 1139 2823 οὐ
1177 2770 1258 2824 δεῖ
1285 2771 1676 2847 πολυπραγμο-

86 2854 227 2915 νεῖν,
266 2851 411 2906 ἀλλὰ
451 2854 746 2910 πιστεύειν.
780 2855 853 2910 Τὸ
891 2857 1000 2931 γάρ
1043 2860 1249 2917 ἁπλοῦν
1289 2864 1388 2937 τῆς
1438 2866 1674 2931 πίστεως

91 2942 442 3017 ἰσχυρότερον
486 2945 721 3019 ὑπάρχει
752 2947 989 3018 λογικῶν
1017 2952 1374 3019 ἀποδείξεων
1408 2957 1675 3028 ἀνέφικτα

88 3032 192 3105 γὰρ
220 3035 322 3089 καὶ
348 3038 707 3111 ἀκατάληπτά
730 3041 847 3094 ἐστι
874 3038 969 3096 τοῦ
993 3043 1127 3097 Θεοῦ
1156 3045 1242 3101 τά.
1264 3048 1528 3120 κρίματα.

1798 505 1937 544 cano
1968 499 2022 545 et
2071 490 2263 555 Terra,
2317 505 2481 565 atque
2516 505 2675 566 raptu
2707 495 3073 569 Proserpina}.
3118 501 3182 557 lli
3234 506 3384 559 enim

1795 596 1988 637 omnes
2022 592 2145 653 post
2170 583 2467 656 Cecropem
2512 588 2684 655 fuere,
2735 606 2847 660 quo
2878 590 3146 650 llomerus
3176 605 3230 650 et
3275 596 3383 651 lle-

1794 672 1985 728 siodus
2014 675 2172 745 longe
2196 684 2357 731 :etate
2393 680 2747 748 posteriores.
2784 681 2889 748 Qui
2927 685 2972 739 si
3004 687 3163 741 annis
3188 686 3383 741 hormn

1794 778 1923 819 sunt
1954 766 2261 830 inferiores,
2297 784 2381 823 nae
2426 770 2496 823 ab
2541 780 2704 829 a-tate
2736 773 2939 846 Moysis
2975 776 3134 847 longe
3157 776 3383 835 dissitas

1793 873 1916 912 esse
1942 861 2331 929 comperimus.
2368 860 2475 918 llic
2522 863 2705 934 itaque
2734 882 2801 921 ex
2830 869 3090 925 omnibus
3119 871 3383 940 sapienti-

1794 946 1897 1001 bus
1935 949 2318 1007 divinissimus
2368 953 2620 1009 veritatis
2666 967 2972 1029 prarceptor
3013 960 3234 1017 habitus
3274 975 3380 1021 est.

1792 1030 2004 1088 Etenim
2050 1035 2322 1110 ASgyptia,
2372 1056 2535 1110 quam
2568 1042 2779 1110 dicunt,
2812 1047 3081 1117 sapientia
3115 1050 3378 1118 delibata,

1790 1126 2037 1179 omnium
2083 1131 2287 1198 optime
2321 1131 2388 1185 de
2421 1135 2606 1188 mundi
2638 1135 2801 1206 hujus
2833 1142 3265 1208 constructione,
3298 1145 3380 1215 ipa

1791 1217 1907 1272 sius
1938 1219 2149 1274 scilicet
2182 1219 2298 1286 Dei,
2338 1238 2520 1277 rerum
2567 1234 2623 1279 et
2657 1228 2899 1284 universi
2936 1231 3102 1300 hujus
3129 1232 3375 1303 Opiﬁcis,

1790 1307 1969 1363 alllatu
1994 1312 2301 1369 concitatus
2322 1313 2392 1367 ad
2422 1318 2703 1373 veritatem
2731 1321 3014 1380 disseruit.
3040 1323 3181 1379 Dicit
3204 1327 3376 1392 enim,

1790 1400 1855 1454 In
1884 1404 2140 1472 principio
2180 1409 2377 1461 creavit
2420 1408 2561 1465 Deus
2598 1415 2788 1466 uelum
2820 1422 2868 1467 et
2915 1423 3109 1470 terram
3141 1419 3184 1472 ⁸.
3223 1417 3376 1473 Nou-

1788 1495 1922 1547 nulli
1953 1493 2262 1553 Graecorum
2281 1499 2333 1553 in
2356 1502 2688 1556 contrariam
2726 1512 2936 1574 partem
2956 1510 3225 1577 permulta
3255 1509 3375 1564 dis-

1788 1592 1985 1654 putare
2044 1588 2247 1650 conati,
2276 1590 2330 1642 in
2358 1589 2692 1660 profundum
2725 1580 3046 1664 ignorantiae
3071 1598 3374 1669 prmcipiles

1787 1677 1892 1731 acti
1931 1685 2078 1732 sunt.
2113 1677 2374 1749 Dogmata
2408 1699 2644 1753 namque
2681 1685 2923 1741 humana
2958 1690 3173 1744 ratione
3217 1691 3373 1761 judi—

1787 1767 1983 1838 cioque
2010 1770 2247 1839 prodita,
2285 1775 2472 1828 multis
2496 1776 2851 1833 obscuritatis
2878 1779 3103 1836 latebris
3128 1781 3372 1837 involuta

1787 1855 1980 1920 latent,
2014 1873 2117 1913 nec
2148 1860 2260 1913 ullo
2290 1861 2564 1921 ﬁrmitatis
2601 1864 2778 1919 fulcro
2806 1871 3158 1924 constabilita
3198 1871 3374 1929 vacil-

1785 1948 1919 2004 lant.
1951 1948 2109 2004 Nulla
2140 1953 2339 2023 quippe
2378 1957 2651 2011 sententia
2682 1959 2825 2029 apud
2866 1976 2965 2016 eos
2994 1962 3219 2016 immuta
3252 1979 3370 2016 ma-

1786 2051 1898 2107 net,
1937 2058 2152 2114 semper
2185 2047 2418 2116 prinmm
2464 2059 2817 2121 oppugnante
2864 2055 3131 2119 secundo,
3188 2056 3261 2111 ita
3312 2067 3373 2111 ut

1782 2146 1878 2186 eos
1920 2132 2166 2190 refellere
2196 2136 2332 2189 nihil
2359 2138 2431 2192 sit
2456 2142 2680 2208 negotii,
2715 2158 2844 2197 cum
2888 2145 2965 2199 illi
2999 2148 3235 2216 propriis
3271 2148 3374 2202 do-

1784 2225 2063 2294 gmatibus
2088 2229 2401 2286 evertendis
2433 2230 2724 2290 suﬂieiaut.
2761 2232 2950 2301 Qualis
2981 2253 3146 2307 porro
3189 2240 3372 2310 ﬁgura:

1781 2324 2101 2387 natumque
2150 2321 2351 2373 caelum
2407 2320 2499 2386 sit,
2537 2323 2695 2379 nobis
2727 2322 2895 2381 Isaias
2930 2328 3115 2385 verbis
3156 2329 3264 2385 illis
3294 2330 3373 2384 si-

1782 2408 2060 2477 gniﬁcavit
2091 2428 2104 2465 :
2151 2410 2255 2477 Qui
2288 2423 2433 2467 stare
2457 2414 2633 2483 fecisti
2670 2415 2860 2470 calum
2888 2420 3043 2489 quasi
3069 2420 3323 2489 fornicem
3347 2438 3368 2484 ;

1783 2500 1984 2570 quibus
2012 2501 2176 2556 etiam
2211 2513 2428 2559 tenuem
2462 2505 2610 2561 illius
2657 2514 2710 2561 et
2757 2522 2868 2562 non
2900 2509 3155 2574 solidam,
3188 2527 3371 2581 neque

1782 2607 2023 2647 crassam
2056 2603 2307 2649 naturam
2336 2612 2458 2651 esse
2489 2596 2690 2663 innuit,
2733 2599 2901 2654 sicuti
2932 2607 2986 2655 et
3020 2602 3147 2654 alibi
3180 2602 3315 2656 dicit
3351 2622 3366 2658 :

1784 2681 1888 2750 Qui
1911 2685 2142 2752 ﬁrmasti
2169 2686 2355 2740 mlum
2388 2689 2541 2759 quasi
2569 2689 3036 2758 fumum.Terram
3068 2691 3371 2748 verol’sal-

1780 2774 1976 2830 modus
2005 2776 2078 2830 ait
2100 2790 2265 2848 super
2295 2792 2466 2848 aquas
2495 2779 2815 2837 sustentari.
2850 2778 2972 2850 Ipse
3000 2798 3156 2852 super
3194 2782 3370 2835 inuria

1780 2852 2021 2935 [undavit
2064 2884 2216 2932 eam,
2264 2877 2314 2922 et
2347 2885 2505 2939 super
2538 2870 2765 2939 ﬂumina
2802 2875 3125 2943 pra‘paravit
3170 2892 3287 2928 eam
3323 2877 3365 2930 °.

1783 2956 1890 3012 Sed
1922 2959 2068 3013 enim
2105 2960 2325 3015 modum
2358 2976 2468 3015 non
2507 2963 2772 3020 debemus
2805 2966 3025 3021 curiose
3068 2966 3366 3036 inquirere,

1778 3064 1966 3105 verum
2009 3050 2253 3107 credere.
2301 3051 2638 3124 Simplicitas
2685 3057 2830 3110 enim
2874 3066 3078 3114 nostra:
3119 3059 3241 3114 ﬁdei
3273 3058 3370 3113 de-

88 3130 580 3215 monstrationibus
609 3133 933 3199 dialecticis.
970 3137 1129 3210 longe
1154 3139 1385 3196 validior
1405 3152 1513 3209 est,
1540 3158 1667 3200 cum
1701 3142 1910 3216 judicia
1936 3144 2056 3208 Dei.
2095 3162 2200 3202 nec
2256 3148 2649 3219 comprehendi
2678 3151 2914 3222 possint,
2947 3168 3050 3208 nec
3098 3168 3165 3208 ea
3189 3154 3370 3225 capiat

87 3218 343 3279 humana;
370 3225 689 3297 conjectura
718 3231 940 3287 mentis.

158 3314 239 3387 Τῇ
300 3319 498 3391 πρώτῃ
545 3316 660 3377 οὖν
723 3325 913 3395 ἡμέρᾳ
968 3327 1259 3399 ἐποίησεν
1296 3334 1330 3391 ὁ
1379 3331 1525 3401 Θεὸς
1564 3334 1673 3389 τὸν

1847 3328 2035 3385 Primo
2064 3329 2242 3397 itaque
2286 3330 2373 3385 die
2401 3333 2599 3387 creavit
2648 3332 2787 3389 Deus
2819 3336 3031 3403 cwlum,
3064 3347 3114 3392 et
3141 3346 3362 3407 terram,

90 3407 369 3477 οίζρηνὸν,
412 3411 510 3466 καί
538 3412 653 3483 τὴν
692 3415 830 3486 γῆν,
875 3418 977 3473 καὶ
1022 3420 1088 3475 τύ
1137 3421 1296 3492 φῶς-ο
1344 3425 1466 3479 καὶ·
1493 3427 1674 3482 πάντα

87 3497 234 3573 ὀξείᾳ
284 3502 481 3573 καιροῦ
522 3506 663 3577 ῥοπῇ
722 3507 1091 3579 κατεφώτισε·
1141 3513 1300 3569 τοῦτο
1340 3514 1398 3568 δέ
1445 3517 1561 3571 ἐστι
1608 3518 1673 3572 τὸ

89 3590 346 3665 φθαρτόν.
390 3594 505 3667 Πρὸ
545 3596 655 3669 γάρ
690 3598 882 3654 τούτου
916 3602 1215 3675 σκιάσματι
1261 3609 1502 3679 περιεῖχε
1549 3625 1675 3663 σκο-

88 3685 257 3738 τεινὸν
313 3686 408 3740 τοῦ
445 3688 680 3760 οὐρανοῦ
735 3693 1123 3765 περιταθέντος
1145 3736 1160 3761 ,
1205 3698 1300 3751 καὶ
1348 3699 1527 3754 πάντα
1571 3702 1672 3754 ὅσα

91 3777 330 3845 συνεῖχε,
360 3777 455 3830 καὶ
485 3777 577 3832 τὸν
623 3779 1019 3852 ἀπολειφθέντα
1061 3787 1225 3841 τόπον
1267 3790 1479 3863 ἀφεγγῆ
1504 3810 1673 3848 κατα-

90 3868 669 3951 στήσαντοςςεξωθεν
690 3871 747 3925 δὲ
780 3873 876 3928 τοῦ
903 3877 1136 3948 οὐρανοῦ
1163 3879 1280 3950 φῶς
1310 3877 1450 3937 εἷναι
1476 3885 1672 3941 ἀσκία-

90 3973 229 4023 στον,
257 3959 358 4013 καὶ
386 3958 684 4034 ἄφθαρτον,
712 3966 808 4020 καὶ
842 3967 1081 4035 αἰώνιον,
1120 3973 1178 4026 ὲν
1198 3966 1244 4042 ᾧ
1278 3973 1498 4045 ἄγγελοι
1526 3978 1669 4034 διαι-

88 4050 305 4115 τῶνται,
336 4053 467 4125 περὶ
493 4048 555 4108 οὗ
600 4074 734 4128 φησι
780 4059 1033 4131 Σολομῶν
1054 4080 1068 4094 ’
1106 4064 1235 4132 Φῶς
1270 4065 1525 4138 δικαίοις
1571 4071 1671 4128 διὰ

89 4142 334 4208 παντὸς,
368 4145 448 4208 εἰς
471 4142 501 4197 δ
528 4146 620 4199 καὶ
650 4148 700 4201 οἱ
737 4149 918 4214 καλῶς
945 4149 1241 4220 βιώσαντες
1275 4157 1666 4214 ἀναπαύονται.

88 4230 319 4305 Νοήσεις
343 4234 401 4290 δὲ
421 4237 610 4292 τούτου
638 4239 739 4311 τὴν
765 4243 1077 4314 οἰκονομίαν
1106 4245 1167 4312 ἐξ
1200 4248 1464 4321 ἐναργοῦς
1489 4269 1668 4324 παρα-

87 4322 398 4397 δείγματος.
430 4330 511 4384 ὅτι
560 4332 676 4402 φῶς
719 4334 981 4391 ἄσϐεστον
1026 4338 1119 4392 τὸν
1157 4338 1264 4406 ἔξω
1290 4340 1466 4414 χῶρον
1512 4322 1668 4416 περι-

89 4410 287 4486 λάμπει
317 4417 416 4471 τοῦ
442 4421 693 4493 ούρανοῦ.
720 4424 825 4478 Τὸν
846 4425 903 4479 δὲ
936 4426 1045 4482 ἔσω
1088 4428 1257 4501 ἀχλὺς
1287 4410 1532 4505 περιεῖχε

88 4506 176 4559 τοῦ
206 4509 503 4584 γενηθῆναι
537 4513 597 4567 τὺ
618 4514 752 4585 φῶς.
784 4518 994 4590 Ὥσπερ
1011 4520 1121 4593 γάρ
1139 4522 1194 4576 ετ
1212 4540 1297 4587 τις
1328 4527 1387 4579 ὲν
1429 4527 1666 4602 σταθερᾷ

92 4605 407 4677 μεσημϐρίᾳ
452 4606 629 4678 πήξας
675 4612 741 4663 ὲκ
782 4612 994 4683 πυκνῆς
1050 4612 1183 4686 ὕλης
1230 4617 1435 4691 σκηνὴν
1475 4619 1663 4686 σκότος

89 4695 431 4766 αὐτοσχέδιον
462 4701 621 4763 ποιεῖ,
659 4703 754 4756 καὶ
785 4704 1038 4776 οὐδαμῶς
1072 4709 1404 4782 φωτισθῆναι
1443 4711 1663 4769 δύναται

87 4782 117 4836 ὁ
148 4788 535 4860 περιεχόμενος
577 4793 773 4858 τόπος,
806 4797 854 4849 εί
896 4796 971 4868 μὴ
1003 4799 1179 4869 φωτὸς
1221 4802 1476 4878 ἐκλάμψῃ
1521 4824 1664 4878 μαρ-

94 4881 306 4949 μαρυγή
330 4895 345 4909 ·
375 4877 516 4935 οὕτω
540 4883 778 4939 τοιοῦτον
803 4886 1169 4947 ἀνυπόστατον
1201 4894 1390 4960 σκότος
1421 4899 1663 4968 περιεῖχε

90 4964 176 5017 τὴν
205 4967 408 5040 κόσμον
448 4971 553 5025 ὑπὸ
588 4973 684 5027 τοῦ
728 4976 958 5048 οὐρανοῦ
992 4981 1432 5056 καλυπτόμενον,
1474 4964 1664 5059 όπερνό

92 5054 217 5120 Θεὸς
259 5057 558 5135 διεχώρησε
590 5064 997 5143 δημιουργήσας
1029 5071 1089 5125 τὸ
1123 5054 1273 5143 φῶς,
1326 5077 1420 5131 καὶ
1448 5054 1664 5151 ἡμέραν

93 5147 218 5202 αὐτὸ
243 5155 685 5228 προσονομάσας,
734 5161 828 5214 καὶ
861 5162 922 5216 τὸ
960 5163 1151 5230 σκότος
1190 5167 1378 5223 νύκτα.
1415 5170 1665 5242 Ἀναχεο-

95 5238 250 5308 μένου
292 5243 403 5318 γὰρ
443 5246 537 5300 τοῦ
571 5251 775 5318 φωτὸς,
820 5253 1005 5326 ἡμέρα
1062 5256 1339 5326 γίγνεται,
1384 5238 1664 5316 συστελλο-
1710 5288 1717 5293 -

96 5329 250 5397 μένου
295 5334 374 5401 δὲ,
419 5337 517 5403 νὺξ
559 5340 886 5398 ἀντέπεισιν.
918 5345 1079 5399 Ὅθεν
1119 5348 1213 5402 καὶ
1255 5351 1312 5404 ὲν
1342 5352 1408 5423 τῇ
1450 5370 1663 5425 συμμε-

91 5425 276 5564 Spir-rat
319 5426 430 5482 τῶν
464 5430 669 5502 χρόνων
713 5435 946 5509 ἡμέρας,
991 5437 1085 5492 καὶ
1127 5439 1246 5512 οὐχὶ
1285 5440 1488 5508 νύκτας
1538 5444 1661 5514 ἀρι-

128 5529 345 5564 αουτιεν-

125 5529 348 5585 μουμεν,

471 5769 486 5783 .
563 5729 584 5761 ⁸
611 5729 764 5786 Ρεαι.
802 5744 963 5803 um,
984 5735 1042 5793 2.

1771 3432 1823 3479 et
1858 3428 2048 3488 lucem,
2078 3429 2135 3478 et
2165 3424 2422 3480 omnibus
2461 3426 2809 3483 velocissimo
2837 3437 3043 3498 puncto
3074 3433 3361 3502 temporis,

1774 3514 1957 3569 lumen
2009 3513 2156 3585 quod
2188 3514 2531 3584 corruptioni
2581 3515 2881 3573 obnoxium
2916 3526 3020 3580 est.
3052 3524 3362 3577 communi-

1773 3605 1940 3660 cavit.
1969 3605 2110 3661 Ante
2134 3607 2280 3661 enim
2306 3606 2437 3661 illud
2468 3607 2659 3662 umbra
2685 3608 2933 3679 quaedam
2957 3611 3195 3667 obscura
3219 3615 3360 3669 caelo

1771 3705 2001 3753 extenso
2047 3697 2259 3768 dejecta
2308 3699 2524 3755 velabat
2564 3699 2780 3768 omnia,
2818 3701 3114 3774 lumenque
3159 3719 3189 3758 a
3221 3706 3360 3762 locis

1772 3787 1879 3844 illis
1909 3790 2147 3845 arcebat.
2180 3789 2384 3845 Verum
2425 3797 2579 3847 extra
2613 3792 2837 3857 malum,
2868 3793 3055 3849 lumen
3085 3795 3230 3866 quod
3259 3799 3360 3853 ob-

1770 3882 1984 3937 scurari
2013 3898 2125 3937 non
2166 3890 2369 3955 potest,
2403 3882 2556 3940 omni
2595 3885 2972 3956 corruptione,
3005 3889 3156 3943 omni
3200 3899 3361 3948 {etate

1770 3960 2047 4044 superius.
2082 3973 2138 4028 in
2165 3988 2278 4044 quo
2303 3974 2477 4044 angeli
2526 3973 2751 4044 degunt,
2783 3977 3117 4045 extenditur,
3150 3980 3219 4036 de
3248 3999 3359 4051 quo

1771 4061 2030 4118 Salomon
2079 4064 2155 4118 ait
2187 4083 2202 4121 ;
2231 4062 2430 4120 Lumen
2455 4064 2622 4135 justi:
2653 4066 2707 4120 in
2741 4077 3069 4137 perpetuum;
3100 4071 3154 4126 in
3185 4074 3355 4144 quod,

1769 4155 1864 4226 qui
1912 4156 2052 4212 bene
2091 4156 2351 4223 vixerint,
2384 4156 2551 4212 delati
2574 4157 2889 4227 quiescunt.
2928 4159 3354 4232 Dispositioncm

1767 4244 1911 4301 hanc
1945 4245 2241 4301 dilucidam
2300 4245 2489 4302 reddet
2538 4248 2750 4303 clarum
2790 4258 2846 4305 et
2892 4263 3139 4322 apertum
3170 4271 3358 4312 exem-

1767 4336 1940 4406 plum,
1987 4337 2174 4392 lumen
2226 4337 2438 4393 scilicet
2469 4338 2887 4407 inexstinctum,
2920 4343 3098 4398 locum
3135 4360 3356 4413 omnem

1766 4427 1891 4482 caeli
1921 4436 2169 4484 exterum
2202 4427 2533 4497 illuminare,
2565 4445 2727 4501 quem
2752 4426 2895 4487 'vero
2928 4435 3216 4506 complexu
3250 4454 3353 4493 suo

1766 4521 1964 4576 caelum
2018 4528 2189 4585 tenet,
2237 4531 2528 4594 antequam
2566 4522 2748 4577 lumen
2787 4522 2967 4591 fleret,
3018 4527 3253 4598 caligine
3285 4545 3352 4585 ac

1765 4613 2009 4670 tenebris
2052 4622 2253 4670 tectum
2314 4629 2426 4670 non
2483 4615 2825 4684 apparuisse.
2880 4616 3348 4684 Quemadmodum

1769 4706 1915 4762 enim
1946 4707 1992 4763 si
2023 4708 2148 4777 quis
2177 4706 2403 4762 meridie
2434 4705 2840 4764 ferventissimo
2872 4725 2939 4764 ex
2974 4709 3144 4767 densa
3180 4723 3352 4768 mate-

1770 4797 1852 4853 ria
1883 4797 2295 4853 tabernaculum
2323 4796 2641 4860 confecerit,
2673 4797 3066 4856 obscuritatem
3110 4810 3165 4857 et
3196 4811 3365 4859 tene-

1768 4888 1899 4945 bras
1918 4905 1985 4945 ex
2016 4896 2260 4960 tempore
2288 4897 2508 4961 paratas
2536 4888 2712 4954 all'ert,
2749 4906 2926 4961 neque
2949 4892 3105 4948 locus
3136 4893 3226 4949 ille
3252 4896 3348 4966 qui

1768 4981 1918 5037 illius
1965 4979 2318 5036 circumﬂexu
2365 4987 2659 5051 tegeretur,
2707 4989 2891 5052 potest
2934 4983 3254 5049 illuminari,
3291 4989 3344 5041 iri

1767 5070 1994 5129 luminis
2024 5072 2180 5128 radio
2210 5072 2373 5128 fuerit
2411 5072 2667 5143 perfusus
2695 5091 2709 5128 :
2742 5074 2824 5130 sic
2857 5074 3065 5130 similes
3106 5077 3335 5133 tenebrat

1758 5155 1888 5233 quae
1917 5180 2028 5220 non
2057 5165 2451 5229 subsistebant,
2484 5165 2748 5220 mundum
2772 5181 2935 5237 quem
2966 5167 3166 5222 caelum
3197 5184 3346 5223 cum-

1765 5256 2022 5328 plectltur
2048 5257 2469 5322 adumbrahant,
2498 5274 2593 5314 eas
2622 5257 2786 5323 Deus,
2816 5258 3086 5329 producto
3117 5260 3343 5326 lumine,

1765 5349 2024 5417 sejunxit,
2055 5348 2237 5404 lumen
2265 5352 2429 5414 diem,
2456 5353 2712 5409 tenebras
2740 5359 2955 5408 noctem
2987 5355 3342 5423 nuncupavit.

1767 5438 1981 5496 Etenim
2008 5441 2137 5495 dum
2168 5443 2350 5498 lumen
2383 5442 2730 5508 dill'unditur,
2770 5443 3013 5515 gignitur
3040 5443 3189 5509 dies;
3214 5445 3341 5499 dum

1767 5532 2135 5599 contrahitur,
2174 5549 2282 5589 nox
2314 5533 2566 5602 advenit;
2604 5551 2794 5607 quare,
2832 5542 2886 5591 et
2922 5535 3052 5592 dum
3103 5544 3347 5609 tempora

1764 5626 2166 5694 commetimur,
2185 5626 2325 5695 dies.
2353 5643 2463 5685 non
2489 5637 2668 5685 autem
2690 5636 2881 5699 noctes
2894 5643 3343 5689 annumeramus.
