3850 6160
504 268 611 325 ἸΗ

1368 269 1428 327 Β.
1466 270 1913 329 EUSTATHIUS
1950 272 2446 335 ANTlOCHENUS
2484 276 2883 340 EPISCOPUS.

3672 296 3765 352 719.

572 384 831 445 Secundo
871 375 964 447 die
996 390 1205 448 creavit
1247 390 1393 450 Deus
1443 393 1847 451 ﬁrmamentum
1883 404 2079 453 natura

2264 395 2345 470 Τῇ
2363 398 2421 453 δὲ
2442 397 2670 474 δευτέρᾳ
2697 401 2882 477 ἡμέρα
2912 402 3167 478 ἐποίησεν
3184 407 3215 462 δ
3231 404 3365 473 Θεὸς
3383 408 3451 463 τὺ
3465 410 3763 486 στερέωμα,

498 478 749 538 ᾶίνοτεξιι.
776 484 935 539 Aliud
958 492 1139 540 autem
1175 484 1229 540 id
1259 491 1365 547 est,
1391 493 1445 541 et
1470 486 1617 542 aliud
1648 490 1848 543 coelum
1876 504 1907 543 a
1935 492 2087 573 prin-

497 573 646 645 cipio
673 574 1312 647 productumzquamvis
1357 576 1714 647 quisbusdam
1759 595 1927 634 unum
1952 582 2082 652 quid

495 674 551 721 et
587 666 730 722 idem
753 683 877 723 esse
910 668 1214 738 placuerit;
1251 668 1406 722 aiunt
1450 684 1688 740 namque
1720 671 1825 726 hoc
1858 673 2084 729 secundi

496 758 888 831 perfectionem
922 759 1127 826 fuisse;
1156 761 1227 816 ibi
1258 762 1404 817 enim
1429 763 1586 833 quasi
1617 763 1848 819 confuse
1876 772 1929 820 et
1957 781 2081 836 per-

495 854 659 912 miste
706 865 867 912 terra!
915 866 971 913 et
1014 858 1142 912 caeli
1176 858 1529 921 creationem,
1569 858 1657 913 llic
1687 859 1980 915 discretius
2026 869 2084 916 et

492 947 742 1004 exactius
775 950 997 1003 modum
1033 965 1143 1021 quo
1174 948 1318 1005 Deus
1345 966 1407 1004 ea
1436 949 1715 1021 produxit,
1740 967 1913 1007 same
1937 954 2084 1008 litte-

490 1053 569 1094 ra
595 1040 841 1095 tradunt.
880 1038 992 1096 Nos
1038 1056 1167 1096 vero
1192 1041 1426 1098 fatemur
1456 1042 1626 1109 aliud,
1661 1050 1717 1099 et
1750 1043 1919 1108 aliud,
1954 1060 2080 1100 cum

488 1140 546 1186 et
577 1146 775 1186 nomen
809 1132 978 1195 aliud,
1032 1140 1085 1188 et
1137 1134 1415 1204 proprium
1450 1152 1608 1191 usum
1641 1134 1882 1190 secundo
1939 1138 2080 1193 cmlo

488 1227 894 1295 suppeditatum
955 1241 1376 1298 cognoscamus.
1424 1227 1721 1284 Diversum
1770 1232 1956 1299 itaque
1994 1238 2080 1285 est

490 1317 755 1373 solidiore
811 1327 1005 1372 natura
1030 1318 1328 1388 pranlitum
1363 1320 1433 1375 ab
1481 1336 1548 1376 eo
1587 1321 1734 1392 quod
1759 1321 1928 1376 initio
1979 1322 2081 1377 fuit

488 1420 760 1465 creatum.
793 1409 857 1464 Et
887 1411 1067 1466 divisit
1114 1412 1253 1467 Deus
1294 1415 1348 1468 in
1380 1414 1547 1469 medio
1594 1432 1853 1487 aquarum
1876 1416 1922 1481 ",
1957 1431 2079 1487 quae

487 1505 593 1559 sub
631 1504 978 1561 ﬁrmamento
1010 1512 1162 1560 sunt.
1197 1503 1467 1560 lulinitam
1492 1507 1636 1562 enim
1660 1516 1823 1577 atque
1847 1507 2078 1564 immen-

486 1611 605 1652 sam
636 1611 904 1665 aquarum
940 1596 1049 1649 vim
1083 1597 1347 1665 sejunxit,
1379 1598 1452 1651 ita
1480 1606 1539 1652 ut
1573 1606 1628 1653 et
1659 1614 1827 1669 super
1852 1607 1906 1653 et
1933 1597 2075 1653 infra

485 1690 890 1744 ﬁrmamentum
928 1688 1292 1744 abundarent.
1346 1688 1541 1744 Aither
1570 1691 1760 1761 igneus
1789 1700 1872 1747 est
1906 1697 1957 1746 et
1990 1692 2073 1746 in-

484 1796 708 1846 census,
733 1788 1026 1857 totumque
1063 1788 1337 1837 terrarum
1372 1782 1558 1839 orbem
1597 1785 1786 1855 utique
1814 1799 2073 1839 consum—
2110 1759 2148 1813 Β

484 1874 724 1944 psissnt,
758 1873 820 1927 -ni
875 1875 956 1928 sui
995 1875 1265 1930 creatoris
1294 1876 1635 1946 praescriptis
1681 1876 2073 1949 im‘peratisquc

482 1973 948 2035 eou‘qmsrcrctur.
995 1965 1290 2035 Pmpterea
1327 1974 1382 2021 et
1415 1982 1570 2037 aqua:
1608 1975 1843 2038 surgunt
1876 1982 2068 2034 aereae,

481 2066 548 2107 ex
588 2068 847 2123 vaporum
893 2055 1264 2125 cxspiratioue
1307 2071 1403 2126 per
1449 2057 1625 2113 nubes
1669 2059 1899 2123 delatae,
1931 2074 2071 2127 quos

481 2161 736 2216 vapores,
776 2145 1104 2210 ct'ilumina,
1131 2155 1185 2202 et
1239 2147 1438 2211 fontes,
1472 2158 1527 2206 et
1556 2156 1770 2221 stagna,
1815 2160 1869 2205 et
1900 2151 2070 2206 maria

475 2240 758 2299 emittunt.
808 2254 877 2295 ne
920 2245 1091 2294 aether
1136 2241 1319 2295 omnia
1350 2242 1553 2311 perdat
1591 2242 1946 2298 inﬂammata.
1970 2244 2072 2298 lm—

477 2333 607 2389 in'cs
640 2335 710 2388 ita
744 2343 1109 2405 generantur;
1141 2334 1520 2393 exbalut‘ioucs
1553 2352 1773 2393 sursum
1802 2353 1898 2408 per
1943 2353 2070 2392 aera

480 2424 755 2488 feriuntur.
817 2437 1218 2499 ventorumque
1275 2430 1783 2497 compt'cssionibus
1829 2431 2070 2486 conden-

478 2530 693 2577 Santnr.
727 2527 782 2574 ct
810 2534 1040 2589 vapores
1075 2519 1128 2573 in
1155 2519 1299 2575 nube
1327 2521 1572 2575 concreti
1610 2522 1701 2575 alii
1733 2522 1802 2577 ab
1830 2523 1952 2578 aliis
1981 2540 2071 2579 sc-

478 2614 709 2681 gregati,
725 2619 902 2682 gutta:
938 2610 1095 2673 ﬁunt,
1128 2611 1257 2665 hinc
1290 2612 1530 2683 pondere
1559 2623 2066 2681 coagmentatorum

475 2700 740 2756 delluunt.
781 2700 881 2755 Nix
915 2718 985 2757 cx
1028 2705 1189 2772 aquis
1221 2704 1302 2757 sic
1346 2704 1647 2768 coalescit;
1680 2704 1731 2758 vi
1775 2713 2067 2761 ventorum

477 2789 761 2845 lnuuidun:
795 2791 1131 2862 discerptum
1167 2791 1220 2845 in
1259 2808 1508 2863 spumam
1546 2793 1830 2864 redigitur,
1868 2802 2069 2849 totum-

477 2899 584 2955 que
619 2900 715 2954 per
747 2900 1023 2954 quamque
1062 2885 1146 2940 sui
1182 2897 1388 2955 partem
1434 2885 1670 2940 divisum
1724 2886 2065 2955 frigefactum

474 2975 815 3045 congelatur,
856 2983 911 3030 ct
935 2976 1131 3031 nebula
1166 2976 1440 3046 disrupta,
1471 2979 1560 3031 nix
1599 2977 1767 3033 cadit.
1797 2975 2066 3035 'l‘onitrua

473 3067 731 3123 caullictu
766 3066 928 3123 ﬂatus
956 3069 1225 3132 existunt,
1259 3070 1352 3141 qui
1386 3070 1439 3124 in
1465 3069 1618 3127 cavis
1646 3070 1875 3125 nubium
1905 3081 2064 3128 actus

472 3160 637 3231 vique
664 3176 980 3231 erumpens,
1011 3160 1247 3216 tonitrus
1278 3160 1548 3231 fragorem
1579 3161 1711 3217 edit.

2186 488 2361 544 Τοῦτο
2390 491 2449 545 δὲ
2468 491 2660 565 ἕτερόν
2686 495 2810 548 ἐστι
2854 495 3007 569 παρὰ
3048 497 3141 552 τὸν
3174 498 3234 566 ἐξ
3276 499 3454 573 ἀρχῆς
3484 504 3765 575 ποιηθέντα

2185 580 2434 651 οὐρανόν.
2483 583 2595 637 Καὶ
2629 583 2843 657 εἴρηται
2871 589 3043 654 τοϊς⁹,
3086 589 3169 643 ὅτι
3210 589 3307 645 καὶ
3347 592 3548 647 ταυτόν
3595 597 3761 652 ἐστιν·

2182 672 2549 744 ιπεξέργασις
2577 676 2687 749 γάρ
2721 678 2837 732 ἐστί
2869 696 3000 751 φησι
3030 681 3427 757 τοῦδευτέρου,
3457 685 3549 740 διὰ
3578 686 3641 741 τὸ
3664 691 3766 745 ἐκεῖ

2188 766 2290 839 μὲν
2321 768 2716 840 παραδεδόσθαι
2747 771 2822 836 ὡς
2854 774 2912 826 ὲν
2958 774 3239 847 κεφαλαίῳ
3274 776 3379 849 γῆς
3418 779 3516 833 καὶ
3542 779 3762 853 ούρανοῦ

2186 857 2437 930 ποίησινο
2496 860 2734 916 ἐνταῦθα
2791 861 2849 917 δὲ
2895 862 3495 939 έπεξεργαστικώτερον
3550 870 3615 923 τὸ
3657 871 3763 936 πῶς

2182 950 2407 1020 γέγονεν
2450 954 2484 1023 ὴ
2546 952 2737 1029 Γραφὴ
2790 954 3174 1027 παραδίδωσιν.
3235 958 3422 1029 Ἡμεῖς
3480 959 3540 1013 δέ
3594 978 3765 1033 φαμεν

2183 1038 2332 1107 ἄλλο,
2356 1042 2458 1096 καὶ
2485 1041 2643 1096 ἄλλο·
2673 1043 2859 1117 ἐπειδὴ
2891 1044 2988 1098 καὶ
3028 1045 3201 1117 ὄνομα
3246 1047 3434 1120 ἕτερον
3476 1051 3577 1104 καὶ
3615 1053 3764 1124 χρεία

2181 1131 2461 1199 ῐδιάζουσα
2479 1133 2575 1188 τοῦ
2596 1134 2850 1209 δευτέρου
2876 1135 3106 1207 οὐρανοῦ
3132 1138 3509 1209 παραδέδοται.
3545 1142 3764 1215 Ἕτερος

2181 1220 2275 1279 οὖν
2303 1227 2418 1280 ἐστι
2448 1226 2599 1299 παρὰ
2622 1225 2714 1280 τὸν
2739 1229 2798 1282 ὲν
2829 1228 2970 1301 ἀρχῇ
3003 1226 3295 1300 ποιηθέντα
3318 1225 3494 1296 οὗτος,
3535 1248 3763 1304 στερεω-

2180 1315 2343 1388 τέρας
2387 1317 2648 1389 ὑπάρχων
2696 1316 2930 1386 φύσεως.
2972 1318 3084 1372 Καὶ
3136 1318 3507 1389 διεχώρησεν
3548 1325 3586 1377 ὁ
3631 1321 3764 1390 Θεὸς

2178 1407 2296 1462 ἀνὰ
2313 1407 2511 1477 μέσον
2547 1408 2653 1464 τοῦ
2687 1408 2927 1476 ὕδατος,
2956 1408 2986 1463 ὃ
3013 1405 3079 1483 ἧν
3111 1410 3368 1465 ὑποκάτω
3393 1411 3492 1465 τοὺ
3530 1413 3761 1485 στερεώ·

2182 1514 2370 1569 ματος.
2412 1499 2671 1571 ’Ἄπειρον
2698 1498 2807 1572 γὰρ
2839 1495 3005 1552 οὖσαν
3055 1498 3165 1552 τῶν
3209 1498 3416 1553 ὑδάτων
3464 1500 3571 1572 τὴν
3612 1502 3763 1570 φύσιν

2176 1588 2505 1662 διεμέρισεν,
2540 1589 2684 1644 ὥστε
2712 1592 2808 1644 καὶ
2832 1590 3017 1644 ἐπάνω
3048 1586 3188 1644 εἶναι
3222 1590 3316 1645 τοῦ
3360 1592 3761 1664 στερεώματος,

2178 1681 2274 1736 καὶ
2293 1682 2572 1736 ὑποκάτω.
2604 1684 2664 1737 '0
2686 1683 2742 1738 δὲ
2769 1683 2934 1755 αἰθὴρ
2964 1683 3217 1756 πυρώδης
3245 1685 3361 1737 ἐστὶ
3389 1687 3486 1743 καὶ
3512 1687 3758 1757 διακαὴς,

2179 1776 2275 1829 καὶ
2324 1777 2506 1829 πᾶσαν
2554 1775 2620 1830 ἂν
2666 1776 2765 1848 τὴν
2798 1777 3023 1849 ἤπειρον
3065 1777 3437 1844 ὲξανάλωσεν,
3485 1781 3537 1833 εἲ
3585 1780 3659 1851 μὴ
3687 1779 3755 1850 τῷ

2178 1866 2290 1938 ὅρῳ
2318 1866 2415 1921 τοῦ
2449 1871 2772 1939 ποιήσαντος
2805 1870 2966 1925 αὑτὸν
2997 1870 3295 1944 κατείχετο.
3325 1870 3425 1925 Διὰ
3458 1872 3575 1943 γὰρ
3612 1870 3757 1925 τοῦτο

2179 1962 2274 2015 καὶ
2307 1959 2451 2031 ὕδωρ
2478 1962 2623 2014 ἐστὶν
2655 1961 2836 2034 ἀέριον
2872 1964 2936 2016 ἐκ
2975 1966 3077 2039 τῇς
3116 1964 3394 2035 ἀναφορᾶς
3424 1963 3538 2019 τῶν
3576 1964 3757 2035 ἀτμῶν

2177 2049 2264 2106 διὰ
2301 2051 2479 2122 νεφῶν
2509 2051 2826 2124 φερόμενον,
2856 2052 2950 2117 οὒς
2977 2054 3188 2125 ἀτμοὺς
3214 2056 3264 2107 οἱ
3297 2055 3560 2129 ποτα-μοὶ,
3584 2054 3679 2107 καὶ
3706 2055 3756 2106 αι

2178 2144 2395 2216 κρῆναι,
2427 2146 2521 2198 καὶ
2547 2147 2601 2199 αἱ
2630 2145 2838 2217 λίμναι,
2874 2147 2968 2201 καὶ
2995 2146 3064 2200 τά
3093 2146 3302 2219 πελάγη
3338 2146 3518 2201 πάντα
3550 2147 3757 2219 προΐεν-

2175 2253 2299 2303 ται,
2348 2238 2423 2301 ὼς
2469 2237 2534 2292 ἂν
2584 2238 2660 2311 μὴ
2692 2239 2868 2293 πάντα
2895 2240 2925 2292 ὀ
2968 2238 3130 2313 αἰθὴρ
3170 2239 3542 2311 πυρακτώσας
3562 2239 3754 2305 ἐξαναο
3816 2242 3821 2251 “

2176 2328 2386 2385 λώσειε.
2415 2331 2628 2385 Γίνεται
2662 2331 2724 2385 ’δὲ
2757 2330 2931 2396 οὕτως
2956 2335 2986 2386 ὁ
3011 2332 3063 2385 ὑ.
3084 2371 3131 2385 ..
3166 2331 3488 2400 συνάγονται
3532 2330 3661 2403 περὶ
3700 2329 3755 2382 τὸ

2177 2421 2311 2493 ὕψος
2341 2425 2397 2477 αἱ
2425 2423 2838 2499 ἀναθυμιάσεις,
2860 2425 2953 2478 καὶ
2975 2421 3275 2478 πυκνοῦται
3302 2423 3331 2474 ὁ
3358 2425 3469 2495 ἀὴρ
3493 2425 3618 2486 ταῖς
3653 2422 3754 2475 τῶν

2176 2518 2502 2588 πνευμάτων
2554 2517 2802 2590 πιλήσεσι
2822 2558 2836 2583 ,
2886 2517 2981 2572 καὶ
3026 2518 3083 2571 αἱ
3138 2516 3341 2580 νοτίδες
3387 2517 3443 2569 αἳ
3486 2513 3570 2586 τῷ
3611 2514 3755 2583 νέφει

2175 2611 2613 2683 ὲνεσπαρμέναι,
2663 2610 2919 2683 ἀλλήλαις
2972 2611 3470 2683 προσχωρήσασαι,
3501 2608 3754 2676 σταγόνες

2174 2688 2442 2771 γίνονται,
2477 2703 2573 2757 καὶ
2618 2702 2697 2774 τῷ
2732 2703 2886 2776 βάρει
2934 2702 3043 2756 τῶν
3086 2718 3283 2774 συγκρι
3320 2701 3487 2755 έντων
3520 2700 3659 2773 πρὸς
3695 2699 3755 2752 τὸ

2175 2797 2325 2849 κάτω
2350 2796 2611 2874 ἐφίενται.
2646 2796 2710 2849 Ἡ
2737 2796 2792 2850 δὲ
2821 2795 2951 2868 χιὼν
2983 2797 3049 2856 ὲκ
3076 2795 3185 2849 τῶν
3213 2795 3426 2855 ,ὑδάτων
3458 2794 3605 2847 οὕτω
3636 2810 3759 2848 συν-

2172 2889 2388 2943 ίσταται
2407 2906 2421 2920 ο
2451 2891 2517 2943 ὲκ
2542 2889 2642 2959 τῆς
2671 2888 2791 2960 βίας
2818 2888 2928 2942 τῶν
2956 2889 3173 2960 ἀνέμων
3203 2888 3479 2949 άνακοπέν
3504 2887 3568 2940 τδ
3593 2885 3753 2957 ὑγρὸν

2172 2980 2551 3055 ὲξαφρίζεται·
2582 2983 2677 3043 καὶ
2704 2981 2823 3036 ὅλον
2847 2981 2914 3036 δι’
2942 2981 3062 3035 ὅλον
3092 2980 3385 3045 ἀνακοπὲν,
3409 2978 3753 3051 καταψυχθὲν

2172 3076 2465 3151 πήγνυται,
2502 3074 2596 3128 καὶ
2629 3073 2991 3146 θραυσθέντος
3028 3071 3123 3126 τοῦ
3159 3073 3374 3141 νέφους,
3411 3074 3447 3143 ή
3485 3070 3621 3143 χιὼν
3652 3089 3752 3125 κα-

2092 3152 2135 3211 c
2166 3169 2483 3241 ταφέρεται.
2520 3166 2583 3221 Ἡ
2608 3166 2664 3220 δὲ
2705 3165 2901 3239 βροντὴ
2930 3166 3076 3220 κατὰ
3106 3166 3295 3219 τοῦτον
3327 3164 3419 3218 τδν
3458 3163 3639 3234 λόγον.
3666 3204 3681 3217 .
3700 3202 3715 3217 .
3735 3202 3750 3217 .

471 3256 762 3312 ἀντιτυπία
794 3250 1062 3326 γίγνεται,
1097 3257 1235 3331 ὅπερ
1265 3255 1625 3329 ἐλαυνόμενον
1649 3260 1707 3312 ὲν
1743 3260 1866 3323 ταῖς
1898 3260 2173 3334 κοιλότησι
2199 3266 2308 3321 τῶν
2339 3263 2535 3334 νεφῶν,
2563 3263 2654 3317 καὶ
2687 3261 2878 3334 βιαίως
2914 3260 3320 3333 ἐκρηγνύμενον
3352 3258 3446 3313 τὸν
3479 3258 3583 3329 τῆς
3610 3255 3752 3331 βρονο

467 3355 570 3427 τῆς
592 3349 726 3427 ἦχον
755 3353 1027 3408 ἀποτελεῖ.

542 3448 639 3505 Die
677 3451 840 3504 tertio
877 3448 968 3505 Dei
1001 3449 1260 3504 mandato
1286 3461 1634 3507 convenerunt
1667 3468 1819 3529 aqua:
1851 3453 1904 3507 in
1934 3469 2063 3513 con-

467 3543 795 3613 gregatione:
828 3559 978 3605 suas,
1000 3552 1049 3596 et
1065 3543 1312 3612 apparuit
1346 3543 1523 3608 arida,
1554 3552 1605 3597 et
1626 3546 1827 3599 vocavit
1841 3545 2061 3603 aridam

471 3643 691 3697 terram,
721 3645 771 3688 et
813 3637 1243 3706 congregatione:
1275 3651 1534 3704 aquarum
1568 3638 1768 3696 vocavit
1800 3638 1975 3692 maria
2013 3638 2056 3691 ⁸.

468 3724 767 3796 Propterea
814 3735 1159 3798 congregatae
1205 3735 1336 3781 sunt
1371 3731 1425 3782 in
1462 3728 1640 3789 locum
1677 3744 1877 3793 unum,
1929 3744 1998 3783 ne
2022 3744 2060 3783 θ

468 3818 607 3874 locis
648 3819 700 3873 in
736 3818 936 3889 quibus
968 3825 1190 3874 manent
1240 3818 1584 3883 recedentes,
1628 3820 1855 3880 Sublata:
1893 3828 2058 3890 atque

470 3913 844 3967 redundantes
866 3913 1071 3975 ellum,
1104 3920 1305 3971 terram
1333 3913 1685 3975 inundarcnt.
1717 3912 1843 3968 Ideo
1869 3915 2058 3983 saepis-

468 4004 607 4058 sime
640 4018 788 4058 mare
821 4006 871 4058 vi
920 4014 1208 4060 Ventorum
1245 4007 1509 4076 agitatum
1559 4016 1723 4078 atque
1755 4008 2053 4072 turbatum,

467 4092 625 4162 quasi
679 4091 871 4148 furens
921 4098 1029 4149 und
1058 4113 1106 4160 s,
1232 4096 1290 4157 in
1345 4097 1670 4155 immensam
1707 4097 2054 4157 altitudinem

466 4185 694 4252 attollit;
727 4188 820 4242 sed
856 4187 945 4243 ubi
981 4198 1190 4243 tamtum
1235 4190 1291 4243 in
1339 4190 1494 4246 littus
1525 4191 1861 4260 pervenerit,
1896 4190 2056 4249 alliso

465 4279 695 4348 impetu,
732 4279 871 4333 facta
904 4296 1118 4351 spuma,
1146 4292 1207 4341 et
1230 4282 1543 4342 dealbatum
1588 4283 1915 4353 regreditur,
1949 4283 2056 4339 im-

463 4370 737 4425 beeillima
768 4376 1013 4426 omnium
1049 4388 1216 4432 arena
1258 4374 1414 4443 quasi
1468 4373 1623 4430 freno
1658 4375 1879 4444 injecta.
1910 4371 2052 4440 Quid

461 4463 607 4518 enim
654 4479 805 4518 mare
845 4463 1087 4519 Rubrum
1136 4472 1424 4540 repressit,
1473 4475 1637 4536 atque
1686 4467 1946 4541 alligavit,
1983 4480 2052 4520 ne

464 4557 721 4612 universa
759 4555 1018 4628 Egypto,
1051 4574 1176 4613 cum
1219 4574 1285 4614 ea
1314 4560 1589 4620 excelsius
1633 4560 1726 4619 sit,
1767 4558 2047 4620 immersa,

461 4650 714 4720 proximo
759 4664 819 4706 se
862 4651 998 4704 mari
1035 4652 1352 4721 applicaret,
1386 4653 1444 4706 ni
1484 4651 1662 4706 solum
1696 4651 1780 4705 sui
1823 4647 2047 4720 Opilicis

2235 3450 2314 3522 Τῇ
2362 3430 2420 3509 δὲ
2467 3448 2656 3527 ἡμέρᾳ
2703 3449 2769 3520 τῇ
2826 3444 2988 3519 τρίτῃ
3037 3442 3425 3523 προστάγματι
3469 3444 3568 3499 τοῦ
3616 3443 3748 3499 Θεοῦ

2162 3540 2443 3612 συνήχθη
2484 3541 2549 3593 τὸ
2575 3539 2732 3607 ὕδωρ
2763 3539 2849 3604 εὶς
2876 3536 2983 3603 τὰς
3018 3536 3374 3606 συναγωγὰς
3402 3535 3627 3602 αὐτῶν,
3657 3535 3749 3590 και

2160 3634 2328 3704 ὤφθη
2363 3636 2401 3702 ἠ
2441 3632 2619 3700 ξηρὰ’
2662 3629 2773 3686 Καὶ
2800 3628 3060 3684 ἐκάλεσε
3089 3628 3205 3696 τὴν
3246 3626 3445 3696 ξηρὰν
3476 3627 3617 3697 γῆν.
3657 3627 3747 3682 καὶ

2159 3724 2233 3778 τὰ
2276 3721 2637 3791 συστήματα
2676 3719 2795 3774 τῶν
2839 3716 3076 3773 ὑδάτων
3095 3715 3361 3777 ,ἐκάλεσε
3408 3719 3745 3784 θαλάσσας.

2160 3814 2410 3892 Συνήχθη
2442 3814 2530 3868 διὰ
2568 3812 2727 3867 τοῦτο
2754 3812 2836 3875 είς
2889 3808 3210 3887 συναγωγήν
3241 3809 3396 3880 μίαν,
3430 3811 3524 3864 ἵνα
3574 3810 3649 3884 μὴ
3688 3812 3747 3863 ὲκ

2157 3910 2267 3965 τῶν
2290 3908 2508 3981 χωρίων
2530 3904 2659 3967 ἔνθα
2687 3904 2854 3958 ἐστὶν.
2880 3943 2894 3955 .
2915 3941 2930 3956 .
2959 3942 2972 3955 .
2995 3942 3007 3956 .
3035 3944 3047 3956 .
3072 3945 3085 3956 .
3110 3943 3122 3954 .
3154 3903 3247 3956 καὶ
3270 3902 3610 3957 ὑπεκϐαῖνον
3637 3905 3748 3955 ἐπι-

2157 4000 2408 4074 καλύπτῃ
2438 4000 2536 4068 τὴν
2565 3999 2813 4069 ἦπειρον.
2853 3993 2951 4048 Διὰ
2972 3993 3131 4048 τοῦτο
3157 3993 3462 4066 μαινομένη
3489 3995 3748 4060 πολλάκις

2156 4091 2217 4165 ἐξ
2248 4090 2464 4161 ἀνέμων
2583 4087 2864 4152 θάλασσα,
2899 4084 2993 4138 καὶ
3024 4088 3103 4149 εἰς
3141 4083 3275 4153 ὕψος
3326 4084 3599 4156 μέγιστον
3637 4084 3746 4139 δια-

2154 4183 2449 4256 νισταμένη
2485 4183 2598 4245 τοῖς
2626 4179 2894 4251 κύμασιν,
2933 4176 3154 4230 ἐπειδὰν
3187 4176 3349 4248 μόνον
3391 4177 3508 4232 τῶν
3566 4180 3745 4246 αἰγιαο

2153 4274 2259 4329 λῶν
2286 4276 2508 4345 ἅψηται,
2552 4273 2632 4336 είς
2671 4271 2845 4343 ἀφρὸν
2888 4269 3184 4324 διαλύσασα
3229 4272 3331 4342 τὴν
3369 4270 3583 4343 ὁρμὴν,
3618 4272 3745 4324 ἐπα-

2152 4367 2333 4438 νῆλθε,
2365 4369 2431 4438 τῇ
2470 4365 2687 4421 πάντων
2715 4362 3083 4436 ἀσθενεστάτῃ
3111 4363 3324 4433 ψάμμῳ
3353 4362 3744 4433 χαλινωθετεα.

2163 4460 2320 4515 Ἐπεὶ
2350 4461 2403 4513 τί
2427 4457 2668 4516 ἐκώλυσε
2703 4457 2801 4529 τὴν
2837 4455 3106 4528 Ἐρυθρὰν
3135 4455 3413 4510 θάλασσαν
3452 4458 3743 4513 ἐπικλύσαι

2153 4556 2333 4609 πᾶσαν
2365 4554 2465 4624 τὴν
2504 4551 2779 4620 Αἴγυπτον
2809 4548 3125 4619 κοιλοτέραν
3153 4548 3328 4618 αὐτῆς
3360 4549 3741 4621 ὑπάρχουσαν,

2150 4647 2245 4700 καὶ
2298 4644 2637 4714 συναφθῆναι
2694 4640 2771 4713 τῷ
2809 4640 3203 4714 παρακειμένῳ
3259 4640 3532 4712 πελάγει,
3570 4646 3620 4697 εἰ
3674 4642 3743 4713 μὴ

460 4742 821 4799 mandatum?
855 4743 968 4800 Hoc
1013 4754 1195 4801 autem
1253 4759 1443 4800 verum
1485 4759 1630 4805 esse.
1680 4757 1843 4813 opere
1885 4742 2045 4796 nobis

2168 4738 2362 4809 ὣπῆρχε
2390 4735 2468 4807 τῷ
2497 4733 2875 4808 προστάγματι
2903 4733 2998 4787 τοῦ
3029 4733 3313 4797 κτίσαντος
3350 4735 3741 4807 πεπεδημένης

463 4833 735 4894 Sesostris
768 4835 991 4908 Egypti
1036 4852 1155 4901 rex,
1190 4851 1315 4892 mox
1357 4834 1553 4890 Darius
1577 4835 1765 4891 Medus
1786 4841 2048 4892 testatum

459 4929 751 4999 reliquere.
784 4928 1069 5001 Egytium
1105 4930 1256 4985 enim
1300 4943 1366 4983 ac
1406 4927 1651 4983 Indicum
1701 4942 1852 4983 mare
1885 4925 2050 4980 simul

460 5022 799 5092 conjungere
844 5022 1111 5093 aggressi,
1145 5008 1254 5076 non
1289 5027 1606 5092 potuerunt.
1641 5021 1720 5074 Ita
1755 5019 1893 5073 mari
1935 5016 2050 5071 Ru-

460 5115 563 5172 bro
612 5114 881 5187 Egyptus
911 5115 1226 5186 depressior
1271 5122 1405 5171 est..
1435 5114 1708 5170 Mandavit
1754 5113 1939 5183 itaque
1986 5120 2048 5165 ut

459 5210 816 5267 convenirent
839 5205 898 5264 in
923 5206 1397 5277 congregationem
1427 5221 1614 5268 unam,
1644 5214 1699 5260 et
1734 5219 1804 5259 ne
1843 5218 1913 5258 ex
1939 5203 2042 5256 bac

457 5295 607 5351 aliud
641 5296 793 5352 ﬁeret
815 5311 986 5359 mare,
1022 5296 1118 5352 sed
1149 5296 1205 5351 in
1237 5310 1349 5351 una
1380 5304 1659 5352 manerent
1693 5295 2036 5350 collectione.

459 5386 641 5442 Multae
661 5387 862 5444 etenim
888 5396 1047 5443 erant
1086 5403 1180 5458 per
1207 5388 1360 5442 varia
1391 5388 1511 5443 loca
1551 5402 1707 5458 aqua:
1752 5386 2034 5457 dispersae,

458 5477 661 5548 quippe
687 5485 742 5532 et
776 5481 1038 5533 montium
1080 5481 1344 5535 cavitates
1364 5480 1643 5550 vallesque
1671 5494 1842 5549 aquas
1882 5479 1937 5532 in
1976 5493 2038 5533 se

461 5577 822 5637 congregatas
849 5570 1224 5627 continebant.
1253 5570 1390 5626 illud
1418 5587 1570 5634 vero.
1595 5579 1646 5626 et
1671 5571 2034 5641 congregatio-

533 5743 558 5776 '
590 5742 719 5797 Gen.
752 5759 790 5806 ι,
815 5744 869 5798 6.
942 5747 967 5779 ⁸
1000 5746 1135 5801 Ibid.
1160 5746 1216 5805 9.
1248 5744 1335 5802 10.

2152 4833 2275 4885 ’Ότι
2300 4832 2357 4885 δὲ
2379 4829 2575 4902 ἀληθὲς
2602 4826 2760 4882 τοῦτο
2790 4826 2937 4900 ἔργῳ
2970 4827 3118 4898 ἡμᾶς
3158 4826 3385 4903 ἔπεισαν
3428 4828 3741 4900 Σέσωστρις

2146 4929 2174 4982 6
2199 4929 2495 4997 Αἰγύπτιος
2530 4927 2623 4981 καὶ
2656 4928 2878 4998 Δαρεῖος
2912 4925 2944 4978 ὁ
2971 4923 3173 4995 Μῆδος,
3198 4920 3272 4975 Τὸ
3298 4921 3412 4993 γὰρ
3440 4922 3741 4991 Αἰγύπτιον

2146 5017 2242 5072 καὶ
2297 5016 2358 5071 τὸ
2418 5016 2639 5071 Ἰνδικὸν
2679 5015 3128 5087 ἐπιχειρήσαντες
3174 5012 3413 5083 συνάψαι
3461 5013 3738 5082 πέλαγος.

2143 5110 2243 5163 οὐκ
2267 5106 2628 5185 ἠδυνήθησαν.
2653 5106 2839 5170 Οὕτως
2868 5105 3102 5176 ὑπάρχει
3131 5103 3418 5176 κοιλοτέρα
3448 5104 3558 5174 τῆς
3590 5105 3735 5176 Ἐρυ-

2145 5200 2281 5271 θρᾶς
2325 5199 2597 5270 θαλάσσης
2654 5201 2689 5270 ή
2733 5198 3023 5267 Αἴγυπτος.
3056 5195 3400 5268 Προσεταξεν
3467 5192 3567 5251 οὖν
3616 5212 3738 5250 συν-

2147 5291 2379 5363 αχθῆναι
2411 5293 2491 5355 είς
2540 5290 2864 5361 συναγωγὴν
2899 5288 3061 5359 μίαν,
3096 5289 3190 5342 καὶ
3238 5285 3315 5360 μὴ
3371 5287 3486 5342 ἀπὸ
3533 5288 3739 5357 ταύτης

2144 5382 2311 5455 ἄλλην
2342 5381 2594 5451 γενέσθαι
2626 5379 2924 5443 θάλασσαν,
2954 5378 3091 5434 ἀλλὰ
3112 5379 3179 5450 τῇ
3209 5378 3405 5453 πρώτῃ
3437 5380 3736 5451 άπομεῐναι

2146 5468 3733 5547 συλλογῇ.11ολλάγάρ·ἧν.............,.....

2091 5554 3732 5636 ’ὕδατα...η........κοιλότητες.........,ο.
