3850 6160
187 235 303 293 715

1100 235 1370 294 SPURIA.
1402 268 1474 282 υ·-
1510 232 1866 324 COMMENT.
1909 233 1980 288 IN
2019 232 2518 292 HEXAEMERON.

3356 238 3455 293 τιι

189 355 465 431 συλλογὴν
499 356 595 410 καὶ
636 359 691 411 αἱ
735 355 1033 430 φάραγγες.
1069 357 1143 409 Τὸ
1188 357 1272 421 δὲ,
1308 355 1405 410 καὶ
1438 358 1510 410 τὰ
1554 354 1781 420 συστή-

1886 367 1974 405 nes
2005 368 2263 419 aquarum
2293 352 2493 405 vocavit
2524 350 2718 417 maria,
2754 349 2907 407 sinus
2929 352 3097 408 maris
3121 353 3455 424 significans,

184 466 358 521 ματα
391 447 511 503 τῶν
536 447 774 504 ὑδάτων
801 447 1057 503 ἐκάλεσε
1086 448 1401 514 θαλάσσας
1418 490 1434 513 ,
1475 447 1601 510 τοὺς
1646 445 1773 501 κόλ-

188 558 337 606 πους
378 540 630 613 σημαίνει
680 540 806 602 τοὺς
835 541 978 594 κατὰ
1025 541 1086 593 τὸ
1129 539 1260 594 ἴδιον
1299 540 1485 611 σχῆμα
1528 537 1633 592 ὑπὸ
1677 538 1777 609 τῆς

191 632 591 704 τερικειμένης
621 632 725 704 γῆς
755 632 1212 703 ἀπολειφθέντας·
1245 624 1357 686 οἷον
1401 629 1646 685 θάλασσα
1688 630 1778 702 βό-

193 740 379 797 ρειος,
411 722 653 778 θάλασσα
702 725 905 789 νότιος,
953 724 1094 796 ὲῲα,
1141 723 1370 795 ἑσπέρια
1402 722 1776 795 πελάγη,·καὶ

190 814 405 869 τούτων
436 814 676 887 ὀνόματα
709 814 996 880 ἰδιάζοντα,
1021 816 1220 879 Πόντος
1255 817 1500 885 Αἰγαῖος,
1555 814 1775 881 Ἰὠνιος,

194 904 564 977 Σαρδωνικὸν,
598 905 915 970 Σικελικὸν,
950 907 1276 979 Τυρῥήνιον.
1316 907 1388 961 Ού
1435 905 1504 960 τὰ
1543 906 1777 977 τυχόντα

190 996 258 1049 δὲ
298 995 408 1051 τῶν
447 997 655 1052 ὑδάτων
693 996 1037 1072 ἀθροίσματα
1080 1001 1161 1063 είς
1209 998 1336 1072 μίαν
1368 998 1633 1071 κατέληξε
1677 999 1776 1054 θά-

191 1090 440 1156 λασσαν,
487 1092 606 1164 ἢτοι
641 1091 924 1159 σύστασιν,
958 1093 1094 1147 ἀλλὰ
1142 1092 1212 1147 τὰ
1255 1094 1486 1164 μέγιστα
1529 1094 1625 1147 καὶ
1666 1092 1780 1159 ἑξέ-

194 1201 396 1256 χοντα·
437 1184 498 1238 ού
529 1184 639 1258 γὰρ
685 1186 779 1239 καὶ
820 1184 891 1239 τὰ
930 1185 1252 1258 τελματιαῖα
1295 1186 1392 1239 καὶ
1445 1184 1630 1257 λίμνια
1671 1184 1779 1257 χρὴ

1879 460 2126 516 quosque
2148 444 2214 499 ad
2234 445 2316 500 sui
2344 444 2569 514 figuram
2597 452 2739 499 terra
2768 445 3014 501 ambiens
3046 448 3458 517 complectitur;

1880 538 2017 593 tales
2045 548 2174 593 sunt
2198 552 2349 591 mare
2389 536 2746 607 Aquilonare,
2778 552 2931 593 mare
2959 536 3233 603 Australe,
3265 538 3463 596 Orien-
3568 532 3575 535 ⁷

1880 629 2010 693 tale,
2045 627 2413 690 Occidentale,
2455 635 2509 683 et
2535 627 2729 683 borum
2758 629 2978 700 propria
3003 630 3224 685 nomina
3250 630 3461 687 Pontus

1884 720 2125 792 ZEgaeus,
2180 721 2389 785 Ionius,
2437 720 2777 788 Sardonius,
2821 720 3064 787 Siculus,
3121 722 3460 794 Tyrrhenus.

1879 814 2144 870 Caaterum
2193 829 2304 869 non
2355 829 2712 885 quoscunque
2764 829 3027 885 aquarum
3072 822 3374 873 conventus
3407 818 3464 871 in

1883 922 2050 961 unum
2100 921 2253 961 mare
2302 906 2599 977 congessit,
2650 906 2736 961 vel
2785 915 3011 972 coetum,
3055 906 3151 963 sed
3196 910 3464 965 maximos

1883 1009 2047 1070 atque
2076 999 2438 1070 ingentiores;
2464 1016 2591 1055 nam
2621 1015 2797 1069 neque
2823 1000 3115 1070 palustres,
3143 1017 3321 1073 neque
3351 1011 3466 1058 sta-

1882 1102 2108 1164 gnantes
2130 1094 2220 1147 hic
2246 1093 2578 1164 intelligendi
2604 1103 2751 1149 sunt.
2776 1092 2955 1149 Veluti
2983 1096 3128 1150 enim
3162 1095 3306 1168 ignis
3331 1105 3385 1153 et
3409 1097 3465 1153 in

1881 1185 2125 1241 minutas
2136 1193 2321 1256 partes
2338 1185 2622 1257 redigitur,
2640 1195 2694 1241 et
2711 1195 2856 1243 totus
2868 1187 3028 1242 simul
3041 1203 3218 1244 aerem
3237 1191 3466 1246 circum-

193 1280 364 1332 νοεῖν.
394 1277 603 1350 ’Ὠσπερ
635 1277 742 1350 γὰρ
773 1278 834 1333 τὸ
874 1278 986 1350 πῦρ
1012 1279 1107 1333 καὶ
1133 1281 1213 1344 εἰς
1248 1277 1417 1351 μικρὰ
1447 1294 1781 1349 κατακεκερ-

1883 1278 1993 1347 dat,
2025 1278 2106 1334 sic
2131 1287 2185 1334 et
2232 1278 2287 1332 in
2334 1279 2511 1349 aquis,
2553 1278 2654 1335 etsi
2701 1294 2881 1350 parvae
2917 1280 3183 1350 quaedam,
3222 1298 3286 1337 ac
3320 1283 3465 1341 inter

194 1369 539 1439 ματισμὲνον
568 1369 687 1422 ἐστὶ
727 1370 823 1424 καὶ⁸
854 1368 1048 1442 ἀθρόον
1077 1369 1183 1423 ὑπὸ
1212 1369 1306 1423 τοῦ
1331 1368 1492 1439 ἀέρος
1528 1368 1779 1438 κέχυται,

1883 1387 1944 1428 se
1992 1372 2203 1428 dissitas
2243 1372 2601 1428 collectiones
2647 1372 2937 1435 exsistant,
2987 1389 3094 1428 una
3145 1382 3328 1432 tamen
3378 1385 3466 1435 est

190 1461 347 1516 οὕτω
377 1461 473 1515 καὶ
513 1462 607 1515 ὲπί
644 1460 740 1516 τοῦ
774 1461 983 1527 ὕδατος,
1020 1463 1069 1515 εί
1111 1461 1205 1516 καί
1253 1460 1447 1535 μικραί
1491 1460 1635 1525 τινές
1674 1462 1781 1514 εἰσι

1883 1465 2254 1535 congregatio,
2290 1478 2411 1533 quae
2457 1471 2632 1518 totum
2684 1463 3009 1518 elementum
3054 1464 3159 1521 hoc
3191 1482 3220 1520 a
3252 1470 3465 1525 caeteris

191 1554 527 1626 διῃρημέναι
562 1554 872 1618 συστάσεις,
909 1553 1046 1609 ἀλλὰ
1079 1553 1179 1625 μία
1216 1571 1278 1623 γε
1313 1554 1432 1607 ἐστὶ
1467 1552 1778 1625 συναγωγὴ,

1885 1557 2144 1628 sejungit.
2174 1556 2368 1614 Totius
2395 1557 2540 1614 enim
2575 1558 2916 1614 humiditatis
2940 1573 3060 1629 quae
3084 1558 3137 1613 in
3166 1569 3313 1615 terra
3335 1562 3465 1617 latet

193 1647 236 1716 ἡ
260 1647 324 1700 τὸ
354 1647 472 1700 ὅλον
506 1648 766 1717 στοιχεῖον
801 1646 910 1701 τῶν
939 1646 1140 1702 λοιπῶν
1186 1648 1576 1717 ἀποκρίνουσα.
1621 1645 1781 1718 Πηγὴ

1889 1649 2011 1705 fons
2041 1657 2125 1705 est
2167 1657 2223 1706 et
2259 1652 2416 1722 origo
2457 1652 2627 1707 maris
2658 1667 2822 1723 aqua,
2866 1669 3007 1724 quae,
3056 1670 3181 1710 cum
3210 1658 3465 1712 universa

192 1738 311 1812 γάρ
350 1739 465 1792 ἐστι
494 1739 597 1810 τῆς
627 1740 756 1813 περὶ
800 1740 905 1811 γῆν
955 1739 1174 1811 ἁπάσης
1204 1739 1405 1803 νοτίδος
1449 1738 1513 1792 τδ
1555 1740 1651 1811 τῆς
1689 1740 1781 1792 θα-

1885 1748 2031 1796 terra
2065 1740 2381 1796 cuniculosa
2404 1741 2496 1807 sit,
2534 1755 2632 1811 per
2666 1751 2879 1799 meatus
2909 1745 3131 1801 minime
3159 1746 3334 1802 oculis
3367 1746 3466 1802 ob-

192 1831 409 1903 λάσσης
434 1830 598 1904 ὕδωρ,
627 1833 724 1885 καὶ⁸
752 1833 902 1885 πᾶσα
934 1833 967 1903 ἡ
1000 1831 1073 1901 γῆ
1104 1830 1375 1902 ὑπόνομός
1404 1832 1543 1894 ἐστι,
1571 1830 1666 1885 καὶ
1696 1829 1781 1885 διὰ

1887 1831 2004 1885 vios
2037 1829 2355 1894 effunditur,
2387 1840 2447 1885 ut
2472 1848 2535 1887 ex
2570 1833 2708 1889 locis
2736 1835 3061 1905 quibusdam
3097 1845 3256 1894 terrae
3283 1854 3469 1896 caver-

194 1922 388 1994 πόρων
419 1922 641 1991 ἀφανῶν
661 1922 970 1989 διαδίδοται,
991 1922 1175 1987 καθὼς
1202 1922 1419 1995 δηλοῦσι
1455 1922 1612 1976 τόποι
1640 1922 1784 1987 τινὲς

192 2016 302 2088 τῆς
332 2017 562 2087 ἠπείρου
592 2008 876 2091 ὕπαντροι.
918 2017 985 2071 Ἠ
1023 2015 1134 2089 γάρ
1170 2014 1376 2089 ῥοώδης
1411 2015 1654 2071 θάλασσα
1695 2015 1786 2070 διὰ

193 2109 386 2163 τόπων
433 2112 635 2165 στενῶν
689 2110 1045 2183 διατρέχουσα
1064 2151 1079 2176 ,
1126 2109 1345 2164 ἐπειδάν
1395 2109 1637 2174 σκολιαῖς
1691 2110 1783 2164 καὶ

195 2200 410 2273 ὀρθίοις
453 2201 654 2269 ἐξόδοις
685 2202 1079 2275 ὲναπολειφθῇ,
1129 2202 1413 2275 ὼθουμένη
1460 2204 1528 2275 τῇ
1564 2201 1656 2273 βίᾳ
1686 2200 1782 2255 τοῦ

198 2292 515 2364 πνεύματος
545 2291 645 2367 τῆς
684 2296 788 2366 γῆς
827 2295 1167 2369 ἁπορῥήσσει
1196 2295 1295 2367 τὴν
1322 2294 1661 2363 ἐπιφάνειαν,
1691 2294 1784 2347 καὶ

197 2385 301 2440 ἐπὶ
327 2384 388 2438 τὸ
414 2384 521 2450 ἔξω
546 2386 905 2459 προελθοῦσα,
943 2385 1154 2457 γίνεται
1182 2387 1410 2458 πότιμος
1444 2388 1509 2440 ὲκ
1539 2387 1638 2459 τῆς
1667 2386 1784 2458 διη-

198 2477 416 2551 θήσεως
448 2478 847 2551 μεταϐληθεῖσα
877 2482 956 2545 είς
988 2480 1321 2552 γλυκύτητα.
1354 2479 1523 2535 Πάλιν
1549 2479 1606 2533 δὲ
1635 2481 1784 2532 ὲπει-

196 2572 301 2628 δάν
339 2573 561 2646 θερμοῖς
583 2573 768 2637 τόποις
804 2572 1163 2645 ὲναπολειφθῇ
1197 2573 1335 2645 πρὸς
1362 2572 1461 2644 τὴν
1489 2572 1686 2638 ἔξοδον,
1712 2575 1780 2644 τῇ

196 2668 345 2738 αὐτῇ
385 2667 536 2738 αίτίᾳ
558 2666 824 2739 ἑλκομένη
864 2666 970 2721 ὑπὸ
992 2666 1086 2720 τοῦ
1121 2666 1429 2737 πνεύματος
1458 2663 1653 2730 ζέουσα
1693 2664 1779 2734 γί-

196 2758 542 2832 νεταιηΑὑτη
561 2758 655 2813 καὶ
680 2757 787 2811 τῶν
808 2756 1008 2832 ἀερίων
1031 2756 1237 2811 ὑδάτων
1264 2756 1414 2829 πηγὴ
1441 2755 1745 2826 καθέστηκε
1762 2771 1778 2786 ’

195 2849 290 2904 διὰ
320 2828 497 2920 νεφῶν
524 2849 634 2923 γὰρ
663 2828 1000 2920 ἀνελκόμενα
1030 2848 1200 2919 αὐτῆς
1222 2847 1293 2902 τὰ
1326 2828 1513 2915 ὕδατα,
1546 2848 1642 2903 καὶ
1677 2847 1782 2903 ύπὺ

196 2942 302 3013 τῆς
338 2941 568 3014 ηλιακῆς
607 2943 824 3005 ἀκτῖνος
872 2939 1186 3012 θαλπόμενα
1208 2979 1224 3006 ,
1268 2940 1364 2994 καὶ
1409 2943 1476 3011 τῇ
1507 2942 1636 3012 σκιᾷ
1687 2938 1779 2994 τοῦ

1885 1925 2037 1980 nosis
2067 1923 2416 1979 manifestum
2453 1933 2696 1996 apparet.
2749 1927 3005 1984 Fluidum
3048 1946 3285 2003 namque
3317 1948 3466 1989 mare

1883 2029 1981 2085 per
2009 2022 2242 2085 angusta
2275 2015 2395 2070 loca
2433 2032 2752 2083 excurrens,
2784 2022 2875 2075 ubi
2907 2022 3144 2094 obliquis
3200 2033 3255 2079 et
3298 2027 3467 2082 rectis

1883 2109 2127 2164 exitibus
2150 2124 2373 2166 cursum
2400 2109 2693 2179 inﬂexerit,
2719 2115 2773 2169 vi
2802 2114 3131 2188 flamineque
3152 2126 3463 2183 ventorum,

1882 2207 2043 2256 terrae
2071 2201 2420 2272 superficiem
2453 2206 2767 2277 disrumpit,
2802 2220 3197 2281 egressumque
3235 2228 3339 2267 usu
3383 2222 3466 2267 est

1883 2290 2087 2348 efficaci
2134 2293 2203 2349 ad
2245 2302 2457 2364 potum,
2493 2297 2832 2368 percolatum
2878 2301 3024 2355 enim
3055 2301 3466 2373 cribratumque

1882 2382 2168 2442 dulcescit.
2195 2385 2412 2445 Rursus
2458 2392 2504 2447 si
2542 2391 2679 2448 locis
2723 2391 2947 2451 fervidis
2977 2395 3338 2467 relinquatur,
3372 2413 3467 2453 ea-

1884 2476 2007 2531 dem
2041 2479 2255 2536 ratione
2312 2495 2344 2535 a
2374 2493 2535 2538 vento
2567 2483 2624 2538 in
2670 2485 2873 2540 exitum
2928 2486 3150 2542 ductum
3186 2489 3464 2547 fervescit.

1882 2563 2030 2623 Fons
2062 2568 2190 2623 item
2221 2577 2307 2625 est
2331 2587 2618 2641 aquarum,
2645 2590 2765 2645 quae
2783 2591 2963 2631 aerem
2989 2586 3291 2648 occupant;
3318 2581 3466 2636 illius

1880 2658 2029 2714 enim
2061 2674 2216 2731 aquae
2242 2677 2340 2732 per
2372 2664 2547 2721 nubes
2574 2672 2819 2721 attracta:
2849 2683 2950 2723 nec
2983 2683 3093 2723 non
3124 2684 3155 2724 a
3196 2670 3329 2726 solis
3370 2687 3466 2725 ra-

1881 2750 1991 2808 diis
2017 2753 2314 2824 calefacta},
2341 2772 2467 2811 mox
2487 2758 2653 2814 nubis
2676 2760 2870 2815 umbra
2896 2760 3214 2832 frigefactae,
3246 2766 3466 2821 tandem

1881 2844 2003 2916 ipsa
2036 2847 2323 2904 altitudine
2359 2852 2501 2905 cmlo
2542 2853 2805 2922 expositae
2846 2853 3191 2917 dulcescunt.
3233 2863 3466 2912 terram-

1879 2953 1987 3009 que
2018 2940 2188 3009 guttis
2216 2950 2534 3013 aspergunt.
2564 2942 2679 2999 l‘loc
2720 2943 2908 2999 eodem
2935 2945 3023 3001 die
3042 2946 3207 3016 jussit
3236 2946 3379 3003 Deus
3408 2956 3467 3003 ut

198 3034 405 3103 νέφους
448 3032 894 3105 καταψυχθέντα,
926 3032 1020 3087 καὶ
1058 3030 1119 3097 ἐξ
1147 3031 1311 3086 αὑτοῦ
1351 3030 1444 3085 τοῦ
1486 3030 1654 3102 ὕψους
1694 3033 1780 3084 αί-

1883 3039 2025 3084 terra
2039 3032 2355 3102 germinaret
2383 3034 2594 3089 herbam
2624 3037 2892 3103 virentem,
2920 3046 2970 3091 et
2996 3038 3269 3108 facientem
3292 3056 3468 3098 semen

199 3126 527 3191 θριασθέντα
558 3125 927 3196 γλυκαίνεται,
961 3125 1057 3179 καὶ
1095 3123 1462 3194 καταψεκάζει
1490 3124 1590 3195 τὴν
1618 3125 1778 3197 ἠπει-

200 3236 322 3292 ρσν.
356 3220 435 3290 Τῇ
480 3219 525 3272 δ’
571 3218 708 3291 αὐτῇ
760 3219 944 3290 ἡμέρᾳ
982 3217 1076 3271 καὶ⁸
1110 3215 1468 3285 ,ϐλαστῆσαι
1508 3214 1783 3285 ,ϐοτάνην

200 3310 424 3380 χόρτου
445 3307 560 3378 τὴν
574 3306 690 3377 γῆν
707 3310 736 3362 ὁ
763 3308 895 3372 Θεὸς
921 3305 1252 3379 προσέταξεν
1270 3323 1283 3337 ο
1316 3305 1571 3374 Σπεῐξρον
1598 3304 1781 3375 σπέρ-

192 3416 287 3472 μα
318 3398 470 3453 κατὰ
501 3401 694 3471 γένος,
719 3399 818 3454 καὶ
852 3397 1044 3464 ξύλον
1070 3397 1370 3467 κάρπιμον
1401 3397 1616 3453 ποιοῦν
1644 3415 1784 3467 καρ-

199 3493 345 3557 πὸν,
372 3487 446 3546 οὗ
485 3491 552 3545 τὸ
583 3490 823 3561 σπέρμα
853 3484 1040 3546 αὑτοῦ
1075 3490 1146 3544 ἐν
1180 3488 1364 3554 αὐτῷ.
1410 3490 1522 3544 Καὶ
1565 3489 1647 3544 ἔτι
1687 3490 1784 3545 καὶ

200 3584 300 3639 νῦν
326 3586 360 3656 ἡ
405 3583 559 3648 τάξις
586 3583 695 3637 τῶν
727 3582 1010 3655 φυομένων
1043 3587 1309 3656 μαρτυρεῖ
1337 3586 1404 3656 τῇ
1437 3582 1629 3657 πρώτῃ
1669 3582 1785 3636 δια-

201 3675 498 3746 κοσμήσει.
529 3674 596 3728 Ἦ
614 3673 722 3746 γὰρ
751 3672 1043 3745 βλάστησις
1068 3673 1388 3746 καθηγεῖται
1417 3672 1598 3744 πάσης
1627 3672 1785 3743 βοτά-

201 3787 305 3842 νης
327 3808 344 3831 ,
405 3769 502 3822 καὶ
527 3766 707 3839 πάσης
748 3768 883 3832 πόας
903 3784 917 3798 ·
951 3767 1160 3831 νοτίδας
1196 3768 1306 3838 γὰρ
1344 3766 1670 3839 συμμέτρως
1694 3767 1784 3821 καὶ

203 3862 419 3936 θερμὴν
440 3860 681 3937 ¹ἐχούσης
707 3861 806 3933 τῆς
829 3861 953 3932 γῆς,
974 3861 1037 3914 τὸ
1063 3860 1284 3933 σπέρμα
1313 3862 1392 3925 είς
1414 3860 1582 3931 αὐτὴν
1617 3877 1783 3914 κατα-

204 3956 484 4019 ϐάλλεται,
529 3954 623 4008 καὶ
666 3952 873 4023 γίνεται
914 3951 1110 4024 χαῦνον
1143 3953 1239 4006 καὶ
1291 3951 1649 4024 πολύσπορον,
1688 3951 1784 4005 καὶ

202 4050 306 4120 τῆς
333 4047 463 4118 περὶ
494 4045 623 4100 αὑτὸ
661 4045 767 4116 γῆς
812 4044 1114 4117 ἀρξάμενον
1146 4044 1283 4116 πρὸς
1312 4044 1443 4098 αὑτὸ
1487 4044 1783 4097 ἐπισπᾶται

201 4138 277 4193 τὰ
304 4140 479 4193 οἰκεῖα
522 4137 618 4192 καὶ
650 4136 923 4209 σύμφυλα,
954 4136 1046 4189 καὶ
1076 4135 1420 4207 πιαινόμενον
1461 4135 1554 4188 ἐπὶ
1601 4133 1784 4187 πλεῖον

202 4228 568 4285 πλατύνεταν
597 4228 737 4282 ὥστε
782 4226 1061 4300 ῥιζοῦσθαι
1093 4227 1192 4299 μὲν
1236 4229 1317 4291 είς
1346 4226 1408 4280 τὸ
1449 4228 1619 4291 κάτω,
1650 4243 1785 4297 προ-

200 4322 437 4377 κύπτειν
463 4319 520 4372 δὲ
551 4321 631 4383 είς
665 4319 726 4373 τὸ
771 4318 911 4383 ἄνω,
954 4320 1050 4373 καὶ
1090 4319 1409 4392 ἰσαρίθμους
1448 4320 1568 4382 ταῖς
1610 4318 1785 4390 ῥίζαις

1882 3139 2040 3177 suum
2098 3123 2398 3197 lignumque
2437 3126 2771 3198 fructiferum
2801 3129 3000 3198 faciens
3029 3131 3282 3202 fructum,
3311 3133 3463 3203 cujus

1882 3231 2057 3270 semen
2102 3217 2159 3271 in
2210 3220 2566 3288 semetipso”;
2610 3228 2666 3275 et
2711 3220 2779 3275 ad
2821 3221 2938 3277 hazc
2984 3232 3227 3294 tempora
3273 3241 3463 3282 eorum

1882 3323 2005 3380 quae
2036 3309 2335 3381 gignuntur
2362 3327 2393 3367 e
2418 3319 2565 3367 terra
2595 3315 2788 3380 series,
2821 3330 3071 3385 quamam
3101 3316 3264 3371 fuerit
3290 3318 3465 3388 prima

1882 3416 2069 3457 rerum
2119 3403 2401 3460 distinctio
2445 3405 2759 3478 descripta,
2812 3408 3069 3463 declarat.
3126 3408 3463 3466 Germinatio

1882 3508 2122 3566 namque
2152 3496 2396 3566 qualibet
2423 3497 2593 3552 herba
2626 3500 2921 3570 plantaque
2950 3502 3101 3570 prior
3126 3512 3230 3557 est.
3264 3501 3462 3560 Semen

1884 3587 2054 3651 enim,
2094 3587 2187 3642 ubi
2220 3598 2365 3644 terra
2395 3590 2525 3644 illud
2556 3591 2764 3659 gremio
2800 3592 3076 3649 moderate
3105 3593 3331 3650 humido
3363 3613 3460 3650 ca-

1884 3677 2106 3750 lidoque
2152 3694 2404 3749 sparsum
2443 3696 2508 3735 ac
2540 3683 2827 3737 subactum
2888 3686 3133 3755 excepit,
3194 3687 3460 3757 mollitur,

1886 3769 2052 3841 fitque
2080 3769 2145 3825 ad
2174 3786 2260 3826 res
2286 3772 2504 3828 abunde
2534 3775 2834 3844 gignendas
2861 3776 3119 3832 idoneum
3160 3797 3172 3832 :
3204 3780 3329 3835 hinc
3351 3780 3466 3849 pri-

1884 3879 2035 3917 mum
2076 3870 2275 3919 eterra
2302 3880 2422 3934 qua:
2452 3867 2641 3933 ambit,
2677 3869 2852 3939 magis
2891 3869 2993 3924 Slbl
3036 3878 3230 3924 natura
3260 3887 3466 3943 cogna-

1884 3963 1999 4010 tum
2027 3965 2191 4027 atque
2219 3957 2374 4012 aliine
2408 3959 2653 4023 attrahit,
2686 3976 2794 4029 quo
2840 3960 3247 4032 pinguefactum
3297 3964 3461 4022 latius

1884 4047 2217 4114 extenditUr,
2261 4051 2336 4103 ita
2389 4057 2447 4104 ut
2498 4052 2607 4105 ima
2663 4053 2791 4109 sede
2836 4054 3115 4111 radicibus
3146 4055 3462 4129 deligatur,

1886 4148 2141 4213 erumpat
2197 4143 2469 4213 superiori
2512 4144 2748 4216 edatque
2800 4145 3075 4203 radicibus
3136 4164 3300 4219 pares
3358 4168 3459 4206 nu-

1886 4247 2040 4288 mero
2090 4233 2342 4304 stipulas.
2390 4234 2645 4293 Germine
2696 4238 2752 4292 in
2796 4239 2915 4295 dies
2967 4242 3295 4310 calescente,
3360 4244 3463 4297 bu-

1886 4339 2007 4379 mor
2072 4342 2168 4397 per
2228 4326 2443 4383 radices
2488 4329 2795 4396 adductus,
2853 4348 2959 4385 una
3027 4349 3210 4388 secum
3286 4337 3463 4390 medio

199 4416 335 4478 τοὺς
364 4412 643 4484 καλάμους
672 4410 1085 4484 προϐάλλεσθαι.
1116 4411 1466 4483 Θαλπομένου
1492 4412 1550 4465 δὲ
1578 4412 1662 4465 ἀεὶ
1685 4409 1778 4464 τοῦ

1891 4419 2073 4474 calore
2103 4436 2135 4475 e
2184 4428 2330 4475 terra
2383 4423 2558 4478 defert
2613 4425 2966 4486 alimentum,
3004 4427 3147 4495 quod
3193 4428 3246 4481 in
3297 4428 3466 4498 stipu-

204 4508 621 4579 βλαστήματος,
647 4504 917 4576 συρομένη
953 4504 1041 4558 διὰ
1074 4504 1180 4558 τῶν
1218 4504 1380 4576 ῥιζῶν
1416 4508 1448 4576 ή
1484 4505 1645 4568 νοτὶς,
1676 4502 1782 4557 ὑπὸ

198 4602 309 4672 τῆς
332 4598 540 4672 θέρμης
580 4599 943 4665 συνεπάγεται
987 4597 1087 4667 τῆς
1127 4597 1231 4667 γῆς
1257 4598 1318 4649 τὸ
1362 4596 1659 4667 τρόφιμον·
1689 4596 1783 4650 καὶ

200 4690 631 4762 καταμερίζεται
653 4689 812 4743 τοῦτο
839 4690 919 4752 εἰς
941 4688 1214 4758 καλάμην,
1233 4687 1326 4739 καὶ
1348 4687 1549 4755 φλοιὸν,
1563 4688 1658 4742 καὶ
1681 4687 1784 4750 τὰς

201 4782 381 4855 θήκας
408 4782 500 4835 τοῦ
547 4782 714 4846 σίτου,
752 4780 849 4835 καὶ
889 4781 971 4843 εἰς
996 4780 1158 4833 αὑτὸν
1186 4778 1277 4832 τὸν
1320 4780 1498 4840 σῖτον,
1534 4778 1629 4832 καὶ
1660 4780 1784 4842 τοὺς

199 4873 520 4946 ἀνθέρικας.
557 4875 622 4928 Ἠ
661 4875 718 4928 δὲ
760 4872 982 4945 καλάμη
1014 4872 1107 4926 τοῦ
1154 4872 1301 4925 σίτου
1347 4870 1619 4935 κονδύλοις
1669 4872 1783 4945 διαέ

202 4965 507 5032 ζώννυται,
544 4967 609 5020 ἵν’
636 4966 712 5030 ὡς
759 4963 1044 5035 σύνδεσμοι
1084 4980 1228 5028 τινες
1269 4962 1379 5017 τῶν
1429 4962 1676 5033 σταχύων
1724 4963 1785 5016 τὸ

203 5058 375 5130 βάρος
415 5059 671 5131 φέρωσιν.
721 5059 879 5112 Ἔστι
915 5057 974 5110 δὲ
1013 5057 1109 5111 καὶ
1150 5058 1184 5128 ἡ
1233 5054 1454 5127 καλάμη
1498 5055 1742 5116 διάκενος
1767 5092 1782 5115 ,

199 5154 357 5213 ὅπως
378 5152 517 5224 θήκη
538 5151 631 5205 τοῦ
655 5152 852 5206 κόκκου
871 5150 1115 5221 γένηται,
1142 5150 1278 5222 πρὸς
1302 5149 1365 5203 τὺ
1387 5147 1462 5221 μὴ
1485 5150 1595 5212 τοῖς
1624 5163 1786 5218 σπερ-

164 5264 167 5267 '
205 5244 459 5316 μολόγοις
495 5245 761 5316 ὑπάρχειν
786 5244 1202 5315 εὑδιάρπαστον.
1234 5244 1372 5307 Τοὺς
1403 5241 1460 5295 δὲ
1492 5241 1784 5313 ἀνθέρικας

200 5337 329 5391 ἀντὶ
357 5336 559 5391 άκίδων
594 5336 981 5408 προϐέϐληται,
1006 5336 1095 5390 ἵνα
1120 5334 1228 5390 τῶν
1261 5335 1472 5407 μικρῶν
1505 5332 1659 5400 ζώων
1686 5324 1785 5397 τὰς

198 5425 414 5498 exesa;
446 5427 719 5499 εἴργωσιν.
762 5427 822 5481 '0
849 5426 906 5480 δὲ
951 5426 1152 5498 βρόμος
1181 5426 1248 5480 δι’
1278 5427 1400 5481 ὅλου
1429 5425 1583 5491 κενὸς
1624 5424 1787 5480 καθέ-

200 5534 444 5592 στηκεν,
494 5518 681 5591 ἐπειδὴ
724 5519 822 5591 τὴν
853 5517 1094 5590 κεφαλὴν
1144 5519 1206 5572 οὐ
1241 5517 1547 5590 βαρύνεται.
1586 5519 1696 5574 Καὶ
1736 5520 1784 5572 εί

275 5703 301 5736 ⁸
324 5701 456 5760 Gen.
495 5720 537 5765 ι,
570 5703 660 5758 Η.

527 5820 799 5883 Parnm.
834 5820 951 5883 Gn.
984 5820 1215 5888 XVIII.

1888 4509 2028 4574 lam,
2090 4510 2350 4566 corticem
2399 4512 2687 4576 frumenti,
2735 4514 2968 4572 Ihecam.
3010 4515 3187 4584 ipsum
3219 4515 3466 4572 frumen-

1888 4610 2002 4656 tum
2078 4613 2239 4674 atque
2313 4606 2512 4661 aristas
2585 4607 2840 4677 partitur.
2923 4607 3205 4663 Frumenti
3264 4611 3465 4680 stipula

1886 4694 2045 4749 nodis
2107 4696 2387 4765 cingitur,
2457 4706 2519 4751 ut
2586 4699 2753 4753 veluti
2829 4715 3121 4771 compages
3181 4702 3462 4772 spicarum

1886 4782 2103 4854 pondus
2132 4787 2463 4844 sustineant.
2505 4787 2774 4844 Praeterea
2808 4798 2861 4844 et
2896 4791 3011 4861 ipsa
3044 4793 3247 4863 stipula
3288 4809 3461 4849 vacua
3482 4785 3503 4799 “

1884 4882 1992 4943 est,
2016 4883 2077 4930 ut
2106 4892 2336 4947 granum
2370 4881 2772 4950 receptaculum
2806 4883 3025 4947 habeat,
3054 4900 3123 4938 ne
3163 4884 3456 4957 frugilch-

1886 4989 2007 5028 rum
2032 4973 2226 5042 praedae
2245 4971 2406 5027 facile
2435 4975 2850 5044 sitexpositum.
2879 4983 2933 5030 et
2962 4985 3151 5031 contra
3186 4979 3462 5034 minorum

1886 5065 2203 5120 animalium
2251 5076 2469 5122 morsus
2498 5067 2744 5120 munitur
2769 5083 2867 5137 pro
2904 5069 3132 5138 spiculis
3166 5072 3309 5125 vallo
3355 5072 3463 5125 ari-

1886 5169 2116 5217 starum.
2148 5158 2352 5216 Verum
2383 5175 2555 5217 avena
2583 5168 2695 5216 tota
2719 5163 2900 5218 inanis
2922 5164 3190 5229 cernitur,
3220 5181 3344 5220 cum
3371 5183 3466 5221 ca-

1886 5253 1997 5324 pite
2026 5269 2135 5307 non
2170 5262 2474 5325 gravescat.
2507 5252 2573 5306 Et
2594 5255 2640 5307 si
2664 5270 2787 5309 cum
2845 5257 3146 5313 esculentis
3175 5258 3340 5313 simul
3368 5275 3465 5313 ve-

1888 5359 2030 5399 nena
2056 5352 2184 5399 nata
2214 5349 2607 5415 comperimus,
2641 5348 2803 5418 quale
2824 5356 2910 5403 est
2934 5357 3236 5416 veratrum,
3269 5355 3459 5407 aconi—

1887 5443 2022 5501 tum,
2070 5437 2486 5510 mandragoras,
2523 5448 2575 5495 et
2639 5456 2839 5496 succus
2898 5445 3208 5512 papaveris,
3249 5444 3461 5499 nullum

1883 5530 2067 5585 tamen
2097 5528 2292 5585 borum
2323 5546 2787 5602 supervacaneum
2828 5541 2933 5601 est,
2981 5534 3075 5591 sed
3110 5552 3268 5593 suum
3300 5553 3460 5593 usum

3047 5824 3183 5929 .23
