3850 6160
392 301 499 360 ’115

1258 287 1316 342 s.
1359 234 1799 341 EUSTATHiUS
1836 266 2325 328 ANTIOCHENUS
2364 261 2758 321 EPISCOPUS.

3516 251 3623 312 710

392 421 576 479 babet.
637 414 832 471 Cicuta
893 421 1127 478 namque
1180 405 1482 474 pascuntur
1508 394 1684 451 sturni
1734 389 2009 464 propter!

2097 380 2455 449 υνεδλάστησε
2473 381 2585 441 τοῖς
2617 373 2901 447 τροφίμοις
2920 370 2990 424 τά
3008 367 3323 439 δηλητήρια,
3348 360 3459 421 οἷον
3479 365 3628 422 ἐλλι-

393 509 647 583 corporis
696 501 1182 561 constitutionem;
1231 492 1433 548 etenim
1480 502 1605 541 cum
1641 487 1751 539 sint
1810 479 1959 550 poris

393 610 541 666 circa
564 619 659 660 cor
689 596 956 670 angustis,
987 592 1089 646 hac
1115 588 1328 642 ratione
1368 596 1484 637 rem
1522 580 1833 646 absorptain
1867 587 1963 625 ex-

394 701 649 757 cernunt.
677 692 908 747 Veratro
938 680 1249 739 coturnices
1270 679 1568 731 vescuntur
1588 712 1603 736 ,
1632 666 1963 739 propriaque

394 789 642 861 corporis
665 776 1070 849 temperatione,
1102 770 1250 825 nullo
1267 766 1572 822 afﬁciuntur
1594 757 1962 816 incommodo,

396 881 592 939 Medici
622 874 981 941 mandragora
1006 877 1256 921 somnum
1297 855 1619 916 conciliant,.
1661 851 1787 920 Opio
1816 863 1967 904 sum-

398 991 520 1030 mos
551 972 766 1027 dolores
790 941 1034 1035 sopiun‘t,
1068 956 1249 1011 cicuta
1274 954 1543 1007 immanes
1573 945 1767 1001 sedant
1797 955 1966 1011 appe-

403 1069 557 1127 titus,
582 1069 635 1117 et
663 1070 846 1113 tamen
898 1062 1115 1107 veratro
1162 1046 1493 1099 inveteratos
1543 1036 1771 1092 aiTectus
1819 1032 1969 1086 miti-

401 1121 554 1231 gant.
587 1151 653 1206 Et
686 1151 882 1220 lignum
932 1138 1263 1212 fructiferum
1323 1132 1522 1201 faciens
1582 1127 1810 1196 fructum
1840 1121 1976 1185 “,et

402 1263 513 1303 uno
533 1239 794 1312 temporis
841 1241 1065 1306 puncto,
1097 1242 1221 1299 quae
1276 1238 1429 1295 prius
1477 1219 1700 1275 minime
1726 1220 1902 1277 erant,
1940 1228 1972 1266 e

405 1350 550 1396 tcrra
576 1304 703 1391 nata
724 1304 873 1393 sunt,
905 1326 1020 1381 suis
1049 1333 1278 1392 quaeque
1302 1310 1728 1387 proprietatibus
1767 1315 1821 1361 et
1863 1304 1974 1357 for-

405 1432 532 1493 mis,
564 1426 764 1496 quibus
804 1416 964 1491 quasi
1011 1411 1356 1468 naturalibus
1408 1406 1552 1461 nctis
1583 1419 1613 1457 a
1640 1402 1805 1455 rebus
1848 1397 1976 1452 relia

407 1521 532 1593 quis
556 1494 765 1574 secreta
799 1511 1216 1581 dignoscantur.
1250 1500 1404 1555 Oliva
1452 1507 1508 1551 et
1560 1494 1761 1565 palma,
1783 1495 1838 1545 et
1874 1504 1974 1543 cu-

407 1581 654 1685 pressus,
687 1607 742 1660 in
771 1604 939 1658 altum
980 1596 1377 1670 provehantur,
1419 1596 1475 1645 et
1515 1588 1710 1641 harum
1744 1583 1828 1637 ha:
1856 1581 1978 1651 qui-

408 1710 532 1763 dem
560 1717 662 1759 nec
690 1697 877 1753 multis
907 1694 1079 1749 ramis
1104 1703 1207 1743 nec
1231 1684 1409 1747 nodis,
1442 1689 1502 1735 ut
1532 1680 1715 1741 abies,
1750 1690 1977 1745 cupres-

2062 476 2239 547 6ορος,
2270 474 2365 528 καὶ
2395 472 2663 532 ἀκόνιτον,
2696 467 2790 521 καὶ
2827 462 3223 537 μανδραγόρας,
3266 458 3360 515 καὶ
3388 458 3486 529 τῆς
3527 461 3636 531 μή·

2062 584 2232 630 κωνος
2257 568 2285 619 ὀ
2309 566 2459 628 ὀπὸς,
2493 562 2643 615 οὐδὲν
2669 558 2875 612 τούτων
2914 557 2994 618 είς
3017 553 3211 625 χρῆσιν
3242 550 3407 624 ἀργὸν
3435 552 3604 621 παρεί
3622 579 3639 591 ο

2062 657 2284 728 ληπται.
2314 656 2388 708 Τὸ
2424 656 2520 725 μὲν
2562 653 2755 718 κώνιον
2802 650 2852 702 οἱ
2880 648 3052 719 ψᾶρες
3081 644 3363 714 βόσκονται
3404 643 3492 698 διὰ
3536 642 3642 710 τὴν

2065 745 2406 817 κατασκευὴν
2439 743 2531 798 τοῦ
2567 742 2846 814 σώματος·
2877 738 3108 801 λεπτοὺς
3128 735 3236 807 γάρ
3273 734 3486 805 ἔχοντες
3506 735 3645 795 τοὺς

2066 841 2159 894 ἐπὶ
2194 839 2291 909 τὴν
2333 835 2558 908 καρδίαν
2605 834 2805 904 πόρους
2827 872 2841 895 ,
2877 827 3198 898 ἀποπέμψαι
3230 826 3289 879 τὺ
3332 824 3645 880 καταποθὲν

2069 932 2360 1000 φθάνουσι·
2396 927 2483 980 τὸν
2515 926 2569 979 δὲ
2615 924 2890 994 ἐλλέϐορον
2937 920 3201 974 ἐσθίουσιν
3243 919 3494 989 ὀρτυγες,
3544 916 3647 968 καὶ

2068 1022 2167 1091 οὐχ
2195 1018 2514 1089 ὑφίστανται
2561 1015 2783 1087 βλάϐην,
2821 1013 3052 1082 ἰδιότητα
3106 1010 3351 1080 κράσεως
3404 1009 3645 1078 ἔχοντες.

2070 1114 2168 1167 Διά
2200 1112 2257 1165 δέ
2282 1111 2376 1164 τοῦ
2418 1108 2793 1181 μανδραγόρου
2834 1103 2998 1157 ὕπνον
3032 1103 3201 1174 ίατροὶ
3243 1101 3635 1167 κατε¹πάγουσι,

2072 1206 2165 1258 καὶ
2188 1202 2267 1274 τῷ
2291 1202 2431 1273 ὀπίῳ
2451 1201 2548 1263 τὰς
2584 1197 2814 1268 σφοδρὰς
2838 1195 3028 1258 ὀδύνας
3052 1190 3511 1259 κατακοιμίζουσι.
3540 1187 3638 1257 Τῷ

2072 1296 2129 1348 δέ
2154 1294 2335 1364 κωνίῳ
2359 1293 2458 1356 τὰς
2481 1289 2769 1351 λυσσώδεις
2795 1287 2999 1359 ὀρέξεις
3026 1283 3510 1354 καταμαραίνουσι,
3545 1281 3646 1332 καὶ

2074 1387 2153 1458 τῷ
2196 1386 2464 1458 ἐλλεϐόρῳ
2505 1383 2575 1437 τὰ
2618 1381 2806 1453 χρόνια
2843 1378 2991 1448 πάθη
3034 1374 3490 1446 καταπραΰνουσι.
3534 1371 3657 1427 Καὶ

2078 1480 2270 1545 ξύλον
2298 1478 2593 1547 κάρπιμον
2640 1472 2852 1527 ποιοῦν
2903 1471 3151 1537 καρπόν.
3201 1466 3312 1520 Καὶ
3361 1465 3539 1518 πάντα
3594 1465 3658 1514 ἐν

2083 1572 2180 1643 μιᾷ
2211 1568 2406 1642 καιροῦ
2442 1568 2580 1639 ῥοπῇ
2611 1563 2816 1634 ἀνεφύη
2846 1562 2910 1613 ἐκ
2932 1560 3033 1629 τῆς
3065 1560 3188 1631 γῆς,
3222 1560 3323 1611 οὐκ
3357 1556 3483 1609 δντα
3512 1553 3663 1625 πρό-

2080 1681 2258 1737 τερον,
2297 1662 2432 1733 μετά
2458 1660 2559 1729 τῆς
2590 1658 2796 1719 οἰκείας
2831 1656 3056 1709 ἕκαστον
3092 1652 3371 1721 ἰδιότητος,
3404 1649 3498 1702 καὶ
3535 1645 3664 1715 ἰδίῳ

411 1738 532 1763 ucul
562 1738 662 1759 ιιυυ
691 1738 877 1753 μιν-ιω
909 1738 1078 1749 ..η-...υ
1106 1738 1203 1743 ..-ν
1233 1738 1289 1741 νη
1396 1738 1408 1747 ,
1703 1738 1711 1741 _
1822 1738 1839 1745 _

411 1816 529 1865 sus,
551 1806 605 1852 et
632 1790 957 1865 quandoque
979 1786 1157 1856 palma
1184 1778 1604 1846 constipantur;
1633 1771 1739 1824 illaa
1769 1782 1982 1837 semper

2097 1754 2390 1828 (αρακτῆρι
2419 1752 2645 1815 ἕκαστον
2674 1745 3092 1816 ¹γνωριζόμενοι).
3124 1743 3187 1796 Ἦ
3221 1742 3318 1813 μὲν
3350 1740 3523 1802 ἐλαία,
3559 1738 3666 1792 καὶ

2152 1850 2172 1863 ο
2230 1845 2254 1865 ρ·
2316 1863 2347 1865 --
2384 1844 2401 1865 \
2440 1841 2767 1865 _-_._L-._..--
2794 1839 2871 1865 ..1-
2904 1834 3036 1865 θυι.--
3072 1833 3316 1865 ..ἥξοιμι-ιη
3375 1832 3480 1865 Καὶ
3524 1829 3664 1865 φθιτ-

411 1892 694 1946 virescunt
730 1882 934 1942 :oliva,
995 1875 1172 1947 palma
1198 1912 1213 1937 ,
1277 1870 1487 1932 laurus,
1538 1870 1773 1934 myrtus,
1806 1861 1978 1931 picea,

413 1994 730 2055 cupressus,
761 1975 932 2034 abies,
960 1970 1269 2039 iuniperus,
1302 1963 1522 2033 thya,et
1544 1972 1709 2029 quam
1745 1952 1981 2008 Arcades

412 2045 711 2151 phillodrin
738 2066 1031 2140 appellant.
1066 2058 1163 2114 His
1186 2054 1325 2111 adde
1346 2054 1672 2109 oleastrum.
1727 2045 1975 2108 cedrum,

415 2170 626 2241 pinum,
660 2165 885 2221 buxum,
928 2155 1131 2215 ilicem,
1176 2162 1412 2211 aracein,
1460 2140 1808 2198 cicerculam.
1839 2136 1984 2191 Rosa

417 2228 536 2319 sine
558 2257 732 2329 spinis
782 2261 916 2307 tunc
965 2254 1085 2303 orta
1112 2253 1216 2307 est,
1253 2255 1373 2311 quae
1416 2235 1634 2291 tandem
1659 2231 1811 2286 ﬂoris
1867 2228 1987 2299 pul-

416 2321 712 2411 chritudini
768 2351 896 2401 sunt
953 2339 1200 2409 adjectae,
1234 2341 1293 2388 ut
1334 2327 1592 2403 jucundis
1616 2339 1786 2396 prope
1820 2321 1987 2378 situm

417 2457 708 2503 maerorem
731 2454 854 2495 esse
904 2438 1213 2493 cernentes,
1254 2422 1463 2496 peccati
1498 2434 1610 2474 non
1641 2416 1990 2472 obliviscere-

366 2588 369 2591 γ
417 2554 561 2602 mur,
594 2534 752 2604 cujus
785 2543 950 2584 causa
1002 2525 1189 2595 spinas
1225 2526 1280 2574 et
1322 2514 1551 2571 tribulos
1604 2509 1765 2565 nobis
1786 2515 1988 2560 terram

418 2627 608 2683 eli‘erre
673 2622 977 2693 iudicatum
1043 2616 1150 2669 est.
1228 2608 1414 2663 Floret
1490 2605 1668 2674 prima
1744 2597 1988 2654 omnium

420 2688 725 2791 amygdala,
782 2719 1165 2782 postremaque
1217 2712 1437 2771 pomum
1500 2699 1761 2753 maturat,
1820 2688 1990 2756 ﬁtque

422 2810 597 2867 dulcis
639 2822 708 2863 ex
741 2817 949 2866 amara,
1006 2800 1113 2854 ima
1174 2799 1330 2865 parte
1374 2787 1557 2857 stipite
1604 2780 1991 2839 circumforato

421 2914 705 2970 cuneoque
748 2913 816 2952 ex
868 2893 1021 2963 picea
1054 2889 1252 2943 arbore
1284 2883 1480 2938 idoneo
1510 2879 1567 2933 in
1601 2876 1848 2931 internas
1877 2886 1994 2942 par-

421 3004 505 3052 tes
529 2994 722 3049 adacto
770 3001 945 3057 usque
983 2983 1053 3037 ad
1109 2977 1445 3039 medullam;
1480 2972 1554 3025 ita
1604 2969 1748 3024 enim
1798 2979 1994 3021 succos

422 3090 648 3145 minime
676 3081 936 3138 amabiles
979 3076 1035 3130 in
1087 3072 1276 3128 dulces
1311 3069 1542 3136 ciboque
1594 3060 1819 3116 idoneos
1849 3072 1995 3112 com-
2021 3092 2065 3151 ο

424 3190 618 3240 mutat.
646 3177 761 3232 Hoc
783 3174 924 3229 idem
954 3168 1195 3226 salutare
1230 3170 1334 3225 est,
1366 3166 1419 3215 et
1448 3156 1591 3212 malo
1625 3151 1824 3225 punico
1852 3147 1996 3204 acris

427 3279 598 3342 succi,
631 3275 724 3331 ubi
771 3282 1005 3339 namque
1050 3261 1263 3332 excepit
1287 3269 1522 3312 cuneum
1543 3295 1558 3320 ,
1597 3249 1756 3307 dulce
1789 3245 1993 3303 evadit.

426 3368 614 3424 Palma
642 3362 841 3419 femina
880 3360 1038 3412 nutat
1070 3352 1127 3406 in
1158 3362 1366 3406 marem
1416 3359 1609 3416 prona,
1660 3338 1819 3411 quasi
1852 3336 2000 3391 illius

427 3459 745 3530 complexus
802 3447 1077 3507 desiderio
1099 3448 1399 3500 teneretur,
1450 3442 1507 3490 et
1555 3432 1808 3504 agricolae
1832 3427 2001 3482 maris

428 3555 641 3609 fruetus
666 3546 836 3602 ramis
861 3543 1008 3597 illius
1043 3539 1313 3596 inserunt,
1372 3529 1562 3598 sicque
1596 3524 1886 3596 pristinam
1923 3518 2004 3572 illi

429 3653 747 3713 rectamque
797 3637 1026 3692 formam
1078 3613 1395 3684 restituunt.
1450 3620 1587 3675 Mori
1629 3616 1784 3672 tarde
1813 3612 2008 3685 germi-

431 3747 587 3805 nant,
625 3731 884 3790 tamenin
916 3727 1099 3782 fructu
1136 3720 1364 3777 ferendo
1417 3730 1527 3771 non
1584 3717 1714 3767 sunt
1756 3707 1877 3762 aliis
1908 3718 2006 3774 po-

434 3837 712 3892 steriores.
746 3826 920 3888 Oliva,
950 3820 1087 3882 tilia,
1155 3813 1411 3887 populus,
1466 3807 1648 3862 ulmus
1690 3807 1815 3872 post
1862 3796 2009 3852 aesti-

436 3944 563 3985 vum
610 3920 903 3980 solstitium
965 3911 1094 3968 folia
1148 3907 1340 3976 supina
1403 3897 1716 3960 deﬂectunt,
1773 3898 2009 3958 suntque

437 4019 693 4075 omnibus
706 4015 1025 4081 argumento
1055 4000 1348 4059 solstitium
1371 3993 1620 4049 aestivum
1654 3980 2006 4058 praeteriisse.

438 4110 603 4166 Ficus
633 4078 917 4161 domestici
952 4097 1183 4158 fructus,
1215 4105 1284 4143 ne
1322 4083 1597 4143 decidant,
1621 4079 1725 4132 hoc
1753 4078 2012 4146 prazstant

441 4199 691 4274 agricola:
716 4212 729 4248 :
767 4206 987 4262 grossos
1010 4203 1074 4242 ex
1104 4181 1361 4253 capriﬁco
1394 4177 1679 4243 deccrptos
1696 4176 1749 4223 et
1779 4168 1921 4221 inter
1953 4178 2014 4216 se

440 4260 726 4362 colligatos
760 4260 861 4341 fico
883 4278 1152 4351 injiciunt.
1183 4269 1397 4326 Animal
1419 4266 1564 4322 enim
1579 4260 1793 4332 quodin
1820 4269 2012 4325 grosso

441 4396 527 4445 est
548 4379 975 4440 minutissimum
997 4370 1165 4426 fundo
1188 4365 1273 4420 ﬁci
1300 4356 1586 4419 domestici
1614 4353 1879 4413 insidens,
1915 4362 2013 4400 au-

442 4495 558 4535 ram
593 4488 713 4547 quaa
756 4464 1089 4524 circumfusa
1147 4458 1320 4528 spirat
1370 4448 1617 4520 impedit,
1684 4456 1754 4497 ne
1810 4435 2011 4493 fructui
2044 4456 2090 4511 Ι)

444 4530 704 4622 molestiae
730 4564 821 4622 sit,
848 4559 1088 4625 ﬁcusque
1113 4559 1403 4617 antequam
1448 4540 1797 4596 maturescat,
1828 4530 2010 4592 cadat,

444 4669 499 4717 et
527 4675 648 4713 cum
679 4655 771 4709 bic
799 4653 1011 4707 fructus
1040 4643 1219 4700 mollis
1242 4639 1333 4702 sit,
1367 4629 1733 4690 crassitudine
1761 4623 2013 4678 foliorum

446 4746 730 4817 operitur;
765 4741 859 4794 ubi
909 4734 1070 4791 nucis
1114 4729 1321 4786 solidus
1372 4723 1475 4777 levi
1495 4719 1749 4775 foliorum
1781 4710 2018 4782 tegmine

448 4840 676 4893 velatur.
732 4831 843 4886 Nec
893 4829 997 4884 alia
1050 4834 1215 4879 causa
1254 4816 1441 4872 folium
1476 4810 1604 4866 vitis
1643 4807 1876 4863 scissum
1911 4808 2016 4862 est,

449 4933 555 4987 nisi
589 4938 649 4983 ut
682 4927 749 4980 ab
779 4922 920 4977 aeris
973 4909 1335 4972 incommodis
1382 4919 1489 4959 uva
1524 4918 1583 4958 se
1618 4898 1891 4960 defendat,
1930 4910 2022 4949 so-

449 5024 627 5093 lisque
646 5019 830 5074 radios
852 5013 1076 5068 raritate
1097 5002 1353 5073 excipiat.
1381 4998 1473 5053 Sic
1495 4995 1630 5051 nihil
1651 4999 1736 5047 est
1770 4991 1825 5044 in
1854 4988 2021 5043 rebus

452 5116 637 5176 inane,
678 5109 776 5165 sed
803 5104 987 5161 omnia
1020 5100 1162 5155 Deus
1195 5093 1484 5166 sapientia,
1517 5102 1680 5159 quam
1735 5080 1887 5139 eli‘ari
1912 5093 2022 5133 non

456 5214 768 5275 possumus,
815 5191 1118 5250 exornavit.
1153 5186 1274 5242 Una
1328 5182 1529 5254 quippe
1570 5191 1732 5247 aqua,
1770 5187 1891 5243 quze
1930 5183 2025 5240 per

457 5259 669 5347 radices
690 5289 869 5344 delata
905 5280 1218 5340 attrahitur,
1255 5275 1362 5329 alio
1397 5271 1560 5326 modo
1612 5277 1867 5321 truncum
1891 5259 2024 5323 alit,

460 5384 566 5437 alio
592 5380 905 5437 medullam,
934 5374 1041 5428 alio
1070 5370 1353 5430 corticem,
1389 5365 1496 5419 alio
1522 5363 1751 5432 lignum,
1792 5356 1899 5410 alio
1939 5367 2028 5405 ra—

459 5474 611 5527 dices
662 5474 849 5539 ipsas;
881 5476 934 5521 et
995 5481 1060 5520 ex
1096 5462 1287 5518 eodem
1320 5458 1550 5512 humore
1592 5452 1647 5506 in
1682 5450 1785 5504 vite
1807 5443 2028 5517 quidem

460 5567 646 5620 vinum
673 5561 979 5624 coniicitur,
1011 5558 1065 5610 in
1090 5556 1231 5609 oliva
1262 5552 1440 5606 oleum
1460 5589 1474 5614 ,
1508 5552 1560 5601 et
1598 5544 1655 5598 in
1704 5541 1810 5596 alio
1839 5535 1985 5591 aliud
2013 5551 2029 5602 ;

546 5766 588 5796 ¹⁰
628 5764 762 5818 Gen.
795 5758 946 5821 1,“.

2084 1845 2274 1918 φοῖνιξ,
2314 1844 2408 1898 καὶ
2440 1841 2767 1911 κυπάριττος
2793 1839 2871 1899 είς
2904 1834 3036 1904 ὖψος
3070 1833 3340 1898 αὔξονται.
3375 1832 3485 1884 Καὶ
3524 1829 3664 1883 τού-

2082 1956 2189 1992 των
2220 1937 2288 1990 τὰ
2322 1936 2419 2007 μέν
2457 1935 2602 1986 ἐστιν
2638 1931 2699 1983 οὐ
2742 1927 2992 1991 πολύοζα,
3021 1918 3139 1979 ουδὲ
3178 1922 3505 1984 πολύκλαδα,
3542 1915 3670 1975 οἷον

2084 2030 2276 2100 ἐλάτη,
2324 2028 2417 2081 καὶ
2460 2028 2493 2098 ἡ
2533 2024 2899 2095 κυπάριττος,
2946 2017 3056 2071 ἐσθ’
3106 2018 3194 2070 ὅτε
3223 2015 3280 2068 δὲ
3322 2015 3415 2069 καὶ
3458 2012 3665 2081 φοῖνιξ.

2097 2120 2382 2191 Ἀείφυλλα
2413 2119 2472 2173 δέ
2509 2120 2655 2171 ἐστιν
2701 2114 2876 2177 ἐλαία,
2921 2109 3115 2182 φοῖνιξ,
3148 2110 3243 2163 καὶ
3281 2108 3475 2178 δάφνη,
3512 2107 3669 2178 μυρ·

2088 2215 2228 2287 ρίνη,
2264 2214 2462 2283 πεύκη,
2487 2210 2838 2282 κυπάριττος,
2867 2205 3050 2273 ἐλάτη,
3075 2201 3353 2275 ἄρκευθος,
3383 2200 3527 2265 θυία,
3570 2198 3672 2254 καὶ

2086 2306 2152 2377 ἣν
2189 2304 2447 2378 Ἀρκάδες
2482 2300 2731 2371 φιλόδρυν
2764 2297 3043 2365 λέγουσιν·
3084 2292 3162 2346 ἐτι
3209 2290 3420 2360 φύλεος,
3446 2289 3669 2359 κέδρος,

2088 2399 2267 2463 πίτυς,
2305 2396 2489 2461 πύξος,
2525 2397 2714 2466 πρῖνος
2737 2435 2750 2458 ,
2792 2389 2993 2459 ἀράκη,
3027 2384 3279 2455 λάθυρος.
3309 2383 3381 2436 Τὸ
3411 2381 3468 2433 δέ
3507 2380 3674 2452 ῥόδον

2089 2490 2214 2544 ἄνευ
2254 2488 2350 2558 τῆς
2383 2484 2622 2556 ἀκάνθης
2663 2487 2783 2538 τότε
2818 2484 3179 2555 ἐϐλάστησεν·
3210 2480 3435 2551 ὓστερον
3482 2477 3541 2529 δέ
3592 2472 3675 2543 τῷ

2090 2579 2396 2638 κάλλειτοῦ
2445 2578 2638 2642 ἄνθους
2684 2576 3088 2649 παρεζεύχθηή
3125 2571 3360 2629 ἄκανθα·
3393 2573 3543 2632 ὅπως
3590 2567 3678 2638 τῷ

2089 2672 2303 2745 τερπνῷ
2356 2670 2767 2743 παρακειμένην
2807 2670 2905 2741 τὴν
2957 2669 3133 2738 λύπην
3180 2666 3392 2735 ἔχοντες
3452 2676 3644 2732 μνημο

2092 2764 2332 2834 νεύωμεν
2362 2762 2461 2832 τῆς
2494 2762 2786 2833 ἁμαρτίας,
2809 2759 2874 2813 δι’
2913 2760 2980 2830 ἢν
3006 2756 3244 2820 ἀκάνθας
3268 2757 3362 2808 καὶ
3386 2751 3680 2825 τριϐόλους

2094 2859 2224 2928 ἡμῖν
2255 2857 2289 2927 ὴ
2324 2855 2395 2927 γῆ
2424 2853 2728 2907 ἀνατέλλειν
2764 2849 3150 2920 κατεδικάσθη.
3189 2849 3252 2902 Ἠ
3280 2847 3338 2900 δέ
3376 2842 3676 2915 ἀμυγδαλῆ

2095 2950 2283 3021 πρώτη
2306 2950 2404 3020 μὲν
2422 2947 2725 3020 βλαστάνει,
2755 2946 2956 3017 ὑστέρα
2985 2944 3041 2997 δέ
3067 2941 3288 3013 ἐκφέρει
3316 2939 3403 2993 τὸν
3429 2937 3675 3008 καρπόν.

2107 3044 2171 3097 Ἦ
2196 3043 2252 3098 δὲ
2281 3042 2451 3114 πικρά
2476 3039 2760 3111 ἀμυγδαλῆ
2785 3037 3126 3107 τυγχάνουσα
3149 3034 3208 3087 τὸ
3231 3030 3366 3102 πρὸς
3387 3028 3484 3100 τὴν
3509 3027 3680 3098 ῥίζαν

2104 3138 2350 3209 στέλεχος
2380 3133 2747 3207 διατρηθεῖσσι,
2785 3132 2963 3201 σφῆνα
2989 3129 3046 3182 δέ
3077 3126 3288 3197 πεύκης
3316 3121 3542 3194 λιπαρὸν
3577 3121 3682 3191 τῆς

2100 3229 2426 3303 ἐντεριώνης
2477 3228 2645 3299 μέσης
2695 3223 2951 3278 ἐλαθέντα
2996 3220 3260 3291 δεξαμένη
3284 3257 3299 3281 ,
3332 3217 3455 3280 τοὺς
3484 3216 3683 3287 ἀηδεῖς

2103 3327 2307 3397 χυμοὺς
2364 3325 2442 3387 είς
2492 3320 2803 3393 γλυκύτητα
2848 3315 3171 3389 μεταϐάλλει
3228 3311 3502 3381 ἐδώδιμον.
3560 3308 3683 3378 Τὴν

2102 3418 2270 3487 αὐτὴν
2295 3416 2351 3469 δέ
2377 3413 2668 3486 θεραπείαν
2696 3412 2789 3465 καὶ
2820 3412 2852 3481 ἡ
2876 3406 3035 3478 ὀξύνη
3067 3404 3186 3477 ῥοιά
3227 3402 3511 3474 δεξαμένη,
3551 3399 3684 3472 στρέ-⁵

2103 3527 2263 3564 πεται
2305 3510 2385 3571 εἰς
2429 3505 2756 3574 γλυκύτητα.
2804 3503 2869 3556 Ἠ
2913 3502 2970 3555 δὲ
3007 3500 3194 3570 θήλεια
3238 3494 3410 3566 φοῖνιξ
3451 3491 3682 3562 καθίησι

2104 3599 2229 3662 τοὺς
2279 3597 2507 3660 κλάδους
2550 3594 2709 3647 οἱονεὶ
2758 3594 2854 3664 τῆς
2914 3588 3228 3661 συμπλοκῆς
3274 3585 3529 3654 ἐφιεμένη
3589 3582 3685 3634 τοῦ

2106 3688 2360 3761 ἄρρενος·
2399 3688 2494 3739 καὶ
2536 3687 2584 3738 οί
2614 3683 2880 3755 γεωργοὶ,
2917 3681 3044 3744 τοὺς
3089 3678 3265 3748 ψῆνας
3308 3671 3404 3728 τοῦ
3450 3672 3688 3743 ἇῤῥενος

2106 3785 2218 3843 τοῖς
2250 3780 2463 3842 κλάδοις
2494 3776 2850 3848 ἐμϐάλλοντες
2883 3772 3075 3842 αὐτῆς,
3110 3768 3245 3841 πρὸς
3269 3767 3330 3820 τὸ
3360 3766 3562 3819 οἰκεῖον
3589 3762 3690 3830 τῆς

2107 3875 2394 3946 ὀρθότητος
2418 3870 2602 3941 σχῆμα
2631 3864 2954 3922 καθιστῶσιν
2993 3864 3178 3932 αὐτήν.
3214 3858 3279 3911 Ἡ
3298 3856 3355 3911 δὲ
3384 3853 3689 3922 συκάμινος

2109 3964 2206 4034 ὀψὲ
2237 3964 2335 4034 μὲν
2372 3960 2678 4033 βλαστάνει,
2718 3958 2817 4011 οὐκ
2870 3956 3086 4024 ὑστερεῖ
3131 3951 3188 4004 δὲ
3218 3948 3328 4003 τῶν
3376 3943 3552 4000 ἄλλων
3604 3942 3687 4003 εἰς

2110 4029 2495 4129 καρπογονίαν.
2523 4052 2585 4104 Ἦ
2609 4049 2664 4103 δὲ
2685 4047 2860 4110 ἐλαία,
2884 4046 2975 4100 καὶ
3002 4046 3035 4114 ή
3068 4040 3288 4111 φιλύρα,
3310 4037 3401 4090 καὶ
3427 4036 3463 4103 ὴ
3488 4029 3687 4098 λεύκη,

2111 4123 2206 4203 καλ⁵
2231 4146 2426 4200 πτελέα
2453 4143 2740 4215 στρέφουσι
2775 4137 2912 4211 μετά
2942 4135 3147 4208 τροπάς
3176 4128 3391 4203 θερινάς
3412 4125 3481 4180 τὰ
3507 4123 3688 4193 φύλλα

2114 4243 2280 4296 ὕπτια
2300 4257 2313 4269 ·
2342 4239 2436 4293 καὶ
2468 4239 2524 4290 ἐν
2551 4234 2723 4304 τούτῳ
2750 4231 2947 4292 πάντες
2975 4222 3347 4296 γνωρίζουσιν,
3376 4219 3459 4271 ὅτι
3486 4216 3692 4287 τροπαὶ

2115 4334 2323 4406 θεριναὶ
2360 4331 2695 4400 γεγένηνται.
2733 4326 2845 4395 Τῆς
2881 4322 2940 4375 δὲ
2969 4319 3175 4390 ἡμέρου
3219 4312 3389 4382 συκῆς
3415 4309 3508 4363 τὸν
3553 4326 3693 4379 καρ-

2119 4401 2218 4482 πὸν
2266 4427 2562 4497 ἄρρευστον
2593 4421 2643 4472 οἱ
2679 4417 2903 4487 γηπόνοι
2945 4406 3086 4465 οὕτω
3134 4405 3523 4477 φυλάττουσιν·
3564 4401 3694 4461 τοὺς

2118 4491 2367 4580 ὀλύνθους
2399 4516 2496 4586 τῆς
2518 4512 2713 4584 ἀγρίας
2741 4509 2909 4579 συκῆς
2934 4503 3273 4562 ἐκδύσαντες,
3297 4497 3543 4551 ἄπτωτον
3574 4491 3696 4544 δια-

2124 4614 2300 4685 μένειν
2344 4582 2839 4682 παρασκευάζουσι.
2887 4598 2961 4653 Τὸ
3003 4594 3111 4667 γάρ
3151 4591 3296 4645 ἐνδον
3339 4586 3432 4640 τοῦ
3466 4582 3694 4637 ὀλύνθου

2121 4676 2364 4777 ύπάρχον
2414 4676 2555 4766 ζῶον
2607 4697 2926 4771 μικρότατον
2952 4688 3030 4760 τῷ
3080 4683 3314 4755 πυθμένι
3346 4678 3438 4733 τοῦ
3480 4676 3692 4747 ἡμέρου

2127 4799 2380 4872 προσίζον
2436 4793 2598 4847 σύκου
2651 4789 2748 4861 τὴν
2805 4782 3001 4850 ἔξωθεν
3062 4774 3234 4850 αὔραν
3291 4767 3695 4845 περιπνέουσαν

2125 4858 2411 4963 ἀπείργει,
2467 4885 2602 4957 πρὸς
2656 4858 2716 4934 τδ
2772 4879 2847 4951 μὴ
2897 4874 3037 4947 ἀηδῆ
3079 4869 3368 4942 γενόμενον
3416 4862 3479 4915 τὸ
3527 4858 3695 4912 σῦκον

2126 4950 2439 5041 ἀποπεσεῖν.
2506 4950 2721 5045 ’.Επειδὴ
2865 4966 3069 5029 ἀπαλός
3124 4966 3240 5017 ἐστι
3293 4957 3395 5027 τῆς
3447 4952 3625 5021 συκῆς
3668 4950 3696 5000 ὀ

2127 5081 2358 5153 καρπὸς,
2405 5074 2567 5144 πάχει
2601 5068 2812 5140 φύλλων
2850 5061 3205 5117 κεκάλυπται·
3240 5052 3341 5121 τῆς
3373 5049 3431 5103 δὲ
3462 5044 3695 5115 καρύας,

2943 5151 2952 5153 ~
3096 5149 3118 5153 —
3480 5130 3692 5153 πέδη

2130 5130 2625 5242 ἐϋπέιδῆδῐτυγίάνει
2648 5154 2875 5229 στερρά,
2914 5149 3123 5219 ἐλαφρᾷ
3174 5142 3384 5214 φύλλων
3420 5130 3696 5208 προσϐολῇ

2579 5247 2644 5317 δὴ
2671 5220 2828 5298 τούτο
2855 5240 2949 5294 καλ⁵
2980 5238 3040 5290 τὸ
3071 5233 3265 5304 φύλλον
3308 5228 3404 5296 τῆς
3451 5220 3696 5295 ἀμπέλου

2132 5310 2396 5417 ἔσχισται,
2425 5342 2513 5394 ἵνα
2542 5310 2643 5392 καὶ·
2666 5333 2764 5395 τὰς
2783 5333 2850 5384 ἐκ
2873 5327 2967 5380 τοῦ
3019 5325 3178 5395 ἀέρος
3233 5317 3457 5387 ἐκκλίνῃ
3498 5310 3698 5383 βλάϐας

2130 5444 2158 5497 ὁ
2198 5402 2418 5512 ὧτρπ·
2467 5432 2562 5486 καὶ
2608 5427 2705 5498 τὴν
2758 5421 2989 5495 ἡλιακὴν
3038 5417 3230 5469 ἀκτῖνα
3279 5408 3583 5478 εἰσδέχηται
3632 5402 3696 5467 τῇ

2133 5496 2432 5604 ἀραιότητι.
2456 5522 2639 5584 Οὕτως
2658 5496 2806 5572 οὐδὲν
2837 5511 3026 5586 ἀργὸν,
3049 5506 3183 5562 ἀλλὰ
3208 5503 3383 5559 πάντα
3410 5496 3703 5568 ἀπορρήτῳ
