3866 6162
253 251 360 307 71⁸7

1202 251 1471 308 SPURIA.
1505 283 1577 295 —
1607 250 1961 308 COMMENT.
2001 248 2069 305 ΙΝ
2109 246 2606 307 HEXAEMERON.

3387 258 3493 315 718

249 373 418 445 σοφίᾳ.
448 374 479 427 6
508 373 641 438 Θεὸς
690 373 1067 447 διεκόσμησεν.
1109 377 1205 431 Ἐν
1233 378 1340 449 γὰρ
1384 377 1558 449 ὕδωρ,
1609 373 1697 430 διὰ
1725 376 1814 446 τῆς

1923 380 1977 428 ει
2007 374 2063 426 in
2092 373 2226 442 ipsis
2253 372 2504 428 dulcibus
2527 372 2817 437 fructibus,
2867 374 3005 429 mira
3028 383 3111 430 est
3142 375 3494 447 pinguediuis

249 466 410 537 ῥίζης
440 466 736 539 φερόμενον
767 469 800 540 ἢ
829 470 1137 541 ἑλκόμενον,
1177 469 1349 533 ἄλλως
1396 470 1494 541 μὲν
1537 469 1726 541 τρέφει
1757 469 1818 524 τὸ

250 556 523 628 στέλεχος,
551 558 725 623 ἄλλως
763 561 863 630 τὴν
897 560 1237 632 ἐντεριώνην,
1282 561 1456 624 ἄλλως
1480 560 1570 614 τὸν
1617 560 1816 630 φλοιὸν,

246 646 426 711 ἄλλως
451 648 513 700 τὸ
547 647 720 713 ξύλον,
745 649 918 713 ἄλλως
942 649 1040 722 τὴν
1077 649 1229 721 ῥίζαν
1261 651 1428 722 αὐτήν
1448 669 1461 681 ·
1501 653 1595 705 καὶ
1624 654 1689 705 ὲκ
1720 652 1819 722 τῆς

249 740 422 810 αὐτῆς
441 734 642 804 νοτίδος
667 744 724 794 ὲν
756 742 853 812 μὲν
884 744 948 813 τῇ
980 743 1210 813 ἀμπέλῳ
1241 737 1382 807 οἶνος
1403 743 1734 808 συνίσταται,
1762 746 1820 798 ὲν

248 830 305 884 δὲ
338 834 404 902 τῇ
432 830 586 903 ἐλαίᾳ
613 832 807 897 ἔλαιον,
839 834 933 886 καὶ
956 834 1012 887 ἐν
1041 833 1184 904 ἄλλῳ
1223 833 1367 887 ἄλλο.
1413 834 1523 888 Καὶ
1551 836 1607 887 ὲν
1639 835 1821 897 αὐτοῖς

248 924 363 985 τοῖς
412 922 633 991 γλυκέσι
679 924 910 994 καρποῖς
951 924 1226 994 ἀμύθητος
1271 927 1303 995 ὴ
1355 924 1674 994 παραλλαγὴ
1722 925 1821 996 τῆς

250 1013 504 1083 πιότητος
521 1031 535 1043 ·
567 1011 694 1067 ἄλλο
718 1013 826 1085 γὰρ
849 1014 911 1067 τὸ
940 1016 997 1067 ἐν
1022 1016 1248 1086 ἀμπέλῳ
1270 1017 1459 1084 γλυκὺ,
1484 1016 1580 1070 καὶ
1610 1015 1733 1070 ἄλλο
1759 1017 1816 1072 ἐν

252 1104 451 1176 μηλέᾳ,
476 1104 570 1159 καὶ
599 1106 656 1158 ὲν
687 1109 825 1179 συκῇ
859 1109 951 1162 καὶ
979 1107 1057 1178 τῷ
1088 1108 1288 1178 φοίνικι
1311 1108 1515 1179 ἕτερον.
1541 1108 1652 1162 Καὶ
1677 1107 1817 1162 αὐτὰ

249 1194 311 1248 δὲ
341 1196 449 1250 τῶν
495 1197 722 1269 δένδρων
752 1199 979 1273 διάφορά
1011 1203 1126 1254 ἐστι
1165 1201 1233 1254 τὰ
1266 1201 1503 1272 δάκρυα·
1551 1199 1680 1254 ἄλλο
1706 1201 1814 1274 γὰρ

1921 467 2180 531 varietas,
2214 466 2359 521 aliud
2385 482 2624 537 namque
2673 466 2831 522 dulce
2860 475 2944 523 est
2974 468 3119 538 quod
3152 470 3205 523 in
3239 472 3351 524 vite
3390 486 3494 539 gu-

1924 568 2121 623 statur,
2150 559 2297 613 aliud
2319 559 2374 613 in
2393 574 2576 628 pomo,
2612 558 2758 612 aliud
2788 559 2844 613 in
2875 560 2998 623 licu,
3027 560 3174 615 aliud
3205 562 3259 614 in
3283 562 3490 631 palma.

1917 650 2048 706 Item
2090 652 2253 705 variae
2279 659 2407 707 sunt
2427 658 2480 705 et
2510 653 2767 706 arborum
2800 651 3072 722 lacrymaa,
3095 653 3297 707 etenim
3341 652 3491 707 aliud

1919 752 2003 800 est
2045 743 2260 798 lentisci
2316 743 2576 813 laciyma,
2636 742 2782 796 aliud
2840 741 3066 797 balsami
3125 758 3347 809 succus,
3394 743 3492 813 qui

1919 838 2160 893 omnium
2197 844 2592 905 unguentorum
2617 835 3099 905 prazstantissimus
3125 845 3230 904 est,
3259 836 3492 905 ejusque

1921 927 2066 999 apud
2106 927 2363 983 Hiericho
2421 926 2729 997 largissima
2793 925 2967 996 copia.
3019 926 3294 998 indigenis
3352 927 3488 982 illud

1922 1027 2084 1075 acuto
2108 1018 2280 1090 lapide
2307 1035 2374 1073 ex
2395 1018 2630 1073 surculis
2662 1018 2998 1083 secantibus,
3058 1032 3262 1073 succus
3294 1016 3482 1073 ellluit.

1922 1110 2170 1166 Tradunt
2202 1110 2422 1181 quidam
2453 1116 2507 1165 ct
2540 1111 2821 1164 succinum
2851 1110 3157 1179 plantarum
3192 1124 3315 1165 esse
3359 1123 3486 1164 suc-

1921 1219 2071 1269 cum,
2103 1208 2198 1274 qul
2232 1203 2287 1256 in
2318 1209 2569 1256 naturam
2601 1201 2797 1271 lapidis
2822 1208 3160 1256 concrescat.

248 1282 353 1355 τῆς
382 1285 558 1356 σχίνου
590 1289 652 1342 τὸ
682 1289 933 1361 δάκρυον,
976 1291 1071 1344 καὶ
1117 1289 1272 1355 ἄλλος
1321 1293 1350 1344 6
1394 1291 1490 1362 τῆς
1542 1291 1818 1363 βαλσάμου
1873 1292 2026 1357 ὀπὸς,
2061 1294 2196 1364 ὅπερ
2236 1291 2451 1367 πάντων
2496 1289 2603 1343 τῶν
2665 1290 2848 1362 μύρων
2895 1291 3129 1362 ὑπάρχει
3182 1292 3482 1359 κάλλιστον,

250 1383 348 1435 καὶ
379 1383 659 1449 πλεονάζει
708 1385 799 1438 ἐπὶ
826 1386 924 1456 τῆς
956 1384 1165 1456 Ἰεριχὼ
1195 1387 1499 1457 γενόμενον.
1549 1388 1864 1458 Τεμνόντων
1889 1388 1946 1441 δὲ
1984 1389 2115 1442 αὑτὸ
2144 1392 2208 1443 ὲκ
2246 1387 2352 1440 τῶν
2414 1385 2631 1456 θάμνων
2677 1384 2806 1456 λίθῳ
2839 1385 2950 1450 ὀξεῖ
2995 1386 3103 1441 τῶν
3152 1389 3482 1460 ἐπιχωρίων,

247 1476 382 1542 ὀπὸς
426 1478 734 1550 ἀναποδοίη.
775 1479 1065 1551 Ἰστοροῦσι
1097 1481 1151 1534 δέ
1193 1499 1336 1546 τινες
1365 1482 1457 1536 καὶ
1490 1483 1552 1536 16
1581 1482 1839 1555 ἤλεκτρον
1891 1484 2021 1539 ὀπὸν
2081 1480 2218 1537 εἶναι
2261 1481 2480 1553 φυτῶν,
2528 1482 2604 1545 εἰς
2656 1480 2814 1550 φύσιν
2880 1481 3026 1536 λίθου
3060 1484 3481 1556 μεταπηγνύμεα

246 1588 361 1626 νον.

321 1662 375 1719 4.
417 1663 494 1735 Τῇ
531 1663 588 1717 δὲ
616 1665 852 1739 τετάρτῃ
894 1665 1075 1738 ἡμέρᾳ
1112 1668 1141 1719 6
1170 1666 1301 1730 Θεὸς
1345 1667 1484 1734 τοὺς
1519 1666 1814 1738 μεγάλους

1993 1662 2045 1717 4.
2082 1659 2288 1727 Quarto
2310 1659 2396 1715 die
2419 1657 2561 1713 Deus
2588 1656 2691 1711 duo
2730 1657 3016 1711 luminaria
3048 1674 3241 1729 magna
3285 1667 3478 1721 creavit

245 1750 359 1806 δύο
386 1751 703 1821 φωστῆρας
730 1753 1222 1824 ἐδημιούργησεν,
1256 1754 1432 1822 ἥλιόν
1478 1771 1541 1808 τε
1578 1752 1677 1807 καὶ
1719 1770 1820 1807 σε·

245 1845 449 1913 λήνην
472 1843 541 1899 ἐν
566 1845 646 1911 τῷ
675 1845 1028 1915 στερεώματι
1054 1846 1158 1900 τοῦ
1182 1847 1459 1914 οὐρανοῦ,
1478 1850 1563 1913 εἰς
1594 1848 1819 1915 ψαῦσιν

247 1936 349 1992 ἐπὶ
380 1932 491 2008 τῆς
523 1933 656 2009 γῆς,
689 1939 794 1993 τοῦ
821 1932 1180 2010 διαχωρίζὲιν
1211 1939 1517 2008 ἀναμέσων
1544 1937 1652 2007 τῆς
1674 1939 1817 2009 ἠμέ-

240 2048 360 2099 ρας
389 2028 485 2085 καὶ
517 2026 823 2103 ἁναμέσον
860 2031 970 2101 τῆς
1004 2031 1239 2099 νυκτός.
1283 2030 1452 2085 Τοῦτο
1490 2029 1552 2085 τὸ
1597 2030 1818 2104 ἡλιακὸν

248 2124 389 2192 φῶς,
418 2123 599 2197 ὄχημα
650 2125 842 2195 ἐκείνῳ
898 2124 976 2195 τῷ
1018 2125 1158 2194 φωτὶ
1197 2124 1274 2196 τῷ
1320 2125 1645 2196 πρωτογόνῳ
1684 2142 1820 2197 παρ-

246 2215 594 2272 εσκεύασται.
638 2217 727 2280 Ὠς
749 2215 856 2288 γὰρ
886 2215 1012 2271 ἄλλο
1041 2212 1099 2268 t6
1120 2215 1250 2286 πῦρ,
1282 2213 1375 2270 καὶ
1401 2218 1430 2269 6
1448 2215 1636 2287 λύχνος
1658 2216 1812 2271 ἄλλο⁸

245 2307 312 2361 τὸ
342 2308 439 2379 μὲν
471 2307 580 2381 γὰρ
612 2310 709 2380 τὴν
731 2306 824 2362 τοῦ
850 2308 1103 2377 φωτίζειν
1139 2307 1363 2378 δύναμιν
1390 2307 1522 2379 ἔχει,
1549 2308 1610 2362 τὸ
1632 2307 1689 2362 δὲ
1717 2310 1817 2382 τὴν

247 2400 344 2454 τοῦ
376 2400 736 2471 παραφαίνειν
778 2403 889 2463 τοῖς
926 2396 1244 2470 χρῄζουσιν·
1277 2398 1370 2452 καὶ
1408 2397 1483 2463 ὡς
1531 2399 1717 2472 ἕτερόν
1763 2420 1815 2455 τι

245 2495 282 2563 ἡ
312 2491 590 2563 λευκότης,
623 2491 807 2562 ἕτερον
834 2490 894 2545 δὲ
927 2491 990 2544 τὸ
1024 2491 1444 2563 λελευκασμένον
1472 2490 1649 2563 σῶμα,
1677 2492 1817 2546 οὕτω

248 2584 347 2637 καὶ
367 2583 540 2638 ταῦτα
568 2583 798 2654 διάφορα
817 2583 947 2637 ὄντα
975 2585 1041 2654 τῇ
1068 2581 1224 2653 φύσει
1248 2585 1479 2653 ῆνωνται
1503 2587 1567 2657 τῇ
1593 2585 1816 2655 δυνάμει

245 2676 344 2730 τοῦ
367 2676 665 2739 κτίσαντος.
681 2674 791 2728 Καὶ
818 2673 1002 2747 μηδεὶς
1026 2675 1221 2750 νομίσῃ
1236 2670 1429 2730 ταυτδν
1450 2676 1662 2749 ἡμέραν
1677 2673 1815 2731 εἶναι

247 2771 344 2824 καὶ
368 2768 536 2840 ἣλιον.
563 2768 785 2840 Πρῶτον
810 2767 908 2838 μὲν
932 2767 1040 2840 γὰρ
1065 2770 1093 2822 6
1116 2768 1443 2841 δημιουργὸς
1471 2767 1673 2824 ἁπλοῦν
1701 2769 1816 2840 φῶς

246 2861 672 2926 κατεσκεύασεν,
701 2861 729 2913 ὃ
752 2862 815 2935 δὴ
849 2863 945 2917 καὶ¹
968 2858 1178 2933 ἡμέραν
1200 2861 1478 2927 ἐκάλεσεν,
1506 2861 1696 2915 ἔπειτα
1720 2860 1813 2915 τὸν

244 2949 399 3024 ἥλιον
432 2956 497 3007 ἐκ
522 2953 615 3007 τοῦ
642 2955 812 3026 πυρὸς
838 2952 932 3008 καὶ⁵
971 2954 1147 3023 φωτὸς
1178 2947 1549 3023 συγκείμενον.
1589 2954 1677 3017 Ὠς
1703 2953 1814 3025 γὰρ

1917 1752 2080 1807 solem
2124 1760 2170 1804 et
2198 1751 2377 1804 tunam
2406 1750 2459 1803 in
2495 1750 2825 1818 ﬁrmamento
2858 1749 2992 1814 caeli,
3034 1761 3091 1804 ut
3136 1753 3362 1810 lacerent
3392 1776 3485 1812 su-

1915 1861 2008 1914 per
2040 1853 2237 1897 terram
2288 1839 2356 1895 ad
2402 1835 2735 1894 dividendum
2773 1840 2909 1894 diem
2948 1850 2997 1893 et
3032 1849 3232 1897 noctem
3257 1845 3320 1899 ⁵³.
3367 1845 3485 1904 Hoc

1917 1936 2050 1992 solis
2074 1936 2259 1991 lumen
2293 1932 2542 2004 utprimo
2572 1928 2650 1986 illi
2701 1944 2828 1987 nato
2855 1933 3045 2015 lumini
3072 1937 3229 2005 quasi
3266 1938 3484 1994 vehicu-

1916 2031 2028 2085 lum
2054 2028 2373 2089 deserviret,
2401 2025 2709 2081 ordinatum
2749 2032 2852 2082 est.
2881 2024 3091 2080 Etenim
3133 2030 3303 2085 veluti
3333 2032 3484 2088 aliud

1915 2128 1999 2177 est
2031 2120 2194 2190 ignis,
2218 2123 2273 2171 et
2315 2119 2533 2172 lucerna
2558 2115 2725 2181 aliud,
2750 2115 2839 2172 hic
2857 2117 3002 2170 enim
3033 2119 3141 2172 vim
3160 2119 3321 2175 habet
3354 2122 3482 2178 illu-

1916 2210 2182 2273 minandi,
2215 2209 2306 2262 illa
2325 2207 2608 2277 egentibus
2630 2206 2811 2261 lumen
2835 2206 3155 2277 praeferendi
3178 2226 3192 2275 ;
3217 2218 3270 2264 et
3295 2226 3485 2280 quem-

1916 2301 2204 2359 admodum
2233 2299 2381 2355 aliud
2410 2307 2494 2353 cst
2526 2298 2731 2353 candor
2789 2309 2845 2353 et
2877 2298 3024 2354 aliud
3059 2315 3261 2371 corpus
3303 2303 3484 2358 candi-

1915 2400 2064 2462 dum,
2085 2399 2165 2454 sic
2193 2405 2246 2453 et
2273 2397 2408 2461 inec,
2435 2396 2682 2467 quamvis
2710 2394 2939 2449 diversae
2968 2404 3175 2450 naturae
3207 2388 3482 2454 Creatoris

1914 2492 2146 2547 facultas
2162 2492 2217 2544 in
2235 2506 2403 2545 unum
2424 2488 2672 2560 copulata
2695 2487 2996 2556 conjunxit.
3022 2485 3230 2542 Etcave
3241 2504 3309 2542 ne
3327 2499 3482 2559 putes

1915 2584 2060 2641 idem
2085 2599 2208 2640 esse
2253 2582 2395 2638 diem
2452 2589 2507 2637 et
2556 2581 2746 2635 solem.
2805 2577 3051 2633 Primum
3110 2580 3255 2633 enim
3290 2579 3484 2650 Opifex

1915 2677 2146 2748 simplex
2201 2676 2384 2731 lumen
2439 2672 2703 2736 condidit,
2757 2670 2902 2741 quod
2956 2678 3010 2725 ct
3059 2666 3201 2726 diem
3246 2672 3480 2738 vocavit,

1914 2769 2173 2839 deinceps
2220 2767 2392 2822 solem
2452 2781 2517 2821 ex
2574 2764 2777 2819 lumine
2817 2763 2995 2833 ignem
3032 2776 3153 2831 quae
3206 2762 3483 2819 conﬂavit.

1914 2857 2381 2927 Quemadmodum
2412 2858 2558 2913 enim
2578 2864 2780 2911 terrain
2821 2855 2992 2924 ipsam
3027 2855 3084 2909 in
3142 2869 3244 2910 suo
3276 2857 3485 2926 gremio

1913 2950 2092 3023 ignem
2122 2948 2325 3005 factum
2359 2948 2629 3003 foventem
2675 2948 2972 3012 cernimus,
3010 2947 3084 3000 ita
3109 2955 3163 3002 et
3192 2948 3360 3003 solem
3397 2949 3482 3003 lu-

244 3045 345 3117 τὴν
380 3045 484 3115 γῆν
524 3044 736 3117 ὁρῶμεν
762 3044 872 3117 πῦρ
920 3048 978 3099 ὲν
1005 3047 1118 3109 τοῖς
1164 3044 1405 3115 στέρνοις
1450 3046 1633 3108 αὐτοῖς
1660 3044 1812 3116 δεδη-

1916 3059 2042 3098 men
2076 3049 2401 3114 gestantem.
2428 3039 2563 3094 Cum
2593 3040 2738 3094 enim
2799 3033 2982 3093 lumen
3034 3046 3088 3092 et
3143 3039 3283 3111 ignis
3320 3041 3485 3096 simul

248 3155 482 3210 μιουργη
490 3138 647 3208 μένον
662 3137 910 3208 ἔχουσαν,
926 3132 1066 3191 οὕτω
1082 3134 1175 3192 καὶ
1196 3134 1285 3192 τὸν
1302 3137 1450 3209 ἥλιον
1465 3137 1580 3207 φῶς
1600 3137 1810 3209 ἔχοντα’

247 3232 366 3301 φῶς
396 3231 503 3304 γὰρ
542 3229 792 3286 συνελθὸν
824 3228 962 3300 μετὰ
991 3230 1160 3300 πυρὸς
1187 3229 1279 3284 τὸν
1308 3229 1601 3299 φανότατον
1624 3230 1812 3301 ἐποίη-

248 3339 341 3375 σεν
367 3321 537 3393 ἥλιον.
576 3320 713 3374 Ἀλλ’
743 3319 871 3384 ἴσως
902 3317 1118 3391 ἀντερεῖ
1156 3334 1268 3383 τιςο
1310 3319 1421 3373 Καὶ
1464 3319 1626 3372 πόθεν
1658 3318 1814 3373 τοῦτο

244 3408 423 3485 δῆλον,
469 3414 531 3466 οὐ
577 3412 910 3483 βλεπομένης
956 3412 1056 3481 τῆς
1087 3412 1433 3484 διαιρέσεως;
1477 3413 1576 3484 οὐχ
1619 3414 1814 3485 ὁρᾶται

245 3506 356 3578 γὰρ
387 3506 532 3570 ἰδίως
568 3506 662 3577 μὲν
692 3506 754 3559 τὸ
799 3503 931 3574 φῶς,
971 3503 1114 3568 ἰδίως
1141 3505 1198 3558 δὲ
1240 3506 1303 3559 τὸ
1356 3505 1485 3577 πῦρ.
1531 3504 1691 3559 Ἀλλὰ
1730 3523 1815 3574 γι·-

246 3597 506 3651 νωσκέτω
527 3599 555 3650 6
584 3596 844 3661 τοιοῦτος,
878 3592 1020 3650 πόσα
1051 3590 1117 3650 τὸ
1143 3596 1255 3669 πῦρ
1288 3599 1346 3650 ὲν
1369 3596 1545 3668 ἑαυτῷ
1577 3597 1815 3669 προσάλ-

245 3687 419 3754 λεται,
451 3686 647 3759 αὐγὴν,
687 3685 1022 3758 θερμότητα,
1066 3685 1359 3756 ξανθότητα
1380 3729 1394 3753 ,
1426 3686 1582 3741 ἅτινα
1610 3686 1811 3742 πανσόο

247 3794 363 3845 φως
387 3778 416 3829 6
440 3776 685 3848 τεχνίτης
715 3775 1044 3847 διαμερίζων
1061 3817 1075 3841 ,
1113 3776 1443 3847 ὑπεμφαίνει
1485 3776 1690 3831 τούτων
1715 3776 1813 3848 τὴν

249 3869 515 3923 σύνθεσιν.
545 3870 672 3922 Ὅτε
698 3868 806 3940 γὰρ
832 3868 973 3922 θέλει
995 3868 1258 3941 θερμᾶναι
1279 3870 1340 3922 τὸ
1362 3869 1518 3936 ζῶον,
1548 3864 1813 3941 λαμϐάνει

244 3958 342 4014 τοῦ
374 3956 543 4032 πυρὸς
564 3960 623 4013 τὸ
650 3960 868 4032 θερμὸν,
903 3961 998 4014 καὶ
1027 3959 1088 4013 τὸ
1112 3960 1209 4031 μὲν
1235 3960 1434 4032 θερμὸν
1463 3961 1573 4032 ἔχει
1598 3956 1811 4025 τούτου,

243 4051 307 4105 τὲ
347 4048 407 4105 δὲ
452 4051 566 4121 φῶς
604 4051 703 4106 οὐκ
745 4051 877 4122 ἔχει.
917 4051 1055 4105 Ἀλλ’
1088 4053 1349 4124 ἐμερίσθη
1382 4054 1440 4106 ὲν
1485 4053 1564 4124 τῷ
1611 4048 1734 4124 ςώῳ

247 4140 426 4215 θέρμη
469 4142 576 4197 ἀπὸ
604 4141 697 4197 τοῦ
739 4144 994 4213 φέγγους,
1028 4142 1187 4196 πάλιν
1214 4142 1478 4215 λαμϐάνει
1508 4140 1569 4197 τὸ
1602 4140 1810 4210 ξανθόν.

245 4233 360 4290 Καὶ
397 4235 610 4308 ὁρῶμέν
645 4253 727 4289 τοι
750 4234 812 4288 τὸ
850 4234 1058 4299 ξανθὸν,
1092 4226 1275 4289 οὐκέτι
1303 4235 1361 4289 δὲ
1392 4235 1453 4288 τὸ
1498 4233 1697 4309 θερμὸν
1722 4232 1815 4291 καὶ

247 4331 458 4400 φαῖνον.
488 4329 596 4380 Καὶ
624 4327 786 4381 πάλιν
817 4325 1139 4398 ἀπομερίζει
1189 4327 1288 4396 τὴν
1317 4326 1524 4400 θέρμην
1547 4369 1561 4393 ,
1607 4330 1700 4382 καὶ
1733 4324 1813 4382 δί-

1915 3135 1973 3189 in
2033 3148 2201 3188 imum
2235 3131 2659 3193 convenissent,
2714 3124 3194 3198 splendidissimus
3244 3129 3327 3184 sol
3355 3145 3484 3200 pro-

1915 3227 2115 3282 ductus
2148 3232 2253 3281 est.
2286 3221 2391 3278 Sed
2412 3221 2646 3277 fortasse
2676 3218 2874 3290 aliquis
2897 3220 3234 3276 contradicet
3261 3240 3274 3274 :
3307 3220 3487 3276 Unde-

1913 3333 2042 3373 nam
2069 3317 2174 3374 hoc
2205 3315 2555 3371 manifestum
2594 3321 2699 3379 est,
2731 3327 2857 3366 cum
2882 3313 3031 3371 nulla
3083 3312 3334 3367 videatur
3392 3312 3477 3366 di-

1913 3413 2095 3479 visio;
2171 3425 2349 3481 neque
2430 3409 2573 3463 enim
2630 3406 2814 3462 lumen
2872 3406 2942 3461 ab
3014 3406 3139 3475 igne
3188 3405 3483 3475 separatim

1918 3505 2281 3577 perscriptum
2334 3515 2512 3570 neque
2567 3501 2745 3569 ignem
2805 3512 2836 3551 a
2895 3497 3102 3552 lumine
3172 3498 3481 3568 sejunctum

1914 3598 2301 3667 conspicimus.
2378 3590 2582 3647 Verum
2632 3592 2679 3645 is
2744 3590 2882 3645 sciat
2942 3583 3187 3660 quaenam
3232 3591 3374 3661 ignis
3424 3592 3483 3645 in

1914 3693 2209 3762 semetipso
2269 3689 2584 3753 contineat,
2634 3685 2976 3755 splendidum
3052 3687 3300 3754 scilicet,
3351 3686 3485 3742 cali-

1913 3785 2063 3851 dum,
2094 3783 2316 3847 llavum,
2337 3795 2458 3851 quae
2487 3778 2889 3850 sapientissime
2906 3776 3100 3833 artifex
3125 3779 3481 3845 secernendo,

1911 3890 2100 3932 eorum
2135 3871 2585 3943 compositionem
2636 3867 2971 3925 manifestat.
3001 3868 3139 3925 Cum
3188 3872 3333 3927 enim
3366 3874 3488 3928 ani-

1912 3968 2042 4022 mali
2068 3966 2307 4021 calorem
2339 3963 2526 4018 indere
2555 3961 2727 4030 cupit,
2758 3961 2900 4031 ignis
2927 3961 3164 4017 calorem
3203 3964 3389 4027 sumit,
3430 3970 3487 4019 et

1913 4060 2151 4115 calorem
2189 4057 2356 4121 illius,
2399 4071 2510 4109 non
2555 4063 2736 4109 tamen
2772 4055 2954 4108 lumen
2997 4055 3261 4124 possidet.
3297 4054 3402 4110 Sed
3427 4055 3485 4110 in

1914 4151 2136 4205 animali
2186 4149 2336 4203 calor
2371 4145 2633 4201 alumine
2660 4145 3001 4216 sejungitur,
3060 4160 3254 4201 rursus
3278 4146 3485 4200 ﬂavum

1915 4245 2165 4315 suscipit,
2200 4251 2256 4298 et
2300 4242 2497 4297 ﬂavum
2554 4240 2810 4311 quidem,
2851 4256 2960 4294 non
3021 4248 3201 4295 autem
3245 4240 3483 4294 calidum

1915 4336 2367 4409 splendidumque
2406 4334 2675 4389 videmus.
2716 4332 2918 4387 lterum
2955 4332 3139 4386 calore
3178 4340 3481 4401 segregata,

243 4421 378 4474 δωσι
408 4419 576 4492 μόνην
608 4420 709 4491 τὴν
747 4420 939 4490 αὐγὴν,
972 4415 1080 4472 οἷον
1107 4419 1181 4482 ὡς
1226 4419 1370 4475 ἐστιν
1413 4419 1539 4474 [δεῖν
1583 4416 1676 4473 ἐπὶ
1712 4422 1809 4492 τῆς

1915 4429 2257 4501 splendorem
2291 4437 2501 4483 tantum
2531 4426 2775 4487 exhibet,
2831 4432 2891 4478 ut
2929 4424 3116 4479 videre
3171 4432 3255 4479 est
3298 4426 3353 4478 in
3382 4423 3485 4479 lul-

242 4510 565 4582 ἀστραπῆς,
615 4511 694 4564 ὅτι
745 4509 1098 4578 ὲκλὰμπουσα
1144 4510 1300 4580 μόνον
1330 4509 1578 4580 φωτίζει,
1608 4511 1669 4564 οὐ
1705 4509 1809 4581 μὴν

238 4602 304 4656 δὲ
330 4602 424 4656 καὶ
452 4601 752 4675 θερμαίνει.
783 4603 857 4656 Τὸ
882 4603 926 4656 δ’
952 4601 1082 4657 αὐτὸ
1103 4599 1447 4673 παράδειγμα
1475 4604 1569 4656 καὶ
1593 4603 1686 4656 ἐπὶ
1710 4603 1812 4673 τῆς

245 4694 476 4768 σελήνης
523 4695 845 4768 καθέστηκε.
892 4696 1003 4749 Kal
1044 4695 1154 4767 γὰρ
1198 4688 1335 4766 αὓτη
1373 4692 1477 4748 ὑπὸ
1523 4693 1615 4748 τοῦ
1658 4695 1809 4767 ἡλίου

246 4785 588 4859 φαηιςομένη
636 4788 984 4860 φανερωτέρα
1032 4785 1276 4856 γίνεται,
1326 4785 1511 4858 ὥσπερ
1561 4787 1663 4839 ὑπὸ
1710 4787 1812 4857 τῆς

241 4879 460 4953 ἡμέρας
490 4883 518 4934 ὁ
561 4878 730 4950 ἥλιος.
767 4877 839 4934 T6
869 4878 978 4952 γὰρ
1018 4877 1116 4951 τῆς
1168 4879 1393 4951 σελήνης
1424 4875 1563 4943 εἶδος
1610 4879 1811 4950 ἀνθρα-

243 4975 453 5036 κοειδὲς
482 4974 759 5045 τυγχάνει,
790 4975 864 5037 ὡς
889 4972 1033 5027 ἔστιν
1079 4971 1206 5025 ἰδεῖν
1238 4973 1331 5026 ἐπὶ
1358 4972 1455 5043 τῆς
1485 4971 1776 5042 ἐκλείψεως
1794 4989 1808 5004 ·

244 5069 470 5139 ἀπάρας
514 5066 621 5139 γὰρ
673 5068 765 5119 ἀπ’
809 5067 978 5136 αὐτῆς
1018 5065 1077 5121 τὸ
1123 5068 1318 5121 οἰκεῖον
1361 5063 1560 5134 φέγγος
1588 5066 1616 5117 6
1664 5064 1811 5135 ἥλιος

245 5158 505 5229 ἀμαυρὰν
534 5158 700 5229 αὐτὴν
746 5157 1063 5227 καθίστησι·
1094 5155 1341 5226 φωτίζων
1363 5156 1420 5209 δὲ
1447 5155 1612 5228 αὐτὴν
1632 5194 1648 5220 ,
1680 5155 1815 5226 πλη-

249 5252 420 5321 σιφαῆ
482 5249 869 5322 ἀπεργάζεται.
945 5249 1259 5319 Ἐνδυομένη
1314 5247 1421 5318 γάρ
1456 5264 1572 5310 πως
1641 5246 1701 5298 τὸ
1751 5248 1814 5316 ή-

245 5340 434 5397 λιακδν
487 5338 603 5412 φῶς
647 5341 972 5414 φαιδροτέρα
1022 5338 1370 5394 καθίσταται·
1411 5336 1502 5390 τὸν
1550 5336 1711 5391 αὑτὸν
1749 5337 1813 5407 δὴ

240 5434 445 5503 τρόπον
469 5433 563 5486 καὶ
592 5436 620 5487 6
649 5434 800 5504 ἥλιος
822 5474 836 5498 ,
876 5434 977 5504 τῆς
1005 5434 1215 5504 ἡμέρας
1243 5432 1305 5484 τὸ
1331 5430 1446 5501 φῶς
1478 5430 1810 5501 ἐνδυόμενος,

242 5524 620 5597 λαμπρότερος
668 5526 954 5596 τυγχάνει,
1001 5525 1101 5596 τῆς
1153 5525 1363 5596 ἡμέρας
1415 5524 1629 5594 ἐκείνης
1677 5521 1811 5595 μήτε

320 5703 359 5734 ³³
395 5700 525 5760 Gen.
564 5719 601 5767 ι,
639 5703 719 5760 l6.

1915 4522 2084 4584 mine,
2112 4518 2255 4590 quod
2280 4518 2369 4574 ubi
2384 4516 2732 4573 scintillando
2752 4512 3016 4584 eruperit,
3044 4520 3256 4567 tantum
3275 4512 3479 4577 lumen,

1912 4628 2024 4668 non
2052 4620 2230 4668 autem
2257 4611 2494 4666 calorem
2548 4608 2841 4679 progignit.
2892 4604 3091 4660 Eodem
3147 4605 3396 4675 exemplo
3422 4614 3478 4661 et

1912 4707 1969 4760 in
2008 4706 2137 4760 luna
2179 4703 2588 4759 demonstratur
2618 4700 2673 4754 id
2730 4699 2876 4770 quod
2929 4696 3165 4752 dicimus
3210 4697 3482 4767 ejusmodi

1914 4812 2055 4852 esse.
2087 4794 2213 4851 Haec
2247 4795 2447 4865 quippe
2490 4792 2623 4849 solis
2673 4792 2879 4847 lumine
2932 4791 3249 4847 collustrata
3284 4793 3480 4849 clarior

1914 4888 2019 4956 ﬁt,
2052 4886 2505 4959 quemadmodum
2554 4892 2609 4940 et
2662 4883 2866 4939 lumine
2923 4882 3030 4938 diei
3080 4883 3181 4938 sol.
3212 4883 3500 4952 Aspecms

1914 4983 2061 5036 enim
2083 4980 2225 5045 luna:
2263 4977 2459 5034 similis
2501 4984 2587 5030 est
2631 4976 2854 5031 carboni
2879 5015 2894 5038 ,
2921 4983 2981 5028 ut
3022 4974 3076 5028 in
3112 4973 3233 5043 ejus
3263 4973 3499 5035 defectu

1914 5070 2098 5126 videre
2118 5078 2202 5125 est
2236 5083 2250 5119 :
2283 5083 2407 5121 nam
2440 5068 2520 5121 sol
2540 5066 2634 5120 ubi
2664 5066 2731 5119 ab
2757 5081 2819 5121 ea
2840 5052 3117 5136 proprium
3151 5065 3332 5120 lumen
3380 5071 3502 5125 sub.

1915 5161 2167 5224 traxerit,
2215 5175 2335 5215 eam
2384 5158 2685 5226 obscurat;
2739 5158 2831 5212 ubi
2870 5158 3159 5213 illustrarit
3183 5166 3355 5213 totum
3404 5178 3498 5215 or-

1914 5250 2358 5320 bemimplendo,
2421 5248 2692 5303 accendit.
2758 5248 2992 5303 lnduens
3048 5264 3285 5319 namque
3332 5251 3501 5322 ἠω-

1914 5342 2205 5400 dammodo
2234 5341 2369 5396 solis
2403 5339 2608 5397 lumen.
2634 5337 2974 5410 splendidior
3002 5339 3062 5394 ﬁt
3090 5358 3105 5407 ;
3132 5356 3241 5396 non
3262 5342 3370 5396 alia
3403 5358 3497 5398 τεισ-

1916 5440 2084 5500 tione,
2115 5443 2170 5489 ει
2199 5435 2278 5487 sol
2314 5433 2496 5486 lumen
2559 5432 2668 5486 diei
2717 5434 3112 5504 circumseptus
3145 5436 3350 5490 clarior
3412 5446 3499 5493 est

1916 5538 1970 5586 et
2001 5526 2289 5592 illustrior,
2313 5524 2401 5579 die
2451 5522 2546 5579 illa
2578 5540 2755 5595 neque
2803 5536 3015 5594 urente,
3069 5542 3247 5600 neque
3276 5528 3498 5601 eaMa-
