3850 6160
392 267 497 323 719

1258 263 1316 318 S.
1357 256 1801 318 EUSTATHIUS
1840 254 2328 313 ANTIOCBENUS
2365 257 2761 316 EPISCOPUS.

3536 263 3654 318 720

388 390 584 454 ciente,
615 388 710 444 sed
739 397 951 444 tantum
1002 387 1364 442 illuminante.
1425 384 1609 440 Solem
1666 392 1847 438 autem
1895 398 1963 437 ex

2085 378 2247 451 ιΰσης.
2287 382 2422 452 μήτε
2461 382 2623 437 πάλιν
2650 381 3065 457 θερμαινούσης,
3101 384 3236 440 ἀλλά
3265 388 3425 458 μόνον
3467 401 3653 456 φωτι-

387 485 513 555 igne
532 482 815 548 constitui,
846 480 980 535 illud
1037 489 1357 553 argumento
1408 486 1493 535 est
1526 477 1673 549 quod
1705 476 1962 532 incendat

388 583 444 632 et
469 583 697 631 torreat.

457 668 542 723 Ad
568 668 904 724 dividendum
949 666 1087 722 diem
1151 675 1201 720 et
1254 673 1477 728 noctem,
1540 664 1701 735 quasi
1734 662 1959 729 diceret,

389 761 560 819 solem
586 759 693 817 diei
734 759 1007 826 terminis,
1050 759 1236 812 lunam
1289 756 1468 812 noctis
1496 757 1748 821 inclusit;
1787 768 1964 825 neque

390 851 540 907 aliud
563 860 647 908 est
668 867 778 906 nox
806 865 968 920 quam
1001 858 1162 905 terra
1196 848 1410 911 umbra,
1453 847 1585 902 solis
1610 846 1795 902 radios
1816 853 1964 901 terra

389 946 719 1017 interpositu
753 960 854 1009 suo
897 942 1199 1001 auferente.
1256 940 1327 997 Ut
1350 940 1496 997 enim
1526 942 1581 996 in
1609 940 1716 1005 die,
1752 940 1798 996 si
1839 939 1965 1009 quis

390 1038 573 1093 lumen
603 1036 953 1101 intercludat,
986 1036 1181 1091 umbra
1201 1033 1498 1090 effunditur
1521 1035 1815 1104 lumenque
1838 1048 1966 1088 eva-

388 1129 580 1197 nescit,
611 1127 693 1182 sic
716 1136 770 1182 et
791 1142 899 1181 nox
928 1142 1056 1182 aere
1085 1127 1235 1181 circa
1265 1133 1470 1181 terram
1492 1124 1737 1181 tenebris
1793 1125 1961 1179 obvoo

390 1223 526 1284 luto,
560 1218 939 1285 constituitur,
995 1226 1049 1274 et
1082 1218 1164 1274 sol
1217 1216 1364 1289 quod
1388 1232 1419 1272 a
1467 1217 1647 1288 primo
1679 1231 1792 1273 sua
1811 1231 1967 1271 crea-

290 1308 291 1311 “
389 1314 559 1370 tionis
577 1313 804 1369 exordio
828 1312 1014 1368 lumen
1043 1327 1075 1366 a
1124 1310 1386 1367 Creatore
1411 1309 1645 1381 accepit,
1682 1310 1737 1363 in
1765 1316 1968 1365 semet-

388 1408 508 1479 ipso
539 1406 803 1461 continuo
833 1411 1127 1460 conservat
1151 1402 1419 1467 abditum,
1454 1401 1601 1472 quod
1631 1402 1773 1456 luna
1795 1400 1966 1456 dene-

390 1506 574 1571 gatum
604 1507 860 1571 esthqua
884 1496 1017 1553 illud
1036 1511 1179 1567 sape
1200 1491 1500 1552 crescendo
1520 1501 1575 1549 et
1598 1491 1967 1549 decrescendo

391 1594 610 1649 amittit.

465 1683 534 1740 Et
565 1685 673 1740 sint
702 1685 757 1739 in
794 1684 948 1755 signa
995 1690 1045 1737 et
1076 1682 1133 1736 in
1179 1690 1433 1751 tempora,
1487 1690 1535 1736 et
1566 1681 1619 1735 in
1665 1679 1801 1743 dies,
1834 1685 1883 1733 et
1912 1678 1967 1732 in

392 1795 558 1835 annos
590 1779 658 1834 η.
685 1775 970 1847 Temporis
1017 1775 1097 1830 sol
1128 1781 1183 1829 et
1219 1775 1346 1828 luna
1372 1774 1528 1844 origo
1554 1779 1704 1835 sunt.
1756 1770 1969 1826 Etenim

392 1873 524 1928 dum
577 1886 778 1926 cursus
820 1869 1073 1923 ordinate
1128 1866 1397 1930 feruntur,
1438 1873 1618 1921 certos
1664 1872 1970 1934 temporum

391 1962 574 2018 exitus
625 1958 885 2022 efﬁciunt,
920 1965 1258 2027 vocaturque
1299 1965 1517 2027 tempus
1544 1954 1764 2025 quando
1800 1952 1970 2008 veluti

392 2055 629 2128 quodam
682 2053 741 2108 in
790 2052 1000 2107 circulo
1058 2050 1284 2105 alternis
1351 2050 1598 2119 beneque
1655 2045 1971 2102 constitutis

393 2147 844 2204 successionibus
874 2144 1109 2199 volvitur
1160 2143 1397 2215 primum
1452 2141 1522 2198 ad
1569 2139 1892 2205 secundum,
1916 2143 1971 2194 et

393 2240 616 2295 tertium
639 2238 705 2293 ad
728 2236 781 2293 id
809 2237 953 2307 quod
980 2233 1251 2305 sequitur.

462 2330 622 2395 lllud,
652 2331 760 2386 sint
790 2329 841 2383 in
868 2328 1020 2398 signa
1043 2368 1058 2394 ,
1084 2325 1343 2397 quoniam
1370 2323 1648 2379 ineuntem
1678 2328 1972 2392 tempesta-

394 2432 504 2479 tem
532 2437 749 2493 semper
781 2419 1128 2491 signiﬁcant;
1172 2417 1348 2488 caligo
1396 2429 1632 2486 namque
1655 2413 1769 2469 aeri
1796 2412 1972 2468 offusa

394 2515 527 2571 solis
557 2513 738 2569 radios
754 2509 1193 2569 circumcludens
1221 2509 1404 2564 minus
1434 2506 1657 2562 luminis
1687 2504 1968 2577 relinquit,

392 2607 559 2665 veluti
594 2608 689 2678 qui
718 2604 1053 2661 carbonibus
1105 2603 1305 2659 similis
1356 2616 1553 2657 cruore
1591 2599 1849 2673 perfusus
1878 2614 1972 2653 ru-

394 2698 593 2763 bescit,
631 2711 757 2752 cum
797 2710 978 2751 aerem
1035 2692 1332 2762 vaporibus
1364 2700 1525 2747 terra
1574 2691 1971 2746 condensatum

393 2789 669 2845 discutere
720 2787 1131 2856 dissolvereque
1178 2792 1431 2855 nequeat.
1485 2783 1613 2839 inde
1671 2776 1971 2854 tempestas

400 2881 711 2939 ostenditur
740 2879 958 2945 futura;
987 2884 1043 2933 et
1095 2892 1221 2932 cum
1254 2892 1393 2947 quas
1423 2876 1613 2932 dicunt
1640 2892 1793 2930 areas
1820 2876 1972 2941 (sunt

312 3022 319 3030 .
394 2988 526 3031 vero
579 2974 1121 3043 circumscriptiones
1153 2970 1401 3041 quadam
1458 2967 1692 3024 rotundo
1739 2967 1967 3033 ambitu,

396 3069 542 3124 areis
575 3068 805 3129 similes,
837 3073 892 3122 et
918 3081 985 3122 ex
1011 3065 1118 3120 hoc
1146 3079 1343 3120 nomen
1376 3061 1585 3133 adepta
1618 3060 1766 3130 sunt)
1799 3059 1968 3115 solem

396 3161 688 3223 cinxerint,
723 3168 917 3214 ventos
944 3157 1103 3213 nobis
1124 3158 1360 3212 innuunt
1389 3172 1563 3212 savos
1594 3170 1659 3209 ac
1681 3153 1973 3209 vehemen-

395 3262 514 3323 tes;
546 3267 648 3308 nec
680 3267 792 3307 non
818 3258 872 3306 et
896 3250 1125 3306 antbelii
1155 3249 1354 3316 vocati,
1413 3249 1460 3304 si
1504 3262 1671 3303 cursu
1701 3247 1834 3303 solis
1863 3259 1974 3300 una

397 3347 664 3408 ferantur,
689 3359 869 3399 aerem
887 3343 1048 3399 nobis
1096 3342 1339 3398 futurum
1397 3340 1703 3396 maleficum
1725 3354 1974 3411 pronun-

396 3438 572 3505 tiant;
603 3444 658 3492 et
706 3451 902 3491 rursus
932 3434 977 3489 si
1003 3434 1170 3505 virga
1198 3434 1383 3490 colore
1439 3432 1602 3488 Iridis
1635 3431 1783 3487 circa
1812 3446 1975 3487 auro-

397 3546 515 3586 ram
550 3530 704 3597 inter.
725 3529 900 3584 nubes
929 3527 1241 3598 conspicuae
1277 3533 1596 3591 cernantur,
1633 3524 1719 3580 vel
1749 3523 1971 3589 imbres,

398 3623 481 3679 vel
510 3620 983 3694 tempestates,vel
1017 3628 1075 3675 ut
1102 3621 1397 3691 plurimum
1420 3619 1562 3676 aeris
1614 3609 1974 3673 mutationem

398 3716 758 3786 prasignant.

469 3804 623 3859 Luna
657 3805 704 3860 si
737 3805 900 3860 tertio
944 3802 1032 3859 die
1069 3804 1253 3860 tenuis
1306 3804 1567 3860 cornibus
1596 3817 1843 3874 puroque
1884 3802 1974 3857 ni-

400 3906 521 3953 tore
561 3898 797 3963 fulserit,
861 3899 1114 3954 stabilem
1172 3915 1238 3953 ac
1280 3900 1491 3953 ﬁrmam
1526 3897 1977 3969 tranquillitatem

404 3988 708 4059 promittit;
749 3987 835 4043 sin
874 4002 1003 4042 vero
1051 4003 1258 4041 cornua
1310 3987 1587 4042 crassiora
1642 3982 1978 4053 subrufaque

401 4083 524 4137 visa
560 4079 782 4155 fuerint,
817 4095 1084 4150 aquarum
1118 4079 1463 4149 repentinum
1494 4079 1751 4149 impetum
1799 4077 1980 4133 borri-

404 4174 642 4243 damque
704 4178 1083 4242 tempestatem
1139 4169 1435 4241 portendit.
1488 4170 1736 4242 Suntque
1781 4171 1981 4226 instru-

405 4272 589 4321 menta
642 4271 950 4333 temporum
1001 4264 1084 4320 sol
1134 4270 1189 4318 et
1232 4264 1401 4329 luna;
1454 4271 1692 4334 tempus,
1742 4262 1977 4327 dierum,

404 4357 700 4421 mensium,
751 4370 1054 4423 annorum;
1100 4355 1304 4419 sidera,
1362 4355 1654 4421 mensium,
1688 4355 1979 4421 seminum,

406 4451 687 4506 messium.

482 4539 844 4612 Vergiliarum
879 4549 1153 4603 exortum,
1189 4539 1388 4595 messis
1416 4539 1812 4611 vindemiaque
1840 4548 1982 4595 tem-

410 4646 514 4702 pus
540 4646 741 4687 occasu
765 4629 1310 4686 seminisdenuntiari
1346 4628 1572 4685 scimus.
1592 4629 1984 4701 Navigantibus

408 4721 726 4779 Plaustrum
749 4719 903 4777 sidus
931 4721 1075 4776 viam
1106 4721 1297 4791 aperit.
1328 4719 1501 4776 Locos
1528 4721 1671 4776 enim
1715 4721 1894 4776 sidera
1911 4723 1987 4777 si-

407 4816 671 4888 gniﬁcant
700 4822 756 4871 et
769 4815 1087 4871 ostendunt.
1107 4812 1245 4868 Ursa
1270 4814 1413 4867 enim
1430 4813 1851 4884 septentrionem
1880 4814 1991 4882 pla-

408 4924 532 4978 gam
558 4908 824 4964 insinuat.
841 4905 1203 4975 Vergiliarum
1227 4920 1353 4974 pars
1368 4906 1674 4958 acuminata
1707 4905 1772 4959 ad
1797 4904 1990 4958 Orien-

409 5012 517 5054 tem
544 5006 823 5070 spectans,
848 4997 951 5051 hoc
980 4997 1121 5051 idem
1145 4997 1413 5051 enuntiat.
1442 4994 1619 5065 ipsius
1652 4997 1779 5050 item
1836 4994 1992 5050 Ursa

412 5089 562 5145 flexa
593 5105 789 5153 cornu,
820 5099 875 5145 et
898 5089 1041 5144 luna
1066 5104 1195 5159 pars
1222 5104 1343 5159 qua.
1364 5089 1688 5153 illustratur,
1714 5086 1991 5144 Orientem

417 5191 736 5250 pramonet.
757 5181 1068 5251 Antequam
1095 5196 1225 5236 vero
1242 5182 1356 5235 hac
1386 5181 1599 5246 fierent,
1625 5170 1842 5251 tempus
1880 5197 1993 5235 non

420 5279 555 5336 erat,
590 5273 688 5326 sed
716 5272 952 5342 spatium
984 5281 1227 5341 alasque
1270 5271 1500 5326 nimium
1529 5288 1592 5327 ea
1626 5274 1785 5343 longa
1820 5279 1992 5327 extra-

422 5375 527 5428 que
550 5377 714 5417 omne
742 5370 978 5433 tempus.
1012 5361 1079 5417 Et
1104 5362 1209 5419 hoc
1235 5363 1302 5419 de
1333 5364 1506 5435 signis
1535 5366 1740 5421 dictum
1777 5367 1872 5422 sit.

496 5533 764 5604 Tempora
815 5555 979 5608 porro
1037 5542 1319 5607 horarum,
1354 5543 1467 5598 sive
1503 5546 1779 5615 temporis
1823 5546 1995 5616 ipsius

503 5712 547 5743 “
576 5712 703 5766 Gen.
738 5730 776 5777 ι,
809 5718 893 5770 14.

2063 473 2279 544 ζούσης.
2314 477 2434 529 ’Ὁτι
2463 475 2520 530 δὲ
2558 478 2621 530 ἐκ
2653 477 2824 548 πυρὸς
2850 476 3174 550 συνέστηκεν
3199 481 3229 533 ό
3266 479 3440 551 ήλιος,
3480 478 3654 550 δῆλον

2061 567 2126 619 ἐκ
2148 566 2243 619 τοῦ
2279 567 2505 640 πυροῦν,
2543 569 2637 623 καὶ
2659 568 2896 637 φλέγειν.

2140 661 2251 714 Τοῦ
2307 660 2671 731 διαχωρίζειν
2718 663 3026 732 ἀναμέσον
3080 662 3193 732 τῆς
3244 662 3471 734 ἡμέρας
3542 663 3650 718 καὶ

2061 752 2369 822 ἀναμέσων
2400 751 2509 822 τῆς
2535 756 2775 821 νυκτός.
2803 753 2927 809 Οἷον
2973 756 3063 810 τὸν
3104 757 3254 827 ἥλιον
3286 758 3384 828 τῆς
3419 756 3648 829 ἡμέρας

2062 845 2173 906 τοῖς
2208 843 2426 915 μέτροις
2474 844 2663 909 ἔταξε,
2717 846 2811 899 καὶ
2858 846 2955 917 τὴν
3004 847 3230 918 σελήνην
3279 846 3379 919 τῆς
3419 847 3645 909 νυκτός.

2066 935 2222 989 Ἐστι
2251 936 2308 989 δὲ
2339 938 2373 1007 ή
2421 934 2517 1001 νὺξ
2551 938 2789 1009 σκίασμα
2834 939 2932 1009 τῆς
2962 940 3094 1010 γῆς,
3151 940 3646 1011 ἀποκρυπτομένου

2063 1026 2156 1079 τοῦ
2201 1027 2373 1097 ήλίου.
2413 1028 2500 1092 Ὠς
2537 1030 2646 1100 γάρ
2686 1031 2744 1082 ἐν
2798 1031 2866 1100 τῇ
2911 1030 3130 1103 ἡμέρᾳ,
3180 1031 3649 1103 ἀντιφράσσοντός

2063 1136 2227 1184 τινος,
2258 1118 2385 1173 σκιὰ
2409 1122 2636 1189 γίνεται,
2656 1121 2751 1176 καὶ⁸
2774 1122 2837 1175 τὸ
2860 1122 2975 1190 φῶς
3000 1123 3403 1193 παρυφίσταται
3421 1140 3436 1153 ⁸
3465 1123 3651 1186 οὕτως

2064 1212 2100 1283 ή
2138 1212 2255 1279 νὺξ,
2297 1213 2652 1285 σκιαζομένου
2689 1214 2782 1269 τοῖι
2811 1215 2973 1286 ἀέρος
3008 1215 3102 1268 τοῦ
3152 1216 3280 1287 περὶ
3324 1217 3429 1288 γῆν
3453 1257 3469 1281 ,
3516 1233 3650 1270 ουν-

2069 1304 2296 1360 ίσταται.
2325 1308 2436 1362 Καὶ
2465 1310 2494 1361 ὁ
2525 1309 2623 1379 μὲν
2649 1309 2819 1380 ἥλιος,
2852 1309 3023 1383 ὅσπερ
3055 1309 3115 1375 ἐξ
3137 1311 3307 1382 ἀρχῆς
3335 1311 3455 1381 φῶς
3490 1314 3655 1383 παρὰ

2065 1396 2161 1450 τοῦ
2195 1398 2416 1470 ποιητοῦ
2446 1399 2653 1470 εἴληφε,
2673 1399 2830 1455 τοῦτο
2859 1400 2972 1472 ἔχει
2989 1400 3077 1457 διὰ
3106 1403 3304 1466 παντὸς
3323 1405 3653 1475 ἐγκεκρυμ-

2070 1491 2229 1561 μένον
2256 1494 2315 1547 ἐν
2355 1492 2535 1564 ἑαυτῷ
2554 1511 2569 1524 ο
2599 1495 2633 1565 ἡ
2673 1494 2730 1548 δὲ
2761 1494 2957 1567 σελήνη
2979 1496 3078 1566 οὐχ
3108 1495 3299 1561 οὕτως,
3334 1496 3475 1550 ἀλλά
3519 1513 3656 1551 συν-

2068 1582 2207 1655 εχῶς
2229 1584 2541 1651 ἀποδύεται,
2570 1584 2824 1651 αὔξουσα,
2858 1587 2953 1640 καὶ
2986 1589 3298 1660 μειουμένη.

2143 1678 2465 1732 Ἔστωσαν
2490 1677 2557 1732 δὲ
2592 1680 2682 1745 εις
2722 1678 2958 1749 σημεῖα,
2996 1680 3096 1733 καὶ
3126 1683 3214 1746 εἰς
3240 1678 3507 1748 καιροὺς,
3547 1680 3655 1733 καὶ

1998 1747 2043 1803 Β
2074 1771 2162 1837 είς
2184 1770 2430 1839 ἡμέρας,
2461 1772 2559 1825 καὶ
2589 1774 2678 1839 είς
2704 1747 3035 1840 ἐνιαυτούς.
3066 1772 3269 1845 Χρόνον
3297 1747 3353 1826 δέ
3372 1772 3526 1844 ήλιος
3554 1773 3657 1826 καὶ

2074 1862 2271 1935 σελήνη
2309 1865 2474 1935 γεννᾷ
2505 1863 2711 1920 τοῦτον.
2747 1864 3067 1936 Ἐλκόμεναι
3097 1865 3424 1937 συμμέτρως
3449 1864 3564 1936 γὰρ
3595 1867 3656 1931 αἱ

2071 1958 2236 2029 φοραὶ
2266 1959 2605 2030 τεταγμένας
2634 1958 2742 2013 τῶν
2782 1960 2987 2031 καιρῶν
3013 1959 3112 2024 τὰς
3150 1959 3361 2025 ἐξόδους
3388 1959 3652 2028 γεννῶσι.

2069 2048 2272 2119 Χρόνος
2303 2047 2359 2101 δὲ
2392 2048 2667 2114 καλεῖται,
2709 2049 2894 2121 ἐπειδὴ
2926 2049 3116 2122 ῶσπερ
3152 2050 3244 2103 ἐπί
3287 2067 3411 2104 τινα
3444 2049 3655 2103 κύκλον

2071 2138 2391 2210 ἐπαλλήλοις
2412 2140 2633 2194 εἱλεῖται
2661 2140 2942 2204 εὐτάκτοις
2959 2141 3249 2211 διαδοχαῖς,
3272 2141 3492 2214 πρῶτος
3512 2140 3655 2213 πρὸς

2069 2231 2338 2303 δεύτερον,
2367 2232 2462 2287 καὶ
2494 2232 2675 2305 τρίτος
2710 2233 2845 2308 πρὸς
2877 2232 2968 2286 τὸν
3001 2234 3147 2305 ἑξῆς.

2142 2324 2215 2378 Τὸ
2247 2324 2333 2390 δὲ,
2360 2324 2641 2379 ἔστωσαν
2670 2327 2758 2392 εις
2802 2325 3040 2396 σημεῖα,
3074 2324 3261 2397 ἐπειδὴ
3299 2326 3401 2397 τὴν
3440 2342 3651 2399 παρουι

2074 2415 2194 2470 σίαν
2213 2416 2308 2470 τοῦ
2353 2416 2621 2488 χειμῶνος
2648 2416 2734 2469 ἀεὶ
2771 2417 3264 2490 προσημαίνουσιν·
3300 2417 3469 2489 ἀχλὺς
3517 2420 3647 2490 γὰρ.

2071 2507 2147 2580 τῷ
2173 2509 2298 2581 ἀέρι
2324 2510 2675 2581 ἐγγενομένη,
2706 2510 2799 2564 τοῦ
2832 2510 2983 2583 ήλίου
3015 2510 3115 2575 τὰς
3135 2512 3359 2577 ἀκτῖνας
3385 2513 3647 2585 ἀμαυροῖ.

2072 2602 2167 2655 καὶ
2219 2601 2466 2672 φαίνεται
2515 2602 2869 2676 ἀνθρακώδης
2914 2605 3010 2658 καὶ
3064 2603 3300 2677 ὓφαιμος
3320 2646 3337 2671 ,
3376 2606 3453 2678 μὴ
3494 2605 3650 2659 δυνά-

2076 2709 2233 2763 μενος
2254 2693 2345 2748 τὸν
2375 2694 2511 2766 ἀέρα
2548 2695 2613 2749 ἐκ
2634 2695 2741 2749 τῶν
2768 2696 2957 2767 ἀτμῶν
2978 2696 3078 2767 τῆς
3096 2697 3202 2768 γῆς
3223 2698 3649 2768 πεπυκνωμένον

2072 2785 2313 2858 διαχέαν
2370 2789 2479 2841 κάκ
2524 2787 2713 2841 τούτου
2763 2792 2986 2860 σημεῖον
3028 2789 3293 2860 χειμῶνος
3347 2788 3645 2842 δείκνυται.

2075 2876 2317 2932 Ὀτανδὲ
2349 2881 2405 2932 al
2434 2879 2717 2951 λεγόμεναι
2748 2880 2874 2944 ἅλῳ
2907 2880 3255 2953 (στρογγύλαι
3281 2881 3337 2935 δὲ
3373 2883 3482 2935 είσί
3503 2899 3647 2944 τινες

2074 2970 2409 3041 περιγραφαὶ
2437 2969 2618 3041 ὅμοιαι
2656 2969 2801 3041 ἆλῳ,
2834 2971 2899 3023 ἐκ
2944 2970 3131 3024 τούτου
3167 2971 3276 3043 γὰρ
3305 2970 3482 3036 οὕτως
3524 2974 3647 3025 ἐπο-

1997 3095 2041 3153 C
2076 3060 2440 3133 νομάζονται)
2487 3061 2578 3116 τὸν
2610 3062 2759 3133 ἥλιον
2812 3063 3289 3136 περιστοιχίσωσι,
3348 3065 3646 3138 σφοδρότης

2073 3155 2180 3209 τῶν
2212 3154 2429 3226 ἀνέμων
2463 3156 2818 3227 σημαίνεται·
2870 3157 3008 3211 ἐπάν
3031 3157 3087 3210 δὲ
3119 3156 3214 3210 καὶ
3243 3157 3294 3209 oi
3322 3156 3646 3229 καλούμενοι

2074 3246 2316 3318 ἀνθήλιοι
2362 3249 2430 3318 τῇ
2461 3245 2554 3300 τοῦ
2599 3248 2750 3319 ἡλίου
2785 3250 2925 3321 φορᾷ
2973 3249 3335 3321 συντρέχωσι,
3387 3265 3647 3321 συμπτω-

2078 3341 2263 3411 μάτων
2320 3340 2521 3414 ἀερίων
2577 3344 2799 3413 σημεῖον
2846 3342 3079 3413 γίνεταν
3132 3345 3225 3398 καί⁵
3275 3342 3435 3398 πάλιν
3488 3344 3650 3414 ἡνίκα

2078 3434 2290 3505 ῥάϐδοις
2311 3436 2541 3489 ἐοικυῖα⁴
2561 3435 2700 3489 κατὰ
2716 3434 2813 3507 τὴν
2834 3436 2995 3508 χρόαν
3017 3436 3115 3506 τῆς
3134 3437 3328 3511 Ἴριδος
3350 3438 3431 3500 είς
3456 3436 3648 3509 ὄρθρον

2073 3528 2186 3591 τοῖς
2218 3527 2437 3597 νέφεσιν
2470 3527 2864 3598 ἐμφαινόμεναι
2892 3526 3195 3599 δειχθῶσιν,
3225 3527 3444 3598 ὄμϐροι,
3477 3528 3513 3600 ἢ
3545 3546 3649 3599 χει⁹

2079 3617 2287 3688 μῶνες,
2322 3618 2357 3691 ἦ
2410 3619 2679 3692 μεταϐολὴ
2728 3619 3002 3674 ἐπιπλεῖον
3052 3618 3146 3674 τοῦ
3179 3619 3338 3691 ἀέρος
3388 3622 3650 3693 σημαίνε-

2075 3726 2185 3766 ται.

2157 3801 2223 3855 Ἦ
2252 3801 2309 3854 δὲ
2342 3801 2536 3875 σελήνη
2556 3843 2571 3869 ,
2606 3803 2825 3858 ἐπειδὰν
2872 3804 2929 3858 ἐν
2958 3806 3025 3875 τῇ
3065 3803 3219 3876 τρίτῃ
3249 3803 3437 3876 ήμέρᾳ
3483 3800 3649 3874 λεπτὴ

2076 3895 2171 3949 καὶ
2193 3894 2407 3968 καθαρὰ
2433 3898 2552 3960 ταῖς
2572 3896 2821 3967 κεραίαις
2839 3896 3154 3968 ἀποδειχθῇ,
3175 3896 3444 3969 σταθερὰν
3473 3896 3648 3950 εὐδίαν

2078 3986 2572 4056 κατεπαγγέλλεται
2593 4004 2608 4018 ο
2640 3991 2840 4059 παχεῖα
2860 3988 2916 4041 δὲ
2946 3991 3066 4052 ταῖς
3092 3988 3363 4060 κεραίαις,
3394 3989 3492 4043 καὶ
3521 3986 3649 4041 ὑπέ-

2081 4080 2275 4153 ρυθρος
2310 4083 2556 4149 φανεῖσα,
2587 4078 2729 4152 ὕδωρ
2760 4079 2957 4153 λάϐρον
2982 4080 3015 4151 ἢ
3044 4080 3195 4133 νότον
3225 4080 3397 4151 βίαιον
3424 4082 3650 4150 εὐαγγε-

2079 4167 2303 4234 λίζεται.
2330 4172 2573 4242 Ὄργανα
2615 4166 2707 4226 οὖν
2734 4172 2940 4244 χρόνων
2970 4173 3120 4245 ἥλιος
3164 4174 3259 4228 καὶ
3298 4172 3501 4245 σελήνη
3524 4173 3649 4228 καθ⁴

2085 4263 2323 4317 ίσταται·
2362 4263 2550 4336 χρόνος
2595 4263 2652 4317 δὲ
2685 4264 2935 4338 ἡμερῶν,
2975 4264 3190 4337 μηνῶν,
3237 4266 3333 4319 καὶ
3357 4265 3644 4319 ἐνιαυτῶν·

2081 4352 2152 4406 τά
2179 4353 2234 4407 δὲ
2276 4353 2470 4426 ἄστρα,
2508 4356 2602 4410 καὶ
2659 4356 2880 4427 μηνῶν,
2922 4357 3015 4410 καὶ
3057 4356 3309 4427 σπόρων,
3360 4358 3458 4409 καὶ
3510 4357 3644 4428 ἄμης

2008 4448 2061 4508 D
2086 4445 2213 4499 τῶν.

2159 4541 2268 4594 Καὶ
2286 4539 2638 4610 armatas“,
2668 4538 3051 4593 άνατέλλουσαι
3079 4536 3178 4609 μὲν
3204 4538 3418 4609 ἀμητοῦ
3446 4538 3652 4608 καιρὸν,

2084 4632 2337 4685 δύνουσαι
2378 4630 2435 4683 δὲ
2479 4631 2702 4703 σπόρου,
2731 4629 3050 4684 δεικνύουσι.
3085 4630 3196 4683 Καὶ
3231 4632 3344 4694 τοῖς
3385 4628 3647 4684 ναυτιλλο-

2090 4725 2272 4797 μένοις
2319 4723 2457 4794 μετά
2504 4723 2605 4794 τῆς
2646 4722 2887 4793 Ἀμάξης
2936 4725 3159 4793 σημεῖον
3203 4721 3447 4790 γίνεται·
3483 4721 3657 4774 τόπων

2087 4816 2195 4888 γάρ
2228 4806 2428 4886 σημεῖα
2460 4814 2554 4867 καὶ
2579 4814 2861 4885 δεικτὴρια
2879 4813 2945 4867 τά
2968 4814 3143 4885 ἄστρα
3169 4814 3400 4882 γίνεται.
3427 4813 3658 4883 ’Ἄρκτος

2093 4911 2190 4982 μὲν
2238 4907 2348 4979 γὰρ
2396 4908 2595 4979 ἄρκτον
2643 4905 2915 4960 δείκνυσι’
2969 4905 3067 4974 τῆς
3114 4904 3171 4958 δὲ
3222 4904 3482 4968 Πλειάδος
3530 4903 3659 4973 πρὸς

2089 5001 2350 5074 ἀνατολὴν
2379 5000 2591 5073 βλέπων
2610 4998 2671 5053 τὸ
2694 4998 2787 5063 ὀξὺ
2811 4999 2911 5071 τὴν
2939 4997 3137 5069 ἄρκτον
3165 4997 3435 5051 δείκνυσιν
3454 5014 3469 5027 ο
3494 4995 3658 5065 αὐτῆς

2090 5098 2147 5152 δὲ
2177 5097 2276 5169 τῆς
2306 5095 2508 5167 ἄρκτου
2548 5091 2916 5166 στρεφομένης
2956 5089 3015 5143 τὸ
3064 5089 3233 5158 κέρας
3263 5088 3363 5160 τὴν
3402 5086 3656 5157 ἀνατολὴν

2091 5184 2348 5250 δείκνυσι,
2385 5182 2479 5237 καὶ
2502 5181 2602 5253 τῆς
2630 5180 2855 5250 σελήνης
2892 5178 2953 5231 τὸ
2988 5177 3335 5249 λαμπόμενον
3376 5176 3541 5248 μέρος
3566 5175 3654 5245 τὴν

2093 5274 2357 5346 ἀνατολὴν
2405 5272 2678 5345 σημαίνει.
2709 5272 2824 5341 Πρὸ
2869 5270 2926 5323 δὲ
2967 5269 3171 5325 τούτων
3204 5269 3395 5341 χρόνος
3440 5268 3539 5320 οὑκ
3570 5262 3654 5338 ἦν,

2093 5368 2227 5423 ἀλλά
2271 5368 2544 5439 διάστημα
2566 5407 2581 5431 ,
2616 5365 2710 5420 καὶ
2755 5363 2888 5417 αἰὼν
2924 5363 3131 5436 μακρός
3162 5380 3247 5426 τις
3291 5361 3389 5417 καὶ
3422 5361 3653 5434 ἄχρονος.

2096 5461 2323 5533 Εἴρηται
2354 5456 2447 5515 οὖν
2478 5459 2607 5531 περὶ
2631 5458 2740 5512 τῶν
2768 5459 3028 5529 σημείων.
3686 5484 3693 5493 -

2165 5554 2403 5626 Καιροὺς
2439 5552 2496 5609 δὲ
2546 5550 2724 5621 λέγειν
2762 5548 3041 5621 ἡγούμεθα
3082 5548 3180 5613 τὰς
3220 5544 3521 5615 ἐναλλαγάς
3564 5542 3663 5599 τῶν
