3850 6160
190 294 295 354 721

1115 305 1389 368 SPURIA.
1425 343 1495 355 --
1523 314 1882 374 COMMENT.
1922 316 1988 372 ΙΝ
2029 315 2526 376 HEXAEMERON.

3338 329 3441 386 722

182 412 382 515 ὡρῶν,
417 414 718 515 χειμῶνος,
774 416 962 490 ἔαρος,
1010 418 1231 490 θέρους,
1271 425 1606 499 μετοπώρου.
1655 431 1767 483 Καὶ

1875 437 2219 502 mutationes,
2247 452 2312 492 ac
2339 439 2509 503 vices,
2541 438 2738 496 hiemis
2754 440 2986 510 scilicet,
3020 444 3182 511 veris,
3214 448 3440 515 aestatis,

185 506 395 578 χειμὼν
449 508 546 578 μὲν
580 509 787 576 γίνεται
839 514 950 576 τοῖς
1002 512 1196 578 νοτίοις
1238 516 1426 588 μέρεσι
1469 520 1564 574 τοῦ
1617 522 1766 594 ἡλίου

184 597 733 671 προσδιατρίϐοντος,
781 602 873 673 καὶ
918 602 1051 657 πολὺ
1080 604 1141 658 τὸ
1183 608 1493 680 νυκτερινὸν
1527 611 1769 684 σκίασμα

186 690 320 762 περὶ
350 690 441 744 τὸν
479 691 600 745 καθ’
634 693 783 763 ἡμᾶς
816 695 979 749 τόπον
1022 697 1559 768 ἀποτελοῦντος,“ὡς
1602 722 1783 763 κατα-,

182 781 454 853 ψύχεσθαι
490 784 586 855 μὲν
620 785 712 837 τὸν
743 787 870 859 περὶ
903 791 998 860 τὴν
1026 790 1131 860 γῆν
1164 791 1324 862 ἀέρα,
1349 795 1443 848 καὶ
1472 795 1571 860 τάς
1596 799 1768 871 ὑγρὰς

184 873 579 945 ἀναθυμιάσεις
618 878 1013 950 συνισταμένας
1051 882 1307 955 ὄμϐρων,
1355 886 1449 939 καὶ
1501 889 1765 959 κρυμῶν,

185 966 283 1020 καὶ
330 967 565 1037 νιφάδων
609 970 788 1034 αίτίας
832 972 1110 1040 γίνεσθαι·
1163 975 1382 1030 ἐπειδὰν
1425 978 1482 1032 δὲ
1532 979 1770 1036 ἐπανιὼν

188 1059 353 1115 πάλιν
385 1060 494 1114 ἀπὸ
525 1061 633 1115 τῶν
670 1064 1055 1136 μεσημϐρινῶν
1080 1067 1293 1139 χωρίων
1325 1070 1416 1124 ἐπὶ
1458 1070 1549 1124 τοῦ
1602 1072 1767 1143 μέσού

186 1150 438 1224 γένηται,
490 1153 748 1225 ίσημερία
792 1155 1032 1224 γίνεται,
1087 1159 1182 1211 καὶ
1239 1160 1350 1232 ὅσῳ
1376 1164 1488 1226 τοῖς
1532 1164 1626 1216 ἐπὶ
1667 1164 1770 1236 γῆς

187 1245 516 1318 ἐνδιατρίϐει
567 1246 784 1313 τόποις,
833 1249 1071 1321 τοσούτῳ
1116 1250 1256 1304 κατά
1296 1252 1458 1324 μέρος
1505 1255 1768 1323 ἐπανάγει

186 1339 288 1411 τὴν
327 1339 654 1412 εὐκρασίαν,
707 1341 803 1395 καὶ
844 1341 1052 1408 γίνεται
1094 1341 1233 1414 ἔαρ,
1276 1347 1390 1408 τοῖς
1445 1346 1542 1418 μὲν
1584 1350 1770 1416 φυτοῖς

187 1430 447 1503 παρέχων
476 1431 786 1504 βλάστησιν,
815 1436 927 1497 τοῖς
965 1434 1021 1487 δὲ
1059 1434 1293 1509 δένδροις
1325 1437 1422 1509 τὴν
1451 1438 1765 1494 ἀναϐίωσιν.

199 1521 442 1578 Ἐκεῖθεν
465 1524 521 1578 δὲ
550 1524 649 1597 ἡδη
685 1524 821 1597 πρὸς
852 1525 951 1591 τὰς
977 1526 1193 1599 θερινὰς
1224 1529 1433 1601 τροπὰς
1468 1532 1553 1584 ἐπ’
1599 1532 1770 1605 αὑτὴν

184 1613 285 1685 τὴν
334 1616 571 1687 ’Ἄρκτον
598 1617 811 1689 τρέχων
843 1619 871 1672 ὁ
927 1618 1078 1689 ῆλιος
1126 1618 1225 1685 τὰς
1274 1621 1513 1692 μεγάλας
1556 1623 1770 1695 ἡμέρας

184 1706 319 1777 ἡμῖν
348 1706 667 1779 παρίστησι,
701 1707 795 1761 καὶ
827 1706 916 1762 διὰ
945 1708 1007 1762 τὸ
1033 1709 1213 1763 πλεῖον
1237 1710 1398 1764 αὑτὸν
1423 1712 1770 1783 προσομιλεῖν

1869 529 2140 597 autumni,
2174 530 2555 602 intelligendas
2583 546 2708 588 esse
2752 548 3059 594 censemus.
3092 536 3278 595 Hiems
3310 548 3442 595 tunc

1870 621 2051 687 irruit,
2079 637 2201 676 cum
2234 623 2317 677 sol
2338 624 2395 677 in
2428 624 2677 693 partibus
2703 629 3035 689 australibus
3050 641 3438 699 commoratur,

1868 715 2155 784 noctisque
2179 716 2427 771 umbram
2464 719 2607 788 apud
2648 737 2750 777 nos
2808 724 2942 779 satis
2986 723 3079 779 diu
3113 726 3439 796 productam

1869 807 2168 877 longiorem
2191 809 2415 864 omnino
2448 810 2597 876 facit,
2629 813 2703 866 ita
2737 822 2795 868 ut
2820 829 2914 870 aer
2938 817 3086 872 circa
3106 824 3313 874 terram
3343 819 3440 874 fri-

1869 907 2072 968 gescat,
2102 915 2438 972 vaporesque
2463 903 2671 959 humidi
2703 908 2944 973 excitati,
2978 909 3216 980 pluvias,
3240 912 3441 982 glacies

1869 988 2132 1060 nivesque
2182 992 2506 1061 producant.
2558 994 2665 1050 Sed
2707 997 2799 1051 ubi
2836 1014 3055 1055 rursum
3081 1015 3112 1057 a
3140 1003 3443 1058 meridiana

1869 1081 2026 1152 plaga
2057 1082 2400 1152 remigrando
2438 1086 2675 1141 medium
2717 1089 2839 1144 οωιί
2869 1100 3151 1161 permeat,
3197 1095 3442 1165 aequino-

1869 1173 2036 1225 ctium
2063 1172 2138 1234 ﬁt,
2166 1171 2490 1244 frigorisque
2530 1184 2584 1230 et
2619 1177 2819 1233 caloris
2866 1180 3085 1235 modum
3134 1187 3443 1252 temperant

1869 1262 2069 1318 modici
2098 1264 2244 1321 illius
2270 1280 2528 1323 accessus
2550 1267 2636 1322 vel
2692 1284 2981 1337 recessus;
3022 1270 3150 1326 hinc
3191 1287 3287 1327 ver
3317 1287 3442 1330 esse

1870 1359 2084 1431 incipit,
2136 1376 2245 1430 quo
2297 1361 2477 1417 herbae
2524 1362 2833 1432 germinant
2870 1364 3205 1435 arboresque
3236 1365 3440 1421 revivi-

1870 1459 2051 1507 scunt.
2093 1450 2224 1506 lnde
2250 1451 2360 1521 jam
2402 1453 2608 1508 aestivis
2638 1453 2980 1524 temporibus
3019 1454 3334 1512 ineuntibus
3372 1456 3440 1513 ad

1870 1545 2044 1616 ipsam
2066 1544 2265 1601 Ursam
2299 1546 2379 1601 sol
2400 1560 2633 1602 cursans
2665 1561 2890 1615 magnos
2927 1547 3084 1603 nobis
3110 1547 3272 1604 ellicit
3296 1548 3437 1616 dies,

1869 1646 2071 1694 etcum
2099 1638 2307 1695 diutius
2359 1638 2417 1693 in
2448 1653 2574 1694 aere
2622 1646 2895 1703 versetur,
2947 1642 3127 1711 ipsum
3159 1647 3356 1707 torret,
3386 1647 3442 1697 et

1872 1738 2016 1785 terra
2065 1730 2323 1787 universa
2374 1730 2675 1795 exsiccata,
2733 1731 2947 1789 fructus
2976 1742 3221 1789 maturos
3262 1732 3442 1789 reddit

185 1797 269 1868 τῷ
301 1798 451 1869 ἀέρι,
480 1798 648 1853 αὑτὸν
685 1800 1045 1872 καταφρίσσει
1078 1801 1169 1855 τὸν
1202 1803 1370 1875 ἀέρα,
1403 1805 1496 1857 καὶ
1537 1805 1635 1876 τὴν
1664 1804 1767 1875 γῆν

1875 1838 2089 1878 summo
2146 1824 2369 1893 calore;
2402 1825 2718 1895 umbraeque
2768 1831 2938 1880 curtae
2972 1824 3274 1895 iaciuntur,
3314 1839 3442 1880 cum

186 1891 371 1943 πᾶσαν
396 1890 800 1963 καταξηραίνει,
822 1893 916 1945 καὶ
948 1894 1126 1947 πάντα
1147 1894 1359 1966 καρπὸν
1381 1895 1577 1967 ὡραῖον
1598 1898 1702 1951 ἀπε
1712 1913 1770 1968 ρ-

184 1982 416 2053 γάζεται
447 1983 881 2053 φλογωδέστατος
919 1983 1014 2051 ὢν,
1059 1987 1154 2041 καὶ
1196 1987 1452 2059 βραχείας
1495 1993 1640 2043 ποιεί
1670 1989 1769 2055 τὰς

188 2076 351 2141 σκιὰς
381 2077 473 2146 ἀφ’
507 2076 713 2149 ὑψηλοῦ
766 2078 1158 2149 καταλάμπων.
1203 2080 1292 2133 Ἐν
1317 2080 1424 2153 γὰρ
1472 2084 1590 2146 ταῖς
1640 2082 1770 2155 βρα-

185 2168 452 2239 χυτάταις
476 2169 710 2243 ἡμέραις
743 2172 800 2224 αἱ
834 2172 985 2224 σκιαὶ
1009 2171 1345 2242 μακρόταται
1370 2172 1628 2242 γίνονται.
1659 2173 1770 2229 Καὶ

187 2259 352 2313 πάλιν
381 2260 492 2315 ἀπὸ
513 2260 623 2315 τῶν
662 2262 1046 2334 προσαρκτίων
1094 2264 1186 2316 ἐπὶ
1217 2263 1287 2316 τά
1330 2263 1483 2319 νότια
1522 2281 1770 2337 παραγε-

187 2350 441 2422 νομένου,
472 2352 788 2424 μετόπωρον
818 2354 1045 2422 γίνεται,
1080 2354 1178 2425 τῆς
1211 2353 1420 2426 θέρμης
1451 2355 1570 2409 κατ’
1593 2355 1769 2425 ὀλίγον

185 2442 286 2513 τῆς
319 2442 524 2514 πολλῆς
555 2444 1012 2517 ἀμαυρουμένης,
1046 2447 1140 2498 καὶ
1177 2446 1269 2499 τοῦ
1301 2446 1567 2518 χειμῶνος
1606 2448 1772 2503 ἀϐλα-

186 2532 298 2598 ϐῶς
336 2535 603 2599 ἐπιόντος.

254 2650 329 2703 Οὐ
389 2651 534 2703 ποιεῖ
580 2649 637 2703 δὲ
680 2651 780 2720 τὴν
813 2651 1024 2722 ἡμέραν
1062 2653 1091 2705 ὁ
1142 2651 1324 2722 ἥλιος·
1365 2652 1552 2724 μηδεὶς
1598 2651 1771 2718 οὑτως

187 2740 432 2813 ὑπολάϐῃ
452 2759 467 2772 ο
492 2742 855 2815 πρεσϐυτερεί
874 2743 980 2816 γὰρ
1011 2744 1200 2797 τούτου
1240 2746 1273 2814 ἡ
1307 2745 1487 2816 ἡμέρα
1520 2745 1614 2799 καὶ
1640 2744 1767 2810 νύξ’

187 2833 319 2888 ἀλλά
357 2834 623 2907 κατάρχει
658 2836 816 2906 μόνον
848 2836 948 2906 τῆς
977 2838 1216 2909 ἡμέρας,
1249 2837 1432 2902 καθὼς
1464 2840 1557 2903 καὶ
1581 2840 1609 2892 ό
1637 2838 1774 2909 ψαλ-

192 2927 365 2997 μῳδὸς
400 2928 709 3000 διαγορεύει
752 2930 914 3001 ήμῖν·
943 2932 1169 2995 Ἔθετο,
1198 2930 1406 3001 λέγων,
1440 2929 1550 2985 τὸν
1594 2930 1772 2999 ἣλιον

187 3022 271 3086 είς
288 3019 587 3085 ἐξουσίαν
610 3020 722 3089 τῆς
752 3019 996 3089 ἡμέρας,
1030 3021 1145 3091 τὴν
1175 3023 1468 3092 σελήνην,
1502 3023 1599 3078 καὶ
1630 3023 1772 3090 τοὺς

189 3111 453 3179 ἀστέρας
482 3114 570 3179 εὶς
591 3112 884 3205 ἐξουσίαν
911 3113 1023 3182 τῆς
1052 3117 1291 3182 νυκτός.
1327 3115 1480 3186 Ἔχει
1520 3115 1577 3168 δὲ
1617 3109 1769 3179 οὗτος
1798 3143 1843 3205 c

189 3205 285 3277 τὴν
334 3205 588 3269 ἐξουσίαν
627 3204 686 3259 τὸ
719 3204 834 3276 φῶς
866 3207 1174 3280 περιφέρων
1213 3211 1271 3262 ὲν
1305 3207 1499 3281 έαυτιῖν
1546 3208 1765 3262 ἐπειδάν

190 3313 318 3350 ποτε
354 3297 447 3351 τὸν
479 3297 603 3352 καθ’
628 3301 774 3370 ἡμᾶς
813 3298 1062 3371 ὁρίζοντα
1100 3300 1381 3373 ὑπεράρῃ,
1419 3301 1631 3374 ἡμέραν
1665 3319 1767 3358 πα-

194 3390 337 3463 ρέχει
373 3390 731 3457 διασκεδάσας
762 3393 824 3447 τὸ
851 3393 1061 3458 σκότος.

267 3503 334 3558 Ἡ
363 3502 424 3556 δὲ
454 3504 671 3577 σελήνη,
701 3507 920 3562 ἐπειδὰν
946 3507 1242 3572 δωδεκάκις
1270 3508 1361 3562 τὸν
1386 3508 1584 3581 ἑαυτῆς
1610 3506 1768 3562 ἐκτε-

188 3594 317 3671 λέσῃ
343 3597 570 3668 δρόμον,
606 3600 850 3653 ἐνιαυτοῦ
880 3601 1138 3671 τυγχάνει
1181 3601 1434 3675 ποιητικὴ
1456 3643 1471 3668 ,
1518 3601 1655 3673 πλὴν
1683 3603 1765 3655 ὃτι

192 3691 362 3763 μηνὸς
398 3690 691 3763 ἐμϐολίμου
724 3692 891 3748 δεῖται
926 3694 1061 3765 πρὸς
1093 3692 1193 3764 τὴν
1238 3694 1438 3766 ἀκριϐῆ
1466 3693 1575 3747 τῶν
1608 3693 1766 3764 ὡρῶν

192 3783 516 3855 συνδρομήν.
559 3784 618 3838 ’0
651 3783 760 3856 γάρ
790 3785 1011 3856 ήλιακὺς
1042 3787 1284 3850 ἐνιαυτὸς
1317 3785 1424 3841 ἀπὸ
1461 3785 1554 3840 τοῦ
1599 3786 1764 3840 αὑτοῦ

192 3877 419 3947 σημείου
446 3877 540 3930 ἐπὶ
574 3877 635 3931 τὸ
658 3877 790 3931 αὑτὸ
822 3879 1044 3949 σημεῖον
1067 3878 1209 3932 κατὰ
1234 3879 1334 3948 τὴν
1372 3879 1578 3933 οἰκείαν
1611 3880 1756 3950 κίνηο

192 3985 273 4023 σιν
296 3971 394 4024 τοῦ
419 3969 571 4040 ἡλίου
605 3973 751 4026 ἐστὶν
789 3972 1252 4037 ἀποκατάστασις.
1290 3972 1401 4044 Τῆς
1439 3972 1497 4025 δὲ
1537 3970 1767 4043 σελήνης

189 4059 481 4131 ληγούσης,
503 4061 785 4133 ἀραιοῦται
815 4062 923 4117 τῶν
950 4062 1101 4128 ζώων
1132 4063 1202 4117 τά
1236 4061 1482 4135 σώματα,
1512 4063 1607 4117 καὶ⁹
1633 4063 1767 4116 ὑπό-

190 4167 321 4206 κενα
376 4152 614 4220 γίνεται·
669 4154 972 4227 αὐξομένης
1014 4156 1106 4222 δὲ,
1148 4155 1571 4228 ἀναπληροῦται.
1622 4155 1765 4209 Διότι

193 4242 469 4315 ὑγρότητα
507 4244 643 4315 μετά
675 4245 1009 4318 θερμότητος
1047 4246 1437 4318 κεκραμμένην
1468 4245 1767 4316 λεληθότως

192 4335 426 4407 ένίησιψ
460 4338 509 4390 οἱ
541 4337 648 4409 γὰρ
674 4337 1028 4401 καθεύδοντες
1067 4338 1172 4392 ὑπὸ
1206 4337 1433 4410 σελήνην
1471 4337 1769 4409 ὑγρότητος

192 4428 458 4500 περισσῆς
483 4428 814 4501 πληροῦνται
844 4430 942 4495 τὰς
966 4430 1226 4501 κεφαλὰς,
1273 4433 1368 4486 καὶ
1394 4432 1463 4486 τὰ
1492 4432 1765 4502 νεοσφαγῆ

1871 1915 1955 1970 sol
1984 1915 2061 1969 illi
2084 1914 2205 1971 loco
2247 1917 2683 1987 supraverticem
2719 1916 2790 1973 sit
2816 1916 3113 1987 lumenque
3164 1916 3438 1974 demittat.

1868 2005 1928 2061 ln
1958 2007 2297 2063 brevissimis
2329 2009 2474 2065 enim
2508 2008 2700 2064 diebus
2738 2008 2946 2063 umbrae
2979 2008 3311 2081 longissimae
3348 2024 3444 2064 ca-

1869 2098 2024 2154 dunt.
2060 2098 2259 2155 lterum
2285 2116 2316 2154 a
2347 2098 2668 2157 meridianis
2728 2099 2787 2155 in
2840 2101 3111 2157 australes
3141 2108 3325 2173 partes
3348 2101 3442 2157 illo

1871 2199 2173 2260 remeante,
2199 2200 2495 2250 autumnus
2510 2193 2770 2265 gignitur,
2802 2193 2975 2249 multo
3023 2193 3207 2250 calore
3235 2192 3439 2250 sensim

1871 2286 2554 2359 evanescente,hiemeque
2583 2286 2704 2343 sine
2758 2284 2873 2341 ullo
2907 2284 3256 2343 incommodo
3280 2296 3440 2342 acce-

1870 2375 2050 2432 deme.

1942 2638 2034 2695 Sol
2056 2640 2161 2695 diei
2193 2654 2358 2694 causa
2392 2655 2660 2710 nusquam
2694 2647 2796 2704 est,
2831 2655 2992 2696 nemo
3041 2640 3094 2695 id
3124 2640 3199 2694 ita
3240 2655 3300 2697 se
3341 2642 3442 2697 hac

1874 2731 2003 2787 bere
2030 2732 2312 2802 opinetur;
2346 2732 2491 2787 hunc
2533 2732 2734 2787 etenim
2763 2732 2882 2788 dies
2909 2732 3187 2803 praecedit,
3220 2741 3275 2790 et
3297 2749 3439 2803 nox;

1873 2822 1971 2878 sed
2004 2830 2091 2880 est
2115 2823 2226 2877 dux
2251 2830 2305 2878 et
2333 2823 2585 2895 princeps
2619 2831 2673 2879 et
2700 2824 3015 2879 moderator
3043 2821 3215 2889 illius,
3248 2839 3442 2896 quem-

1873 2914 2166 2970 admodum
2196 2923 2251 2971 et
2271 2913 2595 2972 Psalmodus
2645 2915 2807 2972 nobis
2846 2915 3110 2973 insinuat.
3148 2916 3336 2971 Posuit
3359 2916 3444 2971 di-

1872 3022 2004 3064 cens
2033 3008 2197 3063 solem
2249 3010 2305 3062 in
2333 3007 2622 3062 dominium
2662 3009 2788 3075 diei,
2824 3009 3005 3064 lunam
3058 3017 3107 3065 et
3152 3009 3337 3065 stellas
3387 3008 3445 3063 in

1872 3100 2164 3156 dominium
2190 3102 2378 3156 noctis.
2407 3099 2558 3156 Illius
2582 3108 2759 3157 autem
2814 3102 3022 3158 obtinet
3051 3102 3443 3173 principatum,

1873 3194 2055 3249 lumen
2084 3194 2138 3247 iu
2165 3200 2336 3249 semet
2357 3194 2671 3264 deportans,
2703 3194 2793 3264 qui
2843 3209 2966 3248 cum
3000 3194 3058 3249 in
3085 3201 3334 3250 nostrum
3377 3191 3445 3247 li-

1872 3289 2106 3343 nitorem
2142 3289 2474 3359 pervenerit,
2509 3288 2751 3344 tenebris
2772 3286 2991 3358 fugatis,
3030 3289 3175 3344 diem
3197 3286 3376 3345 aﬂ‘ert.

1937 3490 2113 3557 Luna,
2142 3490 2234 3546 ubi
2258 3490 2551 3545 duodecies
2574 3493 2747 3544 totum
2784 3503 2945 3544 suum
2975 3486 3214 3544 confecit
3252 3494 3309 3543 et
3345 3501 3444 3558 pe-

1871 3585 2111 3656 ragravit
2133 3584 2255 3649 iter,
2284 3583 2412 3638 anui
2445 3582 2680 3654 spatium
2732 3582 3024 3650 terminat;
3048 3596 3234 3638 mense
3260 3589 3445 3637 tamen

1872 3690 2009 3745 opus
2023 3674 2454 3741 estintercalari,
2478 3673 2546 3728 ad
2573 3673 2833 3728 horarum
2862 3687 3168 3729 concursus
3194 3680 3461 3733 exactam

1873 3768 2137 3829 rationem
2182 3766 2634 3838 perspiciendam.
2685 3765 2878 3819 Annus
2928 3764 3075 3819 enim
3140 3763 3336 3820 solaris
3374 3763 3446 3818 ab

1870 3862 2060 3917 eodem
2088 3861 2264 3933 signo,
2326 3858 2394 3914 ad
2432 3858 2576 3914 idem
2631 3857 2933 3913 secundum
2995 3857 3276 3927 proprium
3312 3856 3449 3912 solis

1874 3963 2079 4008 motum
2104 3955 2348 4009 reversio
2373 3959 2477 4008 est.
2530 3950 2685 4006 Luna
2748 3949 3100 4006 decrescente
3126 3948 3445 4004 animalium

1872 4060 2105 4116 corpora
2185 4052 2472 4101 rarescunt
2552 4052 2843 4100 extenuata
2907 4049 2962 4098 et
3016 4041 3442 4109 exinaniuntur;

1873 4144 2176 4201 crescente,
2201 4144 2471 4206 augentur
2500 4136 2736 4206 expleta.
2774 4133 2927 4190 Clam
2983 4132 3127 4187 enim
3157 4131 3446 4186 humidita-

1872 4237 1981 4284 tem
2010 4229 2179 4283 calori
2211 4229 2553 4284 commistam
2581 4227 2754 4295 indit;
2786 4227 2915 4281 hinc
2954 4223 3011 4278 ﬁt
3030 4223 3131 4280 sub
3153 4224 3284 4278 luna
3313 4223 3445 4279 dor-

1874 4320 2154 4376 mientium
2206 4318 2379 4373 multa
2427 4316 2753 4371 humiditate
2810 4314 2989 4384 capita
3017 4311 3247 4382 oppleri,
3272 4319 3328 4367 et
3358 4326 3447 4367 re-

1873 4422 2060 4469 center
2085 4412 2457 4483 iugulatorum
2505 4424 2724 4474 carnes,
2760 4415 2817 4463 ct
2858 4405 3123 4477 quidquid
3164 4404 3313 4460 aliud
3356 4404 3445 4461 bis

193 4516 250 4571 δὲ
274 4519 384 4572 τῶν
396 4519 593 4591 κρεῶν,
623 4521 715 4575 καὶ
732 4522 840 4575 πᾶν
862 4522 979 4574 εἴτι
1001 4520 1257 4584 τοιοῦτον,
1276 4524 1345 4593 τῇ
1371 4520 1642 4592 προσϐολῇ
1664 4520 1763 4589 τῆς

1875 4521 1980 4561 non
2034 4505 2307 4569 absimile,
2364 4505 2508 4558 lunae
2547 4509 2772 4573 aspectu
2798 4500 2981 4556 subito
3037 4497 3337 4563 immutari,
3393 4508 3448 4553 et

197 4611 424 4684 σελήνης
454 4612 664 4684 ταχέως
703 4614 983 4686 τρέπεται.
1022 4614 1253 4686 Ὁμοίως
1298 4614 1355 4667 δὲ
1388 4615 1483 4667 καὶ
1526 4615 1596 4668 τὰ
1642 4614 1770 4685 περὶ

195 4705 284 4760 τὸν
308 4706 445 4778 ἀέρα
470 4704 616 4778 πάθη
637 4705 890 4777 τοιαύτης
916 4706 1093 4770 αἰτίας
1117 4705 1768 4777 συνίσταται.Νουμηνίας

197 4798 300 4874 γάρ
316 4798 604 4870 ἐνστάσης,
621 4799 860 4871 γαλήνης
879 4798 1046 4871 οὑσης
1064 4797 1629 4872 σταθερᾶς,αίφνιδίων
1650 4798 1771 4851 ἀνέ-

201 4907 313 4960 μων
356 4892 594 4963 ταραχαὶ
632 4890 871 4958 γίνονται
912 4889 1222 4960 τῶννεφῶν
1267 4889 1638 4961 κλονουμένων
1675 4888 1770 4942 καὶ

200 4982 619 5052 συμπιπτόντων
660 4982 938 5053 ἀλλήλοις·
975 4984 1069 5037 καὶ
1102 4982 1341 5052 γίνονται
1370 4982 1498 5054 περὶ
1532 4983 1659 5044 τοὺς
1682 4981 1771 5033 εὑ-

202 5073 387 5144 ρίπους
409 5075 740 5147 παλίρῤοιαι,
759 5076 853 5129 καὶ
873 5076 1000 5147 περὶ
1017 5075 1106 5129 τὸν
1122 5075 1360 5129 ὠκεανὸν
1378 5072 1652 5146 ἀναδρομὴ
1672 5074 1769 5145 τῆς

198 5163 489 5238 θαλάσσης.
534 5167 599 5219 Et
645 5167 703 5220 δὲ
754 5168 848 5221 καὶ
891 5166 984 5220 τοῦ
1022 5165 1170 5238 ἡλίου
1213 5162 1451 5235 ἔκλειψις
1476 5164 1768 5235 νουμηνίας

197 5257 360 5330 οὔσης
388 5259 621 5328 γίνεται,
659 5259 990 5331 σφοδροτέρα
1032 5256 1349 5329 συμϐαίνει·
1387 5255 1630 5311 κάτωθεν
1660 5254 1768 5327 γὰρ

199 5349 232 5421 ἡ
265 5350 461 5423 σελήνη
497 5349 802 5405 ὑπελθοῦσα
822 5348 1123 5421 ἐμφράττει
1151 5348 1300 5420 ἡλίου
1326 5346 1426 5411 τὰς
1451 5348 1695 5408 ἀκτῖνας.

262 5442 423 5513 Μέγα
450 5442 509 5496 δέ
536 5459 588 5496 τι
616 5442 711 5497 καὶ
741 5442 878 5514 αὕτη
919 5442 954 5513 ἡ
991 5440 1188 5511 σελήνη
1232 5439 1555 5509 καθέστηκε.
1591 5434 1766 5491 Μῦθοι

197 5530 251 5586 δὲ
279 5533 540 5607 ληρώδεις
572 5535 677 5590 ὑπὸ
725 5533 1027 5607 μεθυόντων
1061 5532 1319 5606 γραῖδίων
1353 5530 1629 5603 πανταχοῦ
1664 5531 1769 5584 διε-

199 5622 467 5698 σώθησαν’
516 5627 599 5680 ὅτι
649 5624 1006 5698 μαγγανείαις
1053 5625 1164 5680 τισὶ
1204 5626 1301 5697 τῆς
1359 5625 1563 5688 οἰκείας
1606 5623 1768 5694 ἕδρας

198 5717 553 5787 ἀποκινεϊται,
608 5719 702 5774 καὶ
753 5720 888 5793 πρὸς
932 5718 1031 5790 τὴν
1077 5718 1179 5789 γῆν
1225 5716 1607 5787 καταφέρεται.
1658 5716 1766 5768 Καὶ

201 5811 350 5874 ποῖος
387 5810 452 5865 ἀν
493 5810 657 5876 τόπος
686 5810 1046 5883 καταχθεῖσαν
1086 5808 1253 5879 αὐτὴν
1306 5806 1632 5874 ὑπεδέξατο;
1673 5805 1764 5877 Μὴ

1870 4601 2018 4669 ipsas
2044 4597 2187 4653 aeris
2215 4595 2530 4652 aﬂectioncs
2553 4596 2703 4650 illius
2741 4607 2907 4649 causa
2932 4593 3269 4660 contingere.
3308 4588 3445 4644 Nam

1872 4688 1999 4741 luna
2015 4693 2293 4752 nascente,
2325 4686 2369 4741 si
2388 4684 2756 4755 tranquillitas
2781 4682 3099 4753 plenissima
3122 4680 3286 4736 fuerit
3313 4695 3438 4735 ven-

1871 4786 2073 4840 torum,
2095 4778 2363 4848 rcpentini
2393 4777 2662 4838 turbines,
2700 4774 2937 4829 nubibus
2994 4772 3169 4842 pulsis
3218 4778 3273 4824 et
3302 4768 3447 4823 inter

1872 4886 1931 4926 se
1980 4869 2421 4927 conﬂictantibus
2454 4909 2469 4933 ,
2507 4877 2706 4934 erunt;
2742 4866 2981 4935 ﬁentque
3010 4865 3065 4917 in
3113 4861 3325 4932 euripis
3367 4876 3446 4916 re-

1871 4966 2270 5036 ciprocationes
2340 4977 2604 5033 aquarum
2692 4972 3084 5029 regressusque
3153 4955 3323 5010 maris
3391 4954 3445 5009 in

1871 5056 2123 5124 Oceano;
2150 5056 2297 5126 quod
2343 5057 2390 5109 si
2444 5055 2573 5108 luna
2603 5050 2901 5106 novissima
2924 5049 3166 5119 primavc
3198 5045 3329 5101 solis
3349 5044 3471 5099 de-'

1874 5149 2053 5206 fectus
2099 5147 2209 5214 ﬁet,
2255 5147 2371 5202 haec
2432 5145 2615 5202 omnia
2655 5141 3059 5204 vehementiora
3087 5137 3444 5207 contingunt;

1876 5243 2185 5298 interventu
2218 5240 2420 5312 quippe
2455 5239 2598 5293 lunae
2648 5236 2782 5292 solis
2830 5232 2971 5288 radii
2997 5229 3255 5287 occultati
3282 5228 3447 5284 hebe-

1867 5341 2074 5389 tantur.

1942 5427 2276 5482 Immensum
2304 5422 2435 5495 quid
2465 5430 2551 5478 est
2581 5428 2635 5477 et
2662 5421 2780 5492 ipsa
2811 5418 2973 5484 luna;
3011 5430 3169 5487 nugae
3197 5427 3361 5469 merae
3381 5412 3447 5467 il-

1872 5523 1936 5578 lae
1966 5528 2095 5578 sunt
2114 5520 2381 5591 planeque
2430 5516 2565 5581 lirae,
2597 5515 2754 5569 nobis
2783 5527 2814 5566 a
2843 5509 3155 5567 temulentis
3213 5503 3449 5562 aniculis

1874 5615 2084 5677 traditi,
2108 5614 2294 5668 lunam
2352 5608 2630 5665 veneﬁciis
2673 5604 3001 5676 quibusdam
3040 5599 3264 5672 propria
3317 5596 3447 5653 sede

1874 5706 2081 5764 moveri
2113 5713 2167 5761 et
2198 5705 2253 5759 in
2277 5711 2478 5758 terram
2510 5700 2722 5767 delabi;
2757 5706 2811 5752 et
2835 5696 3088 5768 quisnam
3118 5693 3264 5748 illam
3290 5691 3445 5746 locus

1877 5801 2153 5872 delapsam
2183 5796 2494 5869 exceperit?
2520 5808 2694 5865 neque
2724 5807 2818 5862 per
2841 5802 3085 5845 errorem
3118 5783 3173 5839 in
3199 5779 3442 5836 fraudem
