  <div class='ocr_page' id='page_1' title='image "/cluster/home/n/w/nwhite01/storage/ocr_20150623/18/nnc1.0046978550/369.png"; bbox 0 0 3866 6162; ppageno 0'>
   <div class='ocr_carea' id='block_1_1' title="bbox 399 356 501 410">
    <p class='ocr_par' dir='ltr' id='par_1_1' title="bbox 399 356 501 410">
     <span class='ocr_line' id='line_1_1' title="bbox 399 356 501 410; baseline 0 -1"><span class='ocrx_word' id='word_1_1' title='bbox 399 356 501 410; x_wconf 74' lang='grc' dir='ltr'><strong>7ἰὸ</strong></span> 
     </span>
    </p>
   </div>
   <div class='ocr_carea' id='block_1_2' title="bbox 1238 341 2736 406">
    <p class='ocr_par' dir='ltr' id='par_1_2' title="bbox 1238 341 2736 406">
     <span class='ocr_line' id='line_1_2' title="bbox 1238 341 2736 406; baseline -0.004 -3"><span class='ocrx_word' id='word_1_2' title='bbox 1238 349 1298 404; x_wconf 88' lang='lat' dir='ltr'><strong>S.</strong></span> <span class='ocrx_word' id='word_1_3' title='bbox 1336 344 1780 404; x_wconf 80' lang='lat' dir='ltr'><strong>EUSTATHIUS</strong></span> <span class='ocrx_word' id='word_1_4' title='bbox 1812 346 2299 406; x_wconf 75' lang='lat' dir='ltr'><strong>ANTIOCHENUS</strong></span> <span class='ocrx_word' id='word_1_5' title='bbox 2336 341 2736 403; x_wconf 82' lang='lat' dir='ltr'><strong>EPISCOPUS.</strong></span> 
     </span>
    </p>
   </div>
   <div class='ocr_carea' id='block_1_3' title="bbox 3515 334 3619 388">
    <p class='ocr_par' dir='ltr' id='par_1_3' title="bbox 3515 334 3619 388">
     <span class='ocr_line' id='line_1_3' title="bbox 3515 334 3619 388; baseline 0.01 -1"><span class='ocrx_word' id='word_1_6' title='bbox 3515 334 3619 388; x_wconf 68' lang='grc' dir='ltr'>γει</span> 
     </span>
    </p>
   </div>
   <div class='ocr_carea' id='block_1_4' title="bbox 396 444 1985 541">
    <p class='ocr_par' dir='ltr' id='par_1_4' title="bbox 396 464 1966 541">
     <span class='ocr_line' id='line_1_4' title="bbox 396 464 1966 541; baseline -0.003 -15"><span class='ocrx_word' id='word_1_7' title='bbox 396 470 654 533; x_wconf 75' lang='lat' dir='ltr'><strong>incurrit,</strong></span> <span class='ocrx_word' id='word_1_8' title='bbox 681 485 855 541; x_wconf 91' lang='lat' dir='ltr'><strong>neque</strong></span> <span class='ocrx_word' id='word_1_9' title='bbox 877 467 1024 541; x_wconf 90' lang='lat' dir='ltr'><strong>quod</strong></span> <span class='ocrx_word' id='word_1_10' title='bbox 1051 466 1248 523; x_wconf 83' lang='lat' dir='ltr'><strong>visioni</strong></span> <span class='ocrx_word' id='word_1_11' title='bbox 1281 482 1507 537; x_wconf 88' lang='lat' dir='ltr'><strong>parvum</strong></span> <span class='ocrx_word' id='word_1_12' title='bbox 1549 476 1787 521; x_wconf 66' lang='lat' dir='ltr'><strong>externae</strong></span> <span class='ocrx_word' id='word_1_13' title='bbox 1816 464 1966 521; x_wconf 86' lang='lat' dir='ltr'><strong>vide-</strong></span> 
     </span>
    </p>
   </div>
   <div class='ocr_carea' id='block_1_5' title="bbox 2075 444 3626 541">
    <p class='ocr_par' dir='ltr' id='par_1_5' title="bbox 2075 444 3626 540">
     <span class='ocr_line' id='line_1_5' title="bbox 2075 444 3626 540; baseline -0.014 -17"><span class='ocrx_word' id='word_1_14' title='bbox 2075 468 2170 540; x_wconf 71' lang='grc' dir='ltr'><strong>γὰρ</strong></span> <span class='ocrx_word' id='word_1_15' title='bbox 2221 466 2528 539; x_wconf 75' lang='grc' dir='ltr'><strong>ἐξηπάτησε</strong></span> <span class='ocrx_word' id='word_1_16' title='bbox 2578 464 2639 517; x_wconf 80' lang='grc' dir='ltr'><strong>τὸ</strong></span> <span class='ocrx_word' id='word_1_17' title='bbox 2688 448 3003 533; x_wconf 77' lang='grc' dir='ltr'>φαινόμενον</span> <span class='ocrx_word' id='word_1_18' title='bbox 3054 455 3129 519; x_wconf 85' lang='grc' dir='ltr'>ὡς</span> <span class='ocrx_word' id='word_1_19' title='bbox 3168 449 3361 526; x_wconf 81' lang='grc' dir='ltr'>μικρὸν</span> <span class='ocrx_word' id='word_1_20' title='bbox 3392 468 3445 504; x_wconf 91' lang='grc' dir='ltr'><strong>τι</strong></span> <span class='ocrx_word' id='word_1_21' title='bbox 3487 444 3626 504; x_wconf 77' lang='grc' dir='ltr'>εἶναι</span> 
     </span>
    </p>
   </div>
   <div class='ocr_carea' id='block_1_6' title="bbox 397 557 1959 635">
    <p class='ocr_par' dir='ltr' id='par_1_6' title="bbox 397 557 1959 635">
     <span class='ocr_line' id='line_1_6' title="bbox 397 557 1959 635; baseline -0.004 -18"><span class='ocrx_word' id='word_1_22' title='bbox 397 571 509 627; x_wconf 91' lang='lat' dir='ltr'><strong>tur,</strong></span> <span class='ocrx_word' id='word_1_23' title='bbox 541 578 769 635; x_wconf 81' lang='lat' dir='ltr'><strong>parvum</strong></span> <span class='ocrx_word' id='word_1_24' title='bbox 823 562 875 617; x_wconf 89' lang='lat' dir='ltr'><strong>id</strong></span> <span class='ocrx_word' id='word_1_25' title='bbox 922 577 1045 618; x_wconf 90' lang='lat' dir='ltr'><strong>esse</strong></span> <span class='ocrx_word' id='word_1_26' title='bbox 1090 560 1350 614; x_wconf 87' lang='lat' dir='ltr'><strong>indicato.</strong></span> <span class='ocrx_word' id='word_1_27' title='bbox 1384 557 1579 612; x_wconf 82' lang='lat' dir='ltr'><strong>Nostra</strong></span> <span class='ocrx_word' id='word_1_28' title='bbox 1601 557 1747 612; x_wconf 85' lang='lat' dir='ltr'><strong>enim</strong></span> <span class='ocrx_word' id='word_1_29' title='bbox 1795 557 1959 621; x_wconf 83' lang='lat' dir='ltr'><strong>visio,</strong></span> 
     </span>
    </p>
   </div>
   <div class='ocr_carea' id='block_1_7' title="bbox 399 650 1964 725">
    <p class='ocr_par' dir='ltr' id='par_1_7' title="bbox 399 650 1964 725">
     <span class='ocr_line' id='line_1_7' title="bbox 399 650 1964 725; baseline -0.004 -17"><span class='ocrx_word' id='word_1_30' title='bbox 399 669 523 708; x_wconf 84' lang='lat' dir='ltr'><strong>cum</strong></span> <span class='ocrx_word' id='word_1_31' title='bbox 557 656 670 724; x_wconf 88' lang='lat' dir='ltr'><strong>ipsa</strong></span> <span class='ocrx_word' id='word_1_32' title='bbox 694 670 857 725; x_wconf 87' lang='lat' dir='ltr'><strong>parva</strong></span> <span class='ocrx_word' id='word_1_33' title='bbox 893 654 983 720; x_wconf 91' lang='lat' dir='ltr'><strong>sit,</strong></span> <span class='ocrx_word' id='word_1_34' title='bbox 1012 668 1176 723; x_wconf 87' lang='lat' dir='ltr'><strong>parva</strong></span> <span class='ocrx_word' id='word_1_35' title='bbox 1207 650 1371 705; x_wconf 87' lang='lat' dir='ltr'><strong>etiam</strong></span> <span class='ocrx_word' id='word_1_36' title='bbox 1404 656 1458 725; x_wconf 82' lang='lat' dir='ltr'><strong>et</strong></span> <span class='ocrx_word' id='word_1_37' title='bbox 1490 664 1552 704; x_wconf 88' lang='lat' dir='ltr'><strong>ea</strong></span> <span class='ocrx_word' id='word_1_38' title='bbox 1587 664 1708 719; x_wconf 64' lang='lat' dir='ltr'><strong>qua:</strong></span> <span class='ocrx_word' id='word_1_39' title='bbox 1733 665 1964 711; x_wconf 82' lang='lat' dir='ltr'><strong>cernen-</strong></span> 
     </span>
    </p>
   </div>
   <div class='ocr_carea' id='block_1_8' title="bbox 400 740 1958 816">
    <p class='ocr_par' dir='ltr' id='par_1_8' title="bbox 400 740 1958 816">
     <span class='ocr_line' id='line_1_8' title="bbox 400 740 1958 816; baseline -0.003 -19"><span class='ocrx_word' id='word_1_40' title='bbox 400 752 509 807; x_wconf 90' lang='lat' dir='ltr'><strong>tur,</strong></span> <span class='ocrx_word' id='word_1_41' title='bbox 544 752 603 799; x_wconf 92' lang='lat' dir='ltr'><strong>ut</strong></span> <span class='ocrx_word' id='word_1_42' title='bbox 650 748 936 816; x_wconf 83' lang='lat' dir='ltr'><strong>opinemur</strong></span> <span class='ocrx_word' id='word_1_43' title='bbox 965 760 1109 806; x_wconf 88' lang='lat' dir='ltr'><strong>esse,</strong></span> <span class='ocrx_word' id='word_1_44' title='bbox 1167 741 1349 805; x_wconf 86' lang='lat' dir='ltr'><strong>ellicit,</strong></span> <span class='ocrx_word' id='word_1_45' title='bbox 1401 741 1679 811; x_wconf 89' lang='lat' dir='ltr'><strong>proprium</strong></span> <span class='ocrx_word' id='word_1_46' title='bbox 1710 740 1958 795; x_wconf 91' lang='lat' dir='ltr'><strong>morbum</strong></span> 
     </span>
    </p>
   </div>
   <div class='ocr_carea' id='block_1_9' title="bbox 396 832 1963 903">
    <p class='ocr_par' dir='ltr' id='par_1_9' title="bbox 396 832 1963 903">
     <span class='ocr_line' id='line_1_9' title="bbox 396 832 1963 903; baseline -0.004 -12"><span class='ocrx_word' id='word_1_47' title='bbox 396 837 560 892; x_wconf 84' lang='lat' dir='ltr'><strong>rebus</strong></span> <span class='ocrx_word' id='word_1_48' title='bbox 592 839 724 893; x_wconf 83' lang='lat' dir='ltr'><strong>visis</strong></span> <span class='ocrx_word' id='word_1_49' title='bbox 755 837 1198 900; x_wconf 75' lang='lat' dir='ltr'><strong>communicaris;</strong></span> <span class='ocrx_word' id='word_1_50' title='bbox 1239 849 1473 903; x_wconf 87' lang='lat' dir='ltr'><strong>namque</strong></span> <span class='ocrx_word' id='word_1_51' title='bbox 1503 833 1664 887; x_wconf 89' lang='lat' dir='ltr'><strong>etiam</strong></span> <span class='ocrx_word' id='word_1_52' title='bbox 1711 832 1758 887; x_wconf 89' lang='lat' dir='ltr'><strong>si</strong></span> <span class='ocrx_word' id='word_1_53' title='bbox 1780 832 1902 901; x_wconf 89' lang='lat' dir='ltr'><strong>quis</strong></span> <span class='ocrx_word' id='word_1_54' title='bbox 1931 845 1963 885; x_wconf 90' lang='lat' dir='ltr'><strong>e</strong></span> 
     </span>
    </p>
   </div>
   <div class='ocr_carea' id='block_1_10' title="bbox 399 921 1964 1005">
    <p class='ocr_par' dir='ltr' id='par_1_10' title="bbox 399 921 1964 1005">
     <span class='ocr_line' id='line_1_10' title="bbox 399 921 1964 1005; baseline -0.006 -22"><span class='ocrx_word' id='word_1_55' title='bbox 399 930 709 1005; x_wconf 75' lang='lat' dir='ltr'><strong>summitate</strong></span> <span class='ocrx_word' id='word_1_56' title='bbox 738 931 1002 982; x_wconf 85' lang='lat' dir='ltr'><strong>montium</strong></span> <span class='ocrx_word' id='word_1_57' title='bbox 1038 941 1259 996; x_wconf 89' lang='lat' dir='ltr'><strong>campos</strong></span> <span class='ocrx_word' id='word_1_58' title='bbox 1282 932 1545 993; x_wconf 89' lang='lat' dir='ltr'><strong>patentes,</strong></span> <span class='ocrx_word' id='word_1_59' title='bbox 1585 931 1638 977; x_wconf 89' lang='lat' dir='ltr'><strong>et</strong></span> <span class='ocrx_word' id='word_1_60' title='bbox 1661 923 1716 977; x_wconf 92' lang='lat' dir='ltr'><strong>in</strong></span> <span class='ocrx_word' id='word_1_61' title='bbox 1746 922 1854 977; x_wconf 86' lang='lat' dir='ltr'><strong>illis</strong></span> <span class='ocrx_word' id='word_1_62' title='bbox 1887 921 1964 976; x_wconf 89' lang='lat' dir='ltr'><strong>si-</strong></span> 
     </span>
    </p>
   </div>
   <div class='ocr_carea' id='block_1_11' title="bbox 399 1012 1963 1089">
    <p class='ocr_par' dir='ltr' id='par_1_11' title="bbox 399 1012 1963 1089">
     <span class='ocr_line' id='line_1_11' title="bbox 399 1012 1963 1089; baseline -0.004 -17"><span class='ocrx_word' id='word_1_63' title='bbox 399 1020 512 1073; x_wconf 91' lang='lat' dir='ltr'><strong>mul</strong></span> <span class='ocrx_word' id='word_1_64' title='bbox 546 1021 711 1076; x_wconf 82' lang='lat' dir='ltr'><strong>boves</strong></span> <span class='ocrx_word' id='word_1_65' title='bbox 743 1029 1028 1089; x_wconf 84' lang='lat' dir='ltr'><strong>pascentes</strong></span> <span class='ocrx_word' id='word_1_66' title='bbox 1058 1016 1385 1088; x_wconf 81' lang='lat' dir='ltr'><strong>despexerit.</strong></span> <span class='ocrx_word' id='word_1_67' title='bbox 1445 1014 1697 1070; x_wconf 80' lang='lat' dir='ltr'><strong>formicas</strong></span> <span class='ocrx_word' id='word_1_68' title='bbox 1731 1013 1836 1068; x_wconf 89' lang='lat' dir='ltr'><strong>sibi</strong></span> <span class='ocrx_word' id='word_1_69' title='bbox 1882 1012 1963 1065; x_wconf 87' lang='lat' dir='ltr'><strong>vi-</strong></span> 
     </span>
    </p>
   </div>
   <div class='ocr_carea' id='block_1_12' title="bbox 400 1107 1962 1180">
    <p class='ocr_par' dir='ltr' id='par_1_12' title="bbox 400 1107 1962 1180">
     <span class='ocr_line' id='line_1_12' title="bbox 400 1107 1962 1180; baseline -0.004 -18"><span class='ocrx_word' id='word_1_70' title='bbox 400 1107 529 1163; x_wconf 91' lang='lat' dir='ltr'><strong>dere</strong></span> <span class='ocrx_word' id='word_1_71' title='bbox 554 1109 845 1164; x_wconf 72' lang='lat' dir='ltr'><strong>videbitur.</strong></span> <span class='ocrx_word' id='word_1_72' title='bbox 882 1108 1038 1165; x_wconf 84' lang='lat' dir='ltr'><strong>Visio</strong></span> <span class='ocrx_word' id='word_1_73' title='bbox 1067 1109 1210 1163; x_wconf 92' lang='lat' dir='ltr'><strong>enim</strong></span> <span class='ocrx_word' id='word_1_74' title='bbox 1241 1122 1338 1180; x_wconf 89' lang='lat' dir='ltr'><strong>per</strong></span> <span class='ocrx_word' id='word_1_75' title='bbox 1366 1120 1543 1159; x_wconf 88' lang='lat' dir='ltr'><strong>aerem</strong></span> <span class='ocrx_word' id='word_1_76' title='bbox 1574 1110 1886 1167; x_wconf 75' lang='lat' dir='ltr'><strong>extenuata,</strong></span> <span class='ocrx_word' id='word_1_77' title='bbox 1908 1108 1962 1155; x_wconf 91' lang='lat' dir='ltr'><strong>et</strong></span> 
     </span>
    </p>
   </div>
   <div class='ocr_carea' id='block_1_13' title="bbox 398 1194 1961 1267">
    <p class='ocr_par' dir='ltr' id='par_1_13' title="bbox 398 1194 1961 1267">
     <span class='ocr_line' id='line_1_13' title="bbox 398 1194 1961 1267; baseline -0.004 -15"><span class='ocrx_word' id='word_1_78' title='bbox 398 1199 558 1267; x_wconf 88' lang='lat' dir='ltr'><strong>quasi</strong></span> <span class='ocrx_word' id='word_1_79' title='bbox 599 1215 953 1266; x_wconf 82' lang='lat' dir='ltr'><strong>evanescens,</strong></span> <span class='ocrx_word' id='word_1_80' title='bbox 988 1215 1076 1254; x_wconf 86' lang='lat' dir='ltr'><strong>res</strong></span> <span class='ocrx_word' id='word_1_81' title='bbox 1121 1199 1223 1253; x_wconf 82' lang='lat' dir='ltr'><strong>sibi</strong></span> <span class='ocrx_word' id='word_1_82' title='bbox 1253 1196 1498 1265; x_wconf 89' lang='lat' dir='ltr'><strong>objectas</strong></span> <span class='ocrx_word' id='word_1_83' title='bbox 1526 1194 1805 1265; x_wconf 84' lang='lat' dir='ltr'><strong>percipere</strong></span> <span class='ocrx_word' id='word_1_84' title='bbox 1853 1208 1961 1248; x_wconf 90' lang='lat' dir='ltr'><strong>non</strong></span> 
     </span>
    </p>
   </div>
   <div class='ocr_carea' id='block_1_14' title="bbox 400 1286 1964 1361">
    <p class='ocr_par' dir='ltr' id='par_1_14' title="bbox 400 1286 1964 1361">
     <span class='ocr_line' id='line_1_14' title="bbox 400 1286 1964 1361; baseline -0.003 -20"><span class='ocrx_word' id='word_1_85' title='bbox 400 1291 561 1345; x_wconf 85' lang='lat' dir='ltr'><strong>valet.</strong></span> <span class='ocrx_word' id='word_1_86' title='bbox 598 1290 796 1346; x_wconf 83' lang='lat' dir='ltr'><strong>Verum</strong></span> <span class='ocrx_word' id='word_1_87' title='bbox 831 1294 973 1348; x_wconf 71' lang='lat' dir='ltr'><strong>luna:</strong></span> <span class='ocrx_word' id='word_1_88' title='bbox 992 1306 1190 1361; x_wconf 88' lang='lat' dir='ltr'><strong>corpus</strong></span> <span class='ocrx_word' id='word_1_89' title='bbox 1220 1290 1514 1344; x_wconf 80' lang='lat' dir='ltr'><strong>maximum</strong></span> <span class='ocrx_word' id='word_1_90' title='bbox 1539 1301 1660 1342; x_wconf 88' lang='lat' dir='ltr'><strong>csse</strong></span> <span class='ocrx_word' id='word_1_91' title='bbox 1690 1286 1779 1339; x_wconf 90' lang='lat' dir='ltr'><strong>illa</strong></span> <span class='ocrx_word' id='word_1_92' title='bbox 1802 1300 1964 1356; x_wconf 82' lang='lat' dir='ltr'><strong>argu-</strong></span> 
     </span>
    </p>
   </div>
   <div class='ocr_carea' id='block_1_15' title="bbox 401 1377 1962 1440">
    <p class='ocr_par' dir='ltr' id='par_1_15' title="bbox 401 1377 1962 1440">
     <span class='ocr_line' id='line_1_15' title="bbox 401 1377 1962 1440; baseline -0.003 -6"><span class='ocrx_word' id='word_1_93' title='bbox 401 1389 586 1437; x_wconf 89' lang='lat' dir='ltr'><strong>mento</strong></span> <span class='ocrx_word' id='word_1_94' title='bbox 621 1393 772 1439; x_wconf 85' lang='lat' dir='ltr'><strong>sunt.</strong></span> <span class='ocrx_word' id='word_1_95' title='bbox 815 1383 1074 1440; x_wconf 74' lang='lat' dir='ltr'><strong>Civitates</strong></span> <span class='ocrx_word' id='word_1_96' title='bbox 1098 1383 1243 1437; x_wconf 90' lang='lat' dir='ltr'><strong>enim</strong></span> <span class='ocrx_word' id='word_1_97' title='bbox 1266 1381 1323 1436; x_wconf 90' lang='lat' dir='ltr'><strong>in</strong></span> <span class='ocrx_word' id='word_1_98' title='bbox 1354 1388 1622 1435; x_wconf 89' lang='lat' dir='ltr'><strong>terrarum</strong></span> <span class='ocrx_word' id='word_1_99' title='bbox 1663 1377 1793 1431; x_wconf 89' lang='lat' dir='ltr'><strong>orbe</strong></span> <span class='ocrx_word' id='word_1_100' title='bbox 1820 1377 1962 1430; x_wconf 90' lang='lat' dir='ltr'><strong>mul-</strong></span> 
     </span>
    </p>
   </div>
   <div class='ocr_carea' id='block_1_16' title="bbox 400 1470 1963 1543">
    <p class='ocr_par' dir='ltr' id='par_1_16' title="bbox 400 1470 1963 1543">
     <span class='ocr_line' id='line_1_16' title="bbox 400 1470 1963 1543; baseline 0 -18"><span class='ocrx_word' id='word_1_101' title='bbox 400 1481 515 1526; x_wconf 92' lang='lat' dir='ltr'><strong>tum</strong></span> <span class='ocrx_word' id='word_1_102' title='bbox 554 1474 697 1530; x_wconf 87' lang='lat' dir='ltr'><strong>inter</strong></span> <span class='ocrx_word' id='word_1_103' title='bbox 727 1491 786 1531; x_wconf 93' lang='lat' dir='ltr'><strong>se</strong></span> <span class='ocrx_word' id='word_1_104' title='bbox 833 1476 1099 1530; x_wconf 78' lang='lat' dir='ltr'><strong>distantes</strong></span> <span class='ocrx_word' id='word_1_105' title='bbox 1130 1476 1395 1543; x_wconf 82' lang='lat' dir='ltr'><strong>longeque</strong></span> <span class='ocrx_word' id='word_1_106' title='bbox 1426 1473 1707 1541; x_wconf 83' lang='lat' dir='ltr'><strong>sejunctae,</strong></span> <span class='ocrx_word' id='word_1_107' title='bbox 1777 1470 1963 1541; x_wconf 78' lang='lat' dir='ltr'><strong>strigis</strong></span> 
     </span>
    </p>
   </div>
   <div class='ocr_carea' id='block_1_17' title="bbox 401 1562 1963 1638">
    <p class='ocr_par' dir='ltr' id='par_1_17' title="bbox 401 1562 1963 1638">
     <span class='ocr_line' id='line_1_17' title="bbox 401 1562 1963 1638; baseline -0.004 -17"><span class='ocrx_word' id='word_1_108' title='bbox 401 1582 522 1637; x_wconf 70' lang='lat' dir='ltr'><strong>quae</strong></span> <span class='ocrx_word' id='word_1_109' title='bbox 549 1565 824 1624; x_wconf 86' lang='lat' dir='ltr'><strong>Orientem</strong></span> <span class='ocrx_word' id='word_1_110' title='bbox 850 1568 1337 1638; x_wconf 74' lang='lat' dir='ltr'><strong>respiciunt,:eque</strong></span> <span class='ocrx_word' id='word_1_111' title='bbox 1376 1579 1567 1620; x_wconf 89' lang='lat' dir='ltr'><strong>omnes</strong></span> <span class='ocrx_word' id='word_1_112' title='bbox 1615 1562 1755 1617; x_wconf 70' lang='lat' dir='ltr'><strong>luna:</strong></span> <span class='ocrx_word' id='word_1_113' title='bbox 1780 1563 1963 1615; x_wconf 89' lang='lat' dir='ltr'><strong>lumen</strong></span> 
     </span>
    </p>
   </div>
   <div class='ocr_carea' id='block_1_18' title="bbox 400 1654 1964 1729">
    <p class='ocr_par' dir='ltr' id='par_1_18' title="bbox 400 1654 1964 1729">
     <span class='ocr_line' id='line_1_18' title="bbox 400 1654 1964 1729; baseline -0.004 -16"><span class='ocrx_word' id='word_1_114' title='bbox 400 1659 707 1729; x_wconf 77' lang='lat' dir='ltr'><strong>excipiunt;</strong></span> <span class='ocrx_word' id='word_1_115' title='bbox 730 1668 784 1713; x_wconf 92' lang='lat' dir='ltr'><strong>et</strong></span> <span class='ocrx_word' id='word_1_116' title='bbox 814 1660 1063 1715; x_wconf 87' lang='lat' dir='ltr'><strong>similiter</strong></span> <span class='ocrx_word' id='word_1_117' title='bbox 1085 1673 1315 1715; x_wconf 85' lang='lat' dir='ltr'><strong>occasus</strong></span> <span class='ocrx_word' id='word_1_118' title='bbox 1368 1664 1422 1710; x_wconf 90' lang='lat' dir='ltr'><strong>et</strong></span> <span class='ocrx_word' id='word_1_119' title='bbox 1454 1654 1877 1712; x_wconf 85' lang='lat' dir='ltr'><strong>meridianarum</strong></span> <span class='ocrx_word' id='word_1_120' title='bbox 1911 1661 1964 1710; x_wconf 91' lang='lat' dir='ltr'><strong>et</strong></span> 
     </span>
    </p>
   </div>
   <div class='ocr_carea' id='block_1_19' title="bbox 404 1752 1493 1824">
    <p class='ocr_par' dir='ltr' id='par_1_19' title="bbox 404 1752 1493 1824">
     <span class='ocr_line' id='line_1_19' title="bbox 404 1752 1493 1824; baseline -0.001 -20"><span class='ocrx_word' id='word_1_121' title='bbox 404 1752 726 1806; x_wconf 87' lang='lat' dir='ltr'><strong>australium</strong></span> <span class='ocrx_word' id='word_1_122' title='bbox 758 1754 994 1824; x_wconf 91' lang='lat' dir='ltr'><strong>partium</strong></span> <span class='ocrx_word' id='word_1_123' title='bbox 1016 1753 1207 1807; x_wconf 69' lang='lat' dir='ltr'><strong>incola:</strong></span> <span class='ocrx_word' id='word_1_124' title='bbox 1229 1758 1493 1821; x_wconf 84' lang='lat' dir='ltr'><strong>spectant.</strong></span> 
     </span>
    </p>
   </div>
   <div class='ocr_carea' id='block_1_20' title="bbox 2060 542 3625 631">
    <p class='ocr_par' dir='ltr' id='par_1_20' title="bbox 2060 542 3625 631">
     <span class='ocr_line' id='line_1_20' title="bbox 2060 542 3625 631; baseline -0.015 -16"><span class='ocrx_word' id='word_1_125' title='bbox 2060 559 2427 631; x_wconf 78' lang='grc' dir='ltr'>νομιζόμενον.</span> <span class='ocrx_word' id='word_1_126' title='bbox 2462 553 2649 627; x_wconf 79' lang='grc' dir='ltr'>Μικρά</span> <span class='ocrx_word' id='word_1_127' title='bbox 2674 552 2782 623; x_wconf 86' lang='grc' dir='ltr'>γὰρ</span> <span class='ocrx_word' id='word_1_128' title='bbox 2813 553 2846 622; x_wconf 84' lang='grc' dir='ltr'>ὴ</span> <span class='ocrx_word' id='word_1_129' title='bbox 2888 549 3009 619; x_wconf 72' lang='grc' dir='ltr'>ὄψις</span> <span class='ocrx_word' id='word_1_130' title='bbox 3036 545 3191 618; x_wconf 82' lang='grc' dir='ltr'>ἡμῶν</span> <span class='ocrx_word' id='word_1_131' title='bbox 3220 542 3497 613; x_wconf 75' lang='grc' dir='ltr'><strong>γινομένη,</strong></span> <span class='ocrx_word' id='word_1_132' title='bbox 3534 558 3625 610; x_wconf 85' lang='grc' dir='ltr'>μι-</span> 
     </span>
    </p>
   </div>
   <div class='ocr_carea' id='block_1_21' title="bbox 2061 632 3626 720">
    <p class='ocr_par' dir='ltr' id='par_1_21' title="bbox 2061 632 3626 720">
     <span class='ocr_line' id='line_1_21' title="bbox 2061 632 3626 720; baseline -0.012 -18"><span class='ocrx_word' id='word_1_133' title='bbox 2061 648 2168 720; x_wconf 75' lang='grc' dir='ltr'><strong>κρὰ</strong></span> <span class='ocrx_word' id='word_1_134' title='bbox 2197 647 2418 718; x_wconf 80' lang='grc' dir='ltr'>ἐποίησε</span> <span class='ocrx_word' id='word_1_135' title='bbox 2451 641 2762 715; x_wconf 78' lang='grc' dir='ltr'><strong>νομίζεσθαι</strong></span> <span class='ocrx_word' id='word_1_136' title='bbox 2808 640 2901 693; x_wconf 80' lang='grc' dir='ltr'><strong>καὶ</strong></span> <span class='ocrx_word' id='word_1_137' title='bbox 2930 638 2998 692; x_wconf 81' lang='grc' dir='ltr'><strong>τά</strong></span> <span class='ocrx_word' id='word_1_138' title='bbox 3027 635 3297 708; x_wconf 81' lang='grc' dir='ltr'><strong>ὁρώμενα,</strong></span> <span class='ocrx_word' id='word_1_139' title='bbox 3329 632 3390 685; x_wconf 82' lang='grc' dir='ltr'><strong>τὸ</strong></span> <span class='ocrx_word' id='word_1_140' title='bbox 3429 634 3626 686; x_wconf 83' lang='grc' dir='ltr'>οἰκεῖον</span> 
     </span>
    </p>
   </div>
   <div class='ocr_carea' id='block_1_22' title="bbox 2064 722 3627 809">
    <p class='ocr_par' dir='ltr' id='par_1_22' title="bbox 2064 722 3627 809">
     <span class='ocr_line' id='line_1_22' title="bbox 2064 722 3627 809; baseline -0.013 -14"><span class='ocrx_word' id='word_1_141' title='bbox 2064 742 2232 803; x_wconf 80' lang='grc' dir='ltr'>πάθος</span> <span class='ocrx_word' id='word_1_142' title='bbox 2267 740 2378 801; x_wconf 86' lang='grc' dir='ltr'>τοῖς</span> <span class='ocrx_word' id='word_1_143' title='bbox 2418 738 2631 809; x_wconf 81' lang='grc' dir='ltr'><strong>ὁρατοῖς</strong></span> <span class='ocrx_word' id='word_1_144' title='bbox 2673 732 3026 803; x_wconf 77' lang='grc' dir='ltr'><strong>ἐπιφέρουσα.</strong></span> <span class='ocrx_word' id='word_1_145' title='bbox 3067 729 3275 801; x_wconf 83' lang='grc' dir='ltr'>’Ὠσπερ</span> <span class='ocrx_word' id='word_1_146' title='bbox 3302 724 3411 796; x_wconf 79' lang='grc' dir='ltr'><strong>γὰρ</strong></span> <span class='ocrx_word' id='word_1_147' title='bbox 3456 722 3508 776; x_wconf 82' lang='grc' dir='ltr'><strong>εῖ</strong></span> <span class='ocrx_word' id='word_1_148' title='bbox 3545 740 3627 787; x_wconf 83' lang='grc' dir='ltr'><strong>τις</strong></span> 
     </span>
    </p>
   </div>
   <div class='ocr_carea' id='block_1_23' title="bbox 2062 813 3626 905">
    <p class='ocr_par' dir='ltr' id='par_1_23' title="bbox 2062 813 3626 905">
     <span class='ocr_line' id='line_1_23' title="bbox 2062 813 3626 905; baseline -0.013 -18"><span class='ocrx_word' id='word_1_149' title='bbox 2062 835 2148 887; x_wconf 81' lang='grc' dir='ltr'><strong>ἐπ’</strong></span> <span class='ocrx_word' id='word_1_150' title='bbox 2180 829 2486 905; x_wconf 82' lang='grc' dir='ltr'>ἀκρωρείας</span> <span class='ocrx_word' id='word_1_151' title='bbox 2514 827 2756 880; x_wconf 87' lang='grc' dir='ltr'>θεάσοιτο</span> <span class='ocrx_word' id='word_1_152' title='bbox 2785 822 2941 876; x_wconf 91' lang='grc' dir='ltr'>πεδία</span> <span class='ocrx_word' id='word_1_153' title='bbox 2970 821 3061 875; x_wconf 75' lang='grc' dir='ltr'><strong>καὶ</strong></span> <span class='ocrx_word' id='word_1_154' title='bbox 3094 818 3222 889; x_wconf 85' lang='grc' dir='ltr'>βόας</span> <span class='ocrx_word' id='word_1_155' title='bbox 3258 817 3349 870; x_wconf 71' lang='grc' dir='ltr'>ἐπὶ</span> <span class='ocrx_word' id='word_1_156' title='bbox 3390 815 3451 867; x_wconf 81' lang='grc' dir='ltr'>τὸ</span> <span class='ocrx_word' id='word_1_157' title='bbox 3494 813 3626 869; x_wconf 79' lang='grc' dir='ltr'>αὐτὸ</span> 
     </span>
    </p>
   </div>
   <div class='ocr_carea' id='block_1_24' title="bbox 2061 909 3620 996">
    <p class='ocr_par' dir='ltr' id='par_1_24' title="bbox 2061 909 3620 996">
     <span class='ocr_line' id='line_1_24' title="bbox 2061 909 3620 996; baseline -0.013 -16"><span class='ocrx_word' id='word_1_158' title='bbox 2061 925 2383 996; x_wconf 87' lang='grc' dir='ltr'>νεμομένας,</span> <span class='ocrx_word' id='word_1_159' title='bbox 2400 921 2548 992; x_wconf 71' lang='grc' dir='ltr'>οὐχὶ⁴</span> <span class='ocrx_word' id='word_1_160' title='bbox 2571 919 2647 983; x_wconf 82' lang='grc' dir='ltr'>ὡς</span> <span class='ocrx_word' id='word_1_161' title='bbox 2669 918 2969 990; x_wconf 81' lang='grc' dir='ltr'><strong>μυρμήκων</strong></span> <span class='ocrx_word' id='word_1_162' title='bbox 2989 911 3285 982; x_wconf 84' lang='grc' dir='ltr'>φαντασίαν</span> <span class='ocrx_word' id='word_1_163' title='bbox 3305 911 3435 981; x_wconf 81' lang='grc' dir='ltr'>ὀρᾷν</span> <span class='ocrx_word' id='word_1_164' title='bbox 3455 909 3620 962; x_wconf 85' lang='grc' dir='ltr'>δοκεῖ·</span> 
     </span>
    </p>
   </div>
   <div class='ocr_carea' id='block_1_25' title="bbox 2062 997 3625 1086">
    <p class='ocr_par' dir='ltr' id='par_1_25' title="bbox 2062 997 3625 1086">
     <span class='ocr_line' id='line_1_25' title="bbox 2062 997 3625 1086; baseline -0.015 -15"><span class='ocrx_word' id='word_1_165' title='bbox 2062 1013 2486 1086; x_wconf 80' lang='grc' dir='ltr'>ὲνδαπανηθεῖσα</span> <span class='ocrx_word' id='word_1_166' title='bbox 2537 1010 2641 1082; x_wconf 84' lang='grc' dir='ltr'>γὰρ</span> <span class='ocrx_word' id='word_1_167' title='bbox 2693 1007 2772 1079; x_wconf 82' lang='grc' dir='ltr'>τῷ</span> <span class='ocrx_word' id='word_1_168' title='bbox 2820 1006 2940 1076; x_wconf 83' lang='grc' dir='ltr'>ἀέρι</span> <span class='ocrx_word' id='word_1_169' title='bbox 2983 1007 3016 1075; x_wconf 81' lang='grc' dir='ltr'><strong>ἡ</strong></span> <span class='ocrx_word' id='word_1_170' title='bbox 3050 1003 3189 1073; x_wconf 70' lang='grc' dir='ltr'>ὄψις,</span> <span class='ocrx_word' id='word_1_171' title='bbox 3243 1001 3337 1055; x_wconf 71' lang='grc' dir='ltr'><strong>καὶ</strong></span> <span class='ocrx_word' id='word_1_172' title='bbox 3384 997 3625 1068; x_wconf 77' lang='grc' dir='ltr'>ἐξίτηλος</span> 
     </span>
    </p>
   </div>
   <div class='ocr_carea' id='block_1_26' title="bbox 2061 1088 3627 1179">
    <p class='ocr_par' dir='ltr' id='par_1_26' title="bbox 2061 1088 3627 1179">
     <span class='ocr_line' id='line_1_26' title="bbox 2061 1088 3627 1179; baseline -0.016 -15"><span class='ocrx_word' id='word_1_173' title='bbox 2061 1107 2348 1179; x_wconf 66' lang='grc' dir='ltr'>γενομένη,</span> <span class='ocrx_word' id='word_1_174' title='bbox 2382 1103 2516 1176; x_wconf 83' lang='grc' dir='ltr'>πρὸς</span> <span class='ocrx_word' id='word_1_175' title='bbox 2559 1102 2657 1172; x_wconf 83' lang='grc' dir='ltr'><strong>τὴν</strong></span> <span class='ocrx_word' id='word_1_176' title='bbox 2686 1098 2888 1172; x_wconf 77' lang='grc' dir='ltr'>ἀκριϐῆ</span> <span class='ocrx_word' id='word_1_177' title='bbox 2917 1093 3240 1164; x_wconf 71' lang='grc' dir='ltr'>κατανόησιν</span> <span class='ocrx_word' id='word_1_178' title='bbox 3272 1090 3380 1144; x_wconf 83' lang='grc' dir='ltr'><strong>τῶν</strong></span> <span class='ocrx_word' id='word_1_179' title='bbox 3412 1088 3627 1161; x_wconf 83' lang='grc' dir='ltr'>ὁρωμέ-</span> 
     </span>
    </p>
   </div>
   <div class='ocr_carea' id='block_1_27' title="bbox 2061 1180 3627 1270">
    <p class='ocr_par' dir='ltr' id='par_1_27' title="bbox 2061 1180 3627 1270">
     <span class='ocr_line' id='line_1_27' title="bbox 2061 1180 3627 1270; baseline -0.017 -14"><span class='ocrx_word' id='word_1_180' title='bbox 2061 1220 2167 1256; x_wconf 88' lang='grc' dir='ltr'>νων</span> <span class='ocrx_word' id='word_1_181' title='bbox 2199 1200 2299 1253; x_wconf 75' lang='grc' dir='ltr'><strong>οὐκ</strong></span> <span class='ocrx_word' id='word_1_182' title='bbox 2331 1197 2566 1270; x_wconf 80' lang='grc' dir='ltr'>ἐξαρκεῖ.</span> <span class='ocrx_word' id='word_1_183' title='bbox 2610 1193 2722 1248; x_wconf 71' lang='grc' dir='ltr'>Καὶ</span> <span class='ocrx_word' id='word_1_184' title='bbox 2760 1194 2842 1245; x_wconf 83' lang='grc' dir='ltr'><strong>ὅτι</strong></span> <span class='ocrx_word' id='word_1_185' title='bbox 2883 1185 3233 1260; x_wconf 81' lang='grc' dir='ltr'>παμμέγεθες</span> <span class='ocrx_word' id='word_1_186' title='bbox 3262 1183 3363 1255; x_wconf 82' lang='grc' dir='ltr'>τῆς</span> <span class='ocrx_word' id='word_1_187' title='bbox 3397 1180 3627 1251; x_wconf 73' lang='grc' dir='ltr'>σελήνης</span> 
     </span>
    </p>
   </div>
   <div class='ocr_carea' id='block_1_28' title="bbox 2061 1273 3627 1362">
    <p class='ocr_par' dir='ltr' id='par_1_28' title="bbox 2061 1273 3627 1362">
     <span class='ocr_line' id='line_1_28' title="bbox 2061 1273 3627 1362; baseline -0.017 -16"><span class='ocrx_word' id='word_1_188' title='bbox 2061 1294 2121 1346; x_wconf 69' lang='grc' dir='ltr'><strong>τὸ</strong></span> <span class='ocrx_word' id='word_1_189' title='bbox 2152 1290 2312 1362; x_wconf 85' lang='grc' dir='ltr'>σῶμά</span> <span class='ocrx_word' id='word_1_190' title='bbox 2355 1292 2491 1351; x_wconf 72' lang='grc' dir='ltr'>ἐστι,</span> <span class='ocrx_word' id='word_1_191' title='bbox 2531 1285 2717 1357; x_wconf 80' lang='grc' dir='ltr'>μαθεῖν</span> <span class='ocrx_word' id='word_1_192' title='bbox 2762 1285 2827 1336; x_wconf 77' lang='grc' dir='ltr'><strong>ἐκ</strong></span> <span class='ocrx_word' id='word_1_193' title='bbox 2862 1278 3172 1351; x_wconf 76' lang='grc' dir='ltr'>τεκμηρίων</span> <span class='ocrx_word' id='word_1_194' title='bbox 3215 1275 3379 1328; x_wconf 80' lang='grc' dir='ltr'>ἔστιν.</span> <span class='ocrx_word' id='word_1_195' title='bbox 3409 1273 3474 1323; x_wconf 85' lang='grc' dir='ltr'>Αἰ</span> <span class='ocrx_word' id='word_1_196' title='bbox 3515 1273 3627 1342; x_wconf 78' lang='grc' dir='ltr'><strong>γὰρ</strong></span> 
     </span>
    </p>
   </div>
   <div class='ocr_carea' id='block_1_29' title="bbox 2062 1365 3624 1456">
    <p class='ocr_par' dir='ltr' id='par_1_29' title="bbox 2062 1365 3624 1456">
     <span class='ocr_line' id='line_1_29' title="bbox 2062 1365 3624 1456; baseline -0.018 -15"><span class='ocrx_word' id='word_1_197' title='bbox 2062 1386 2207 1442; x_wconf 79' lang='grc' dir='ltr'>κατὰ</span> <span class='ocrx_word' id='word_1_198' title='bbox 2232 1385 2329 1456; x_wconf 81' lang='grc' dir='ltr'>τὴν</span> <span class='ocrx_word' id='word_1_199' title='bbox 2360 1380 2682 1452; x_wconf 78' lang='grc' dir='ltr'>οἰκουμένην</span> <span class='ocrx_word' id='word_1_200' title='bbox 2710 1375 2889 1439; x_wconf 79' lang='grc' dir='ltr'>πόλεις</span> <span class='ocrx_word' id='word_1_201' title='bbox 2921 1373 3168 1427; x_wconf 87' lang='grc' dir='ltr'>πλεῖστον</span> <span class='ocrx_word' id='word_1_202' title='bbox 3197 1367 3437 1436; x_wconf 80' lang='grc' dir='ltr'>ἀλλήλων</span> <span class='ocrx_word' id='word_1_203' title='bbox 3473 1365 3624 1432; x_wconf 81' lang='grc' dir='ltr'>ἀπῳ-</span> 
     </span>
    </p>
   </div>
   <div class='ocr_carea' id='block_1_30' title="bbox 2063 1456 3620 1548">
    <p class='ocr_par' dir='ltr' id='par_1_30' title="bbox 2063 1456 3620 1548">
     <span class='ocr_line' id='line_1_30' title="bbox 2063 1456 3620 1548; baseline -0.017 -16"><span class='ocrx_word' id='word_1_204' title='bbox 2063 1476 2338 1548; x_wconf 82' lang='grc' dir='ltr'>κισμέναι,</span> <span class='ocrx_word' id='word_1_205' title='bbox 2380 1476 2500 1536; x_wconf 89' lang='grc' dir='ltr'>ταῖς</span> <span class='ocrx_word' id='word_1_206' title='bbox 2533 1470 2673 1525; x_wconf 88' lang='grc' dir='ltr'><strong>κατά</strong></span> <span class='ocrx_word' id='word_1_207' title='bbox 2703 1469 2801 1539; x_wconf 79' lang='grc' dir='ltr'><strong>τὴν</strong></span> <span class='ocrx_word' id='word_1_208' title='bbox 2834 1463 3097 1534; x_wconf 82' lang='grc' dir='ltr'>ἀνατολὴν</span> <span class='ocrx_word' id='word_1_209' title='bbox 3124 1456 3494 1531; x_wconf 77' lang='grc' dir='ltr'>τετραμμέναι</span> <span class='ocrx_word' id='word_1_210' title='bbox 3525 1457 3620 1548; x_wconf 62' lang='grc' dir='ltr'>ρυ-</span> 
     </span>
    </p>
   </div>
   <div class='ocr_carea' id='block_1_31' title="bbox 2067 1546 3627 1641">
    <p class='ocr_par' dir='ltr' id='par_1_31' title="bbox 2067 1546 3627 1641">
     <span class='ocr_line' id='line_1_31' title="bbox 2067 1546 3627 1641; baseline -0.017 -17"><span class='ocrx_word' id='word_1_211' title='bbox 2067 1546 2369 1641; x_wconf 84' lang='grc' dir='ltr'>μοτομίαις,</span> <span class='ocrx_word' id='word_1_212' title='bbox 2402 1565 2462 1631; x_wconf 77' lang='grc' dir='ltr'>ἐξ</span> <span class='ocrx_word' id='word_1_213' title='bbox 2503 1566 2619 1619; x_wconf 76' lang='grc' dir='ltr'>ἴσου</span> <span class='ocrx_word' id='word_1_214' title='bbox 2648 1564 2818 1616; x_wconf 81' lang='grc' dir='ltr'>πᾶσαι</span> <span class='ocrx_word' id='word_1_215' title='bbox 2856 1560 2917 1613; x_wconf 79' lang='grc' dir='ltr'><strong>τὸ</strong></span> <span class='ocrx_word' id='word_1_216' title='bbox 2960 1556 3234 1626; x_wconf 86' lang='grc' dir='ltr'>σεληναῖον</span> <span class='ocrx_word' id='word_1_217' title='bbox 3276 1551 3390 1621; x_wconf 84' lang='grc' dir='ltr'><strong>φῶς</strong></span> <span class='ocrx_word' id='word_1_218' title='bbox 3436 1546 3627 1602; x_wconf 82' lang='grc' dir='ltr'>ὑποδέ-</span> 
     </span>
    </p>
   </div>
   <div class='ocr_carea' id='block_1_32' title="bbox 2064 1641 3628 1733">
    <p class='ocr_par' dir='ltr' id='par_1_32' title="bbox 2064 1641 3628 1733">
     <span class='ocr_line' id='line_1_32' title="bbox 2064 1641 3628 1733; baseline -0.015 -16"><span class='ocrx_word' id='word_1_219' title='bbox 2064 1679 2266 1733; x_wconf 88' lang='grc' dir='ltr'>χονται,</span> <span class='ocrx_word' id='word_1_220' title='bbox 2297 1661 2389 1714; x_wconf 79' lang='grc' dir='ltr'><strong>καὶ</strong></span> <span class='ocrx_word' id='word_1_221' title='bbox 2420 1658 2620 1730; x_wconf 84' lang='grc' dir='ltr'>ὁμοίως</span> <span class='ocrx_word' id='word_1_222' title='bbox 2648 1656 2814 1726; x_wconf 79' lang='grc' dir='ltr'>αὐτὴν</span> <span class='ocrx_word' id='word_1_223' title='bbox 2842 1654 2891 1706; x_wconf 90' lang='grc' dir='ltr'>οἱ</span> <span class='ocrx_word' id='word_1_224' title='bbox 2916 1651 3013 1723; x_wconf 85' lang='grc' dir='ltr'><strong>τὴν</strong></span> <span class='ocrx_word' id='word_1_225' title='bbox 3044 1649 3192 1702; x_wconf 79' lang='grc' dir='ltr'>δύσιν</span> <span class='ocrx_word' id='word_1_226' title='bbox 3223 1644 3496 1705; x_wconf 79' lang='grc' dir='ltr'>οἰκοῦντες</span> <span class='ocrx_word' id='word_1_227' title='bbox 3528 1641 3628 1695; x_wconf 79' lang='grc' dir='ltr'><strong>καὶ</strong></span> 
     </span>
    </p>
   </div>
   <div class='ocr_carea' id='block_1_33' title="bbox 2064 1735 3388 1823">
    <p class='ocr_par' dir='ltr' id='par_1_33' title="bbox 2064 1735 3388 1823">
     <span class='ocr_line' id='line_1_33' title="bbox 2064 1735 3388 1823; baseline -0.014 -16"><span class='ocrx_word' id='word_1_228' title='bbox 2064 1753 2132 1807; x_wconf 87' lang='grc' dir='ltr'><strong>τά</strong></span> <span class='ocrx_word' id='word_1_229' title='bbox 2164 1748 2505 1823; x_wconf 79' lang='grc' dir='ltr'>μεσημϐρινά</span> <span class='ocrx_word' id='word_1_230' title='bbox 2530 1747 2624 1801; x_wconf 78' lang='grc' dir='ltr'>καὶ</span> <span class='ocrx_word' id='word_1_231' title='bbox 2653 1744 2872 1817; x_wconf 80' lang='grc' dir='ltr'>ἀρκτῷα</span> <span class='ocrx_word' id='word_1_232' title='bbox 2908 1743 3046 1814; x_wconf 84' lang='grc' dir='ltr'>μέρη</span> <span class='ocrx_word' id='word_1_233' title='bbox 3076 1735 3388 1810; x_wconf 79' lang='grc' dir='ltr'>θεωροῦσιν.</span> 
     </span>
    </p>
   </div>
   <div class='ocr_carea' id='block_1_34' title="bbox 475 1821 1985 1914">
    <p class='ocr_par' dir='ltr' id='par_1_34' title="bbox 475 1821 1970 1913">
     <span class='ocr_line' id='line_1_34' title="bbox 475 1821 1970 1913; baseline -0.002 -17"><span class='ocrx_word' id='word_1_234' title='bbox 475 1841 677 1908; x_wconf 86' lang='lat' dir='ltr'><strong>Quinto</strong></span> <span class='ocrx_word' id='word_1_235' title='bbox 704 1821 885 1899; x_wconf 79' lang='lat' dir='ltr'><strong>autem</strong></span> <span class='ocrx_word' id='word_1_236' title='bbox 919 1844 1025 1911; x_wconf 87' lang='lat' dir='ltr'><strong>die,</strong></span> <span class='ocrx_word' id='word_1_237' title='bbox 1063 1843 1200 1897; x_wconf 80' lang='lat' dir='ltr'><strong>Deus</strong></span> <span class='ocrx_word' id='word_1_238' title='bbox 1222 1843 1371 1913; x_wconf 81' lang='lat' dir='ltr'><strong>aquis</strong></span> <span class='ocrx_word' id='word_1_239' title='bbox 1425 1850 1485 1894; x_wconf 84' lang='lat' dir='ltr'><strong>ut</strong></span> <span class='ocrx_word' id='word_1_240' title='bbox 1546 1842 1841 1895; x_wconf 78' lang='lat' dir='ltr'><strong>animarum</strong></span> <span class='ocrx_word' id='word_1_241' title='bbox 1895 1839 1970 1894; x_wconf 81' lang='lat' dir='ltr'><strong>vi-</strong></span> 
     </span>
    </p>
   </div>
   <div class='ocr_carea' id='block_1_35' title="bbox 2075 1821 3627 1914">
    <p class='ocr_par' dir='ltr' id='par_1_35' title="bbox 2136 1821 3627 1914">
     <span class='ocr_line' id='line_1_35' title="bbox 2136 1821 3627 1914; baseline -0.015 -18"><span class='ocrx_word' id='word_1_242' title='bbox 2136 1821 2215 1914; x_wconf 73' lang='grc' dir='ltr'><strong>Τῇ</strong></span> <span class='ocrx_word' id='word_1_243' title='bbox 2243 1842 2288 1895; x_wconf 82' lang='grc' dir='ltr'>δ’</span> <span class='ocrx_word' id='word_1_244' title='bbox 2313 1841 2493 1912; x_wconf 77' lang='grc' dir='ltr'>ἡμέρᾳ</span> <span class='ocrx_word' id='word_1_245' title='bbox 2524 1841 2589 1909; x_wconf 78' lang='grc' dir='ltr'>τῇ</span> <span class='ocrx_word' id='word_1_246' title='bbox 2620 1837 2842 1907; x_wconf 82' lang='grc' dir='ltr'>πέμπτῃ</span> <span class='ocrx_word' id='word_1_247' title='bbox 2865 1828 3232 1902; x_wconf 76' lang='grc' dir='ltr'>προσέταξεν</span> <span class='ocrx_word' id='word_1_248' title='bbox 3262 1830 3293 1880; x_wconf 84' lang='grc' dir='ltr'><em>ὁ</em></span> <span class='ocrx_word' id='word_1_249' title='bbox 3322 1823 3465 1888; x_wconf 79' lang='grc' dir='ltr'>Θεὸς</span> <span class='ocrx_word' id='word_1_250' title='bbox 3486 1822 3627 1914; x_wconf 68' lang='grc' dir='ltr'><strong>ἐξα-</strong></span> 
     </span>
    </p>
   </div>
   <div class='ocr_carea' id='block_1_36' title="bbox 407 1926 1966 2004">
    <p class='ocr_par' dir='ltr' id='par_1_36' title="bbox 407 1926 1966 2004">
     <span class='ocr_line' id='line_1_36' title="bbox 407 1926 1966 2004; baseline -0.003 -17"><span class='ocrx_word' id='word_1_251' title='bbox 407 1936 634 1988; x_wconf 76' lang='lat' dir='ltr'><strong>oentium</strong></span> <span class='ocrx_word' id='word_1_252' title='bbox 668 1936 876 2004; x_wconf 78' lang='lat' dir='ltr'><strong>reptilia</strong></span> <span class='ocrx_word' id='word_1_253' title='bbox 918 1934 1202 1990; x_wconf 82' lang='lat' dir='ltr'><strong>secundum</strong></span> <span class='ocrx_word' id='word_1_254' title='bbox 1244 1950 1402 2004; x_wconf 81' lang='lat' dir='ltr'><strong>genus</strong></span> <span class='ocrx_word' id='word_1_255' title='bbox 1436 1926 1777 2003; x_wconf 76' lang='lat' dir='ltr'><strong>preducerem</strong></span> <span class='ocrx_word' id='word_1_256' title='bbox 1799 1931 1966 2001; x_wconf 77' lang='lat' dir='ltr'><strong>jussit</strong></span> 
     </span>
    </p>
   </div>
   <div class='ocr_carea' id='block_1_37' title="bbox 410 2027 1969 2098">
    <p class='ocr_par' dir='ltr' id='par_1_37' title="bbox 410 2027 1969 2098">
     <span class='ocr_line' id='line_1_37' title="bbox 410 2027 1969 2098; baseline -0.001 -17"><span class='ocrx_word' id='word_1_257' title='bbox 410 2028 488 2093; x_wconf 85' lang='grc'><strong>¹³;</strong></span> <span class='ocrx_word' id='word_1_258' title='bbox 515 2028 804 2098; x_wconf 86' lang='lat' dir='ltr'><strong>statimque</strong></span> <span class='ocrx_word' id='word_1_259' title='bbox 834 2043 984 2083; x_wconf 86' lang='lat' dir='ltr'><strong>mare</strong></span> <span class='ocrx_word' id='word_1_260' title='bbox 1011 2028 1163 2083; x_wconf 88' lang='lat' dir='ltr'><strong>varia</strong></span> <span class='ocrx_word' id='word_1_261' title='bbox 1186 2027 1543 2080; x_wconf 86' lang='lat' dir='ltr'><strong>animantium</strong></span> <span class='ocrx_word' id='word_1_262' title='bbox 1576 2040 1772 2095; x_wconf 83' lang='lat' dir='ltr'><strong>genera</strong></span> <span class='ocrx_word' id='word_1_263' title='bbox 1806 2040 1969 2094; x_wconf 88' lang='lat' dir='ltr'><strong>pepe-</strong></span> 
     </span>
    </p>
   </div>
   <div class='ocr_carea' id='block_1_38' title="bbox 405 2114 1968 2189">
    <p class='ocr_par' dir='ltr' id='par_1_38' title="bbox 405 2114 1968 2189">
     <span class='ocr_line' id='line_1_38' title="bbox 405 2114 1968 2189; baseline -0.001 -19"><span class='ocrx_word' id='word_1_264' title='bbox 405 2117 500 2170; x_wconf 88' lang='lat' dir='ltr'><strong>rit.</strong></span> <span class='ocrx_word' id='word_1_265' title='bbox 528 2115 729 2172; x_wconf 87' lang='lat' dir='ltr'><strong>Horum</strong></span> <span class='ocrx_word' id='word_1_266' title='bbox 765 2118 1009 2189; x_wconf 63' lang='lat' dir='ltr'><strong>quaedam</strong></span> <span class='ocrx_word' id='word_1_267' title='bbox 1037 2132 1147 2173; x_wconf 89' lang='lat' dir='ltr'><strong>non</strong></span> <span class='ocrx_word' id='word_1_268' title='bbox 1177 2117 1358 2170; x_wconf 90' lang='lat' dir='ltr'><strong>minus</strong></span> <span class='ocrx_word' id='word_1_269' title='bbox 1388 2114 1553 2168; x_wconf 87' lang='lat' dir='ltr'><strong>humo</strong></span> <span class='ocrx_word' id='word_1_270' title='bbox 1584 2128 1743 2184; x_wconf 92' lang='lat' dir='ltr'><strong>quam</strong></span> <span class='ocrx_word' id='word_1_271' title='bbox 1775 2120 1968 2183; x_wconf 79' lang='lat' dir='ltr'><strong>stagno</strong></span> 
     </span>
    </p>
   </div>
   <div class='ocr_carea' id='block_1_39' title="bbox 406 2203 1969 2275">
    <p class='ocr_par' dir='ltr' id='par_1_39' title="bbox 406 2203 1969 2275">
     <span class='ocr_line' id='line_1_39' title="bbox 406 2203 1969 2275; baseline -0.004 -12"><span class='ocrx_word' id='word_1_272' title='bbox 406 2217 797 2274; x_wconf 84' lang='lat' dir='ltr'><strong>consuescunt,</strong></span> <span class='ocrx_word' id='word_1_273' title='bbox 826 2208 993 2264; x_wconf 90' lang='lat' dir='ltr'><strong>veluti</strong></span> <span class='ocrx_word' id='word_1_274' title='bbox 1022 2207 1174 2262; x_wconf 90' lang='lat' dir='ltr'><strong>vituli</strong></span> <span class='ocrx_word' id='word_1_275' title='bbox 1202 2205 1417 2270; x_wconf 89' lang='lat' dir='ltr'><strong>marini,</strong></span> <span class='ocrx_word' id='word_1_276' title='bbox 1445 2220 1583 2275; x_wconf 88' lang='lat' dir='ltr'><strong>quos</strong></span> <span class='ocrx_word' id='word_1_277' title='bbox 1614 2211 1810 2259; x_wconf 86' lang='lat' dir='ltr'><strong>vocant</strong></span> <span class='ocrx_word' id='word_1_278' title='bbox 1836 2203 1969 2273; x_wconf 87' lang='lat' dir='ltr'><strong>pho-</strong></span> 
     </span>
    </p>
   </div>
   <div class='ocr_carea' id='block_1_40' title="bbox 408 2298 1969 2370">
    <p class='ocr_par' dir='ltr' id='par_1_40' title="bbox 408 2298 1969 2370">
     <span class='ocr_line' id='line_1_40' title="bbox 408 2298 1969 2370; baseline -0.004 -15"><span class='ocrx_word' id='word_1_279' title='bbox 408 2316 536 2367; x_wconf 85' lang='lat' dir='ltr'><strong>cas;</strong></span> <span class='ocrx_word' id='word_1_280' title='bbox 567 2300 848 2366; x_wconf 86' lang='lat' dir='ltr'><strong>crocodili,</strong></span> <span class='ocrx_word' id='word_1_281' title='bbox 874 2301 997 2370; x_wconf 90' lang='lat' dir='ltr'><strong>equi</strong></span> <span class='ocrx_word' id='word_1_282' title='bbox 1021 2298 1328 2365; x_wconf 80' lang='lat' dir='ltr'><strong>fluviatiles,</strong></span> <span class='ocrx_word' id='word_1_283' title='bbox 1350 2312 1453 2353; x_wconf 80' lang='lat' dir='ltr'><strong>nec</strong></span> <span class='ocrx_word' id='word_1_284' title='bbox 1481 2312 1591 2352; x_wconf 89' lang='lat' dir='ltr'><strong>non</strong></span> <span class='ocrx_word' id='word_1_285' title='bbox 1634 2303 1687 2352; x_wconf 93' lang='lat' dir='ltr'><strong>et</strong></span> <span class='ocrx_word' id='word_1_286' title='bbox 1721 2311 1886 2362; x_wconf 60' lang='lat' dir='ltr'><strong>ranae,</strong></span> <span class='ocrx_word' id='word_1_287' title='bbox 1916 2303 1969 2350; x_wconf 91' lang='lat' dir='ltr'><strong>et</strong></span> 
     </span>
    </p>
   </div>
   <div class='ocr_carea' id='block_1_41' title="bbox 408 2386 1969 2460">
    <p class='ocr_par' dir='ltr' id='par_1_41' title="bbox 408 2386 1969 2460">
     <span class='ocr_line' id='line_1_41' title="bbox 408 2386 1969 2460; baseline -0.004 -14"><span class='ocrx_word' id='word_1_288' title='bbox 408 2390 616 2454; x_wconf 85' lang='lat' dir='ltr'><strong>cancri,</strong></span> <span class='ocrx_word' id='word_1_289' title='bbox 650 2390 850 2460; x_wconf 91' lang='lat' dir='ltr'><strong>quibus</strong></span> <span class='ocrx_word' id='word_1_290' title='bbox 896 2389 1120 2444; x_wconf 86' lang='lat' dir='ltr'><strong>natandi</strong></span> <span class='ocrx_word' id='word_1_291' title='bbox 1158 2404 1268 2444; x_wconf 89' lang='lat' dir='ltr'><strong>non</strong></span> <span class='ocrx_word' id='word_1_292' title='bbox 1328 2389 1469 2443; x_wconf 87' lang='lat' dir='ltr'><strong>inest</strong></span> <span class='ocrx_word' id='word_1_293' title='bbox 1521 2386 1788 2452; x_wconf 78' lang='lat' dir='ltr'><strong>facultas;</strong></span> <span class='ocrx_word' id='word_1_294' title='bbox 1845 2401 1969 2441; x_wconf 91' lang='lat' dir='ltr'><strong>cum</strong></span> 
     </span>
    </p>
   </div>
   <div class='ocr_carea' id='block_1_42' title="bbox 407 2478 1968 2549">
    <p class='ocr_par' dir='ltr' id='par_1_42' title="bbox 407 2478 1968 2549">
     <span class='ocr_line' id='line_1_42' title="bbox 407 2478 1968 2549; baseline -0.003 -14"><span class='ocrx_word' id='word_1_295' title='bbox 407 2482 553 2536; x_wconf 88' lang='lat' dir='ltr'><strong>enim</strong></span> <span class='ocrx_word' id='word_1_296' title='bbox 582 2488 778 2536; x_wconf 88' lang='lat' dir='ltr'><strong>natura</strong></span> <span class='ocrx_word' id='word_1_297' title='bbox 798 2482 850 2536; x_wconf 89' lang='lat' dir='ltr'><strong>id</strong></span> <span class='ocrx_word' id='word_1_298' title='bbox 896 2482 1133 2537; x_wconf 85' lang='lat' dir='ltr'><strong>habeant</strong></span> <span class='ocrx_word' id='word_1_299' title='bbox 1175 2488 1234 2536; x_wconf 93' lang='lat' dir='ltr'><strong>ut</strong></span> <span class='ocrx_word' id='word_1_300' title='bbox 1264 2486 1477 2549; x_wconf 86' lang='lat' dir='ltr'><strong>repant,</strong></span> <span class='ocrx_word' id='word_1_301' title='bbox 1513 2478 1680 2533; x_wconf 91' lang='lat' dir='ltr'><strong>ductu</strong></span> <span class='ocrx_word' id='word_1_302' title='bbox 1704 2492 1968 2547; x_wconf 89' lang='lat' dir='ltr'><strong>aquarum</strong></span> 
     </span>
    </p>
   </div>
   <div class='ocr_carea' id='block_1_43' title="bbox 408 2569 1969 2644">
    <p class='ocr_par' dir='ltr' id='par_1_43' title="bbox 408 2569 1969 2644">
     <span class='ocr_line' id='line_1_43' title="bbox 408 2569 1969 2644; baseline -0.001 -20"><span class='ocrx_word' id='word_1_303' title='bbox 408 2572 726 2629; x_wconf 90' lang='lat' dir='ltr'><strong>trahuntur.</strong></span> <span class='ocrx_word' id='word_1_304' title='bbox 758 2573 1014 2640; x_wconf 70' lang='lat' dir='ltr'><strong>Qumdam</strong></span> <span class='ocrx_word' id='word_1_305' title='bbox 1050 2573 1303 2627; x_wconf 85' lang='lat' dir='ltr'><strong>animalia</strong></span> <span class='ocrx_word' id='word_1_306' title='bbox 1353 2574 1594 2644; x_wconf 88' lang='lat' dir='ltr'><strong>pariunt,</strong></span> <span class='ocrx_word' id='word_1_307' title='bbox 1626 2569 1793 2624; x_wconf 90' lang='lat' dir='ltr'><strong>veluti</strong></span> <span class='ocrx_word' id='word_1_308' title='bbox 1815 2569 1969 2623; x_wconf 86' lang='lat' dir='ltr'><strong>vituli</strong></span> 
     </span>
    </p>
   </div>
   <div class='ocr_carea' id='block_1_44' title="bbox 409 2658 1968 2735">
    <p class='ocr_par' dir='ltr' id='par_1_44' title="bbox 409 2658 1968 2735">
     <span class='ocr_line' id='line_1_44' title="bbox 409 2658 1968 2735; baseline 0.001 -21"><span class='ocrx_word' id='word_1_309' title='bbox 409 2664 632 2729; x_wconf 88' lang='lat' dir='ltr'><strong>marini,</strong></span> <span class='ocrx_word' id='word_1_310' title='bbox 657 2664 917 2735; x_wconf 85' lang='lat' dir='ltr'><strong>delphini,</strong></span> <span class='ocrx_word' id='word_1_311' title='bbox 944 2665 1271 2735; x_wconf 86' lang='lat' dir='ltr'><strong>torpedines,</strong></span> <span class='ocrx_word' id='word_1_312' title='bbox 1301 2673 1356 2720; x_wconf 89' lang='lat' dir='ltr'><strong>et</strong></span> <span class='ocrx_word' id='word_1_313' title='bbox 1378 2666 1462 2721; x_wconf 92' lang='lat' dir='ltr'><strong>his</strong></span> <span class='ocrx_word' id='word_1_314' title='bbox 1491 2661 1706 2719; x_wconf 88' lang='lat' dir='ltr'><strong>similia.</strong></span> <span class='ocrx_word' id='word_1_315' title='bbox 1736 2658 1968 2715; x_wconf 90' lang='lat' dir='ltr'><strong>Tantum</strong></span> 
     </span>
    </p>
   </div>
   <div class='ocr_carea' id='block_1_45' title="bbox 410 2751 1967 2831">
    <p class='ocr_par' dir='ltr' id='par_1_45' title="bbox 410 2751 1967 2831">
     <span class='ocr_line' id='line_1_45' title="bbox 410 2751 1967 2831; baseline 0 -25"><span class='ocrx_word' id='word_1_316' title='bbox 410 2751 557 2809; x_wconf 87' lang='lat' dir='ltr'><strong>Deus</strong></span> <span class='ocrx_word' id='word_1_317' title='bbox 576 2754 763 2823; x_wconf 87' lang='lat' dir='ltr'><strong>jussit,</strong></span> <span class='ocrx_word' id='word_1_318' title='bbox 790 2763 844 2811; x_wconf 91' lang='lat' dir='ltr'><strong>et</strong></span> <span class='ocrx_word' id='word_1_319' title='bbox 865 2758 1042 2831; x_wconf 88' lang='lat' dir='ltr'><strong>pisces</strong></span> <span class='ocrx_word' id='word_1_320' title='bbox 1064 2771 1274 2820; x_wconf 90' lang='lat' dir='ltr'><strong>omnes,</strong></span> <span class='ocrx_word' id='word_1_321' title='bbox 1309 2756 1425 2811; x_wconf 89' lang='lat' dir='ltr'><strong>sive</strong></span> <span class='ocrx_word' id='word_1_322' title='bbox 1471 2754 1552 2811; x_wconf 87' lang='lat' dir='ltr'><strong>illi</strong></span> <span class='ocrx_word' id='word_1_323' title='bbox 1585 2753 1639 2807; x_wconf 92' lang='lat' dir='ltr'><strong>in</strong></span> <span class='ocrx_word' id='word_1_324' title='bbox 1670 2751 1781 2806; x_wconf 92' lang='lat' dir='ltr'><strong>alto</strong></span> <span class='ocrx_word' id='word_1_325' title='bbox 1811 2752 1967 2815; x_wconf 92' lang='lat' dir='ltr'><strong>mari,</strong></span> 
     </span>
    </p>
   </div>
   <div class='ocr_carea' id='block_1_46' title="bbox 412 2840 1970 2914">
    <p class='ocr_par' dir='ltr' id='par_1_46' title="bbox 412 2840 1970 2914">
     <span class='ocr_line' id='line_1_46' title="bbox 412 2840 1970 2914; baseline 0.002 -19"><span class='ocrx_word' id='word_1_326' title='bbox 412 2840 527 2895; x_wconf 85' lang='lat' dir='ltr'><strong>sive</strong></span> <span class='ocrx_word' id='word_1_327' title='bbox 555 2841 610 2895; x_wconf 91' lang='lat' dir='ltr'><strong>in</strong></span> <span class='ocrx_word' id='word_1_328' title='bbox 635 2842 838 2905; x_wconf 89' lang='lat' dir='ltr'><strong>littore,</strong></span> <span class='ocrx_word' id='word_1_329' title='bbox 873 2845 987 2898; x_wconf 87' lang='lat' dir='ltr'><strong>sive</strong></span> <span class='ocrx_word' id='word_1_330' title='bbox 1016 2845 1071 2897; x_wconf 92' lang='lat' dir='ltr'><strong>in</strong></span> <span class='ocrx_word' id='word_1_331' title='bbox 1119 2844 1244 2899; x_wconf 87' lang='lat' dir='ltr'><strong>imis</strong></span> <span class='ocrx_word' id='word_1_332' title='bbox 1292 2845 1560 2914; x_wconf 89' lang='lat' dir='ltr'><strong>partibus,</strong></span> <span class='ocrx_word' id='word_1_333' title='bbox 1602 2844 1716 2899; x_wconf 88' lang='lat' dir='ltr'><strong>sive</strong></span> <span class='ocrx_word' id='word_1_334' title='bbox 1743 2845 1799 2899; x_wconf 92' lang='lat' dir='ltr'><strong>in</strong></span> <span class='ocrx_word' id='word_1_335' title='bbox 1823 2844 1970 2899; x_wconf 81' lang='lat' dir='ltr'><strong>saxis</strong></span> 
     </span>
    </p>
   </div>
   <div class='ocr_carea' id='block_1_47' title="bbox 411 2935 1967 3007">
    <p class='ocr_par' dir='ltr' id='par_1_47' title="bbox 411 2935 1967 3007">
     <span class='ocr_line' id='line_1_47' title="bbox 411 2935 1967 3007; baseline 0 -19"><span class='ocrx_word' id='word_1_336' title='bbox 411 2935 674 3007; x_wconf 87' lang='lat' dir='ltr'><strong>gregatim</strong></span> <span class='ocrx_word' id='word_1_337' title='bbox 706 2935 790 2991; x_wconf 83' lang='lat' dir='ltr'><strong>vel</strong></span> <span class='ocrx_word' id='word_1_338' title='bbox 821 2936 1050 3006; x_wconf 81' lang='lat' dir='ltr'><strong>sparsim</strong></span> <span class='ocrx_word' id='word_1_339' title='bbox 1064 2937 1275 3001; x_wconf 88' lang='lat' dir='ltr'><strong>vivunt,</strong></span> <span class='ocrx_word' id='word_1_340' title='bbox 1304 2937 1418 2993; x_wconf 90' lang='lat' dir='ltr'><strong>sive</strong></span> <span class='ocrx_word' id='word_1_341' title='bbox 1448 2937 1726 2993; x_wconf 68' lang='lat' dir='ltr'><strong>immensae</strong></span> <span class='ocrx_word' id='word_1_342' title='bbox 1761 2937 1967 3006; x_wconf 76' lang='lat' dir='ltr'><strong>magni-</strong></span> 
     </span>
    </p>
   </div>
   <div class='ocr_carea' id='block_1_48' title="bbox 408 3024 1969 3098">
    <p class='ocr_par' dir='ltr' id='par_1_48' title="bbox 408 3024 1969 3098">
     <span class='ocr_line' id='line_1_48' title="bbox 408 3024 1969 3098; baseline -0.001 -18"><span class='ocrx_word' id='word_1_343' title='bbox 408 3028 620 3081; x_wconf 88' lang='lat' dir='ltr'><strong>tudinis</strong></span> <span class='ocrx_word' id='word_1_344' title='bbox 647 3035 786 3091; x_wconf 89' lang='lat' dir='ltr'><strong>cete,</strong></span> <span class='ocrx_word' id='word_1_345' title='bbox 815 3028 929 3083; x_wconf 86' lang='lat' dir='ltr'><strong>sive</strong></span> <span class='ocrx_word' id='word_1_346' title='bbox 958 3027 1309 3082; x_wconf 83' lang='lat' dir='ltr'><strong>minutissimi</strong></span> <span class='ocrx_word' id='word_1_347' title='bbox 1352 3028 1679 3098; x_wconf 84' lang='lat' dir='ltr'><strong>prodi-bant;</strong></span> <span class='ocrx_word' id='word_1_348' title='bbox 1735 3024 1969 3083; x_wconf 86' lang='lat' dir='ltr'><strong>naturali</strong></span> 
     </span>
    </p>
   </div>
   <div class='ocr_carea' id='block_1_49' title="bbox 410 3114 1972 3188">
    <p class='ocr_par' dir='ltr' id='par_1_49' title="bbox 410 3114 1972 3188">
     <span class='ocr_line' id='line_1_49' title="bbox 410 3114 1972 3188; baseline -0.002 -17"><span class='ocrx_word' id='word_1_349' title='bbox 410 3116 643 3188; x_wconf 86' lang='lat' dir='ltr'><strong>quadam</strong></span> <span class='ocrx_word' id='word_1_350' title='bbox 677 3131 801 3171; x_wconf 92' lang='lat' dir='ltr'><strong>cum</strong></span> <span class='ocrx_word' id='word_1_351' title='bbox 853 3117 1009 3187; x_wconf 89' lang='lat' dir='ltr'><strong>aquis</strong></span> <span class='ocrx_word' id='word_1_352' title='bbox 1039 3115 1297 3172; x_wconf 72' lang='lat' dir='ltr'><strong>afﬁnitate</strong></span> <span class='ocrx_word' id='word_1_353' title='bbox 1330 3116 1630 3187; x_wconf 84' lang='lat' dir='ltr'><strong>conjuncti.</strong></span> <span class='ocrx_word' id='word_1_354' title='bbox 1687 3114 1972 3185; x_wconf 85' lang='lat' dir='ltr'><strong>Paulisper</strong></span> 
     </span>
    </p>
   </div>
   <div class='ocr_carea' id='block_1_50' title="bbox 410 3204 1966 3276">
    <p class='ocr_par' dir='ltr' id='par_1_50' title="bbox 410 3204 1966 3276">
     <span class='ocr_line' id='line_1_50' title="bbox 410 3204 1966 3276; baseline -0.001 -16"><span class='ocrx_word' id='word_1_355' title='bbox 410 3209 555 3260; x_wconf 90' lang='lat' dir='ltr'><strong>enim</strong></span> <span class='ocrx_word' id='word_1_356' title='bbox 584 3205 631 3260; x_wconf 91' lang='lat' dir='ltr'><strong>si</strong></span> <span class='ocrx_word' id='word_1_357' title='bbox 663 3206 732 3260; x_wconf 87' lang='lat' dir='ltr'><strong>ab</strong></span> <span class='ocrx_word' id='word_1_358' title='bbox 753 3206 911 3275; x_wconf 87' lang='lat' dir='ltr'><strong>aquis</strong></span> <span class='ocrx_word' id='word_1_359' title='bbox 933 3213 1277 3275; x_wconf 84' lang='lat' dir='ltr'><strong>separentur,</strong></span> <span class='ocrx_word' id='word_1_360' title='bbox 1311 3205 1554 3276; x_wconf 88' lang='lat' dir='ltr'><strong>spirandi</strong></span> <span class='ocrx_word' id='word_1_361' title='bbox 1590 3205 1848 3261; x_wconf 76' lang='lat' dir='ltr'><strong>facultate</strong></span> <span class='ocrx_word' id='word_1_362' title='bbox 1876 3204 1966 3259; x_wconf 87' lang='lat' dir='ltr'><strong>de-</strong></span> 
     </span>
    </p>
   </div>
   <div class='ocr_carea' id='block_1_51' title="bbox 411 3294 1973 3361">
    <p class='ocr_par' dir='ltr' id='par_1_51' title="bbox 411 3294 1973 3361">
     <span class='ocr_line' id='line_1_51' title="bbox 411 3294 1973 3361; baseline -0.001 -13"><span class='ocrx_word' id='word_1_363' title='bbox 411 3294 606 3360; x_wconf 86' lang='lat' dir='ltr'><strong>stituti,</strong></span> <span class='ocrx_word' id='word_1_364' title='bbox 641 3295 944 3361; x_wconf 88' lang='lat' dir='ltr'><strong>intereunt;</strong></span> <span class='ocrx_word' id='word_1_365' title='bbox 996 3309 1120 3349; x_wconf 88' lang='lat' dir='ltr'><strong>nam</strong></span> <span class='ocrx_word' id='word_1_366' title='bbox 1147 3295 1537 3351; x_wconf 88' lang='lat' dir='ltr'><strong>branchiarum</strong></span> <span class='ocrx_word' id='word_1_367' title='bbox 1566 3294 1886 3349; x_wconf 91' lang='lat' dir='ltr'><strong>dilatatione</strong></span> <span class='ocrx_word' id='word_1_368' title='bbox 1918 3300 1973 3347; x_wconf 89' lang='lat' dir='ltr'><strong>et</strong></span> 
     </span>
    </p>
   </div>
   <div class='ocr_carea' id='block_1_52' title="bbox 412 3386 1974 3457">
    <p class='ocr_par' dir='ltr' id='par_1_52' title="bbox 412 3386 1974 3457">
     <span class='ocr_line' id='line_1_52' title="bbox 412 3386 1974 3457; baseline -0.001 -18"><span class='ocrx_word' id='word_1_369' title='bbox 412 3386 785 3441; x_wconf 88' lang='lat' dir='ltr'><strong>contractione</strong></span> <span class='ocrx_word' id='word_1_370' title='bbox 817 3386 1086 3455; x_wconf 90' lang='lat' dir='ltr'><strong>recipiunt</strong></span> <span class='ocrx_word' id='word_1_371' title='bbox 1108 3401 1304 3457; x_wconf 89' lang='lat' dir='ltr'><strong>aquam</strong></span> <span class='ocrx_word' id='word_1_372' title='bbox 1330 3395 1386 3441; x_wconf 89' lang='lat' dir='ltr'><strong>et</strong></span> <span class='ocrx_word' id='word_1_373' title='bbox 1429 3387 1704 3451; x_wconf 87' lang='lat' dir='ltr'><strong>emittunt,</strong></span> <span class='ocrx_word' id='word_1_374' title='bbox 1730 3387 1974 3440; x_wconf 86' lang='lat' dir='ltr'><strong>vitalem-</strong></span> 
     </span>
    </p>
   </div>
   <div class='ocr_carea' id='block_1_53' title="bbox 410 3476 1972 3547">
    <p class='ocr_par' dir='ltr' id='par_1_53' title="bbox 410 3476 1972 3547">
     <span class='ocr_line' id='line_1_53' title="bbox 410 3476 1972 3547; baseline -0.003 -15"><span class='ocrx_word' id='word_1_375' title='bbox 410 3493 518 3547; x_wconf 89' lang='lat' dir='ltr'><strong>que</strong></span> <span class='ocrx_word' id='word_1_376' title='bbox 548 3477 691 3532; x_wconf 89' lang='lat' dir='ltr'><strong>hunc</strong></span> <span class='ocrx_word' id='word_1_377' title='bbox 712 3477 956 3532; x_wconf 89' lang='lat' dir='ltr'><strong>habitum</strong></span> <span class='ocrx_word' id='word_1_378' title='bbox 990 3477 1261 3543; x_wconf 88' lang='lat' dir='ltr'><strong>reddunt;</strong></span> <span class='ocrx_word' id='word_1_379' title='bbox 1297 3478 1479 3533; x_wconf 91' lang='lat' dir='ltr'><strong>nullus</strong></span> <span class='ocrx_word' id='word_1_380' title='bbox 1512 3479 1653 3534; x_wconf 81' lang='lat' dir='ltr'><strong>inter</strong></span> <span class='ocrx_word' id='word_1_381' title='bbox 1690 3493 1785 3533; x_wconf 86' lang='lat' dir='ltr'><strong>eos</strong></span> <span class='ocrx_word' id='word_1_382' title='bbox 1807 3476 1972 3530; x_wconf 78' lang='lat' dir='ltr'><strong>dimi-</strong></span> 
     </span>
    </p>
   </div>
   <div class='ocr_carea' id='block_1_54' title="bbox 410 3567 1973 3631">
    <p class='ocr_par' dir='ltr' id='par_1_54' title="bbox 410 3567 1973 3631">
     <span class='ocr_line' id='line_1_54' title="bbox 410 3567 1973 3631; baseline -0.001 -7"><span class='ocrx_word' id='word_1_383' title='bbox 410 3571 592 3625; x_wconf 89' lang='lat' dir='ltr'><strong>diatos</strong></span> <span class='ocrx_word' id='word_1_384' title='bbox 645 3569 830 3624; x_wconf 85' lang='lat' dir='ltr'><strong>habet</strong></span> <span class='ocrx_word' id='word_1_385' title='bbox 860 3568 1071 3631; x_wconf 88' lang='lat' dir='ltr'><strong>dentes.</strong></span> <span class='ocrx_word' id='word_1_386' title='bbox 1111 3570 1207 3626; x_wconf 91' lang='lat' dir='ltr'><strong>sed</strong></span> <span class='ocrx_word' id='word_1_387' title='bbox 1254 3585 1448 3625; x_wconf 90' lang='lat' dir='ltr'><strong>omnes</strong></span> <span class='ocrx_word' id='word_1_388' title='bbox 1490 3569 1600 3623; x_wconf 90' lang='lat' dir='ltr'><strong>illis</strong></span> <span class='ocrx_word' id='word_1_389' title='bbox 1651 3567 1973 3623; x_wconf 87' lang='lat' dir='ltr'><strong>acuminatis</strong></span> 
     </span>
    </p>
   </div>
   <div class='ocr_carea' id='block_1_55' title="bbox 408 3657 1973 3727">
    <p class='ocr_par' dir='ltr' id='par_1_55' title="bbox 408 3657 1973 3727">
     <span class='ocr_line' id='line_1_55' title="bbox 408 3657 1973 3727; baseline -0.003 -14"><span class='ocrx_word' id='word_1_390' title='bbox 408 3659 753 3727; x_wconf 84' lang='lat' dir='ltr'><strong>muniuntur,</strong></span> <span class='ocrx_word' id='word_1_391' title='bbox 802 3673 871 3713; x_wconf 89' lang='lat' dir='ltr'><strong>ne</strong></span> <span class='ocrx_word' id='word_1_392' title='bbox 925 3658 1016 3712; x_wconf 89' lang='lat' dir='ltr'><strong>diu</strong></span> <span class='ocrx_word' id='word_1_393' title='bbox 1068 3659 1126 3713; x_wconf 92' lang='lat' dir='ltr'><strong>in</strong></span> <span class='ocrx_word' id='word_1_394' title='bbox 1163 3658 1755 3727; x_wconf 84' lang='lat' dir='ltr'><strong>mandendoimpediti,</strong></span> <span class='ocrx_word' id='word_1_395' title='bbox 1791 3657 1973 3711; x_wconf 91' lang='lat' dir='ltr'><strong>cibum</strong></span> 
     </span>
    </p>
   </div>
   <div class='ocr_carea' id='block_1_56' title="bbox 407 3746 1976 3813">
    <p class='ocr_par' dir='ltr' id='par_1_56' title="bbox 407 3746 1976 3813">
     <span class='ocr_line' id='line_1_56' title="bbox 407 3746 1976 3813; baseline -0.004 -6"><span class='ocrx_word' id='word_1_396' title='bbox 407 3750 737 3807; x_wconf 74' lang='lat' dir='ltr'><strong>difﬂuentem</strong></span> <span class='ocrx_word' id='word_1_397' title='bbox 790 3749 1078 3813; x_wconf 89' lang='lat' dir='ltr'><strong>amittant;</strong></span> <span class='ocrx_word' id='word_1_398' title='bbox 1112 3763 1244 3802; x_wconf 88' lang='lat' dir='ltr'><strong>sane</strong></span> <span class='ocrx_word' id='word_1_399' title='bbox 1275 3748 1419 3803; x_wconf 91' lang='lat' dir='ltr'><strong>enim</strong></span> <span class='ocrx_word' id='word_1_400' title='bbox 1465 3754 1597 3802; x_wconf 88' lang='lat' dir='ltr'><strong>tunc</strong></span> <span class='ocrx_word' id='word_1_401' title='bbox 1649 3747 1804 3802; x_wconf 88' lang='lat' dir='ltr'><strong>cibus</strong></span> <span class='ocrx_word' id='word_1_402' title='bbox 1836 3746 1976 3800; x_wconf 87' lang='lat' dir='ltr'><strong>male</strong></span> 
     </span>
    </p>
   </div>
   <div class='ocr_carea' id='block_1_57' title="bbox 409 3839 1972 3917">
    <p class='ocr_par' dir='ltr' id='par_1_57' title="bbox 409 3839 1972 3917">
     <span class='ocr_line' id='line_1_57' title="bbox 409 3839 1972 3917; baseline -0.003 -18"><span class='ocrx_word' id='word_1_403' title='bbox 409 3843 750 3917; x_wconf 82' lang='lat' dir='ltr'><strong>perderetur.</strong></span> <span class='ocrx_word' id='word_1_404' title='bbox 789 3839 951 3896; x_wconf 88' lang='lat' dir='ltr'><strong>Solus</strong></span> <span class='ocrx_word' id='word_1_405' title='bbox 975 3841 1206 3911; x_wconf 89' lang='lat' dir='ltr'><strong>piscium</strong></span> <span class='ocrx_word' id='word_1_406' title='bbox 1236 3855 1427 3896; x_wconf 87' lang='lat' dir='ltr'><strong>scarus</strong></span> <span class='ocrx_word' id='word_1_407' title='bbox 1451 3839 1651 3894; x_wconf 87' lang='lat' dir='ltr'><strong>dicitur</strong></span> <span class='ocrx_word' id='word_1_408' title='bbox 1674 3839 1972 3903; x_wconf 88' lang='lat' dir='ltr'><strong>ruminare,</strong></span> 
     </span>
    </p>
   </div>
   <div class='ocr_carea' id='block_1_58' title="bbox 416 3932 1971 4003">
    <p class='ocr_par' dir='ltr' id='par_1_58' title="bbox 416 3932 1971 4003">
     <span class='ocr_line' id='line_1_58' title="bbox 416 3932 1971 4003; baseline -0.002 -15"><span class='ocrx_word' id='word_1_409' title='bbox 416 3934 797 4003; x_wconf 87' lang='lat' dir='ltr'><strong>alimentisque</strong></span> <span class='ocrx_word' id='word_1_410' title='bbox 827 3934 970 3996; x_wconf 89' lang='lat' dir='ltr'><strong>aliis,</strong></span> <span class='ocrx_word' id='word_1_411' title='bbox 999 3932 1091 3986; x_wconf 93' lang='lat' dir='ltr'><strong>alii</strong></span> <span class='ocrx_word' id='word_1_412' title='bbox 1138 3932 1242 3986; x_wconf 92' lang='lat' dir='ltr'><strong>sibi</strong></span> <span class='ocrx_word' id='word_1_413' title='bbox 1292 3934 1678 3987; x_wconf 88' lang='lat' dir='ltr'><strong>consentaneis</strong></span> <span class='ocrx_word' id='word_1_414' title='bbox 1725 3939 1971 3985; x_wconf 89' lang='lat' dir='ltr'><strong>utuntur.</strong></span> 
     </span>
    </p>
   </div>
   <div class='ocr_carea' id='block_1_59' title="bbox 412 4022 1976 4094">
    <p class='ocr_par' dir='ltr' id='par_1_59' title="bbox 412 4022 1976 4094">
     <span class='ocr_line' id='line_1_59' title="bbox 412 4022 1976 4094; baseline -0.002 -15"><span class='ocrx_word' id='word_1_415' title='bbox 412 4025 646 4092; x_wconf 79' lang='lat' dir='ltr'><strong>Quidam</strong></span> <span class='ocrx_word' id='word_1_416' title='bbox 677 4025 821 4079; x_wconf 88' lang='lat' dir='ltr'><strong>enim</strong></span> <span class='ocrx_word' id='word_1_417' title='bbox 852 4025 966 4077; x_wconf 90' lang='lat' dir='ltr'><strong>luto</strong></span> <span class='ocrx_word' id='word_1_418' title='bbox 984 4034 1298 4089; x_wconf 82' lang='lat' dir='ltr'><strong>vescuntur,</strong></span> <span class='ocrx_word' id='word_1_419' title='bbox 1352 4024 1442 4078; x_wconf 91' lang='lat' dir='ltr'><strong>alii</strong></span> <span class='ocrx_word' id='word_1_420' title='bbox 1496 4024 1638 4094; x_wconf 83' lang='lat' dir='ltr'><strong>alga,</strong></span> <span class='ocrx_word' id='word_1_421' title='bbox 1671 4022 1762 4077; x_wconf 88' lang='lat' dir='ltr'><strong>alii</strong></span> <span class='ocrx_word' id='word_1_422' title='bbox 1793 4022 1976 4078; x_wconf 90' lang='lat' dir='ltr'><strong>herbis</strong></span> 
     </span>
    </p>
   </div>
   <div class='ocr_carea' id='block_1_60' title="bbox 413 4114 1978 4188">
    <p class='ocr_par' dir='ltr' id='par_1_60' title="bbox 413 4114 1978 4188">
     <span class='ocr_line' id='line_1_60' title="bbox 413 4114 1978 4188; baseline -0.004 -15"><span class='ocrx_word' id='word_1_423' title='bbox 413 4133 533 4188; x_wconf 80' lang='lat' dir='ltr'><strong>quae</strong></span> <span class='ocrx_word' id='word_1_424' title='bbox 559 4117 615 4171; x_wconf 91' lang='lat' dir='ltr'><strong>in</strong></span> <span class='ocrx_word' id='word_1_425' title='bbox 647 4131 786 4187; x_wconf 89' lang='lat' dir='ltr'><strong>aqua</strong></span> <span class='ocrx_word' id='word_1_426' title='bbox 835 4122 1112 4181; x_wconf 87' lang='lat' dir='ltr'><strong>crescunt,</strong></span> <span class='ocrx_word' id='word_1_427' title='bbox 1144 4116 1364 4186; x_wconf 90' lang='lat' dir='ltr'><strong>quidam</strong></span> <span class='ocrx_word' id='word_1_428' title='bbox 1399 4114 1562 4170; x_wconf 89' lang='lat' dir='ltr'><strong>etiam</strong></span> <span class='ocrx_word' id='word_1_429' title='bbox 1620 4128 1742 4168; x_wconf 87' lang='lat' dir='ltr'><strong>sese</strong></span> <span class='ocrx_word' id='word_1_430' title='bbox 1787 4122 1978 4167; x_wconf 88' lang='lat' dir='ltr'><strong>mutuo</strong></span> 
     </span>
    </p>
   </div>
   <div class='ocr_carea' id='block_1_61' title="bbox 408 4210 693 4266">
    <p class='ocr_par' dir='ltr' id='par_1_61' title="bbox 408 4210 693 4266">
     <span class='ocr_line' id='line_1_61' title="bbox 408 4210 693 4266; baseline -0.014 0"><span class='ocrx_word' id='word_1_431' title='bbox 408 4210 693 4266; x_wconf 85' lang='lat' dir='ltr'><strong>devorant.</strong></span> 
     </span>
    </p>
   </div>
   <div class='ocr_carea' id='block_1_62' title="bbox 483 4295 1970 4371">
    <p class='ocr_par' dir='ltr' id='par_1_62' title="bbox 483 4295 1970 4371">
     <span class='ocr_line' id='line_1_62' title="bbox 483 4295 1970 4371; baseline -0.004 -13"><span class='ocrx_word' id='word_1_432' title='bbox 483 4302 697 4358; x_wconf 86' lang='lat' dir='ltr'><strong>Habent</strong></span> <span class='ocrx_word' id='word_1_433' title='bbox 750 4302 874 4357; x_wconf 90' lang='lat' dir='ltr'><strong>item</strong></span> <span class='ocrx_word' id='word_1_434' title='bbox 906 4309 961 4358; x_wconf 89' lang='lat' dir='ltr'><strong>et</strong></span> <span class='ocrx_word' id='word_1_435' title='bbox 990 4316 1119 4357; x_wconf 89' lang='lat' dir='ltr'><strong>suas</strong></span> <span class='ocrx_word' id='word_1_436' title='bbox 1175 4300 1554 4371; x_wconf 88' lang='lat' dir='ltr'><strong>proprietates.</strong></span> <span class='ocrx_word' id='word_1_437' title='bbox 1589 4296 1753 4351; x_wconf 89' lang='lat' dir='ltr'><strong>Serra</strong></span> <span class='ocrx_word' id='word_1_438' title='bbox 1800 4295 1970 4366; x_wconf 88' lang='lat' dir='ltr'><strong>piscis</strong></span> 
     </span>
    </p>
   </div>
   <div class='ocr_carea' id='block_1_63' title="bbox 414 4389 1981 4466">
    <p class='ocr_par' dir='ltr' id='par_1_63' title="bbox 414 4389 1981 4466">
     <span class='ocr_line' id='line_1_63' title="bbox 414 4389 1981 4466; baseline -0.008 -14"><span class='ocrx_word' id='word_1_439' title='bbox 414 4399 530 4453; x_wconf 85' lang='lat' dir='ltr'><strong>alas</strong></span> <span class='ocrx_word' id='word_1_440' title='bbox 564 4396 729 4452; x_wconf 90' lang='lat' dir='ltr'><strong>habet</strong></span> <span class='ocrx_word' id='word_1_441' title='bbox 746 4396 1007 4466; x_wconf 84' lang='lat' dir='ltr'><strong>oblongas</strong></span> <span class='ocrx_word' id='word_1_442' title='bbox 1029 4435 1044 4458; x_wconf 91' lang='lat'><strong>,</strong></span> <span class='ocrx_word' id='word_1_443' title='bbox 1069 4395 1115 4449; x_wconf 91' lang='lat' dir='ltr'><strong>si</strong></span> <span class='ocrx_word' id='word_1_444' title='bbox 1152 4408 1343 4448; x_wconf 88' lang='lat' dir='ltr'><strong>navem</strong></span> <span class='ocrx_word' id='word_1_445' title='bbox 1367 4389 1624 4448; x_wconf 87' lang='lat' dir='ltr'><strong>secundis</strong></span> <span class='ocrx_word' id='word_1_446' title='bbox 1654 4390 1831 4446; x_wconf 86' lang='lat' dir='ltr'><strong>ventis</strong></span> <span class='ocrx_word' id='word_1_447' title='bbox 1861 4404 1981 4445; x_wconf 81' lang='lat' dir='ltr'><strong>cur—</strong></span> 
     </span>
    </p>
   </div>
   <div class='ocr_carea' id='block_1_64' title="bbox 2066 1910 3630 2004">
    <p class='ocr_par' dir='ltr' id='par_1_64' title="bbox 2066 1910 3630 2004">
     <span class='ocr_line' id='line_1_64' title="bbox 2066 1910 3630 2004; baseline -0.015 -15"><span class='ocrx_word' id='word_1_448' title='bbox 2066 1910 2269 2004; x_wconf 64' lang='grc' dir='ltr'>γαγεῒν</span> <span class='ocrx_word' id='word_1_449' title='bbox 2403 1910 2594 1985; x_wconf 63' lang='grc' dir='ltr'>ὕδατα</span> <span class='ocrx_word' id='word_1_450' title='bbox 2626 1926 2842 1997; x_wconf 79' lang='grc' dir='ltr'>ἑρπετὰ</span> <span class='ocrx_word' id='word_1_451' title='bbox 2879 1920 3092 1993; x_wconf 74' lang='grc' dir='ltr'>ψυχῶν</span> <span class='ocrx_word' id='word_1_452' title='bbox 3122 1916 3322 1981; x_wconf 83' lang='grc' dir='ltr'><strong>ζωσῶν</strong></span> <span class='ocrx_word' id='word_1_453' title='bbox 3360 1915 3507 1969; x_wconf 82' lang='grc' dir='ltr'>κατὰ</span> <span class='ocrx_word' id='word_1_454' title='bbox 3533 1910 3630 1982; x_wconf 80' lang='grc' dir='ltr'>τέ-</span> 
     </span>
    </p>
   </div>
   <div class='ocr_carea' id='block_1_65' title="bbox 2066 2007 3625 2092">
    <p class='ocr_par' dir='ltr' id='par_1_65' title="bbox 2066 2007 3625 2092">
     <span class='ocr_line' id='line_1_65' title="bbox 2066 2007 3625 2092; baseline -0.016 -10"><span class='ocrx_word' id='word_1_455' title='bbox 2066 2043 2192 2092; x_wconf 80' lang='grc' dir='ltr'>νος’</span> <span class='ocrx_word' id='word_1_456' title='bbox 2222 2026 2316 2079; x_wconf 70' lang='grc' dir='ltr'><strong>καὶ</strong></span> <span class='ocrx_word' id='word_1_457' title='bbox 2343 2022 2543 2086; x_wconf 80' lang='grc' dir='ltr'>εὐθέως</span> <span class='ocrx_word' id='word_1_458' title='bbox 2572 2023 2607 2092; x_wconf 85' lang='grc' dir='ltr'>ἡ</span> <span class='ocrx_word' id='word_1_459' title='bbox 2643 2020 2740 2091; x_wconf 81' lang='grc' dir='ltr'><strong>μὲν</strong></span> <span class='ocrx_word' id='word_1_460' title='bbox 2770 2017 3011 2072; x_wconf 81' lang='grc' dir='ltr'>θάλασσα</span> <span class='ocrx_word' id='word_1_461' title='bbox 3043 2014 3268 2067; x_wconf 86' lang='grc' dir='ltr'>παντοῖα</span> <span class='ocrx_word' id='word_1_462' title='bbox 3301 2008 3451 2075; x_wconf 78' lang='grc' dir='ltr'>ζώων</span> <span class='ocrx_word' id='word_1_463' title='bbox 3493 2007 3625 2076; x_wconf 83' lang='grc' dir='ltr'>γένη</span> 
     </span>
    </p>
   </div>
   <div class='ocr_carea' id='block_1_66' title="bbox 2065 2100 3628 2189">
    <p class='ocr_par' dir='ltr' id='par_1_66' title="bbox 2065 2100 3628 2189">
     <span class='ocr_line' id='line_1_66' title="bbox 2065 2100 3628 2189; baseline -0.014 -16"><span class='ocrx_word' id='word_1_464' title='bbox 2065 2118 2293 2189; x_wconf 83' lang='grc' dir='ltr'>διάφορα</span> <span class='ocrx_word' id='word_1_465' title='bbox 2335 2114 2632 2183; x_wconf 77' lang='grc' dir='ltr'>ἀπεκύησε.</span> <span class='ocrx_word' id='word_1_466' title='bbox 2672 2109 2793 2163; x_wconf 80' lang='grc' dir='ltr'>Τῶν</span> <span class='ocrx_word' id='word_1_467' title='bbox 2830 2107 2938 2180; x_wconf 85' lang='grc' dir='ltr'><strong>γὰρ</strong></span> <span class='ocrx_word' id='word_1_468' title='bbox 2986 2106 3206 2160; x_wconf 73' lang='grc' dir='ltr'>ἐναλίων</span> <span class='ocrx_word' id='word_1_469' title='bbox 3232 2101 3300 2155; x_wconf 86' lang='grc' dir='ltr'><strong>τά</strong></span> <span class='ocrx_word' id='word_1_470' title='bbox 3339 2100 3437 2172; x_wconf 87' lang='grc' dir='ltr'>μὲν</span> <span class='ocrx_word' id='word_1_471' title='bbox 3479 2101 3628 2152; x_wconf 75' lang='grc' dir='ltr'>ἐστιν</span> 
     </span>
    </p>
   </div>
   <div class='ocr_carea' id='block_1_67' title="bbox 2067 2191 3629 2281">
    <p class='ocr_par' dir='ltr' id='par_1_67' title="bbox 2067 2191 3629 2281">
     <span class='ocr_line' id='line_1_67' title="bbox 2067 2191 3629 2281; baseline -0.018 -16"><span class='ocrx_word' id='word_1_472' title='bbox 2067 2210 2322 2281; x_wconf 81' lang='grc' dir='ltr'>ἀμφίϐια,</span> <span class='ocrx_word' id='word_1_473' title='bbox 2350 2203 2459 2261; x_wconf 82' lang='grc' dir='ltr'>οἷον</span> <span class='ocrx_word' id='word_1_474' title='bbox 2500 2204 2699 2274; x_wconf 84' lang='grc' dir='ltr'>φῶκαι.</span> <span class='ocrx_word' id='word_1_475' title='bbox 2741 2201 2834 2255; x_wconf 75' lang='grc' dir='ltr'>καὶ</span> <span class='ocrx_word' id='word_1_476' title='bbox 2864 2196 3211 2270; x_wconf 77' lang='grc' dir='ltr'>κροκόδειλοι,</span> <span class='ocrx_word' id='word_1_477' title='bbox 3244 2192 3334 2245; x_wconf 70' lang='grc' dir='ltr'><strong>καὶ</strong></span> <span class='ocrx_word' id='word_1_478' title='bbox 3375 2191 3424 2242; x_wconf 80' lang='grc' dir='ltr'><strong>οἰ</strong></span> <span class='ocrx_word' id='word_1_479' title='bbox 3457 2204 3629 2240; x_wconf 86' lang='grc' dir='ltr'>ποτα-</span> 
     </span>
    </p>
   </div>
   <div class='ocr_carea' id='block_1_68' title="bbox 2070 2276 3626 2376">
    <p class='ocr_par' dir='ltr' id='par_1_68' title="bbox 2070 2276 3626 2376">
     <span class='ocr_line' id='line_1_68' title="bbox 2070 2276 3626 2376; baseline -0.018 -20"><span class='ocrx_word' id='word_1_480' title='bbox 2070 2276 2237 2376; x_wconf 76' lang='grc' dir='ltr'>μιαῖοι</span> <span class='ocrx_word' id='word_1_481' title='bbox 2259 2301 2435 2364; x_wconf 81' lang='grc' dir='ltr'>ἵπποι,</span> <span class='ocrx_word' id='word_1_482' title='bbox 2465 2296 2545 2350; x_wconf 77' lang='grc' dir='ltr'>ἔτι</span> <span class='ocrx_word' id='word_1_483' title='bbox 2579 2295 2635 2348; x_wconf 76' lang='grc' dir='ltr'>δὲ</span> <span class='ocrx_word' id='word_1_484' title='bbox 2662 2295 2710 2346; x_wconf 91' lang='grc' dir='ltr'><strong>οἰ</strong></span> <span class='ocrx_word' id='word_1_485' title='bbox 2752 2292 3029 2363; x_wconf 79' lang='grc' dir='ltr'>βάτραχοι,</span> <span class='ocrx_word' id='word_1_486' title='bbox 3065 2288 3158 2340; x_wconf 75' lang='grc' dir='ltr'>καὶ</span> <span class='ocrx_word' id='word_1_487' title='bbox 3184 2285 3233 2338; x_wconf 83' lang='grc' dir='ltr'>οἱ</span> <span class='ocrx_word' id='word_1_488' title='bbox 3263 2282 3530 2354; x_wconf 91' lang='grc' dir='ltr'>καρκῖνοι,</span> <span class='ocrx_word' id='word_1_489' title='bbox 3564 2276 3626 2329; x_wconf 77' lang='grc' dir='ltr'><strong>οῦ</strong></span> 
     </span>
    </p>
   </div>
   <div class='ocr_carea' id='block_1_69' title="bbox 2071 2372 3627 2471">
    <p class='ocr_par' dir='ltr' id='par_1_69' title="bbox 2071 2372 3627 2471">
     <span class='ocr_line' id='line_1_69' title="bbox 2071 2372 3627 2471; baseline -0.018 -21"><span class='ocrx_word' id='word_1_490' title='bbox 2071 2372 2250 2471; x_wconf 83' lang='grc' dir='ltr'>μέντοι</span> <span class='ocrx_word' id='word_1_491' title='bbox 2294 2393 2355 2445; x_wconf 85' lang='grc' dir='ltr'><strong>τὸ</strong></span> <span class='ocrx_word' id='word_1_492' title='bbox 2391 2387 2642 2461; x_wconf 82' lang='grc' dir='ltr'>νηκτικὸν</span> <span class='ocrx_word' id='word_1_493' title='bbox 2676 2385 2878 2455; x_wconf 72' lang='grc' dir='ltr'>έχουσι·</span> <span class='ocrx_word' id='word_1_494' title='bbox 2928 2376 3226 2452; x_wconf 76' lang='grc' dir='ltr'>ἐρπυστικὰ</span> <span class='ocrx_word' id='word_1_495' title='bbox 3272 2373 3378 2444; x_wconf 84' lang='grc' dir='ltr'>γάρ</span> <span class='ocrx_word' id='word_1_496' title='bbox 3413 2376 3530 2471; x_wconf 72' lang='grc' dir='ltr'>ἐστι</span> 
     </span>
    </p>
   </div>
   <div class='ocr_carea' id='block_1_70' title="bbox 2069 2462 3628 2558">
    <p class='ocr_par' dir='ltr' id='par_1_70' title="bbox 2069 2462 3628 2558">
     <span class='ocr_line' id='line_1_70' title="bbox 2069 2462 3628 2558; baseline -0.018 -17"><span class='ocrx_word' id='word_1_497' title='bbox 2069 2462 2247 2558; x_wconf 77' lang='grc' dir='ltr'>φύσει,</span> <span class='ocrx_word' id='word_1_498' title='bbox 2277 2484 2356 2555; x_wconf 83' lang='grc' dir='ltr'>τῷ</span> <span class='ocrx_word' id='word_1_499' title='bbox 2398 2482 2642 2553; x_wconf 83' lang='grc' dir='ltr'>ἡγήματι</span> <span class='ocrx_word' id='word_1_500' title='bbox 2685 2474 2778 2529; x_wconf 85' lang='grc' dir='ltr'><strong>τοῦ</strong></span> <span class='ocrx_word' id='word_1_501' title='bbox 2811 2475 2999 2534; x_wconf 79' lang='grc' dir='ltr'>ὓδατος</span> <span class='ocrx_word' id='word_1_502' title='bbox 3039 2468 3405 2539; x_wconf 79' lang='grc' dir='ltr'>ὲπισυρόμενα</span> <span class='ocrx_word' id='word_1_503' title='bbox 3425 2481 3439 2494; x_wconf 87' lang='grc'><strong>·</strong></span> <span class='ocrx_word' id='word_1_504' title='bbox 3474 2462 3543 2516; x_wconf 81' lang='grc' dir='ltr'><strong>τά</strong></span> <span class='ocrx_word' id='word_1_505' title='bbox 3570 2462 3628 2515; x_wconf 77' lang='grc' dir='ltr'>δὲ</span> 
     </span>
    </p>
   </div>
   <div class='ocr_carea' id='block_1_71' title="bbox 2068 2554 3631 2648">
    <p class='ocr_par' dir='ltr' id='par_1_71' title="bbox 2068 2554 3631 2648">
     <span class='ocr_line' id='line_1_71' title="bbox 2068 2554 3631 2648; baseline -0.017 -15"><span class='ocrx_word' id='word_1_506' title='bbox 2068 2554 2337 2648; x_wconf 65' lang='grc' dir='ltr'>ζωοτόκα,</span> <span class='ocrx_word' id='word_1_507' title='bbox 2369 2569 2479 2627; x_wconf 75' lang='grc' dir='ltr'>οἷον</span> <span class='ocrx_word' id='word_1_508' title='bbox 2518 2571 2718 2642; x_wconf 83' lang='grc' dir='ltr'>φῶκαι,</span> <span class='ocrx_word' id='word_1_509' title='bbox 2750 2566 2843 2620; x_wconf 77' lang='grc' dir='ltr'>καὶ</span> <span class='ocrx_word' id='word_1_510' title='bbox 2869 2563 3127 2633; x_wconf 76' lang='grc' dir='ltr'>δελφῖνες,</span> <span class='ocrx_word' id='word_1_511' title='bbox 3160 2560 3255 2614; x_wconf 72' lang='grc' dir='ltr'>καὶ</span> <span class='ocrx_word' id='word_1_512' title='bbox 3288 2559 3505 2628; x_wconf 85' lang='grc' dir='ltr'>νάρκαι,</span> <span class='ocrx_word' id='word_1_513' title='bbox 3536 2554 3631 2606; x_wconf 74' lang='grc' dir='ltr'><strong>καὶ</strong></span> 
     </span>
    </p>
   </div>
   <div class='ocr_carea' id='block_1_72' title="bbox 2067 2645 3631 2743">
    <p class='ocr_par' dir='ltr' id='par_1_72' title="bbox 2067 2645 3631 2743">
     <span class='ocr_line' id='line_1_72' title="bbox 2067 2645 3631 2743; baseline -0.019 -15"><span class='ocrx_word' id='word_1_514' title='bbox 2067 2645 2136 2728; x_wconf 82' lang='grc' dir='ltr'>τὰ</span> <span class='ocrx_word' id='word_1_515' title='bbox 2157 2674 2314 2743; x_wconf 82' lang='grc' dir='ltr'>ὅμοια</span> <span class='ocrx_word' id='word_1_516' title='bbox 2341 2668 2540 2730; x_wconf 80' lang='grc' dir='ltr'>αὐτοῖς.</span> <span class='ocrx_word' id='word_1_517' title='bbox 2572 2665 2745 2719; x_wconf 81' lang='grc' dir='ltr'>Μόνον</span> <span class='ocrx_word' id='word_1_518' title='bbox 2773 2663 2830 2715; x_wconf 80' lang='grc' dir='ltr'>δὲ</span> <span class='ocrx_word' id='word_1_519' title='bbox 2863 2655 3187 2731; x_wconf 75' lang='grc' dir='ltr'>προσέταξεν</span> <span class='ocrx_word' id='word_1_520' title='bbox 3217 2654 3246 2706; x_wconf 88' lang='grc' dir='ltr'><strong>ὀ</strong></span> <span class='ocrx_word' id='word_1_521' title='bbox 3267 2651 3420 2714; x_wconf 81' lang='grc' dir='ltr'>Θεὸς,</span> <span class='ocrx_word' id='word_1_522' title='bbox 3446 2648 3540 2743; x_wconf 74' lang='grc' dir='ltr'>καὶ</span> <span class='ocrx_word' id='word_1_523' title='bbox 3563 2645 3631 2699; x_wconf 75' lang='grc' dir='ltr'><strong>τὰ</strong></span> 
     </span>
    </p>
   </div>
   <div class='ocr_carea' id='block_1_73' title="bbox 2069 2738 3627 2832">
    <p class='ocr_par' dir='ltr' id='par_1_73' title="bbox 2069 2738 3627 2832">
     <span class='ocr_line' id='line_1_73' title="bbox 2069 2738 3627 2832; baseline -0.018 -13"><span class='ocrx_word' id='word_1_524' title='bbox 2069 2738 2321 2832; x_wconf 78' lang='grc' dir='ltr'>πελάγια,</span> <span class='ocrx_word' id='word_1_525' title='bbox 2365 2760 2460 2814; x_wconf 76' lang='grc' dir='ltr'>καὶ</span> <span class='ocrx_word' id='word_1_526' title='bbox 2488 2756 2556 2810; x_wconf 90' lang='grc' dir='ltr'><strong>τά</strong></span> <span class='ocrx_word' id='word_1_527' title='bbox 2597 2752 2912 2825; x_wconf 87' lang='grc' dir='ltr'>αἰγιαλώδη,</span> <span class='ocrx_word' id='word_1_528' title='bbox 2939 2749 3008 2803; x_wconf 85' lang='grc' dir='ltr'>τὰ</span> <span class='ocrx_word' id='word_1_529' title='bbox 3035 2747 3213 2819; x_wconf 55' lang='lat' dir='ltr'><strong>poeta,</strong></span> <span class='ocrx_word' id='word_1_530' title='bbox 3254 2744 3324 2798; x_wconf 78' lang='grc' dir='ltr'>τὰ</span> <span class='ocrx_word' id='word_1_531' title='bbox 3353 2738 3627 2812; x_wconf 78' lang='grc' dir='ltr'>πετρώδη,</span> 
     </span>
    </p>
   </div>
   <div class='ocr_carea' id='block_1_74' title="bbox 2067 2833 3633 2926">
    <p class='ocr_par' dir='ltr' id='par_1_74' title="bbox 2067 2833 3633 2926">
     <span class='ocr_line' id='line_1_74' title="bbox 2067 2833 3633 2926; baseline -0.019 -13"><span class='ocrx_word' id='word_1_532' title='bbox 2067 2859 2136 2913; x_wconf 89' lang='grc' dir='ltr'><strong>τά</strong></span> <span class='ocrx_word' id='word_1_533' title='bbox 2152 2856 2399 2926; x_wconf 85' lang='grc' dir='ltr'>ἀγελαῖα,</span> <span class='ocrx_word' id='word_1_534' title='bbox 2426 2852 2495 2905; x_wconf 88' lang='grc' dir='ltr'><strong>τά</strong></span> <span class='ocrx_word' id='word_1_535' title='bbox 2517 2846 2836 2922; x_wconf 80' lang='grc' dir='ltr'>σποραδικά,</span> <span class='ocrx_word' id='word_1_536' title='bbox 2853 2844 2921 2898; x_wconf 83' lang='grc' dir='ltr'>τὰ</span> <span class='ocrx_word' id='word_1_537' title='bbox 2950 2843 3112 2914; x_wconf 83' lang='grc' dir='ltr'>κήτη,</span> <span class='ocrx_word' id='word_1_538' title='bbox 3139 2840 3205 2894; x_wconf 83' lang='grc' dir='ltr'><strong>τὰ</strong></span> <span class='ocrx_word' id='word_1_539' title='bbox 3233 2836 3532 2926; x_wconf 79' lang='grc' dir='ltr'>ὑπέρογκα.</span> <span class='ocrx_word' id='word_1_540' title='bbox 3560 2833 3633 2926; x_wconf 77' lang='grc' dir='ltr'><strong>τά</strong></span> 
     </span>
    </p>
   </div>
   <div class='ocr_carea' id='block_1_75' title="bbox 2066 2923 3635 3012">
    <p class='ocr_par' dir='ltr' id='par_1_75' title="bbox 2066 2923 3635 3012">
     <span class='ocr_line' id='line_1_75' title="bbox 2066 2923 3635 3012; baseline -0.018 -8"><span class='ocrx_word' id='word_1_541' title='bbox 2066 2923 2365 3004; x_wconf 80' lang='grc' dir='ltr'>λεπτότατα</span> <span class='ocrx_word' id='word_1_542' title='bbox 2407 2943 2516 2997; x_wconf 87' lang='grc' dir='ltr'>τῶν</span> <span class='ocrx_word' id='word_1_543' title='bbox 2563 2940 2758 3012; x_wconf 81' lang='grc' dir='ltr'>ἰχθύων</span> <span class='ocrx_word' id='word_1_544' title='bbox 2798 2936 2995 3008; x_wconf 74' lang='grc' dir='ltr'>προΐει,</span> <span class='ocrx_word' id='word_1_545' title='bbox 3047 2929 3363 3000; x_wconf 84' lang='grc' dir='ltr'>συγγένειαν</span> <span class='ocrx_word' id='word_1_546' title='bbox 3396 2924 3533 2998; x_wconf 72' lang='grc' dir='ltr'>πρὸς</span> <span class='ocrx_word' id='word_1_547' title='bbox 3571 2923 3635 2977; x_wconf 78' lang='grc' dir='ltr'>τὺ</span> 
     </span>
    </p>
   </div>
   <div class='ocr_carea' id='block_1_76' title="bbox 2070 3020 3631 3112">
    <p class='ocr_par' dir='ltr' id='par_1_76' title="bbox 2070 3020 3631 3112">
     <span class='ocr_line' id='line_1_76' title="bbox 2070 3020 3631 3112; baseline -0.017 -17"><span class='ocrx_word' id='word_1_548' title='bbox 2070 3038 2213 3112; x_wconf 75' lang='grc' dir='ltr'>ὕδωρ</span> <span class='ocrx_word' id='word_1_549' title='bbox 2240 3035 2470 3108; x_wconf 76' lang='grc' dir='ltr'>φυσικὴν</span> <span class='ocrx_word' id='word_1_550' title='bbox 2504 3033 2712 3104; x_wconf 79' lang='grc' dir='ltr'>έχοντα.</span> <span class='ocrx_word' id='word_1_551' title='bbox 2737 3026 2947 3101; x_wconf 77' lang='grc' dir='ltr'>Μικρὸν</span> <span class='ocrx_word' id='word_1_552' title='bbox 2976 3025 3085 3096; x_wconf 85' lang='grc' dir='ltr'>γὰρ</span> <span class='ocrx_word' id='word_1_553' title='bbox 3115 3025 3163 3077; x_wconf 88' lang='grc' dir='ltr'><strong>εἰ</strong></span> <span class='ocrx_word' id='word_1_554' title='bbox 3186 3021 3278 3076; x_wconf 88' lang='grc' dir='ltr'><strong>τοῦ</strong></span> <span class='ocrx_word' id='word_1_555' title='bbox 3307 3020 3495 3112; x_wconf 75' lang='grc' dir='ltr'>ὓδατος</span> <span class='ocrx_word' id='word_1_556' title='bbox 3519 3034 3631 3112; x_wconf 73' lang='grc' dir='ltr'>χω-</span> 
     </span>
    </p>
   </div>
   <div class='ocr_carea' id='block_1_77' title="bbox 2075 3107 3637 3206">
    <p class='ocr_par' dir='ltr' id='par_1_77' title="bbox 2075 3107 3637 3206">
     <span class='ocr_line' id='line_1_77' title="bbox 2075 3107 3637 3206; baseline -0.017 -19"><span class='ocrx_word' id='word_1_557' title='bbox 2075 3107 2253 3206; x_wconf 80' lang='grc' dir='ltr'>ρισθῇ,</span> <span class='ocrx_word' id='word_1_558' title='bbox 2285 3128 2357 3202; x_wconf 79' lang='grc' dir='ltr'>μὴ</span> <span class='ocrx_word' id='word_1_559' title='bbox 2385 3127 2573 3199; x_wconf 79' lang='grc' dir='ltr'>έχοντα</span> <span class='ocrx_word' id='word_1_560' title='bbox 2598 3120 2889 3191; x_wconf 83' lang='grc' dir='ltr'>ἀναπνοὴν,</span> <span class='ocrx_word' id='word_1_561' title='bbox 2915 3116 3302 3206; x_wconf 75' lang='grc' dir='ltr'>διαφθείρεταιο</span> <span class='ocrx_word' id='word_1_562' title='bbox 3328 3110 3500 3206; x_wconf 44' lang='lat' dir='ltr'><strong>qva?</strong></span> <span class='ocrx_word' id='word_1_563' title='bbox 3523 3107 3637 3206; x_wconf 76' lang='grc' dir='ltr'><strong>τῶν</strong></span> 
     </span>
    </p>
   </div>
   <div class='ocr_carea' id='block_1_78' title="bbox 2075 3201 3634 3296">
    <p class='ocr_par' dir='ltr' id='par_1_78' title="bbox 2075 3201 3634 3296">
     <span class='ocr_line' id='line_1_78' title="bbox 2075 3201 3634 3296; baseline -0.019 -17"><span class='ocrx_word' id='word_1_564' title='bbox 2075 3201 2349 3296; x_wconf 75' lang='grc' dir='ltr'>βραγχίων</span> <span class='ocrx_word' id='word_1_565' title='bbox 2377 3219 2557 3281; x_wconf 75' lang='grc' dir='ltr'>αὐτοῖς</span> <span class='ocrx_word' id='word_1_566' title='bbox 2596 3213 2866 3283; x_wconf 81' lang='grc' dir='ltr'>διαστολὴ,</span> <span class='ocrx_word' id='word_1_567' title='bbox 2898 3210 2995 3265; x_wconf 76' lang='grc' dir='ltr'>καὶ</span> <span class='ocrx_word' id='word_1_568' title='bbox 3035 3204 3338 3272; x_wconf 81' lang='grc' dir='ltr'>ὲπίπτυξις,</span> <span class='ocrx_word' id='word_1_569' title='bbox 3366 3201 3634 3296; x_wconf 73' lang='grc' dir='ltr'>δεχομένη</span> 
     </span>
    </p>
   </div>
   <div class='ocr_carea' id='block_1_79' title="bbox 2071 3295 3634 3384">
    <p class='ocr_par' dir='ltr' id='par_1_79' title="bbox 2071 3295 3634 3384">
     <span class='ocr_line' id='line_1_79' title="bbox 2071 3295 3634 3384; baseline -0.015 -16"><span class='ocrx_word' id='word_1_570' title='bbox 2071 3295 2132 3368; x_wconf 82' lang='grc' dir='ltr'><strong>τδ</strong></span> <span class='ocrx_word' id='word_1_571' title='bbox 2164 3313 2326 3384; x_wconf 81' lang='grc' dir='ltr'>ὓδωρ,</span> <span class='ocrx_word' id='word_1_572' title='bbox 2369 3311 2462 3364; x_wconf 75' lang='grc' dir='ltr'><strong>καὶ</strong></span> <span class='ocrx_word' id='word_1_573' title='bbox 2525 3308 2738 3369; x_wconf 79' lang='grc' dir='ltr'>διιεῖσα,</span> <span class='ocrx_word' id='word_1_574' title='bbox 2770 3303 2973 3374; x_wconf 84' lang='grc' dir='ltr'>ταύτην</span> <span class='ocrx_word' id='word_1_575' title='bbox 3002 3300 3098 3372; x_wconf 85' lang='grc' dir='ltr'>τὴν</span> <span class='ocrx_word' id='word_1_576' title='bbox 3125 3296 3393 3366; x_wconf 81' lang='grc' dir='ltr'>ἀναπνοὴν</span> <span class='ocrx_word' id='word_1_577' title='bbox 3438 3295 3634 3363; x_wconf 78' lang='grc' dir='ltr'>κέκτη-</span> 
     </span>
    </p>
   </div>
   <div class='ocr_carea' id='block_1_80' title="bbox 2071 3385 3632 3474">
    <p class='ocr_par' dir='ltr' id='par_1_80' title="bbox 2071 3385 3632 3474">
     <span class='ocr_line' id='line_1_80' title="bbox 2071 3385 3632 3474; baseline -0.014 -15"><span class='ocrx_word' id='word_1_578' title='bbox 2071 3423 2182 3462; x_wconf 87' lang='grc' dir='ltr'>ται.</span> <span class='ocrx_word' id='word_1_579' title='bbox 2216 3403 2379 3457; x_wconf 78' lang='grc' dir='ltr'>Οὐδὲν</span> <span class='ocrx_word' id='word_1_580' title='bbox 2402 3400 2530 3474; x_wconf 85' lang='grc' dir='ltr'>παρ’</span> <span class='ocrx_word' id='word_1_581' title='bbox 2557 3401 2738 3462; x_wconf 80' lang='grc' dir='ltr'>αὐτοῖς</span> <span class='ocrx_word' id='word_1_582' title='bbox 2760 3396 2817 3463; x_wconf 71' lang='grc' dir='ltr'>ἐξ</span> <span class='ocrx_word' id='word_1_583' title='bbox 2839 3393 3090 3467; x_wconf 84' lang='grc' dir='ltr'>ἡμισείας</span> <span class='ocrx_word' id='word_1_584' title='bbox 3113 3391 3224 3462; x_wconf 77' lang='grc' dir='ltr'>ἔχει</span> <span class='ocrx_word' id='word_1_585' title='bbox 3243 3388 3368 3451; x_wconf 74' lang='grc' dir='ltr'>τοὺς</span> <span class='ocrx_word' id='word_1_586' title='bbox 3392 3385 3632 3447; x_wconf 78' lang='grc' dir='ltr'>ὀδόντας,</span> 
     </span>
    </p>
   </div>
   <div class='ocr_carea' id='block_1_81' title="bbox 2072 3474 3634 3556">
    <p class='ocr_par' dir='ltr' id='par_1_81' title="bbox 2072 3474 3634 3556">
     <span class='ocr_line' id='line_1_81' title="bbox 2072 3474 3634 3556; baseline -0.015 -5"><span class='ocrx_word' id='word_1_587' title='bbox 2072 3496 2210 3552; x_wconf 91' lang='grc' dir='ltr'><strong>ἀλλά</strong></span> <span class='ocrx_word' id='word_1_588' title='bbox 2247 3495 2423 3549; x_wconf 82' lang='grc' dir='ltr'>πάντα</span> <span class='ocrx_word' id='word_1_589' title='bbox 2454 3491 2661 3545; x_wconf 80' lang='grc' dir='ltr'>ὀδοῦσιν</span> <span class='ocrx_word' id='word_1_590' title='bbox 2688 3489 2831 3556; x_wconf 78' lang='grc' dir='ltr'>ὀξέσι</span> <span class='ocrx_word' id='word_1_591' title='bbox 2861 3482 3371 3541; x_wconf 76' lang='grc' dir='ltr'>καταπεπύκνωται,</span> <span class='ocrx_word' id='word_1_592' title='bbox 3406 3476 3545 3548; x_wconf 67' lang='grc' dir='ltr'>πρὸς</span> <span class='ocrx_word' id='word_1_593' title='bbox 3576 3474 3634 3527; x_wconf 80' lang='grc' dir='ltr'><strong>τὸ</strong></span> 
     </span>
    </p>
   </div>
   <div class='ocr_carea' id='block_1_82' title="bbox 2077 3561 3636 3660">
    <p class='ocr_par' dir='ltr' id='par_1_82' title="bbox 2077 3561 3636 3660">
     <span class='ocr_line' id='line_1_82' title="bbox 2077 3561 3636 3660; baseline -0.015 -19"><span class='ocrx_word' id='word_1_594' title='bbox 2077 3588 2151 3660; x_wconf 84' lang='grc' dir='ltr'><strong>μὴ</strong></span> <span class='ocrx_word' id='word_1_595' title='bbox 2179 3585 2446 3658; x_wconf 77' lang='grc' dir='ltr'>διαῤῥέειν</span> <span class='ocrx_word' id='word_1_596' title='bbox 2474 3585 2538 3653; x_wconf 82' lang='grc' dir='ltr'>τῇ</span> <span class='ocrx_word' id='word_1_597' title='bbox 2566 3581 2753 3653; x_wconf 81' lang='grc' dir='ltr'>χρονίᾳ</span> <span class='ocrx_word' id='word_1_598' title='bbox 2785 3573 3132 3650; x_wconf 79' lang='grc' dir='ltr'>μασήσειτὴν</span> <span class='ocrx_word' id='word_1_599' title='bbox 3155 3571 3379 3643; x_wconf 86' lang='grc' dir='ltr'>τροφήν.</span> <span class='ocrx_word' id='word_1_600' title='bbox 3406 3561 3636 3660; x_wconf 71' lang='grc' dir='ltr'>Ἔμελλε</span> 
     </span>
    </p>
   </div>
   <div class='ocr_carea' id='block_1_83' title="bbox 2073 3657 3635 3751">
    <p class='ocr_par' dir='ltr' id='par_1_83' title="bbox 2073 3657 3635 3751">
     <span class='ocr_line' id='line_1_83' title="bbox 2073 3657 3635 3751; baseline -0.016 -17"><span class='ocrx_word' id='word_1_601' title='bbox 2073 3657 2183 3751; x_wconf 66' lang='grc' dir='ltr'>γάρ</span> <span class='ocrx_word' id='word_1_602' title='bbox 2231 3657 2287 3732; x_wconf 79' lang='grc' dir='ltr'>ὲν</span> <span class='ocrx_word' id='word_1_603' title='bbox 2339 3678 2403 3747; x_wconf 82' lang='grc' dir='ltr'><strong>τῇ</strong></span> <span class='ocrx_word' id='word_1_604' title='bbox 2453 3674 2623 3745; x_wconf 81' lang='grc' dir='ltr'>λεπτῇ</span> <span class='ocrx_word' id='word_1_605' title='bbox 2682 3673 2911 3743; x_wconf 84' lang='grc' dir='ltr'>μασήσει</span> <span class='ocrx_word' id='word_1_606' title='bbox 2953 3661 3355 3736; x_wconf 80' lang='grc' dir='ltr'>διαφθείρεσθαι</span> <span class='ocrx_word' id='word_1_607' title='bbox 3398 3659 3504 3713; x_wconf 77' lang='grc' dir='ltr'>ὑπὸ</span> <span class='ocrx_word' id='word_1_608' title='bbox 3540 3657 3635 3751; x_wconf 81' lang='grc' dir='ltr'><strong>τοῦ</strong></span> 
     </span>
    </p>
   </div>
   <div class='ocr_carea' id='block_1_84' title="bbox 2076 3749 3635 3839">
    <p class='ocr_par' dir='ltr' id='par_1_84' title="bbox 2076 3749 3635 3839">
     <span class='ocr_line' id='line_1_84' title="bbox 2076 3749 3635 3839; baseline -0.015 -14"><span class='ocrx_word' id='word_1_609' title='bbox 2076 3749 2285 3834; x_wconf 75' lang='grc' dir='ltr'>ὓδατος.</span> <span class='ocrx_word' id='word_1_610' title='bbox 2326 3765 2631 3839; x_wconf 83' lang='grc' dir='ltr'>Μηρυκίζει</span> <span class='ocrx_word' id='word_1_611' title='bbox 2686 3764 2741 3818; x_wconf 83' lang='grc' dir='ltr'><strong>δὲ</strong></span> <span class='ocrx_word' id='word_1_612' title='bbox 2768 3762 2918 3817; x_wconf 78' lang='grc' dir='ltr'>οὐδὲν</span> <span class='ocrx_word' id='word_1_613' title='bbox 2946 3759 3071 3813; x_wconf 80' lang='grc' dir='ltr'>ἀλλο</span> <span class='ocrx_word' id='word_1_614' title='bbox 3102 3758 3231 3828; x_wconf 76' lang='grc' dir='ltr'>παρ’</span> <span class='ocrx_word' id='word_1_615' title='bbox 3254 3754 3434 3816; x_wconf 82' lang='grc' dir='ltr'>αὐτοῖς</span> <span class='ocrx_word' id='word_1_616' title='bbox 3463 3754 3511 3804; x_wconf 90' lang='grc' dir='ltr'><strong>εἰ</strong></span> <span class='ocrx_word' id='word_1_617' title='bbox 3558 3749 3635 3821; x_wconf 80' lang='grc' dir='ltr'>μὴ</span> 
     </span>
    </p>
   </div>
   <div class='ocr_carea' id='block_1_85' title="bbox 2075 3839 3639 3933">
    <p class='ocr_par' dir='ltr' id='par_1_85' title="bbox 2075 3839 3639 3933">
     <span class='ocr_line' id='line_1_85' title="bbox 2075 3839 3639 3933; baseline -0.017 -16"><span class='ocrx_word' id='word_1_618' title='bbox 2075 3865 2103 3918; x_wconf 92' lang='grc' dir='ltr'><strong>ὀ</strong></span> <span class='ocrx_word' id='word_1_619' title='bbox 2132 3861 2350 3933; x_wconf 87' lang='grc' dir='ltr'>σκάρος.</span> <span class='ocrx_word' id='word_1_620' title='bbox 2387 3858 2541 3910; x_wconf 84' lang='grc' dir='ltr'>Ἔστι</span> <span class='ocrx_word' id='word_1_621' title='bbox 2570 3856 2625 3908; x_wconf 82' lang='grc' dir='ltr'>δὲ</span> <span class='ocrx_word' id='word_1_622' title='bbox 2657 3854 2752 3909; x_wconf 58' lang='grc' dir='ltr'><strong>καλ⁹</strong></span> <span class='ocrx_word' id='word_1_623' title='bbox 2779 3855 2812 3925; x_wconf 81' lang='grc' dir='ltr'><strong>ἡ</strong></span> <span class='ocrx_word' id='word_1_624' title='bbox 2855 3849 3029 3923; x_wconf 82' lang='grc' dir='ltr'>τροφὴ</span> <span class='ocrx_word' id='word_1_625' title='bbox 3062 3846 3193 3916; x_wconf 76' lang='grc' dir='ltr'>ἄλλη</span> <span class='ocrx_word' id='word_1_626' title='bbox 3234 3842 3409 3905; x_wconf 82' lang='grc' dir='ltr'>ἀλλοις</span> <span class='ocrx_word' id='word_1_627' title='bbox 3434 3839 3639 3895; x_wconf 80' lang='grc' dir='ltr'>κατάλ-</span> 
     </span>
    </p>
   </div>
   <div class='ocr_carea' id='block_1_86' title="bbox 2075 3934 3637 4024">
    <p class='ocr_par' dir='ltr' id='par_1_86' title="bbox 2075 3934 3637 4024">
     <span class='ocr_line' id='line_1_86' title="bbox 2075 3934 3637 4024; baseline -0.016 -15"><span class='ocrx_word' id='word_1_628' title='bbox 2075 3955 2253 4024; x_wconf 88' lang='grc' dir='ltr'>ληλος.</span> <span class='ocrx_word' id='word_1_629' title='bbox 2280 3954 2343 4006; x_wconf 86' lang='grc' dir='ltr'><strong>Οἱ</strong></span> <span class='ocrx_word' id='word_1_630' title='bbox 2375 3951 2473 4023; x_wconf 76' lang='grc' dir='ltr'><strong>μὲν</strong></span> <span class='ocrx_word' id='word_1_631' title='bbox 2501 3949 2609 4021; x_wconf 84' lang='grc' dir='ltr'><strong>γὰρ</strong></span> <span class='ocrx_word' id='word_1_632' title='bbox 2641 3947 2743 4001; x_wconf 76' lang='grc' dir='ltr'><strong>ἰλύῖ</strong></span> <span class='ocrx_word' id='word_1_633' title='bbox 2761 3946 3071 4019; x_wconf 80' lang='grc' dir='ltr'>τρέφονται,</span> <span class='ocrx_word' id='word_1_634' title='bbox 3099 3940 3148 3993; x_wconf 88' lang='grc' dir='ltr'><strong>οἰ</strong></span> <span class='ocrx_word' id='word_1_635' title='bbox 3180 3938 3236 3992; x_wconf 78' lang='grc' dir='ltr'>δὲ</span> <span class='ocrx_word' id='word_1_636' title='bbox 3261 3934 3374 4000; x_wconf 82' lang='grc' dir='ltr'>τοῖς</span> <span class='ocrx_word' id='word_1_637' title='bbox 3401 3934 3637 4003; x_wconf 81' lang='grc' dir='ltr'>φυκίοις,</span> 
     </span>
    </p>
   </div>
   <div class='ocr_carea' id='block_1_87' title="bbox 2077 4029 3639 4116">
    <p class='ocr_par' dir='ltr' id='par_1_87' title="bbox 2077 4029 3639 4116">
     <span class='ocr_line' id='line_1_87' title="bbox 2077 4029 3639 4116; baseline -0.016 -12"><span class='ocrx_word' id='word_1_638' title='bbox 2077 4050 2222 4105; x_wconf 84' lang='grc' dir='ltr'>ἄλλοι</span> <span class='ocrx_word' id='word_1_639' title='bbox 2252 4050 2374 4111; x_wconf 86' lang='grc' dir='ltr'>ταῖς</span> <span class='ocrx_word' id='word_1_640' title='bbox 2403 4046 2649 4116; x_wconf 79' lang='grc' dir='ltr'>βοτάναις</span> <span class='ocrx_word' id='word_1_641' title='bbox 2670 4045 2787 4107; x_wconf 83' lang='grc' dir='ltr'>ταῖς</span> <span class='ocrx_word' id='word_1_642' title='bbox 2809 4038 3168 4112; x_wconf 83' lang='grc' dir='ltr'>τρεφομέναις</span> <span class='ocrx_word' id='word_1_643' title='bbox 3197 4033 3276 4106; x_wconf 81' lang='grc' dir='ltr'>τῷ</span> <span class='ocrx_word' id='word_1_644' title='bbox 3307 4032 3491 4087; x_wconf 76' lang='grc' dir='ltr'>ὕδατι·</span> <span class='ocrx_word' id='word_1_645' title='bbox 3521 4029 3639 4081; x_wconf 77' lang='grc' dir='ltr'>ἓτε-</span> 
     </span>
    </p>
   </div>
   <div class='ocr_carea' id='block_1_88' title="bbox 2081 4135 2813 4214">
    <p class='ocr_par' dir='ltr' id='par_1_88' title="bbox 2081 4135 2813 4214">
     <span class='ocr_line' id='line_1_88' title="bbox 2081 4135 2813 4214; baseline -0.011 -18"><span class='ocrx_word' id='word_1_646' title='bbox 2081 4159 2161 4214; x_wconf 87' lang='grc' dir='ltr'><strong>ροι</strong></span> <span class='ocrx_word' id='word_1_647' title='bbox 2186 4141 2241 4195; x_wconf 82' lang='grc' dir='ltr'><strong>δέ</strong></span> <span class='ocrx_word' id='word_1_648' title='bbox 2269 4143 2405 4194; x_wconf 84' lang='grc' dir='ltr'>εἰσιν</span> <span class='ocrx_word' id='word_1_649' title='bbox 2434 4135 2813 4209; x_wconf 62' lang='grc' dir='ltr'>ἀλληλοφάγον..</span> 
     </span>
    </p>
   </div>
   <div class='ocr_carea' id='block_1_89' title="bbox 2153 4277 3641 4359">
    <p class='ocr_par' dir='ltr' id='par_1_89' title="bbox 2153 4277 3641 4359">
     <span class='ocr_line' id='line_1_89' title="bbox 2153 4277 3641 4359; baseline -0.015 -6"><span class='ocrx_word' id='word_1_650' title='bbox 2153 4300 2308 4353; x_wconf 86' lang='grc' dir='ltr'>Ἔστι</span> <span class='ocrx_word' id='word_1_651' title='bbox 2335 4297 2390 4351; x_wconf 82' lang='grc' dir='ltr'>δὲ</span> <span class='ocrx_word' id='word_1_652' title='bbox 2421 4294 2597 4349; x_wconf 78' lang='grc' dir='ltr'>αὐτῶν</span> <span class='ocrx_word' id='word_1_653' title='bbox 2637 4291 2730 4346; x_wconf 51' lang='grc' dir='ltr'><strong>καὶ¹</strong></span> <span class='ocrx_word' id='word_1_654' title='bbox 2772 4291 3003 4359; x_wconf 82' lang='grc' dir='ltr'>διάφορα</span> <span class='ocrx_word' id='word_1_655' title='bbox 3041 4286 3318 4357; x_wconf 86' lang='grc' dir='ltr'>ἰδιώματα.</span> <span class='ocrx_word' id='word_1_656' title='bbox 3364 4283 3425 4335; x_wconf 89' lang='lat'><strong>&#39;0</strong></span> <span class='ocrx_word' id='word_1_657' title='bbox 3465 4277 3641 4349; x_wconf 81' lang='grc' dir='ltr'>πριὼν</span> 
     </span>
    </p>
   </div>
   <div class='ocr_carea' id='block_1_90' title="bbox 2080 4373 3647 4465">
    <p class='ocr_par' dir='ltr' id='par_1_90' title="bbox 2080 4373 3647 4465">
     <span class='ocr_line' id='line_1_90' title="bbox 2080 4373 3647 4465; baseline -0.017 -18"><span class='ocrx_word' id='word_1_658' title='bbox 2080 4393 2354 4465; x_wconf 86' lang='grc' dir='ltr'>πτέρυγας</span> <span class='ocrx_word' id='word_1_659' title='bbox 2380 4390 2492 4461; x_wconf 78' lang='grc' dir='ltr'>ἔχει</span> <span class='ocrx_word' id='word_1_660' title='bbox 2523 4387 2754 4459; x_wconf 82' lang='grc' dir='ltr'>μακράς·</span> <span class='ocrx_word' id='word_1_661' title='bbox 2782 4383 2875 4437; x_wconf 70' lang='grc' dir='ltr'><strong>καὶ</strong></span> <span class='ocrx_word' id='word_1_662' title='bbox 2900 4379 3229 4449; x_wconf 88' lang='grc' dir='ltr'>θεασάμενος</span> <span class='ocrx_word' id='word_1_663' title='bbox 3257 4374 3439 4465; x_wconf 80' lang='grc' dir='ltr'>πλοῖον</span> <span class='ocrx_word' id='word_1_664' title='bbox 3466 4373 3647 4442; x_wconf 83' lang='grc' dir='ltr'>οὐριο-</span> 
     </span>
    </p>
   </div>
   <div class='ocr_carea' id='block_1_91' title="bbox 406 4463 1985 4565">
    <p class='ocr_par' dir='ltr' id='par_1_91' title="bbox 406 4481 1976 4548">
     <span class='ocr_line' id='line_1_91' title="bbox 406 4481 1976 4548; baseline -0.007 0"><span class='ocrx_word' id='word_1_665' title='bbox 406 4506 536 4548; x_wconf 77' lang='lat' dir='ltr'><strong>sum</strong></span> <span class='ocrx_word' id='word_1_666' title='bbox 560 4497 832 4544; x_wconf 86' lang='lat' dir='ltr'><strong>tenentem</strong></span> <span class='ocrx_word' id='word_1_667' title='bbox 865 4503 1025 4542; x_wconf 90' lang='lat' dir='ltr'><strong>suum</strong></span> <span class='ocrx_word' id='word_1_668' title='bbox 1055 4485 1271 4545; x_wconf 81' lang='lat' dir='ltr'><strong>viderit,</strong></span> <span class='ocrx_word' id='word_1_669' title='bbox 1299 4484 1400 4539; x_wconf 89' lang='lat' dir='ltr'><strong>alis</strong></span> <span class='ocrx_word' id='word_1_670' title='bbox 1419 4485 1474 4543; x_wconf 91' lang='lat' dir='ltr'><strong>in</strong></span> <span class='ocrx_word' id='word_1_671' title='bbox 1498 4484 1667 4537; x_wconf 86' lang='lat' dir='ltr'><strong>altum</strong></span> <span class='ocrx_word' id='word_1_672' title='bbox 1714 4481 1976 4546; x_wconf 79' lang='lat' dir='ltr'><strong>extensis,</strong></span> 
     </span>
    </p>
   </div>
   <div class='ocr_carea' id='block_1_92' title="bbox 2075 4463 3643 4565">
    <p class='ocr_par' dir='ltr' id='par_1_92' title="bbox 2079 4463 3643 4556">
     <span class='ocr_line' id='line_1_92' title="bbox 2079 4463 3643 4556; baseline -0.016 -18"><span class='ocrx_word' id='word_1_673' title='bbox 2079 4482 2334 4556; x_wconf 86' lang='grc' dir='ltr'>δρομοῦν.</span> <span class='ocrx_word' id='word_1_674' title='bbox 2386 4482 2480 4535; x_wconf 75' lang='grc' dir='ltr'><strong>καὶ</strong></span> <span class='ocrx_word' id='word_1_675' title='bbox 2524 4478 2685 4543; x_wconf 81' lang='grc' dir='ltr'>αὐτὸς</span> <span class='ocrx_word' id='word_1_676' title='bbox 2725 4473 2944 4546; x_wconf 48' lang='lat' dir='ltr'><strong>oetam</strong></span> <span class='ocrx_word' id='word_1_677' title='bbox 2984 4468 3173 4524; x_wconf 79' lang='grc' dir='ltr'>ἑαυτοῦ</span> <span class='ocrx_word' id='word_1_678' title='bbox 3206 4467 3305 4530; x_wconf 83' lang='grc' dir='ltr'>τὰς</span> <span class='ocrx_word' id='word_1_679' title='bbox 3342 4463 3643 4534; x_wconf 81' lang='grc' dir='ltr'>πτέρυγας,</span> 
     </span>
    </p>
   </div>
   <div class='ocr_carea' id='block_1_93' title="bbox 411 4573 1976 4649">
    <p class='ocr_par' dir='ltr' id='par_1_93' title="bbox 411 4573 1976 4649">
     <span class='ocr_line' id='line_1_93' title="bbox 411 4573 1976 4649; baseline -0.007 -13"><span class='ocrx_word' id='word_1_680' title='bbox 411 4582 571 4636; x_wconf 87' lang='lat' dir='ltr'><strong>navis</strong></span> <span class='ocrx_word' id='word_1_681' title='bbox 591 4580 773 4635; x_wconf 85' lang='lat' dir='ltr'><strong>varios</strong></span> <span class='ocrx_word' id='word_1_682' title='bbox 796 4575 1147 4649; x_wconf 86' lang='lat' dir='ltr'><strong>ingrediendo</strong></span> <span class='ocrx_word' id='word_1_683' title='bbox 1178 4582 1360 4629; x_wconf 83' lang='lat' dir='ltr'><strong>motus</strong></span> <span class='ocrx_word' id='word_1_684' title='bbox 1391 4581 1553 4644; x_wconf 89' lang='lat' dir='ltr'><strong>atque</strong></span> <span class='ocrx_word' id='word_1_685' title='bbox 1578 4574 1776 4644; x_wconf 79' lang='lat' dir='ltr'><strong>figuras</strong></span> <span class='ocrx_word' id='word_1_686' title='bbox 1799 4573 1976 4626; x_wconf 88' lang='lat' dir='ltr'><strong>imita-</strong></span> 
     </span>
    </p>
   </div>
   <div class='ocr_carea' id='block_1_94' title="bbox 412 4664 1977 4739">
    <p class='ocr_par' dir='ltr' id='par_1_94' title="bbox 412 4664 1977 4739">
     <span class='ocr_line' id='line_1_94' title="bbox 412 4664 1977 4739; baseline -0.006 -13"><span class='ocrx_word' id='word_1_687' title='bbox 412 4680 527 4733; x_wconf 88' lang='lat' dir='ltr'><strong>tur,</strong></span> <span class='ocrx_word' id='word_1_688' title='bbox 556 4679 610 4727; x_wconf 89' lang='lat' dir='ltr'><strong>et</strong></span> <span class='ocrx_word' id='word_1_689' title='bbox 636 4686 761 4725; x_wconf 88' lang='lat' dir='ltr'><strong>cum</strong></span> <span class='ocrx_word' id='word_1_690' title='bbox 798 4670 933 4739; x_wconf 81' lang='lat' dir='ltr'><strong>ipsis</strong></span> <span class='ocrx_word' id='word_1_691' title='bbox 959 4667 1341 4737; x_wconf 80' lang='lat' dir='ltr'><strong>navigantibus</strong></span> <span class='ocrx_word' id='word_1_692' title='bbox 1369 4666 1437 4721; x_wconf 89' lang='lat' dir='ltr'><strong>de</strong></span> <span class='ocrx_word' id='word_1_693' title='bbox 1455 4681 1619 4720; x_wconf 85' lang='lat' dir='ltr'><strong>cursu</strong></span> <span class='ocrx_word' id='word_1_694' title='bbox 1649 4671 1850 4727; x_wconf 82' lang='lat' dir='ltr'><strong>certat;</strong></span> <span class='ocrx_word' id='word_1_695' title='bbox 1883 4664 1977 4733; x_wconf 84' lang='lat' dir='ltr'><strong>qui</strong></span> 
     </span>
    </p>
   </div>
   <div class='ocr_carea' id='block_1_95' title="bbox 418 4750 1980 4834">
    <p class='ocr_par' dir='ltr' id='par_1_95' title="bbox 418 4750 1980 4834">
     <span class='ocr_line' id='line_1_95' title="bbox 418 4750 1980 4834; baseline -0.007 -15"><span class='ocrx_word' id='word_1_696' title='bbox 418 4765 511 4820; x_wconf 88' lang='lat' dir='ltr'><strong>ubi</strong></span> <span class='ocrx_word' id='word_1_697' title='bbox 541 4763 904 4834; x_wconf 79' lang='lat' dir='ltr'><strong>quadraginta</strong></span> <span class='ocrx_word' id='word_1_698' title='bbox 952 4750 1252 4817; x_wconf 88' lang='lat' dir='ltr'><strong>stadiorum</strong></span> <span class='ocrx_word' id='word_1_699' title='bbox 1285 4759 1519 4829; x_wconf 89' lang='lat' dir='ltr'><strong>spatium</strong></span> <span class='ocrx_word' id='word_1_700' title='bbox 1551 4757 1869 4827; x_wconf 73' lang='lat' dir='ltr'><strong>expleverit,</strong></span> <span class='ocrx_word' id='word_1_701' title='bbox 1908 4757 1980 4809; x_wconf 88' lang='lat' dir='ltr'><strong>la-</strong></span> 
     </span>
    </p>
   </div>
   <div class='ocr_carea' id='block_1_96' title="bbox 414 4850 1975 4925">
    <p class='ocr_par' dir='ltr' id='par_1_96' title="bbox 414 4850 1975 4925">
     <span class='ocr_line' id='line_1_96' title="bbox 414 4850 1975 4925; baseline -0.006 -14"><span class='ocrx_word' id='word_1_702' title='bbox 414 4858 548 4911; x_wconf 87' lang='lat' dir='ltr'><strong>bore</strong></span> <span class='ocrx_word' id='word_1_703' title='bbox 572 4854 852 4925; x_wconf 84' lang='lat' dir='ltr'><strong>fatigatus,</strong></span> <span class='ocrx_word' id='word_1_704' title='bbox 877 4853 978 4908; x_wconf 87' lang='lat' dir='ltr'><strong>alis</strong></span> <span class='ocrx_word' id='word_1_705' title='bbox 1019 4850 1280 4914; x_wconf 87' lang='lat' dir='ltr'><strong>dimissis,</strong></span> <span class='ocrx_word' id='word_1_706' title='bbox 1329 4864 1544 4905; x_wconf 91' lang='lat' dir='ltr'><strong>summa</strong></span> <span class='ocrx_word' id='word_1_707' title='bbox 1590 4863 1732 4919; x_wconf 89' lang='lat' dir='ltr'><strong>aqua</strong></span> <span class='ocrx_word' id='word_1_708' title='bbox 1757 4856 1975 4914; x_wconf 87' lang='lat' dir='ltr'><strong>natans,</strong></span> 
     </span>
    </p>
   </div>
   <div class='ocr_carea' id='block_1_97' title="bbox 412 4941 1622 5018">
    <p class='ocr_par' dir='ltr' id='par_1_97' title="bbox 412 4941 1622 5018">
     <span class='ocr_line' id='line_1_97' title="bbox 412 4941 1622 5018; baseline -0.007 -15"><span class='ocrx_word' id='word_1_709' title='bbox 412 4948 469 5004; x_wconf 90' lang='lat' dir='ltr'><strong>in</strong></span> <span class='ocrx_word' id='word_1_710' title='bbox 509 4946 789 5018; x_wconf 87' lang='lat' dir='ltr'><strong>proprium</strong></span> <span class='ocrx_word' id='word_1_711' title='bbox 813 4946 991 4999; x_wconf 93' lang='lat' dir='ltr'><strong>locum</strong></span> <span class='ocrx_word' id='word_1_712' title='bbox 1023 4951 1168 4999; x_wconf 87' lang='lat' dir='ltr'><strong>retro</strong></span> <span class='ocrx_word' id='word_1_713' title='bbox 1195 4953 1349 4998; x_wconf 89' lang='lat' dir='ltr'><strong>actus</strong></span> <span class='ocrx_word' id='word_1_714' title='bbox 1379 4941 1622 5012; x_wconf 88' lang='lat' dir='ltr'><strong>appellit.</strong></span> 
     </span>
    </p>
   </div>
   <div class='ocr_carea' id='block_1_98' title="bbox 487 5031 1973 5106">
    <p class='ocr_par' dir='ltr' id='par_1_98' title="bbox 487 5031 1973 5106">
     <span class='ocr_line' id='line_1_98' title="bbox 487 5031 1973 5106; baseline -0.001 -15"><span class='ocrx_word' id='word_1_715' title='bbox 487 5039 701 5094; x_wconf 66' lang='lat' dir='ltr'><strong>Balwna</strong></span> <span class='ocrx_word' id='word_1_716' title='bbox 744 5051 905 5106; x_wconf 88' lang='lat' dir='ltr'><strong>quam</strong></span> <span class='ocrx_word' id='word_1_717' title='bbox 936 5035 1425 5105; x_wconf 78' lang='lat' dir='ltr'><strong>Aspidochelonam</strong></span> <span class='ocrx_word' id='word_1_718' title='bbox 1478 5032 1701 5103; x_wconf 89' lang='lat' dir='ltr'><strong>quidam</strong></span> <span class='ocrx_word' id='word_1_719' title='bbox 1762 5031 1973 5090; x_wconf 84' lang='lat' dir='ltr'><strong>dicunt.</strong></span> 
     </span>
    </p>
   </div>
   <div class='ocr_carea' id='block_1_99' title="bbox 416 5124 1980 5197">
    <p class='ocr_par' dir='ltr' id='par_1_99' title="bbox 416 5124 1980 5197">
     <span class='ocr_line' id='line_1_99' title="bbox 416 5124 1980 5197; baseline -0.008 -8"><span class='ocrx_word' id='word_1_720' title='bbox 416 5132 475 5190; x_wconf 85' lang='lat' dir='ltr'><strong>in</strong></span> <span class='ocrx_word' id='word_1_721' title='bbox 506 5131 822 5185; x_wconf 88' lang='lat' dir='ltr'><strong>immensam</strong></span> <span class='ocrx_word' id='word_1_722' title='bbox 857 5127 1279 5197; x_wconf 79' lang='lat' dir='ltr'><strong>magnitudinem</strong></span> <span class='ocrx_word' id='word_1_723' title='bbox 1313 5125 1596 5187; x_wconf 90' lang='lat' dir='ltr'><strong>adolescit,</strong></span> <span class='ocrx_word' id='word_1_724' title='bbox 1627 5124 1701 5177; x_wconf 84' lang='lat' dir='ltr'><strong>ita</strong></span> <span class='ocrx_word' id='word_1_725' title='bbox 1735 5132 1795 5177; x_wconf 90' lang='lat' dir='ltr'><strong>ut</strong></span> <span class='ocrx_word' id='word_1_726' title='bbox 1824 5124 1980 5177; x_wconf 90' lang='lat' dir='ltr'><strong>navi-</strong></span> 
     </span>
    </p>
   </div>
   <div class='ocr_carea' id='block_1_100' title="bbox 414 5215 1979 5295">
    <p class='ocr_par' dir='ltr' id='par_1_100' title="bbox 414 5215 1979 5295">
     <span class='ocr_line' id='line_1_100' title="bbox 414 5215 1979 5295; baseline -0.006 -18"><span class='ocrx_word' id='word_1_727' title='bbox 414 5224 670 5295; x_wconf 84' lang='lat' dir='ltr'><strong>gantibus</strong></span> <span class='ocrx_word' id='word_1_728' title='bbox 719 5222 954 5291; x_wconf 89' lang='lat' dir='ltr'><strong>speciem</strong></span> <span class='ocrx_word' id='word_1_729' title='bbox 988 5219 1225 5290; x_wconf 79' lang='lat' dir='ltr'><strong>ingentis</strong></span> <span class='ocrx_word' id='word_1_730' title='bbox 1256 5219 1450 5274; x_wconf 77' lang='lat' dir='ltr'><strong>insul:e</strong></span> <span class='ocrx_word' id='word_1_731' title='bbox 1473 5224 1848 5287; x_wconf 76' lang='lat' dir='ltr'><strong>repraesentet.</strong></span> <span class='ocrx_word' id='word_1_732' title='bbox 1901 5215 1979 5269; x_wconf 81' lang='lat' dir='ltr'><strong>Ex</strong></span> 
     </span>
    </p>
   </div>
   <div class='ocr_carea' id='block_1_101' title="bbox 413 5307 1979 5388">
    <p class='ocr_par' dir='ltr' id='par_1_101' title="bbox 413 5307 1979 5388">
     <span class='ocr_line' id='line_1_101' title="bbox 413 5307 1979 5388; baseline -0.007 -18"><span class='ocrx_word' id='word_1_733' title='bbox 413 5315 684 5388; x_wconf 81' lang='lat' dir='ltr'><strong>profundo</strong></span> <span class='ocrx_word' id='word_1_734' title='bbox 708 5328 943 5383; x_wconf 89' lang='lat' dir='ltr'><strong>namque</strong></span> <span class='ocrx_word' id='word_1_735' title='bbox 972 5327 1254 5382; x_wconf 89' lang='lat' dir='ltr'><strong>emergens</strong></span> <span class='ocrx_word' id='word_1_736' title='bbox 1294 5311 1497 5365; x_wconf 82' lang='lat' dir='ltr'><strong>eminet</strong></span> <span class='ocrx_word' id='word_1_737' title='bbox 1529 5308 1692 5363; x_wconf 87' lang='lat' dir='ltr'><strong>dorso</strong></span> <span class='ocrx_word' id='word_1_738' title='bbox 1749 5307 1979 5361; x_wconf 91' lang='lat' dir='ltr'><strong>multum</strong></span> 
     </span>
    </p>
   </div>
   <div class='ocr_carea' id='block_1_102' title="bbox 412 5400 1979 5480">
    <p class='ocr_par' dir='ltr' id='par_1_102' title="bbox 412 5400 1979 5480">
     <span class='ocr_line' id='line_1_102' title="bbox 412 5400 1979 5480; baseline -0.008 -17"><span class='ocrx_word' id='word_1_739' title='bbox 412 5425 581 5480; x_wconf 86' lang='lat' dir='ltr'><strong>supra</strong></span> <span class='ocrx_word' id='word_1_740' title='bbox 608 5423 798 5478; x_wconf 89' lang='lat' dir='ltr'><strong>aquas,</strong></span> <span class='ocrx_word' id='word_1_741' title='bbox 826 5404 969 5476; x_wconf 91' lang='lat' dir='ltr'><strong>quod</strong></span> <span class='ocrx_word' id='word_1_742' title='bbox 999 5404 1152 5458; x_wconf 85' lang='lat' dir='ltr'><strong>duris</strong></span> <span class='ocrx_word' id='word_1_743' title='bbox 1191 5402 1507 5473; x_wconf 85' lang='lat' dir='ltr'><strong>asperisque</strong></span> <span class='ocrx_word' id='word_1_744' title='bbox 1537 5402 1684 5455; x_wconf 72' lang='lat' dir='ltr'><strong>saxis</strong></span> <span class='ocrx_word' id='word_1_745' title='bbox 1724 5400 1979 5454; x_wconf 86' lang='lat' dir='ltr'><strong>vestitum</strong></span> 
     </span>
    </p>
   </div>
   <div class='ocr_carea' id='block_1_103' title="bbox 414 5492 1982 5565">
    <p class='ocr_par' dir='ltr' id='par_1_103' title="bbox 414 5492 1982 5565">
     <span class='ocr_line' id='line_1_103' title="bbox 414 5492 1982 5565; baseline -0.004 -15"><span class='ocrx_word' id='word_1_746' title='bbox 414 5501 661 5563; x_wconf 72' lang='lat' dir='ltr'><strong>videtur;</strong></span> <span class='ocrx_word' id='word_1_747' title='bbox 699 5504 754 5553; x_wconf 87' lang='lat' dir='ltr'><strong>et</strong></span> <span class='ocrx_word' id='word_1_748' title='bbox 801 5498 857 5551; x_wconf 86' lang='lat' dir='ltr'><strong>in</strong></span> <span class='ocrx_word' id='word_1_749' title='bbox 895 5513 960 5553; x_wconf 92' lang='lat' dir='ltr'><strong>eo</strong></span> <span class='ocrx_word' id='word_1_750' title='bbox 991 5496 1112 5551; x_wconf 77' lang='lat' dir='ltr'><strong>fixis</strong></span> <span class='ocrx_word' id='word_1_751' title='bbox 1157 5495 1297 5565; x_wconf 80' lang='lat' dir='ltr'><strong>palis</strong></span> <span class='ocrx_word' id='word_1_752' title='bbox 1343 5508 1511 5548; x_wconf 84' lang='lat' dir='ltr'><strong>naves</strong></span> <span class='ocrx_word' id='word_1_753' title='bbox 1559 5492 1802 5561; x_wconf 86' lang='lat' dir='ltr'><strong>alligant,</strong></span> <span class='ocrx_word' id='word_1_754' title='bbox 1860 5504 1982 5559; x_wconf 85' lang='lat' dir='ltr'><strong>quae</strong></span> 
     </span>
    </p>
   </div>
   <div class='ocr_carea' id='block_1_104' title="bbox 414 5582 1982 5659">
    <p class='ocr_par' dir='ltr' id='par_1_104' title="bbox 414 5582 1982 5659">
     <span class='ocr_line' id='line_1_104' title="bbox 414 5582 1982 5659; baseline -0.006 -14"><span class='ocrx_word' id='word_1_755' title='bbox 414 5591 599 5645; x_wconf 81' lang='lat' dir='ltr'><strong>statim</strong></span> <span class='ocrx_word' id='word_1_756' title='bbox 624 5592 676 5644; x_wconf 89' lang='lat' dir='ltr'><strong>in</strong></span> <span class='ocrx_word' id='word_1_757' title='bbox 707 5605 905 5659; x_wconf 86' lang='lat' dir='ltr'><strong>aquam</strong></span> <span class='ocrx_word' id='word_1_758' title='bbox 932 5594 1239 5657; x_wconf 87' lang='lat' dir='ltr'><strong>emergunt,</strong></span> <span class='ocrx_word' id='word_1_759' title='bbox 1263 5600 1384 5641; x_wconf 90' lang='lat' dir='ltr'><strong>cum</strong></span> <span class='ocrx_word' id='word_1_760' title='bbox 1406 5585 1613 5640; x_wconf 72' lang='lat' dir='ltr'><strong>balaena</strong></span> <span class='ocrx_word' id='word_1_761' title='bbox 1646 5582 1982 5653; x_wconf 87' lang='lat' dir='ltr'><strong>apricatione</strong></span> 
     </span>
    </p>
   </div>
   <div class='ocr_carea' id='block_1_105' title="bbox 416 5673 1983 5751">
    <p class='ocr_par' dir='ltr' id='par_1_105' title="bbox 416 5673 1983 5751">
     <span class='ocr_line' id='line_1_105' title="bbox 416 5673 1983 5751; baseline -0.004 -15"><span class='ocrx_word' id='word_1_762' title='bbox 416 5682 705 5741; x_wconf 80' lang='lat' dir='ltr'><strong>incaluerit</strong></span> <span class='ocrx_word' id='word_1_763' title='bbox 731 5696 898 5751; x_wconf 83' lang='lat' dir='ltr'><strong>seque</strong></span> <span class='ocrx_word' id='word_1_764' title='bbox 946 5680 1000 5736; x_wconf 92' lang='lat' dir='ltr'><strong>in</strong></span> <span class='ocrx_word' id='word_1_765' title='bbox 1030 5678 1356 5750; x_wconf 84' lang='lat' dir='ltr'><strong>profundum</strong></span> <span class='ocrx_word' id='word_1_766' title='bbox 1395 5674 1759 5736; x_wconf 82' lang='lat' dir='ltr'><strong>immerserit:</strong></span> <span class='ocrx_word' id='word_1_767' title='bbox 1820 5673 1983 5729; x_wconf 79' lang='lat' dir='ltr'><strong>habet</strong></span> 
     </span>
    </p>
   </div>
   <div class='ocr_carea' id='block_1_106' title="bbox 493 5772 893 5841">
    <p class='ocr_par' dir='ltr' id='par_1_106' title="bbox 493 5772 893 5841">
     <span class='ocr_line' id='line_1_106' title="bbox 493 5772 893 5841; baseline 0.005 -8"><span class='ocrx_word' id='word_1_768' title='bbox 493 5775 536 5813; x_wconf 74' lang='grc'><strong>⁸³</strong></span> <span class='ocrx_word' id='word_1_769' title='bbox 568 5772 695 5837; x_wconf 76' lang='lat' dir='ltr'><strong>Gen.</strong></span> <span class='ocrx_word' id='word_1_770' title='bbox 734 5791 772 5841; x_wconf 86' lang='grc' dir='ltr'><strong>ι,</strong></span> <span class='ocrx_word' id='word_1_771' title='bbox 808 5774 893 5834; x_wconf 73' lang='grc'><strong>15.</strong></span> 
     </span>
    </p>
   </div>
   <div class='ocr_carea' id='block_1_107' title="bbox 2087 4553 3647 4649">
    <p class='ocr_par' dir='ltr' id='par_1_107' title="bbox 2087 4553 3647 4649">
     <span class='ocr_line' id='line_1_107' title="bbox 2087 4553 3647 4649; baseline -0.017 -17"><span class='ocrx_word' id='word_1_772' title='bbox 2087 4553 2329 4649; x_wconf 79' lang='grc' dir='ltr'>μιμεῖται</span> <span class='ocrx_word' id='word_1_773' title='bbox 2375 4572 2474 4642; x_wconf 84' lang='grc' dir='ltr'>τῆς</span> <span class='ocrx_word' id='word_1_774' title='bbox 2518 4570 2644 4643; x_wconf 74' lang='grc' dir='ltr'>νηὸς</span> <span class='ocrx_word' id='word_1_775' title='bbox 2684 4569 2752 4624; x_wconf 76' lang='grc' dir='ltr'>τὰ</span> <span class='ocrx_word' id='word_1_776' title='bbox 2794 4569 3046 4639; x_wconf 86' lang='grc' dir='ltr'>σχήματα</span> <span class='ocrx_word' id='word_1_777' title='bbox 3084 4564 3185 4633; x_wconf 70' lang='grc' dir='ltr'>τῆς</span> <span class='ocrx_word' id='word_1_778' title='bbox 3222 4560 3505 4649; x_wconf 80' lang='grc' dir='ltr'>κινήσεως,</span> <span class='ocrx_word' id='word_1_779' title='bbox 3550 4553 3647 4649; x_wconf 70' lang='grc' dir='ltr'><strong>καὶ</strong></span> 
     </span>
    </p>
   </div>
   <div class='ocr_carea' id='block_1_108' title="bbox 2083 4644 3750 4740">
    <p class='ocr_par' dir='ltr' id='par_1_108' title="bbox 2083 4644 3750 4740">
     <span class='ocr_line' id='line_1_108' title="bbox 2083 4644 3750 4740; baseline -0.018 -19"><span class='ocrx_word' id='word_1_780' title='bbox 2083 4668 2250 4740; x_wconf 78' lang='grc' dir='ltr'>ἐρίζει</span> <span class='ocrx_word' id='word_1_781' title='bbox 2277 4668 2389 4727; x_wconf 85' lang='grc' dir='ltr'>τοῖς</span> <span class='ocrx_word' id='word_1_782' title='bbox 2431 4661 2670 4716; x_wconf 88' lang='grc' dir='ltr'>πλέουσι.</span> <span class='ocrx_word' id='word_1_783' title='bbox 2702 4659 2940 4729; x_wconf 82' lang='grc' dir='ltr'>Ποιήσας</span> <span class='ocrx_word' id='word_1_784' title='bbox 2964 4651 3056 4708; x_wconf 79' lang='grc' dir='ltr'><strong>οὖν</strong></span> <span class='ocrx_word' id='word_1_785' title='bbox 3101 4648 3344 4712; x_wconf 83' lang='grc' dir='ltr'>σταδίους</span> <span class='ocrx_word' id='word_1_786' title='bbox 3371 4644 3645 4714; x_wconf 72' lang='grc' dir='ltr'>τεσσαράο</span> <span class='ocrx_word' id='word_1_787' title='bbox 3744 4699 3750 4703; x_wconf 93' lang='lat'>_</span> 
     </span>
    </p>
   </div>
   <div class='ocr_carea' id='block_1_109' title="bbox 2084 4739 3643 4827">
    <p class='ocr_par' dir='ltr' id='par_1_109' title="bbox 2084 4739 3643 4827">
     <span class='ocr_line' id='line_1_109' title="bbox 2084 4739 3643 4827; baseline -0.017 -14"><span class='ocrx_word' id='word_1_788' title='bbox 2084 4739 2267 4827; x_wconf 66' lang='grc' dir='ltr'>κοντα,</span> <span class='ocrx_word' id='word_1_789' title='bbox 2303 4755 2395 4815; x_wconf 75' lang='grc' dir='ltr'><strong>καὶ</strong></span> <span class='ocrx_word' id='word_1_790' title='bbox 2428 4753 2716 4817; x_wconf 80' lang='grc' dir='ltr'>κοπιάσας,</span> <span class='ocrx_word' id='word_1_791' title='bbox 2754 4750 3001 4820; x_wconf 86' lang='grc' dir='ltr'>καθίησιν</span> <span class='ocrx_word' id='word_1_792' title='bbox 3029 4742 3191 4800; x_wconf 75' lang='grc' dir='ltr'>αὑτοῦ</span> <span class='ocrx_word' id='word_1_793' title='bbox 3219 4742 3314 4804; x_wconf 78' lang='grc' dir='ltr'>τὰς</span> <span class='ocrx_word' id='word_1_794' title='bbox 3346 4739 3643 4808; x_wconf 84' lang='grc' dir='ltr'>πτέρυγας,</span> 
     </span>
    </p>
   </div>
   <div class='ocr_carea' id='block_1_110' title="bbox 2084 4829 3648 4922">
    <p class='ocr_par' dir='ltr' id='par_1_110' title="bbox 2084 4829 3648 4922">
     <span class='ocr_line' id='line_1_110' title="bbox 2084 4829 3648 4922; baseline -0.017 -17"><span class='ocrx_word' id='word_1_795' title='bbox 2084 4851 2176 4906; x_wconf 75' lang='grc' dir='ltr'><strong>καὶ</strong></span> <span class='ocrx_word' id='word_1_796' title='bbox 2223 4849 2445 4922; x_wconf 82' lang='grc' dir='ltr'>φέρεται</span> <span class='ocrx_word' id='word_1_797' title='bbox 2492 4845 2597 4900; x_wconf 82' lang='grc' dir='ltr'>ὑπὸ</span> <span class='ocrx_word' id='word_1_798' title='bbox 2634 4846 2748 4903; x_wconf 84' lang='grc' dir='ltr'><strong>τῶν</strong></span> <span class='ocrx_word' id='word_1_799' title='bbox 2794 4843 3051 4914; x_wconf 81' lang='grc' dir='ltr'>κυμάτων</span> <span class='ocrx_word' id='word_1_800' title='bbox 3092 4840 3172 4901; x_wconf 90' lang='grc' dir='ltr'><strong>εἰς</strong></span> <span class='ocrx_word' id='word_1_801' title='bbox 3212 4835 3302 4888; x_wconf 82' lang='grc' dir='ltr'><strong>τὸν</strong></span> <span class='ocrx_word' id='word_1_802' title='bbox 3346 4833 3510 4885; x_wconf 86' lang='grc' dir='ltr'>τόπον</span> <span class='ocrx_word' id='word_1_803' title='bbox 3554 4829 3648 4880; x_wconf 80' lang='grc' dir='ltr'><strong>τὸν</strong></span> 
     </span>
    </p>
   </div>
   <div class='ocr_carea' id='block_1_111' title="bbox 2084 4946 2233 5000">
    <p class='ocr_par' dir='ltr' id='par_1_111' title="bbox 2084 4946 2233 5000">
     <span class='ocr_line' id='line_1_111' title="bbox 2084 4946 2233 5000; baseline 0 0"><span class='ocrx_word' id='word_1_804' title='bbox 2084 4946 2233 5000; x_wconf 79' lang='grc' dir='ltr'>ἴδιον.</span> 
     </span>
    </p>
   </div>
   <div class='ocr_carea' id='block_1_112' title="bbox 2152 5014 3648 5102">
    <p class='ocr_par' dir='ltr' id='par_1_112' title="bbox 2152 5014 3648 5102">
     <span class='ocr_line' id='line_1_112' title="bbox 2152 5014 3648 5102; baseline -0.015 -15"><span class='ocrx_word' id='word_1_805' title='bbox 2152 5034 2225 5086; x_wconf 81' lang='grc' dir='ltr'><strong>Τὸ</strong></span> <span class='ocrx_word' id='word_1_806' title='bbox 2256 5032 2311 5085; x_wconf 82' lang='grc' dir='ltr'><strong>δὲ</strong></span> <span class='ocrx_word' id='word_1_807' title='bbox 2342 5031 2505 5102; x_wconf 78' lang='grc' dir='ltr'>κῆτος</span> <span class='ocrx_word' id='word_1_808' title='bbox 2536 5029 2776 5083; x_wconf 83' lang='grc' dir='ltr'>καλεῖται</span> <span class='ocrx_word' id='word_1_809' title='bbox 2802 5023 2899 5092; x_wconf 82' lang='grc' dir='ltr'><strong>μὲν</strong></span> <span class='ocrx_word' id='word_1_810' title='bbox 2924 5017 3346 5090; x_wconf 81' lang='grc' dir='ltr'>’Ᾱσπιδοχελώνη</span> <span class='ocrx_word' id='word_1_811' title='bbox 3373 5014 3525 5085; x_wconf 77' lang='grc' dir='ltr'>παρὰ</span> <span class='ocrx_word' id='word_1_812' title='bbox 3563 5030 3648 5065; x_wconf 89' lang='grc' dir='ltr'>τι-</span> 
     </span>
    </p>
   </div>
   <div class='ocr_carea' id='block_1_113' title="bbox 2083 5105 3647 5192">
    <p class='ocr_par' dir='ltr' id='par_1_113' title="bbox 2083 5105 3647 5192">
     <span class='ocr_line' id='line_1_113' title="bbox 2083 5105 3647 5192; baseline -0.015 -11"><span class='ocrx_word' id='word_1_813' title='bbox 2083 5141 2197 5182; x_wconf 86' lang='grc' dir='ltr'>σιν·</span> <span class='ocrx_word' id='word_1_814' title='bbox 2234 5125 2352 5178; x_wconf 76' lang='grc' dir='ltr'>ἔστι</span> <span class='ocrx_word' id='word_1_815' title='bbox 2384 5124 2441 5176; x_wconf 78' lang='grc' dir='ltr'>δὲ</span> <span class='ocrx_word' id='word_1_816' title='bbox 2471 5123 2537 5192; x_wconf 82' lang='grc' dir='ltr'>τῇ</span> <span class='ocrx_word' id='word_1_817' title='bbox 2571 5120 2729 5190; x_wconf 77' lang='grc' dir='ltr'>φύσει</span> <span class='ocrx_word' id='word_1_818' title='bbox 2768 5112 3304 5187; x_wconf 77' lang='grc' dir='ltr'>παμμεγεθέστατον,</span> <span class='ocrx_word' id='word_1_819' title='bbox 3340 5108 3416 5168; x_wconf 81' lang='grc' dir='ltr'>ὡς</span> <span class='ocrx_word' id='word_1_820' title='bbox 3451 5105 3647 5159; x_wconf 75' lang='grc' dir='ltr'>πολλά-</span> 
     </span>
    </p>
   </div>
   <div class='ocr_carea' id='block_1_114' title="bbox 2082 5202 3651 5283">
    <p class='ocr_par' dir='ltr' id='par_1_114' title="bbox 2082 5202 3651 5283">
     <span class='ocr_line' id='line_1_114' title="bbox 2082 5202 3651 5283; baseline -0.023 -9"><span class='ocrx_word' id='word_1_821' title='bbox 2082 5238 2168 5282; x_wconf 81' lang='grc' dir='ltr'><strong>κις</strong></span> <span class='ocrx_word' id='word_1_822' title='bbox 2209 5223 2322 5283; x_wconf 86' lang='grc' dir='ltr'>τοῖς</span> <span class='ocrx_word' id='word_1_823' title='bbox 2368 5212 2800 5282; x_wconf 82' lang='grc' dir='ltr'>ναυτιλλομένοις</span> <span class='ocrx_word' id='word_1_824' title='bbox 2847 5211 3010 5280; x_wconf 74' lang='grc' dir='ltr'>νήσου</span> <span class='ocrx_word' id='word_1_825' title='bbox 3064 5204 3304 5277; x_wconf 75' lang='grc' dir='ltr'>μεγάλης</span> <span class='ocrx_word' id='word_1_826' title='bbox 3352 5202 3651 5270; x_wconf 73' lang='grc' dir='ltr'>φαντασίαν</span> 
     </span>
    </p>
   </div>
   <div class='ocr_carea' id='block_1_115' title="bbox 2082 5292 3651 5382">
    <p class='ocr_par' dir='ltr' id='par_1_115' title="bbox 2082 5292 3651 5382">
     <span class='ocr_line' id='line_1_115' title="bbox 2082 5292 3651 5382; baseline -0.013 -17"><span class='ocrx_word' id='word_1_827' title='bbox 2082 5312 2397 5382; x_wconf 76' lang='grc' dir='ltr'>ἐμποιῆσαι.</span> <span class='ocrx_word' id='word_1_828' title='bbox 2449 5305 2828 5367; x_wconf 74' lang='grc' dir='ltr'>Ἀναδύσαντος</span> <span class='ocrx_word' id='word_1_829' title='bbox 2870 5300 2979 5374; x_wconf 82' lang='grc' dir='ltr'>γὰρ</span> <span class='ocrx_word' id='word_1_830' title='bbox 3019 5299 3180 5353; x_wconf 74' lang='grc' dir='ltr'>αὐτοῦ</span> <span class='ocrx_word' id='word_1_831' title='bbox 3221 5300 3287 5351; x_wconf 81' lang='grc' dir='ltr'>ὲκ</span> <span class='ocrx_word' id='word_1_832' title='bbox 3322 5293 3418 5349; x_wconf 88' lang='grc' dir='ltr'><strong>τοῦ</strong></span> <span class='ocrx_word' id='word_1_833' title='bbox 3463 5292 3651 5363; x_wconf 82' lang='grc' dir='ltr'>βυθοῦ,</span> 
     </span>
    </p>
   </div>
   <div class='ocr_carea' id='block_1_116' title="bbox 2086 5384 3652 5470">
    <p class='ocr_par' dir='ltr' id='par_1_116' title="bbox 2086 5384 3652 5470">
     <span class='ocr_line' id='line_1_116' title="bbox 2086 5384 3652 5470; baseline -0.013 -17"><span class='ocrx_word' id='word_1_834' title='bbox 2086 5399 2160 5463; x_wconf 78' lang='grc' dir='ltr'><strong>ὡς</strong></span> <span class='ocrx_word' id='word_1_835' title='bbox 2184 5399 2321 5452; x_wconf 87' lang='grc' dir='ltr'>λίθοι</span> <span class='ocrx_word' id='word_1_836' title='bbox 2340 5399 2561 5470; x_wconf 89' lang='grc' dir='ltr'>τραχεῖς</span> <span class='ocrx_word' id='word_1_837' title='bbox 2582 5395 2642 5448; x_wconf 85' lang='grc' dir='ltr'><strong>τὸ</strong></span> <span class='ocrx_word' id='word_1_838' title='bbox 2668 5394 2824 5465; x_wconf 85' lang='grc' dir='ltr'>σῶμα</span> <span class='ocrx_word' id='word_1_839' title='bbox 2850 5392 3011 5446; x_wconf 80' lang='grc' dir='ltr'>αὑτοῦ</span> <span class='ocrx_word' id='word_1_840' title='bbox 3038 5388 3375 5458; x_wconf 81' lang='grc' dir='ltr'>ἐκφαίνεται,</span> <span class='ocrx_word' id='word_1_841' title='bbox 3401 5384 3495 5438; x_wconf 73' lang='grc' dir='ltr'>καὶ</span> <span class='ocrx_word' id='word_1_842' title='bbox 3526 5398 3652 5451; x_wconf 78' lang='grc' dir='ltr'>περι</span> 
     </span>
    </p>
   </div>
   <div class='ocr_carea' id='block_1_117' title="bbox 2088 5476 3653 5557">
    <p class='ocr_par' dir='ltr' id='par_1_117' title="bbox 2088 5476 3653 5557">
     <span class='ocr_line' id='line_1_117' title="bbox 2088 5476 3653 5557; baseline -0.01 -12"><span class='ocrx_word' id='word_1_843' title='bbox 2088 5491 2219 5545; x_wconf 79' lang='grc' dir='ltr'>αὐτὸ</span> <span class='ocrx_word' id='word_1_844' title='bbox 2262 5490 2463 5554; x_wconf 84' lang='grc' dir='ltr'>πάλους</span> <span class='ocrx_word' id='word_1_845' title='bbox 2502 5485 2943 5557; x_wconf 77' lang='grc' dir='ltr'>καταπηγνύντες</span> <span class='ocrx_word' id='word_1_846' title='bbox 2973 5478 3292 5551; x_wconf 84' lang='grc' dir='ltr'>ὲκδεσμοῦσι</span> <span class='ocrx_word' id='word_1_847' title='bbox 3324 5477 3393 5530; x_wconf 81' lang='grc' dir='ltr'><strong>τὰ</strong></span> <span class='ocrx_word' id='word_1_848' title='bbox 3445 5476 3653 5543; x_wconf 72' lang='grc' dir='ltr'>σκάφη.</span> 
     </span>
    </p>
   </div>
   <div class='ocr_carea' id='block_1_118' title="bbox 2090 5561 3652 5653">
    <p class='ocr_par' dir='ltr' id='par_1_118' title="bbox 2090 5561 3652 5653">
     <span class='ocr_line' id='line_1_118' title="bbox 2090 5561 3652 5653; baseline -0.013 -18"><span class='ocrx_word' id='word_1_849' title='bbox 2090 5582 2240 5636; x_wconf 83' lang='grc' dir='ltr'>ἀτινα</span> <span class='ocrx_word' id='word_1_850' title='bbox 2298 5580 2633 5653; x_wconf 75' lang='grc' dir='ltr'>παραχρῆμα</span> <span class='ocrx_word' id='word_1_851' title='bbox 2684 5575 2973 5648; x_wconf 75' lang='grc' dir='ltr'>βυθίζεται,</span> <span class='ocrx_word' id='word_1_852' title='bbox 3016 5571 3122 5625; x_wconf 68' lang='grc' dir='ltr'>τοῦ.</span> <span class='ocrx_word' id='word_1_853' title='bbox 3159 5571 3357 5641; x_wconf 81' lang='grc' dir='ltr'>κήτους</span> <span class='ocrx_word' id='word_1_854' title='bbox 3413 5564 3519 5618; x_wconf 60' lang='lat' dir='ltr'><strong>uno</strong></span> <span class='ocrx_word' id='word_1_855' title='bbox 3562 5561 3652 5616; x_wconf 85' lang='grc' dir='ltr'><strong>τοῦ</strong></span> 
     </span>
    </p>
   </div>
   <div class='ocr_carea' id='block_1_119' title="bbox 2095 5654 3647 5751">
    <p class='ocr_par' dir='ltr' id='par_1_119' title="bbox 2095 5654 3647 5751">
     <span class='ocr_line' id='line_1_119' title="bbox 2095 5654 3647 5751; baseline -0.014 -24"><span class='ocrx_word' id='word_1_856' title='bbox 2095 5671 2246 5751; x_wconf 71' lang='grc' dir='ltr'>ἡλίου</span> <span class='ocrx_word' id='word_1_857' title='bbox 2268 5670 2767 5747; x_wconf 76' lang='grc' dir='ltr'>διαθερμανθέντος,</span> <span class='ocrx_word' id='word_1_858' title='bbox 2800 5667 2891 5720; x_wconf 73' lang='grc' dir='ltr'><strong>καί</strong></span> <span class='ocrx_word' id='word_1_859' title='bbox 2912 5666 2990 5729; x_wconf 79' lang='grc' dir='ltr'><strong>εἰς</strong></span> <span class='ocrx_word' id='word_1_860' title='bbox 3014 5662 3102 5717; x_wconf 70' lang='grc' dir='ltr'><strong>τὸν</strong></span> <span class='ocrx_word' id='word_1_861' title='bbox 3134 5659 3291 5730; x_wconf 72' lang='grc' dir='ltr'>βυθὸν</span> <span class='ocrx_word' id='word_1_862' title='bbox 3313 5654 3647 5712; x_wconf 73' lang='grc' dir='ltr'>καταδύσανσ</span> 
     </span>
    </p>
   </div>
  </div>
