3866 6162
232 274 338 333 725

1147 277 1428 340 SPURIAa
1454 309 1526 320 —
1564 277 1923 334 COMMENT.
1960 278 2027 333 ΙΝ
2062 278 2562 339 HEXAEMERON.

3379 288 3486 344 726

228 416 358 470 τος⁹
398 399 511 472 ἔχει
540 401 596 454 δὲ
636 400 787 466 αὐτὸ,
837 402 935 455 καὶ·
960 400 1124 471 φύσει,
1188 402 1411 475 βαρεῖαν
1448 403 1652 475 φωνὴν,
1710 402 1804 455 καὶ

1923 411 1963 457 ξι
1986 417 2173 459 vocem
2194 418 2437 474 gravem,
2468 411 2524 458 et
2566 399 2709 458 fame
2749 418 2811 461 os
2843 404 3040 475 aperit,
3071 404 3491 462 suavissimum-

231 492 498 563 πεινῆσαν
561 494 796 562 ἀνοίγειν
838 495 898 548 τὸ
953 494 1156 566 στόμα,
1222 495 1316 549 καὶ
1373 494 1654 566 ἀποφοράν
1712 496 1806 547 ὲκ-

232 587 475 658 πέμπειν
522 587 916 659 εύωδεστάτην,
965 587 1103 641 ὥστε
1156 588 1283 652 τοὺς
1340 589 1569 659 μικροὺς
1620 586 1809 658 ἰχθύας

228 679 583 749 ἀφέλκεσθαι,
632 681 725 733 καὶ
766 683 846 745 είς
885 680 946 734 τὸ
992 681 1167 751 στόμα
1218 680 1413 744 αὐτοὺς
1460 680 1614 743 ὅλους
1645 679 1806 740 αὐτοῦ

228 770 696 836 ἐπιστιϐάζεσθαι,
727 773 986 825 Κατοικεῖ
1012 773 1070 825 δὲ
1110 772 1267 825 τοῦτο
1298 772 1368 827 τά
1406 771 1688 827 Ἀτλάντια
1713 789 1810 825 πε-

228 862 369 935 λάγη
401 863 489 918 διὰ
511 863 573 918 τὸ
607 865 855 936 μέγεθος.

302 955 395 1028 Τῷ
431 957 489 1010 δὲ
528 957 773 1029 καρκίνῳ
802 960 836 1030 ἡ
878 958 1014 1030 σὰρξ
1053 957 1148 1012 τοῦ
1190 957 1411 1029 ὀστρέου
1446 958 1594 1013 ἐστὶν
1626 954 1811 1011 ἐδώδι-

232 1064 355 1118 μος,
383 1048 479 1102 καί
509 1047 582 1121 μὴ
618 1048 817 1120 ἰσχύων
850 1048 1058 1116 ἀνοῖξαι
1100 1047 1210 1102 τῶν
1249 1050 1465 1119 κόγχων
1503 1047 1679 1114 αὑτοῦ,
1710 1048 1809 1119 τὴν

231 1136 571 1208 σύμπτυξιν,
605 1138 855 1210 ἐπιτηρεῖ
899 1138 998 1202 τὰς
1048 1137 1259 1210 πτυχὰς
1304 1138 1469 1191 αὐτοῦ
1522 1137 1809 1202 ἀνοίξαντα

227 1230 291 1282 ὲν
334 1232 448 1293 τοῖς
489 1231 791 1302 ἀπηνέμοις
832 1231 1039 1294 τόποις,
1079 1230 1175 1284 καὶ
1214 1233 1281 1302 τῇ
1328 1232 1469 1303 αὐγῇ
1515 1230 1607 1284 τοῦ
1657 1230 1808 1302 ἡλίου

226 1324 584 1393 τερπόμενον,
624 1323 716 1375 καὶ
756 1318 934 1376 λαϐὼν
972 1321 1181 1392 ψηφῖδα
1222 1321 1464 1393 ἐντίθησι
1514 1319 1806 1391 λαθραίως,

228 1417 326 1469 καὶ
353 1416 553 1470 κωλύει
581 1415 680 1487 τὴν
736 1414 1058 1487 σύμπτυξιν,
1103 1416 1199 1469 καὶ
1245 1414 1388 1467 οὕτω
1444 1413 1642 1487 ῥαδίως
1680 1412 1811 1467 αὐτὸ

228 1509 540 1563 κατέδεται.

314 1602 371 1654 Ὁ
396 1601 454 1655 δὲ
494 1604 669 1673 ἐχῖνος
726 1600 1089 1675 προγινώσκει
1118 1601 1213 1663 τού
1257 1599 1524 1673 χειμῶνος
1551 1598 1647 1671 τὴν
1688 1598 1812 1669 έφο-

1911 511 2017 567 que
2055 495 2277 553 odorem
2334 497 2565 564 emittit;
2602 498 2679 552 ila
2708 505 2769 551 ut
2817 497 3090 568 pisciculi,
3141 498 3288 553 illius
3320 499 3489 556 odore

1911 587 2081 650 ducti,
2134 604 2329 645 omnes
2377 588 2542 647 simul
2596 588 2650 642 in
2682 588 2803 658 ejus
2848 604 2946 644 ore
2995 591 3489 660 constipentur;et

1913 687 2138 750 propter
2171 680 2496 738 immensam
2538 681 2735 736 molem
2773 680 3106 736 Atlanticum
3154 696 3307 738 mare
3334 682 3492 737 inco-

1911 769 1991 825 lit.

1985 970 2186 1026 Cancri
2244 978 2553 1027 ostrearum
2608 973 2830 1028 aluntur
2872 974 3153 1039 carnibus,
3197 975 3312 1046 qui,
3364 989 3489 1030 cum

1910 1077 2100 1118 earum
2133 1071 2307 1119 testas
2334 1064 2486 1121 ﬁrme
2518 1072 2837 1122 contractas
2871 1067 3088 1138 aperire
3116 1083 3224 1123 non
3248 1067 3487 1133 valeant,

1890 1157 1968 1212 “in
1994 1172 2182 1212 earum
2208 1159 2385 1231 plicas
2424 1159 2478 1213 in
2518 1160 2653 1214 locis
2678 1160 2908 1230 placidis
2936 1171 2991 1216 et
3020 1162 3153 1217 solis
3185 1161 3355 1216 radiis
3394 1177 3490 1232 pa-

1914 1256 2113 1313 tentes,
2146 1250 2418 1305 calculum
2455 1259 2733 1320 arreptum
2759 1252 2898 1305 clam
2943 1253 3253 1323 imponunt,
3287 1267 3492 1323 easque

1911 1342 2117 1398 frustra
2152 1358 2212 1399 se
2245 1343 2571 1399 contrahere
2605 1351 2878 1402 tentantes
2908 1345 3220 1403 comedunt.

1986 1602 2182 1685 Echini
2234 1588 2502 1662 saevitiam
2555 1610 2725 1664 maris
2779 1609 3130 1680 praesagiunt,
3164 1609 3490 1684 lapillosque

226 1690 341 1757 δον,
377 1694 470 1747 καὶ
489 1693 697 1767 ψηφῖδα
724 1696 1016 1767 ὑπέρχεται
1040 1694 1177 1768 πρὸς
1198 1694 1259 1747 τὸ
1287 1693 1360 1766 μὴ
1383 1692 1487 1745 ὑπὸ
1513 1691 1614 1763 τῆς
1638 1693 1807 1764 φορᾶς

1923 1696 2152 1751 subeunt
2202 1698 2368 1765 allixi,
2419 1714 2489 1754 ne
2537 1715 2805 1771 aquarum
2862 1702 3201 1758 volutatione
3258 1704 3488 1760 mobiles

227 1785 338 1838 τῶν
365 1786 624 1857 κυμάτων
658 1788 818 1842 αὑτὸν
847 1786 1226 1860 περιάγεσθαι.

313 1875 373 1930 '0
415 1878 473 1931 δὲ
522 1879 815 1944 πολύπους,
864 1880 1250 1952 προσπελάσας
1283 1879 1459 1951 πέτρᾳ.
1502 1880 1628 1943 τινὶ,
1677 1880 1807 1950 ὁμός-

228 1985 390 2040 χροος
422 1973 560 2044 αὐτῇ
607 1972 935 2045 καθέστηκε,
985 1974 1080 2027 καὶ
1108 1975 1234 2037 τοὺς
1267 1972 1586 2041 ἐγγίζοντας
1619 1973 1807 2045 ἰχθύας

226 2063 297 2133 τῇ
331 2062 507 2135 πέτρᾳ
534 2064 839 2120 κατέδεται.

300 2153 640 2226 Μικρότατον
680 2156 736 2211 δὲ
783 2158 850 2227 τῇ
888 2155 1046 2227 φύσει
1080 2159 1113 2229 ἡ
1158 2155 1370 2228 ἐχενηῒς
1400 2156 1678 2227 τυγχάνει,
1712 2158 1806 2210 καὶ

228 2247 299 2301 τὰ
333 2247 563 2320 μέγιστα
590 2248 698 2303 τῶν
729 2249 927 2303 πλοίων
954 2250 1012 2316 ἐξ
1053 2251 1239 2321 οὐρίας
1271 2249 1545 2321 φερόμενα
1572 2251 1803 2321 ἵστησιν,

228 2338 370 2395 ὥστε
397 2339 571 2394 δοκεῖν
594 2342 655 2395 τὸ
685 2340 866 2394 πλοῖον
897 2341 1214 2414 ὲρηρεῐσθαι
1242 2344 1321 2404 εἰς
1350 2342 1411 2394 τὸ
1441 2342 1694 2411 πέλαγος.

305 2430 496 2503 ’Υδρις
534 2432 593 2484 δὲ
641 2430 787 2486 ἐστιν
828 2434 886 2486 ἐν
921 2431 999 2503 τῷ
1051 2431 1302 2503 ποταμῷ,
1351 2433 1566 2505 μορφὴν
1610 2432 1806 2504 ἔχουσα

230 2525 426 2590 κυνὸς,
474 2525 597 2595 ἥτις
640 2523 734 2578 τοῦ
784 2525 1126 2598 κροκοδείλου
1171 2525 1349 2597 ἐχθρὰ,
1387 2526 1663 2595 τυγχάνει,
1713 2525 1807 2578 καὶ

226 2615 443 2686 ἀναιρεῖ
470 2613 659 2668 τοῦτον
705 2613 1055 2670 καθεύδοντα.
1099 2617 1172 2669 Τὸ
1221 2616 1330 2686 γὰρ
1378 2615 1559 2688 στόμα
1604 2616 1803 2671 ἑαυτοῦ

224 2705 498 2772 διανοίξας
547 2708 576 2760 ό
622 2707 960 2779 κροκόδειλος
1002 2708 1282 2763 καθεύδει·
1329 2709 1424 2763 καὶ
1454 2710 1488 2780 ἡ
1523 2708 1691 2780 ὕδρις,
1724 2712 1804 2775 εἰς

228 2795 400 2868 πηλὸν
442 2797 638 2870 ἑαυτὴν
686 2798 1045 2865 ὲγκωλύσασα
1098 2798 1163 2872 [Ῑ.
1218 2799 1595 2872 ὲγκυλίσασα],
1631 2803 1713 2865 εις
1745 2804 1805 2855 τὸ

229 2887 411 2958 στόμα
448 2886 612 2941 αὑτοῦ
668 2888 921 2961 εἰσηδᾷ,
979 2889 1071 2943 καὶ
1116 2890 1290 2951 πάντα
1327 2888 1396 2943 τά
1450 2890 1598 2954 ἰντὸς
1638 2890 1803 2946 αὑτοῦ

228 2978 592 3035 κατεσθίουσα
627 2981 840 3052 ἀναιρεῖ
869 2981 1050 3036 αὐτόν.

306 3071 461 3129 Ἐστι
488 3070 546 3123 δὲ
577 3072 606 3123 ό
629 3070 968 3143 κροκόδειλος
1000 3070 1185 3145 θηρίον
1218 3072 1351 3143 ὁμοῦ
1383 3073 1474 3127 καὶ
1505 3073 1676 3145 ἰχθὺς,
1711 3074 1808 3128 καὶ

233 3126 380 3237 μέγα
412 3164 522 3217 ἀπὸ
552 3126 795 3235 κεφαλῆς
825 3126 965 3235 ἄχρι.
999 3126 1191 3236 ούιρᾶςκ
1213 3126 1275 3218 ού
1302 3126 1406 3236 μὲν
1437 3126 1555 3236 έχεῖ
1572 3126 1807 3221 τί).
1834 3126 1885 3189 c

228 3276 322 3323 τος
350 3254 446 3309 τοῦ
480 3256 740 3327 μεγέθους
778 3256 1058 3326 ἀνάλογον.
1102 3258 1168 3310 Ἡ
1199 3257 1257 3311 δὲ
1296 3259 1431 3330 δορά
1462 3257 1626 3313 αὐτοῦ
1653 3259 1807 3323 λεπὶς

228 3348 487 3418 τυγχάνει
518 3349 675 3421 ρυτὴ,
708 3350 803 3402 καὶ
836 3351 868 3421 ἡ
900 3350 1056 3422 χροιά
1094 3351 1197 3404 eoi
1229 3349 1398 3404 νώτου
1429 3351 1594 3406 αὑτοῦ
1633 3352 1808 3425 πέτρᾳ

234 3439 463 3512 μελαίνῃ
496 3439 691 3504 ἔοικεν,
733 3442 765 3513 ὴ
806 3439 862 3492 δὲ
892 3440 1103 3512 γαστὴρ
1146 3440 1334 3513 λευκῇ.
1364 3441 1527 3505 Πόδες
1561 3441 1617 3495 δὲ
1643 3442 1808 3496 αὑτοῦ

230 3533 341 3585 εἰσὶ
380 3531 661 3604 τέσσαρες,
710 3532 789 3594 εἰς
838 3530 899 3583 τὸ
939 3532 1165 3600 πλάγιον
1207 3532 1388 3603 ἡρέμα
1431 3534 1804 3604 κυρτούμενοι·

232 3617 417 3682 καθὼς
447 3619 549 3689 τῆς
575 3619 834 3691 χερσαίας
866 3619 1125 3691 χελώνης,
1157 3619 1297 3692 οὐρὰ
1342 3622 1537 3694 μακρά
1573 3625 1667 3678 καὶ
1704 3643 1813 3678 πα-

228 3715 374 3785 χεῖαο
416 3712 515 3783 τῆς
562 3713 771 3782 ῥάχεως
818 3713 928 3785 γάρ
969 3715 1116 3767 ἐστιν
1164 3714 1284 3779 ἑνὸς
1323 3717 1512 3770 ὀστέου
1559 3720 1806 3792 τελευτή.

246 3804 602 3877 Ἑντέτμηται
641 3805 700 3857 δὲ
729 3804 933 3860 ἄνωθεν
966 3808 1047 3871 είς
1085 3806 1347 3873 ἀκάνθας,
1382 3810 1477 3862 καὶ¹
1506 3811 1644 3864 εἰσὶν
1675 3811 1811 3864 ὡσεὶ

230 3898 342 3958 τῶν
368 3900 603 3971 πριόνων
628 3901 823 3973 ἀκμαί,
852 3905 947 3960 καὶ
972 3900 1163 3954 τύπτει
1196 3902 1254 3955 ὲν
1281 3903 1418 3975 αὐτῇ
1449 3902 1586 3975 πρὸς
1613 3902 1709 3967 οὓς
1743 3903 1812 3957 ἂν

231 3991 458 4066 παλαίῃ.
491 3993 606 4047 Μία
637 3993 694 4046 δὲ
729 3992 890 4047 αὐτοῦ
918 3994 1034 4047 ἐστὶ
1067 3994 1275 4067 κεφαλὴ
1310 3996 1423 4059 τοῖς
1467 3995 1658 4060 νώτοις
1688 4012 1812 4049 συνο

233 4088 593 4159 νφαινομένη,
640 4088 734 4141 καὶ
772 4088 851 4152 εἰς
896 4088 1023 4158 μίαν
1065 4088 1349 4159 ἱθυνομένη
1400 4088 1668 4160 στάθμηνο
1717 4089 1812 4144 καὶ

235 4182 324 4250 ἐρ’
346 4180 468 4235 ὅσον
497 4180 556 4233 οὐ
588 4178 803 4250 κέχηνε,
834 4178 1023 4250 θηρίου
1052 4179 1167 4233 ἐστὶ
1188 4179 1419 4252 κεφαλή’
1452 4180 1545 4235 ἐὰν
1567 4180 1623 4233 δὲ
1649 4180 1807 4254 χάνῃ,

230 4273 358 4327 ὅλον
403 4271 578 4343 στόμα
632 4271 865 4340 γίνεται,
920 4270 1082 4344 μέχρι
1132 4273 1242 4327 τῶν
1288 4271 1454 4344 ὤμων
1504 4273 1566 4326 τὸ
1624 4272 1812 4345 χάσμα

235 4382 487 4421 ποιουσα.

1842 1761 1883 1816 Β
1916 1784 2045 1840 hinc
2065 1786 2192 1842 inde
2225 1761 2531 1844 trahantur.

1985 1877 2224 1951 Polypus
2259 1880 2327 1934 ad
2353 1882 2769 1938 similitudinem
2801 1883 2908 1939 loci
2936 1899 3098 1955 quem
3130 1885 3346 1957 attingit
3393 1902 3490 1941 co-

1913 1972 2084 2028 lorem
2118 1981 2313 2041 mutat,
2368 1975 2799 2048 adnatantesque
2842 1979 3137 2047 pisciculos
3178 1978 3243 2033 ad
3276 1986 3486 2049 petram

1911 2076 2165 2122 venatur.

1985 2158 2082 2215 Est
2116 2173 2320 2229 parvus
2349 2159 2641 2215 admodum
2675 2160 2844 2230 piscis
2873 2160 3128 2217 echeneis
3158 2162 3485 2232 appellatus,

1913 2251 2163 2322 ingentes
2184 2267 2351 2307 naves
2380 2253 2568 2322 plenas
2602 2254 2779 2307 ventis
2809 2252 3094 2311 adhaerens
3116 2263 3382 2320 moratur,
3410 2254 3488 2308 ita

1914 2354 1973 2399 ut
2004 2344 2311 2400 immobiles
2332 2354 2478 2401 stare
2494 2345 2805 2400 vidcantur.

1985 2433 2186 2507 Hydris
2212 2435 2268 2489 in
2303 2434 2622 2493 ﬂuminibus
2653 2436 2810 2502 vivit,
2837 2438 3036 2494 canino
3060 2437 3259 2511 capite,
3293 2453 3488 2495 croco-

1912 2527 2023 2584 dilo
2045 2529 2267 2586 infensa
2282 2546 2442 2601 quem
2471 2538 2525 2587 et
2551 2546 2746 2587 somno
2776 2533 3013 2603 sopitum
3041 2532 3322 2589 interimit.
3351 2534 3490 2589 Cro-

1912 2623 2127 2679 codilus
2152 2623 2300 2679 enim
2330 2624 2531 2680 dormit
2560 2624 2732 2679 hianti
2759 2640 2874 2693 ore,
2911 2632 2965 2681 et
2996 2626 3202 2698 hydrus
3229 2627 3344 2683 luto
3373 2643 3488 2684 cm-

1912 2729 2093 2783 noque
2119 2713 2398 2779 obvoluta,
2434 2714 2491 2769 in
2518 2731 2583 2772 os
2610 2715 2805 2783 insilit,
2843 2723 2896 2771 et
2921 2717 3276 2775 interioribus
3306 2720 3486 2783 omnis

1910 2806 2018 2863 bus
2046 2808 2226 2863 exesis
2255 2807 2478 2863 occidit.
2622 2858 2643 2885 χ

1983 3075 2255 3130 Caeterum
2297 3072 2610 3132 crocodilus
2640 3080 2724 3130 est
2758 3074 2940 3129 bellua
2982 3075 3147 3130 simul
3193 3083 3249 3133 et
3283 3076 3481 3150 piscis;

1912 3167 2133 3238 longum
2164 3167 2308 3222 inter
2338 3177 2502 3237 caput
2529 3175 2583 3222 et
2603 3167 2835 3221 caudam
2890 3168 3124 3237 spatium
3156 3170 3484 3236 intercedit;

1913 3258 2008 3314 sed
2033 3257 2364 3330 longitudini
2388 3257 2619 3314 latitudo
2658 3261 3027 3329 proportione,
3061 3261 3484 3334 haudquaquam

1911 3351 2245 3422 respondet;
2278 3349 2424 3406 cutis
2460 3352 2705 3421 squamis
2725 3351 2939 3421 aSperis
2976 3353 3302 3419 obducitur;
3334 3355 3487 3409 color

1912 3443 2063 3498 dorsi
2099 3449 2268 3512 petra:
2297 3442 2478 3512 nigrae.
2527 3441 2725 3498 similis
2782 3451 2890 3507 est,
2922 3443 3078 3498 alvus
3128 3443 3289 3511 alba;
3318 3444 3485 3513 pedes

1911 3542 2169 3605 quatuor,
2199 3533 2254 3589 in
2280 3533 2558 3604 obliquum
2597 3534 2799 3590 sensim
2832 3526 3066 3601 curvati,
3106 3535 3286 3604 qualis
3318 3542 3487 3591 terrev

1913 3626 2045 3681 stris
2095 3625 2426 3693 testudinis;
2464 3626 2638 3681 cauda
2688 3626 2924 3697 oblonga
2967 3635 3022 3682 et
3070 3641 3280 3692 crassa,
3316 3628 3487 3698 spina:

1911 3720 2056 3774 enim
2092 3718 2258 3773 unius
2284 3718 2430 3773 ossis
2455 3729 2541 3773 est
2572 3719 2866 3784 terminus,
2900 3717 3060 3787 cujus
3084 3719 3335 3789 superior
3355 3734 3487 3790 pars

1913 3817 2154 3867 serratas
2214 3810 2375 3866 habet
2431 3814 2651 3875 cristas,
2713 3811 2931 3881 illisque
2985 3811 3152 3866 veluti
3208 3826 3486 3866 serrarum

1913 3902 2285 3967 acuminibus,
2320 3918 2432 3973 quo
2466 3918 2590 3957 cum
2621 3912 2814 3968 certat,
2856 3903 3113 3973 percutit.
3143 3902 3318 3974 Caput
3338 3905 3502 3969 illius,

1914 3992 2159 4049 humeris
2183 3993 2520 4063 adjungitur,
2553 4000 2607 4049 et
2661 3993 2737 4047 ad
2759 3993 3026 4048 amussim
3069 3994 3338 4049 directum
3379 4002 3494 4060 est,

1912 4083 2065 4138 nullo
2093 4090 2389 4154 apparente
2439 4082 2795 4148 discrimine;
2833 4089 2888 4136 et
2934 4081 3175 4152 quandiu
3208 4098 3316 4137 non
3348 4080 3485 4147 hiat,

1912 4177 2105 4231 beliuae
2132 4185 2298 4246 caput
2320 4184 2444 4242 est;
2472 4175 2564 4229 ubi
2606 4173 2790 4239 hiarit,
2822 4180 3000 4229 totum
3045 4192 3108 4230 os
3151 4176 3230 4240 lit,
3265 4186 3325 4232 ut
3359 4183 3487 4247 pote

1911 4268 2005 4340 qui
2036 4269 2105 4324 ad
2129 4268 2387 4324 humeros
2418 4283 2593 4339 usque
2618 4266 2827 4321 hiatum
2861 4267 3156 4338 protendit.

317 4458 377 4512 '0
404 4456 460 4511 δὲ
492 4456 780 4529 λεγόμενος
807 4456 1186 4528 ἱπποπόταμος
1223 4457 1401 4510 ἵππου.
1428 4456 1527 4529 μὲν
1552 4457 1678 4521 τοὺς
1708 4456 1807 4510 πό-

1984 4449 2424 4521 Hippopotamus
2479 4449 2695 4520 equinis
2752 4448 2985 4520 pedibus
3032 4456 3087 4505 et
3114 4456 3322 4513 ventre,
3380 4448 3487 4504 nisi

230 4549 332 4613 δας
359 4547 470 4619 ἔχει
495 4550 590 4603 καὶ
620 4549 720 4619 τὴν
746 4547 1005 4620 γαστέρα,
1044 4547 1140 4620 τὴν
1180 4548 1237 4601 δὲ
1275 4546 1444 4619 ὁπλὴν
1481 4547 1703 4618 σχιστὴν
1734 4549 1808 4613 ὡς

232 4640 428 4714 χηλὴν,
458 4640 625 4712 οὐρὰν
664 4642 894 4711 παχεῖαν
927 4642 1022 4694 καὶ
1048 4640 1208 4713 ψιλὴν
1247 4640 1469 4713 τριχῶν,
1500 4641 1581 4694 ὅτι
1614 4641 1710 4695 καὶ
1751 4642 1812 4694 τὸ

234 4736 345 4788 πᾶν
391 4732 486 4788 τοῦ
536 4732 786 4804 σώματος
833 4733 1007 4798 οὓτως
1052 4733 1187 4805 ἔχει,
1241 4734 1485 4805 κεφαλὴν
1538 4735 1810 4806 περιφερῆ

237 4826 434 4898 μικρὸν
467 4825 568 4897 τῆς
615 4826 783 4879 ἵππου
832 4827 1066 4898 παρειάς
1105 4824 1382 4897 διάφορον,
1429 4826 1522 4879 καὶ
1575 4826 1686 4897 ἔχει
1721 4844 1813 4880 κε-

235 4918 440 4990 χηνότα
492 4918 584 4971 τὸν
633 4918 906 4989 μυκτῆρα,
960 4916 1185 4988 πυρώδη
1228 4917 1454 4982 καπνὸν,
1495 4918 1570 4982 ὡς
1617 4920 1681 4971 ἐκ
1715 4936 1815 4972 κα-

236 5009 418 5081 μίνου,
487 5008 740 5075 πνέοντα,
789 5011 950 5079 γένυν
1015 5010 1294 5064 πλατεῖανο
1345 5011 1504 5083 μέχρι
1550 5012 1660 5084 γὰρ
1704 5012 1813 5068 τῶν

233 5103 525 5176 κροτάφων
589 5103 794 5172 ἀνοίγει
854 5102 916 5156 τὺ
978 5103 1171 5175 στόμα.
1251 5103 1457 5157 Ὀδοῦσι
1541 5104 1599 5157 δὲ
1667 5104 1814 5160 ἔνδον

232 5194 438 5267 τριχῶς
470 5194 849 5259 πεπύκνωται,
894 5193 1030 5265 ἔχων
1060 5194 1199 5268 πρὸς
1225 5195 1435 5258 τούτοις
1474 5195 1571 5250 δύο
1598 5196 1817 5260 ὀδόντας

234 5287 572 5357 ἐπικαμπεῖς
604 5286 680 5351 ὡς
714 5285 857 5349 συός.
892 5287 1003 5339 Καὶ
1029 5285 1173 5340 ἔστιν
1190 5285 1643 5358 ἀδδηφαγώτατον
1671 5287 1812 5352 ὅλον,

235 5375 388 5448 λήϊον
441 5376 628 5433 ποιοῦν
679 5377 905 5448 τροφήν.
954 5377 1161 5451 ’Λπάτῃ
1197 5377 1254 5430 δὲ
1303 5378 1535 5450 θηρᾶται
1572 5378 1812 5452 τοιαύτῃ.

250 5468 635 5541 Ἐπιτηροῦσιν
702 5468 868 5523 αὑτοῦ
940 5469 1041 5533 τὰς
1085 5469 1387 5540 διατριϐάς,
1446 5472 1542 5525 καὶ
1601 5472 1818 5544 ὄρυγμα

240 5561 475 5625 ποιοῦσι,
505 5563 600 5627 καὶ
641 5563 863 5636 καλάμῃ
901 5563 1033 5616 αὐτὸ
1071 5562 1409 5632 στεγάζουσι,
1454 5566 1550 5618 καὶ
1589 5568 1819 5638 ὲπιχωνπ

241 5655 430 5710 νύουσι
479 5656 714 5727 ψάμμῳ,
751 5656 844 5710 καὶ
882 5655 1090 5721 ξύλινον
1121 5655 1307 5710 ἱστῶσι
1343 5657 1584 5711 κάτωθεν
1613 5659 1818 5731 οἴκημα

245 5751 370 5828 ἔχον
413 5751 765 5827 ἀνεῳγμένας
800 5749 897 5816 τὰς
935 5750 1102 5826 θύρας
1130 5753 1209 5817 εἰς
1243 5748 1332 5803 τὸν
1358 5747 1553 5821 ὄροφον
1603 5750 1696 5804 τοῦ
1733 5750 1820 5822 βό-

1915 4542 2062 4613 quod
2095 4542 2317 4614 ungulis
2344 4541 2546 4608 biﬁdis,
2580 4543 2773 4612 quales
2821 4541 3031 4609 bobus;
3063 4543 3235 4597 cauda
3276 4544 3326 4597 ei
3367 4542 3491 4598 bre-

1913 4637 1998 4691 vis
2026 4643 2130 4701 est,
2161 4643 2215 4690 et
2245 4636 2476 4705 pilorum
2508 4636 2819 4705 asperitate,
2838 4636 3295 4704 quemadmodum
3322 4636 3487 4691 etiam

1913 4742 2115 4798 corpus
2140 4727 2432 4798 reliquum,
2463 4743 2688 4795 carens;
2714 4726 3208 4797 caputrotundum,
3238 4742 3487 4796 parvum,

1914 4818 1983 4875 ab
2003 4817 2221 4887 equinis
2265 4816 2505 4873 maxillis
2562 4816 2871 4880 diversum;
2899 4830 3062 4870 nares
3096 4830 3355 4885 perquam
3391 4832 3488 4887 pa-

1913 4910 2063 4976 tulae,
2085 4925 2148 4964 ac
2177 4910 2405 4980 ignitum
2430 4908 2659 4973 fumum,
2678 4914 2938 4979 tanquam
2964 4907 3107 4979 ignis
3128 4908 3489 4978 scaturigines

1914 5003 2184 5075 quaedam,
2221 5003 2515 5073 spirantes,
2542 5009 2782 5057 mentum
2811 5003 3003 5067 latum,
3038 5000 3236 5056 etenim
3261 5000 3328 5053 ad
3352 5010 3490 5055 tem-

1916 5111 2052 5168 pora
2071 5112 2248 5166 usque
2273 5096 2480 5149 hiatum
2514 5094 2811 5163 protendit,
2842 5103 2896 5149 et
2950 5093 3092 5147 trina
3123 5092 3368 5148 dentium
3401 5107 3492 5147 se-

1915 5192 1999 5246 rie
2062 5189 2449 5259 constipatur:
2504 5196 2700 5257 praeter
2752 5186 2855 5242 hos
2885 5192 2939 5241 et
2987 5186 3189 5256 gemini
3221 5183 3492 5255 prodeunt

1917 5285 2070 5339 curvi
2094 5282 2346 5353 aprugni,
2379 5296 2517 5351 quos
2552 5279 2778 5335 caninos
2818 5286 3040 5344 vocant;
3083 5278 3249 5333 nullis
3290 5276 3494 5333 bestia.

1917 5391 2039 5431 rum
2074 5375 2376 5430 voracitate
2410 5372 2659 5439 inferior,
2694 5373 2769 5425 ita
2799 5378 2860 5426 ut
2889 5377 3069 5442 segete
3090 5371 3308 5440 plenum
3337 5384 3492 5423 cam-

1919 5485 2056 5541 pum.
2099 5471 2372 5532 absumat,
2428 5468 2753 5539 capiturque
2805 5466 2909 5521 hoc
2965 5466 3113 5521 dolo.
3172 5460 3493 5518 Observatis

1920 5563 2066 5619 enim
2096 5562 2233 5617 locis
2263 5561 2317 5615 in
2354 5556 2556 5630 quibus
2584 5560 2754 5630 degit,
2777 5567 3069 5614 venatores
3100 5555 3303 5612 fossam
3328 5569 3495 5608 exon.-

1921 5662 2072 5720 vant,
2128 5652 2600 5723 arundinibusque
2669 5653 2829 5723 quasi
2876 5657 3080 5707 tectum
3136 5648 3490 5717 contiguam,

1924 5760 2194 5819 arenaque
2214 5745 2569 5821 cooperiunt;
2594 5746 2648 5805 in
2673 5758 2844 5821 eaque
2867 5757 3052 5799 arcam
3095 5741 3336 5812 ligneam
3364 5737 3497 5794 sub.
