3866 6162
405 278 511 333 727
1276 280 1333 335 S.
1375 276 1821 335 EUSTATHIUS
1857 270 2350 333 ANTIOCHENUS
2387 272 2783 330 EPISCOPUS.

3542 278 3655 336 728

397 395 614 464 jiciunt.
643 394 803 467 cujus
820 396 964 453 fores
986 398 1044 452 in
1072 398 1356 468 superiore
1384 404 1541 467 parte
1578 396 1647 450 ad
1680 396 1842 452 fossae
1892 392 1972 447 al-

2085 388 2223 462 ipou'
2255 392 2351 446 καί¹
2388 391 2583 456 ἐπιϐὰς
2614 394 2642 445 6
2673 390 2775 464 θὴρ
2803 389 3015 461 ἀφελῶς
3038 392 3325 463 ἐμπίπτει,
3353 392 3449 447 καὶ
3476 394 3561 459 είς
3587 395 3656 448 τὸ

400 487 690 542 titudinem
748 486 1020 559 adapertae
1070 495 1227 554 sunt;
1262 494 1318 542 et
1362 487 1539 542 bellua
1598 501 1718 542 eam
1750 499 1976 556 supera-

403 579 717 634 scendendo
746 580 1148 635 inconsiderate
1192 579 1415 642 decidit,
1463 586 1518 633 et
1574 579 1632 633 in
1679 592 1863 631 arcam
1891 576 1978 631 de-

403 671 534 733 lata,
570 670 887 725 includitur.
921 670 1330 741 Venatoresque
1350 670 1599 726 celeriter
1626 678 1976 726 accurrentes

402 764 769 832 concludunt;
805 765 1108 819 secundum
1138 765 1281 819 enim
1312 765 1381 819 ab
1410 765 1697 834 elephante
1733 761 1866 817 Indo
1887 777 1978 817 ro-

400 852 550 907 boris
618 854 798 909 locum
857 855 1101 917 obtinet,
1184 854 1669 925 magnitudineque
1726 852 1976 923 corporis

404 945 704 999 maximum
727 960 998 1016 quemque
1029 945 1220 1000 bovem
1243 947 1563 1017 aequiperat.

476 1037 663 1094 Pisces
721 1039 1003 1094 continent
1052 1039 1110 1095 in
1141 1055 1201 1095 se
1253 1056 1504 1112 magnam
1557 1042 1666 1119 vim
1693 1041 1893 1097 caloris
1921 1047 1976 1097 et

405 1134 655 1192 acutam;
687 1143 855 1198 quare
880 1138 933 1184 et
962 1129 1230 1187 citissime
1285 1146 1406 1201 qua:
1435 1134 1721 1199 devorant,
1771 1141 1975 1204 puncto

405 1218 665 1286 temporis
688 1219 986 1276 esculentis
1008 1221 1065 1275 in
1108 1229 1294 1280 ventre
1331 1224 1776 1294 putrescentibus
1822 1225 1975 1296 dige-

401 1314 548 1362 runt.

474 1398 678 1471 Vulpes
705 1403 953 1468 marinae,
990 1403 1083 1459 ubi
1104 1404 1399 1475 piscatoris
1440 1407 1671 1463 insidias
1695 1407 1976 1464 declinare

404 1504 516 1544 non
548 1492 750 1558 valent,
804 1493 967 1547 hamo
994 1492 1276 1561 devorato,
1314 1496 1629 1552 exsilientes
1681 1506 1737 1552 et
1778 1513 1977 1553 excur-

403 1590 610 1647 rentes,
643 1583 827 1637 funem
852 1582 1170 1654 praarodunt
1194 1592 1250 1641 et
1275 1586 1496 1642 abeunt.

471 1762 793 1819 Crocodilus
811 1763 990 1819 bellua
1021 1771 1106 1820 est
1149 1764 1430 1820 hominum
1462 1780 1648 1820 vorax.
1709 1763 1977 1836 Tempore
2005 1738 2049 1794 Β

404 1854 605 1918 coitus,
634 1869 919 1926 emergens
973 1873 1006 1911 e
1047 1855 1289 1923 ﬂumine,
1319 1857 1577 1912 feminam
1626 1872 1793 1927 prope
1828 1858 1977 1928 ripas

405 1944 690 2000 adversam
722 1947 973 2016 projicit;
1008 1947 1100 2001 hic
1123 1962 1358 2018 namque
1384 1949 1535 2004 solus
1566 1947 1797 2017 supinus
1824 1962 1977 2003 com-

406 2037 568 2106 plexu
599 2051 833 2093 venereo
853 2037 1105 2108 jungitur
1126 2055 1140 2104 ;
1161 2038 1421 2108 deinceps
1453 2038 1709 2094 manibus
1731 2053 1850 2095 eam
1889 2053 1978 2094 su-

405 2134 698 2183 stentatam
724 2144 921 2187 rursus
948 2132 1255 2198 convertit;
1287 2131 1336 2187 si
1382 2146 1506 2186 cum
1532 2132 1639 2187 alio
1680 2147 1803 2187 eam
1847 2148 1979 2188 con-

404 2220 663 2276 cubuisse
691 2224 1039 2292 compererit,
1095 2224 1317 2279 avidum
1356 2240 1416 2280 se
1473 2240 1597 2281 esse
1649 2224 1879 2295 Veneris
1908 2224 1980 2280 si-

404 2310 643 2376 mulans,
711 2311 1166 2381 quemadmodum
1225 2314 1397 2384 prius,
1465 2314 1751 2369 adversam
1809 2314 1977 2370 odore

404 2401 766 2479 deprehendit
792 2402 899 2475 (est
936 2404 1085 2459 enim
1142 2406 1287 2461 circa
1338 2407 1442 2462 hoc
1470 2405 1725 2462 acerrimi
1753 2404 1976 2477 sensus)

403 2493 617 2550 incesto
642 2493 849 2567 ﬂagitio
877 2504 932 2553 et
957 2505 1150 2569 stupro
1198 2498 1499 2569 pollutam;
1532 2499 1665 2553 hinc
1703 2500 1976 2570 unguibus

408 2584 532 2640 alvo
553 2585 787 2656 disjecta
832 2588 1044 2644 viscera
1072 2588 1219 2645 illius
1247 2590 1495 2645 devorat.
1547 2589 1608 2645 in
1646 2598 1835 2646 ventre
1870 2598 1980 2648 ete-

402 2677 517 2732 nim
553 2678 733 2743 mollis
764 2688 870 2744 est,
906 2682 1195 2752 tenuisque
1219 2683 1364 2739 cutis
1402 2684 1721 2738 crocodilo:
1749 2683 1974 2738 dorsum

403 2770 525 2841 ejus
550 2771 785 2826 maxima
805 2788 1157 2843 squamarum
1181 2774 1438 2830 ﬁrmitate
1467 2783 1737 2829 armatum
1774 2784 1877 2841 est,
1901 2775 1977 2829 ita

406 2871 467 2918 ut
492 2870 547 2920 et
571 2865 949 2921 acutissimum
973 2865 1179 2922 ferrum
1217 2867 1471 2923 adactum
1501 2868 1820 2936 bebescens,
1852 2873 1976 2923 cute

403 2959 607 3028 injecta
633 2958 988 3029 repercutiat.
1636 2972 1641 2975 '

474 3132 786 3189 Producant
816 3151 965 3207 aqua;
993 3136 1234 3192 volatilia
1255 3139 1557 3194 animarum
1586 3139 1866 3196 viventium
1907 3139 1973 3206 “,

345 3214 353 3222 ’
404 3238 458 3283 et
482 3229 603 3284 sine
629 3229 736 3283 ulla
764 3244 917 3285 mora
949 3230 1231 3284 volucrum
1260 3232 1441 3288 omnis
1494 3234 1708 3304 generis
1739 3249 1834 3291 aer
1864 3234 1978 3306 ple-

403 3320 689 3377 nissimus.
729 3319 838 3376 Illae
867 3322 1127 3413 ex’aquis
1176 3331 1357 3379 ortum
1390 3324 1611 3388 habent,
1646 3332 1776 3382 sunt
1829 3325 1976 3381 enim

403 3429 530 3468 cum
562 3415 807 3484 piscibus
828 3417 1158 3487 cognatione
1202 3418 1438 3487 quadam
1464 3429 1518 3474 et
1564 3419 1822 3475 aliinitate
1845 3435 1979 3475 con-

398 3505 624 3573 junctte.
673 3505 860 3564 Pisces
906 3509 1107 3579 quippe
1150 3509 1362 3564 alarum
1398 3518 1578 3566 meatu
1630 3526 1803 3582 aquas
1832 3510 1974 3567 divi-

403 3599 584 3654 dendo
614 3607 938 3669 transnant;
971 3603 1053 3657 sic
1074 3609 1130 3657 et
1170 3602 1423 3658 volucres
1449 3603 1643 3674 pennis
1674 3620 1771 3675 per
1795 3619 1976 3660 aerem

406 3695 868 3764 transvehuntur;
911 3695 1107 3751 barum
1162 3696 1431 3767 quaedam,
1491 3700 1812 3763 carnivoraa,
1870 3712 1972 3754 suo

406 3799 587 3856 aptam
608 3787 828 3857 ingenio
857 3789 1211 3857 moribusque
1231 3789 1697 3843 accommodatam
1729 3788 1978 3859 corporis

403 3880 851 3936 constitutionem
880 3888 1055 3934 nacta:
1084 3888 1234 3947 sunt,
1284 3881 1547 3952 unguium
1602 3880 1974 3945 tenacitatem,

402 3985 708 4030 rostrorum
763 3974 1158 4041 aduncitatem,
1218 3978 1428 4031 alarum
1484 3977 1889 4048 pernicitatem,
1914 3983 1977 4031 ut

405 4067 666 4123 facillimo
714 4067 931 4139 negotio
963 4069 1226 4124 tenaciter
1277 4071 1519 4139 arripere
1548 4080 1712 4140 atque
1764 4068 1977 4125 discer-

405 4176 534 4231 pere
559 4160 773 4231 possint
800 4168 855 4215 et
879 4162 1157 4227 lacerare;
1213 4164 1461 4232 quaedam
1511 4163 1812 4235 frugilegaz,
1854 4164 1976 4219 alia:

405 4254 490 4309 his
539 4252 794 4307 omnibus
823 4253 1045 4308 aluntur
1102 4261 1157 4309 et
1216 4263 1613 4318 sustentantur,
1645 4263 1699 4310 et
1722 4265 1976 4310 constru-

405 4350 586 4401 ctione
619 4346 761 4401 inter
793 4362 852 4402 se
896 4346 1156 4402 dill‘erunt
1209 4363 1423 4403 omnes.
1454 4347 1725 4404 Praeterea
1775 4349 1971 4404 harum

2075 483 2282 555 οἴκημα
2303 483 2680 549 κατακλείεται
2713 483 3014 557 φερόμενος
3036 477 3205 538 κάτω.
3237 484 3347 539 Καὶ
3377 487 3427 538 οί
3455 484 3658 557 θηρευ-

2073 577 2163 629 ταὶ
2196 577 2355 641 εὐθὺς
2384 576 2752 632 ἀποκλείουσι.
2781 576 3060 648 Δεύτερον.
3103 616 3118 630 .
3149 619 3165 634 .
3194 618 3209 633 .
3247 619 3263 631 .
3292 576 3415 649 βοὸς
3449 577 3509 632 δὲ
3534 578 3656 650 ἔχει

2073 669 2135 722 τὸ
2158 669 2342 740 θηρίον
2374 670 2434 723 τὸ
2469 670 2714 741 μέγεθος.

2158 1019 2244 1071 Ἐν
2273 1021 2329 1073 δὲ
2364 1024 2474 1084 τοῖς
2511 1020 2687 1093 ἰχθύσι
2722 1021 2890 1094 πολλή
2920 1039 3005 1087 τις
3035 1022 3330 1095 ἐνυπάρχει
3357 1022 3535 1096 θέρμη
3565 1024 3656 1078 ἒν-

2073 1110 2245 1176 δοθεν,
2296 1113 2389 1166 καὶ
2416 1112 2583 1177 ὀξεῖα”
2616 1115 2696 1168 διὸ
2735 1114 2831 1169 καὶ
2873 1115 3064 1170 θᾶττον
3109 1114 3574 1180 καταπέπτουσιν,
3612 1115 3656 1170 ἃ

2075 1202 2363 1267 ἐσθίουσιν,
2399 1203 2598 1269 εὐθέως
2623 1204 3032 1277 διασηπομένων
3054 1203 3163 1259 τῶν
3192 1204 3467 1258 ἐδωδίμων
3489 1204 3554 1257 ἐν
3580 1206 3652 1275 τῇ

2073 1295 2271 1366 γαστρὶ
2299 1294 2496 1349 αὐτῶν.

2157 1387 2219 1440 Ἦ
2246 1387 2305 1441 δὲ
2339 1387 2680 1453 θαλαττιαίος
2707 1388 2954 1460 ἀλώπηξ,
2983 1390 3123 1444 ἐπάν
3170 1390 3245 1460 μὴ
3282 1388 3506 1461 δύνηται
3532 1389 3656 1445 διαρ-

2073 1480 2268 1553 δράσαι
2300 1481 2398 1553 τὴν
2427 1481 2623 1553 ἄγραν,
2669 1483 3010 1537 καταπιοῦσα
3055 1483 3117 1534 τὸ
3143 1482 3453 1555 ἄγκιστρον,
3500 1479 3656 1548 ἐξαλο

2075 1571 2282 1645 λομένη
2325 1573 2420 1628 καὶ
2456 1574 2851 1646 ἀνατρέχουσα,
2890 1573 3201 1646 ἀποτρώγει
3232 1574 3329 1646 τὴν
3366 1573 3652 1649 μήρινθον,

2076 1665 2171 1719 καὶ
2202 1665 2501 1736 διαφεύγει.

2157 1759 2215 1812 Ὀ
2243 1758 2301 1812 δὲ
2332 1758 2670 1830 κροκόδειλος
2697 1760 3110 1833 ἀνθρωποόὀρον
3155 1759 3253 1832 μέν
3290 1759 3405 1812 ἐστι
3437 1758 3654 1830 θηρίον,

2075 1853 2204 1907 ὅταν
2246 1853 2304 1906 δέ
2351 1853 2520 1928 μέλλῃ
2560 1836 2830 1907 ποιεῖσθαι
2870 1853 2968 1918 τὰς
3009 1853 3210 1924 ὀχείας,
3246 1849 3657 1923 ἀνανηξάμενον

2075 1944 2404 2019 ἀναστρέφει
2439 1946 2538 2018 τὴν
2570 1946 2788 2018 θήλειαν
2833 1948 2925 2001 ἐπὶ
2964 1950 3082 2012 ταῖς
3113 1946 3318 2017 ὄχθαις
3353 1944 3511 2016 μόνος
3539 1943 3655 2017 γάρ

2076 2030 2227 2101 οὗτος
2264 2035 2453 2101 ὕπτιος
2494 2036 2809 2109 πλησιάζειν
2840 2037 3069 2107 πέφυκε,
3102 2038 3194 2091 καὶ
3227 2035 3365 2108 μετά
3399 2036 3497 2109 τὴν
3527 2037 3658 2107 ὀμι-

2076 2127 2196 2184 λίαν
2240 2128 2401 2183 πάλιν
2447 2131 2567 2192 ταῖς
2607 2130 2793 2201 χερσὶν
2840 2128 3006 2200 αὐτὴν
3032 2127 3399 2198 ἐπικουφίζων
3429 2144 3657 2180 συνεπις

2077 2223 2327 2295 στρέφει’
2361 2222 2579 2276 ἐπειδὰν
2619 2222 2678 2276 δὲ
2722 2223 2891 2293 αὐτὴν
2922 2220 3067 2293 ἄλλῳ
3114 2219 3517 2292 συγγενομένην
3561 2221 3655 2274 αἵ-

2078 2316 2292 2387 σθῆται,
2341 2314 2796 2386 καθυποκρίνεται
2847 2314 3190 2386 συμμιγῆναι
3234 2314 3393 2385 αὐτῇ,
3444 2313 3542 2366 καὶ
3572 2311 3657 2383 τῷ

2076 2404 2225 2476 αὐτῷ
2265 2405 2450 2477 τρόπῳ
2500 2404 2843 2477 ἀναστρέψας
2888 2404 3057 2476 αὐτὴν
3108 2402 3365 2473 γινώσκει
3417 2403 3507 2458 διὰ
3550 2404 3655 2471 τῆς

2075 2499 2245 2571 ὀδμῆς
2273 2500 2421 2570 (ἔχει
2450 2498 2558 2573 γὰρ
2584 2498 2847 2569 ὀξυτάτην
2872 2498 3002 2571 περὶ
3046 2497 3208 2552 τοῦτο
3227 2498 3327 2568 τὴν
3371 2497 3655 2569 αἴσθησιν)

2077 2592 2166 2661 ὑφ’
2219 2591 2405 2665 ἐτέρου
2442 2592 2760 2663 μιανθεῖσαν
2792 2590 2984 2662 αὐτὴν,
3017 2590 3254 2654 καὶτοῖς
3300 2589 3450 2657 ὄνυξι
3490 2590 3651 2663 διαρο

2079 2683 2245 2756 ῥήξας
2265 2684 2361 2755 τὴν
2387 2684 2634 2756 γαστέρα
2656 2684 2848 2756 αὐτῆς,
2864 2684 3044 2739 πάντα
3062 2681 3133 2737 τὰ
3150 2683 3301 2747 ἐντὸς
3330 2683 3503 2752 αὐτῆς
3527 2698 3657 2737 κατ-

2076 2774 2263 2829 εσθίει.
2318 2775 2454 2846 Περί
2522 2774 2631 2846 γὰρ
2675 2774 2775 2846 τὴν
2825 2775 3063 2847 γαστέρα
3118 2775 3236 2829 ἐστὶ
3276 2774 3548 2847 τρυφερὸν
3589 2773 3655 2828 τὸ

2076 2866 2214 2932 ζῶον
2235 2885 2249 2899 ·
2281 2871 2310 2923 6
2342 2868 2451 2941 γὰρ
2483 2868 2650 2934 νῶτος
2691 2868 2854 2923 αὑτοῦ
2895 2869 3178 2941 στιϐαραῖς
3201 2868 3412 2923 λεπίσιν
3444 2867 3652 2922 ἐνδέδυ-

2075 2977 2186 3025 ται,
2219 2959 2360 3014 ὥστε
2392 2960 2596 3015 καὶτὸν
2629 2959 2883 3026 ὀξύτατον
2915 2959 3130 3032 σίδηρον
3165 2958 3527 3031 ἐπενεχθέντα
3553 2959 3654 3030 ἀμ-

1999 3074 2050 3139 c
2079 3048 2385 3105 ὀλύνεσθαι.

2160 3139 2527 3211 Ἐξαγαγέτω
2562 3140 2637 3195 τὰ
2671 3139 2861 3194 ὕδατα
2901 3140 3143 3196 πετεινὰ
3183 3138 3400 3209 ψυχῶν
3426 3137 3649 3205 ζωσῶν,

2076 3230 2171 3285 καὶ
2201 3230 2412 3301 ἀθρόως
2438 3233 2467 3284 6
2494 3230 2602 3302 ἀὴρ
2638 3231 2891 3285 παντοίου
2923 3232 3111 3301 γένους
3143 3231 3253 3285 τῶν
3288 3231 3518 3303 ὀρνίθων
3554 3249 3652 3284 περ

2077 3321 2380 3395 πλήρωται.
2412 3323 2622 3377 Ἔδωκε
2650 3322 2705 3401 δὲ
2733 3324 2915 3386 αὐτοῖς
2955 3324 3020 3376 ἐκ
3043 3320 3150 3375 τῶν
3193 3322 3401 3375 ὑδάτων
3432 3323 3533 3395 τὴν
3560 3322 3652 3393 γέ-

2077 3431 2245 3480 νεσιν,
2275 3414 2460 3487 ἐπειδὴ
2502 3415 2820 3486 συγγένειάν
2863 3430 2985 3468 τινα
3022 3414 3159 3486 πρὸς
3190 3416 3316 3478 τοὺς
3348 3414 3534 3485 ἰχθύας
3561 3431 3652 3467 κε-

2077 3508 2402 3581 κλήρωνται.
2463 3509 2551 3572 Ὦς
2586 3508 2694 3579 γὰρ
2738 3510 2788 3562 οἱ
2839 3507 3023 3580 ἰχθύες
3071 3509 3128 3561 ἐν
3168 3510 3237 3579 τῇ
3288 3509 3502 3580 κινήσει
3540 3507 3651 3561 τῶν

2078 3601 2364 3674 πτερύγων
2392 3602 2454 3655 τὸ
2499 3601 2643 3673 ὕδωρ
2673 3601 2949 3673 τέμνουσι,
2980 3601 3075 3654 καὶ
3104 3601 3465 3672 διανήχονται,
3509 3600 3652 3655 οὕτω

2076 3694 2147 3748 τά
2175 3694 2393 3748 πετεινά
2417 3696 2529 3759 τοῖς
2563 3698 2782 3767 πτεροῖς
2813 3694 2903 3748 τὸν
2936 3695 3073 3766 ἀέρα
3097 3694 3459 3766 διανήχονται.
3495 3696 3652 3748 Ἐστι

2076 3787 2134 3841 δὲ
2161 3787 2339 3842 αὐτῶν
2373 3787 2442 3840 τὰ
2472 3788 2568 3859 μὲν
2614 3789 2936 3861 σαρκοφάγα
2965 3788 3279 3860 πρέπουσαν
3307 3788 3649 3859 κατασκευὴν

2076 3879 2171 3934 τοῦ
2220 3880 2423 3952 τρόπου
2474 3880 2575 3949 τῆς
2636 3879 2786 3950 σφῶν
2842 3880 3053 3951 διαίτης
3103 3880 3391 3952 ἐπέχοντα,
3442 3882 3652 3953 ὀνύχων

2079 3971 2338 4042 ἀκμαῖς“,
2365 3973 2458 4025 καὶ
2482 3972 2655 4043 χεῖλος
2687 3971 2941 4041 ἀγγύλον,
2967 3974 3060 4026 καὶ
3088 3973 3284 4044 πτερὸν
3306 3974 3399 4041 ὀξὺ
3431 3973 3567 4047 πρὸς
3590 3974 3651 4028 τὸ

2080 4061 2278 4134 ῥᾳδίως
2324 4062 2654 4135 ἀναρπάσαι,
2696 4063 2792 4117 καὶ
2828 4063 3124 4118 διασπάσαι
3167 4064 3444 4119 δύνασθαι·
3490 4066 3560 4119 τά
3594 4066 3651 4119 δέ

2080 4155 2447 4228 σπερμολόγα,
2490 4156 2559 4208 τὰ
2598 4155 2654 4209 δὲ
2694 4158 2761 4211 ἐκ
2796 4158 2995 4223 παντὸς
3030 4156 3357 4233 τρεφόμενα.
3399 4160 3508 4213 Καὶ
3532 4160 3656 4213 τού-

2076 4265 2183 4304 των
2211 4250 2488 4321 ἑκατέρων
2532 4252 2565 4322 ή
2612 4251 2925 4324 κατασκευὴ
2963 4251 3262 4324 διενήνοχεί
3315 4254 3407 4307 καί
3444 4254 3512 4307 τά
3556 4256 3655 4325 μέν

2078 4344 2226 4397 ἐστιν
2260 4343 2470 4415 ἄναρχα
2501 4342 2594 4396 καὶ
2635 4344 2925 4415 αὐτόνομα,
2965 4343 3033 4397 τά
3065 4344 3124 4398 δὲ
3158 4346 3247 4414 ὑφ’
3293 4344 3536 4416 ἡγεμόνα
3565 4344 3652 4398 τέ-

402 4436 650 4505 quaedam
712 4436 1019 4507 principatu
1078 4453 1190 4501 non
1243 4447 1517 4507 tenentur,
1569 4439 1665 4494 sed
1716 4440 1801 4494 sui
1833 4440 1977 4509 juris

2085 4453 2299 4502 τακται,
2344 4436 2440 4491 καὶ
2476 4433 2544 4489 τὰ
2586 4434 2683 4506 μέν
2724 4436 2871 4489 ἐστιν
2912 4434 3302 4509 ἐπιδημητικά,
3343 4435 3411 4489 τά
3458 4434 3516 4489 δὲ
3563 4437 3654 4505 ἐγ-

399 4536 560 4596 sunt;
582 4529 828 4600 quaedam
854 4529 1281 4585 dominationem
1305 4531 1527 4586 alterius
1570 4532 1770 4596 ferunt,
1802 4544 1856 4587 et
1890 4534 1976 4589 ha:

403 4620 625 4691 quidem
680 4620 975 4677 invectitiw
1014 4632 1066 4677 et
1106 4623 1539 4694 peregrinantes,
1588 4624 1708 4679 alia:
1759 4625 1971 4696 indige-

401 4727 507 4767 ηαξ.
568 4732 574 4741 ’

473 4802 781 4875 Superbum
807 4802 939 4873 quid
961 4808 1045 4859 est
1069 4802 1280 4874 gallus;
1308 4811 1366 4857 at
1410 4802 1677 4875 accipiter
1708 4805 1973 4879 singulari

401 4895 778 4953 benevolentia
810 4896 1060 4950 homines
1100 4897 1491 4967 prosequitur;
1530 4899 1754 4952 tradunt
1801 4901 1973 4969 enim.

400 4991 691 5061 accipitres
713 4990 808 5060 qui
836 4989 892 5043 in
921 4987 1154 5043 Thracia
1207 4998 1359 5055 sunt,
1391 5005 1545 5061 atque
1604 4991 1857 5048 homines
1883 5009 1975 5049 so—

400 5084 601 5140 cietate
621 5082 856 5152 quadam
888 5084 1171 5152 aucupari;
1209 5082 1265 5137 in
1305 5084 1458 5138 silvis
1492 5099 1729 5155 namque
1757 5085 1975 5140 densis-

400 5176 557 5232 simis
607 5176 992 5241 immorantur,
1044 5190 1184 5245 quas
1243 5176 1548 5232 volatilium
1595 5192 1758 5233 omne
1801 5194 1974 5249 genus

398 5268 549 5332 colit,
581 5276 638 5323 et
674 5267 882 5322 habitat
912 5266 1373 5338 frequentissime,
1402 5278 1458 5324 et
1500 5284 1609 5323 una
1638 5286 1765 5325 cum
1804 5285 1974 5325 aucu-

398 5359 655 5427 pantibus
684 5368 1033 5425 exercentur,
1068 5360 1137 5415 ad
1189 5361 1602 5419 similitudinem
1660 5365 1869 5419 bellicae
1889 5363 1975 5420 di-

400 5452 667 5522 sciplinae,
708 5462 768 5507 ut
791 5463 1022 5509 venatus
1056 5469 1267 5525 mquam
1299 5463 1505 5525 partem
1538 5444 1846 5527 accipiant;
1873 5458 1974 5515 bo-

400 5545 575 5599 inines
618 5543 876 5613 quatiunt
939 5544 1186 5611 arbores,
1245 5544 1372 5599 hinc
1414 5545 1664 5603 volucres
1722 5548 1975 5604 excitata

474 5711 519 5745 “
549 5710 676 5769 Gen.
707 5729 745 5777 ι,
769 5714 861 5777 20.

2081 4528 2271 4601 χώρια.

2150 4795 2359 4869 Γαῦρον
2389 4799 2418 4849 ὀ
2449 4792 2781 4870 ἀλεκτρυὼν,
2816 4797 2845 4848 6
2883 4795 2939 4848 δὲ
2966 4794 3117 4866 ἱέραξ
3148 4796 3501 4859 εὐνούστατος
3525 4814 3652 4865 τυγ-

2082 4891 2232 4961 χάνει
2260 4891 2388 4963 περὶ
2418 4889 2509 4943 τὸν
2546 4888 2849 4960 ἄνθρωπον.
2894 4888 3185 4961 Ἱστοροῦσι
3211 4890 3318 4960 γὰρ
3346 4891 3472 4954 τοὺς
3497 4891 3555 4943 ἐν
3585 4892 3648 4961 τῇ

2081 4983 2273 5057 Θρᾴκῃ
2300 4983 2520 5056 ἱέρακας
2543 4984 2653 5045 τοῖς
2673 4978 3050 5051 ὀρνιθοθήραις
3071 4981 3201 5051 περὶ
3216 4984 3313 5054 τὴν
3331 4981 3507 5054 ἄγραν
3531 5000 3651 5036 συν-

2081 5076 2361 5149 αίρεσθαι·
2398 5073 2673 5128 ποιοῦνται
2707 5072 2804 5143 μὲν
2831 5071 2942 5144 γὰρ
2976 5071 3075 5134 τάς
3096 5073 3376 5144 διατριϐὰς
3414 5077 3476 5127 ἐν
3500 5066 3650 5138 ὕλαις

2080 5168 2425 5231 δασυτάταις,
2454 5165 2583 5219 ἔνθα
2616 5165 2746 5235 γένη
2775 5165 2880 5219 τῶν
2906 5166 3135 5237 ὀρνίθων
3171 5167 3524 5231 ἐνδιαιτᾶται,
3558 5169 3648 5222 καὶ

2079 5262 2193 5325 τοῖς
2238 5260 2331 5314 ἐπὶ
2363 5259 2461 5331 τὴν
2502 5260 2678 5331 ἄγραν
2729 5257 2867 5312 ἰοῦσι
2906 5260 3309 5320 συντάττονται,
3347 5257 3647 5328 ἰσομοιρίαν

2080 5350 2173 5406 τοῦ
2194 5350 2550 5424 ἀγρευθέντος
2572 5350 2853 5416 δέξασθαι·
2882 5349 2974 5403 καὶ
3003 5349 3110 5404 τῶν
3143 5347 3419 5419 θηρευτῶν
3443 5345 3514 5401 τά
3536 5347 3648 5401 δέν-

2079 5447 2182 5517 δρα
2226 5444 2590 5509 διασειόντων,
2621 5445 2670 5497 οἰ
2712 5443 2890 5516 ὄρνεις
2928 5442 3307 5514 τινασσόμενοι
3347 5439 3646 5503 σοϐοῦνται,

2080 5543 2174 5597 καὶ
2198 5542 2539 5606 ἀνίπτανται,
2568 5542 2659 5594 καὶ
2686 5541 2734 5593 οἱ
2769 5539 2985 5612 ἱέρακες
3013 5537 3153 5592 κατά
3183 5535 3422 5608 κεφαλῆς
3452 5536 3649 5590 τούτων
