3866 6162
259 290 369 348 729

1202 289 1476 347 SPUBIA.
1518 320 1590 333 —
1626 290 1983 381 ῼΟΜΜΕΝΤ.
2027 292 2093 349 IN
2126 291 2630 351 HEXAEMERON.

3396 280 3507 334 730

264 414 715 490 ὃπεριπτάμενοι,
742 414 843 479 τὰς
873 414 1115 486 κεφαλὰς
1152 415 1334 470 αὐτῶν
1363 415 1714 481 κολάπτουσι,
1741 433 1812 469 κα

1939 417 2234 487 abiguntur
2262 424 2317 472 et
2336 416 2576 480 evolant,
2629 413 2921 485 accipitres
2950 414 3364 486 supervolantes
3414 418 3511 474 de-

260 510 344 573 είς
366 507 470 579 γῆν
497 508 949 582 καταρρίπτουσι,
983 508 1078 563 καὶ
1105 507 1334 581 εὔθηρον
1378 509 1478 581 τὴν
1517 509 1693 581 ἄγραν
1721 511 1835 573 τοῖς

258 600 564 674 ἀνθρώποις
593 600 1117 674 παρασκευάζουσινο
1145 603 1193 654 οἱ
1214 601 1271 654 δὲ
1294 601 1519 673 ἄσμενοι
1540 602 1638 674 τῆς
1656 602 1833 674 ἄγρας

255 694 427 765 αὐτῆς
449 692 792 765 παραχρῆμα
825 691 1211 765 μεταδιδόασιν.

323 963 640 1018 Φιλότεκνον
672 962 701 1015 6
732 959 989 1013 πελεκάν’
1027 959 1241 1033 τρέφων
1269 958 1378 1031 γὰρ
1399 960 1525 1023 τοὺς
1551 958 1825 1025 νεοσσοὺς,

251 1057 515 1111 τύπτεται
549 1055 639 1109 ὑπ’
672 1055 852 1110 αὐτῶν
877 1058 996 1118 ταῖς
1035 1053 1294 1125 πτέρυξιν
1321 1056 1400 1117 είς
1431 1053 1493 1106 τὺ
1515 1054 1823 1125 πρόσωπονο

250 1154 280 1205 6
327 1150 383 1204 δὲ
435 1149 719 1204 κολάπτων
764 1149 960 1214 αὐτοὺς
1005 1149 1236 1219 ἀναιρεῖ,
1274 1148 1370 1202 καὶ¹
1408 1145 1826 1217 σπλαγχνισθεὶς

252 1241 438 1296 πενθεῖ
460 1242 552 1295 ἐπὶ
574 1243 720 1313 τρεῖς
741 1240 954 1313 ἡμέρας
976 1240 1190 1304 αὐτούς.
1225 1240 1290 1293 Ἦ
1309 1240 1367 1293 δὲ
1392 1240 1574 1311 μήτηρ
1596 1236 1827 1291 ἐλθοῦσα

248 1334 434 1387 ἐπάνω
471 1333 651 1387 αὐτῶν
691 1334 919 1404 ῥήγνυσι
959 1331 1059 1405 τὴν
1090 1331 1329 1403 πλευρὰν
1359 1331 1550 1401 αὐτῆς,
1583 1331 1676 1384 καὶ
1701 1331 1823 1383 ὲπι-

250 1426 436 1490 στάζει
478 1425 538 1478 τὸ
562 1421 701 1496 αἷμα
734 1426 907 1493 αὐτῆς
951 1426 1043 1479 ἐπὶ
1079 1426 1207 1488 τοὺς
1250 1424 1523 1487 νεοσσοὺς,
1566 1423 1662 1477 καὶ
1690 1422 1825 1487 ζωο-

245 1519 549 1589 γονούνται.
579 1514 736 1573 Οὗτοι
777 1519 834 1572 δὲ
862 1519 911 1571 οἱ
956 1518 1253 1581 πελεκᾶνες
1283 1515 1381 1579 τὰς
1424 1515 1627 1586 κόγχας
1649 1514 1824 1586 τούτῳ

243 1611 326 1683 τῷ
355 1612 543 1685 τρόπῳ
572 1611 832 1665 ἐσθίουσι·
871 1609 946 1682 μὴ
986 1609 1274 1681 δυνάμενοι
1315 1606 1406 1661 διὰ
1435 1607 1495 1661 τὸ
1533 1605 1822 1677 ἐσφίγχθαι

1933 507 2198 577 primunt,
2250 521 2390 576 quas
2420 512 2605 560 rostro
2652 503 2934 574 perforato
2976 505 3158 574 capite
3209 507 3263 560 in
3305 514 3510 565 terram

1933 597 2250 669 projiciunt,
2311 597 2498 667 sicque
2527 596 2636 650 illis
2669 594 2981 649 hominibus
3028 594 3158 650 felix
3186 602 3243 650 et
3267 594 3508 654 faustum

1932 689 2224 758 aucupium
2252 695 2612 758 comparant;
2644 686 2722 741 illi
2752 694 2940 756 captas
2974 701 3216 757 aucupes
3270 688 3509 744 divisas-

1928 795 2037 850 que
2095 781 2279 838 statim
2327 778 2611 850 aequaliter
2664 792 2789 833 cum
2840 777 3195 849 accipitribus
3245 779 3509 849 partiun-

1926 882 2037 929 tur.

1996 967 2282 1022 Pelicanus
2339 964 2575 1020 ﬁliorum
2615 963 3028 1020 amantissimus
3077 970 3197 1030 est;
3230 965 3321 1020 hic
3359 966 3509 1023 enim

1926 1059 2056 1114 dum
2085 1058 2267 1129 pullos
2290 1056 2409 1122 alit,
2456 1056 2526 1111 ab
2558 1055 2665 1111 illis
2696 1055 2799 1110 alis
2848 1056 2903 1109 in
2939 1054 3132 1109 faciem
3180 1057 3503 1126 percutitur,

1926 1150 2021 1221 qui
2054 1156 2236 1205 rostro
2265 1163 2363 1203 eos
2391 1161 2748 1218 repercussos
2778 1146 3062 1213 interimit,
3109 1153 3163 1201 et
3188 1147 3506 1204 misericor-

1924 1243 2015 1297 dia
2062 1249 2364 1312 permotus,
2394 1239 2613 1297 eosdem
2671 1253 2703 1292 a
2737 1253 2797 1293 se
2832 1238 3048 1293 occisos
3078 1239 3223 1309 luget
3275 1255 3371 1310 per
3402 1240 3506 1294 tri-

1923 1334 2117 1390 duum.
2164 1333 2452 1390 Postremo
2500 1340 2674 1386 mater
2719 1328 3035 1398 adveniens,
3086 1330 3230 1387 latus
3263 1333 3506 1403 graviter

1921 1428 2267 1482 vulneratum
2302 1425 2508 1489 ell‘odit,
2534 1434 2589 1480 et
2621 1424 2945 1495 sanguinem
2979 1439 3140 1479 suum
3177 1439 3343 1494 super
3374 1441 3503 1496 par-

1920 1518 2079 1573 vulos
2108 1517 2311 1580 fundit,
2332 1534 2442 1588 quo
2489 1516 2566 1572 illi
2592 1516 2821 1589 perfusi,
2857 1516 3208 1572 reviviscunt.
3246 1516 3309 1571 lli
3363 1533 3500 1574 con-
3604 1535 3619 1546 ο

1921 1608 2042 1664 chis
2070 1609 2173 1663 hac
2212 1610 2427 1665 ratione
2465 1618 2801 1665 vescuntur:
2834 1623 2963 1663 cum
2992 1608 3115 1664 illas
3162 1609 3340 1666 valide
3365 1624 3503 1665 con-

242 1703 415 1767 αύτὰς
450 1703 679 1757 ἀνελεῖν·
727 1702 1113 1756 καταπίνουσιν
1143 1698 1313 1763 αὐτὰς
1352 1698 1635 1771 πρότερον,
1672 1699 1812 1762 ὅπως

1922 1702 2143 1757 strictas
2185 1702 2453 1773 perimere
2479 1716 2589 1757 non
2618 1702 2849 1773 possint,
2874 1701 3027 1772 prius
3047 1716 3142 1757 eas
3168 1702 3499 1772 deglutiunt,

240 1799 311 1868 τῇ
341 1763 468 1867 περὶ
492 1795 581 1850 τὸν
606 1795 862 1867 φάρυγγα
886 1793 1181 1866 θερμότητι
1218 1763 1445 1863 διατακῇ
1480 1763 1579 1861 μέν
1602 1791 1635 1861 ἡ
1666 1790 1812 1844 συνέ-

1922 1800 1983 1847 ut
2015 1763 2255 1849 faucium
2295 1795 2498 1858 calore,
2523 1763 2683 1865 quasi
2711 1763 3340 1871 glutino'l'errumina'tas
3371 1763 3501 1868 ape;

240 1904 415 1960 χουσα
453 1886 639 1957 κόλλη,
682 1886 956 1940 ἀνεθεῖσαι
1003 1884 1061 1939 δὲ
1105 1885 1161 1938 αἱ
1208 1883 1408 1952 κόγχαι
1454 1880 1814 1953 χαλασθῶσιψ

238 1978 599 2051 ἑξεμέσαντες
625 1971 719 2033 οὖν
745 1977 937 2044 αὐτὰς,
967 1974 1224 2049 εὐμαρῶς
1251 1976 1313 2029 τὸ
1355 1972 1611 2046 ἐδώδιμον
1637 1972 1817 2028 αὐτῶν

237 2071 639 2128 κατεσθίουσιν.

312 2165 378 2217 Αἱ
404 2163 461 2217 δὲ
491 2163 694 2234 φάσσαι
726 2163 826 2216 ούκ
847 2160 976 2217 ἔνθα
1000 2160 1272 2215 τίκτουσιν
1296 2156 1655 2225 ἑπωάξονται,
1680 2156 1817 2212 ἀλλὰ

241 2256 602 2326 μεταστᾶσαι,
624 2254 711 2308 διὰ
737 2253 799 2307 τὸ
835 2252 1035 2325 πλῆθος
1050 2252 1159 2305 τῶν
1188 2250 1598 2324 θηρευτῶν,·είς
1628 2248 1815 2320 ἕτερον

234 2349 428 2414 τόπον,
460 2328 789 2418 ἐκτρέφουσι
832 2346 959 2409 τοὺς
988 2342 1257 2407 νεοττούς.
1312 2342 1424 2397 Καὶ
1470 2341 1691 2397 ἐπειδὰν
1725 2341 1813 2395 ατο

239 2440 476 2494 σθωνται
510 2441 589 2503 είς
630 2438 803 2510 θήραν
851 2436 1187 2508 ἀφιγμένους
1219 2435 1375 2499 τινας
1411 2434 1519 2489 τῶν
1560 2435 1812 2497 νεοττῶν,

234 2532 581 2596 ἀνίπτανται,
608 2533 704 2585 καὶ
730 2529 828 2603 τὴν
860 2528 969 2583 τῶν
995 2526 1274 2600 θηρευτῶν
1308 2527 1544 2599 σπόυδὴν
1577 2528 1659 2591 είς
1695 2528 1816 2580 ἑαυ-

233 2627 337 2691 τὰς
372 2625 699 2698 περισπῶσι,
731 2624 920 2698 καιρὸν
947 2625 1125 2695 φυγῆς
1148 2627 1261 2687 τοῖς
1289 2627 1524 2688 νεοττοῖς
1548 2624 1814 2697 παρέχου-

235 2737 355 2787 σαι,
390 2720 485 2774 καὶ
513 2719 856 2789 ἐκφυγόντων
896 2717 1004 2774 τῶν
1038 2718 1290 2781 νεοττῶν,
1334 2717 1475 2789 μάλα
1497 2716 1812 2790 θαρσαλέως

236 2812 335 2865 σὺν
357 2814 469 2875 τοῖς
493 2814 745 2875 νεοττοῖς,
778 2811 1081 2884 ἀπάρασαι,
1111 2808 1574 2882 αἰθεροσατοῦσιν.

304 2904 592 2959 Φιλόκαλον
641 2907 670 2959 6
712 2904 856 2968 ταὼς
887 2904 947 2972 ἐξ
1007 2903 1183 2959 Ἰνδῶν
1222 2902 1559 2975 ὁρμώμενος.
1609 2892 1807 2966 Οὗτος,

230 2999 626 3073 ἀναπτερώσας
654 2999 715 3053 τὸ
749 2998 945 3062 κάλλος
990 2998 1085 3052 καὶ
1124 2996 1232 3051 τῶν
1279 2995 1495 3067 πτερῶν
1537 2995 1810 3061 ἐπιδείξας

226 3094 294 3147 τὸ
326 3090 572 3164 θέατρον,
620 3090 882 3158 ἐπάγεται
916 3088 1051 3163 πρὸς
1093 3087 1376 3142 συνουσίαν
1426 3085 1524 3159 τὴν
1568 3085 1805 3157 θήλειαν,
1836 3127 1880 3188 c

230 3181 423 3254 ῶσπερ
444 3181 682 3254 λειμῶνα
716 3180 807 3235 τὸν
846 3178 1230 3251 καλλωπισμὸν
1255 3177 1442 3231 τοῦτον
1497 3177 1808 3241 ἐπιδεικνὺς

227 3274 368 3345 αὐτῇ
388 3291 401 3304 '
441 3273 553 3326 ἔστι
586 3272 694 3344 γὰρ
740 3272 924 3343 σχεδὸν
960 3270 1223 3342 λειμῶνος
1254 3273 1284 3325 6
1314 3268 1461 3335 ταὼς
1501 3270 1811 3324 εὐανθέστε-

232 3384 345 3437 ρος.
369 3365 839 3437 Περιπεφύτευται
868 3364 976 3437 γὰρ
1015 3361 1163 3434 αὐτῷ
1204 3363 1403 3435 χρυσὸς
1421 3365 1534 3427 τοῖς
1567 3364 1804 3434 πτεροῖς,

226 3460 328 3514 καὶ¹
360 3460 544 3531 κύκλῳ
561 3459 622 3512 τὸ
656 3457 917 3529 ἁλουργὲς
942 3453 1181 3527 περιθέει
1216 3452 1528 3527 πορφυροῦν
1555 3453 1647 3508 τὸν
1677 3470 1809 3525 χρυ-

227 3553 323 3607 σόν
342 3570 357 3583 ο
393 3554 487 3607 καὶ
519 3551 624 3606 ὑπὸ
653 3550 747 3604 τοῦ
778 3551 977 3624 χρυσοῦ
1007 3551 1315 3622 περίκειται
1347 3547 1407 3601 τὺ
1442 3547 1554 3601 ἴσον
1577 3545 1799 3612 κύκλον,

229 3646 328 3699 καὶ
360 3644 505 3698 ἔστιν
533 3643 807 3715 ὀφθαλμὸς
851 3646 908 3697 ὲν
956 3643 1164 3716 πτερῷ.

304 3738 364 3792 'U
392 3737 448 3792 δὲ
480 3737 651 3808 φοῖνιξ
688 3736 915 3809 μέγεθος
934 3738 1030 3809 μὲν
1061 3736 1173 3808 ἔχει
1200 3734 1428 3800 ταῶνος,
1468 3734 1711 3807 διαφέρει
1748 3734 1805 3789 δὲ

221 3830 306 3903 τῷ
335 3830 521 3885 κάλλει
546 3829 639 3883 τοῦ
655 3829 856 3894 ταῶνος
875 3833 940 3902 τῇ
966 3831 1155 3902 χροιᾷ·
1185 3829 1515 3907 κεκέρασται
1533 3828 1641 3899 γὰρ
1656 3826 1805 3899 αὐτῷ

223 3923 413 3997 χρυσῷ
434 3925 525 3978 καὶ
541 3923 795 3996 πορφύρᾳ
814 3923 883 3978 τὰ
897 3922 1093 3995 πτερὰ,
1122 3922 1311 3993 εὐφυεῖ
1323 3923 1379 3975 δὲ
1407 3920 1590 3992 κύκλῳ
1615 3918 1805 3989 στεφά-

222 4035 317 4070 νου
347 4015 611 4088 ήκεφαλὴ
640 4014 803 4071 αὑτοῦ
835 4016 1171 4087 κεκόσμηται
1193 4013 1454 4084 φυσικῶς.
1498 4013 1654 4066 Ἐστι
1694 4011 1750 4064 δὲ
1774 4013 1803 4066 ό

222 4106 423 4171 κύκλος
452 4107 698 4171 κυάνεος,
715 4106 810 4160 καὶ
831 4106 1003 4177 ῥόδοις
1030 4104 1534 4178 ἐμφερής.Εύειδὴς
1566 4103 1624 4158 δὲ
1642 4101 1717 4158 ῶν
1733 4104 1799 4173 τῇ

222 4199 343 4273 θέᾳ,
356 4200 450 4254 καὶ
463 4200 641 4255 ἀκτῖσι
662 4201 868 4273 κομῶν,
887 4200 1076 4274 ὥσπερ
1089 4200 1239 4272 ἥλιος
1266 4201 1351 4269 ἐφ’
1368 4197 1534 4268 ὕψους
1553 4198 1766 4251 ἵσταται
1782 4212 1796 4226 ⁸

220 4291 299 4354 ὡς
329 4293 609 4365 ἱστορῆσαι
641 4293 737 4348 καὶ
778 4293 969 4357 ἄλλους
1000 4292 1099 4364 τὴν
1130 4292 1344 4365 μορφὴν
1374 4289 1538 4345 αὐτοῦ
1570 4289 1665 4343 τοῦ
1690 4286 1800 4342 σώ-

224 4402 416 4457 ματος,
446 4386 521 4451 ὡς
535 4387 630 4441 καὶ
653 4386 805 4440 αὐτοὶ
832 4386 1222 4459 διαγράφοντες
1249 4384 1547 4455 φάσκουσιν
1588 4381 1762 4448 οὕτως
1780 4399 1794 4413 ο

221 4585 490 4641 Διπλοῦν
520 4584 632 4655 γάρ
662 4585 795 4639 ἐστι
829 4584 894 4639 τό
916 4583 1115 4655 μῆκος
1143 4584 1321 4640 ἀετοῦ
1349 4583 1595 4655 σχεδόν.

219 4656 465 4724 Πτεροῒς
476 4655 545 4710 δὲ
565 4657 949 4720 ποικίλοισιν,
981 4655 1091 4725 ἠδὲ
1116 4655 1442 4726 χρώμασιν,

217 4726 397 4806 ,ζῶμα
420 4726 607 4806 αὑποῦ
639 4727 941 4806 κέκαυταρ

215 4796 447 4867 Στῆθος
462 4797 586 4867 ,μὲν
611 4796 725 4851 οὖν
751 4797 937 4851 αὑτοῦ
967 4796 1319 4867 πορφυροῦν
1337 4798 1630 4867 φαίνεται,

214 4866 414 4935 Σκέλη
443 4866 514 4920 δὲ
532 4868 931 4937 μιλτόχρωτα,
961 4870 1057 4922 καὶ
1084 4866 1212 4921 κατ’
1238 4866 1487 4936 αὐχένα,

214 4937 609 5007 Κροκοπίνοις
636 4937 968 5007 μαλλοὶοιν
996 4937 1409 5006 εὐτρεπίζεται.

215 5006 391 5074 Κάραί
410 5006 477 5059 δὲ
507 5006 711 5075 κοίτης
739 5007 959 5077 τἰιιέρας
989 5008 1390 5077 παρεμφερὴς,

212 5079 323 5132 Kal
344 5079 570 5149 μηλζνῃ
594 5078 712 5147 μὲν
740 5078 814 5147 τῇ
845 5081 991 5149 κόρῃ
1034 5079 1428 5149 προσέϐλεπε.

212 5149 434 5220 Κύκνίῳ
564 5152 779 5220 κόρῃονι
802 5147 1021 5220 κόκκος
1050 5147 1130 5217 ὡς
1156 5151 1456 5220 ἐφαίνετο.

215 5216 431 5284 Φωνὴν
453 5216 520 5290 δὲ
551 5216 793 5290 ,πάντων
811 5216 976 5289 εἶχεν
999 5216 1579 5290 εὐπρεπεδεστάτην.

214 5289 516 5360 {Moysi};
536 5289 604 5360 ee
634 5288 875 5360 πάντων
890 5288 1121 5358 θόρνέωνί
1141 5293 1436 5360 ἐφαίνετο,

227 5358 323 5425 Ὧς
338 5354 420 5429 ἦν
454 5354 677 5429 νοῆσαι
698 5376 712 5391 ο
744 5354 942 5415 πάντά
967 5361 1080 5431 γὰρ
1101 5354 1190 5417 τᾶ
1202 5361 1402 5431 πτηνὰ
1433 5363 1582 5434 ὁμοῦ

219 5492 505 5564 Ὄπιονθεῂ
525 5492 712 5548 αὐτοῦ
742 5491 1159 5564 δολιχεύοντες
1186 5494 1549 5552 ἐπέσσυντο.

213 5561 410 5637 ᾼρζὺς
445 5561 516 5615 δὲ
542 5565 788 5637 πρόσθε,
813 5561 1032 5637 ταῦρος
1062 5561 1143 5633 ῶςέ
1176 5569 1602 5637 γαυρούμενος,

219 5633 452 5710 Ἐὔαιιςε
483 5634 776 5702 κραιπνὸν
795 5634 967 5706 βῆμα
984 5633 1301 5702 ,βαστάζωῦ
1324 5633 1528 5706 ποδός.

284 5744 455 5799 Τοῦτο
482 5748 613 5817 φασὶ
630 5749 914 5820 μονογενὲς
944 5751 1206 5825 ὑπάρχειν
1233 5753 1391 5821 ζῶον,
1430 5754 1504 5828 μὴ
1542 5756 1782 5811 συνιστάο

1919 1884 2091 1952 riant;
2127 1901 2250 1956 quae
2281 1886 2495 1948 laxatae,
2533 1888 2772 1942 claustra
2827 1886 3147 1950 resolvunt;
3181 1884 3378 1942 deinde
3401 1900 3501 1943 eas

1915 1983 2195 2041 evomunt,
2219 1984 2274 2031 et
2316 1992 2386 2032 ex
2426 1977 2514 2032 his
2540 1992 2661 2048 quae
2687 1983 2817 2031 sunt
2875 1976 3177 2043 esculenta,
3238 1976 3359 2033 sine
3385 1976 3499 2032 ulla

1916 2064 2236 2125 dillicultate
2257 2069 2488 2141 eligunt,
2518 2077 2573 2125 et
2602 2068 2795 2124 edunt.

1987 2157 2279 2218 Palumbes
2295 2178 2402 2217 non
2422 2162 2513 2217 ubi
2535 2163 2755 2233 pariunt
2773 2158 3128 2231 pullationem
3151 2157 3381 2225 faciunt,
3397 2158 3498 2216 sed

1915 2269 2138 2330 propter
2164 2254 2568 2311 multitudinem
2590 2260 2929 2318 venatorum,
2948 2252 3082 2308 locis
3103 2251 3348 2316 mutatis,
3365 2251 3497 2308 alibi

1914 2350 2172 2419 parvulos
2214 2347 2495 2412 nutriunt;
2534 2345 2627 2400 ubi
2663 2350 2954 2400 venatores
3000 2342 3203 2398 fuerint
3228 2342 3496 2411 odoratae,

1913 2447 2040 2495 ante
2066 2438 2244 2509 pullos
2271 2444 2625 2494 excurrentes
2653 2435 2891 2500 evolant,
2924 2441 2979 2490 et
3021 2434 3075 2488 in
3110 2441 3284 2489 semet
3326 2450 3496 2489 vena-

1912 2539 2090 2589 torum
2109 2532 2368 2601 impetum
2385 2540 2440 2586 et
2454 2530 2696 2587 studium
2715 2536 3063 2593 convertunt,
3081 2528 3304 2583 interim
3327 2527 3490 2594 ﬁlios,

1914 2628 2038 2698 l'uga
2060 2632 2249 2697 parata
2280 2632 2547 2689 tutantur,
2576 2623 2776 2695 quibus
2803 2623 2860 2676 in
2898 2620 3082 2693 fugam
3124 2622 3291 2688 datis,
3321 2623 3494 2678 auda-

1911 2727 2031 2775 cter
2105 2718 2322 2773 volatus
2375 2731 2567 2772 eorum
2615 2724 2820 2771 matres
2868 2722 3196 2786 prosecute,
3259 2716 3485 2773 sublimi

1912 2808 2027 2865 aeri
2059 2823 2118 2864 se
2155 2807 2527 2862 committunt.

1983 2898 2094 2955 Sua
2123 2897 2298 2954 forma
2343 2899 2941 2969 gloriosumpavonem
2974 2898 3094 2955 Indi
3135 2896 3361 2966 ferunt;
3394 2897 3490 2954 hic

1909 2999 2163 3047 ornatum
2218 2991 2488 3062 pandens,
2536 2998 2590 3047 et
2634 3007 2937 3062 pennarum
2977 2990 3287 3062 speciosum
3329 2991 3489 3045 thea-

1910 3098 2056 3144 trum
2110 3095 2420 3156 ostentans,
2466 3087 2720 3145 dilectam
2763 3104 2796 3144 a
2847 3104 2908 3146 se
2954 3089 3228 3146 femellam
3275 3089 3487 3158 allicit;

1910 3180 2376 3252 pulchritudinem
2407 3181 2549 3237 hanc
2577 3183 2745 3238 veluti
2770 3197 3074 3253 pennarum
3105 3190 3323 3253 pratum
3362 3198 3488 3254 spe-

1907 3274 2166 3329 ctandam
2195 3288 2545 3345 proponens;
2578 3289 2821 3345 saneque
2845 3275 3075 3345 pavonis
3105 3284 3321 3345 pratum
3346 3290 3491 3346 quo-

1905 3365 1990 3422 vis
2032 3366 2141 3422 alio
2186 3374 2347 3437 prato
2388 3367 2548 3438 longe
2597 3367 2852 3425 ﬂoridius
2890 3373 3013 3434 est;
3063 3367 3119 3421 in
3167 3367 3289 3438 ejus
3336 3367 3484 3423 enim

1906 3458 2102 3529 pennis
2127 3473 2323 3514 aurum
2355 3459 2679 3526 seminatur,
2714 3466 2770 3515 et
2793 3462 2943 3514 omni
2965 3474 3031 3514 ex
3061 3466 3216 3529 parte
3241 3473 3485 3530 purpura

1905 3551 2188 3621 teqmliter
2217 3550 2557 3606 convestitur
2583 3559 2639 3606 et
2676 3551 2865 3615 vestit,
2893 3550 3149 3621 inestque
3178 3550 3291 3607 illis
3320 3550 3484 3622 quasi

1904 3643 2189 3697 oculorum
2213 3642 2447 3712 species.

1974 3736 2203 3792 Pbmnix
2233 3738 2463 3808 pavonis
2492 3745 2755 3793 narratur
2780 3738 3177 3811 magnitudine,
3208 3739 3304 3796 sed
3330 3753 3362 3794 a
3382 3753 3483 3811 pa—

1902 3843 2045 3885 vone
2097 3829 2509 3901 pulchritudine
2561 3836 2616 3885 et
2667 3831 2853 3886 colore
2916 3831 3218 3889 secundus.
3260 3830 3483 3888 Pennas

1903 3922 2049 3977 enim
2100 3937 2237 3977 auro
2284 3929 2340 3978 et
2391 3937 2635 3993 purpura
2696 3923 3019 3995 interpictas
3063 3924 3252 3992 habet,
3310 3932 3479 3996 caput

1901 4013 2175 4069 concinno
2229 4014 2386 4085 apice
2442 4016 2812 4087 undequaque
2864 4024 2920 4073 et
2974 4032 3178 4074 corona
3231 4017 3474 4073 cohone-

1902 4111 2080 4160 statur
2103 4122 2120 4174 ;
2151 4106 2395 4163 circulus
2417 4110 2604 4164 colore
2625 4110 2859 4166 caeruleo
2880 4117 2967 4166 est
2988 4117 3044 4166 et
3065 4110 3213 4167 rosis
3237 4110 3477 4178 similis;

1900 4195 1983 4251 sic
2016 4207 2239 4267 aspectu
2269 4198 2537 4268 jucundo,
2566 4208 2622 4255 et
2653 4201 2837 4256 radios
2862 4200 3163 4272 projiciens
3193 4202 3362 4258 veluti
3391 4203 3476 4257 sol

1898 4287 1955 4341 in
1982 4303 2200 4343 summo
2232 4304 2293 4344 se
2320 4289 2582 4357 collocat;
2614 4291 2688 4346 ita
2719 4300 2780 4346 ut
2807 4300 2862 4347 et
2884 4293 2977 4347 alii
3011 4292 3244 4348 formam
3277 4306 3476 4364 corpo-

1898 4378 1979 4432 ris
2019 4378 2168 4434 illius
2209 4380 2560 4448 tradiderint,
2605 4398 2771 4454 quam
2821 4383 2976 4441 hisce
3025 4384 3215 4443 verbis
3258 4384 3473 4442 descri-

1826 4477 1873 4536 D
1901 4485 2095 4543 psere:

1897 4584 2076 4660 Dapla
2104 4586 2289 4657 quippe
2316 4594 2394 4660 est
2422 4586 2532 4657 fere
2553 4588 2749 4660 aquilce
2781 4590 3170 4660 magnitudine.

1892 4655 2010 4728 ᾼιίδ
2041 4655 2218 4710 autem
2248 4655 2434 4719 rariis,
2462 4655 2618 4728 atque
2639 4655 2927 4727 coloribus,

1895 4724 2098 4795 Corpus
2124 4728 2271 4781 illius
2308 4724 2716 4785 interscribitur.

1896 4795 2088 4867 [fectus
2113 4814 2231 4852 vero
2259 4798 2404 4851 illius
2431 4814 2751 4867 purpureum
2781 4801 2929 4855 nitet.

1895 4864 2072 4942 Qrura
2098 4869 2308 4942 signata
2332 4864 2595 4942 cati—uilio,
2636 4880 2687 4925 et
2717 4872 2860 4926 circa
2892 4873 3110 4942 collum,

1895 4936 2090 4992 Croceo
2118 4936 2293 5007 pinna:
2315 4940 2502 4993 vellere
2528 4942 2830 4995 decoratur.

1892 5007 2066 5079 Qaput
2094 5010 2209 5079 ejus
2236 5009 2341 5063 diei
2367 5010 2530 5063 cubili
2560 5027 2665 5065 non
2694 5012 2974 5079 dissimile,

1894 5077 2227 5149 gt'melineis
2252 5080 2464 5149 papillis
2495 5082 2863 5139 contuebatur.

1895 5147 1963 5225 Iit
1988 5150 2128 5225 circa
2150 5147 2618 5225 eas'andequaque
2638 5154 2791 5225 quasi
2823 5170 3007 5225 caecus
3039 5154 3455 5225 diﬂ'undebatur.

1895 5216 1949 5296 1y
1953 5220 2177 5296 altisque
2202 5216 2513 5296 anilitaliitm
2533 5216 2659 5296 erat
2687 5223 2909 5296 pulchra
2934 5242 3053 5296 nece
3081 5216 3325 5296 inferior.

1893 5287 2004 5361 Rea:
2030 5287 2191 5361 igitur
2213 5291 2446 5361 omnium
2476 5292 2648 5345 avium
2672 5287 2784 5349 esse
2815 5294 3111 5358 videbatur,

1896 5357 1966 5413 Ut
1991 5357 2293 5431 conjectura
2309 5360 2548 5432 iudicari
2578 5373 2779 5433 potest;
2818 5368 3000 5423 omnia
3030 5357 3172 5424 enim
3217 5372 3460 5429 volatilia

3226 5442 3389 5499 simul

1890 5498 2023 5555 Post
2051 5516 2171 5556 eum
2212 5510 2454 5556 contento
2480 5518 2641 5557 cursu
2667 5504 2959 5561 irruebant.
3199 5439 3223 5515 [

1889 5571 1959 5649 ,ξι
1979 5572 2090 5649 ipse
2117 5582 2240 5626 ante
2267 5588 2448 5649 omnes
2477 5582 2732 5644 tanquam
2756 5586 2941 5649 taurus
2976 5580 3283 5649 superbiam

1888 5640 2168 5713 Pergebat,
2198 5641 2415 5699 celerem
2447 5640 2686 5714 gressum
2709 5648 2914 5704 volvens
2936 5640 3103 5721 pedis.

1961 5751 2117 5812 Hunc
2152 5754 2340 5813 dicunt
2373 5756 2666 5829 unigcnum
2711 5761 2863 5817 nulla
2912 5765 3264 5822 successione
3295 5779 3463 5839 gene-
