3840 6164
421 291 522 347 751
550 302 555 307 '

1283 283 1343 342 S.
1384 281 1833 341 EUSTATHIUS
1863 280 2358 338 ANTIOCHENUS
2390 276 2792 335 EPISCOPUS.

3588 276 3689 331 733

415 408 553 472 rari,
594 406 692 465 sed
721 423 845 464 esse
873 408 1101 462 unicum
1132 412 1187 460 et
1225 403 1426 469 solum,
1456 409 1511 457 et
1541 400 1857 472 quingentis
1878 414 2004 454 eum

2114 415 2271 468 μενον
2330 396 2566 468 διαδοχῇ,
2612 394 2724 449 ἀλλ’
2765 394 3027 466 ὑπάρχειν
3058 391 3188 446 αὑτὸ
3234 389 3567 464 μονώτατον,
3600 394 3688 445 καὶ

414 501 628 556 durare
665 500 846 577 annis.
884 498 1046 553 Morti
1079 498 1385 568 proximus,
1418 495 1629 549 obitum
1661 492 1812 549 enim
1844 505 2006 546 suum

416 593 535 661 ipse
562 592 867 663 praesentit,
903 593 958 645 in
1001 590 1234 647 sublime
1261 589 1498 650 delatus,
1532 587 1704 642 solem
1737 584 2005 638 orientem

418 686 670 753 intuens,
702 685 941 740 surculis
958 681 1250 737 odoriferis
1275 679 1551 734 construit
1573 677 1785 740 nidum,
1808 673 2006 730 deinde

422 778 608 833 asolis
648 777 818 832 radiis
849 783 997 829 totus
1033 780 1331 836 crematur,
1380 780 1434 826 et
1465 773 1522 825 in
1568 769 1849 840 pulverem
1882 780 2006 819 om-

425 870 558 924 nino
576 870 903 933 resolvitur;
935 884 1000 922 ex
1043 866 1265 938 pulvere
1308 863 1505 919 deinde
1549 861 1883 918 vermiculus
1908 876 2007 914 na-

427 960 619 1027 scitur,
651 960 775 1014 inde
804 958 988 1029 pullus
1018 958 1340 1029 primusque
1372 955 1617 1025 phtenix.

495 1225 690 1295 Aquila
720 1223 775 1279 ὴ]
804 1224 1106 1280 educandis
1137 1224 1329 1280 liberis
1360 1222 1730 1293 iniustissima
1767 1228 1852 1275 est
1877 1238 1892 1286 ;
1922 1220 2007 1274 bi-

423 1332 526 1373 nos
551 1318 729 1388 pullos
757 1318 1022 1379 excludit,
1046 1332 1282 1387 quorum
1312 1316 1544 1371 alterum
1585 1314 1691 1371 sibi
1726 1313 2006 1374 conciliat,

425 1410 658 1464 alterum
701 1410 909 1464 alarum
939 1409 1136 1464 ictibus
1168 1407 1317 1478 fugat
1358 1414 1413 1462 et
1445 1407 1691 1476 expellit,
1727 1405 1908 1459 labore
1954 1412 2009 1459 et

424 1500 608 1564 taadio,
639 1507 698 1554 ut
725 1501 898 1562 aiunt.
931 1499 1245 1566 nutriendi;
1297 1498 1395 1553 sed
1428 1511 1594 1568 quam
1627 1504 1828 1551 vocant
1864 1494 2009 1550 ossi-

425 1593 600 1664 fraga,
640 1604 699 1648 ut
724 1592 906 1648 ferunt
955 1594 1191 1658 ejectum
1235 1591 1661 1662 abdicatumque
1703 1591 1906 1660 excipit
1954 1596 2009 1644 et

425 1684 625 1740 educat
653 1699 780 1739 cum
813 1685 950 1740 suis.
981 1683 1182 1739 Verum
1205 1684 1298 1739 ubi
1332 1684 1541 1754 pullum
1582 1683 1766 1754 aquila
1796 1681 2007 1738 enutri-

2109 491 2206 562 ἐτη
2238 491 2336 563 ζῇν
2366 489 2714 545 πεντακόσια.
2736 489 2847 542 Καὶ
2875 490 2931 542 ἐν
2964 486 3140 558 καιρῷ
3170 486 3261 541 τοῦ
3308 484 3523 559 μέλλειν
3562 486 3689 540 αὐτὸ

2108 583 2362 655 τελευτᾷν
2411 579 2864 653 (προαισθάνεται
2904 578 3011 650 γὰρ
3058 579 3157 650 τὴν
3201 577 3562 648 ἁποϐίωσιν),
3605 579 3685 647 ἐφ’

2107 676 2313 747 ὑψηλοῦ
2346 675 2489 737 τινὸς
2509 674 2674 727 τόπου
2692 673 3107 743 ἐστοχασμένος,
3130 671 3269 725 κατά
3300 671 3399 742 τὴν
3422 670 3685 741 ἀνατολὴν

2107 769 2200 823 τοῦ
2237 770 2413 841 ἡλίου,
2457 768 2516 833 ἐξ
2562 768 2931 841 ἀρωματικῶν
2968 766 3257 837 φρυγάνων
3300 764 3683 836 συμπηγνύναι

2106 862 2205 934 τὴν
2234 862 2450 927 καλιὰν,
2481 863 2712 916 κᾶπειτα
2735 861 2839 914 ὑπὸ
2866 861 2963 931 τῆς
3004 860 3220 922 ἀκτῖνος
3243 856 3685 921 ὁλοκαυτίζεσθαι

2106 955 2201 1007 τοῦ
2232 955 2407 1025 ἡλίου,
2436 953 2531 1007 καὶ
2558 955 2638 1016 εἰς
2677 952 2824 1006 κόνιν
2857 949 3133 1014 παντελῶς
3170 947 3535 1002 ἀναλύεσθαι·
3574 942 3688 999 εἶτα

2108 1046 2173 1099 ἐκ
2205 1045 2302 1116 τῆς
2331 1044 2533 1106 κόνεως
2556 1041 2813 1113 σκώληκα
2846 1039 3150 1110 γίγνεσθαι,
3180 1040 3273 1093 καὶ
3312 1040 3377 1091 ἐκ
3410 1036 3506 1090 τοῦ
3546 1036 3687 1090 σκώ-

2108 1135 2272 1206 ληκος
2304 1137 2385 1198 είς
2415 1135 2505 1189 τὸν
2534 1132 2750 1206 πρῶτον
2778 1134 2993 1204 φοίνικα
3028 1130 3475 1204 μεταϐάλλεσθαι.

2193 1228 2251 1279 '0
2282 1225 2337 1281 δὲ
2357 1226 2513 1289 ἀετὸς
2541 1226 2668 1297 περὶ
2697 1225 2796 1296 τὴν
2813 1223 3121 1296 ἀνατροφὴν
3145 1223 3251 1276 τῶν
3283 1221 3518 1276 νεοττῶν
3545 1225 3691 1275 ἐστιν

2110 1315 2470 1381 ἀδικώτατος·
2525 1317 2617 1370 δύο
2663 1317 2773 1389 γὰρ
2822 1319 3071 1389 ποιήσας,
3118 1316 3208 1370 τὸν
3248 1316 3347 1387 μὲν
3382 1315 3575 1387 ἕτερον
3612 1318 3688 1367 oi-

2110 1407 2374 1471 κειοῦται,
2425 1408 2516 1459 τὸν
2543 1409 2600 1460 δὲ
2636 1408 2819 1481 ἕτερον
2859 1407 3131 1479 μαστίςων
3168 1412 3280 1471 τοῖς
3306 1413 3531 1480 πτεροῖς
3554 1411 3689 1464 ἀπο-

2111 1500 2410 1571 πέμπεται,
2440 1500 2528 1553 διά
2563 1501 2662 1571 τῆς
2699 1502 2924 1573 τροφῆς,
2956 1500 3031 1565 ὡς
3051 1502 3203 1569 φασὶ,
3230 1502 3291 1555 τὸ
3310 1504 3593 1559 ἐπίπονον.
3631 1508 3691 1560 Ἡ

2107 1594 2165 1646 δὲ
2199 1594 2363 1665 φὴνη,
2407 1594 2498 1646 τὸν
2538 1593 2942 1664 ἀποποιηθέντα
2985 1593 3286 1665 δεξαμένη,
3314 1598 3428 1659 τοῖς
3468 1599 3690 1662 οἰκείοις

2112 1684 2227 1755 ἅμα
2287 1685 2544 1757 ἐκτρέφει
2590 1688 2848 1750 νεοσσοῖς.
2903 1685 3118 1757 Θρέψας
3175 1686 3232 1739 δὲ
3280 1686 3372 1740 τὸν
3401 1690 3625 1743 νεοττὸν
3666 1694 3693 1743 ὁ

425 1777 922 1847 vitapprehensum
956 1777 1140 1831 volatu
1175 1775 1232 1829 in
1270 1775 1560 1830 sublimem
1591 1787 1772 1829 aerem
1805 1770 2004 1834 defert,

2114 1775 2289 1839 ἀετὸς,
2326 1775 2668 1841 συνίπταται,
2691 1776 2853 1833 αὑτὸν
2875 1776 3009 1847 πρὸς
3037 1776 3127 1829 τὸν
3149 1776 3340 1848 αἰθέρα
3363 1776 3686 1850 λαμϐάνων·

425 1876 480 1924 et
501 1868 547 1925 si
563 1883 687 1923 eum
709 1869 976 1924 adversus
1005 1869 1138 1923 solis
1166 1867 1351 1922 radios
1376 1864 1533 1921 firma
1557 1866 1675 1922 acie
1696 1865 1997 1920 intuentem

426 1960 799 2030 conspexerit,
829 1967 886 2015 et
916 1972 1044 2015 aera
1075 1960 1271 2031 pennis
1304 1959 1569 2014 audacter
1599 1965 1898 2017 secantem,
1929 1956 2008 2012 uti

427 2053 722 2124 genuinum
753 2053 852 2107 alit
879 2051 1149 2114 fovendo;
1190 2053 1239 2107 si
1265 2056 1649 2110 conniventem
1681 2051 2008 2107 bumectauv

424 2151 643 2215 temque
684 2144 1148 2210 animadverterit,
1189 2144 1271 2199 uti
1306 2143 1676 2201 adulterinum
1711 2151 1876 2215 atque
1915 2141 2011 2196 de-

426 2251 682 2307 generem
707 2239 956 2309 expellit.

500 2328 708 2385 Ferunt
751 2330 991 2400 aquilam
1025 2329 1182 2386 senio
1211 2329 1519 2386 confectam
1561 2329 1847 2385 oculorum
1891 2325 2011 2381 acie

428 2419 680 2482 obtundi,
715 2421 944 2491 alasque
987 2420 1109 2489 ejus
1136 2421 1554 2491 ingravescere;
1582 2420 1711 2473 hinc
1740 2433 1862 2474 eam
1887 2415 2010 2472 fon-

425 2524 509 2570 tes
539 2515 890 2585 investigare,
920 2515 1242 2584 delatasque
1269 2516 1326 2568 in
1357 2528 1538 2569 aerem
1566 2513 1684 2567 alas
1717 2526 1748 2564 a
1777 2510 1894 2564 sole
1922 2508 2009 2563 in-

426 2621 624 2662 censas
667 2608 848 2671 exuri,
879 2614 933 2662 et
963 2607 1145 2663 visum
1191 2619 1545 2674 recuperare;
1594 2599 1796 2656 deinde
1824 2599 2009 2654 subito

427 2698 600 2767 petito
626 2697 798 2763 fonte,
833 2697 1058 2752 tertium
1098 2696 1294 2766 mergi,
1334 2701 1388 2749 et
1424 2692 1712 2756 renovari;
1745 2704 1917 2760 quare
1954 2694 2010 2743 et

426 2790 699 2860 psalmum
729 2788 938 2844 dixisse
968 2787 1196 2843 tradunt
1224 2806 1239 2842 :
1269 2784 1624 2841 Renavabitur
1649 2783 1787 2838 sicut
1810 2778 2005 2853 aquila:

418 2881 667 2950 juventus
693 2890 785 2936 tua
809 2881 875 2937 ³⁸.

495 3079 697 3137 Υιιιιυι·
725 3091 888 3138 vento
934 3081 1196 3153 concipit,
1243 3096 1418 3152 neque
1455 3094 1582 3136 cum
1625 3078 1765 3134 mari
1799 3092 2002 3151 corpus

426 3173 769 3240 commiscet,
799 3171 1043 3243 vivitque
1076 3172 1236 3226 annis
1275 3180 1531 3235 centum;
1569 3169 1626 3224 in
1655 3170 1888 3226 excelsis
1916 3177 2005 3223 at-

425 3280 533 3336 que
558 3264 685 3319 altis
714 3264 945 3335 rupibus
977 3271 1281 3335 pernoctat,
1315 3270 1371 3319 et
1407 3278 1569 3319 nemo
1593 3263 1818 3318 ubinam
1847 3262 2007 3316 habi-

422 3363 525 3424 tet,
557 3359 846 3428 comperit.
873 3355 975 3413 Ubi
1000 3357 1334 3427 conceperit,
1369 3358 1425 3410 in
1453 3354 1663 3411 Indiam
1698 3353 2007 3425 proﬁcisci-

424 3454 537 3512 tnr,
589 3455 645 3503 et
680 3447 917 3518 lapidem
966 3461 1128 3518 quem
1172 3454 1371 3502 vocant
1416 3446 1695 3500 eutocium
1748 3445 2002 3515 suscipit,

424 3555 593 3612 super
625 3555 808 3610 quem,
845 3540 974 3595 dum
1005 3539 1292 3595 doloribus
1330 3547 1524 3610 partus
1568 3537 1871 3601 cruciatur,
1918 3552 2005 3592 se-

425 3632 516 3688 det
547 3641 602 3687 et
649 3633 815 3702 parit.
871 3630 967 3687 Est
996 3639 1177 3686 autem
1210 3631 1350 3701 lapis
1395 3631 1485 3685 hic
1526 3630 1797 3685 rotundus
1833 3629 2004 3683 veluti

426 3740 562 3790 nux,
610 3734 815 3781 etcum
847 3726 1111 3795 quatitur,
1147 3725 1315 3779 veluti
1341 3724 1772 3779 tintinnabulum
1802 3737 2002 3778 sonum

423 3816 559 3880 edit,
586 3817 695 3871 alio
726 3819 783 3871 in
824 3824 983 3871 utero
1024 3817 1204 3886 lapide
1239 3824 1490 3873 sonante.
1523 3814 1693 3871 Aiunt
1723 3815 2003 3870 vulturem

384 3914 389 3920 ’
426 3925 585 3966 rosea
613 3918 889 3981 unguenta
915 3910 1204 3966 odoratum
1255 3910 1517 3977 interimi,
1568 3924 1750 3980 neque
1782 3908 2004 3975 semini,

426 4017 607 4072 neque
657 4004 857 4058 viventi
890 4018 1014 4058 esse
1065 4001 1456 4073 perniciosum,
1491 4001 1587 4057 sed
1624 4010 1679 4056 et
1726 4008 2005 4055 mortuum

422 4109 591 4149 nomne
627 4096 849 4150 volatile
889 4101 1113 4165 propter
1161 4094 1475 4149 allinitatem
1515 4093 1831 4149 abhorrere.
1866 4093 2004 4147 Cum

426 4202 560 4243 vero
592 4186 843 4241 homines
877 4187 934 4241 in
967 4189 1139 4242 aciem
1176 4188 1550 4251 instruuntur,
1587 4186 1859 4256 sequitur,
1904 4200 2006 4241 nec

428 4281 499 4336 ab
528 4280 661 4346 illis,
693 4279 942 4335 carnium
973 4279 1112 4336 edax
1143 4295 1268 4335 cum
1313 4281 1404 4347 sit,
1436 4278 1791 4351 disjungitur.

2114 1868 2208 1921 καὶ
2236 1870 2284 1921 εί
2306 1868 2549 1923 θεάσοιτο
2575 1868 2709 1941 πρὸς
2730 1868 2826 1940 τὴν
2842 1868 3198 1941 λαμπρότητα
3223 1868 3317 1922 τοῦ
3352 1870 3506 1941 ἡλίου
3528 1874 3690 1926 αὑτὸν

2111 1959 2507 2031 ὀξυοπήσαντα,
2556 1963 2651 2014 καλ⁸
2674 1961 2949 2033 εὐτόλμως
2988 1963 3079 2016 τὸν
3109 1962 3247 2036 ἀέρα
3273 1963 3687 2035 διανηχόμενον,

2109 2051 2183 2115 ὡς
2212 2053 2409 2105 οἰκεῖον
2435 2055 2797 2124 περιποιεῖται
2815 2070 2829 2084 ·
2862 2055 2909 2107 εἰ
2942 2054 2997 2107 δὲ
3029 2053 3214 2109 ἄτονον
3236 2054 3373 2127 πρὸς
3390 2056 3591 2123 ταῦτα,
3617 2060 3690 2123 ὡς

2110 2143 2262 2198 νόθον
2293 2144 2608 2200 ἀποϐάλλει.

2179 2322 2317 2376 Φασί
2346 2322 2453 2394 γὰρ
2477 2323 2798 2394 γηράσαντα
2848 2323 2941 2379 τὸν
2973 2325 3129 2379 ἀετὸν
3180 2327 3567 2400 ἀμαυροῦσθαι
3593 2329 3688 2393 τάς

2109 2414 2280 2484 ὄψεις,
2335 2416 2430 2469 καὶ
2473 2416 2755 2489 βαρεῖσθαι
2806 2416 2969 2471 αὑτοῦ
3005 2420 3105 2483 τάς
3148 2421 3447 2492 πτέρυγας,
3478 2423 3575 2475 καὶ
3609 2425 3685 2486 εἰς

2110 2509 2294 2580 πηγὴν
2353 2509 2717 2578 ἀφικνεῖσθαι,
2769 2511 2865 2564 καὶ
2896 2513 2976 2574 εἰς
3002 2512 3094 2565 τὸν
3134 2511 3326 2583 αἰθέρα
3388 2514 3685 2585 ἀνιπτάμε-

2110 2618 2223 2667 νον,
2251 2601 2356 2654 ὑπὸ
2386 2600 2477 2655 τοῦ
2502 2602 2652 2673 ἡλίου
2678 2602 2777 2666 τάς
2802 2603 3078 2676 πτέρυγας
3109 2604 3565 2674 καταφλέγεσθαι,
3596 2609 3683 2661 καὶ

2109 2694 2464 2761 ἀναϐλέπειν,
2518 2690 2614 2748 εἶτ’
2672 2696 2833 2761 εὐθὺς
2872 2697 2965 2749 ἐπὶ
3004 2697 3103 2768 τὴν
3146 2698 3328 2770 πηγὴν
3372 2700 3683 2756 καταϐάντα

2106 2784 2288 2857 τρίτον
2344 2784 2721 2857 βαπτίζεσθαι,
2770 2788 2863 2840 καλ⁸
2906 2787 3290 2841 ἀνανεοῦσθαι·
3341 2788 3421 2843 διὸ
3462 2790 3559 2844 καὶ
3597 2792 3680 2845 τὸν

2107 2875 2320 2948 ψαλμὸν
2336 2877 2567 2947 φάσκειν
2587 2878 2769 2947 φασίν·
2804 2877 3389 2947 Ἀνακαινισθήσεται
3409 2882 3493 2948 ὡς
3509 2883 3678 2937 ἀετοῦ

2109 2969 2149 3038 ἠ
2182 2968 2396 3037 νεότης
2432 2985 2572 3023 σου.

2199 3061 2258 3116 ὐ
2288 3061 2344 3115 δὲ
2374 3062 2484 3131 γὺψ
2526 3058 2823 3134 ὑπηνέμιον
2856 3061 3147 3135 τὴν-γονὴν
3185 3064 3465 3135 κέκτηται,
3499 3066 3593 3121 καὶ
3623 3068 3677 3121 σὺ

2108 3152 2365 3223 γινώσκει
2382 3155 2669 3209 συνουσίαν
2696 3155 2945 3228 ἄρρενος,
2967 3157 3058 3210 καὶ
3086 3156 3278 3210 ἐκατὺν
3305 3158 3375 3211 τὰ
3410 3156 3508 3229 ἔτη
3557 3158 3674 3228 βιοῖ.

2109 3246 2397 3311 Λὺλίζεται
2456 3246 2514 3301 δὲ
2569 3248 2661 3301 ἐπὶ
2690 3247 2799 3300 τῶν
2831 3246 3071 3320 ὑψηλῶν,
3124 3251 3217 3303 καὶ
3247 3249 3559 3322 μετεώρων,
3592 3254 3677 3307 καὶ

2108 3339 2284 3403 οὐδεὶς
2329 3336 2437 3393 οἶδε
2498 3339 2604 3393 ποῦ
2653 3342 2799 3394 ποιεῖ
2836 3340 2934 3411 τὴν
2967 3342 3305 3411 κατοίκησιν.
3347 3343 3460 3396 Καὶ
3492 3343 3675 3414 ἔγγυος

2107 3431 2394 3502 γενόμενος
2425 3431 2717 3501 πορεύεται
2744 3433 2824 3494 εἰς
2855 3432 2953 3503 τὴν
2988 3432 3234 3503 Ἰνδικὴν,
3272 3433 3367 3487 καὶ
3396 3433 3576 3488 λαϐὼν
3593 3436 3675 3488 τὸν

2108 3522 2349 3575 εὑτόκιον
2384 3521 2528 3575 λίθον
2552 3520 2692 3576 οὕτω
2724 3521 3076 3594 καλούμενον,
3112 3524 3296 3577 ἐπάνω
3340 3524 3509 3578 αὑτοῦ
3536 3525 3678 3579 καθέ-

2107 3612 2257 3675 ζεται
2292 3611 2647 3684 συνεχόμενος
2689 3611 2864 3675 ώδῖσι,
2906 3613 3001 3666 καὶ
3038 3613 3338 3667 ἀποτίκτει.
3385 3615 3545 3668 Ἐστι
3579 3615 3677 3668 δὲό

2106 3701 2254 3767 λίθος
2307 3701 2608 3774 περιφερὴς
2669 3702 2746 3766 ώς
2801 3704 3026 3775 κάρυον,
3072 3707 3166 3760 καὶ
3211 3705 3529 3776 κινούμενος
3557 3702 3679 3778 ἦχον

2108 3795 2380 3865 ἐκπέμπει
2430 3793 2505 3857 ὡς
2542 3794 2749 3860 κώδων,
2797 3795 3007 3851 ἔνδοθεν
3034 3796 3219 3869 ἐτέρου
3260 3797 3409 3851 λίθου
3434 3799 3679 3871 κινουμέο

2106 3904 2223 3942 νου.
2255 3888 2393 3941 Φασί
2430 3888 2488 3942 δὲ
2536 3889 2626 3942 τὸν
2671 3888 2821 3959 γῦπα
2860 3889 2930 3944 τὰ
2974 3890 3156 3961 ρόδινα
3209 3890 3356 3961 μύρα
3397 3891 3678 3963 χρισθέντα

2107 3978 2474 4051 ἀποθνήσκειν
2493 3996 2507 4011 ·
2534 3981 2824 4052 σπέρματα
2855 3981 2911 4035 δέ
2946 3983 3022 4053 μὴ
3050 3981 3306 4051 βλάπτειν
3328 3983 3515 4049 αὑτὸν,
3553 3984 3676 4055 μηδὲ

2104 4087 2158 4125 τι
2188 4071 2425 4142 ἔμψυχον
2455 4070 2915 4144 διαλυμαίνεσθαι,
2948 4075 3042 4127 καὶ
3075 4074 3209 4147 μηδέ
3235 4074 3421 4146 νεκρῷ
3451 4077 3677 4148 προσέρι

2107 4163 2296 4235 χεσθαι
2324 4165 2553 4235 πετεινῷ
2568 4164 2654 4219 διὰ
2670 4166 2768 4236 τὴν
2800 4166 3138 4235 συγγένειαν.
3181 4167 3373 4220 Ἦνίκα
3397 4167 3475 4232 δὲ,
3502 4168 3674 4235 φασὶν,

2106 4253 2299 4325 ἄνδρες
2328 4256 2409 4319 εἰς
2436 4255 2672 4327 πόλεμον
2713 4258 3172 4327 παρατάσσονται,
3202 4257 3562 4312 ἐπακολουθεῖ
3590 4260 3677 4312 αὑ-

2106 4349 2239 4411 τοῖς,
2268 4346 2364 4401 καὶ
2391 4348 2492 4401 οὑκ
2521 4348 2835 4418 ἀφίσταται,
2869 4349 3202 4422 σαρκοϐόρος
3226 4349 3321 4402 ῶν.

499 4463 739 4520 Ciconiae
774 4478 1052 4518 consensu
1097 4477 1207 4518 uno
1235 4470 1290 4517 et
1320 4461 1551 4517 veniunt
1581 4469 1637 4516 et
1668 4459 1999 4528 discedunt;

2178 4442 2242 4493 Οί
2263 4440 2320 4493 δὲ
2349 4440 2611 4514 πελαργοί
2644 4442 2737 4494 καὶ
2770 4441 2850 4494 ἐνὶ
2877 4441 3200 4514 ἐπιδημοῦσι
3230 4440 3562 4513 συνθήματι,
3592 4445 3677 4496 καὶ

427 4558 526 4615 bas
559 4557 997 4613 concomitantur
1031 4555 1365 4619 coturnices,
1412 4564 1486 4618 et,
1518 4560 1580 4608 ut
1608 4568 1706 4624 par
1737 4562 1843 4619 est,
1876 4566 2002 4607 cum

425 4652 537 4710 illis
578 4651 774 4707 avibus
827 4649 1060 4704 infensis
1108 4647 1274 4703 simul
1328 4647 1467 4702 bella
1519 4653 1748 4716 gerunt;
1802 4644 2007 4702 saucia:

423 4743 627 4799 etenim
653 4746 1025 4797 revertuntur.
1052 4738 1293 4794 Ciconiae
1316 4736 1370 4791 in
1395 4745 1614 4815 senecta
1636 4751 1828 4807 pennae
1856 4735 2007 4791 exci-

424 4840 584 4904 dunt,
614 4842 670 4891 et
713 4834 807 4889 lilii
858 4834 1089 4891 suismet
1132 4833 1234 4889 alis
1275 4832 1675 4886 circumdatam
1710 4829 1916 4892 fovent,
1951 4834 2006 4883 et

424 4931 612 4985 cibum
670 4928 891 4984 abunde
944 4926 1199 4996 lauteque
1248 4924 1708 4990 subministrant;
1763 4923 1817 4976 in
1882 4922 2004 4991 ipso

420 5025 552 5078 item
580 5021 766 5076 volatu
802 5020 1007 5076 sensim
1048 5020 1311 5091 utrinque
1336 5034 1457 5075 eam
1488 5018 1841 5075 sublevantes
1873 5016 2000 5081 alis,

418 5114 732 5173 subsidium
769 5113 846 5166 illi
876 5118 1161 5182 prmstant.

497 5378 673 5436 Grues
702 5379 866 5434 simul
900 5394 1094 5435 omnes
1124 5394 1282 5449 aequa
1319 5379 1531 5433 ratione
1560 5377 1783 5443 volant;
1831 5377 2003 5447 agmi-

426 5471 516 5527 nis
545 5472 656 5526 dux
690 5478 744 5527 et
773 5471 1064 5541 praefectus
1093 5487 1202 5526 una
1234 5486 1425 5526 earum
1457 5477 1563 5536 est,
1590 5485 1712 5540 qua:
1743 5470 1834 5524 ubi
1867 5484 2005 5539 prae-

429 5563 638 5630 scripto
660 5571 902 5631 tempore
919 5563 1096 5628 duxit,
1121 5563 1176 5618 in
1206 5569 1511 5619 extremum
1533 5562 1766 5634 agminis
1788 5561 2000 5625 abiens,

509 5733 552 5766 ⁸⁸
574 5730 728 5785 Psal.
748 5745 842 5801 cn,
869 5734 923 5787 5.

2105 4534 2184 4588 ἐνὶ
2216 4533 2531 4605 ἀπαίρουσι.
2580 4532 2971 4604 Προπέμπουσί
3008 4550 3067 4586 τε
3099 4533 3293 4596 αὑτοὺς
3331 4535 3389 4586 αἱ
3425 4534 3673 4605 κορῶναι,

2107 4625 2221 4690 καὶ,
2254 4624 2330 4688 ὡς
2362 4624 2526 4689 εἰκὸς,
2565 4624 2938 4695 συμμαχοῦσιν
2967 4625 3149 4688 αὑτοῖς
3181 4626 3318 4696 πρός
3345 4643 3500 4690 τινας
3524 4627 3675 4680 πολε-

2108 4721 2262 4792 μίους
2311 4718 2559 4790 ὄρνιθας·
2609 4719 3141 4791 τετραυματισμέναι
3190 4720 3300 4793 γὰρ
3353 4721 3673 4793 ἐπανέρχον-

2104 4829 2215 4866 ται.
2265 4813 2390 4865 Ἐὰν
2435 4811 2493 4864 δὲ
2533 4809 2752 4883 γηράσῃ
2793 4813 2822 4864 ὁ
2865 4810 3157 4882 πελαργὸς,
3199 4816 3546 4884 πτερορρυεῖ,
3589 4815 3675 4866 καὶ

2103 4909 2174 4962 τά
2224 4904 2391 4959 τέκνα
2424 4903 2586 4957 αὑτοῦ
2652 4903 2985 4974 περιστάντα
3028 4906 3141 4968 τοῖς
3190 4904 3412 4968 οἰκείοις
3466 4909 3676 4979 πτεροῖς

2106 4997 2519 5071 περιθάλπουσι,
2555 4996 2648 5050 καὶ
2677 4996 2777 5059 τὰς
2801 4995 3008 5067 τροφάς
3036 4996 3286 5066 ἀφθόνως
3312 4998 3672 5069 παρέχουσιν·

2105 5094 2162 5145 ἐν
2194 5092 2251 5145 δὲ
2280 5094 2347 5163 τῇ
2397 5092 2591 5163 πτήσει
2642 5089 2995 5143 ὑποκάτωθεν
3027 5090 3190 5163 αὑτὸν
3222 5090 3671 5158 ὑποϐαστάξουσι,

2104 5184 2335 5248 καὶτοῖς
2371 5182 2521 5247 ἰδίοις
2567 5185 2783 5254 πτεροῖς
2821 5182 3004 5255 ἡρέμα
3034 5183 3194 5237 αὑτὸν
3227 5183 3672 5253 ὑποκουφίζουσιν

2105 5277 2464 5349 ἑκατέρωθεν.

2173 5370 2240 5421 At
2267 5368 2323 5420 δὲ
2356 5367 2573 5439 γέρανοι
2614 5364 2751 5438 ὁμοῦ
2795 5367 2966 5420 πᾶσαι
3000 5369 3058 5434 ἐξ
3100 5366 3213 5421 ῖσου
3252 5368 3530 5432 ῖπτανται,
3580 5366 3670 5437 μία

2104 5461 2161 5514 δὲ
2183 5461 2499 5531 προηγεῖται
2530 5458 2728 5523 αὑτῶν,
2773 5459 2870 5513 καὶ
2914 5458 3111 5514 τακτόν
3149 5477 3270 5514 τινα
3295 5461 3488 5533 χρόνον
3513 5478 3669 5536 προη-

2105 5551 2388 5624 γησαμένη
2421 5551 2499 5613 εἰς
2545 5550 2604 5602 τὸ
2635 5550 2862 5605 κατόπιν
2897 5550 3252 5624 περιελθοῦσα
3276 5554 3342 5625 τῇ
3366 5553 3486 5627 μετ’
3512 5552 3667 5624 αὑτήν
