3840 6164
197 328 311 383 733

1136 324 1405 382 SPURIA.
1430 358 1493 371 -—
1527 325 1880 385 COMMENT.
1919 330 1985 385 IN
2026 329 2517 388 llEXAEMERON.

3346 334 3452 391 736

194 445 304 516 τὴν
329 442 623 515 ἠγεμονίαν
647 441 747 513 τῆς
767 442 889 520 ὀδοῦ
921 442 1303 515 παραδίδωσιν.
1348 445 1435 497 Ἐν
1466 446 1523 499 δὲ
1553 444 1630 516 τῷ
1655 445 1767 500 καθ-

1891 450 2080 519 prima:
2123 456 2247 521 post
2284 465 2343 505 se
2367 449 2672 505 ducendum
2718 464 2912 519 agmen
2948 448 3256 505 committit.
3307 450 3445 506 Dum

196 538 379 592 εύδειν
418 537 453 608 ὴ
489 536 587 606 μία
617 530 744 599 ὅλας
792 534 1139 607 περιέρχεται
1190 536 1599 609 ἀσφαλιζομένη
1622 556 1636 569 ·
1686 540 1780 593 καὶ

194 633 422 688 ἐπειδὰν
452 632 513 686 τὸ
544 633 739 703 μέτρον
779 630 840 684 τὸ
870 631 1072 703 ἀρκοῦν
1096 632 1187 686 τοῦ
1235 632 1601 704 διαστήματος
1640 633 1780 705 πλη-

199 724 430 795 ρώσασα
465 722 655 795 βοήσῃ,
680 722 813 793 πρὸς
830 721 996 775 ὑπνον
1024 722 1304 793 τρέπεται,
1330 723 1425 775 καὶ
1450 722 1584 794 άλλη
1618 723 1779 778 πάλιν

192 815 508 885 διαδέχεται
531 815 630 885 τὴν
657 813 912 884 τοιαύτην
945 813 1270 885 ὑπηρεσίαν.

268 907 346 960 Τὸ
388 906 446 960 δὲ
503 906 610 959 τῶν
659 905 838 977 χηνῶν
869 906 1023 974 γένος
1056 905 1290 977 ὑπάρχει
1335 905 1632 977 ἄγρυπνον,
1679 905 1774 959 καὶ

188 992 458 1064 όξυήκοον
489 992 697 1063 ταχέως
725 992 831 1045 τῶν
848 993 1177 1064 προσιόντων
1210 992 1412 1058 ἁπλῶς,
1446 993 1479 1064 ἥ
1512 994 1621 1046 τῶν
1660 997 1778 1048 ἐπι-

187 1086 404 1139 ϐούλων
416 1084 512 1155 τὴν
528 1084 716 1154 ἔφοδον
734 1084 1118 1156 αἰσθανομένη.
1147 1085 1335 1150 Οὕτως
1355 1083 1485 1153 γοῦν
1502 1085 1774 1156 πολεμίων

182 1178 359 1232 τινῶν
380 1179 447 1232 δι’
484 1178 767 1248 ὑπονόμων
797 1176 1124 1239 ὑποδύντων,
1178 1175 1272 1228 καὶ
1328 1176 1629 1247 μελλόντων
1662 1195 1776 1247 χει-

187 1268 425 1341 ροῦσθαι
469 1267 686 1340 Ῥώμην
714 1267 814 1339 τὴν
871 1266 1250 1341 μεγαλόπολιν,
1284 1261 1429 1322 οὗτοι
1474 1271 1540 1340 τῇ
1570 1273 1770 1342 φυσικῇ

182 1360 414 1431 ὀξύτητι
476 1361 575 1431 τῆς
630 1359 933 1428 αἰσθήσεως
990 1357 1414 1431 περιεσώσαντο,
1475 1362 1542 1431 τῇ
1598 1358 1773 1431 ἁθρόα

184 1454 347 1522 φωνῇ
372 1451 701 1524 παραδόντες
721 1451 846 1515 τοὺς
877 1451 1199 1515 ἐπιϐούλους
1228 1454 1340 1516 τοῖς
1370 1451 1623 1522 φύλαξιν.

271 1542 515 1597 Ἀλκυὼν
542 1545 656 1596 ἐστι
686 1541 967 1596 θαλάττιον
988 1542 1194 1614 ὄρνεον,
1216 1542 1309 1595 καὶ
1338 1541 1489 1613 παρὰ
1521 1542 1646 1606 τοὺς
1670 1541 1771 1612 τῆς

185 1634 466 1707 θαλάττης
493 1634 735 1688 νοσσεύει
771 1634 1071 1704 αἰγιαλοὺς.
1092 1633 1185 1687 τοῦ
1212 1634 1474 1705 χειμῶνος
1507 1634 1769 1704 μεσάςον-

181 1745 306 1793 τος.
334 1727 499 1781 Ὅταν
518 1724 610 1782 οὖν
633 1728 965 1800 ὲπωάζηται,
986 1729 1037 1780 οἱ
1065 1728 1160 1798 μὲν
1188 1727 1375 1798 ἄνεμοι
1409 1724 1766 1797 κοιμίζονται,

1881 541 2181 607 dormiunt,
2221 557 2329 597 una
2380 557 2572 597 omnes
2624 540 2966 597 defendendo
3013 542 3301 609 circumit;
3353 544 3447 597 ubi

1881 650 2194 690 mensuram
2254 635 2414 704 spatii
2459 635 2640 689 datam
2683 634 3002 704 expleverit,
3054 636 3343 698 acclamat,
3391 644 3451 690 et

1880 738 2129 778 somnum
2158 725 2322 794 capit,
2366 732 2420 779 et
2456 726 2561 780 alia
2601 740 2797 780 rursus
2823 725 3191 781 intermissam
3225 727 3451 795 provin-

1877 814 2019 869 ciam
2054 815 2418 868 administrat.

1947 898 2043 953 Est
2066 908 2119 954 et
2143 902 2323 955 anseri
2346 902 2472 972 vigil
2502 918 2653 964 cura,
2689 909 2743 958 et
2767 903 2920 958 velox
2946 903 3200 959 audiendi
3223 919 3444 972 sensus,

1876 990 1953 1044 ita
1984 998 2042 1044 ut
2071 992 2154 1045 vel
2183 994 2357 1046 solum
2391 994 2674 1061 adeuntes,
2721 996 2870 1063 ipsos
2897 996 3061 1048 etiam
3102 996 3453 1056 insidiatores

1876 1082 2169 1147 irruentes,
2198 1082 2641 1153 deprehendant;
2676 1085 2781 1137 hac
2826 1084 2993 1155 igitur
3021 1086 3237 1141 ratione
3280 1087 3452 1143 hosti-

1874 1174 1978 1229 bus
2012 1189 2110 1243 per
2156 1177 2441 1231 cuniculos
2492 1176 2779 1246 ingressis,
2825 1187 2879 1232 et
2910 1176 3140 1232 Romam
3190 1194 3445 1249 magnam

1874 1265 2061 1318 urbem
2088 1275 2300 1321 vastare
2329 1269 2683 1331 tentantibus,
2722 1269 2777 1322 bi
2826 1284 3021 1325 sensus
3050 1272 3287 1325 naturali
3327 1274 3450 1328 acie

1872 1357 2198 1411 incolumem
2251 1366 2558 1424 servarunt,
2604 1362 2885 1430 repentina
2920 1376 3055 1418 voce
3094 1364 3447 1421 insidiatores

1871 1449 2194 1505 custodibus
2227 1451 2539 1521 prodentes.

1941 1541 2168 1613 Alcyon,
2213 1542 2422 1596 marina
2452 1544 2589 1606 avis,
2640 1545 2816 1599 media
2868 1546 3043 1602 hieme
3084 1548 3229 1603 circa
3274 1550 3446 1606 maris

1870 1646 2022 1687 oram
2055 1632 2308 1700 fetiﬁcat;
2334 1649 2458 1688 eum
2490 1635 2676 1705 itaque
2702 1652 2803 1691 ova
2834 1638 3075 1704 incubat,
3108 1640 3257 1694 venti
3294 1656 3447 1696 com-

1870 1726 2199 1795 primuntur,
2234 1740 2383 1779 mare
2430 1725 2549 1780 sine
2579 1727 2687 1780 ulla
2733 1730 3148 1796 perturbatione
3196 1746 3291 1801 per
3324 1732 3444 1787 dies

184 1824 219 1892 ὴ
239 1821 303 1875 δὲ
324 1821 559 1876 Θάλαττα
585 1822 825 1893 γαλήνην
872 1821 985 1892 ἔχει
1038 1820 1326 1892 σταθερὰν,
1362 1820 1521 1891 ἄχρις
1542 1818 1767 1892 ἡμερῶν

1883 1824 2079 1887 septem
2116 1818 2520 1887 tranquillatur,
2549 1834 2672 1873 cum
2703 1829 2860 1875 antea
2887 1800 3239 1879 validissimis
3269 1826 3445 1881 ventis

182 1913 355 1976 ἑπτὰ,
382 1914 443 1967 τὸ
470 1914 599 1980 πρὶν
627 1914 842 1984 ἀνέμων
876 1912 1117 1983 σφοδρῶν
1145 1911 1519 1983 ταραττόντων
1552 1912 1650 1982 τὴν
1678 1910 1774 1964 θά-

181 2004 410 2058 λατταν.
456 2006 703 2059 Ἐπειδὰν
734 2000 826 2059 οὖν
873 2004 1178 2079 περιγλύψῃ
1213 2004 1339 2068 τοὺς
1380 2002 1627 2066 νεοττοὺς
1668 2002 1773 2055 πά-

181 2094 270 2148 λιν
294 2096 461 2159 ἄλλας
503 2096 640 2149 ἑπτὰ
687 2096 917 2168 ἡμέρας,
941 2098 970 2149 6
996 2095 1127 2161 Θεὸς
1162 2094 1422 2168 νηνεμίαν
1452 2094 1769 2167 παρέχεται,

179 2188 297 2255 ἓως
321 2189 566 2263 ἐκθρέψῃ
588 2191 715 2254 τοὺς
736 2190 1008 2254 νεοττούς.

254 2283 485 2355 Δολερὸν
516 2287 544 2338 6
577 2284 783 2355 πέρδιξ,
813 2284 905 2336 καὶ
936 2282 1266 2355 ζηλότυπον,
1297 2281 1392 2336 καὶ
1439 2279 1609 2335 κακοῦ
1620 2297 1767 2352 ργον,

185 2374 561 2445 συμπράττων
592 2377 704 2439 τοῖς
748 2374 1037 2446 θηρευταῖς
1065 2373 1201 2445 πρὸς
1225 2372 1322 2445 τὴν
1354 2372 1549 2445 ἄγραν.
1568 2392 1573 2399 ’
1594 2371 1770 2425 Ἀλλό-

184 2482 319 2539 τρια
366 2465 423 2520 δὲ
458 2466 702 2520 κλέπτων
753 2467 835 2519 ώὰ
869 2467 1204 2528 νοσσοποιεῖ,
1250 2465 1341 2518 καὶ
1373 2465 1695 2534 αὐξηθέντες
1719 2466 1768 2518 οἱ

185 2558 417 2621 νεοττοὶ,
452 2556 681 2619 ἕκαστος
710 2557 850 2611 κατά
883 2558 1037 2627 γένος
1076 2556 1212 2628 πρὸς
1241 2556 1365 2619 τοὺς
1391 2556 1622 2620 οἰκείους
1654 2555 1768 2609 ἀνί-

181 2667 410 2714 πταται,
438 2651 530 2703 καὶ
556 2649 757 2722 ἔρημον
788 2650 949 2703 αὑτὸν
990 2649 1514 2721 καταλιμπάνουσιν.

254 2741 471 2812 Δάγνον
502 2741 816 2812 περιστερά.
857 2741 1012 2795 Ἔστι
1043 2741 1101 2794 δὲ
1138 2741 1351 2813 δένδρον
1382 2741 1439 2793 ὲν
1471 2742 1536 2811 τῇ
1572 2739 1764 2811 Ἰνδικῇ

180 2833 521 2904 καλούμενον
560 2832 881 2903 περιδέξιον,
924 2833 1142 2901 γλυκεῖς
1171 2833 1334 2904 φέρον
1374 2832 1641 2903 καρποὺς,
1674 2832 1767 2885 καὶ

179 2925 363 2996 τούτῳ
397 2926 455 2978 αἱ
501 2926 819 2996 περιστεραὶ
845 2924 1160 2998 τέρπονται,
1195 2924 1288 2977 καὶ
1334 2923 1766 2995 κατατκηνοῦσιν

182 3017 277 3071 ἐπ’
307 3014 493 3070 αὑτοῦ.
515 3016 671 3069 Ἔστι
690 3016 746 3069 δὲ
777 3018 805 3069 6
826 3015 1039 3091 δράκων
1062 3016 1254 3087 ἐχθρός
1285 3013 1385 3084 τῆς
1414 3015 1761 3086 περιστερᾶς,

180 3109 284 3163 καὶ
309 3105 563 3200 δεδοικὼς
587 3107 647 3160 τὺ
671 3107 883 3178 δένδρον
913 3107 1013 3160 οὑκ
1038 3106 1360 3200 έπέρχεταιζ
1397 3108 1476 3169 εἰς
1512 3099 1622 3159 οἷον
1655 3104 1764 3200 γὰρ
1790 3143 1834 3200 C

183 3196 359 3269 μέρος
402 3195 498 3251 τοῦ
525 3196 742 3269 δένδρου
777 3199 810 3268 ἡ
843 3197 969 3250 σκιὰ
1001 3196 1248 3268 γένηται,
1277 3196 1305 3248 6
1335 3196 1550 3269 δράκων
1576 3195 1765 3264 φεύγει

182 3288 540 3359 φοϐούμενος.
574 3290 639 3343 Ai.
674 3289 731 3342 δὲ
780 3289 1103 3361 περιστεραὶ
1159 3291 1237 3353 εἰς
1263 3288 1323 3341 τὸ
1368 3288 1549 3351 κλίτος
1592 3289 1769 3341 ἐκεῖνο

179 3382 283 3453 τῆς
308 3383 467 3445 σκιᾶς
490 3381 841 3452 μεθίστανται
857 3398 869 3411 ο
902 3381 997 3433 ἐὰν
1013 3379 1121 3452 γὰρ
1143 3379 1452 3451 χωρισθῶσι
1477 3379 1574 3449 τῆς
1610 3379 1767 3441 σκιᾶς

177 3470 534 3543 ἀναιροῦνται
560 3471 664 3523 ὑπὸ
691 3470 785 3523 τοῦ
813 3470 1121 3542 δράκοντος.
1148 3471 1249 3524 υἷα
1282 3470 1338 3523 δέ
1365 3471 1512 3523 ἐστιν
1542 3472 1575 3543 ἡ
1609 3469 1768 3539 φύσις

177 3565 285 3635 τῆς
312 3565 640 3636 περιστερᾶς
688 3564 961 3634 θαυμάσαι
987 3552 1173 3629 ἄξιοντ
1198 3564 1287 3617 τὸν
1314 3563 1422 3637 γὰρ
1455 3563 1675 3635 αὐχένα,
1712 3564 1767 3615 ὲν

175 3655 435 3727 ἡλιακαῖς
480 3654 956 3725 καταλαμφθέντα,
1002 3655 1221 3727 μυρίαις
1250 3654 1555 3727 χρωμάτων
1604 3652 1768 3716 ἰδέαις

177 3745 593 3816 ποικιλλόμενον
646 3745 906 3808 δείκνυσι,
959 3744 1202 3817 φοινικῷ,
1246 3745 1459 3818 κυανῷ,
1496 3743 1763 3817 πυρωπῷ,

174 3834 570 3909 ἁνθρακοειδεῖ,
591 3836 755 3907 ὠχρῷ
789 3854 849 3889 τε
879 3837 972 3889 καὶ
1006 3836 1241 3909 ἐρυθρῷ,
1272 3837 1366 3891 καὶ
1418 3837 1597 3900 ἄλλοις
1629 3853 1767 3889 παν-

175 3929 434 3993 τοδαποῖς
465 3928 740 4000 χρώμασι.

251 4021 569 4075 Φιλὸτεκνον
613 4022 647 4091 ἡ
686 4019 898 4092 κορώνη
943 4021 1037 4074 καὶ
1083 4020 1411 4094 μόνανδρονσ
1454 4021 1768 4094 ἐκθρέψασα

177 4113 295 4187 γὰρ
328 4116 454 4177 τοὺς
468 4113 1024 4185 νεοττοὺς,κηδομένη
1058 4112 1233 4166 αὑτῶν
1258 4114 1319 4167 οὑ
1352 4114 1585 4167 παύεται
1644 4114 1768 4187 τρέ-

179 4221 358 4274 φουσα
386 4205 601 4269 αὑτοὺς,
632 4206 725 4258 καὶ
757 4204 844 4257 ἀεὶ
878 4205 1245 4276 συνιπταμένη
1278 4206 1479 4269 αὑτοῖς.

263 4295 324 4349 Ὅ
376 4295 434 4350 δὲ
485 4295 811 4367 νυκτικόραξ
863 4296 1014 4365 φίλον
1060 4298 1178 4350 ἐστὶ
1212 4297 1311 4368 τῆς
1352 4298 1543 4361 νυκτὸς
1585 4297 1617 4369 ἢ
1668 4297 1766 4367 τῆς

177 4387 416 4459 ἡμέρας

1876 1922 2208 1963 concussum
2256 1910 2660 1965 intumesceret.
2704 1909 3002 1982 Postquam
3044 1914 3232 1968 eduxit
3265 1916 3443 1986 pullos

1873 2014 1970 2069 per
2001 2000 2141 2054 alios
2175 2010 2380 2072 septem
2414 2002 2552 2067 dies,
2590 2002 2685 2058 Dei
2728 2019 2975 2069 munere,
3028 2007 3177 2061 nulla
3226 2023 3293 2063 ne
3336 2010 3444 2062 mi-

1872 2091 2019 2145 nima
2049 2092 2266 2155 quidem
2296 2108 2429 2148 aura
2470 2094 2668 2153 ﬂuctus
2711 2106 3017 2153 commovet
3045 2100 3287 2168 quandiu
3317 2101 3435 2170 pul-

1872 2183 1955 2238 los
1990 2185 2108 2240 alit.

1942 2273 2145 2331 Perdix
2172 2276 2318 2342 dolo,
2355 2278 2734 2335 obtrectationi
2761 2290 2815 2337 et
2843 2282 3063 2338 malitias
3096 2283 3286 2350 servit,
3310 2299 3437 2339 enm

1870 2366 2006 2437 ipsis
2027 2369 2351 2424 venantibus
2384 2371 2587 2425 auxilio
2626 2373 2729 2437 sit;
2760 2373 2935 2426 aliena
2965 2388 3068 2427 ova
3094 2374 3233 2427 clam
3256 2383 3445 2444 erepta

1868 2460 2081 2528 educit;
2127 2459 2220 2515 ubi
2251 2477 2379 2516 vero
2408 2464 2539 2532 pulli
2580 2463 2933 2528 adoleverint,
2970 2464 3038 2518 ad
3071 2479 3201 2519 suos
3243 2480 3439 2520 secun-

1869 2549 1996 2604 dum
2044 2566 2214 2622 genus
2258 2562 2510 2621 parentes
2557 2554 2833 2620 advolant,
2866 2571 3093 2626 eamque
3141 2556 3341 2611 nudam
3384 2561 3441 2611 et

1867 2655 2095 2694 vacuam
2129 2641 2457 2698 destituunt.

1938 2730 2268 2788 Libidinosa
2311 2735 2599 2790 columbae.
2660 2736 2837 2792 Arbor
2879 2746 2964 2794 est
2999 2739 3056 2793 in
3110 2737 3294 2794 Indica
3346 2754 3440 2795 re-

1866 2824 2044 2894 gione,
2086 2840 2250 2895 quam
2278 2833 2475 2881 vocant
2499 2827 2837 2897 peridexion,
2870 2828 3065 2885 dulces
3099 2829 3287 2885 ferens
3322 2828 3442 2885 fru-

1865 2925 2021 2982 ctus;
2049 2916 2151 2971 hac
2180 2917 2445 2973 columba:
2503 2918 2740 2989 gaudent
2772 2930 2825 2974 et
2870 2920 2928 2974 in
2975 2935 3040 2975 ea
3088 2935 3436 2976 commoran-

1866 3016 1974 3062 tur.
2006 3007 2275 3065 Cancrum
2306 3011 2495 3073 draco,
2527 3011 2794 3065 columbis
2836 3011 3105 3074 infensus,
3159 3022 3307 3067 metu
3347 3011 3446 3067 de-

1867 3102 2037 3155 clinat
2066 3103 2356 3169 arborem;
2392 3118 2609 3173 semper
2636 3104 2783 3159 enim
2815 3104 3012 3160 timore
3045 3105 3115 3160 ab
3152 3119 3218 3159 ea
3265 3113 3455 3175 parte.

1868 3193 2037 3248 draco
2060 3194 2369 3262 expellitur,
2394 3209 2556 3265 quam
2592 3195 2756 3250 arbor
2792 3196 2997 3264 patulis
3044 3194 3242 3251 diffusa
3274 3196 3444 3250 ramis

1869 3291 2085 3356 Opacat.
2131 3283 2238 3339 Sed
2281 3286 2545 3339 columba:
2577 3301 2696 3340 eam
2731 3287 2936 3342 umbrae
2971 3295 3178 3356 partem
3223 3295 3441 3343 sectan-

1871 3381 1991 3429 tur:
2032 3375 2079 3427 si
2107 3377 2253 3430 enim
2300 3376 2369 3430 ab
2406 3391 2470 3430 ea
2513 3386 2856 3446 separentur,
2907 3392 2939 3431 a
2973 3377 3211 3431 dracone
3242 3377 3440 3432 interi-

1870 3473 2115 3521 muntur.
2148 3466 2318 3537 Digna
2347 3482 2481 3522 sane
2506 3477 2590 3522 est
2619 3483 2726 3538 qua
2750 3483 3193 3523 commoveamur
3219 3468 3436 3523 colum-

1868 3558 1953 3614 bre
1989 3567 2218 3626 natura;
2243 3560 2445 3614 collum
2478 3561 2610 3616 solis
2651 3560 2825 3617 radiis
2862 3561 3193 3616 illustratum
3228 3562 3449 3620 crebris

1868 3651 2138 3715 colorum,
2176 3652 2457 3722 purpurei,
2499 3652 2712 3723 cyanei,
2759 3651 2921 3721 ignei,
2969 3653 3135 3706 veluti
3181 3653 3442 3710 carbonis

1868 3745 2163 3809 rutilantis,
2193 3746 2344 3809 lutei,
2376 3746 2551 3811 rubei,
2582 3751 2637 3799 et
2662 3744 2996 3814 reliquorum
3026 3748 3271 3799 omnium
3314 3762 3442 3800 mu-

1868 3838 2170 3892 tationibus
2195 3852 2261 3892 ac
2289 3838 2575 3906 speciebus
2606 3836 2894 3907 ﬁguratum
2927 3836 3282 3907 spectandum
3311 3852 3439 3907 pro-

1866 3930 2041 3999 ponit.

1938 4019 2141 4073 Cornix
2174 4018 2375 4073 liberos
2419 4018 2816 4073 humanissime
2862 4025 3030 4082 amat,
3077 4025 3131 4073 et
3162 4032 3269 4072 uno
3319 4018 3440 4071 viro

1868 4119 2124 4166 contenta
2157 4122 2278 4177 est;
2320 4112 2497 4182 pullos
2539 4111 2684 4165 enim
2707 4110 2818 4178 jam
2863 4111 3135 4165 enutritos
3178 4117 3441 4180 perpetuo

1867 4203 2062 4273 pascit,
2099 4216 2288 4256 eorum
2320 4216 2508 4256 curam
2533 4216 2727 4270 gerens
2761 4208 2813 4255 et
2845 4217 2953 4255 una
2985 4201 3200 4255 volans.

1937 4290 2264 4363 Nycticorax
2305 4291 2476 4360 magis
2507 4293 2684 4347 noctis
2723 4306 2890 4363 quam
2930 4291 3039 4345 diei
3086 4291 3299 4346 amicus
3330 4300 3437 4347 est.

250 4480 605 4552 Φιλόστοργος
645 4481 674 4534 6
715 4478 885 4549 ἔποψο
917 4479 1262 4550 γηράσαντας
1297 4478 1406 4550 γὰρ
1437 4480 1561 4542 τοὺς
1589 4481 1765 4547 γονεῖς

1940 4464 2132 4536 Upupa
2165 4465 2283 4521 avis
2315 4464 2710 4521 humanissima
2737 4474 2856 4532 est;
2894 4473 3147 4535 parentes
3181 4466 3330 4521 enim
3355 4483 3443 4523 so-

179 4571 500 4642 πτερυγίζει
552 4571 650 4640 μὲν
695 4569 928 4641 πρῶτον,
959 4566 1078 4624 εἶτα
1109 4573 1175 4641 τῇ
1215 4569 1430 4643 γλώττῃ
1457 4569 1760 4639 καταψύχει

176 4662 364 4718 αὑτῶν
396 4664 522 4725 τοὺς
557 4662 887 4733 ὀφθαλμοὺς,
926 4663 1117 4717 ἔπειτα
1146 4663 1363 4717 θάλπων
1402 4664 1599 4726 αὐτοὺς
1639 4664 1765 4717 ἀνα-

177 4758 316 4811 νιοῖ.

268 4848 335 4902 Ἡ
364 4849 422 4903 δὲ
449 4848 669 4921 χελιδὼν
699 4847 847 4914 ἅπαξ
868 4850 1031 4920 γεννᾷ
1059 4848 1151 4902 τοῦ
1191 4845 1407 4919 καιροῦ,
1438 4846 1760 4918 πηγνυμένη

178 4940 239 4995 δὲ
267 4942 369 5012 τὴν
408 4941 601 4995 καλιὰν
630 4941 699 4994 τὰ
736 4941 833 5011 μὲν
885 4940 1068 5011 κάρφη
1099 4940 1252 5012 φέρει
1282 4939 1360 5008 τῷ
1396 4940 1647 5010 στόματι,
1672 4938 1762 4992 τὸν

179 5030 238 5084 δὲ
287 5031 453 5103 πηλὸν
495 5032 574 5105 τῷ
610 5031 823 5103 πτερῷ·
855 5032 915 5085 τὸ
952 5032 1061 5105 γὰρ
1098 5032 1266 5103 ἄκρον
1307 5031 1475 5103 αὑτῆς
1521 5028 1761 5103 βρέξασα

182 5121 358 5186 ὕδατι,
407 5125 473 5196 τῇ
530 5124 698 5196 λεπτῇ
750 5124 896 5178 κόνει
943 5124 1244 5187 ένειλεῖται,
1296 5124 1391 5178 καὶ
1441 5122 1613 5186 οὕτως
1659 5122 1760 5194 τὴν

181 5216 373 5287 χρείαν
434 5219 640 5271 ἐπινοεῖ
685 5216 780 5271 τοῦ
851 5217 1054 5290 πηλοῦ·
1104 5219 1199 5271 καὶ
1259 5217 1400 5270 κατὰ
1452 5215 1645 5287 μικρὸν
1694 5215 1761 5268 τὰ

179 5306 372 5381 κάρφη
410 5304 521 5364 οἷον
568 5311 733 5384 κόλλῃ
762 5311 870 5363 τινὶ
906 5308 1275 5381 ωνδεσμοῦσα
1297 5308 1373 5379 τῷ
1400 5307 1575 5378 πηλῷ,
1610 5306 1757 5360 συνί-

183 5416 346 5472 στησι
369 5400 467 5472 τὴν
495 5401 707 5466 καλιάν,
735 5402 830 5455 καὶ
860 5403 1115 5474 ἐκτρέφει
1146 5402 1272 5463 τοὺς
1294 5398 1562 5462 νεοσσούς.

250 5492 562 5563 Μόνανδρος
602 5497 636 5565 ἡ
684 5492 897 5565 τρυγών
919 5512 932 5523 ·
962 5492 1071 5546 εἴτε
1100 5492 1209 5565 γὰρ
1237 5494 1265 5544 ὁ
1288 5491 1461 5564 ἄρρην
1487 5488 1754 5562 ἀποθάνῃ.

180 5582 291 5637 εἴτε
317 5586 350 5656 ἡ
370 5582 575 5655 θήλεια,
598 5585 770 5657 ἑτέρῳ
793 5586 854 5638 οὑ
867 5584 1214 5638 συνάπτεται.

256 5762 320 5817 Αἱ
361 5761 417 5818 δὲ
446 5761 758 5818 κατοικίδιοι
803 5764 978 5837 ὃρνεις
1014 5764 1103 5819 ἐπὶ
1132 5762 1328 5827 παντὸς
1355 5761 1447 5816 τοῦ
1472 5759 1663 5832 καιροῦ
1698 5758 1755 5813 τὸ

1869 4567 2155 4614 nescentes
2190 4558 2426 4627 primum
2476 4558 2578 4612 alis
2628 4560 2823 4627 operit,
2873 4557 3069 4611 deinde
3112 4559 3293 4628 lingua
3338 4572 3438 4613 eo-

1866 4666 1989 4704 rum
2031 4651 2222 4705 oculos
2267 4650 2460 4704 leniter
2494 4649 2797 4717 demulcet;
2842 4651 3059 4705 tandem
3105 4650 3294 4706 fovens
3340 4666 3438 4708 eos

1865 4744 2109 4814 pristina:
2131 4743 2406 4812 juventuti
2440 4743 2697 4797 restituit.

1934 4834 2182 4888 Hirundo
2211 4836 2377 4890 semel
2421 4849 2565 4889 anno
2608 4834 2785 4903 parit;
2817 4833 2947 4888 dum
2987 4834 3174 4888 nidum
3224 4834 3437 4891 conﬁn-

1863 4925 1962 4997 git,
2002 4942 2097 4981 ore
2127 4934 2447 4990 stramenta,
2479 4927 2651 4981 lutum
2698 4929 2891 4996 pennis
2917 4927 3225 4998 prehendit,
3255 4936 3437 4984 extre-

1864 5019 1968 5073 mis
2002 5021 2146 5073 enim
2176 5034 2315 5090 aqua
2353 5020 2671 5076 madefactis
2699 5020 3063 5075 subtilissima
3104 5019 3313 5089 pulveri
3359 5019 3437 5072 in-

1863 5112 2119 5177 volvitur,
2149 5114 2337 5184 sicque
2368 5113 2465 5168 luti
2505 5129 2662 5168 usum
2704 5113 2806 5168 sibi
2828 5114 3124 5183 excogitat,
3158 5121 3211 5167 et
3242 5113 3435 5182 paula-

1863 5205 1983 5269 tim,
2017 5213 2314 5261 stramenta
2346 5208 2457 5260 luto
2488 5207 2652 5259 veluti
2684 5206 2897 5275 glutino
2928 5206 3303 5271 consolidaus,
3347 5206 3435 5261 ni-

1863 5296 1993 5353 dum
2019 5304 2290 5355 construit
2322 5308 2376 5354 ct
2405 5298 2581 5370 pullos
2610 5299 2723 5351 alit.

1932 5475 2137 5532 Turtur
2188 5476 2351 5532 unius
2404 5483 2611 5531 tantum
2662 5476 2955 5532 concubitu
3013 5484 3273 5535 contenta
3320 5482 3430 5547 cst,

1858 5573 2059 5626 etenim
2094 5572 2208 5627 sive
2246 5587 2383 5634 mas,
2430 5572 2546 5627 sive
2589 5570 2793 5627 femina
2830 5569 3116 5640 occiderit,
3146 5586 3425 5641 nunquam

1859 5665 1993 5717 fides
2026 5663 2264 5732 conjugii
2292 5662 2546 5718 violatur.

1930 5755 2071 5813 Aves
2107 5756 2418 5813 domestica:
2451 5756 2599 5811 omni
2636 5764 2880 5830 tempore
2902 5756 3228 5816 concubitus
3266 5770 3426 5828 appe-
