3840 6164
425 283 533 343 735

1280 282 1338 339 S.
1373 280 1816 340 EUSTATHIUS
1854 277 2344 339 ANTIOCHENUS
2377 274 2777 333 EPISCOPUS.

3570 275 3664 330 πθ

422 407 567 457 tunt.
597 399 901 473 Aquaticaa,
929 398 1097 456 veluti
1128 406 1319 455 anates
1348 408 1400 456 et
1429 400 1614 472 cygni,
1639 409 1693 456 et
1722 401 1810 458 bis
1832 401 1992 458 simi-

2106 395 2533 453 mvouataartxbv
2576 393 2806 465 ἔχουσιν.
2851 391 2934 446 Τὰ
2957 393 3014 446 δὲ
3041 392 3285 466 φίλυδρα,
3313 386 3427 446 οἷον
3453 393 3666 464 νῆσσαι,

421 493 528 560 les,
551 493 760 550 divisos
798 492 967 564 pedes
997 509 1106 549 non
1135 493 1360 556 habent,
1398 493 1493 548 sed
1543 493 1703 551 latos.
1737 505 1793 548 et
1836 510 2001 548 mem-

423 585 600 640 brana
625 585 975 655 conjunctos,
1008 593 1067 640 ut
1099 583 1316 640 facilius
1363 585 1417 639 in
1464 586 1622 656 aquis
1653 595 1841 640 natare
1870 600 1998 656 pos-

426 678 559 741 sint,
601 678 937 747 membranis
965 678 1164 749 pedum
1192 678 1352 749 quasi
1392 678 1559 734 remis
1592 693 1859 750 aquarum
1888 678 1998 733 vim

426 769 710 840 pellentes.

497 860 716 931 Cygnus
755 861 954 916 collum
997 860 1224 932 pedibus
1269 861 1485 933 longius
1527 863 1838 933 protendit,
1889 880 2000 936 quo

426 951 606 1023 pisces
635 967 666 1007 e
688 952 856 1008 fundo
889 955 1078 1024 arripit
1109 955 1316 1025 plures.

494 1043 689 1097 Avium
725 1046 911 1100 multa:
942 1053 1189 1116 tempore
1232 1046 1361 1100 anni
1412 1053 1624 1101 mutant
1665 1054 1719 1102 et
1756 1048 1998 1103 colorem

424 1141 480 1191 et
516 1151 724 1191 vocem.
760 1136 965 1192 Merula
993 1152 1229 1208 namque
1256 1155 1324 1193 ex
1357 1139 1511 1210 nigra
1555 1138 1822 1201 run‘escit,
1848 1147 1902 1195 et
1929 1156 2000 1195 ex

424 1242 626 1281 canora
666 1229 919 1284 balbutit.
954 1229 1227 1285 Luscinize
1256 1231 1383 1286 item
1417 1246 1522 1285 vox
1551 1239 1608 1286 et
1633 1232 1785 1286 color
1814 1233 2000 1288 solsti-

427 1320 502 1376 tio
523 1326 826 1387 mutantur,
861 1329 917 1376 et
947 1323 1002 1377 in
1024 1322 1232 1379 somnis
1265 1322 1605 1379 modulatum
1635 1324 1748 1380 edit
1775 1338 1995 1380 sonum.

494 1584 753 1652 Quaedam
790 1586 957 1642 etiam
1001 1602 1129 1646 aves
1168 1590 1362 1644 bruma
1394 1606 1505 1646 non
1547 1590 1822 1655 esuriunt,
1874 1607 2000 1647 aere

425 1674 566 1737 solo,
594 1682 650 1729 et
685 1690 752 1730 eo
784 1692 909 1732 rore
950 1679 1043 1748 qui
1074 1679 1271 1737 herbas
1296 1680 1456 1750 rigat,
1505 1680 1614 1737 illis
1653 1679 1850 1737 famem
1881 1682 1997 1752 pel-

2100 491 2195 545 καὶ
2220 488 2428 553 κύκνοι,
2458 488 2553 540 καὶ
2578 485 2649 540 τὰ
2675 487 2833 557 ὃμοια
2859 486 3060 548 αὐτοῖς,
3080 483 3208 547 τοὺς
3235 483 3400 548 πόδας
3421 486 3671 555 ἐσχισμέ-

2098 599 2222 646 νους
2259 582 2359 635 οὐκ
2405 579 2637 650 ἔχουσιν,
2669 577 2806 632 ἀλλὰ
2838 577 3077 642 πλατεῖς,
3116 574 3409 647 ὑμενώδεις
3452 577 3591 648 πρὸς
3616 577 3672 631 τὸ

2100 673 2355 745 εὐμαρῶς
2369 675 2481 736 τοῖς
2514 671 2665 725 ὕδασι
2695 669 2972 741 νήχεσθαι,
2995 669 3160 723 οἱονεὶ
3183 667 3395 733 κώπαις
3433 670 3547 723 τισὶ
3566 672 3671 735 τοῖς

2098 766 2263 837 ὑμέσι
2290 764 2400 818 τῶν
2428 763 2605 817 ποδῶν
2631 762 2694 816 τὸ
2715 761 2879 833 ὑγρὸν
2904 760 3258 832 διωθούμενα.

2181 857 2240 909 '0
2266 855 2323 910 δὲ
2346 854 2544 917 κύκνος
2593 853 2928 926 μακρότερον
2956 851 3064 905 τῶν
3097 852 3273 907 ποδῶν
3297 852 3411 923 ἔχει
3436 851 3532 905 τὸν
3556 854 3676 925 τρά-

2098 947 2279 1021 χηλον,
2316 947 2453 1020 πρὸς
2494 947 2555 1000 τὺ
2580 948 2643 999 ὲκ
2674 944 2769 999 τοῦ
2803 945 2997 1016 βάθους
3027 946 3272 1016 ἀνασπᾷν
3297 945 3427 1009 τοὺς
3465 944 3669 1015 ίχθύας.

2168 1040 2289 1094 Τῶν
2327 1040 2384 1092 δὲ
2427 1039 2629 1110 ὀρνέων
2666 1036 2838 1091 πολλὰ
2893 1038 3012 1090 κατ’
3061 1035 3179 1100 ἔτος
3218 1035 3546 1107 μεταϐάλλει
3581 1037 3675 1107 τὴν

2100 1133 2284 1205 φωνὴν
2315 1133 2410 1187 καὶ
2439 1132 2539 1203 τὴν
2569 1129 2782 1203 χροιάν.
2840 1130 2900 1185 Ὀ
2928 1129 3038 1200 γὰρ
3066 1129 3329 1200 κόττυφος
3352 1132 3416 1182 ἐκ
3445 1129 3678 1200 μέλανος

2102 1221 2293 1287 ξανθὸς
2335 1222 2679 1286 καθίσταται,
2721 1222 2815 1276 καὶ
2847 1221 2907 1286 ἐξ
2944 1220 3139 1293 ᾠδικοῦ
3168 1221 3484 1292 κρακτικός.
3530 1220 3597 1272 Ἠ
3623 1218 3677 1272 δὲ

2099 1312 2276 1384 ἀηδὼν
2324 1314 2387 1367 τὸ
2433 1313 2632 1385 χρῶμα
2682 1313 2777 1367 καὶ
2813 1312 2913 1384 τὴν
2946 1313 3130 1384 φωνὴν
3183 1313 3509 1385 μεταϐάλλει
3558 1316 3677 1377 ταῖς

2097 1410 2357 1478 τροπαῑςο
2413 1408 2507 1462 καὶ
2561 1406 2707 1460 ἔστιν
2766 1407 3041 1479 ἄγρυπνον
3086 1409 3153 1478 τῇ
3209 1406 3445 1478 μελῳδίᾳ
3486 1405 3677 1476 σχολά-

2100 1498 2288 1563 ζουσα.

2172 1592 2330 1645 Ἐνια
2371 1591 2428 1645 δὲ
2464 1590 2574 1646 τῶν
2615 1591 2818 1665 ὀρνέων
2855 1588 2954 1653 τὰς
2988 1589 3299 1663 χειμερινὰς
3328 1590 3390 1643 οὐ
3448 1590 3675 1644 πεινῶσι

2098 1682 2327 1755 τροπὰς,
2358 1681 2437 1754 τῷ
2464 1683 2589 1755 ἀέρι
2636 1683 2780 1754 μόνῳ
2807 1682 3113 1755 τρεφόμενα
3137 1683 3231 1735 καὶ
3271 1683 3337 1752 τῇ
3384 1680 3530 1734 κατὰ
3574 1679 3677 1744 τὰς

424 1764 609 1833 lente;
666 1767 763 1823 sed
808 1776 862 1824 et
923 1771 1133 1828 ventris
1185 1749 1558 1843 voluptatibus
1620 1749 1990 1829 dominantur.

2106 1749 2431 1846 χλοηφαγίας
2462 1749 2853 1848 ἐνυπαρχούσή
2884 1749 3066 1839 νοτίδι,
3099 1772 3233 1827 ἀλλὰ
3264 1749 3357 1825 καὶ
3397 1770 3496 1837 τὰς
3535 1772 3676 1825 ὐπο-

423 1856 763 1922 Quibusdam
783 1861 927 1916 enim
949 1878 1095 1931 vere,
1121 1871 1177 1920 et
1201 1872 1466 1921 autumno
1487 1867 1820 1938 aquinoctio
1850 1867 1991 1938 ipso,

422 1950 753 2019 quibusdam
786 1953 954 2009 semel
1000 1971 1096 2026 per
1138 1966 1385 2028 tempora
1416 1959 1543 2014 anni
1578 1960 1705 2015 stati
1733 1960 1995 2015 concubi-

421 2047 532 2098 tus.
578 2044 723 2100 Aves
770 2045 985 2104 feminae
1022 2064 1309 2121 quousque
1361 2053 1734 2123 conceperint.
1785 2069 1993 2110 marem

420 2133 732 2205 admittunt,
772 2147 1062 2211 postquam
1075 2142 1443 2214 conceperint,
1474 2152 1815 2202 aversantur.

491 2314 761 2372 Scarabazi
788 2333 1014 2375 rosaceo
1038 2320 1158 2375 illiti
1183 2330 1400 2393 repente
1425 2323 1823 2379 exanimantur.
1847 2322 1993 2395 Apes

339 2404 348 2413 ’
418 2414 473 2462 et
495 2423 672 2478 vespae
694 2410 814 2464 oleo
844 2411 1183 2479 madefactae,
1212 2414 1484 2472 meatibus
1512 2415 1751 2472 occlusis
1791 2431 1994 2472 consu-

420 2509 682 2569 muntur;
713 2518 835 2572 quae
857 2504 903 2559 si
946 2514 1101 2562 aceto
1133 2515 1516 2579 aspergantur,
1573 2508 1739 2563 vitam
1766 2523 1994 2580 recupe-

415 2600 559 2657 rant,
591 2602 643 2648 et
666 2596 967 2667 respirandi
982 2598 1239 2656 facultate
1265 2601 1487 2671 privatae
1508 2615 1633 2656 aere
1651 2602 1987 2657 nutriuntur.

415 2681 560 2752 Apes
575 2698 756 2755 regem
783 2686 1004 2753 habent,
1028 2697 1082 2745 et
1094 2705 1434 2746 communem
1452 2691 1715 2757 volatum,
1745 2707 1991 2746 commu-

417 2787 651 2844 nemque
676 2785 895 2832 servant
922 2779 1178 2847 domum;
1215 2796 1391 2850 neque
1422 2781 1531 2836 ulla
1557 2783 1763 2837 exitum
1792 2788 1986 2851 tentat,

414 2870 705 2934 antequam
739 2882 833 2922 rex
862 2868 976 2938 ipse
991 2869 1229 2924 volatum
1278 2854 1564 2943 i'ncaeperit
1594 2890 1609 2939 ;
1634 2872 1728 2944 qui
1764 2888 1875 2928 non
1921 2874 1989 2930 ab

415 2954 525 3010 illis
545 2957 785 3028 eligitur,
808 2960 904 3015 sed
934 2968 1127 3016 natura
1143 2964 1388 3019 omnium
1419 2972 1569 3020 tenet
1596 2966 1984 3036 principatum,

2095 1866 2383 1939 γαστρίους
2404 1866 2694 1939 κρατοῦσιν
2715 1866 2923 1938 ἡδονάς.
2949 1866 3106 1920 Ἐνια
3137 1865 3238 1937 μὲν
3269 1864 3376 1937 γὰρ
3406 1863 3551 1935 ἔαρι,
3578 1863 3678 1917 καὶ

2098 1955 2398 2031 μετοπώρῳ
2454 1958 2595 2012 κατὰ
2647 1958 2746 2023 τὰς
2802 1957 3110 2031 ἰσημερίας,
3159 1956 3275 2011 ἔνια
3305 1957 3363 2010 δὲ
3394 1957 3541 2023 ἅπαξ
3574 1956 3675 2010 τοῦ

2094 2051 2248 2117 ἔτους
2280 2051 2566 2105 ἐπιϐαίνει.
2598 2051 2662 2104 Ai
2705 2050 2762 2104 δὲ
2802 2050 3015 2122 θήλειαι
3056 2050 3235 2121 ὖρνεις
3264 2049 3427 2121 μέχρι
3474 2048 3676 2120 συλλή·-

2093 2146 2240 2217 ψεως
2270 2147 2338 2217 τῇ
2371 2143 2525 2216 ὀχείᾳ
2539 2143 2773 2214 ἔχονται,
2803 2143 2898 2198 καὶ
2923 2142 3085 2207 εὐθὺς
3111 2143 3239 2206 τοὺς
3260 2142 3497 2215 ἄρρενας
3526 2140 3673 2193 ἀπο-

2092 2238 2398 2309 τρέφονται.

2163 2330 2226 2382 Οί
2248 2327 2305 2382 δὲ
2337 2327 2619 2400 κάνθαροι,
2652 2328 2748 2381 ἐὰν
2776 2327 2966 2399 ῥοδίνῳ
2990 2325 3304 2400 χρισθῶσιν,
3333 2325 3494 2389 εὐθὺς
3531 2326 3674 2379 ἁπο-

2093 2418 2436 2491 θνήσκουσιν.
2467 2420 2532 2474 Δί
2556 2421 2614 2475 δὲ
2648 2419 2898 2492 μέλισσαι
2926 2421 3021 2474 καὶ
3054 2420 3279 2491 σφῆκες,
3311 2419 3477 2490 ἐλαίῳ
3503 2434 3680 2472 κατα-

2092 2513 2401 2585 ϐρεχθεῖσαι
2451 2512 2783 2585 φθείρονται,
2832 2515 2942 2567 τῶν
2990 2514 3170 2586 πόρων
3213 2511 3669 2585 ἀποφραγέντων.

2094 2606 2244 2670 Ὀξει
2274 2602 2367 2660 οὖν
2386 2604 2665 2660 ἀναϐιοῦσι
2688 2605 3029 2678 βρεχόμεναι·
3056 2606 3343 2678 τρέφονται
3366 2605 3423 2659 δὲ
3439 2604 3515 2675 τῷ
3542 2604 3671 2675 ἅερι

2089 2698 2360 2770 ἀναπνοὴν
2385 2700 2484 2753 οὐκ
2505 2698 2971 2770 ἔχουσαι.Ἐχουσι
2990 2699 3048 2753 δὲ
3074 2698 3291 2769 βασιλέα
3313 2700 3368 2751 αἱ
3390 2696 3669 2768 μέλισσαι,

2089 2790 2185 2844 καὶ¹
2213 2790 2395 2861 κοινὴν
2425 2791 2523 2861 μὲν
2553 2789 2829 2844 ποιοῦνται
2857 2789 2954 2862 τὴν
2989 2792 3207 2860 πτῆσιν,
3240 2788 3423 2859 κοινήν
3466 2788 3525 2841 δὲ
3567 2786 3673 2857 τὴν

2087 2880 2298 2953 οἴκησιν
2319 2898 2331 2911 ·
2356 2882 2451 2935 καὶ
2471 2881 2693 2953 οὐδεμία
2722 2881 3026 2953 προχείρως
3049 2879 3215 2944 ἔξεισι
3242 2879 3421 2951 πρὶνῆ
3448 2878 3541 2932 τὸν
3573 2876 3674 2949 βα-

2092 2966 2243 3023 σιλέα
2265 2969 2363 3040 τῆς
2395 2970 2645 3041 πτήσεως
2680 2969 3235 3041 κατάρξασθαι.”Εστι
3262 2969 3320 3023 δὲ
3349 2970 3543 3031 αὑταῖς
3576 2964 3673 3022 οὗ·

414 3050 627 3105 caateris
665 3051 859 3121 major,
900 3051 1074 3108 forma
1103 3069 1424 3126 morumque
1452 3055 1673 3112 lenitate
1712 3058 1834 3113 illas
1869 3059 1986 3114 vin-

2106 3077 2178 3123 τος
2206 3061 2617 3133 ἀχειροτόνητος
2646 3064 2711 3115 ἐκ
2741 3060 2954 3132 φύσεως
2993 3060 3131 3133 ἔχων
3157 3061 3255 3133 τὴν
3283 3060 3422 3115 κατὰ
3446 3060 3673 3114 πάντων

418 3155 583 3208 cens;
611 3140 774 3196 habet
807 3143 951 3198 enim
979 3145 1249 3210 aculeum,
1282 3161 1392 3216 quo
1422 3153 1601 3202 tamen
1624 3146 1692 3202 ad
1717 3147 1990 3204 uleiscen-

2106 3153 2285 3226 ίρχήν,
2322 3152 2563 3225 μεγέθει,
2591 3153 2687 3207 καὶ
2713 3154 2973 3226 σχήματι,
2996 3153 3091 3207 καὶ
3110 3156 3177 3225 τῇ
3199 3152 3291 3206 τοῦ
3312 3153 3475 3224 ήθους
3493 3153 3674 3225 πραό-

417 3231 550 3286 dum
578 3247 688 3288 non
721 3234 912 3288 utitur.
930 3234 1099 3292 Ceras
1119 3251 1187 3292 ex
1218 3238 1477 3293 arborum
1506 3232 1861 3310 satorumque
1888 3239 1987 3296 llo-

416 3324 569 3381 ribus
600 3325 941 3398 confingunt,
971 3336 1026 3384 et
1075 3343 1272 3400 aquam
1304 3338 1595 3403 guttasque
1627 3332 1805 3387 instar
1832 3334 1976 3390 roris

412 3414 641 3471 floribus
673 3416 948 3485 diffusam,
971 3436 1066 3476 ore
1095 3422 1479 3490 convehentes,
1497 3439 1743 3480 cerarum
1759 3425 1984 3482 alveolis

416 3504 752 3577 exonerant;
784 3510 913 3567 hinc
944 3513 1216 3585 principio
1249 3515 1533 3570 humidum
1574 3524 1678 3581 est,
1715 3516 1811 3573 sed
1843 3524 1982 3572 tem-

415 3611 548 3665 pore
569 3599 881 3658 hominibus
910 3619 1013 3659 usu
1042 3603 1273 3671 efficaci,
1323 3615 1651 3662 maturatum
1695 3606 1982 3665 dulcescit.

417 3687 592 3748 Mellis
622 3692 752 3748 item
783 3710 994 3750 summa
1023 3698 1310 3767 prudentia
1332 3699 1622 3770 studioque
1642 3701 1984 3770 receptacula

416 3782 679 3851 condunt,
704 3801 884 3844 ceram
920 3789 973 3843 in
1019 3791 1433 3847 subtilissimam
1484 3792 1856 3846 membranam
1884 3808 1976 3848 ex-

418 3877 738 3947 tendentes;
765 3883 988 3938 crebras
1021 3892 1075 3937 et
1100 3885 1391 3939 continuas
1440 3884 1687 3940 favorum
1745 3891 1987 3939 structu-

417 3981 510 4021 ras
542 3968 856 4033 conficinnt.
898 3982 956 4028 ut
1008 3976 1168 4030 simul
1204 3977 1461 4033 lateribus
1506 3975 1682 4031 affixa:
1722 3975 1980 4031 haereant.

2084 3262 2210 3316 τητι
2259 3243 2532 3316 διαφέρων
2569 3244 2783 3299 αὐτῶν
2814 3244 2928 3299 ἐστι
2962 3245 3060 3316 μὲν
3105 3246 3213 3316 γὰρ
3235 3245 3455 3317 κέντρον
3490 3242 3671 3314 αὐτῷ,

2085 3331 2198 3386 ἀλλ’
2232 3333 2292 3385 οὐ
2322 3333 2519 3405 χρῆται
2550 3332 2725 3405 τούτῳ
2749 3333 2885 3404 πρὸς
2923 3334 3152 3405 ἄμυναν.
3183 3335 3479 3403 Συνάγουσι
3507 3334 3572 3386 δὲ
3606 3335 3674 3387 ἐκ

2083 3422 2191 3476 τῶν
2222 3422 2399 3477 ἀνθῶν
2430 3424 2521 3478 τὸν
2565 3424 2733 3495 κηρὸν
2760 3425 2816 3477 αἱ
2851 3423 3125 3494 μέλισσαι,
3162 3424 3258 3477 καὶ
3294 3424 3393 3495 τὴν
3427 3423 3673 3494 δροσοει-

2078 3511 2187 3578 δῶς
2231 3514 2639 3588 ὲνεσπαρμένην
2690 3515 2871 3569 νοτίδα
2913 3517 3027 3579 τοῖς
3059 3514 3275 3569 ἄνθεσιν
3314 3515 3392 3587 τῷ
3422 3515 3671 3585 στόματι

2090 3607 2552 3679 ὲπισπασάμεναι,
2570 3609 2688 3671 ταῖς
2714 3606 2985 3677 κοιλότησι
3005 3606 3111 3661 τῶν
3134 3625 3203 3678 κη
3212 3607 3318 3679 ρῶν
3338 3606 3507 3678 αὐτὴν
3526 3607 3675 3660 ἐνιᾶ-

2092 3714 2207 3751 σιν’
2239 3699 2360 3752 ὃθεν
2409 3699 2503 3753 καὶ⁵
2550 3699 2716 3771 ὑγρόν
2744 3701 2859 3752 ἐστι
2887 3699 2985 3770 τὴν
3012 3699 3206 3772 ἀρχὴν,
3240 3697 3355 3753 εἶτα
3378 3698 3456 3770 τῷ
3486 3701 3675 3772 χρόνῳ

2091 3790 2460 3860 καταπεφθὲν,
2493 3792 2591 3862 ήδὺ
2617 3791 2844 3860 γίνεται,
2878 3793 2971 3846 καὶ
2993 3792 3292 3866 εὔχρηστον
3318 3796 3430 3855 τοῖς
3450 3792 3673 3864 ἀνθρὼ-

2091 3900 2234 3946 ποις.
2272 3882 2460 3952 Σοφῶς
2487 3882 2542 3936 δὲ
2571 3884 2664 3937 καὶ
2698 3871 2796 3948 τὰς
2840 3884 3121 3955 ἀποθήκας
3166 3884 3532 3955 φιλοτεχνοῦσι
3575 3884 3673 3939 τοῦ

2093 3974 2341 4045 μέλιτος⁸
2394 3977 2476 4039 είς
2522 3976 2717 4032 λεπτὸν
2745 3976 2918 4047 ὑμένα
2959 3977 3053 4030 τὸν
3091 3978 3258 4050 κηρὸν
3287 3977 3669 4042 διατείνουσαι,

420 4063 628 4130 πυκνὰς
658 4066 752 4119 καὶ⁹
796 4072 1035 4139 συνεχεῖς
1063 4072 1318 4145 ἀλλήλαις
1346 4077 1470 4138 τοὺς
1524 4073 1780 4146 σίμϐλους
1826 4070 2216 4141 οίκώομοῦσιν,
2271 4070 2348 4135 ὠς
2398 4072 2460 4126 τὸ
2487 4071 2680 4144 μικρὸν
2709 4073 2807 4142 τῆς
2856 4071 2964 4124 τῶν
3003 4074 3341 4145 μικροτάτων
3384 4072 3517 4146 πρὸς
3576 4071 3675 4125 ἅλ-

419 4153 555 4227 ληλα
578 4157 774 4223 δέσεως
800 4160 1097 4233 ἑδράζεται.

492 4250 741 4311 Locusta:
764 4270 873 4310 uno
896 4272 1167 4313 consensu
1194 4258 1439 4325 sublatae,
1467 4266 1645 4315 terras
1668 4274 1764 4329 per
1791 4258 1980 4311 latitu-

2156 4254 2225 4307 Δί
2267 4252 2326 4307 δὲ
2354 4253 2573 4326 ἀκρίδες
2605 4253 2687 4309 svi.
2716 4254 3019 4326 συνθήματι
3051 4253 3192 4309 κατὰ
3229 4253 3287 4307 τὸ
3321 4255 3520 4319 πλάτος
3570 4259 3675 4331 τῆς

417 4341 601 4397 dinem
625 4343 902 4410 infestant,
933 4348 1290 4417 procedentes
1318 4364 1539 4420 campos
1564 4350 1700 4404 alios
1720 4348 1986 4403 fructibus

2106 4344 2273 4416 (ὠρας
2315 4346 2819 4417 στρατοπεδεύουσι.
2848 4346 3164 4417 Περιιοῦσαι
3193 4346 3249 4399 δὲ
3277 4347 3475 4418 ὁρῶσιν
3502 4348 3678 4421 ἔτερα

418 4442 647 4491 onustos
674 4438 1041 4509 conspiciunt,
1070 4455 1171 4495 nec
1189 4447 1418 4509 tangunt
1449 4442 1690 4496 exitiosae
1713 4480 1729 4506 ,
1788 4440 1883 4495 sed
1915 4440 1985 4495 ad

419 4525 734 4595 praescripta
762 4526 871 4581 illis
901 4527 1020 4582 loca
1040 4543 1253 4584 summo
1287 4545 1430 4584 nexu
1465 4530 1819 4593 contendunt,
1847 4545 1984 4600 qua-

418 4615 465 4668 si
494 4616 692 4672 divinis
710 4616 961 4686 jussibus
981 4620 1169 4688 pulsae,
1191 4635 1367 4689 neque
1388 4629 1676 4690 antequam
1701 4621 1809 4676 illis
1826 4620 1985 4675 detur

421 4704 673 4774 facultas,
706 4724 916 4765 messes
951 4710 1266 4781 fructusque
1305 4712 1592 4767 erodentes
1614 4721 1848 4767 vaslant.
1881 4711 1987 4767 Eas

419 4801 652 4857 seleueis
673 4802 791 4857 avis
816 4803 1115 4858 insatiabili
1138 4805 1437 4860 voracitate
1467 4806 1714 4862 insecuta
1746 4844 1762 4870 ,
1795 4821 1986 4861 omnes

418 4893 675 4950 absumit.

487 5072 732 5137 Noctua,
757 5082 820 5128 ut
855 5074 1057 5140 ferunt,
1112 5077 1288 5131 oculis
1317 5076 1553 5131 interdiu
1613 5077 1789 5149 caligo
1817 5076 1988 5134 offen-

424 5162 586 5226 ditur,
627 5172 793 5218 noctu
825 5179 945 5218 eam
974 5165 1097 5220 visu
1124 5166 1324 5221 valere.

488 5253 624 5308 Cum
655 5257 1069 5325 vespertiliones
1114 5258 1357 5312 cubitum
1408 5264 1559 5323 eunt,
1615 5268 1804 5314 mutuo
1836 5275 1988 5315 com-

420 5345 578 5414 plexu
612 5348 1044 5417 suspenduntur,
1069 5358 1123 5405 et
1151 5352 1199 5406 si
1227 5366 1387 5421 quem
1413 5351 1481 5404 ab
1499 5365 1565 5405 eo
1593 5349 1787 5406 ordine
1805 5351 1987 5407 divelli

420 5436 729 5506 contigerit,
761 5440 956 5510 reliqui
985 5442 1297 5509 ciamitant;
1330 5441 1519 5497 eadem
1549 5442 1666 5497 sola
1702 5443 1985 5498 volucrum

420 5526 727 5598 quadrupes
752 5537 835 5586 est
863 5540 917 5587 et
937 5531 1192 5589 dentibus
1221 5534 1463 5589 fulcitur.

495 5700 708 5758 Cicada
732 5703 903 5761 imbre
927 5717 1273 5776 generantur,
1303 5718 1357 5766 et
1389 5711 1792 5777 obmutescunt,
1816 5729 1985 5788 quan-

2086 4437 2212 4509 λήῖα
2250 4436 2327 4508 τῷ
2357 4437 2555 4508 καρπῷ
2596 4438 2869 4511 βρίθοντα,
2898 4438 2993 4492 κα)⁸
3032 4438 3133 4492 οὐκ
3161 4438 3513 4507 ἐφάπτονται,
3550 4440 3677 4494 ἀλλ’

2090 4529 2185 4582 ἐπὶ
2211 4528 2301 4582 τὸν
2330 4529 2632 4601 ὡρισμένον
2654 4531 2843 4594 αὐταῖς
2870 4530 3032 4584 τόπον
3049 4531 3453 4595 σπουδάζουσιν,
3475 4530 3679 4605 ὥσπερ

2091 4621 2158 4673 ὲκ
2196 4618 2337 4673 θείου
2383 4620 2801 4692 προστάγματος
2834 4622 3205 4691 ἐπειγόμεναι.
3241 4622 3351 4674 Καὶ
3381 4622 3441 4674 οὐ
3472 4622 3681 4692 πρότε-

2096 4726 2185 4781 ρον
2208 4708 2301 4762 τοῦ
2328 4708 2539 4781 καρποῦ
2571 4709 2850 4773 ἅπτονται,
2879 4711 3007 4783 πρὶν
3037 4711 3070 4783 ἢ
3098 4710 3317 4781 δοθῆναι
3345 4712 3534 4774 αὐταῖς
3569 4714 3680 4785 τὴν

2093 4799 2456 4872 συγχώρησιν.
2491 4800 2802 4856 Μετέπειτα
2848 4803 2905 4855 δὲ
2947 4803 3137 4866 αὑταῖς
3180 4803 3426 4867 σελευκὶς
3464 4806 3681 4859 ἐπαπο-

2093 4890 2391 4956 στέλλεται,
2423 4890 2517 4945 κα)⁸
2549 4892 2727 4955 πάσας
2751 4892 3021 4946 κατεσθίει
3051 4894 3238 4958 αὐτὰς,
3259 4894 3549 4965 ἀκόρεστον
3573 4895 3680 4967 τὴν

2094 4981 2253 5050 φύσιν
2282 4981 2498 5052 ἔχουσα.

2165 5074 2277 5146 Τὴν
2310 5074 2521 5142 γλαῦκα
2563 5091 2694 5144 φασι
2744 5075 2846 5148 τήν
2892 5075 3110 5147 ἡμέραν
3152 5075 3527 5148 ἀμαυροῦσθαι
3571 5080 3679 5152 τήν

2094 5165 2238 5236 ὄψιν,
2259 5164 2357 5238 τὴν
2389 5165 2446 5218 δὲ
2477 5165 2647 5219 νύκτα
2678 5165 2997 5237 ρὠνυσθαι.

2177 5259 2371 5314 Ἡνίκα
2413 5260 2457 5313 δ’
2484 5262 2537 5313 αἱ
2588 5260 2895 5331 νυκτερίδες
2938 5260 3302 5327 καθεύδουσιν,
3338 5259 3398 5325 ἐξ
3422 5260 3681 5332 ἀλλήλων

2094 5350 2467 5420 ἀπήρτηνται·
2498 5351 2592 5403 καὶ
2611 5352 2659 5402 εί
2683 5350 2810 5420 μίαν
2841 5350 3021 5421 συμϐῇ
3047 5349 3141 5403 τοῦ
3161 5349 3400 5423 ὁρμαθοῦ
3416 5351 3681 5406 ἀποσπα-

2096 5438 2287 5509 σθῆναι
2333 5438 2533 5503 αύτῶν,
2562 5439 2618 5493 αί
2650 5439 2832 5493 λοιπαὶ
2874 5439 3231 5493 καταϐοῶσιν.
3274 5439 3449 5493 Μόνον
3476 5439 3533 5493 δὲ
3561 5440 3681 5494 τῶν

2095 5532 2355 5585 πετεινῶν
2379 5531 2736 5602 τετρασκελὲς
2763 5532 3015 5603 ὑπάρχει,
3041 5531 3136 5585 καὶ
3168 5530 3347 5585 ὀδοῦσι
3375 5534 3684 5588 κατακεκόο

2095 5640 2315 5694 σμηται.

2166 5714 2228 5766 Οἱ
2251 5713 2303 5767 δὲ
2327 5714 2564 5785 τέττιγες
2593 5716 2650 5768 ἐν
2669 5714 2945 5787 ὲπομδρίᾳ
2970 5714 3226 5784 γίνονται,
3262 5713 3671 5784 ἡσυχάζουσιδὲ
