3840 6164
107 274 216 329 757

1014 267 1288 326 SPURIA.
1330 297 1401 309 —
1434 262 1796 322 COMMENT.
1840 263 1908 321 IN
1947 264 2449 322 IIEXAEMERON.

3258 270 3363 329 738

102 389 321 461 καιρὸν,
348 385 534 458 ἐπειδὴ
561 388 627 456 τῇ
650 384 824 458 δρόσῳ
860 385 1182 457 πήγνυνται.
1217 382 1481 456 Πλήττειν
1513 381 1570 435 δὲ
1600 380 1694 435 καὶ

1800 377 1867 433 do
1886 395 2011 437 rore
2029 387 2425 450 concrescunt;
2446 394 2636 438 earum
2674 381 2778 438 alis
2811 386 2869 438 et
2896 388 3117 438 cantum
3139 390 3195 440 et
3220 393 3364 441 stre-

101 481 256 553 ᾁδειν
288 480 349 533 τὸ
374 477 572 550 πτερὸν
602 476 779 531 αὐτῶν
799 476 1086 546 φάσκουσι.

178 594 261 665 Τῇ
282 592 338 645 δὲ
362 591 495 662 ἕκτῃ
511 589 696 662 ἡμέρᾳ
712 588 1041 661 προσέταξεν
1056 590 1084 642 6
1104 588 1235 653 Θεὸς
1250 588 1565 659 ἐξαγαγεῖν
1580 588 1692 658 τὴν

98 686 226 755 γῆν
253 682 403 738 κατὰ
424 682 599 752 γένος
621 681 970 749 τετράποδα,
1004 681 1102 734 καὶ
1128 682 1367 749 ἑρπετὰ,
1393 682 1492 734 καὶ
1520 683 1693 750 θηρία

104 777 218 845 τῆς
247 775 383 847 τῆς,
399 774 496 828 καὶ
524 773 596 828 τὰ
626 772 837 842 κτήνη,
868 774 965 827 καὶ
985 773 1180 828 πάντα
1201 775 1273 828 τὰ
1310 774 1567 842 ἔρποντα
1593 772 1691 826 ἐπὶ

104 867 218 935 τῆς
240 864 352 937 τῆς
367 866 516 919 κατὰ
540 863 733 934 γένος,
761 864 854 917 καὶ
874 863 1125 935 παρήχθη
1147 863 1345 927 εὐθέως
1370 866 1448 926 εἰς
1466 864 1525 916 τὸ
1553 861 1691 917 εἶναι

106 959 315 1023 πάντα,
335 959 477 1028 ἅπερ
497 954 679 1023 κοινὴν
703 955 799 1025 μὲν
822 953 897 1025 τῷ
919 953 1190 1025 ἀνθρώπῳ
1209 954 1308 1025 τῆς
1338 954 1549 1024 φύσεως
1580 955 1691 1025 ἔχει

108 1051 211 1123 τὴν
233 1049 507 1121 αἴσθησιν,
530 1047 591 1101 οὐ
619 1047 722 1119 μὴν
746 1046 802 1100 δὲ
824 1047 945 1117 ἴσην
967 1047 1061 1100 καὶ
1082 1046 1178 1117 τὴν
1200 1045 1375 1118 ψυχὴν
1400 1047 1691 1117 κέκτηνται

112 1145 318 1211 ζῶντα,
349 1145 442 1198 καὶ
480 1144 775 1216 κινούμενα
818 1143 1050 1214 κίνησιν,
1082 1142 1150 1214 ἢν
1192 1143 1225 1213 ή
1264 1141 1555 1212 ἀρχέγονος
1597 1140 1690 1196 τοῦ

112 1239 351 1311 αἵματος
391 1237 549 1307 φύσις
580 1239 806 1308 χορηγεῖ
828 1235 906 1307 τῷ
939 1235 1206 1307 πνεύματι
1245 1235 1339 1289 τοῦ
1376 1233 1575 1300 ἔξωθεν
1610 1235 1696 1288 ἁέ·

118 1349 212 1403 ρος
235 1330 719 1402 κιρναμένη.”Εστι
758 1328 814 1381 δὲ
860 1330 955 1382 καὶ
995 1330 1054 1383 ὲν
1091 1330 1274 1392 αὐτοῖς
1301 1328 1405 1400 ήθη
1438 1329 1689 1402 διάφορα,

112 1423 217 1496 τὴν
268 1424 535 1496 Πρόνοιαν
584 1423 678 1477 τοῦ
734 1421 868 1476 Θεοῦ
903 1421 1300 1492 αἰνιττόμεναι·
1340 1422 1569 1495 καὶγὰρ
1601 1424 1694 1476 καὶ

111 1516 291 1570 ταῦτα
336 1517 397 1570 οὐ
445 1516 654 1588 μικρῶς
692 1515 897 1585 ταύτην
930 1515 1260 1585 συνίστησιν.
1282 1515 1369 1578 Ὧς
1407 1514 1516 1586 γὰρ
1554 1514 1691 1586 σοφὴ

111 1608 227 1664 τῶν
245 1589 496 1680 ’βλαστῶν
527 1612 560 1680 ή
589 1611 944 1683 καρπογονία,
970 1609 1063 1662 καὶ
1098 1608 1312 1680 ἄστρων
1338 1607 1577 1674 εὐταξία,
1599 1608 1694 1660 καί⁸

112 1700 295 1772 ήλίου,
328 1699 424 1754 καὶ
452 1700 679 1772 σελήνης
706 1700 1018 1763 ἅνυπαίτιος
1047 1698 1265 1771 δρόμος,
1300 1699 1395 1752 καὶ
1422 1698 1694 1770 θαλάσσης

112 1794 260 1864 ὅρων
291 1793 488 1864 θεσμὸς
519 1795 592 1866 μὴ
623 1794 1061 1865 ὑπερισταμένης
1087 1793 1186 1865 τὴν
1230 1794 1493 1865 Πρόνοιαν
1533 1794 1695 1847 ἀναν-

112 1883 394 1954 τιρῤήτως
430 1884 786 1955 μαρτύρεται·
809 1882 981 1948 οὕτως
1003 1885 1098 1939 καὶ
1126 1886 1160 1955 ή
1188 1883 1295 1938 τῶν
1318 1882 1471 1948 ζώων
1497 1882 1696 1954 ἰδιότης

112 1975 177 2028 τὸ
202 1975 620 2047 ἀπαράλλακτον
648 1976 746 2047 τῆς
784 1976 989 2042 τάξεως
1022 1977 1404 2048 ὲνδεικνυμένη
1438 1975 1536 2049 τὴν
1562 1975 1698 2048 Πρό-

114 2084 270 2121 νοιαν
312 2066 460 2138 μάλα
488 2066 672 2135 σαφῶς
709 2069 987 2141 κηρύττει,
1010 2069 1260 2141 καθάπερ
1292 2068 1438 2141 ψυχὴ
1473 2068 1697 2122 κινοῦσα

114 2157 216 2212 τοῦ
254 2158 461 2230 κόσμου
504 2161 684 2213 πᾶσαν
723 2161 822 2232 τὴν
851 2160 1127 2216 σύστασιν.
1162 2160 1273 2215 Καὶ
1294 2160 1697 2229 καταγέλαστος

116 2248 187 2303 ἂν
220 2248 307 2319 εἴη
341 2250 451 2314 πᾶς
476 2251 505 2303 6
534 2250 827 2318 ἐκϐάλλων,
858 2252 967 2306 τῶν
997 2253 1273 2323 στοιχείων
1301 2251 1555 2306 ἁπάντων
1576 2254 1701 2323 ὁμο-

117 2340 422 2409 λογούντων
450 2339 619 2413 αὑτήν
635 2359 649 2374 °
685 2343 756 2416 γῆ
792 2344 888 2415 μὲν
909 2344 1045 2417 πρὸς
1066 2344 1398 2417 φυτουργίαν
1418 2345 1519 2397 οὐκ
1544 2345 1700 2397 ἀπει-

118 2431 312 2498 θοῦσα,
345 2433 495 2506 ἥλιός
518 2451 599 2500 τε,
633 2437 726 2489 καὶ
757 2436 976 2508 σελήνη,
1004 2436 1185 2491 καὶτὰ
1213 2436 1374 2491 λοιπὰ
1397 2436 1570 2508 ἄστρα
1602 2434 1695 2489 τοῦ

118 2526 492 2595 προσήκοντος
529 2526 730 2599 δρόμου
776 2527 849 2600 μὴ
896 2528 1198 2593 στείλαντα,
1234 2528 1471 2583 θάλαττα
1500 2529 1698 2584 κανόνα

117 2615 438 2686 προσταγῆς
459 2617 557 2687 οὐχ
577 2618 679 2671 ύπε
688 2617 995 2691 ρϐαίνουσα,
1015 2617 1190 2690 νηκτὰ
1214 2619 1271 2671 δὲ
1294 2620 1387 2673 καὶ
1406 2619 1696 2691 ἀεροπόλα,

119 2705 216 2759 καὶ
235 2710 468 2778 χερσαῖα
486 2709 588 2780 τῆς
613 2709 965 2782 ὀφειλομένης
989 2710 1176 2783 χρείας
1190 2712 1288 2781 οὐχ
1307 2710 1695 2784 ὑστερούμενα.

119 2796 246 2861 Πῶς
292 2794 386 2853 οὖν
433 2800 534 2853 οὐκ
565 2800 747 2866 ἄδικος
793 2802 888 2855 καὶ
919 2803 1108 2875 ἄφρων
1133 2803 1161 2855 6
1184 2802 1409 2857 καθόλου
1442 2803 1539 2875 τὴν
1567 2801 1702 2874 Πρό-

120 2904 272 2942 νοιαν
293 2890 757 2963 παραιτούμενος;
786 2893 917 2946 ’Ποῦ
946 2893 1102 2963 λόγος
1127 2895 1244 2967 ἐρεῖ
1272 2894 1514 2966 τεχνικὸν
1539 2893 1699 2966 ἔργον

124 2979 200 3052 μὴ
241 2981 799 3053 ἀπαυτοματίζεσθαι,
848 2985 984 3057 πρὸς
1015 2987 1323 3057 ἐπιστήμης
1368 2984 1424 3039 δὲ
1464 2984 1530 3039 τὰ
1561 2985 1701 3054 σοφὰ

120 3071 260 3144 ἔργα
286 3075 686 3130 ἀποτελεῖσθαν
723 3079 918 3132 αὐτίκα
959 3077 1090 3148 γοῦν
1132 3078 1571 3151 ἀνδριαντοποιοῦ
1616 3079 1701 3132 έν-

1794 472 1969 543 pitum
1998 474 2086 530 edi
2108 484 2443 531 asseverant.

1868 607 2031 665 Sexto
2055 609 2142 665 die
2160 609 2327 680 jussit
2344 611 2487 668 Deus
2510 613 2795 682 producere
2822 624 3016 668 terram
3033 613 3369 685 quadrupede

1794 702 2077 756 secundum
2107 719 2290 773 genus,
2323 714 2371 758 et
2399 706 2631 774 reptilia,
2668 715 2718 760 et
2760 708 2953 762 bestias
2994 716 3169 768 terrm,
3197 717 3246 760 et
3275 708 3370 777 ju-

1794 804 1991 858 menta,
2031 805 2079 850 et
2103 797 2281 850 omnia
2326 800 2587 867 serpentia
2644 814 2797 868 super
2836 809 3053 867 terram,
3082 801 3368 855 secundum

1791 903 1952 957 genus
1986 889 2049 952 ¹⁶,
2074 896 2128 944 et
2152 891 2334 945 statim
2359 893 2539 946 omnia
2566 892 2834 963 producta
2855 898 3004 957 sunt,
3060 899 3118 946 ut
3159 902 3367 957 essent,

1793 994 1915 1049 qua:
1951 995 2293 1038 communem
2330 1000 2453 1040 cum
2483 985 2705 1043 homine
2762 994 2973 1041 natura:
2998 1001 3220 1041 sensum
3270 986 3370 1040 ha-

1794 1070 1944 1135 bent,
1971 1072 2075 1127 etsi
2102 1088 2209 1128 non
2237 1075 2468 1131 similem
2492 1078 2724 1132 animam
2756 1079 3093 1149 possideant,
3117 1079 3371 1148 quamvis

1792 1162 2000 1227 vivant,
2027 1172 2081 1218 et
2102 1174 2273 1231 motu,
2303 1184 2463 1237 quem
2485 1170 2659 1239 prima
2691 1172 2975 1243 sanguinis
3000 1180 3217 1235 natura,
3242 1185 3370 1225 cum

1795 1256 2084 1312 ambientis
2111 1259 2254 1313 aeris
2270 1259 2462 1328 Spiritu
2476 1262 3082 1336 misceatur,elargitur,
3110 1280 3373 1319 movean-

1794 1353 1906 1410 tur,
1930 1346 2428 1420 diversissimisque
2456 1352 2565 1406 sint
2592 1355 2733 1409 inter
2754 1371 2812 1411 se
2841 1357 3105 1421 moribus,
3127 1355 3371 1411 divinam

1796 1434 2207 1493 Providentiam
2240 1439 2670 1509 insinuantibus,
2700 1460 2825 1499 nam
2866 1453 2920 1501 et
2951 1446 3065 1501 haec
3116 1447 3185 1501 ad
3245 1461 3368 1501 eam

1796 1530 2278 1585 commendandam
2302 1534 2534 1590 maxime
2551 1536 2882 1592 conducunt.
2904 1536 3370 1603 Quemadmodum

1795 1622 1939 1676 enim
1966 1624 2274 1693 germinum
2303 1627 2523 1696 sapiens
2555 1636 2609 1682 et
2634 1629 2820 1684 varius
2839 1629 3071 1693 fructus,
3101 1637 3156 1685 et
3184 1640 3371 1686 rectus

1801 1718 2074 1767 astrorum
2098 1714 2249 1780 ordo,
2286 1722 2341 1769 et
2363 1716 2495 1772 solis
2516 1718 2765 1789 lunaeque
2787 1734 2985 1775 cursus
3035 1721 3369 1790 iuculpatns,

1795 1805 2073 1875 marisque
2095 1807 2453 1862 terminorum
2501 1808 2586 1863 lex
2637 1810 2915 1875 inviolata,
2964 1810 3371 1868 Providentiam

1796 1910 1908 1949 non
1960 1905 2331 1967 repugnanter
2368 1898 2762 1969 testificantur;
2822 1902 2903 1956 sic
2952 1909 3007 1957 et
3053 1903 3371 1958 animalium

1797 1988 2124 2058 proprietas,
2147 1988 2465 2060 ordinisque
2497 2002 2756 2062 perpetua
2787 2003 2841 2049 et
2870 2010 3146 2064 nunquam
3172 1996 3374 2049 immu-

1797 2078 1911 2132 ta'ta
1935 2081 2125 2144 series,
2154 2083 2289 2137 satis
2332 2082 2479 2137 clare
2528 2081 2933 2139 Providentiam
2962 2084 3376 2151 demonstrans,

1798 2171 1956 2241 quasi
1995 2186 2171 2242 praeco
2210 2173 2546 2243 pronuntiat,
2584 2181 2841 2245 tanquam
2896 2182 3118 2231 animus
3155 2191 3374 2232 omnem

1798 2260 1941 2315 hanc
1967 2261 2155 2315 mundi
2187 2278 2412 2317 movens
2445 2271 2799 2319 structuram.
2832 2263 2895 2317 Et
2927 2280 3059 2320 sane
3107 2267 3383 2323 ridiculus

1798 2360 1943 2408 esset
1966 2354 2060 2423 qui
2088 2368 2207 2408 eam
2240 2354 2550 2426 denegaret,
2581 2357 2865 2412 elementis
2891 2358 3144 2414 omnibus
3172 2361 3378 2415 conﬁr-

1798 2445 2098 2510 mantibus,
2134 2454 2281 2502 terra
2301 2448 2517 2519 quidem
2543 2446 2609 2502 ad
2636 2446 2868 2505 {ructus-
2884 2449 3138 2506 ferendos
3160 2451 3379 2508 obtem-

1798 2547 1974 2607 perat,
2006 2540 2087 2593 sol
2120 2546 2175 2594 et
2198 2539 2350 2605 luna,
2385 2549 2440 2596 et
2478 2542 2688 2611 reliqua
2737 2543 2918 2598 sidera
2975 2558 3006 2596 a
3053 2557 3220 2599 cursu
3273 2546 3378 2603 sibi

1799 2627 2161 2684 conveniente
2180 2645 2461 2701 nunquam
2504 2631 2797 2696 desistunt,
2844 2649 2994 2691 mare
3043 2635 3217 2707 legem
3273 2636 3378 2691 sibi

1798 2722 2175 2793 praescriptam
2204 2723 2573 2795 incorruptam
2594 2726 2853 2789 custodit,
2885 2727 3139 2783 animalia
3169 2728 3376 2792 omnia,

1801 2811 1916 2865 sive
1937 2813 2095 2882 aquis
2130 2820 2338 2879 natent,
2367 2815 2481 2870 sive
2503 2831 2627 2871 aere
2648 2816 2850 2883 volent,
2874 2819 2989 2873 sive
3026 2826 3168 2873 terra
3199 2818 3384 2874 feran-

1802 2915 1910 2971 tur,
1942 2924 2214 2979 nusquam
2246 2910 2300 2964 in
2323 2911 2517 2968 usibus
2546 2913 2670 2969 vita:
2710 2915 3036 2971 necessariis
3066 2914 3381 2971 destituun-

1801 3004 1911 3053 tur.
1986 2999 2272 3066 Quomodo
2348 3003 2521 3074 igitur
2579 3019 2689 3059 non
2769 3007 2874 3060 erit
2929 3016 2981 3062 et
3037 3022 3073 3061 a-
3124 3008 3375 3080 justitia,

1802 3096 1856 3143 et
1887 3089 1956 3144 ab
1976 3092 2125 3145 omni
2154 3088 2385 3148 consilio
2417 3095 2652 3159 alienus,
2678 3097 2770 3167 qui
2819 3098 3036 3168 penitus
3083 3099 3150 3155 de
3197 3102 3388 3156 medio-

120 3181 270 3219 νοιαν
293 3165 671 3240 λαμϐάνομεν·
712 3170 896 3224 εἰκόνα
928 3171 985 3225 δὲ
1015 3150 1355 3244 περικαλλῶς
1382 3174 1697 3244 γεγραμμέ-

1801 3176 2206 3236 Providentiam
2238 3184 2413 3238 tollit?
2436 3150 2855 3252 Qumnamlratio
2885 3189 2934 3242 id
2964 3190 3204 3257 docebit,
3243 3193 3379 3246 arti-

119 3273 219 3330 νην
247 3260 574 3326 κατιδόντες,
596 3262 688 3316 τὸν
710 3264 916 3337 ταύτης
941 3267 1156 3338 γραφέα
1185 3263 1533 3337 θαυμάζομεν
1551 3281 1566 3295 °
1599 3265 1701 3336 νῆα

117 3350 177 3404 δὲ
220 3352 493 3425 ἐντέχνως
539 3357 818 3430 ἐπιστήμῃ
864 3356 1378 3428 κατεσκευασμένην
1418 3356 1654 3429 ὁρῶντες
1684 3395 1699 3421 ,

118 3443 404 3516 ναυπηγὸν
434 3444 782 3518 ἐπαινοῦμεν.
810 3449 874 3502 Εἰ
905 3448 950 3502 δ’·
985 3449 1136 3503 αὐτοὶ
1162 3448 1386 3521 τεχνικὰ
1408 3447 1545 3520 ἔργα
1566 3446 1702 3501 θεώ-

122 3552 277 3606 μενοι
304 3536 398 3591 τὸν
428 3537 702 3609 ἔμμουσον
733 3541 979 3615 τεχνίτην
1011 3541 1368 3613 γινώσκομεν,
1408 3541 1460 3595 τί
1505 3535 1598 3594 οὖν
1639 3539 1701 3593 οὐ

121 3628 326 3699 μᾶλλον
371 3629 470 3703 τὴν
511 3634 728 3690 πάντων
775 3635 943 3706 σοφὴν
989 3635 1250 3707 Πρόνοιαν
1296 3636 1355 3686 ὲν
1399 3631 1699 3703 καταλήψει

117 3718 360 3791 ἒξοιμεν,
397 3721 658 3796 ὀφθαλμῷ
702 3724 940 3779 διάνοιαν
970 3724 1059 3778 διὰ
1096 3723 1205 3778 τῶν
1239 3722 1697 3794 ὲστοιχειωμένων

118 3811 332 3883 κόσμου
379 3814 584 3887 μερῶν,
633 3816 1011 3888 ἐπιστημόνως
1043 3815 1430 3887 τεταγμένων;
1476 3815 1558 3869 Τὰ
1588 3814 1698 3887 γὰρ

116 3902 236 3975 εἴδη
285 3905 382 3959 καὶ
434 3908 685 3979 σχήματα
721 3910 879 3964 ἱκανὰ
908 3909 1175 3981 γνωρίσαι
1214 3909 1307 3962 τὸν
1349 3906 1619 3979 τεχνίτην,
1648 3909 1698 3961 εί

117 3995 216 4048 καὶ
248 3996 395 4068 λόγῳ
416 3998 486 4053 τὰ
514 4002 932 4074 ὲστοιχειωμένα
968 4003 1179 4073 σιωπὴν
1229 4001 1372 4070 ἄγει.
1412 4000 1559 4053 Φιλεί
1589 3999 1698 4070 γὰρ

117 4085 190 4139 τὰ
232 4090 372 4163 πρός
408 4108 554 4156 τινος
594 4094 947 4165 μορφωθέντα
975 4095 1067 4148 τὸν
1102 4093 1483 4166 κεκοσμηκότα
1509 4092 1701 4164 ὁμολο-

118 4182 257 4247 γεῖν.

1802 3270 2050 3327 ﬁciosum
2067 3288 2207 3344 opus
2229 3282 2452 3343 temere,
2473 3277 2808 3349 fortuitoque
2832 3282 3100 3350 produci?
3129 3282 3229 3340 Ubi
3246 3301 3389 3355 pru-

1804 3360 1989 3417 dentia
2020 3363 2320 3434 perfectum
2351 3373 2406 3422 et
2450 3368 2789 3425 elaboratum
2842 3386 2981 3442 opus
3032 3377 3381 3446 conspexeri-

1805 3469 1954 3520 mus,
1989 3455 2109 3525 ejus
2143 3455 2404 3513 artificem
2436 3467 2616 3515 mente
2669 3463 3029 3532 revolvimus;
3084 3467 3375 3540 imaginem

1804 3545 2169 3616 pulcherrime
2197 3549 2397 3619 pietam
2429 3551 2631 3617 intuiti,
2663 3554 2783 3624 ejus
2826 3556 3089 3627 pictorem
3137 3562 3377 3619 admira-

1802 3653 1960 3702 mur;
1982 3654 2176 3695 navem
2190 3643 2483 3700 artiﬁciose
2511 3644 2910 3718 prudenterque
2932 3666 3264 3722 compactam
3294 3658 3377 3712 νίς

1802 3727 2015 3794 dentes,
2040 3746 2349 3805 naupegum
2373 3735 2844 3794 commendamus.
2865 3737 2921 3793 Si
2952 3741 3116 3812 igitur
3136 3760 3238 3802 nos
3270 3746 3378 3818 ipsi

1804 3836 1970 3893 opera
1995 3834 2111 3880 arte
2140 3826 2391 3881 confecta
2423 3840 2711 3887 cernentes
2742 3833 2799 3888 in
2837 3837 3201 3907 cognitionem
3246 3856 3380 3911 pru-

1804 3913 1986 3972 dentis
2019 3918 2244 3976 artiﬁcis
2272 3919 2613 3989 devenimus,
2640 3941 2874 3997 quanam
2907 3931 3119 3988 ratione
3161 3935 3380 4004 sapien-

1802 4012 1913 4061 tem
1953 4023 2135 4064 rerum
2160 4013 2402 4067 omnium
2437 4012 2864 4084 Providentiam,
2900 4021 3148 4090 partibus
3186 4027 3377 4081 mundi

1803 4097 2196 4157 elementorum
2229 4119 2332 4175 ope
2361 4105 2611 4163 conﬂatis
2633 4119 2886 4181 recteque
2898 4111 3203 4184 dispositis,
3225 4134 3382 4173 men-

1803 4188 1876 4245 tis
1906 4193 2083 4249 oculis
2117 4210 2226 4251 non
2254 4198 2818 4268 comprehendemus?
2873 4203 3020 4261 Satis
3068 4208 3214 4263 enim
3250 4221 3381 4268 sunt

118 4280 174 4330 et
200 4274 438 4345 species,
468 4285 522 4332 et
557 4276 765 4343 formae,
797 4289 1104 4351 caeteraque
1147 4296 1215 4336 ex
1245 4279 1528 4337 elementis
1582 4279 1906 4347 composita,
1965 4276 2069 4342 etsi
2104 4287 2322 4345 silentio
2379 4290 2681 4362 indulgent,
2730 4294 2796 4349 ad
2839 4310 3031 4352 eorum
3078 4299 3237 4358 nobis
3288 4317 3379 4357 ar—

117 4366 324 4424 tiﬁcem
352 4371 827 4431 manifestandum.
860 4373 1050 4432 Solent
1069 4376 1269 4432 etenim
1300 4388 1388 4430 res
1417 4374 1486 4429 ab
1505 4372 1689 4442 aliquo
1714 4373 1963 4433 conﬁctas
1996 4391 2278 4448 parentem
2300 4391 2355 4439 et
2377 4383 2729 4442 formatorem
2757 4385 2933 4443 eﬁ‘ari.

192 4486 408 4560 Ὠσπερ
451 4487 509 4542 δὲ
549 4489 658 4543 τῶν
710 4491 986 4562 στοιχείων
1028 4495 1062 4565 ἡ
1109 4492 1365 4557 σύστασις
1413 4492 1695 4565 σαφηνίζει

1869 4493 2137 4552 Caeterum
2154 4498 2612 4568 quemadmodum
2641 4504 3031 4567 elementorum
3054 4507 3376 4566 constitutio

117 4577 219 4650 τὴν
249 4580 536 4655 Πρόνοιαν,
583 4583 727 4638 οὕτω
758 4585 854 4639 καὶ
882 4587 915 4657 ἡ
940 4586 1047 4640 τῶν
1076 4585 1229 4652 ζώων
1260 4588 1515 4661 διάφορος
1542 4588 1703 4658 φύσις

117 4671 218 4742 τὴν
244 4672 448 4741 γνῶσιν
479 4675 679 4750 ταύτης
703 4679 1018 4751 παρέχεται.
1053 4682 1418 4750 Συγγεννᾶται
1466 4682 1564 4754 μὲν
1594 4683 1703 4752 γὰρ

117 4765 149 4817 6
175 4764 350 4836 θυμὸς
375 4765 450 4837 τῷ
470 4766 666 4833 λέοντι,
701 4771 795 4824 καὶ
815 4771 948 4830 ,ἔστι
972 4774 1291 4843 μοναστικὺς
1313 4777 1340 4829 6
1374 4774 1487 4845 βίος
1514 4776 1699 4842 αὐτοῦ,

117 4854 297 4909 οὐδενὶ
319 4855 428 4910 τῶν
452 4856 605 4922 ζώων
629 4859 920 4923 κοινωνῶν,
948 4862 1067 4915 οὐδὲ
1088 4862 1276 4934 χθιζὴν
1296 4864 1502 4936 τροφὴν
1527 4865 1703 4935 προϊέ-

124 4960 305 5015 μενος,
342 4945 480 5002 me
506 4950 817 5021 πρόσφατον
837 4968 852 4984 ο
880 4952 1057 5019 ὀξεῖαν
1087 4953 1143 5006 δὲ
1177 4953 1288 5025 ἔχει
1309 4954 1406 5026 τὴν
1428 4955 1697 5027 αἴσθησιν,

120 5037 216 5092 καὶ
264 5038 460 5094 θᾶττον
506 5042 606 5114 τῆς
652 5044 830 5116 ὀσμῆς
860 5045 969 5099 τῶν
998 5045 1336 5118 θηρευόντων
1363 5047 1696 5115 αἰσθάνεται,

119 5131 215 5184 καὶ
241 5130 432 5204 δρόμῳ
472 5133 661 5205 φεύγει
687 5135 781 5190 ἐπὶ
810 5137 873 5190 τὸ
901 5137 1182 5207 σπήλαιον,
1211 5139 1280 5193 τὰ
1305 5141 1426 5211 ἴχνη
1470 5143 1536 5213 τῇ
1566 5142 1697 5213 σοόῇ

119 5222 472 5293 περισαίνων,
485 5226 633 5290 ὅπως
650 5227 993 5298 καλυφθέντα
1009 5230 1111 5284 ὑπὸ
1135 5231 1232 5302 τῆς
1250 5232 1449 5296 κόνεως
1463 5234 1700 5304 ἀνίχνευ-

117 5328 208 5366 sev
237 5314 359 5376 τοῖς
392 5311 681 5386 θηρευταῖς
708 5320 1143 5390 καταστήσωσιν.
1174 5320 1358 5394 Πηρὸς
1394 5321 1450 5375 δὲ
1477 5322 1642 5376 αὑτοῦ
1669 5325 1698 5376 6

120 5403 365 5476 σκύμνος
386 5405 648 5473 τίκτεται,
681 5411 776 5463 καί
805 5413 956 5482 τρεῖς
987 5412 1201 5484 ἡμέρας
1227 5413 1333 5467 ὑπὸ
1361 5413 1463 5485 τῆς
1481 5413 1698 5486 λεαίνης

119 5495 468 5565 φυλάττεται,
489 5500 585 5552 καὶ
606 5500 774 5556 ἐλθὼν
803 5503 963 5567 αὐτὸς
978 5503 1087 5557 ἀπὸ
1112 5503 1210 5574 τῆς
1237 5504 1429 5576 θήρας,
1451 5507 1699 5578 ὲμφυσήν

121 5606 218 5655 σας
258 5590 423 5646 αὑτὸν
454 5595 537 5657 εἰς
582 5594 645 5647 τὸ
681 5596 1000 5668 πρόσωπον,
1038 5596 1305 5669 βλέποντα
1351 5599 1512 5652 αὑτὸν
1550 5598 1696 5665 ἐξαν-

191 5751 235 5784 ¹⁶
274 5749 407 5813 Gen.
436 5769 478 5817 ι,
506 5753 600 5819 21,
631 5754 715 5825 26.

1802 4582 2206 4643 Providentiam
2233 4592 2576 4661 perspicuam
2609 4591 2758 4660 facit,
2808 4596 2889 4652 sic
2948 4606 3003 4654 et
3055 4600 3375 4659 animalium

1802 4678 1955 4731 varia
1981 4686 2203 4745 natura,
2236 4681 2357 4751 ejus
2383 4682 2544 4738 nobis
2567 4684 2933 4754 cognitionem
2952 4690 3171 4761 ingerit.
3201 4691 3379 4748 Gene-

1801 4770 2005 4825 rositas
2037 4771 2180 4825 enim
2203 4779 2257 4827 et
2278 4773 2561 4830 iracundia
2587 4791 2695 4830 una
2715 4792 2839 4833 cum
2867 4779 3023 4837 leone
3047 4796 3373 4850 nascuntur,

1802 4862 1990 4934 illique
2020 4863 2259 4919 solitudo
2287 4873 2343 4947 et
2385 4882 2638 4923 recessus
2666 4871 2843 4925 amica
2874 4880 3026 4938 sunt,
3083 4891 3254 4947 seque
3302 4895 3368 4934 ex

1802 4955 2119 5011 animalium
2155 4942 2460 5028 frequentia
2484 4961 2662 5028 tollit;
2686 4961 2844 5018 cibos
2871 4962 3127 5021 hesterna
3162 4942 3263 5023 die
3286 4984 3379 5022 ar-

1801 5052 1985 5114 reptos
2014 5049 2246 5119 respuit,
2280 5054 2616 5108 recentiores
2641 5054 2920 5124 capessit;
2945 5071 3111 5112 sensu
3163 5061 3375 5114 acerri-

1800 5151 1892 5191 mo
1920 5146 2026 5203 est,
2059 5141 2456 5212 celerrimeque
2489 5143 2658 5199 odore
2696 5146 2933 5216 quodam
2961 5158 3224 5207 venantes
3256 5166 3379 5208 sen-

1799 5216 1889 5294 tit,
1916 5243 2193 5302 cursuque
2220 5232 2394 5289 fertur
2415 5235 2469 5290 in
2496 5238 2835 5306 speluncam,
2852 5241 3099 5312 vestigiis
3126 5251 3379 5299 recenter

1798 5319 2086 5391 impressis
2113 5323 2287 5379 cauda
2322 5324 2649 5397 deturpatis,
2677 5336 2736 5382 ut
2778 5330 2887 5385 illis
2925 5332 3151 5403 pulvere
3199 5334 3373 5390 obvo-

1797 5411 1953 5479 lutis,
1978 5424 2272 5472 venatores
2335 5430 2735 5489 consequentes
2789 5421 3033 5494 eﬁ'ugiat.
3089 5424 3382 5482 Catcusil-

1796 5503 1905 5560 lius
1948 5506 2164 5562 catulus
2195 5521 2487 5579 generatur
2507 5518 2562 5565 et
2590 5512 2768 5567 tribus
2803 5514 2996 5584 primis
3027 5516 3221 5575 diebus
3273 5533 3374 5574 cu-

1797 5597 1974 5652 stodia
2010 5598 2192 5654 leaenae
2225 5610 2560 5672 asservatur,
2589 5603 2763 5661 donec
2798 5606 2888 5663 ille
2916 5623 2947 5662 a
2976 5611 3265 5668 venatione
3288 5627 3381 5668 τε-
