3840 6164
486 202 591 259 739

1339 200 1410 255 S.
1449 196 1893 257 EUSTATHIUS
1928 195 2413 257 ANTIOCHENUS
2452 201 2849 261 EPISGOPUS.

3634 208 3737 263 τιο

480 328 705 385 gressus
728 313 785 367 in
812 310 1012 368 faciem
1034 311 1255 380 'efﬂans,
1293 311 1515 367 videndi
1548 312 1659 366 vim
1694 312 1772 367 illi
1803 328 2041 368 commu-

2154 317 2388 388 ίστησιν.
2407 318 2597 372 Ἡνίκα
2624 319 2679 372 δὲ
2708 319 2978 392 ἀνθρώπῳ
3006 323 3164 394 ἧτινι
3193 322 3301 377 τῶν
3326 322 3480 390 ζώων
3512 325 3738 397 ἐπέρχε-

478 407 647 459 nicat.
684 395 914 471 Quando
944 419 1072 459 vero
1103 405 1379 458 hominem
1403 403 1488 458 vel
1518 404 1665 458 aliud
1717 406 1915 459 animal
1965 421 2059 476 ag-

477 496 747 567 greditur,
778 502 948 551 semet
981 496 1134 565 prius
1160 494 1331 549 cauda
1363 509 1458 549 seu
1476 495 1712 566 quodam
1734 497 2058 553 incitamen~

478 594 537 639 to
566 586 822 657 ﬂagellat,
856 594 915 640 ut
946 596 1101 656 poeta
1139 587 1337 640 cecinit
1368 586 1446 627 "3

551 696 740 752 Cauda
763 716 880 753 vero
904 698 1173 768 lateraque
1195 708 1245 753 et
1274 698 1478 752 lumbos
1506 700 1749 765 utrinque

559 768 831 831 Verberat,
855 786 1005 840 seque
1020 772 1190 838 ipsum
1221 771 1417 823 excitat
1442 772 1511 823 ad
1546 775 1907 840 pugnantium.

474 880 536 935 In
565 890 803 947 senecta,
864 883 1121 952 quoniam
1149 883 1217 937 ad
1269 888 1672 956 persequendas
1722 886 1866 942 feras
1904 887 2051 942 vires

477 989 586 1027 non
617 982 896 1043 superant,
929 977 1093 1031 urbes
1122 977 1355 1045 obsidet,
1409 978 1723 1034 hominibus
1762 979 1829 1032 ad
1875 981 2040 1033 vitam

474 1064 905 1119 conservandam
939 1065 1181 1129 inhians,
1201 1083 1521 1139 semperque
1551 1070 1695 1124 illius
1713 1086 1774 1125 os
1796 1071 2053 1141 gravissi-

473 1170 619 1209 mum
638 1156 877 1210 omnium
887 1153 1130 1213 redditet
1143 1159 1362 1214 odorem
1379 1168 1432 1215 et
1451 1161 1673 1213 halitum
1690 1178 1703 1226 ;
1720 1162 1909 1216 oculos
1924 1176 2046 1213 cum

471 1246 692 1311 dormit,
714 1256 966 1317 patentes
995 1251 1177 1306 habet.
1202 1251 1395 1306 Leaena
1431 1253 1521 1306 vix
1543 1252 1870 1323 diﬂicileque
1887 1252 2048 1307 unius

468 1340 638 1393 catuli
659 1348 875 1411 partum
913 1342 1198 1411 sustinet;
1244 1344 1300 1397 in
1355 1344 1474 1414 ipso
1528 1345 1670 1398 enim
1729 1346 1892 1398 enixu
1943 1359 2045 1398 un-

468 1430 653 1501 guium
687 1434 804 1488 acie
833 1433 974 1489 fetus
999 1436 1144 1489 illius
1173 1435 1433 1490 dilacerat
1458 1447 1689 1491 uterum.

538 1521 786 1580 Pard-alis
817 1526 1110 1582 vehemens
1132 1536 1289 1583 estet
1335 1531 1618 1599 repentino
1661 1528 1867 1601 impetu
1907 1545 2047 1600 prte-

2161 425 2273 473 ται,
2311 408 2556 479 μαστίζει
2582 412 2646 481 τῇ
2682 410 2811 482 σοϐῇ
2838 411 3030 468 ἑαυτὸν
3056 414 3316 489 πρότερον
3335 416 3478 470 κατὰ
3497 416 3560 470 τὸ
3581 435 3735 487 ποιη-

2161 502 2312 555 τικόν
2326 517 2339 531 ’
2630 502 2635 509 ’

2154 696 2316 774 (ᾖ)ρῇ
2338 696 2465 774 μὴν
2490 699 2755 774 πέευράς
2772 717 2853 774 ᾖτεΔ
2871 699 2970 774 καὶ
3004 703 3171 771 ἰσχία
3193 704 3612 774 ἀμφοτέρωθεν

2157 771 2505 834 Μαστίεται,
2534 768 2596 821 ἓε
2634 769 2685 822 δ’
2715 770 2901 824 αὐτὸν
2921 768 3659 844 ἐποτρὐνείιὶαχέὸνασθαι.

2154 878 2409 949 Γηράσας
2428 877 2506 943 δὲ,
2536 880 2629 932 καὶ
2643 881 2728 942 εἰς
2749 879 2923 951 ἄγραν
2946 878 3189 950 βαδίζειν
3215 882 3421 936 ἀτονῶν
3450 884 3728 957 ἐφεδρεύει

2153 974 2271 1034 ταῖς
2301 971 2539 1035 πόλεσιν,
2575 970 2823 1043 θηρεύειν
2868 974 2946 1035 εἰς
2997 971 3182 1042 βίωσιν
3234 975 3359 1038 τοὺς
3410 975 3728 1047 ἀνθρώπους

2152 1061 2653 1133 γλιχόμενος.”Εστι
2682 1063 2738 1116 δὲ
2763 1062 2925 1117 αὑτοῦ
2959 1064 3018 1118 τὸ
3048 1062 3217 1136 στόμα
3245 1062 3473 1121 πάντοτε
3498 1066 3727 1122 δυσωδέ-

2157 1170 2349 1209 στατον
2365 1171 2380 1184 ⁸
2413 1154 2688 1208 καθεύδων
2708 1155 2764 1208 δὲ
2790 1154 3133 1220 ἀναπετάσας
3157 1157 3354 1228 ἔχειτά
3380 1155 3646 1231 βλέφαρα.
3666 1162 3724 1214 Ἡ

2152 1245 2208 1300 δὲ
2237 1247 2422 1301 λέαινα
2452 1236 2603 1318 μδλις
2633 1245 2750 1311 ἑνὸς
2780 1247 3016 1320 σκύμνου
3065 1247 3326 1321 ὑπομένει
3363 1253 3461 1324 τὴν
3493 1255 3689 1326 κύησιν
3708 1273 3722 1287 ·

2154 1339 2360 1410 προῖὼν
2391 1339 2499 1412 γὰρ
2528 1342 2607 1404 εἰς
2633 1340 2693 1394 τὸ
2715 1340 2818 1407 ἔξω
2857 1342 2979 1406 ταῖς
3008 1343 3212 1414 ἀκμαῖς
3243 1343 3353 1400 τῶν
3382 1344 3592 1418 ὀνύχων
3626 1350 3723 1421 τὴν

2157 1432 2372 1503 μήτραν
2399 1431 2794 1505 διασπαράσσει
2829 1434 3017 1505 αὐτῆς.

2233 1524 2579 1593 Ῥαγδαλαῖον
2625 1529 2658 1597 ἡ
2703 1522 2964 1599 πάρδαλις
3013 1530 3102 1582 καὶ
3146 1528 3445 1601 ὀξύρροπον
3474 1534 3598 1595 ταῖς
3645 1534 3725 1602 ὀρθ

470 1629 633 1685 ceps;
661 1625 859 1671 cratera
883 1618 1142 1673 animalia
1189 1622 1473 1676 tremenda
1518 1623 1688 1676 vincit
1736 1624 2040 1699 velocitate,

2148 1621 2294 1689 μαῖς,
2325 1621 2418 1673 καλ¹
2443 1619 2552 1673 τῶν
2583 1619 2754 1674 ἄλλων
2782 1620 3060 1720 διαφέ
3090 1622 3327 1697 ὀξύτητι,
3371 1625 3465 1680 καὶ
3498 1627 3592 1680 ἐπὶ
3627 1626 3721 1688 τὰς

463 1712 520 1756 et
554 1712 680 1759 ante
709 1714 1029 1761 venatorum
1065 1710 1255 1765 oculos
1284 1711 1359 1764 ita
1390 1712 1586 1780 pedum
1621 1712 1761 1766 valet
1806 1712 2046 1782 pernici-

462 1800 597 1861 tate,
626 1804 682 1849 ut
715 1798 899 1854 volare
925 1801 1159 1870 quisque
1183 1801 1408 1856 diceret.

536 1886 690 1944 Ursa:
724 1900 919 1945 natura
942 1894 1128 1963 segnis
1151 1901 1206 1948 et
1229 1896 1541 1965 peculiaris,
1600 1911 1782 1951 mores
1832 1898 2041 1952 malitia

464 1979 714 2045 solertes,
739 1995 942 2052 corpus
970 1999 1154 2053 grave.
1186 1983 1534 2056 Saepeitaque
1558 1987 1896 2057 gravissimis
1921 1990 2040 2043 vulo

461 2069 689 2125 neribus
734 2072 1005 2140 confecta,
1042 2074 1145 2129 sibi
1170 2082 1331 2145 parat
1381 2077 1801 2139 medicamenta,
1845 2079 2038 2134 siccis-

461 2159 602 2215 simo
631 2164 893 2218 verbasco
921 2165 1241 2220 vulneribus
1271 2166 1576 2232 obturatis;
1625 2166 1753 2221 dum
1808 2182 2039 2240 congre-

458 2251 608 2307 ditur
649 2261 704 2307 et
754 2254 1015 2320 luctatur,
1063 2256 1357 2313 artiﬁciose
1414 2259 1582 2328 pedes
1632 2256 1943 2329 complicat,
1984 2271 2037 2316 et

456 2361 580 2400 eum
606 2348 827 2416 quicum
859 2356 1055 2415 certat,
1083 2351 1420 2421 supplantat,
1466 2359 1522 2406 et
1569 2350 1807 2407 medium
1860 2355 2036 2410 valide

454 2449 763 2508 correptum
787 2441 1017 2510 impetit.

527 2529 743 2588 Taurus
765 2534 1049 2599 cornibus,
1074 2535 1275 2604 quibus
1299 2535 1488 2591 hostes
1518 2537 1824 2603 ulciscitur,
1850 2553 2032 2593 arma-

461 2631 572 2691 tur,
607 2626 945 2697 pedibusque
976 2627 1300 2682 athletarum
1338 2644 1488 2683 more
1512 2630 1790 2698 pulverem
1838 2630 1895 2684 in
1949 2629 2032 2685 al-

454 2724 570 2769 tum
602 2717 832 2787 spargit,
856 2718 1170 2787 despicatus
1182 2718 1355 2773 torvis
1376 2721 1552 2774 oculis
1579 2718 1893 2782 ardescens,
1913 2733 2032 2773 cor-

452 2806 618 2861 nibus
647 2806 945 2871 inclinatis,
978 2814 1032 2861 et
1063 2807 1145 2860 ira
1201 2807 1484 2877 gliscente,
1546 2815 1657 2861 toto
1691 2821 1919 2876 corpore
1944 2806 2029 2861 di-

452 2896 803 2952 micationem
834 2896 1033 2967 poscit.

2149 1709 2300 1780 δῲεις
2332 1710 2440 1764 τῶν
2475 1710 2753 1783 θηρευτῶν
2782 1709 3165 1784 ὲφιπτάμένον.

2215 1889 2417 1964 Νωθρὰ
2441 1891 2474 1961 ἠ
2511 1889 2669 1960 φύσις
2698 1890 2795 1961 τῆς
2821 1886 3039 1963 ἄρκτου,
3073 1891 3165 1947 καὶ
3204 1895 3521 1968 ἰδιάτροπος,
3546 1900 3642 1968 καὶ
3662 1900 3717 1953 τὸ

2145 1975 2276 2052 ἦθος
2311 1963 2559 2046 ὕπουλος,
2591 1983 2685 2035 καὶ
2737 1981 2925 2054 βαρεῖα
2952 1983 3031 2054 τῷ
3059 1985 3290 2056 σώματι.
3327 1963 3597 2053 Πολλάκις
3628 1988 3716 2045 οὖν

2146 2072 2472 2144 βαθυτάταις
2499 2075 2766 2148 τρωθεϊσα
2795 2075 3047 2148 πληγαῖς,
3082 2080 3316 2151 ίατρεύει
3365 2082 3567 2153 ἑαυτὴν
3621 2083 3712 2153 ξη-

2144 2167 2351 2239 ροτάτῳ
2384 2168 2571 2239 φλόμῳ
2600 2166 2698 2232 τὰς
2730 2167 2956 2232 ὠτειλὰς
2988 2172 3361 2241 παραϐύουσα.
3402 2173 3715 2230 Παλαίουσα

2140 2246 2196 2311 δὲ
2223 2259 2500 2312 διαπλέκει
2531 2261 2657 2323 τοὺς
2688 2258 2852 2324 πόδας
2884 2262 3175 2334 τεχνικῶς,
3211 2264 3303 2318 καὶ
3341 2263 3708 2331 ὑποσκελίζει,

2140 2348 2234 2400 καὶ
2267 2348 2641 2418 μεσολαϐοῦσα
2673 2350 2947 2421 κραταιῶς
2975 2350 3264 2410 καθάπτει.

2218 2526 2277 2578 Ὀ
2320 2524 2517 2601 ταῦρος
2548 2528 2657 2592 τοῖς
2690 2526 2882 2600 κέρασι
2914 2529 3049 2600 πρὸς
3083 2530 3292 2601 ἄμυναν
3324 2531 3432 2587 τῶν
3477 2535 3713 2590 evme-

2135 2613 2240 2667 λων
2267 2615 2658 2682 καθώπλισται,
2691 2621 2803 2681 τοῖς
2832 2618 2889 2671 δὲ
2921 2621 3076 2673 ποσὶν
3112 2620 3343 2693 ἀθλητοῦ
3384 2623 3589 2694 τρόπον
3629 2642 3712 2679 κο-

2134 2706 2369 2772 νίζεταιο
2406 2709 2839 2780 ὑποϐλεπόμενος
2868 2710 2924 2763 δὲ
2957 2717 3235 2784 πυροιποίς
3260 2715 3489 2786 ὄμματι,
3514 2718 3610 2770 καὶ
3646 2719 3713 2771 τὰ.

2133 2800 2338 2872 κέρατα
2369 2800 2715 2870 ἐγκεκλικὼς,
2749 2802 2843 2856 κα)⁵
2869 2802 3003 2867 ζέων
3032 2804 3205 2877 θυμῷ,
3230 2809 3447 2880 ὲφορμᾷ
3476 2810 3583 2881 ὅλῳ
3631 2811 3711 2881 τῷ

2133 2906 2366 2962 σωματι.

520 2988 666 3058 Aper
693 2988 743 3044 si
762 2989 968 3044 locatos
991 2987 1209 3043 insidiis
1235 2995 1525 3044 venatores
1544 2987 1708 3043 fuerit
1746 2989 2027 3051 odoratus,

2203 2984 2308 3047 Σῦς
2338 2982 2414 3047 δὲ,
2436 2981 2565 3038 ὅταν
2596 2985 2680 3058 ἴδῃ
2712 2989 2979 3059 κυνηγοὺς
3002 2989 3058 3042 ὲν
3078 2991 3197 3054 ταῖς
3223 2989 3377 3055 ὕλαις
3406 2992 3704 3064 λοχῶντας,

447 3081 657 3137 viribus
687 3082 962 3146 excitatis,
996 3082 1181 3137 nullus
1218 3081 1320 3134 init
1362 3082 1790 3148 contentionem,
1846 3080 2026 3150 prius-

447 3191 611 3247 quam
648 3175 714 3231 ad
739 3176 948 3231 vicinas
978 3176 1204 3230 arbores
1233 3173 1426 3230 dentes
1458 3173 1755 3229 exacuerit.

516 3268 824 3338 Antbolops
855 3267 1035 3323 bellua
1055 3275 1139 3322 est
1159 3265 1661 3330 vehementissima,
1692 3273 1891 3319 venatu
1923 3262 2023 3317 dif-

446 3358 625 3424 ﬁcilis,
654 3358 906 3428 oblongis
935 3358 1217 3422 cornibus,
1265 3372 1543 3413 serrarum
1593 3356 1787 3420 instar,
1821 3353 2020 3426 quibus

446 3450 585 3505 altas
615 3450 975 3520 ingentesque
1002 3452 1368 3505 circumsecat
1394 3449 1641 3519 arbores.
1670 3445 1873 3502 Sitiens
1919 3445 2021 3500 Eu-

444 3542 691 3612 phratem
726 3541 950 3596 ﬂuvium
991 3543 1144 3612 petit,
1182 3543 1415 3613 indeque
1459 3550 1587 3612 potu
1634 3540 1828 3594 hausto
1874 3539 2018 3593 inter

438 3634 696 3698 ericulas,
734 3650 855 3703 quae
875 3635 1020 3688 circa
1043 3633 1286 3690 ﬂuminis
1331 3637 1478 3705 ripas
1527 3634 1823 3698 virescunt,
1879 3631 2016 3684 ludit

439 3725 615 3796 iisque
643 3728 950 3796 colligatur.
983 3726 1197 3781 Etenim
1230 3742 1353 3780 cum
1390 3726 1501 3779 sint
1527 3724 1783 3780 tenuibus
1822 3732 1875 3777 et
1901 3723 2014 3777 len-

438 3816 510 3870 tis
543 3817 800 3880 surculis,
828 3818 970 3871 inter
1005 3833 1063 3873 se
1118 3817 1381 3873 cornibus
1443 3816 1591 3870 illius
1638 3815 2009 3885 implicantur,

436 3910 527 3965 illa
559 3925 781 3981 gemens
822 3911 1119 3964 clamorem
1156 3910 1299 3976 edit;
1349 3906 1494 3978 quod
1549 3923 1673 3961 cum
1724 3914 2011 3961 venatores

433 4001 827 4071 persenserint,
854 4000 1002 4054 illico
1032 3994 1155 4053 eam'
1190 3999 1642 4067 comprehensam
1668 3996 2004 4050 interimunt.

504 4090 602 4145 Est
629 4099 684 4146 et
705 4091 847 4160 apud
884 4090 1135 4161 Scythas,
1163 4107 1302 4161 quos
1335 4088 1478 4144 Loos
1507 4097 1724 4153 vocant,
1758 4086 1892 4151 fera,
1927 4096 2009 4139 ta-

429 4184 640 4240 randus
666 4186 909 4246 nomine,
948 4185 1034 4238 cui
1068 4181 1385 4253 magnitudo
1406 4197 1526 4250 qua:
1556 4180 1701 4244 bovi,
1751 4192 2005 4249 aspectus

427 4276 520 4347 qui
554 4291 750 4342 cervo;
796 4276 959 4346 ﬁtque
1006 4273 1264 4330 assimilis
1296 4273 1604 4340 cuicunque
1650 4271 1726 4324 rei
1761 4272 2004 4339 proxime

426 4369 659 4432 venerit,
695 4368 1041 4437 coloremque
1063 4367 1303 4420 omnium
1334 4364 1533 4428 reddit,
1567 4367 1679 4419 sive
1705 4363 1793 4416 illa
1817 4363 1999 4426 arbor,

419 4462 541 4515 sive
570 4470 736 4523 terra,
770 4460 883 4514 sive
904 4458 1109 4527 aliquid
1140 4456 1287 4511 aliud
1317 4457 1417 4524 sit;
1446 4457 1571 4510 hinc
1604 4455 1781 4510 evenit
1815 4463 1874 4507 ut
1896 4452 2003 4507 dif—

423 4552 642 4607 liculler
675 4551 796 4621 capi
825 4549 1020 4621 possit,
1069 4550 1478 4617 multorumque
1529 4546 1777 4601 notitiam
1807 4544 1997 4615 fugiat.

492 4725 696 4781 Eadem
729 4726 945 4780 ratione
972 4731 1027 4779 et
1044 4723 1377 4778 chamaeleon
1404 4729 1581 4776 mutat
1609 4720 1847 4776 colorem
1876 4721 2000 4777 red-

422 4818 607 4888 ditque
666 4831 1048 4886 quemcunque
1119 4814 1368 4885 proxime
1427 4814 1666 4883 attingit,
1719 4813 1836 4869 sive
1900 4828 1999 4883 per

418 4917 702 4979 pratorum
732 4908 1084 4972 viriditatem,
1125 4907 1240 4963 sive
1273 4920 1371 4976 per
1405 4906 1509 4963 soli
1546 4905 1848 4960 siccitatem
1875 4919 1994 4959 ser-

418 5015 532 5076 pat.

486 5096 664 5151 Cervo
688 5096 830 5151 inest
858 5110 957 5151 sua
989 5093 1278 5156 timiditas,
1304 5104 1615 5163 quanquam
1647 5091 1718 5146 sit
1741 5090 1992 5147 acerrimi

414 5187 570 5241 visus
600 5201 948 5256 pugnamque
996 5200 1120 5238 cum
1177 5185 1503 5238 animalibus
1530 5197 1653 5253 quae
1698 5182 1846 5237 humi
1904 5198 1992 5236 re-

415 5288 553 5346 punt
606 5278 927 5332 committat.
954 5277 1011 5332 Si
1041 5277 1261 5346 quando
1296 5291 1419 5331 eum
1454 5290 1701 5345 serpens,
1728 5274 1785 5328 in
1825 5288 1990 5328 saxo-

418 5382 539 5419 rum
567 5368 758 5420 rimam
788 5370 1087 5437 ingressus,
1127 5368 1380 5437 fugiendo
1409 5367 1716 5430 declinarit,
1772 5365 1863 5420 siti
1894 5379 1984 5417 ar-

418 5456 551 5508 dens
583 5456 648 5508 ad
676 5455 850 5511 fontes
870 5473 931 5512 se
957 5458 1194 5524 confert,
1247 5459 1484 5528 graviter
1528 5473 1763 5530 namque
1781 5458 1869 5514 siti
1901 5457 1986 5512 in-
2050 5526 2051 5529 η

526 5626 565 5655 ³⁷
602 5624 752 5678 Hom.
787 5627 945 5681 Iliad.
975 5630 1039 5695 Υ,
1074 5647 1122 5684 v.
1154 5630 1272 5685 170.

2124 3072 2549 3145 διανιστάμενος,
2581 3078 2641 3131 οὐ
2676 3079 2936 3151 πρότερον
2964 3083 3178 3153 ὲφορμᾷ
3212 3085 3342 3155 πρὶν
3364 3083 3400 3156 ἢ
3433 3086 3549 3150 τοῖς
3573 3084 3705 3154 πλη-

2128 3164 2240 3219 σίον
2276 3166 2510 3238 δένδροις
2538 3168 2826 3242 παραθήξῃ
2854 3174 2981 3234 τοὺς
3009 3171 3247 3237 ὀδόντας.

2196 3259 2351 3312 Ἐστι
2370 3259 2425 3313 δὲ
2442 3260 2577 3322 ζῶον
2607 3262 2836 3333 ἀνθόλοψ
2863 3266 3066 3338 σφόδρα
3094 3267 3421 3340 δριμύτατον
3445 3270 3542 3324 καὶ
3571 3268 3699 3322 δυσ-

2125 3348 2379 3421 θήρατον,
2428 3352 2549 3423 ἕχον
2586 3352 2643 3405 δὲ
2680 3354 2863 3427 μακρὰ
2890 3353 3091 3427 κέρατα
3124 3360 3285 3428 ὅμοια
3310 3359 3554 3432 πρίοσιν,
3584 3358 3699 3415 Gev-

2121 3440 2223 3510 δρα
2254 3443 2500 3515 μετέωρα
2529 3446 2623 3498 καὶ
2657 3448 2866 3517 μεγάλα
2896 3450 3109 3521 πρίζει·
3140 3450 3367 3521 διψῆσαν
3392 3452 3448 3505 δὲ
3477 3452 3695 3524 ἔρχεται

2121 3534 2213 3585 ἐπὶ
2260 3535 2351 3589 τὸν
2402 3537 2691 3609 Εὐφράτην
2725 3541 2984 3611 ποταμὸν,
3019 3540 3110 3596 καὶ
3156 3542 3294 3595 πιὼν
3346 3545 3531 3608 παίζει
3576 3548 3696 3607 ταῖς

2119 3626 2434 3696 ἐρεικίναις,
2460 3630 2579 3692 ταῖς
2611 3628 2797 3693 οὔσαις
2827 3631 2975 3702 παρά
3004 3634 3120 3694 ταῖς
3164 3631 3353 3703 ὄχθαις
3394 3633 3489 3687 τοῦ
3528 3650 3692 3688 ποῖαι

2120 3715 2243 3785 μοῦ,
2298 3718 2392 3770 καὶ
2446 3718 2722 3790 δεσμείται
2775 3719 2865 3774 ὑπ’
2916 3721 3116 3779 αὐτῶν.
3171 3724 3535 3778 Λεπτόκλονοι
3584 3727 3691 3798 γὰρ

2118 3808 2477 3880 ὑπάρχουσαι,
2509 3810 2868 3881 ἐμπλέκονται
2893 3812 3056 3867 αὐτοῦ
3083 3814 3212 3886 περὶ
3239 3815 3307 3868 τὰ
3339 3817 3571 3887 κέρατα,
3601 3816 3693 3871 καὶ

2116 3898 2215 3970 βοᾷ
2235 3917 2248 3930 ·
2290 3902 2382 3955 καὶ
2413 3902 2462 3954 οἱ
2493 3904 2738 3975 κυνηγοὶ,
2768 3904 3105 3976 αἰσθόμενοι,
3140 3907 3342 3971 εὐθέως
3380 3908 3546 3961 αὐτὸν
3576 3909 3693 3962 cola

2112 3990 2469 4062 λαμϐάνουσι,
2506 3995 2600 4046 καὶ
2624 3995 2953 4066 ἀναιροῦσιν.

2182 4084 2339 4136 Ἐστι
2371 4085 2427 4137 δὲ
2472 4087 2529 4137 ἐν
2570 4088 2682 4149 τοῖς
2719 4087 2951 4152 Σκύθαις
2978 4092 3087 4152 τοῖς
3119 4089 3474 4161 καλουμένοις
3515 4088 3685 4154 Adam;

2111 4171 2247 4235 ζῶον
2295 4175 2621 4244 καλούμενον
2666 4177 2963 4249 τάρανδος,,
2987 4180 3212 4250 μέγεθος
3249 4182 3372 4252 ἕχον
3413 4183 3555 4252 βοὸς,
3590 4184 3681 4252 τὴν

2108 4265 2164 4319 δὲ
2192 4266 2311 4335 ὄψιν
2336 4268 2432 4337 τῆς
2459 4268 2550 4321 τοῦ
2582 4268 2779 4339 ἐλάφου
2824 4272 3222 4343 παραπλήσιον.
3258 4274 3368 4327 Καὶ
3402 4276 3521 4329 ἐστι
3563 4275 3679 4329 δυσ-

2109 4357 2363 4428 θήρατον,
2400 4358 2477 4429 τῷ
2514 4361 2653 4432 πρὸς·
2686 4362 2754 4414 τὰ
2797 4362 2987 4435 δένδρα
3032 4364 3126 4417 καὶ
3168 4365 3365 4436 χωρία,
3401 4368 3497 4421 καὶ
3547 4369 3676 4440 πρὸς

2106 4448 2283 4502 πάντα
2315 4444 2394 4513 οἷς
2425 4451 2492 4503 ἂν
2524 4452 2711 4522 magn
2739 4452 2836 4522 τὴν
2870 4454 3055 4524 χροιὰν
3093 4456 3471 4525 μεταϐάλλειν,
3500 4460 3670 4529 καὶτῇ

2102 4540 2323 4593 ἐκείνων
2355 4540 2743 4612 ἀφομοιοῦσθαι
2779 4543 2924 4614 ἰδέᾳ,
2958 4546 3051 4599 καὶ
3076 4546 3163 4599 διὰ
3186 4546 3343 4600 τοῦτο
3375 4545 3520 4603 εἶναι
3553 4550 3674 4603 πολ-

2101 4630 2213 4694 λοῖς
2236 4633 2657 4701 ἀνεπίγνωστον.

2183 4725 2414 4796 Ὁμοίως
2456 4726 2513 4778 δὲ
2549 4727 2645 4780 καὶ
2693 4730 2722 4781 ὁ
2769 4729 3078 4800 χαμαιλέων
3106 4732 3186 4794 εἰς
3220 4732 3365 4796 οἵους
3412 4732 3482 4787 ἂν
3533 4733 3669 4805 Egi-=13

2098 4814 2384 4884 λειμῶνας,
2417 4819 2511 4870 καὶ
2538 4818 2706 4889 ἐδάφη
2730 4816 2791 4889 Er,
2802 4821 2887 4887 ρὰ,
2911 4823 3009 4892 τὴν
3032 4823 3220 4892 χροιάν
3254 4823 3482 4875 ἐκείνων
3513 4838 3669 4894 μετα-

2096 4907 2382 4979 λαμβάνει.

2163 5089 2344 5144 Δειλὺν
2377 5091 2409 5159 ἡ
2436 5087 2631 5158 ἔλαφος
2660 5090 2754 5143 καὶ
2776 5089 3079 5162 ὀξυδερκὲς,
3115 5091 3210 5145 καὶ
3241 5092 3381 5161 πρὸς
3408 5092 3477 5146 τὰ
3505 5095 3657 5164 ἑρπε-

2091 5182 2159 5234 τὰ
2191 5180 2352 5251 θηρία
2387 5180 2672 5250 πολέμιον·
2719 5181 2814 5234 καὶ
2858 5182 2907 5233 εἰ
2935 5180 3175 5254 διαφύγῃ
3202 5183 3373 5252 αὐτὴν
3395 5183 3538 5252 ὄφις,
3572 5185 3657 5236 καὶ

2089 5274 2168 5336 εἰς
2212 5273 2416 5342 ραγάδα
2460 5273 2753 5344 παρεισδύῃ
2797 5274 3020 5345 πέτρας,
3060 5275 3368 5343 ἀφικνεῖται
3395 5276 3657 5349 διψήσασα

2087 5367 2168 5428 εἰς
2197 5368 2295 5429 τὰς
2329 5365 2542 5432 πηγάς⁸
2581 5366 2721 5419 πάνυ
2758 5367 2862 5439 γάρ
2895 5370 3011 5420 ἐστι
3049 5367 3185 5437 πρὸς
3214 5367 3316 5438 τὴν
3348 5367 3510 5437 δίψαν
3547 5370 3632 5423 διά

2088 5474 2278 5528 πυρος,
2309 5457 2384 5539 ὡς
2408 5457 2502 5510 καὶ
2519 5457 2617 5530 τὴν
2665 5457 2908 5529 γλῶτταν
2937 5458 3217 5514 ὲκῦάλλειν
3249 5460 3343 5514 τοῦ
3374 5462 3656 5534 στόματος,
