3840 6164
148 276 239 332 7H

1038 269 1309 326 SPUIHA.
1349 299 1422 311 —-
1456 267 1814 326 COMMENT.
1855 264 1924 322 IN
1962 262 2459 323 HEXAEMERON.

3269 267 3373 322 742

144 394 267 466 πρὸς
312 390 375 443 τὸ
423 385 522 443 ὐπδ
551 387 651 459 τῆς
682 387 1016 459 ψυχρότητος
1048 386 1141 440 τοῦ
1176 387 1336 459 ἀέρος
1369 385 1538 456 αὐτὴν
1566 387 1698 439 ἀνα-

1807 381 2132 448 flammatur,
2156 382 2231 436 ita
2262 390 2322 434 ut
2354 385 2543 434 exerta
2596 376 2784 448 lingua
2844 383 3059 442 aestuet,
3124 384 3184 433 ut
3230 380 3375 435 aeris

144 480 413 554 ψύχεσθαι.
433 478 832 551 Ἐμπλησθεῖσα
852 474 944 532 οὖν
969 477 1063 531 τοῦ
1091 478 1302 541 ὕδατος,
1328 476 1545 549 ἔρχεται
1570 476 1697 529 ἔνθα

143 577 305 644 δόφις
334 573 651 646 κρύπτεται,
681 572 774 626 καὶ
805 572 1165 625 ἀνασπάσασαι
1196 568 1356 623 αὑτὸν
1388 572 1451 622 ὲκ
1481 570 1578 640 τῆς
1605 570 1700 641 ρα-

144 669 311 738 γάδος,
349 665 702 738 ωμπατοῦσα
742 666 971 736 ἀναιρεῖ.
1006 664 1069 717 Εἰ
1102 664 1157 716 δὲ
1180 663 1273 716 καλ¹
1313 661 1420 738 τῷν
1452 661 1698 733 κεράτων

142 761 299 830 αὐτῆς
334 759 524 830 μικρόν
553 774 608 810 τι
640 757 673 827 ἢ
700 756 809 808 τῶν
846 754 1046 828 τριχῷν
1096 756 1182 808 ἐπ’
1205 753 1380 817 οἰκίας
1424 754 1694 822 κατακαῇ,

142 853 188 903 εἴ
216 867 312 904 που
363 849 429 903 ἂν
469 846 770 919 ἐμφωλεύει
815 847 1022 919 θηρίον,
1051 843 1698 917 διαδιδράσκει.Ἐπειδὰν

142 943 192 994 δὲ
215 940 456 1010 άποόἀλῃ
489 940 559 993 τὰ
590 939 817 1009 κέρατα,
856 938 1080 1008 μόνασιν
1127 937 1298 1007 ζητεῖ,
1334 935 1428 988 καὶ
1455 933 1698 1007 κρημνὸν

143 1033 421 1104 ἀπρόσιτον
448 1029 869 1101 καταλαμϐάνει,
901 1029 995 1082 καὶ
1015 1029 1224 1083 ἄϐατον
1265 1026 1501 1097 ἐρημίαν
1536 1042 1701 1097 μετα-

144 1124 333 1187 διώκει,
366 1123 441 1187 ὡς
472 1121 816 1177 ἀποϐαλοῦσα
849 1120 985 1191 πρὸς
1006 1120 1073 1174 τά
1091 1119 1223 1174 ἄλλα
1249 1117 1412 1189 θηρία
1439 1119 1499 1171 τὸ
1526 1118 1699 1188 ἀμυν-

143 1216 506 1289 τήριον.Ἐπεὶ
537 1210 629 1269 οὖν
658 1213 793 1285 πρὸς
824 1212 921 1276 τὰς
963 1211 1117 1282 ῥίζας
1147 1210 1255 1264 τῶν
1287 1209 1701 1280 ἀποϐληθέντων

145 1309 377 1380 κεράτων
408 1308 546 1362 είσὶν
578 1306 852 1371 ἐλκώσεις,
888 1307 967 1370 είς
1012 1303 1359 1376 πολύδενδρον
1391 1303 1553 1356 τόπον
1598 1318 1701 1355 κα-

144 1404 408 1472 τασκηνοῖ,
445 1402 582 1474 πρὸς
622 1401 683 1454 τὸ
734 1400 809 1472 μὴ
861 1399 964 1452 ὑπὸ
1017 1397 1190 1469 μυιῶν
1233 1394 1582 1467 ἐκμυζεῖσθαι
1632 1393 1703 1447 τά

145 1493 440 1565 τραύματα,
489 1494 582 1547 καὶ
620 1492 812 1555 νυκτὸς
841 1491 1060 1562 νέμεται
1092 1489 1275 1543 ἄνεσιν
1313 1489 1701 1558 ἔχουσα.”οταν

146 1584 197 1638 δὲ
227 1584 430 1656 ἐκφύσῃ
461 1584 530 1637 τὰ
562 1584 786 1656 κέρατα,
821 1582 1096 1655 θαρροῦσα
1122 1582 1334 1653 πρόεισι
1361 1580 1453 1635 καὶ
1490 1597 1701 1651 μεσημ-

148 1676 310 1747 ϐρίας.
342 1677 644 1749 Βουλομένη
676 1676 732 1730 δέ
764 1675 1052 1757 δοκιμάσαι
1085 1678 1134 1729 εί
1165 1675 1449 1745 πεπηγότα
1471 1674 1606 1745 αύτῇ
1631 1673 1698 1726 τὰ

149 1767 361 1839 κέρατα,
392 1768 637 1842 τρυφερά
663 1770 772 1840 γὰρ
803 1768 932 1822 ὄντα
968 1766 1070 1821 ὑπὸ
1113 1767 1208 1822 τοῦ
1260 1768 1409 1840 ἡλίου
1441 1767 1699 1840 θραύεται

150 1860 629 1933 καταφλεγόμεναιο
665 1861 903 1935 δένδρεσι
934 1861 990 1916 δὲ
1022 1860 1357 1933 παραϐάλλει
1388 1861 1488 1933 τὴν
1530 1877 1699 1928 κεφα-

149 1947 254 2022 λὴν,
285 1955 379 2007 καὶ
425 1953 658 2026 ἐντρίόει
702 1954 1027 2017 ἀντιτύπως,
1060 1953 1370 2026 πειρωμένη
1393 1952 1617 2021 γνῶναι,
1651 1954 1700 2005 εί

151 2043 366 2112 βεϐαίως
396 2049 729 2120 ἐρήρεισται.
762 2048 905 2119 Πρὸς
926 2047 983 2099 δὲ
1006 2047 1075 2101 τὰ
1100 2048 1352 2119 δήγματα
1369 2045 1475 2099 τῶν
1497 2045 1701 2116 φαλαγ-

149 2135 289 2203 γίων,
323 2142 580 2210 καρκῖνον
608 2138 859 2193 ἐσθίουσα
889 2141 1056 2199 ἰᾶται.

223 2336 283 2389 Ἦ
312 2336 367 2390 δὲ
405 2336 497 2402 αἲξ
534 2338 573 2408 ἡ
613 2338 779 2410 ἀγρία
816 2339 958 2391 κατά
995 2338 1090 2410 τὴν
1126 2339 1385 2410 Κρήτην,
1432 2339 1527 2392 ἐὰν
1560 2302 1701 2411 βέλέι

151 2426 388 2499 διαπαρῇ,
410 2429 472 2482 τὸ
491 2429 820 2501 καλούμενον
848 2431 1107 2501 δίκταμον
1136 2431 1382 2502 ἐμφαγοῦ
1393 2448 1479 2495 σα,
1506 2431 1701 2503 ῥᾳδίως

151 2515 204 2568 τὸ
228 2516 441 2589 τραῦμα
472 2517 851 2588 θεραπεύεται.

212 2630 273 2682 Δί
295 2629 349 2683 δὲ
370 2630 664 2703 παρδάλεις
689 2631 754 2704 θη
763 2633 960 2705 ρῶνται
989 2633 1242 2705 εὐμαρῶς
1263 2634 1331 2690 τά
1351 2633 1482 2700 ζῶα.
1502 2638 1703 2707 -Σαφῶς

151 2717 248 2791 γὰρ
278 2721 465 2775 εἰδυῖαι
493 2725 613 2786 ταῖς
645 2724 741 2776 ἀπ’
770 2723 947 2777 αὐτῶν
971 2723 1160 2796 ὀδμαῖς
1186 2726 1444 2795 χαίροντα
1471 2727 1540 2780 τὰ
1567 2728 1701 2782 ἄλλα

155 2811 271 2879 ζῶα,
300 2815 514 2886 βαθέσιν
539 2817 757 2888 ἄντροις
782 2819 1013 2890 »ἱδροῦσιο
1050 2820 1117 2873 τὰ
1148 2820 1225 2884 δὲ,
1253 2815 1339 2874 οἶα
1369 2821 1592 2893 κνίσσης
1621 2826 1704 2878 αί-

154 2904 384 2976 σθόμενα,
416 2908 710 2980 ρινηλατεῖ,
749 2911 839 2964 καὶ
871 2911 1160 2979 ἐγγίσαντα
1198 2911 1276 2983 τῷ
1304 2913 1473 2983 τόπῳ,
1504 2913 1705 2978 εὐθέως

154 2995 245 3049 ὐπὸ
273 2998 376 3053 τῶν
402 3000 723 3071 παρδάλεων
747 3002 1141 3058 κατεσθίονται.

221 3174 276 3230 '0
313 3176 367 3231 δέ
410 3176 629 3248 πάνθηρ
678 3176 825 3247 φίλον
858 3177 957 3248 μέν
990 3179 1103 3232 ἐστι
1135 3179 1352 3233 πάντων
1383 3178 1493 3233 τῶν
1522 3178 1697 3248 ζώων,

153 3262 323 3337 ἐχθρὸν
348 3267 404 3321 δέ
430 3268 528 3322 τοῦ
557 3267 865 3339 δράκοντος.
901 3269 1057 3323 Ἐστι
1086 3270 1143 3323 δὲ
1184 3269 1262 3340 τῷ
1300 3268 1512 3341 σώματι
1543 3272 1702 3325 ἀστεο

155 3358 314 3426 ρωπδν
352 3360 444 3413 καὶ
487 3361 630 3413 πάνυ
672 3360 912 3432 ἡσύχιον.
960 3362 1070 3416 Καὶ
1110 3361 1216 3425 ἕως
1263 3361 1360 3431 μὲν
1403 3361 1465 3414 ού
1506 3360 1700 3433 χρήζει

153 3448 354 3519 τροφῆς,
394 3451 547 3521 μένει
580 3451 836 3506 καθεῦδον
866 3455 924 3507 ἐν
962 3452 1042 3523 τῷ
1084 3452 1292 3525 φωλεῷ
1334 3455 1399 3524 τῇ
1445 3451 1503 3506 δὲ
1543 3453 1701 3526 τρίτῃ

156 3537 323 3611 ἡμέρᾳ
353 3543 616 3596 πεινάσαν
660 3542 847 3609 ἔξεισι,
881 3543 976 3597 καὶ
1018 3543 1227 3617 μεγάλῃ
1276 3546 1424 3614 φωνῇ
1462 3542 1579 3614 βοᾷ,
1607 3544 1700 3596 κα)⁸

155 3628 209 3679 ἑκ
227 3630 312 3683 τοῦ
339 3634 604 3705 στόματος
629 3632 789 3687 αὑτοῦ
815 3635 1008 3688 εὐωδία
1030 3653 1112 3699 τις
1133 3635 1328 3700 ἔξεισιν
1352 3635 1697 3707 ἀρωματικὴ,

154 3715 212 3770 δι’
237 3714 298 3790 ἦς
323 3721 389 3775 τὰ
421 3723 560 3778 ἄλλα
586 3723 699 3789 ζῶα
725 3723 1026 3796 θελγόμενα
1052 3724 1121 3778 τά
1152 3727 1319 3794 ἐγγὺς
1352 3724 1444 3779 καὶ
1472 3723 1539 3777 τὰ
1566 3723 1701 3795 πόρ-

157 3810 306 3877 ρωθεν
333 3816 640 3884 ἐγγίζουσιν
665 3816 834 3888 αὐτῷ,
875 3818 968 3871 καὶ
998 3817 1217 3871 ἕπονται
1252 3818 1563 3889 τερπόμενα
1600 3819 1699 3871 αὐ-

154 3901 235 3955 τοῦ
259 3908 320 3977 τῇ
348 3906 589 3979 ποικιλίᾳ
615 3909 708 3962 τοῦ
734 3908 1002 3980 σώματος.
1051 3910 1108 3963 Ὁ
1137 3910 1195 3964 δέ
1220 3910 1435 3981 πάνθηρ
1451 3909 1625 3979 ὀλίγον
1647 3928 1700 3965 τι

155 4000 589 4071 προηγησάμενος
627 4000 806 4054 αὐτῶν
846 4002 1264 4073 ὑποστρέφεται,
1301 4004 1396 4057 καὶ
1426 4004 1696 4075 ἐπιτηρεῖ,

154 4085 237 4229 16:}
264 4089 308 4155 ὃ,
333 4092 376 4144 τ’
401 4092 466 4146 ἂν
496 4091 605 4147 τῶν
639 4092 791 4157 ζώων
818 4094 989 4168 ἀρέσῃ
1011 4095 1177 4167 αὐτῷ,
1212 4095 1537 4168 ἐπιπιδήσας
1565 4096 1702 4167 λαμ-

225 4195 306 4229 Ιει.

225 4195 306 4234 νει.

1801 473 2104 543 frigiditate
2134 477 2432 525 recreetur.
2466 468 2702 537 Depulsa
2732 469 2914 536 itaque
2940 475 3093 537 potu,
3138 467 3251 534 siti,
3305 467 3376 523 ad

1800 565 2072 635 serpentis
2095 564 2334 617 latebras
2365 575 2731 630 recessusque
2759 558 2991 623 accedit,
3019 558 3146 614 inde
3190 565 3377 613 extra-

1800 664 1950 711 ctum
1994 654 2339 727 pedibusque
2370 652 2753 707 conculcatum
2793 650 3072 706 interficit.
3120 649 3256 706 Etsi
3291 651 3376 704 vel

1799 765 2064 803 cornuum
2098 747 2336 802 frustum
2366 745 2448 799 vel
2478 744 2710 815 pilorum
2737 745 2791 797 in
2822 744 2985 797 domo
3009 751 3224 806 uratur,
3254 741 3375 811 ejus

1801 842 2013 908 nidore,
2044 840 2298 895 animalia
2341 853 2461 908 qua:
2490 838 2725 899 latitant,
2770 835 3046 905 fugantur.
3100 832 3376 888 Cornibus

1801 933 2042 997 amissis,
2077 929 2429 987 solitudinem
2482 927 2697 997 qumrit,
2750 933 3023 996 praerupta
3057 939 3187 978 saxa
3222 924 3375 976 inac-

1801 1036 2070 1091 cessaqne
2128 1018 2405 1083 convenit,
2443 1015 2959 1084 desertissimasque
3010 1014 3200 1069 incolit
3235 1012 3373 1067 soli-

1800 1115 2040 1178 tudines,
2074 1112 2231 1183 quasi
2263 1126 2349 1177 eo,
2375 1124 2483 1179 quo
2509 1123 2567 1163 se
2594 1108 2663 1163 ab
2692 1107 2927 1160 aliarum
2960 1104 3201 1160 ferarum
3229 1104 3376 1173 inju-

1800 1209 1883 1263 ria
1915 1221 2100 1261 arcere
2133 1203 2326 1274 possit,
2363 1200 2677 1271 depcrdito;
2702 1206 2756 1253 et
2783 1213 2907 1252 cum
2954 1197 3009 1250 in
3043 1196 3374 1251 amissorum

1802 1313 2068 1354 cornuum
2092 1295 2370 1350 radicibus
2396 1293 2581 1346 ulcera‘
2610 1292 2924 1361 gignantur,
2950 1290 3132 1343 locum
3186 1288 3376 1343 multis

1803 1392 2089 1446 arboribus
2116 1388 2389 1445 consitum
2416 1386 2645 1449 habitat,
2695 1399 2764 1438 ne
2813 1398 2845 1436 a
2887 1383 3093 1437 muscis
3146 1381 3376 1435 vulnera

1802 1496 2203 1559 exsurgantur,
2262 1493 2541 1556 noctuque
2589 1485 2834 1555 pascitur
2887 1482 3279 1553 pacatissima;
3321 1487 3379 1534 at

1801 1597 1932 1637 vero
1964 1595 2088 1634 cum
2118 1594 2324 1634 cornua
2343 1577 2638 1647 eruperint,
2680 1576 2936 1629 audacter
2973 1581 3026 1628 et
3050 1574 3240 1639 libere,
3262 1589 3379 1626 me-

1812 1674 2056 1743 ridieque
2076 1673 2192 1742 ipso
2217 1671 2461 1742 procedit
2487 1671 2553 1724 ad
2578 1668 2797 1740 pabula;
2828 1666 3115 1736 experiens
3138 1665 3183 1720 si
3217 1674 3377 1719 enata

1803 1780 2012 1820 cornua
2047 1764 2152 1818 lixa
2186 1763 2412 1816 firmiter
2441 1769 2569 1815 sunt
2595 1760 2745 1830 (dum
2796 1757 2942 1812 enim
2980 1757 3165 1811 mollia
3196 1756 3377 1809 incre-

1803 1862 1985 1921 scunt,
2018 1870 2049 1908 a
2078 1854 2212 1908 solis
2228 1853 2409 1909 calore
2429 1861 2624 1907 exusta
2644 1847 3028 1921 franguntur);
3056 1848 3123 1903 ad
3154 1848 3380 1901 arbores

1802 1950 2060 2005 collatum
2093 1954 2258 2018 caput
2300 1947 2638 2017 comprobat,
2692 1944 3092 2012 adversumque
3142 1940 3375 2002 affricat,

1801 2040 2243 2112 repercutiendo,
2276 2047 2497 2094 tentans
2524 2037 2821 2108 periclitari
2859 2037 2904 2089 si
2938 2032 3168 2088 firmiter
3196 2034 3380 2087 adhae-

1802 2140 1979 2190 reant.
2004 2131 2430 2202 Pbalangiorum
2462 2127 2735 2185 morsibus
2759 2140 2960 2180 cancro
2988 2132 3178 2177 vorato
3198 2122 3381 2178 mede-

1803 2235 1912 2282 tur.

1873 2340 2051 2411 Capra
2085 2337 2356 2396 silvestris
2403 2337 2461 2392 in
2489 2335 2669 2400 Creta,
2705 2334 2829 2389 telis
2852 2334 2981 2399 icta,
3014 2332 3183 2387 herba
3211 2346 3379 2401 quam

1802 2432 2101 2487 dictamum
2138 2444 2399 2484 vocamus
2428 2434 2586 2499 pasta
2607 2465 2622 2493 ,
2657 2425 2809 2481 nullo
2831 2424 3015 2478 labore
3046 2423 3253 2477 excutit
3285 2435 3380 2475 ae-

1734 2570 1739 2571 ,
1802 2533 1960 2594 cepta
1990 2523 2119 2578 tela.

1872 2636 2123 2692 Pardalis
2172 2634 2434 2707 perfacile
2475 2633 2620 2702 capit
2662 2629 2940 2685 animalia.
2994 2628 3209 2684 Etenim
3251 2642 3376 2684 cum

1803 2735 1890 2786 sat
1928 2728 2141 2784 noverit
2184 2735 2414 2781 cunctas
2454 2722 2836 2794 quadrupedes
2868 2723 2999 2792 ejus
3040 2722 3207 2776 odore
3243 2721 3385 2776 mire

1803 2821 2113 2885 sollicitari,
2145 2820 2202 2874 in
2234 2817 2519 2891 profundis
2548 2817 2795 2872 cavernis
2830 2815 3080 2880 insudat,
3128 2815 3211 2870 ha
3248 2828 3384 2870 veru

1803 2913 1960 2986 quasi
2000 2913 2195 2968 nidore
2243 2910 2479 2982 quodam
2529 2910 2806 2972 invitatae,
2866 2907 3141 2977 sagaciter
3193 2921 3386 2977 perse‘

1805 3015 2071 3077 quuntur,
2109 3005 2202 3059 ubi
2240 3010 2533 3074 properato
2558 3002 2613 3056 in
2643 3001 2765 3056 loca
2790 2999 2972 3055 vicina
2998 2998 3382 3067 convenerint,

1727 3091 1771 3149 C
1804 3098 1989 3154 subito
2018 3103 2301 3165 correptas
2328 3093 2558 3148 mandit.

1873 3188 2147 3244 Panthera
2181 3201 2306 3241 cum
2335 3185 2547 3241 caeteris
2577 3183 2947 3238 animantibus
2967 3221 2982 3246 ,
3015 3196 3128 3237 uno
3151 3188 3381 3251 excepto

1803 3278 2063 3342 dracone,
2092 3276 2362 3330 amicitias
2385 3282 2438 3329 et
2464 3271 2892 3328 consuetudines
2910 3271 3125 3343 jungit;
3153 3270 3383 3326 minutis

1801 3370 2141 3426 macularum
2176 3366 2351 3422 oculis
2373 3406 2387 3431 ,
2420 3366 2577 3436 quasi
2613 3363 2785 3419 stellis
2816 3368 3161 3435 superpicta,
3194 3363 3381 3418 valde-

1803 3477 1909 3532 que
1930 3462 2111 3523 cicur,
2147 3466 2201 3514 et
2249 3457 2494 3528 quandiu
2538 3456 2666 3512 cibo
2705 3472 2817 3511 non
2858 3464 3019 3525 eget,
3065 3456 3120 3510 in
3152 3456 3379 3511 latebris

1802 3551 2038 3618 dormit;
2088 3549 2183 3605 sed
2206 3558 2328 3620 post
2356 3557 2466 3604 tres
2497 3548 2614 3603 dies
2634 3588 2650 3612 ,
2683 3548 2824 3601 fame
2850 3548 3186 3612 dominante,
3222 3563 3380 3617 egre-

1802 3638 1952 3693 ditur
1979 3638 2323 3706 maximeque
2347 3638 2586 3701 clamat,
2624 3635 2859 3704 indeque
2892 3652 2958 3690 ex
2989 3651 3085 3690 ore
3134 3637 3381 3693 suavitas

1806 3731 2091 3801 quaedam,
2138 3730 2323 3783 odoris
2391 3731 2567 3784 instar
2612 3738 2918 3785 aromatum
2961 3728 3203 3795 efﬂatur,
3258 3745 3370 3800 quo

1801 3821 2059 3875 animalia
2090 3821 2321 3890 pellceta
2352 3821 2642 3889 capiantur
2665 3861 2680 3886 ,
2732 3828 2786 3875 et
2823 3828 2936 3873 tum
2989 3819 3204 3881 vicina.
3260 3830 3378 3875 tum

1803 3912 2183 3984 longinquiora
2242 3913 2490 3983 proxime
2554 3911 2858 3976 accedunt,
2925 3921 3377 3984 sequunturque,

1802 4006 2050 4075 corporis
2093 4005 2358 4059 varietate
2402 4005 2691 4059 delectata.
2743 4002 2945 4059 Verum
2977 4006 3241 4075 panthera
3289 4008 3379 4061 via

1801 4114 1910 4153 non
1942 4099 2101 4169 longa
2134 4099 2439 4169 procedens
2473 4097 2788 4161 revertitur,
2840 4104 3153 4168 attenteque
3194 4099 3381 4154 consi-

1801 4189 1996 4253 derat,
2042 4198 2095 4244 et
2121 4205 2188 4244 ex
2226 4189 2556 4243 animalibus
2590 4188 2734 4259 quod
2767 4188 2846 4243 illi
2889 4189 3196 4244 collibitum
3252 4197 3375 4256 est,

1802 4282 2009 4351 impetu
2040 4281 2207 4346 facto,
2235 4282 2671 4350 comprehendit.

227 4381 279 4437 '0
301 4385 355 4481 δὲ
388 4386 588 4457 ἐλέφας
618 4389 911 4460 ἐγκυμονεῖ
950 4389 1047 4478 μὲν
1076 4391 1284 4461 χρόνῳ,
1319 4392 1398 4454 είς
1429 4388 1560 4444 δέκα
1591 4390 1699 4462 γὰρ

1877 4395 1975 4449 Diu
2009 4396 2277 4466 gravescit
2328 4402 2484 4449 utero
2515 4394 2771 4464 elephas,
2805 4394 2992 4451 decem
3038 4396 3182 4450 enim
3215 4396 3380 4451 annis

156 4468 238 4543 ἔτη
264 4475 436 4532 πέττει
457 4479 559 4550 τὴν
590 4479 818 4551 σπορὰν,
851 4481 944 4533 καὶ
966 4468 1093 4533 ὅταν
1116 4482 1144 4532 ὁ
1166 4480 1322 4544 τόκος
1344 4482 1518 4553 γέρων
1541 4482 1700 4552 γένη-

155 4577 252 4628 ται,
296 4567 409 4622 τότε
455 4570 759 4624 ἀποτίκτει·
810 4571 971 4643 ὴνίκα
1015 4571 1058 4624 δ’
1100 4570 1166 4625 ἂν
1208 4574 1265 4635 ἐς
1307 4572 1495 4645 βόθρον
1539 4591 1701 4626 κατε-

154 4653 319 4726 νεχθῇ,
358 4660 448 4713 καὶ
474 4659 629 4724 ἀλλος
656 4660 852 4730 ἐλέφας
884 4660 1165 4732 θεάσηται,
1216 4663 1502 4733 πορευθεὶς
1542 4663 1702 4716 συνά-

156 4759 232 4810 γει
256 4749 472 4817 πολλοὺς
504 4751 819 4822 ἐλέφαντας,
854 4752 949 4805 καὶ
984 4752 1227 4818 ἐλθόντες
1256 4756 1348 4809 τὸν
1379 4756 1701 4809 πεπτωκότα

157 4834 446 4894 ἀνασπῶσιν
477 4841 657 4914 ἠρέμα
681 4843 1149 4914 ὑποκουφίζοντες.

229 4947 282 5001 Ὀ
310 4951 363 5004 δέ
387 4952 598 5026 δράκων
629 4957 657 5007 ὁ
686 4956 827 5009 κατὰ
855 4956 953 5026 τὴν
992 4957 1178 5010 Ἰνδίαν
1203 4959 1332 5029 περὶ
1355 4959 1424 5012 τὰ
1443 4960 1585 5014 νῶτα
1605 4961 1700 5015 τοῦ

158 5033 419 5106 ῐλέφαντος
442 5045 692 5118 ἀνέρπει,
716 5049 810 5100 καὶ
827 5048 924 5119 τὴν
947 5050 1108 5120 νηδὺν
1124 5052 1301 5105 πᾶσαν
1329 5054 1698 5125 περιειλεῖται,

159 5130 240 5182 καὶ
264 5132 327 5203 ἢν
351 5135 415 5190 ἂν
443 5137 582 5212 τύχῃ
610 5139 778 5208 φλέϐα
803 5140 993 5194 διελεῖν
1012 5181 1027 5204 ,
1061 5141 1349 5214 ἀπλήστως
1381 5147 1700 5219 ἐμφορεῖται

157 5220 240 5274 τοῦ
263 5226 502 5297 αἵματος,
537 5231 916 5303 ἐπισπώμενος
956 5232 1114 5305 βιαίῳ
1141 5234 1431 5305 πνεύματι,
1461 5239 1552 5291 καὶ
1577 5257 1700 5293 συν-

158 5312 277 5385 τόνῳ
320 5320 494 5393 ῥοίζῳ.
539 5323 600 5376 '0
628 5323 687 5377 δὲ
727 5324 923 5394 ἐλέφας
965 5328 1179 5398 σκιρτᾷ,
1223 5330 1317 5381 καὶ
1352 5332 1416 5401 τῇ
1453 5334 1697 5403 προνομῇ

159 5404 330 5493 τύπτει
366 5412 433 5466 τά
475 5414 699 5488 πλευρά,
739 5418 815 5481 ὡς
848 5418 943 5471 τοῦ
984 5418 1271 5491 δράκοντος
1297 5422 1696 5493 καθεζόμενος¹·

160 5491 263 5553 εἶτα
290 5504 671 5577 ἐκκενουμένου
702 5510 794 5564 τοῦ
820 5511 1068 5581 αἵματος,
1108 5513 1289 5567 οὐκέτι
1327 5491 1508 5586 πηδᾷνή
1537 5514 1698 5569 δυνά-

166 5603 322 5691 μξνος,
342 5599 552 5691 τρέμων
576 5603 806 5669 ἵσταται,
836 5604 1028 5675 μικρὸν
1050 5605 1105 5658 δὲ
1129 5604 1353 5677 ὕστερον
1376 5606 1583 5673 πίπτει,
1607 5607 1701 5661 καὶ

160 5689 255 5735 των
286 5689 481 5747 σκελῶν
512 5693 998 5767 ἐξασθενησάντωνο
1030 5692 1149 5751 εἶτα
1171 5700 1265 5754 καὶ
1293 5697 1582 5771 ἀποψύχει,
1608 5700 1700 5754 καὶ

1802 4493 1997 4557 gestat,
2049 4503 2343 4558 semenque
2371 4488 2687 4557 concoquit,
2720 4495 2773 4541 et
2808 4495 3179 4543 senescentem
3206 4488 3376 4542 fetum

1800 4580 2073 4650 parturit,
2124 4594 2248 4633 cum
2299 4582 2355 4633 in
2405 4578 2617 4634 foveam
2646 4577 2953 4633 deerrando
2985 4579 3281 4644 ceciderit,
3327 4580 3375 4635 si

1800 4672 1942 4726 alius
1964 4671 2184 4741 elephas
2207 4672 2504 4742 inspexerit
2532 4672 2619 4725 via
2645 4677 2861 4740 arrepta
2892 4671 3095 4726 multos
3124 4670 3179 4724 in
3203 4687 3374 4726 unum

1801 4764 2119 4833 elephantes
2150 4764 2298 4833 cogit
2329 4765 2423 4834 qui
2454 4779 2578 4818 eum
2613 4763 2708 4833 qui
2737 4763 3033 4829 ceciderit,
3076 4764 3291 4830 leniter,
3322 4775 3378 4819 et

1801 4856 1986 4927 quiete
2014 4858 2365 4911 sustollentes
2403 4856 2716 4911 extrahunt.

1872 4966 2047 5021 Draco
2077 4965 2219 5036 apud
2240 4964 2402 5021 lndos
2423 4965 2479 5020 in
2504 4966 2807 5037 elephantis
2839 4975 2987 5038 terga
3016 4967 3143 5023 salit
3164 4974 3375 5022 totum-

1801 5074 1908 5129 que
1958 5067 2203 5114 ventrem
2259 5057 2611 5113 circumflexu
2644 5058 2806 5113 facile
2835 5057 3024 5122 ambit,
3057 5066 3112 5115 et
3141 5074 3209 5114 ex
3238 5074 3377 5114 vena

1802 5166 1964 5221 quam
1996 5148 2294 5213 inciderit,
2325 5149 2639 5205 avidissime
2695 5142 2909 5220 absque
2938 5151 3188 5207 satietate
3246 5167 3376 5207 san-

1802 5242 2020 5313 guinem
2049 5246 2234 5310 captat
2261 5240 2505 5296 violento
2534 5239 2728 5309 spiritu
2761 5240 3023 5295 hauriens
3056 5240 3374 5314 ingentique

1801 5334 2053 5404 strepitu.
2101 5331 2171 5386 At
2222 5332 2441 5401 elephas
2468 5332 2686 5395 exsilit,
2723 5331 3159 5403 proboscideque
3202 5333 3375 5389 latera

1801 5429 2070 5491 verberat,
2088 5425 2243 5496 quasi
2260 5426 2551 5480 draconem
2567 5432 2942 5494 prostraturus
2960 5441 2975 5491 ;
2998 5424 3093 5480 sed
3113 5425 3375 5496 sanguine

1802 5518 2125 5581 deficiente,
2169 5532 2295 5572 cum
2343 5516 2547 5571 saltare
2585 5532 2695 5571 non
2722 5516 2934 5588 possit,
2988 5523 3106 5570 toto
3143 5531 3377 5588 corpore

1805 5610 2007 5674 tremit,
2027 5626 2126 5664 nec
2151 5609 2320 5663 multo
2352 5616 2474 5679 post
2509 5608 2639 5671 ruit,
2663 5609 3029 5678 cruribusque
3051 5609 3373 5676 debilitatis,

1804 5717 2021 5769 unaque
2061 5716 2249 5765 secum
2278 5701 2460 5756 obruit
2485 5700 2774 5758 draconem
2799 5741 2814 5767 ,
2848 5712 2901 5757 et
2931 5701 3097 5757 draco
3140 5702 3379 5760 vinculis
