3866 6162
413 266 518 322 ⁸143

1261 262 1330 318 ῖΞ.
1371 259 1818 317 EUS'I'ATHIUS
1854 258 2347 318 ANTIOCHENUS
2386 259 2787 317 EPISCOPUS.

3569 265 3674 318 7-H

409 379 612 450 quibus
639 395 770 436 eum
817 385 1232 450 prazstrin'xerat
1284 375 1564 431 solvendis
1612 376 1824 446 impar,
1883 374 1998 430 ele-

2116 374 2559 446 ῖυνεπιλαμὸάνει
2587 374 2676 428 τὸν
2702 375 2992 446 δράκοντα·
3026 377 3054 429 6
3075 374 3132 429 δὲ
3158 376 3374 447 δράκων
3401 375 3459 430 ὃν
3490 377 3678 448 περιέ-

411 473 634 544 pliantis
669 473 907 546 pondere
943 488 1190 544 pressus,
1217 469 1518 527 suffocatus
1553 469 1794 524 eliditur.

485 654 714 712 Ardenti
777 663 950 724 equus
1010 651 1066 706 in
1125 649 1382 705 feminam
1432 648 1697 704 incitatur
1745 647 1990 704 libidine.

415 747 633 803 Tardus
667 747 887 808 asinus,
934 745 1123 799 auditu
1158 757 1320 806 acer,
1362 749 1416 797 et
1458 758 1640 797 rerum
1672 742 1990 797 recordans.

414 843 744 913 lnjuriarum
767 854 977 895 memor
1007 836 1269 892 camelus.
1307 834 1710 890 lmmansuetus
1742 835 1920 904 lupus.

487 935 594 990 Bos
615 934 804 988 ﬁrmus
838 939 891 986 et
918 935 1201 985 constans.
1242 925 1444 982 Gratus
1485 934 1570 981 est
1617 926 1996 980 dominorum-

415 1041 522 1095 que
566 1022 938 1078 amicissimus
993 1018 1178 1084 canis;
1211 1031 1353 1086 saepe
1379 1016 1523 1072 enim
1559 1017 1614 1070 in
1648 1016 1843 1070 itinere
1869 1031 1994 1069 cum

411 1116 622 1172 domini
658 1114 1066 1172 occiderentur,
1099 1117 1154 1164 et
1191 1111 1308 1179 ipse
1339 1124 1446 1162 una
1476 1116 1839 1178 consumptus
1877 1116 1992 1173 cst;

413 1209 505 1262 alii
536 1217 803 1262 eteorum
838 1218 1194 1275 percussores
1239 1202 1372 1258 fassi
1409 1207 1570 1264 sunt,
1612 1208 1668 1256 et
1715 1207 1774 1253 ut
1815 1201 1994 1269 justas

413 1314 606 1372 poenas
661 1313 762 1368 pro
800 1302 956 1349 tanto
1004 1293 1210 1348 scelere
1265 1292 1642 1361 persolverent
1675 1294 1992 1359 coegerunt.

484 1393 741 1465 Hymnam
773 1387 1000 1443 alternis
1031 1385 1190 1439 annis
1220 1398 1449 1449 marem,
1481 1381 1706 1436 alternis
1739 1380 1993 1435 feminam

412 1487 563 1550 fieri,
596 1481 847 1538 nonnulli
870 1477 1259 1542 crediderunt;
1287 1474 1440 1545 quod
1476 1472 1672 1528 falsum
1713 1479 1831 1537 est;
1866 1485 1994 1525 nam

413 1578 616 1632 animal
648 1577 751 1630 hoc
773 1588 898 1628 cum
925 1571 1159 1641 perditae
1187 1567 1580 1638 flagitiosaequc
1614 1565 1686 1621 sit
1713 1564 1956 1619 libidinis
1977 1605 1992 1628 ,

411 1679 611 1744 praeter
637 1667 888 1722 foramen
922 1663 1068 1735 quod
1095 1663 1197 1717 sub
1237 1661 1412 1715 cauda
1452 1667 1568 1725 est,
1601 1670 1865 1714 tumorem
1895 1673 1995 1728 pu-

2097 467 2221 521 θετο
2261 469 2457 540 δεσμὸν
2501 468 2661 521 λῦσαι
2709 467 2783 539 μὴ
2815 467 3126 539 δυνάμενος,
3159 469 3253 523 καὶ
3281 468 3359 540 τῷ
3391 470 3547 542 βάρει
3581 469 3678 523 τοῦ

2097 563 2388 632 ἐλέφαντος
2413 562 2753 644 πιεζόμενος,
2791 563 3000 630 πνιγεὶς
3036 562 3280 634 τελευτᾷ.

2166 657 2378 728 Θερμὺς
2404 657 2433 709 6
2461 656 2626 720 ἵππος
2653 657 2790 727 πρὸς
2821 655 3113 727 ἐπιθυμίαν
3135 655 3227 709 τοῦ
3253 655 3458 726 θήλεος.
3489 655 3680 718 Νωθος

2095 749 2124 801 ὁ
2155 747 2293 813 ὄνος,
2335 748 2428 800 καὶ
2465 746 2741 819 όξυήκοος,
2775 748 2867 801 καὶ
2910 749 3154 819 μνήμων.
3193 747 3544 818 Μνησίκακον
3576 747 3680 800 κά-

2099 847 2285 909 μηλος.
2328 839 2622 910 Ἀνήμερον
2656 837 2835 902 λύκος.

2167 931 2446 1002 Εὐσταθὴς
2483 934 2510 985 6
2545 931 2689 1002 βοῦς.
2719 930 3052 1002 Εὐχάριστος
3079 932 3110 983 ὁ
3137 930 3303 994 κύων,
3346 930 3439 984 καὶ
3473 930 3679 1000 φιλοδε-

2097 1023 2322 1092 σπότης·
2359 1022 2616 1085 πολλάκις
2645 1021 2751 1092 γὰρ
2789 1021 2908 1075 καθ’
2938 1021 3055 1074 ὁδὸν
3087 1021 3464 1091 φονευομένοις
3496 1022 3680 1082 αὐτοῖς

2096 1113 2458 1166 ἐπαπέθανεν·
2495 1113 2672 1184 ἕτεροι
2699 1112 2756 1164 δὲ
2784 1113 2878 1165 καὶ
2909 1113 3032 1174 τοὺς
3063 1115 3242 1180 φονεῖς
3271 1112 3676 1182 κατεμήνυσαν,

2097 1207 2192 1260 καὶ
2233 1204 2330 1276 τὴν
2373 1205 2577 1258 ἔνδικον
2606 1205 2896 1257 πείσασθαι
2930 1204 3125 1267 αὐτοὺς
3157 1204 3428 1275 τιμωρίαν
3459 1198 3680 1275 προεξέ-

2097 1315 2162 1369 νη
2171 1315 2289 1351 σαν.

2169 1389 2279 1460 Τὴν
2325 1387 2382 1441 δὲ
2425 1387 2616 1440 ὐαιναν
2679 1386 3030 1457 ὑπετόπησάν
3095 1403 3240 1449 τινες
3278 1385 3678 1456 ὑπονοήσαντες

2095 1479 2343 1552 ἀμείϐειν
2385 1482 2504 1533 κατ’
2535 1479 2651 1543 ἔτος
2683 1480 2783 1550 τὴν
2813 1478 3050 1549 θηλυκὴν
3082 1477 3242 1546 φύσιν
3270 1477 3360 1529 ἐπὶ
3393 1477 3453 1529 τὸ
3483 1477 3674 1549 ἄρρεν,

2095 1575 2128 1646 ἢ
2164 1575 2262 1646 τὴν
2305 1574 2511 1645 ἄρρενα
2554 1573 2647 1625 ἐπὶ
2677 1572 2738 1624 τὸ
2769 1571 2920 1642 θῆλυ.
2960 1572 3111 1641 Ἔχει
3143 1569 3198 1622 δὲ
3243 1571 3341 1641 οὐχ
3379 1569 3570 1632 οὕτως·
3616 1568 3678 1621 τὸ

2095 1668 2204 1738 γὰρ
2252 1667 2409 1732 ζῶον,
2464 1665 2856 1734 ἀσελγέστατον
2909 1665 3048 1717 πάνυ
3100 1663 3362 1734 ὑπάρχον,
3419 1663 3528 1734 πρὸ
3581 1661 3675 1715 τοῦ

411 1763 594 1819 dendo
627 1758 879 1814 mulieris
922 1773 1031 1812 non
1077 1755 1400 1810 dissimilem
1443 1753 1723 1817 continet,
1779 1751 1836 1805 in
1885 1765 1994 1820 quo

2116 1757 2264 1830 τόρου
2313 1756 2418 1809 ὑπὸ
2461 1755 2558 1826 τὴν
2601 1755 2798 1826 κέρκον
2837 1752 3026 1824 ἐξοχὴν
3060 1753 3340 1823 κέκτηται,
3369 1753 3556 1822 αἰδοίῳ
3577 1752 3678 1822 θη-

413 1854 663 1908 foramen
693 1864 803 1903 non
831 1856 916 1903 est
935 1887 949 1912 ,
977 1845 1072 1901 sed
1103 1853 1314 1899 tantum
1347 1859 1541 1898 cavum
1562 1882 1577 1906 ,
1611 1841 1756 1912 quod
1782 1840 1992 1894 nullum

411 1944 588 1998 vulva:
613 1954 773 1996 usum
807 1937 1069 1994 exhibere
1121 1936 1300 1998 valet,
1358 1933 1453 1990 sed
1494 1934 1764 1987 duntaxat
1813 1932 1994 1986 inanis

414 2038 659 2094 libidinis
708 2015 1115 2105 receptaculum
1173 2031 1496 2096 extuberat;
1555 2037 1776 2099 pr0pter
1831 2025 1997 2095 igitur

414 2130 740 2186 immensam
770 2124 1059 2182 muliebria
1089 2123 1329 2195 patiendi
1363 2121 1746 2194 appetentiam,
1781 2117 1918 2172 mari
1941 2124 1996 2173 et

413 2222 631 2280 femina:
688 2220 980 2292 singularis
1015 2219 1129 2272 haec
1163 2216 1472 2288 proprietas
1527 2213 1729 2268 dicitur
1777 2212 1992 2277 inesse;

413 2316 542 2370 dum
586 2315 730 2370 enim
774 2313 934 2384 plena
983 2309 1252 2365 foramina
1303 2309 1360 2362 in
1413 2313 1680 2376 conceptu
1732 2303 1996 2360 salvando

413 2417 776 2478 occupantur,
799 2405 944 2459 inter
972 2418 1031 2459 se
1055 2401 1482 2472 flagitiosissime
1503 2406 1693 2453 contra
1715 2405 1992 2460 naturam,

414 2500 709 2559 mixturam
742 2496 969 2551 faciunt.
1009 2492 1165 2549 Unde
1187 2494 1435 2564 hyaenam
1460 2491 1720 2546 feminam
1753 2490 1998 2546 invenire

412 2594 760 2648 rarissimum
809 2599 914 2654 est,
959 2588 1092 2643 huic
1154 2588 1301 2643 enim
1357 2586 1545 2641 bestiae
1592 2599 1704 2640 non
1750 2583 1998 2640 continui

415 2692 608 2755 partus
639 2685 794 2741 fiunt.
1902 2671 1918 2682 ’

488 2778 667 2848 Lepus
699 2785 784 2833 est
828 2778 883 2831 in
917 2775 1065 2831 coitu
1098 2770 1581 2844 intemperantior;
1628 2769 1832 2825 femina
1861 2784 2001 2840 quo-

416 2871 551 2926 libet
581 2884 770 2924 mense
804 2868 976 2938 parit;
1023 2881 1145 2936 quae
1177 2881 1301 2920 cum
1329 2862 1572 2934 peperit,
1621 2877 1815 2917 rursus
1850 2875 1880 2913 a
1919 2861 1998 2928 le-

417 2977 550 3034 pore
581 2976 965 3032 quemcunque
1018 2975 1140 3015 sors
1189 2959 1417 3021 tulerit,
1469 2956 1661 3021 initur,
1715 2961 1771 3010 et
1817 2953 2000 3009 adhuc

419 3057 630 3110 lactans
656 3054 915 3124 concipit,
951 3068 1049 3107 nec
1073 3067 1182 3106 uno
1211 3059 1468 3106 contenta
1502 3056 1606 3103 est.

490 3147 766 3218 Gryphem
796 3112 1195 3214 magnitudinis
1251 3144 1533 3198 immensae
1572 3141 1784 3204 ferunt,
1830 3140 1901 3193 ita
1938 3144 1998 3192 ut
2025 3112 2070 3170 θ

421 3239 613 3294 umbra
643 3239 791 3293 illius
816 3237 1079 3307 praedium
1103 3248 1338 3307 npacel,
1381 3245 1434 3290 et
1483 3235 1653 3290 veluti
1706 3233 1853 3304 apud
1895 3246 2004 3285 nos

413 3332 605 3402 aquila
647 3330 916 3401 leporem,
956 3329 1036 3384 sic
1078 3329 1169 3385 ille
1212 3330 1425 3384 leonem
1470 3327 1744 3381 facillimo,
1779 3323 1999 3394 negotio

417 3429 636 3491 raptum
661 3421 952 3490 praedatur.

490 3512 850 3579 Charadrius,
883 3511 1043 3582 cujus
1084 3511 1300 3578 Moyses
1334 3510 1584 3566 meminit
1616 3510 1680 3575 η,
1714 3516 1828 3563 ιοῑο
1873 3522 1998 3563 cor-

418 3622 557 3679 pore
590 3605 1036 3676 splendidissimo
1082 3607 1221 3660 nitet
1254 3605 1492 3659 candore
1526 3604 1754 3658 alterius
1799 3602 2002 3657 coloris

420 3699 656 3753 maculis
704 3714 973 3768 nusquam
1002 3713 1300 3768 aspersus;
1331 3696 1498 3766 hujus
1535 3695 1749 3750 eﬂluvia
1790 3694 2002 3750 obtusae

416 3791 707 3845 oculorum
735 3790 873 3845 aciei
916 3791 1122 3844 mederi
1176 3790 1437 3854 tradunt,
1480 3787 1871 3858 inimorarique
1915 3801 2002 3842 rc-

419 3881 563 3954 giis,
611 3883 738 3936 vita:
770 3890 824 3937 et
851 3883 1044 3938 mortis
1097 3882 1413 3936 hominibus
1459 3897 1617 3953 :egra:
1664 3880 2004 3949 infirmazque

420 3975 752 4031 valetudinis
795 3975 1155 4045 prainuntios.
1191 3975 1329 4030 Cum
1367 3976 1513 4031 enim
1547 3975 1756 4030 affectis
1791 3974 2003 4030 viribus

423 4067 588 4123 homo
619 4067 804 4130 fuerit,
829 4067 1177 4123 cbaradrium
1217 4068 1297 4122 ita
1325 4068 1760 4132 accommodant,
1796 4079 1855 4122 ut
1877 4083 2002 4122 eum

424 4160 672 4215 adversis
712 4161 889 4216 oculis
935 4161 1136 4216 intueri
1172 4161 1376 4232 possit;
1425 4161 1520 4229 qui
1548 4161 1594 4216 si
1630 4167 1697 4215 ad
1737 4167 2003 4231 aegrotum

420 4250 741 4314 attenderit,
767 4259 1116 4322 aegrotusque
1136 4253 1203 4307 ad
1223 4253 1422 4322 ipsum,
1450 4252 1645 4307 hausta
1663 4252 2000 4315 inﬁrmitate,

417 4343 751 4399 cbaradrius
791 4359 888 4414 per
920 4359 1126 4410 aerem,
1164 4347 1333 4400 solem
1363 4360 1557 4400 versus
1585 4344 1797 4410 volitat,
1819 4344 2004 4413 ibique

2096 1848 2244 1919 λυκῷ
2295 1848 2694 1920 παραπλήσιον,
2745 1847 2880 1917 ὅπερ
2918 1847 3017 1899 οὐκ
3067 1845 3178 1915 ἔχει
3228 1845 3412 1915 πόρον,
3444 1843 3477 1915 ἢ
3514 1844 3678 1914 μόνον

2096 1942 2407 2012 κοιλότητα,
2443 1942 2521 2004 εἰς
2549 1941 2701 1993 οὐδὲν
2727 1941 2939 2010 μήτρας
2971 1937 3223 2009 χρειῶδες
3253 1937 3676 2008 καθεστηκυῖαν,

2097 2033 2191 2086 καὶ
2211 2034 2373 2104 κενὴν
2396 2033 2563 2104 μόνην
2587 2031 2839 2099 λαγνείαν
2863 2031 3094 2102 δέχεται.
3116 2029 3214 2082 Διὰ
3243 2029 3368 2098 γοῦν
3389 2030 3479 2082 τὸν
3504 2031 3674 2101 ὑπερ·

2098 2125 2359 2179 ϐάλλοντα
2393 2124 2810 2195 πασχητιασμόν
2848 2123 3004 2176 τοῦτο
3025 2124 3053 2175 6
3086 2123 3260 2194 ἄρρην
3292 2122 3386 2174 καὶ
3417 2124 3450 2193 ἡ
3487 2120 3680 2192 θήλεια

2098 2216 2280 2287 ἔχουσι
2313 2215 2374 2269 τὸ
2415 2216 2630 2287 ἰδίωμα·
2665 2216 2791 2268 ὅταν
2827 2214 2934 2286 γὰρ
2971 2216 3019 2266 οἱ
3061 2214 3216 2285 πόροι
3256 2213 3678 2285 πεπληρωμένοι

2095 2309 2451 2380 ἀσχολοῦνται
2484 2309 2611 2380 περὶ
2650 2307 2748 2379 τὴν
2777 2307 2992 2378 κύησιν,
3026 2307 3084 2359 6v
3114 2305 3362 2376 ἀλλήλοις
3393 2307 3492 2378 τὴν
3527 2306 3680 2378 παρὰ

2099 2401 2259 2470 φύσιν
2307 2399 2450 2472 μίξιν
2498 2399 2838 2471 ἐργάζονται.
2897 2397 3057 2451 Ὅθεν
3109 2396 3478 2450 σπανιώτατόν
3531 2398 3680 2448 ἐστιν

2098 2496 2277 2570 εὑρεῖν
2321 2495 2538 2566 θήλειαν
2585 2494 2793 2547 ὐαιναν·
2830 2491 2892 2545 οὐ
2925 2491 3035 2564 γὰρ
3079 2492 3322 2560 συνεχεῖς
3352 2491 3410 2542 αἱ
3455 2490 3682 2561 κυήσεις

2097 2588 2176 2660 τῷ
2208 2587 2330 2660 ζώῳ
2347 2587 2655 2670 ¹γίγνονται.

2176 2790 2240 2843 ’Ὁ
2268 2789 2325 2842 δὲ
2350 2788 2560 2858 λαγωός
2589 2789 2726 2860 πρὸς
2755 2788 3038 2843 συνουσίαν
3076 2787 3224 2842 ἐστὶν
3253 2786 3678 2858 ἀκρατέστερος.

2109 2883 2178 2936 Ἥ
2209 2883 2268 2936 δὲ
2312 2881 2502 2954 θήλεια
2543 2881 2686 2936 κατὰ
2721 2883 2864 2952 μῆνα
2895 2883 3089 2944 τίκτει,
3124 2883 3218 2934 καὶ
3250 2881 3485 2934 τεκοῦσα
3519 2879 3683 2932 πάλιν

2102 2975 2206 3030 ὑπὸ
2235 2974 2328 3028 τοῦ
2358 2975 2610 3046 τυχόντος
2643 2973 2858 3041 λαγωοῦ
2887 2973 3153 3044 ὀχεύεται,
3189 2973 3282 3026 καὶ⁵
3315 2971 3683 3042 συλλαμϐάνει

2102 3071 2181 3123 ἔτι
2207 3067 2568 3141 θηλαζομένη·
2601 3067 2662 3120 οὐ
2695 3067 2803 3135 γὰρ
2833 3068 3080 3138 ἀρκεῖται
3118 3066 3217 3119 ἑνί.

2175 3163 2280 3215 Τὸν
2304 3161 2361 3214 δὲ
2395 3159 2582 3232 γρῦπα
2613 3159 2774 3228 φασιν
2803 3159 2941 3211 εἶναι
2971 3157 3105 3222 ζῶον
3139 3153 3683 3226 παμμεγεθέστατον,

2098 3253 2180 3316 ὡς
2205 3251 2502 3326 ἀρουραίαν
2537 3249 2694 3302 σκιὰν
2727 3248 2982 3303 ἐκτελεῖν·
3017 3248 3253 3318 ἁρπάζει
3279 3248 3335 3300 δὲ
3366 3247 3562 3302 λέοντα
3589 3245 3681 3300 οὔ·

2101 3360 2210 3406 τως
2236 3340 2496 3412 εὐχερῶς,
2530 3339 2606 3403 ὼς
2639 3338 2794 3402 ἀετὸς
2821 3341 2949 3410 παρ’
2977 3341 3106 3410 ἡμῖν
3139 3337 3368 3406 λαγωόν.

2176 3522 2331 3574 Ἔστι
2367 3519 2503 3584 ζῶον
2545 3518 2835 3591 χαραδριὸς
2865 3520 2893 3571 6
2929 3517 3083 3588 παρὰ
3113 3519 3318 3589 Μωῦοῇ
3349 3518 3685 3588 μνημονευό·

2103 3631 2285 3686 μενος,
2320 3613 2665 3675 λευκότατος,
2695 3611 2760 3665 δι’
2782 3610 2900 3664 ὅλον
2931 3610 2991 3663 τὸ
3021 3611 3180 3680 σῶμα
3215 3610 3288 3682 μὴ
3327 3611 3466 3681 ἔχων
3494 3611 3687 3664 σπῖλον

2104 3707 2268 3776 ἄλλης
2292 3706 2478 3777 χρόας·
2520 3706 2614 3758 καὶ
2645 3705 2834 3757 τούτου
2870 3703 2969 3767 τὰς
3004 3703 3254 3775 ὲκρύσεις
3284 3704 3410 3766 τοὺς
3438 3703 3692 3774 ἀμϐλυω-

2105 3798 2341 3861 ποῦντας
2377 3796 2556 3851 ἰᾶσθαί
2596 3813 2745 3866 φασι.
2787 3796 3129 3867 Καταμένειν
3160 3796 3217 3848 δὲ
3255 3796 3415 3848 αὐτὸν
3463 3798 3523 3847 ἐν
3565 3798 3689 3858 ταῖς

2104 3890 2294 3954 αὐλαῖς
2336 3892 2458 3953 ταῖς
2509 3889 2814 3959 βασιλικαῖς
2864 3887 3154 3959 ἱστοροῦσι,
3207 3889 3492 3960 προφήτην
3542 3887 3689 3954 ζωῆς

2105 3983 2200 4037 καὶ
2227 3983 2458 4036 θανάτου
2492 3986 2606 4047 τοῖς
2638 3983 2904 4062 κάμνουσι
2939 3981 3046 4033 τῶν
3079 3979 3379 4052 ἀνθρώπιον
3424 3981 3686 4052 γιγνόμε-

2104 4077 2389 4130 νον.”οταν
2408 4075 2536 4145 γὰρ,
2567 4075 2750 4142 φασὶν,
2781 4072 3060 4145 ἀρρωστία
3088 4090 3173 4136 τις
3195 4073 3488 4143 περιπέσῃ,
3519 4072 3689 4140 ἄγου-

2106 4183 2190 4218 σιν
2225 4165 2453 4219 ὲνώπιον
2483 4164 2646 4218 αὐτοῦ
2674 4165 2766 4217 τὸν
2795 4163 3102 4236 χαραδριὸν,
3147 4165 3242 4217 καὶ
3272 4164 3318 4216 εἰ
3356 4166 3568 4234 προσχῇ
3609 4165 3689 4234 τῷ

2105 4257 2368 4322 νοσοῦντι,
2400 4257 2494 4310 καὶ
2526 4258 2554 4309 ὁ
2583 4257 2751 4312 νοσῶν
2793 4256 2961 4327 αὐτῷ,
3004 4256 3294 4309 καταπίνει
3333 4255 3431 4326 τὴν
3472 4257 3630 4309 νόσον
3661 4258 3690 4308 ὁ

2106 4350 2397 4423 χαραδριὺς
2434 4350 2622 4416 αὐτοῦ,
2666 4351 2760 4404 καὶ
2795 4349 3081 4403 ἀνίπταται
3115 4351 3196 4412 εἰς
3233 4348 3324 4401 τὸν
3355 4348 3552 4419 αἰθέρα
3592 4349 3690 4401 τοῦ

419 4435 677 4490 morbum
696 4427 931 4491 hominis
947 4435 1274 4506 dissipatum
1295 4435 1562 4506 disperdit
1582 4453 1596 4500 ;
1616 4436 1661 4490 si
1685 4451 1792 4489 non
1817 4436 2004 4504 inspe-

2116 4444 2277 4514 ἡλίου,
2310 4445 2471 4497 κάκεῖ
2499 4444 2597 4516 τὴν
2625 4444 2777 4498 νόσον
2803 4443 2895 4496 τοῦ
2925 4443 3210 4516 ἀνθρώπου
3241 4442 3603 4506 διασκεδάζει·
3643 4444 3693 4495 εἰ

423 4528 598 4591 xerit,
647 4527 714 4583 de
746 4528 1047 4583 laborantis
1095 4528 1318 4582 interitu
1355 4527 1728 4597 conjecturam
1772 4525 2002 4580 faciunt.

502 4619 796 4677 Unicornis
831 4623 1034 4676 animal
1065 4629 1170 4681 est.
1194 4629 1248 4678 et
1282 4623 1416 4678 illud
1445 4637 1696 4691 parvum,
1722 4621 1860 4676 haedi
1889 4636 2007 4675 ma-

424 4713 731 4784 gnitudine,
761 4713 960 4768 eximia
993 4713 1318 4784 pernicitate
1348 4721 1401 4767 et
1433 4713 1798 4776 vehementia,
1832 4729 2008 4767 cornu

425 4805 484 4859 in
515 4806 830 4862 summitate
863 4807 1059 4876 capitis
1084 4805 1276 4873 unico;
1326 4806 1427 4861 hac
1471 4822 1635 4877 porro
1670 4807 1884 4862 ratione
1913 4823 2008 4862 ca-

429 4897 598 4969 pitur.
627 4896 911 4970 Virginem
935 4899 1309 4968 incorruptam
1353 4907 1478 4955 ante
1509 4916 1633 4956 eum
1664 4900 2005 4969 conjiciunt,

428 4990 590 5059 cujus
623 4990 739 5060 ipse
785 4991 840 5045 in
880 4991 1061 5048 sinum
1104 4992 1310 5060 insilit,
1355 5007 1420 5047 ea
1452 4992 1739 5063 complexu
1775 4991 2009 5047 fovendo

427 5083 486 5138 in
516 5083 693 5153 regias
723 5081 917 5138 defert.

499 5173 783 5231 Castorem
799 5176 1003 5232 animal
1021 5176 1301 5235 facillimis
1323 5178 1570 5234 moribus
1593 5183 1648 5233 et
1684 5177 2008 5240 mansuetis,

428 5267 588 5338 quies
627 5267 898 5337 delectat;
947 5271 1124 5329 mirus
1175 5274 1396 5328 testium
1446 5273 1566 5341 ejus
1611 5273 1668 5326 in
1720 5271 2010 5327 medicinis

433 5374 599 5428 usus;
635 5364 1083 5434 persequentium
1120 5373 1440 5420 venatorum
1470 5371 1698 5432 urgente
1727 5364 1972 5435 periculo
1992 5403 2007 5427 ,

429 5463 529 5503 ΟΒ
591 5459 876 5520 amputat,
938 5463 1331 5525 currentesque
1402 5472 1430 5509 8
1486 5470 1781 5526 progressu
1839 5460 2008 5508 arcet.

434 5538 495 5595 Si
521 5543 615 5596 alii
648 5544 750 5599 hoc
781 5546 924 5601 idem
956 5555 1176 5620 petant,
1211 5555 1380 5605 testes
1414 5549 1696 5620 ademptos
1726 5548 2008 5613 ostendit,

429 5649 731 5706 eorumque
765 5653 962 5696 cursus
993 5650 1258 5696 moratur.

506 5748 550 5780 “
588 5745 755 5804 Leuit.
785 5765 860 5818 ιι,
900 5749 996 5818 19;
1043 5750 1198 5808 Deut.
1229 5752 1452 5820 xiv,18.

2107 4536 2164 4589 δὲ
2196 4536 2271 4608 μὴ
2299 4539 2531 4608 προσχῇ,
2563 4535 2936 4605 γινώσκουσιν,
2962 4537 3042 4589 ὅτι
3064 4535 3373 4605 τελευτήσει
3394 4536 3691 4608 όὶκάμνων.

2191 4599 2271 4682 δυ’
2289 4599 2354 4681 δὲ·
2379 4599 2688 4701 μονόκερως
2726 4629 2862 4693 ζῶόν
2893 4599 3006 4682 ἐστι
3034 4629 3247 4700 μικρὸν,
3274 4599 3458 4699 δμοιόδν
3491 4599 3691 4700 ἐρίφῳ,

2107 4721 2438 4792 δριμύτατον
2469 4721 2695 4792 σφόδρα.
2747 4722 2842 4774 Ἓν
2873 4721 2930 4774 δὲ
2958 4721 3125 4792 κέρας
3157 4722 3316 4792 μόνον
3343 4722 3437 4772 ἐπὶ
3469 4721 3570 4790 τῆς
3597 4737 3694 4774 κο-

2113 4812 2288 4883 ρυφῆς
2328 4811 2440 4882 ἔχει
2463 4813 2562 4884 τῆς
2587 4813 2847 4884 κεφαλῆς,
2879 4814 2973 4867 καὶ
2994 4813 3229 4884 θηρᾶται
3260 4812 3502 4866 τοιώσδε·
3539 4813 3695 4882 Παρ-

2113 4901 2263 4959 θόνον
2303 4906 2473 4978 ἁγνὴν
2517 4907 2799 4978 ῥίπτουσιν
2845 4906 3007 4960 αὐτοῦ
3056 4905 3405 4978 ἐπίπροσθεν·
3446 4908 3476 4957 6
3517 4906 3574 4959 δὲ
3615 4908 3698 4968 ei;

2112 4998 2237 5060 τοὺς
2270 4997 2505 5063 κόλπους
2536 5000 2704 5070 αὐτῆς
2743 4999 3049 5068 ὲφάλλεται·
3100 5002 3133 5071 ἡ
3180 4999 3236 5052 δὲ
3279 4998 3696 5070 περιθάλπουσα

2113 5089 2272 5142 αὐτὸν
2301 5090 2379 5154 εἰς
2407 5092 2532 5153 τοὺς
2553 5092 2732 5154 οἴκους
2762 5091 2870 5144 τῶν
2897 5091 3158 5162 βασιλέων
3190 5092 3538 5162 ἀποκομίζει.

2189 5183 2344 5236 Ἔστι
2369 5183 2504 5247 ζῶον
2529 5183 2862 5256 καλούμενον
2888 5187 3198 5257 καστόριον,
3233 5187 3393 5257 ἤπιον
3424 5186 3570 5239 πάνυ
3601 5186 3701 5240 καὶ

2114 5275 2354 5347 ἡσύχιον·
2398 5277 2717 5348 χρησιμεύει
2751 5277 2808 5331 δὲ
2841 5278 2910 5331 τὰ
2939 5278 3112 5332 αἰδοῖα
3155 5278 3320 5332 αὐτοῦ
3355 5278 3492 5349 πρὸς
3529 5277 3696 5333 ἴασιν.

2115 5367 2450 5438 Διωκόμενον
2490 5363 2583 5421 οὖν
2622 5370 2713 5421 ἐπὶ
2748 5367 2906 5422 τοῦτο
2945 5370 3050 5422 ὑπὸ
3088 5368 3196 5422 τῶν
3229 5368 3530 5442 θηρευτῶν,
3561 5369 3701 5422 ἀπο-

2114 5459 2305 5511 κόπτει
2332 5457 2495 5511 αὐτοῦ
2518 5459 2585 5512 τὰ
2610 5460 2802 5524 αἰδοῖα,
2841 5461 2936 5514 καὶ
2959 5462 3207 5531 ἐφίστησι
3232 5462 3355 5525 τοὺς
3379 5460 3697 5521 διώκοντας.

2127 5549 2554 5604 Ἐπιδιωκόντων
2579 5552 2635 5605 δὲ
2662 5553 2857 5616 ἄλλων,
2887 5553 3334 5624 ἀποκεκομμένον
3369 5552 3560 5605 ἑαυτὸν
3588 5551 3700 5604 63i-

2115 5660 2292 5712 κνυσι,
2322 5644 2414 5698 καὶ
2436 5645 2691 5700 ἐκκόπτει
2725 5645 2816 5700 τοῦ
2842 5645 3043 5719 δρόμου
3070 5648 3194 5712 τοὺς
3225 5645 3515 5720 θηρευτὰς.
