3866 6162
214 321 320 379 745

1117 299 1387 376 sabaia.
1423 350 1493 361 -
1531 290 1888 374 COMMENT.
1927 310 1994 365 IN
2034 305 2532 366 naxaenenou.

3362 308 3464 364 765

296 439 355 492 Ὀ
378 438 436 492 δὲ
463 425 860 511 μυρμηκολέων
887 436 1096 511 πατέρα
1123 439 1235 510 ἔχει
1267 439 1555 511 πρόσωπον
1580 436 1792 496 λέοντος

1967 427 2382 501 Myrmecoleoni
2445 430 2601 497 pater
2651 432 2768 491 est,
2821 426 2910 480 cui
2961 435 3213 496 aspectus
3277 427 3370 497 qui
3411 440 3467 485 et

211 529 430 602 ἔχοντα,
467 530 564 600 τὴν
591 527 646 581 δέ
685 530 894 600 μητέρα
929 528 1237 601 μύρμηκος.
1274 531 1382 582 Καὶ
1418 531 1446 582 6
1481 531 1576 600 μὲν
1609 534 1790 600 πατὴρ

215 623 564 700 σαρκοφάγος
591 622 758 686 ἐστὶν,
787 622 895 693 ἠδὲ
926 624 1105 694 μήτηρ
1133 623 1520 697 ὀσπριοφάγος,
1550 623 1643 707 καὶ
1670 639 1794 691 γεν-

213 712 348 767 νῶσι
385 711 548 782 διφυῆ
591 712 682 764 τὸν
726 712 1196 784 μυρμηκολέοντα,
1244 714 1304 766 τὸ
1354 714 1451 784 μὲν
1504 709 1792 785 πρόσωπον

213 803 408 875 ἔχοντα
437 804 670 868 λέοντος,
703 805 764 857 τὸ
811 805 868 858 δέ
915 806 1077 876 μέρος
1113 796 1172 858 τὸ
1214 805 1436 860 ὄπισθεν
1482 803 1786 878 μύρμηκος·

214 898 310 950 καὶ
347 896 420 968 μὴ
452 897 745 969 δυνάμενος
779 899 914 970 μήτε
969 899 1104 970 κρέα
1154 899 1290 970 μήτε
1335 896 1539 970 ὄσπρια
1570 898 1790 962 ἐσθίειν,

213 991 571 1062 ἀποθνήσκει.
1517 1034 1519 1039 ι

290 1086 348 1138 '0
380 1086 435 1138 δὲ
465 1085 693 1156 δναγρος
727 1083 1038 1157 ἀγελάρχης
1067 1075 1206 1147 ἐστὶ,
1236 1084 1330 1137 καὶ
1355 1081 1463 1135 τῶν
1481 1081 1784 1153 γενομένων

208 1178 455 1250 ἀρρένων
489 1178 588 1248 θλᾷ
617 1177 686 1232 τὰ
714 1179 906 1244 αἰδοῖα,
943 1177 1036 1230 καὶ
1070 1177 1130 1229 οὺ
1163 1173 1642 1248 σπερματίζουσιν.

280 1360 338 1414 '0
369 1362 424 1415 δε
442 1366 622 1432 ἐχῖνος,
648 1363 722 1427 ὡς
752 1365 955 1436 σφαῖρά
994 1368 1108 1418 ἐστι
1139 1364 1214 1436 τῷ
1241 1364 1474 1435 σώματι,
1505 1365 1600 1417 καὶ
1625 1366 1652 1418 6
1675 1363 1775 1416 νῶ-

193 1457 291 1520 τὸς
318 1457 464 1508 ἐστιν
493 1456 658 1530 αὑτοῦ
690 1443 1024 1528 δλόκεντρος,
1059 1457 1166 1511 τῶν
1193 1457 1430 1530 κέντρων
1465 1457 1663 1528 ὁμοίων
1693 1457 1779 1510 6v-

193 1561 308 1599 των
335 1549 445 1609 τοῖς
478 1527 586 1600 τῶν
619 1547 918 1601 θαλαττίων
949 1546 1138 1618 ἐχίνων
1178 1547 1441 1619 κέντροις.
1481 1547 1779 1618 Πορεύεται

195 1637 329 1708 γοῦν
355 1639 446 1691 ἐπὶ
479 1638 571 1691 τὸν
606 1638 798 1711 βότρυν
827 1640 926 1710 τῆς
955 1640 1222 1712 ἀμπέλου,
1262 1641 1356 1694 καὶ
1397 1641 1649 1711 κατασπᾷ
1681 1641 1781 1710 6d-

197 1746 326 1796 γας,
399 1731 495 1782 καὶ
546 1731 889 1800 ἐγκυλισθεὶς
937 1732 1244 1804 περιπείρει
1294 1731 1392 1796 τὰς
1443 1733 1618 1802 ράγας
1666 1735 1778 1796 τοῖς

197 1822 451 1893 κέντροις
487 1825 578 1876 καὶ
611 1827 938 1894 ἀφικνεῖται.

282 1927 510 1999 Δολερδν
531 1927 804 2000 ήάλώπηξ
836 1928 924 1981 διὰ
963 1929 1175 1982 τοιᾶσδε
1219 1929 1466 2001 μηχανῆς
1497 1929 1788 2002 θηρωμένη

206 2023 337 2086 τοὺς
364 2021 602 2094 ὄρνιθας.
634 2021 883 2094 Εύροῦσα
903 2020 1009 2093 γὰρ
1033 2021 1344 2093 τελμιστὴν,
1373 2022 1681 2090 ἐγκυλίεται
1709 2025 1790 2086 είς

208 2115 404 2186 αὐτὴν,
439 2114 532 2168 καὶ
559 2113 720 2167 πάλιν
749 2113 1030 2167 ἐνειλεῖται
1071 2113 1374 2186 λεπτοτάτῃ
1418 2115 1561 2167 κόνει
1591 2115 1624 2185 ἢ
1657 2115 1792 2186 ἀχύοι

212 2223 351 2279 ροις,
384 2207 477 2260 καὶ
505 2207 716 2278 τίθησιν
757 2207 848 2259 ἐπ)⁸
883 2207 977 2259 τοῦ
1009 2207 1190 2260 πεδίου
1229 2206 1426 2278 ἑαυτὴν
1465 2207 1534 2261 τά
1570 2208 1791 2279 ὄμματα

209 2301 624 2363 ἀναπετάσασα,
648 2300 681 2370 ἢ
713 2300 805 2353 καὶ
827 2301 888 2353 τὸ
908 2299 1125 2371 πνεῦμα
1143 2302 1224 2364 εἰς
1247 2302 1446 2373 ἑαυτὴν
1478 2301 1788 2369 ἐπισπῶσα,

209 2392 290 2454 ὡς
335 2392 666 2463 φυσηθεῖσαν
707 2393 876 2464 αὐτὴν
904 2393 1008 2448 ὑπὸ
1039 2393 1145 2447 τῶν
1179 2394 1437 2450 πετεινῶν
1467 2395 1792 2466 νομισθῆναι

211 2484 436 2556 νεκρὰν,
471 2486 627 2539 ἆτινα
659 2486 750 2540 καὶ
784 2485 1136 2542 καταπτάντα
1161 2488 1248 2540 ἐπ’
1271 2487 1438 2559 αὐτὴν
1463 2488 1666 2552 εὐθέως
1693 2506 1792 2543 κα·-

207 2577 418 2630 τεσθίει
446 2578 765 2650 ἁρπάσασα.

296 2693 364 2747 Ἦ
413 2693 590 2766 σαῦρα
635 2695 926 2767 γηράσασα
972 2697 1262 2768 πηροῦται,
1320 2697 1412 2750 καὶ
1459 2697 1538 2760 εἰς
1581 2695 1793 2766 ῥαγάδα

211 2786 393 2858 τοίχου
412 2788 546 2856 πρὸς
563 2787 827 2852 ἀνατολὰς
853 2790 1265 2860 ὲστοχασμένως
1287 2788 1556 2859 βλέπουσα
1579 2788 1790 2851 εἴσεισι,

214 2881 314 2934 καὶ
371 2881 465 2934 τοῦ
520 2881 669 2952 ἡλίου
721 2881 1030 2953 ἀνίσχοντος
1083 2883 1493 2944 ἀναπετάσασα,
1546 2881 1652 2934 ὑπὸ
1694 2881 1791 2950 τῆς

213 2971 435 3034 ἀκτῖνος
461 2972 557 3041 τῆς
597 2970 826 3041 ἡλιακῆς
859 2971 1301 3042 καταυγασθεῖσα
1329 2970 1668 3043 ἀνηλεοῢται,
1699 2971 1794 3022 καὶ

214 3060 377 3131 ὑγιὴς
418 3061 867 3118 ἀποκαθίσταται.
904 3060 1059 3114 Οὕτω
1103 3060 1166 3133 δὴ
1196 3061 1289 3114 καὶ
1320 3061 1404 3123 σὺ,
1437 3053 1482 3112 ὦ
1518 3057 1793 3128 ἄνθρωπε,

213 3133 347 3204 ὅταν
374 3153 622 3225 γηράσῃς
647 3155 704 3205 ἐν
735 3152 1052 3223 ἁμαρτίαις,
1089 3153 1183 3206 καὶ
1221 3149 1508 3220 τυφλωθῇς
1542 3149 1640 3220 τὴν
1681 3147 1794 3201 διά-

216 3259 387 3304 νοιαν,
405 3242 504 3311 τῆς
523 3242 868 3313 δικαιοσύνης
892 3241 1043 3313 ζήτει
1069 3243 1160 3295 τὸν
1183 3239 1387 3308 Ἥλιον,
1419 3242 1504 3294 ἵνα
1519 3241 1795 3293 ἀνακαινι-

219 3331 358 3403 σθῇς
390 3335 448 3386 ἐν
474 3333 808 3406 δικαιοσύνῃ,
839 3335 1092 3397 ἀτενίσας
1126 3335 1206 3396 εἰς
1235 3333 1396 3386 αὑτὸν
1445 3334 1540 3386 καὶ⁸
1565 3334 1677 3394 τοῖς
1699 3331 1796 3401 τῆς

216 3426 398 3496 ψυχῆς
425 3425 731 3498 ἀναϐλέψῃς
761 3426 1074 3499 ὀφθαλμοῖς.

293 3543 516 3596 Πάντων
545 3542 600 3596 δὲ
626 3544 731 3597 τῶν
764 3545 967 3616 θηρίων
998 3543 1512 3614 πνευματικώτατον
1539 3542 1796 3612 τυγχάνει

218 3637 317 3687 καὶ
362 3636 790 3708 πυρωδέστατον,
838 3637 933 3690 καὶ
971 3635 1231 3689 ποικίλων
1267 3634 1560 3706 σχημάτων
1595 3633 1799 3698 τύπους

217 3726 475 3780 ἀποτελεῖ
497 3729 524 3780 6
550 3728 766 3799 δράκων
795 3727 1107 3796 ἐλικοειδὴς,
1139 3728 1230 3780 καὶ
1258 3725 1426 3778 ποιῶν
1449 3725 1546 3796 τῆς
1573 3725 1799 3795 πορείας

217 3821 320 3885 τὰς
343 3821 540 3890 ὁρμὰς,
569 3820 798 3890 τάχιστα
827 3820 912 3889 ἐφ’
950 3813 994 3888 ᾧ
1027 3818 1273 3890 βούλεται
1305 3817 1797 3870 έπεισιν.·Ἔστι·δὲ

219 3913 316 3967 καὶ
341 3911 707 3983 πολυχρόνιον·
739 3913 800 3966 οὐ
839 3911 996 3982 μόνον
1029 3911 1138 3982 γὰρ
1161 3911 1224 3964 τὸ
1247 3911 1423 3982 γῆρας
1450 3908 1799 3980 ἀπαμφίσκε-

219 4022 333 4067 ται,
362 4002 496 4056 ἀλλά
521 4003 615 4056 καὶ
643 4000 869 4074 αὔξησιν
898 4001 1116 4072 μείζονα
1140 4001 1467 4071 ἐπιδέχεται.
1513 3998 1678 4052 Ἐπάν
1706 3994 1798 4052 οὖν

217 4093 313 4147 τὸν
343 4093 642 4166 ὡρισμένον
669 4093 765 4162 τῆς
796 4089 938 4162 ζωῆς
967 4090 1224 4164 ἐκτελέσῃ
1251 4090 1460 4162 χρόνον,
1494 4091 1573 4152 είς
1608 4088 1798 4141 ἐαυτὸν

219 4187 612 4240 ἀναλίσκεται·
655 4185 718 4238 ού
746 4185 852 4255 γὰρ
889 4185 1002 4256 ίδίῳ
1038 4183 1369 4254 ἀποθνήσκει
1401 4181 1542 4235 τέλει
1577 4181 1683 4252 πρὸ
1704 4178 1798 4233 τοῦ

219 4283 321 4352 τῆς
355 4280 500 4351 ζωῆς
537 4280 885 4352 ἐκπληρῶσαι
916 4280 1007 4333 τὸν
1044 4281 1188 4351 ὅρον,
1228 4280 1275 4331 εί
1309 4279 1382 4350 μὴ
1415 4277 1505 4348 βίᾳ
1536 4276 1796 4348 ἀναιρεθῇ

219 4374 327 4428 ὑπό
354 4391 515 4437 τινος.
547 4373 732 4444 Τούτῳ
762 4375 790 4425 6
821 4373 1087 4444 ἰχνεύμων
1120 4372 1441 4443 μονομαχεῖ,
1465 4370 1660 4441 χρίσας
1682 4371 1802 4422 ἐαυ-

215 4464 312 4518 τὸν
338 4465 512 4536 πηλῷ,
529 4465 762 4527 καὶτοὺς
796 4465 1075 4536 μυκτῆρας
1093 4466 1158 4534 τῇ
1187 4454 1367 4533 κέρκῳ
1395 4459 1792 4515 ἐπικαλύπτων.

1895 521 2064 585 leoni,
2094 529 2268 575 mater
2297 521 2383 575 cui
2423 519 2681 574 formicaz.
2735 516 2895 572 Pater
2922 519 3168 572 carnium
3194 558 3208 582 ,
3241 519 3470 590 legumi-

1895 627 2026 665 num
2055 620 2228 666 mater
2268 626 2463 675 vorax,
2498 611 2763 680 amboque
2787 617 3048 680 generant
3076 612 3471 682 myrmecoleo-

1894 719 2017 759 nem
2037 743 2052 768 ,
2077 702 2214 759 facie
2243 703 2447 767 leonis,
2472 703 2865 773 posterioribus
2898 703 3144 773 partibus
3190 702 3467 768 formicae,

1893 795 1986 864 qui
2017 810 2143 850 cum
2181 811 2358 865 neque
2390 797 2649 851 carnibus
2673 835 2687 860 ,
2725 810 2900 866 neque
2929 795 3294 867 leguminibus
3321 797 3469 850 vesci

1897 888 2106 956 possit,
2132 886 2342 958 jejunio
2385 888 2547 942 vitam
2587 888 2724 942 linit.

1968 1085 2184 1156 Onager
2205 1085 2459 1156 gregibus
2489 1087 2762 1157 imperitat
2791 1098 3184 1157 armentorum,
3215 1098 3269 1147 et
3289 1091 3467 1148 editos

1897 1196 2079 1237 mares
2111 1188 2394 1238 truncatos
2427 1181 2705 1237 mordicus
2743 1184 2922 1253 privat
2954 1185 3187 1243 testibus
3208 1225 3222 1252 ,
3261 1202 3330 1241 ne
3359 1201 3469 1257 qua

1901 1275 2134 1332 facultas
2161 1282 2379 1330 maneat
2411 1271 2726 1342 generandi.

1966 1368 2208 1424 Echinus
2254 1365 2412 1437 quasi
2453 1366 2563 1436 pila
2609 1377 2838 1434 corpore
2880 1363 3080 1433 tegitur
3129 1378 3225 1433 per
3271 1378 3464 1418 omnes

1894 1470 2080 1534 partes
2134 1461 2307 1533 spinis
2366 1460 2612 1524 hirsuto,
2667 1471 2786 1527 quae
2833 1455 3006 1527 spinis
3042 1456 3221 1511 echini
3269 1458 3464 1512 marini

1895 1555 2212 1610 consimiles
2262 1560 2425 1619 sunt;
2468 1551 2536 1606 ad
2591 1563 2839 1605 racemos
2895 1548 3020 1603 vitis
3078 1549 3462 1620 proﬁciscitur,

1896 1645 2024 1701 hinc
2054 1646 2244 1699 acinos
2272 1644 2516 1699 divulsos
2546 1642 2831 1713 spinisque
2875 1656 2978 1696 suo
3004 1642 3249 1697 volutatu
3281 1642 3462 1713 perfo-

1897 1747 2046 1794 ratos
2077 1739 2350 1808 deportat.

1962 1910 2250 1979 Fallax-“et
2280 1923 2525 1995 improha
2551 1921 2770 1995 vulpes,
2799 1942 2917 1998 qua:
2939 1927 3035 1982 tali
3061 1927 3460 1983 machinatione

1890 2029 2019 2070 aves
2049 2025 2298 2070 venatur.
2347 2015 2404 2070 ln
2436 2017 2610 2072 lutum
2642 2018 2937 2088 sordesque
2971 2035 3093 2090 quae
3123 2022 3462 2075 occurrerint

1889 2107 2267 2178 immergitur,
2315 2111 2621 2181 aspergitur
2653 2111 2780 2166 inde
2829 2111 3197 2167 minutissimo
3241 2113 3462 2184 pulvere

1892 2206 1986 2252 aut
2031 2199 2225 2268 paleis,
2278 2201 2505 2270 soloque
2534 2218 2593 2258 se
2629 2204 2948 2274 prosternit,
2986 2206 3299 2274 patentibus
3327 2223 3462 2261 ocu-

1891 2289 1997 2355 lis,
2031 2291 2115 2345 vel
2162 2292 2358 2362 spiritu
2407 2293 2460 2346 in
2497 2308 2558 2348 se
2606 2304 2925 2360 contracto,
2968 2304 3026 2350 ut
3055 2297 3307 2352 volucres
3346 2297 3459 2367 jam

1892 2380 2244 2436 tumefactam
2275 2390 2544 2437 mortuam
2582 2400 2706 2440 esse
2733 2385 2968 2450 ducant,
3008 2402 3144 2456 quas
3165 2427 3179 2450 ,
3213 2389 3342 2442 dum
3393 2389 3461 2444 ad

1891 2486 2013 2529 eam
2039 2474 2412 2540 convolarint,
2442 2475 2624 2529 statim
2657 2483 2938 2547 correptas
2969 2478 3234 2532 devorat-

1963 2670 2225 2726 Lacertus
2263 2682 2453 2727 exacta
2480 2681 2638 2727 aetate
2663 2709 2679 2738 ,
2708 2687 2885 2728 caecus
2911 2671 3162 2739 elllcitur,
3187 2675 3243 2728 in
3269 2675 3461 2729 rimam

1894 2764 2037 2818 muri
2089 2763 2158 2818 ad
2185 2773 2338 2820 ortus
2368 2765 2500 2820 solis
2523 2773 2831 2836 vergentem
2863 2773 3116 2822 accurate
3142 2767 3463 2837 ingreditur,

1893 2864 1948 2911 et
1988 2857 2116 2911 dum
2143 2857 2226 2911 sol
2259 2858 2465 2920 oritur,
2500 2858 2688 2913 oculos
2737 2859 3264 2930 aperit,.lumenque
3298 2860 3465 2926 illud,

1894 2948 2187 3019 radiosque
2218 2950 2514 3020 excipiens,
2545 2950 2849 3006 illustratus
2885 2951 3029 3005 redit
3057 2951 3122 3006 ad
3155 2954 3464 3008 sanitatem.

1896 3037 2024 3093 Pari
2057 3040 2271 3094 ratione
2295 3081 2310 3105 ,
2343 3049 2396 3095 et
2424 3047 2516 3104 tu,
2547 3055 2580 3094 ο
2619 3041 2820 3108 homo,
2852 3040 2981 3097 dum
3024 3044 3299 3114 peccando
3335 3059 3467 3099 con-

1899 3135 2190 3196 scnueris,
2249 3141 2538 3203 menteque
2605 3132 2776 3190 fueris
2844 3135 3181 3199 obcaacatus.
3241 3136 3468 3208 iustitia:

1899 3225 2129 3293 quaerito
2173 3222 2353 3279 Solem
2380 3265 2396 3289 ,
2441 3232 2499 3278 ut
2542 3225 2598 3278 in
2633 3225 2848 3294 justitia
2891 3229 3203 3292 renoveris,
3255 3229 3312 3283 in
3340 3244 3462 3286 eum

1899 3319 2172 3390 aspiciens
2192 3357 2208 3384 ,
2232 3318 2515 3388 oculisque
2542 3320 2712 3375 animi
2744 3321 2932 3378 videas
2964 3321 3312 3378 illustratus“

1970 3537 2137 3597 Feras
2198 3557 2389 3598 omnes
2444 3542 2639 3613 spiritu
2702 3552 2756 3599 et
2832 3546 3015 3601 calore
3076 3546 3244 3602 draco
3302 3562 3468 3619 supe-

1898 3642 2018 3697 rat,
2055 3633 2346 3703 variasque
2378 3633 2672 3704 figurarum
2704 3634 2905 3690 formas
2932 3637 3187 3706 exprimit
3214 3638 3470 3709 obliquus

1899 3736 1956 3782 et
2003 3733 2320 3792 tortuosus;
2369 3733 2424 3781 et
2475 3725 2604 3780 dum
2669 3728 2775 3781 iter
2831 3726 3154 3796 ingreditur,
3206 3729 3473 3786 citissime

1901 3827 2099 3871 metam
2151 3830 2315 3885 quam
2375 3815 2477 3870 sibi
2528 3816 2809 3886 praposuit
2845 3818 3090 3888 attingit;
3122 3825 3176 3873 et
3209 3822 3342 3877 satis
3376 3822 3470 3876 diu

1899 3909 2062 3974 vivit;
2095 3923 2203 3962 non
2237 3914 2450 3961 tantum
2492 3909 2635 3962 enim
2670 3915 2945 3962 senectam
2981 3912 3166 3974 exuit,
3203 3913 3298 3967 sed
3331 3920 3384 3968 et
3414 3914 3471 3968 in

1901 4000 2019 4056 dies
2051 4001 2296 4071 singulos
2343 4000 2719 4070 magnitudine
2757 4003 3006 4072 corporis
3038 4005 3270 4072 crescit;
3315 4013 3473 4062 aatate

1900 4108 2031 4147 vero
2068 4091 2354 4148 confectus
2386 4106 2482 4162 per
2511 4092 2594 4147 sui
2644 4095 3027 4150 resolutionem
3067 4096 3300 4153 deficit:‘
3325 4115 3473 4154 nun-

1901 4201 2068 4255 quam
2122 4184 2266 4240 enim
2339 4193 2628 4255 antequam
2689 4193 2954 4241 statutum
3005 4189 3128 4245 vita:
3175 4193 3469 4248 terminum

1903 4279 2250 4349 impleverit,
2301 4286 2477 4334 morte
2525 4281 2740 4350 propria
2791 4280 3042 4347 allicitur,
3085 4285 3189 4340 nisi
3233 4287 3303 4340 ab
3365 4289 3473 4342 alio

1901 4372 2167 4426 violenter
2209 4379 2457 4426 necetur.
2507 4371 2642 4426 Cum
2695 4373 2799 4427 hoc
2842 4374 3130 4430 ichneumo
3179 4377 3340 4432 habet
3387 4379 3474 4432 in-

1903 4464 2243 4519 ternecinum
2292 4463 2516 4526 bellum,
2566 4464 2659 4518 ubi
2707 4480 2765 4520 se
2795 4464 2850 4518 in
2885 4466 3015 4520 limo
3049 4468 3332 4533 merserit,
3367 4485 3471 4523 na-

232 4559 397 4615 ’Δλλά
428 4559 530 4630 μὴν
563 4561 658 4613 καὶ
699 4558 834 4630 πρὸς
864 4557 962 4630 τὴν
994 4557 1296 4626 Αἰγυπτίαν
1328 4555 1532 4609 ἀσπίδα
1564 4557 1793 4608 ποιεῖται

1905 4570 2100 4626 resque
2154 4556 2326 4610 cauda
2364 4555 2653 4609 ohturarit.
2698 4555 2899 4610 Verum
2943 4563 2999 4610 et
3043 4571 3165 4610 cum
3215 4556 3472 4630 Egyptia

219 4651 582 4722 συμπληγάδα
629 4651 869 4705 τοιῶσδε·
911 4650 1060 4720 Αὕτη
1091 4649 1188 4720 μὲν
1217 4649 1424 4701 ἔπεισιν
1452 4647 1599 4717 αὐτῷ
1623 4645 1800 4717 πολλῷ

223 4745 388 4818 ῥοίζῳ
427 4746 523 4817 τὴν
559 4745 730 4817 ούράν
759 4743 1062 4806 ἐλικοειδῶς
1108 4739 1462 4812 ἐπισύρουσα,
1504 4738 1573 4791 τὰ
1610 4739 1654 4792 δ’
1693 4737 1800 4790 ἀπὺ

221 4839 436 4910 στηθῶν
479 4839 613 4910 πρὸς
644 4841 710 4909 τῇ
746 4837 951 4908 κεφαλῇ
986 4836 1096 4890 ἅνω
1129 4833 1354 4904 πηδῶσα
1386 4831 1675 4902 μετέωρος,
1708 4827 1799 4882 εύ-

223 4932 446 5004 στερνός
471 4949 530 4984 τε
563 4933 657 4985 καὶ
691 4931 1036 5000 πλατυαύχην
1087 4926 1474 4997 ἐκφυσηθεῖσα,
1525 4920 1697 4993 θυμοῦ
1740 4936 1798 4973 τε

220 5026 476 5098 ἔμπλεως
503 5026 768 5097 γενομένη
791 5025 1098 5095 ἐπέρχεται,
1124 5020 1489 5092 περιφέρουσα
1517 5016 1614 5087 τὴν
1637 5014 1804 5082 γλῶτ-

219 5136 322 5173 ταν
359 5117 496 5188 μετά
529 5118 780 5171 συντόνου
825 5113 1109 5188 συριγμοῦ·
1158 5115 1186 5164 6
1217 5113 1272 5165 δὲ
1309 5110 1594 5182 ἰχνεύμων,
1626 5106 1800 5179 ὀρθώ-

223 5227 326 5274 σας
365 5210 461 5280 τὴν
495 5210 712 5282 κέρκον,
750 5207 979 5262 ὲπισείει
1006 5205 1227 5259 ἀπατῶν
1261 5203 1452 5274 αὐτὴν,
1481 5202 1575 5254 καὶ
1613 5199 1800 5271 μεθέλ-

222 5321 360 5368 κων.
415 5304 526 5364 τοῖς
571 5301 628 5354 δὲ
675 5298 981 5372 ἔμπροσθεν
1012 5297 1246 5358 ὀκλάσας
1280 5295 1436 5347 ποσὶν
1459 5291 1798 5362 ἐπιφέρεται,

222 5405 320 5450 και
348 5395 698 5458 ταπεινωθεὶς
723 5393 841 5456 ὅλος
873 5393 971 5464 τὴν
1001 5391 1122 5460 ὄψιν
1157 5389 1320 5459 μόνην
1351 5385 1599 5446 ἐκτείνει,
1629 5399 1802 5453 καρα-

223 5487 398 5541 δοκῶν
428 5486 502 5559 μὴ
532 5487 711 5558 φθάσῃ
740 5485 949 5555 πληγὴν
980 5481 1198 5553 καιρίαν
1230 5478 1504 5543 δέξασθαι.
1548 5474 1800 5528 Ἐπειδὰν

221 5577 316 5635 οὖν
350 5581 432 5651 ἴδῃ
465 5581 566 5650 τὴν
593 5577 814 5638 ἀσπίδα,
837 5577 912 5639 ὼς
935 5575 1070 5644 πρὸς
1094 5573 1280 5646 θηρίον
1302 5571 1397 5642 τὴν
1427 5569 1621 5641 κέρκον
1651 5567 1804 5638 ἀμιλ-

219 5675 472 5747 ὶωμένην
521 5672 832 5746 προθύμως,
885 5668 1162 5739 αίιρνιδίως
1193 5666 1534 5737 ἐπιπηδήσας
1574 5663 1667 5717 τὸν
1702 5661 1799 5715 αὑ-

223 5771 357 5838 χὲνα
391 5768 560 5836 αὐτῆς
584 5766 780 5830 πιέζει,
812 5763 905 5815 καὶ
939 5761 1250 5829 ἀποπνίγει.

547 5933 814 5993 Parnm.
860 5928 978 5991 Gtt.
1010 5925 1257 6004 Χνιιῐη

1903 4647 2092 4718 aspide
2146 4647 2352 4718 prtelii's
2401 4647 2504 4700 hac
2535 4647 2744 4702 ratione
2788 4647 3056 4716 decertat;
3090 4649 3181 4702 illa
3235 4666 3474 4721 namque

1903 4740 2109 4810 ingenti
2140 4739 2399 4809 strepitu,
2431 4738 2697 4792 tractibus
2724 4739 3004 4794 circulatis
3037 4740 3266 4795 caudam
3297 4751 3474 4798 attra-

1902 4831 2073 4894 hens,
2121 4844 2152 4884 c
2214 4837 2435 4899 pectore
2487 4845 2661 4898 usque
2706 4829 2772 4882 ad
2822 4838 2986 4898 caput
3036 4870 3050 4893 ,
3115 4832 3314 4887 saliens
3364 4835 3475 4889 alta

1901 4920 2261 4988 excelsaque,
2310 4917 2491 4986 amplo
2540 4925 2780 4986 pectore,
2815 4919 2938 4974 latis
2975 4921 3280 4975 cervicibus
3328 4922 3485 4976 intu-'

1901 5027 2190 5072 mescens;
2230 5013 2307 5064 ira
2340 5011 2651 5074 cumulata,
2687 5012 2954 5082 sibiloque
3013 5014 3290 5068 concitato
3313 5055 3328 5079 ,
3367 5017 3474 5070 lin-

1901 5119 2060 5175 guam
2095 5103 2344 5164 vibrans,
2373 5103 2632 5172 impetum
2662 5102 2818 5170 facit;
2843 5111 2898 5157 at
2930 5104 3220 5160 ichneumo
3241 5103 3488 5162 caudam

1902 5196 2130 5258 tollens,
2165 5195 2308 5248 ictus
2341 5192 2529 5246 irritos
2557 5208 2782 5248 aversus
2824 5195 3020 5265 excipit
3042 5235 3058 5262 ,
3099 5211 3200 5251 nec
3227 5212 3336 5251 non
3371 5183 3491 5268 ano,

1902 5286 2200 5342 terioribus
2228 5285 2458 5356 pedibus
2487 5283 2661 5348 flexis,
2688 5292 2945 5357 totusque
2973 5297 3303 5358 prostratus,
3341 5303 3477 5344 ocu-

1901 5381 1986 5436 los
2030 5387 2244 5433 tantum
2277 5377 2499 5448 conjicit
2521 5419 2537 5443 ,
2573 5378 2674 5432 sibi
2723 5393 2922 5434 cavens
2966 5395 3034 5434 ne
3065 5381 3290 5435 vulnere
3321 5380 3476 5452 gravi

1901 5481 2130 5543 excepto
2157 5473 2531 5538 exanimetur;
2569 5470 2664 5526 sed
2703 5472 2793 5526 ubi
2845 5472 3086 5542 aspidem
3129 5487 3251 5528 cum
3297 5455 3489 5529 cauda

1903 5565 2060 5634 quasi
2093 5579 2216 5618 cum
2251 5563 2362 5618 fera
2393 5564 2762 5619 decertantem
2794 5563 3120 5635 inspexerit,
3145 5574 3392 5636 prompte
3421 5574 3478 5620 et

1903 5667 2102 5730 prmter
2131 5657 2598 5729 exspectationem
2629 5658 2872 5724 irruens,
2910 5658 3120 5715 invadit
3166 5659 3222 5715 in
3273 5639 3488 5714 fauces:

1903 5753 2102 5823 quibus
2135 5749 2416 5808 obstrictis
2437 5787 2452 5817 ,
2485 5747 2738 5806 sull‘ocat.

3125 5914 3203 5975 2's
