3840 6164
389 223 498 280 ηιτ

461 340 724 398 Lacertus
775 357 936 414 quem
987 343 1221 403 dicimus
1260 349 1698 416 salamandram,
1747 353 1862 408 sive
1904 352 1958 406 in
1987 354 2034 411 A

389 433 668 490 fornacem
695 475 711 500 ,
744 436 859 492 sive
888 437 944 492 in
975 438 1228 495 balneum
1259 441 1540 513 ingressus
1567 443 1750 511 fuerit,
1785 445 1966 514 ignem

388 531 597 580 tactum
623 566 638 590 ,
667 542 779 583 non
808 528 916 584 alio
952 530 1116 586 modo
1140 547 1303 602 quam
1331 535 1534 603 glacies
1555 537 1874 607 exstinguit.

457 619 624 674 Aiunt
665 621 908 692 viperam
953 639 1049 694 per
1101 640 1165 680 os
1208 629 1377 683 maris
1427 643 1614 685 semen
1677 631 1966 701 excipere;

1237 230 1295 288 S.
1335 231 1781 292 EUSTATHIUS
1817 232 2306 291 ANTIOCHENUS
2345 233 2747 293 EPISCOPUS.

3540 247 3646 304 748

2132 350 2314 422 Σαῦρα
2335 351 2390 404 δὲ
2412 352 2445 423 ὴ
2473 353 2740 425 λεγομένη
2767 353 3139 428 σαλαμάνδρα,
3167 355 3261 410 ἐὰν
3283 360 3364 424 είς
3388 375 3643 431 καμινον,

2070 441 2103 511 ἢ
2141 440 2417 512 βαλανεῖον
2437 445 2746 518 ἐπεισέλθῃ,
2771 447 3159 520 ἀποψυχραίνει
3197 452 3346 507 αὑτό.

2139 622 2278 676 Φασὶ
2311 623 2369 676 δὲ
2403 623 2500 696 τήν
2527 623 2738 696 ἔχιδναν
2769 625 2855 680 διὰ
2895 625 3162 699 στόματος
3185 629 3278 683 τοῦ
3298 630 3522 704 ἀρρενος
3546 634 3650 706 τὴν

385 711 740 784 membroque
784 715 1007 782 exciso,
1040 716 1192 771 illum
1231 718 1513 788 occidere;
1545 737 1668 792 qua:
1707 722 1802 779 ubi
1834 738 1958 779 con-

2069 713 2233 784 γονὴν
2272 713 2544 785 δέχεσθαι,
2579 714 2672 768 καὶ
2707 716 3136 770 συναποκόπτειν
3160 721 3273 782 τοῖς
3309 719 3485 775 ὀδοῦσι
3515 723 3650 776 αὑτὸ

387 805 681 874 eeperit,a
731 806 858 864 ﬁliis
909 808 1240 867 interimitur
1285 830 1300 878 ;
1350 827 1587 884 namque
1646 817 1856 873 exclusi
1911 817 1966 872 in

376 905 563 966 ‘utero,
612 899 809 956 abrasa
851 903 1048 965 vulva,
1087 903 1418 978 eﬂ‘ractoque
1467 915 1810 980 ventre,per
1851 909 1965 966 dis-

373 997 544 1059 ‘rupta
575 990 742 1045 latera
776 1001 1090 1063 erumpunt.

454 1142 692 1213 Serpens
759 1147 1072 1204 ohcmcatur
1123 1159 1282 1208 aetate
1333 1155 1743 1226 ingravescente
1775 1197 1792 1223 ,
1867 1161 1961 1232 qui

364 1239 740 1312 ’Quadraginta
769 1241 888 1298 dies
917 1243 1144 1313 jejuniis
1189 1260 1420 1317 corpore
1468 1249 1650 1305 laxato
1673 1290 1688 1314 ,
1715 1251 1834 1306 saxi
1883 1253 1962 1306 ri-

381 1344 524 1386 mam
564 1333 733 1388 intrat
774 1347 1082 1406 angustam»,
1103 1336 1265 1408 vique
1307 1354 1366 1394 se
1402 1341 1737 1399 contrahens
1767 1344 1961 1414 pellem

376 1433 766 1495 senectamque
811 1429 963 1483 exuit
995 1435 1050 1484 et
1087 1439 1414 1498 renovatur;
1447 1433 1576 1488 dum
1625 1435 1774 1503 sitit,
1808 1437 1960 1506 prius

377 1529 590 1570 veneno
610 1514 881 1587 deposito,
904 1515 1144 1574 fontanis
1163 1520 1320 1590 aquis
1343 1521 1492 1577 sitim
1517 1521 1758 1594 depellit.
1773 1523 1959 1596 Captis

379 1607 681 1675 musculis,
717 1608 906 1682 oculos
939 1612 1084 1664 eruit
1115 1611 1418 1682 uutritque,
1449 1613 1597 1669 etiis
1631 1613 1755 1672 cibo
1788 1617 1959 1671 utitur

2065 806 2127 859 τὸ
2161 805 2370 877 μόριον,
2405 806 2500 860 καὶ
2532 807 2872 860 ἀποκτείνειν
2905 808 3086 862 αὑτόν.
3136 809 3282 880 Αὕτη
3322 811 3399 876 δὲ,
3448 811 3648 882 ἔγγυος

2065 899 2356 970 γενομένη,
2391 899 2500 952 ὑπὸ
2529 897 2636 951 τῶν
2675 898 2879 952 τέκνων
2911 899 3233 972 ἀναιρεῖται·
3262 902 3342 956 ἔτι
3368 903 3474 976 γὰρ
3498 907 3554 958 ὲν
3572 909 3644 978 τῇ

2066 990 2244 1062 κοιλίᾳ⁸
2280 991 2450 1061 αὑτῆς
2494 991 2807 1064 ὑπάρχοντα
2853 993 2951 1065 τὴν
2998 996 3207 1066 μήτραν
3237 996 3644 1066 καταφαγόντα,

2067 1082 2162 1136 καὶ
2177 1082 2276 1154 τὴν
2291 1083 2499 1136 κοιλίαν
2529 1085 2910 1156 ἀναρρήξαντα
2931 1085 3018 1138 διὰ
3042 1087 3140 1156 τῆς
3169 1087 3406 1159 πλευρᾶς
3451 1087 3642 1153 ἔξεισι.

2135 1174 2387 1246 Γηράσας
2433 1176 2489 1229 δὲ
2536 1178 2564 1228 ὁ
2601 1178 2722 1246 ὅφις
2763 1178 3142 1248 ἐκτυφλοὺται,
3200 1183 3295 1234 καὶ
3339 1181 3644 1252 νηστεύσας

2063 1262 2274 1334 ἡμέρας
2299 1267 2705 1338 τεσσαράκοντα
2739 1267 3029 1339 χαυνοῦται
3059 1269 3135 1340 τῷ
3162 1269 3393 1340 σώματι,
3415 1270 3510 1324 καὶ¹
3528 1273 3642 1325 εἰσ-

2065 1353 2283 1425 έρχεται
2315 1357 2394 1420 εἰς
2428 1357 2636 1428 ραγάδα
2672 1359 2876 1429 πέτρας
2921 1358 3112 1429 στενὴν
3132 1401 3146 1425 ,
3189 1359 3282 1412 καὶ
3314 1363 3380 1431 τῇ
3410 1359 3500 1432 βίᾳ
3526 1361 3644 1414 διας

2062 1445 2360 1515 συρόμενος
2405 1445 2465 1498 τὸ
2501 1446 2676 1517 δέρμα
2714 1447 2775 1500 τὸ
2816 1447 3131 1519 γεροντικὸν
3178 1447 3496 1510 ἀποδύεται,
3543 1449 3644 1500 καὶ

2061 1536 2404 1594 ἀνανεοῦται.
2446 1538 2612 1592 Ὅταν
2648 1539 2706 1591 δὲ
2738 1538 2958 1610 διψήσῃ,
2988 1537 3077 1593 τὸν
3107 1539 3183 1592 ἰὸν
3213 1539 3473 1610 πρότερον
3502 1540 3644 1592 ἀπο·-

2058 1628 2284 1693 τίθεται,
2331 1630 2425 1683 καὶ
2465 1629 2638 1694 οὑτως
2671 1632 2882 1685 ἐκπίνει
2920 1631 2982 1685 τὸ
3016 1631 3159 1703 ὕδωρ
3190 1633 3255 1684 ἐκ
3291 1632 3392 1702 τῆς
3428 1630 3638 1703 πηγῆς.

379 1697 612 1752 maturis
657 1705 712 1753 et
727 1697 1088 1770 pinguefactis
1107 1717 1123 1768 ;
1141 1699 1414 1756 hominem
1435 1704 1643 1760 nudum
1664 1706 1712 1762 si
1729 1720 1955 1777 aspexe-

2070 1720 2342 1793 Ἀγρεύων
2373 1722 2429 1776 δὲ
2462 1724 2589 1786 τοὺς
2623 1722 2854 1792 μυοξοὺς
2901 1697 3158 1793 ὲκτυφλοῖ
3183 1722 3277 1776 καὶ
3305 1697 3642 1794 τρέφει-,και

374 1789 480 1853 rit,
522 1805 632 1844 non
676 1788 809 1855 adit,
841 1791 1101 1858 vestitum
1128 1792 1464 1865 aggreditur.

442 2081 743 2141 Basiliscus
789 2099 1058 2141 venenum
1109 2085 1429 2157 pestiferum
1462 2089 1636 2145 oculis
1672 2089 1801 2159 jacit
1825 2125 1840 2153 ,
1877 2090 1951 2145 ita

373 2185 434 2230 ut
466 2177 742 2234 hominem
769 2179 858 2234 'vel
882 2180 1000 2235 solo
1029 2187 1250 2252 aspectu
1279 2181 1465 2236 statim
1491 2181 1787 2238 interimat.
1822 2183 1949 2254 Spi-

368 2271 513 2326 ritus
533 2270 653 2339 ejus
677 2272 890 2342 igneus,
912 2279 1117 2328 terram
1146 2273 1348 2339 exurit,
1379 2281 1433 2329 et
1461 2274 1682 2338 herbas,
1712 2284 1765 2331 et
1791 2277 1951 2332 arbo-

372 2377 481 2417 res.
535 2361 599 2416 Et
638 2360 743 2418 h'oc
789 2363 953 2418 modo
993 2364 1140 2435 gigni
1194 2365 1440 2421 historiis
1487 2367 1762 2437 proditum
1811 2377 1894 2424 est
1932 2387 1944 2422 :

371 2469 496 2509 cum
556 2456 743 2525 plures
787 2459 994 2527 angues
1049 2459 1104 2514 in
1153 2474 1323 2514 unum
1380 2459 1648 2521 conclusi.
1700 2460 1949 2531 fameque

369 2548 547 2602 vexati
599 2547 799 2603 fuerint
843 2550 952 2619 (est
1004 2551 1152 2605 enim
1206 2551 1408 2605 animal
1446 2552 1944 2624 scelestissimum),

370 2640 510 2695 alius
538 2640 704 2695 alium
741 2641 844 2696 sibi
879 2642 1196 2697 viciniorem
1226 2643 1484 2709 comedit,
1507 2641 1812 2714 fortiorque
1844 2645 1948 2698 im-

371 2733 650 2788 becilliore
717 2740 942 2797 vorato,
1002 2734 1248 2788 omnium
1307 2735 1598 2806 anguium,
1637 2751 1774 2806 quos
1825 2734 1946 2791 loco

369 2826 477 2880 cibi
505 2824 772 2891 adhibuit,
803 2825 1025 2882 venenis
1064 2825 1258 2896 plenus
1286 2841 1350 2881 ac
1388 2827 1630 2883 refectus
1653 2869 1666 2894 ,
1705 2827 1762 2881 ﬁt
1798 2828 1944 2883 basi-

370 2921 581 2985 liscus,
609 2934 880 2975 venenum
934 2918 1144 2975 habens
1177 2919 1729 2990 perniciosissimum,
1776 2921 1848 2975 ita
1883 2929 1942 2975 ut

368 3011 453 3068 vel
494 3010 614 3067 solo
660 3015 818 3064 necet
855 3016 1103 3079 aspectu.

439 3101 747 3159 Scaraheus
773 3115 838 3156 ex
880 3100 1082 3155 bovino
1121 3108 1393 3166 stercore,
1421 3099 1670 3156 rotundae
1715 3099 1900 3169 ligurze
1923 3142 1938 3166 ,

368 3193 570 3265 pilulas
603 3191 772 3248 volvit
813 3208 1075 3259 aversus;
1109 3191 1290 3248 ferunt
1333 3192 1481 3247 hunc
1525 3208 1620 3249 sex
1661 3193 1941 3249 mensibus

367 3302 532 3359 super
556 3295 702 3342 terra
738 3285 1042 3351 immorari,
1075 3300 1372 3356 semenque
1401 3285 1456 3340 in
1487 3293 1816 3342 stercoream
1859 3286 1941 3356 pi-

366 3382 474 3436 lam
521 3381 791 3444 emittere,
827 3379 1063 3450 indeque
1092 3379 1271 3434 oritur
1297 3395 1415 3435 mas
1453 3378 1781 3446 scarabeus,
1806 3395 1940 3434 nus-

363 3488 528 3543 quam
564 3474 710 3528 enim
743 3473 1066 3545 scarabeum
1104 3472 1362 3528 feminam
1391 3470 1637 3527 invenire
1667 3477 1771 3526 est.
1803 3467 1939 3524 Pro-

365 3575 482 3636 pter
523 3566 664 3622 hanc
693 3566 814 3636 ejus
851 3575 1100 3621 naturam
1145 3563 1388 3636 Egyptii
1428 3561 1752 3617 scarabeum
1790 3562 1936 3616 inter

363 3658 590 3714 numina
630 3659 868 3724 colunt,
901 3657 1006 3714 soli
1055 3655 1288 3712 similem
1342 3662 1755 3715 asseverantes,
1789 3649 1933 3722 quod

363 3753 634 3824 sphaeram
661 3753 876 3816 volvat,
907 3759 956 3806 et
1001 3751 1181 3808 sidera
1209 3750 1546 3822 serpentium
1577 3747 1766 3819 ﬁguris
1796 3747 1936 3803 assi-

362 3845 576 3913 milant,
631 3844 778 3916 quod
828 3852 1136 3899 tortuosum
1175 3849 1230 3897 et
1276 3841 1559 3912 obliquum
1618 3839 1691 3894 sit
1743 3853 1933 3893 eorum

365 3937 491 3990 iter.

430 4025 696 4083 Formicae
715 4066 730 4091 ,
763 4025 892 4082 dum
923 4024 1252 4081 frumentum
1277 4030 1630 4095 congregant,
1663 4036 1929 4077 annosum

360 4136 548 4179 semen
593 4119 876 4182 dividunt,
909 4135 979 4175 ne
1009 4132 1204 4173 rursus
1260 4114 1622 4172 madefactum
1660 4114 1714 4168 in
1748 4113 1931 4184 fruges

356 4223 515 4270 exeat
543 4229 576 4270 e
604 4220 786 4278 terra;
821 4212 999 4268 hieme
1030 4227 1141 4268 non
1164 4210 1538 4282 egrediuntur,
1569 4208 1715 4280 quod
1743 4215 1931 4264 aestate

357 4306 463 4363 sibi
487 4305 669 4361 cibum
704 4305 842 4359 satis
874 4303 1219 4358 commodum
1250 4303 1642 4374 compararint.

424 4399 633 4455 Birudo
678 4414 746 4454 ex
794 4412 993 4469 genere
1023 4396 1290 4453 vermium
1335 4396 1535 4450 animal
1580 4395 1636 4449 in
1674 4394 1925 4449 dulcibus
1958 4407 2002 4462 ι)

354 4493 510 4564 aquis
541 4491 716 4562 degit;
749 4491 793 4545 si
827 4492 951 4562 quis
1000 4487 1235 4545 sitiendo
1268 4488 1424 4544 avide
1456 4486 1684 4551 biberit,
1717 4501 1824 4541 una
1869 4493 1924 4540 et

353 4582 527 4653 ipsam
573 4579 876 4644 combibit,
923 4594 1044 4649 quae
1087 4584 1307 4649 prepter
1371 4577 1596 4632 nimiam
1648 4578 1922 4632 levitatem

352 4691 478 4730 cum
506 4688 647 4744 aqua
681 4681 804 4745 pota
843 4671 1120 4737 illabitur;
1151 4670 1279 4724 inde
1309 4669 1547 4723 maxima
1577 4667 1923 4722 incommoda

349 4762 721 4833 molestiaeque
757 4762 1026 4816 accedunt
1066 4757 1315 4828 corpori,
1349 4759 1440 4812 illa
1474 4759 1793 4828 sanguinem
1825 4773 1922 4812 ex-

350 4862 612 4925 sugente,
644 4861 699 4910 et
745 4860 1104 4924 augescente,
1153 4850 1452 4906 insatiabili
1504 4864 1740 4921 namque
1793 4865 1922 4905 san~

347 4949 531 5020 guinis
582 4945 867 5002 hauriendi
917 4943 1217 5016 cupiditate
1260 4950 1495 5007 tenetur,
1543 4948 1598 4998 et
1643 4941 1920 4998 multoties

347 5038 539 5103 aﬂixa,
572 5053 675 5094 nec
717 5037 986 5101 evellitur,
1041 5051 1141 5091 nec
1194 5034 1518 5096 detrahitur,
1569 5033 1671 5090 etsi
1719 5034 1916 5089 medici

345 5133 696 5193 obnitantur.
725 5132 898 5189 donec
943 5131 1184 5202 pondere
1215 5129 1334 5200 ipso
1365 5127 1649 5198 sanguinis
1679 5127 1918 5184 disrum-

344 5233 525 5294 patur.

412 5319 558 5373 Inter
591 5317 832 5388 aspidem
864 5323 1168 5385 caateraque
1213 5329 1445 5384 quorum
1498 5327 1715 5368 morsus
1768 5312 1918 5367 uice-

343 5421 445 5476 rat,
462 5419 517 5466 et
548 5409 705 5466 felem
729 5410 878 5481 jugis
900 5409 1196 5464 discordia.
1229 5408 1273 5460 A
1299 5407 1664 5476 serpentibus,
1691 5404 1916 5460 locustis

341 5503 632 5572 e-rucisque
650 5503 881 5559 dissidet
910 5501 1034 5556 ibis.
1061 5501 1324 5564 Cerastis,
1355 5500 1736 5568 scorpionibus
1765 5499 1915 5554 aliis-

343 5610 446 5661 que
479 5594 705 5649 minutis
748 5593 1032 5664 reptilibus
1076 5593 1340 5662 accipiter
1371 5593 1638 5648 exitiosus
1670 5600 1788 5659 est;
1822 5591 1913 5646 hic

2059 1810 2431 1876 πεπανθέντας
2458 1811 2734 1867 κατεσθίει
2772 1811 2990 1875 αὑτούς.
3038 1811 3163 1864 Ἐὰν
3195 1810 3250 1864 δὲ
3278 1811 3482 1880 γυμνὸν
3509 1809 3641 1863 θεά-

2057 1921 2216 1976 σηται
2252 1905 2560 1977 ἄνθρωπον,
2602 1904 2664 1957 οὑ
2711 1904 3021 1976 πρόσεισιν·
3072 1905 3119 1957 εί
3167 1903 3224 1957 δὲ
3268 1891 3636 1975 ὲνδεδῦμένον,

2054 1996 2364 2064 ὲφάλλεται.

2135 2090 2194 2142 '0
2227 2089 2284 2142 δὲ
2334 2089 2642 2160 βασιλίσκος
2689 2089 2764 2142 ἰὸν
2801 2085 3168 2158 θανατηφόρον
3199 2086 3514 2156 ἀποπέμπει
3552 2084 3636 2156 τῷ

2051 2181 2336 2254 ὀφθαλμῷ,
2381 2181 2522 2234 ὥστε
2565 2181 2657 2234 τὸν
2699 2181 3033 2252 θεασάμενον
3065 2179 3402 2251 παραχρῆμα
3433 2181 3634 2232 ἀπονε-

2051 2273 2338 2344 κροῦσθαι.
2372 2275 2445 2327 Τὸ
2487 2273 2544 2327 δὲ
2596 2273 2822 2344 φύσημα
2871 2272 3033 2326 αὑτοῦ
3081 2273 3334 2343 τυγχάνει
3381 2272 3630 2344 πύρινον,

2051 2367 2388 2436 καταφλέγον
2417 2353 2619 2439 χώρας,
2654 2369 2746 2420 καὶ
2773 2368 2937 2420 τόπον
2966 2365 3292 2436 σύνδενδρον.
3337 2365 3634 2436 Ἰστοροῦσι

2048 2459 2105 2514 δὲ
2142 2461 2301 2514 αὑτὸν
2333 2461 2558 2532 τοιούτῳ
2603 2461 2790 2532 τρόπῳ
2830 2458 3197 2514 συνίστασθαι.
3263 2458 3432 2512 Ἐπὰν
3474 2459 3633 2526 ὄφεις

2049 2551 2291 2616 πλείονες
2319 2551 2782 2606 κατακλεισθῶσιν
2799 2551 2955 2623 ὁμοῦ,
2981 2552 3073 2605 καὶ
3091 2550 3428 2622 λοιμὼξωσιν
3457 2551 3633 2622 (ἐπει-

2047 2645 2222 2716 δήπερ
2246 2645 2306 2696 τὸ
2333 2642 2470 2707 ζῶόν
2497 2645 2614 2697 ὲστι
2636 2643 2999 2714 παμμίαρον),
3028 2643 3256 2704 ἕκαστος
3282 2641 3373 2695 τὸν
3398 2641 3630 2712 πλησίον

2048 2734 2344 2792 κατεσθίειο
2395 2735 2490 2789 καὶ
2538 2738 2566 2789 ό
2617 2735 2965 2807 ἰσχυρότερος
3009 2733 3314 2788 ἀναλίσκων
3362 2731 3486 2802 ὖφις
3530 2731 3630 2784 τὸν

2045 2828 2456 2901 ἀσθενέστερον,
2484 2831 2578 2882 καὶ
2607 2828 2912 2899 πληρωθεὶς
2943 2827 3159 2881 πάντων
3180 2826 3289 2879 τῶν
3313 2825 3490 2894 ὄφεων
3517 2823 3626 2888 ἰοῦ,

2043 2915 2117 2973 ὦν
2161 2921 2504 2992 κατεδήδοκε,
2553 2920 2862 2991 βασιλίσκος
2895 2920 3139 2990 γίγνεται
3181 2919 3258 2973 ἰὸν
3287 2918 3424 2988 ἔχων
3465 2915 3631 2987 χαλε-

2046 3012 2314 3079 πώτατον,
2347 3013 2422 3079 ὡς
2451 3013 2545 3067 καὶ
2571 3015 2680 3067 ἀπὸ
2717 3015 2876 3086 μόνου
2906 3013 2999 3067 τοῦ
3027 3011 3304 3083 ὀφθαλμοῦ
3331 3009 3626 3064 θανατοῦν.

2127 3106 2184 3159 Ὁ
2217 3107 2274 3159 δὲ
2321 3108 2610 3180 κάνθαρος,
2655 3109 2720 3161 ὲκ
2764 3109 2863 3180 τῆς
2898 3109 3078 3179 βοείας
3109 3106 3264 3162 ὄνθου
3299 3102 3629 3173 κυκλοτερὲς

2045 3199 2233 3271 σχῆμα
2263 3199 2632 3272 πλασάμενος.
2667 3201 3081 3269 ἀντιπρόσωπος
3113 3193 3366 3255 κυλινδεῖζ
3390 3197 3627 3252 Φασὶὶὲ

2041 3289 2204 3343 αὑτὸν
2232 3289 2503 3362 ἑξάμηνον
2542 3291 2728 3344 ἐπάνω
2752 3290 2852 3360 τῆς
2880 3291 3006 3361 γῆς,
3033 3291 3129 3345 καὶ
3159 3290 3513 3362 σπερμαίνειν
3538 3292 3626 3353 είς

2038 3384 2138 3455 τὴν
2169 3381 2346 3436 όνθιον
2373 3385 2628 3456 σφαῖραν,
2657 3382 2751 3436 καὶ
2782 3384 2986 3438 τίκτειν
3012 3385 3215 3455 ἄρρενα
3237 3382 3526 3454 κάνθαρον·
3553 3383 3623 3435 οὐ

2038 3477 2147 3548 γάρ
2172 3475 2338 3546 θῆλυς
2371 3475 2603 3548 ὑπάρχει
2633 3474 2901 3546 κάνθαρος
2936 3474 3174 3529 πώποτε.
3217 3473 3328 3529 Καὶ
3363 3475 3414 3528 ot
3445 3475 3622 3543 Αίγύ-

2039 3583 2186 3622 πτιοι
2227 3567 2315 3622 διὰ
2354 3567 2454 3640 τὴν
2489 3565 2743 3637 τοιαύτην
2775 3566 2936 3636 φύσιν
2970 3565 3134 3621 αὑτοῦ
3174 3565 3421 3620 σέϐονται
3451 3565 3625 3620 αὑτὸν

2035 3662 2115 3723 εἰς
2141 3659 2292 3731 ἥλιον
2319 3657 2901 3731 μετασχηματίζοντες,
2938 3658 3122 3729 ἐπειδὴ
3156 3657 3326 3722 κυλίει
3357 3660 3620 3730 σφαῖραν,

2035 3753 2131 3805 ml.
2168 3751 2238 3804 τά
2273 3752 2449 3824 ἄστρα
2492 3750 2666 3820 ὄφεων
2706 3752 2978 3821 σχήμασιν
3020 3750 3398 3814 ἀπεικάζουσι,
3429 3749 3518 3802 διὰ
3552 3750 3622 3802 τὸ

2033 3843 2192 3916 λοξὴν
2228 3841 2494 3899 ποιεῖσθαι
2521 3843 2620 3915 τὴν
2651 3842 2876 3916 πορείαν
2901 3840 3117 3904 αὐτούς.

2102 4027 2166 4079 Οἱ
2197 4023 2256 4079 at
2298 4025 2586 4098 μύρμηκες
2629 4029 2720 4078 τὸν
2769 4025 2912 4076 σῖτον
2960 4021 3278 4090 συνάγοντες
3320 4019 3409 4073 διὰ
3440 4020 3616 4091 μέσου

2029 4117 2138 4171 τῶν
2186 4117 2401 4172 κόκκων
2445 4117 2725 4188 τέμνουσι,
2775 4115 2910 4188 πρὸς
2958 4113 3022 4168 τὸ
3067 4113 3142 4186 μὴ
3182 4113 3414 4182 ὲκφύσαι
3443 4115 3616 4168 αὑτὸν

2029 4208 2386 4280 νοτιζόμενον·
2422 4209 2516 4261 xal.
2545 4206 2763 4278 μένουσι
2795 4207 2886 4260 τὸν
2922 4205 3162 4278 χειμῶνα
3207 4205 3476 4275 ἀπρόῖτοι,
3518 4204 3616 4258 διὰ

2027 4299 2121 4354 τοῦ
2153 4300 2346 4372 θέρους
2373 4300 2617 4371 αὐτάρκη
2649 4297 2749 4370 τὴν
2777 4298 2982 4370 τροφὴν
3011 4297 3383 4368 πορισάμενοι.

2111 4392 2264 4447 Ἡδὲ
2299 4393 2510 4465 βδέλλα,
2559 4392 2943 4462 σκωληκοειδὲς
2985 4390 3121 4455 ζῶον
3163 4389 3501 4461 ὑπάρχουσα,
3547 4391 3614 4444 ἐν

2025 4489 2138 4550 τοῖς
2171 4485 2423 4556 γλυκέσιν
2466 4483 2798 4537 ὲκδιαιτᾶται
2833 4482 3006 4536 ὕδασι·
3052 4481 3145 4534 καὶ
3183 4481 3350 4536 πίνων
3384 4499 3471 4546 τις
3508 4483 3615 4535 λά*

2025 4579 2173 4652 ϐρως
2215 4576 2604 4647 συγκαταπίνει
2645 4575 2796 4639 αὐτὸ,
2835 4574 2923 4627 διὰ
2965 4573 3066 4645 τήν
3109 4573 3306 4646 πολλὴν
3347 4573 3613 4645 λειότητα

2027 4670 2414 4727 συνολισθαίνει
2445 4669 2524 4739 τῷ
2567 4668 2838 4738 πινομένῳ
2874 4665 3174 4720 ὑδατι.Καὶ
3208 4665 3270 4719 οὑ
3304 4667 3506 4737 μικρὰν
3541 4667 3611 4736 ἐξ

2024 4761 2189 4816 αὑτοῦ
2240 4760 2442 4832 βλάϐην
2493 4759 2804 4828 ὑφίσταται,
2848 4759 2947 4830 τῆς
2989 4757 3190 4828 σαρκὸς
3228 4756 3320 4810 τοῦ
3368 4759 3610 4828 αἵματος

2024 4852 2388 4926 ὲκμυζοῦντος
2415 4851 2599 4917 αὑτοῦ,
2633 4851 2728 4905 καὶ
2749 4849 2939 4904 τούτου
2965 4849 3238 4914 αὑξοντοςο
3265 4850 3606 4921 ἀχόρταστον

2022 4946 2078 5001 δὲ
2101 4947 2354 5018 τυγχάνει
2382 4944 2518 5019 πρὸς
2543 4942 2700 5014 δίψαν
2736 4941 2984 5015 αἵματος.
3024 4941 3135 4996 Καὶ
3172 4941 3430 5005 πολλάκις
3463 4942 3608 4995 αὑτὸ

2021 5037 2122 5107 τῆς
2148 5039 2486 5108 ἀφαιρέσεως
2509 5036 2784 5109 δεομένοις
2815 5037 3018 5107 ἰατροῖς
3046 5035 3146 5089 οὐκ
3173 5036 3455 5106 ἀνιμᾶται,
3489 5033 3608 5100 ἕως

2019 5129 2142 5183 ὅτου
2165 5128 2506 5202 διαρραγείη.

2091 5313 2221 5375 Ταῖς
2254 5311 2311 5364 δὲ
2343 5310 2532 5364 ἀσπίσι
2559 5309 2651 5363 καὶ
2698 5309 2811 5372 τοῖς
2843 5307 3024 5371 ἄλλοις
3049 5309 3160 5369 τοῖς
3196 5305 3468 5378 δηκτικοῖς
3500 5307 3527 5359 ὲ
3538 5324 3605 5376 ρ-

2020 5408 2202 5468 πετοῖς
2249 5401 2500 5473 αἵλουρός
2539 5402 2654 5454 ἐστι
2689 5399 2961 5470 πολέμιος.
3005 5398 3125 5451 Τῶν
3160 5397 3218 5451 δὲ
3261 5398 3466 5465 ὄφεων,
3498 5399 3605 5451 καὶ

2017 5496 2412 5569 τῶνράκρίδων,
2441 5494 2535 5549 καὶ
2566 5493 2674 5548 τῶν
2708 5493 2944 5564 καμπῶν
2976 5491 3005 5543 ὁ
3039 5491 3165 5554 ῐὸις.
3197 5492 3318 5554 Τοῖς
3342 5491 3398 5543 δὲ
3427 5493 3606 5562 κερά-

2020 5607 2190 5652 σταις,
2237 5587 2331 5642 καὶ
2378 5585 2677 5657 σκορπίοις,
2714 5584 2807 5638 καὶ
2838 5586 2949 5647 τοῖς
2980 5581 3160 5646 ἄλλοις
3187 5583 3399 5652 μικροῖς
3424 5581 3603 5647 ἑρπε-

343 5685 578 5741 hominis
610 5685 1080 5742 commiseratione
1107 5685 1377 5754 ﬂectitur;
1431 5686 1478 5742 si
1523 5687 1666 5742 enim
1698 5685 1754 5744 in
1784 5700 1909 5740 cum

2056 5687 2126 5748 οῖς
2153 5684 2182 5735 ό
2207 5681 2354 5753 ἱέραξ
2378 5680 2748 5751 θανατηφόρος
2774 5676 3127 5748 καθέστηκεν.
3159 5665 3311 5726 Ἔστι
3343 5671 3398 5725 δὲ
3428 5669 3602 5727 τοῦτο
