3840 6164
237 295 343 355 7219

1153 280 1428 347 SPURIA.
1461 320 1530 329 —
1562 276 1917 343 COMMENT.
1960 280 2029 339 IN
2069 276 2564 337 HEXAEMERON.

3380 277 3482 331 730

235 415 519 490 συμπαθὲς
548 408 683 487 πρὸς
708 404 796 465 τὸν
832 408 1132 483 ἄνθρωπον·
1161 409 1255 462 ἐὰν
1283 408 1391 479 γὰρ
1425 407 1682 478 θεάσηται
1710 405 1776 458 αὐ
1801 436 1806 441 -

1924 408 2188 456 mortuum
2228 396 2671 467 insepultumque
2712 394 2994 462 inciderit,
3038 396 3294 470 lacrymis
3325 397 3490 454 deco-

233 512 328 565 τὸν
356 509 549 580 νεκρὸν
590 508 681 561 καὶ
719 507 955 575 ἄταφον,
991 500 1366 573 κατοδύρεται,
1392 501 1483 554 καὶ
1517 500 1618 571 γῆν
1653 499 1809 572 ἐπιρ-

240 605 418 677 ρίπτει
446 600 614 673 αὐτῷ.

308 694 459 750 Μετὰ
485 693 542 747 δέ
578 690 674 764 τὴν
697 688 789 745 τοῦ
824 689 1029 760 κόσμου
1066 687 1302 757 ποίησιν,
1338 684 1563 758 ὕστερον
1591 683 1682 737 τὸν
1714 684 1809 739 ἄν·

234 787 453 860 θρωπον
482 788 511 840 6
535 784 668 848 Θεὸς
690 780 1107 854 ἐδημιούργησε,
1134 777 1212 850 τῷ
1242 777 1339 848 μὲν
1362 775 1549 849 θερμῷ
1570 772 1811 847 θραύσας

233 879 299 933 τὺ
333 877 562 950 ψυχρὸν,
590 873 668 945 τῷ
693 873 751 927 δὲ
794 867 946 942 ξηρῷ
989 866 1159 938 δήσας
1188 864 1246 920 τὸ
1278 865 1474 936 ὑγρὸν,
1517 863 1612 917 καὶ
1643 860 1812 926 λύσας

234 975 399 1030 πάλιν
426 972 488 1026 τὸ
517 969 681 1042 ξηρὸν
703 965 782 1038 τῷ
804 964 975 1039 ὑγρῷ,
1011 964 1377 1034 συνεστήσατο
1413 958 1593 1019 αὐτὸν,
1623 957 1811 1029 ἔχοντα

234 1069 413 1124 πάντα
439 1064 507 1119 τά
536 1064 675 1136 μέρη
710 1061 803 1117 τοῦ
838 1060 1056 1123 παντός.
1084 1059 1293 1128 Ὠσπερ
1310 1055 1419 1126 γάρ
1441 1054 1475 1124 ἡ
1496 1051 1571 1124 γῆ
1598 1050 1811 1105 ἑστῶσα

231 1162 324 1216 τὸν
336 1157 543 1231 ψυχρὸν
559 1158 695 1228 ἀέρα
716 1152 1142 1227 περικεχυμένον
1164 1154 1221 1205 ἐν
1237 1146 1404 1221 ἑαυτῇ
1426 1147 1704 1218 κέκτηται,
1722 1163 1810 1200 τε-

231 1252 517 1324 ταγμένως
536 1250 593 1305 δὲ
614 1250 701 1302 ἐπ’
721 1246 871 1319 αὺτῷ
908 1240 969 1300 τὸ
986 1244 1097 1317 πῦρ
1119 1242 1320 1315 αἱωρού
1329 1259 1507 1314 μενον,
1529 1241 1625 1294 καὶ
1647 1239 1811 1293 πάλιν

229 1346 295 1399 τὸ
323 1344 468 1416 ὕδωρ
493 1340 744 1414 περιθέον
767 1335 1029 1394 κύκλοθεν
1056 1337 1227 1407 αύτήν
1246 1346 1258 1364 δ
1289 1333 1431 1388 οὕτω
1452 1332 1517 1404 δὴ
1544 1331 1641 1387 καὶ⁵
1669 1334 1698 1385 6
1724 1333 1812 1387 ἀν-

231 1437 449 1508 θρωπος
473 1434 724 1504 καθάπερ
754 1432 828 1502 γῆ
844 1430 953 1484 τῶν
973 1428 1174 1482 ὀστέων
1196 1425 1492 1498 στερεμνίᾳ
1522 1423 1703 1495 φύσει,
1717 1424 1813 1478 καὶ

227 1535 298 1604 τῇ
332 1532 420 1584 ἐπ’
442 1529 607 1583 αὐτὸν
639 1523 916 1598 κεχυμένη
947 1521 1112 1594 σαρκὶ
1145 1518 1416 1583 συνεστὼς
1439 1518 1537 1591 τὴν
1567 1535 1812 1589 πνευμα-

226 1620 388 1692 τικὴν
415 1617 504 1672 διὰ
529 1616 636 1674 τῶν
683 1616 976 1688 μυκτήρων
1004 1608 1299 1681 ἀναπνοὴν,
1329 1607 1517 1681 ὥσπερ
1546 1608 1685 1681 ἀέρα
1717 1623 1811 1661 κε-

228 1714 512 1786 κλήρωται
536 1710 635 1783 τὴν
669 1708 909 1781 ἔμφυτον
953 1705 1120 1760 αὐτοῦ
1164 1704 1472 1778 θερμότητα
1519 1703 1615 1757 καὶ
1645 1719 1814 1757 κατα-

228 1806 531 1878 ψύχουσαν.
563 1803 675 1856 Καὶ
702 1801 810 1874 γὰρ
846 1802 876 1855 6
907 1800 1049 1872 ὑπὲρ
1076 1797 1320 1871 κεφαλῆς
1360 1796 1518 1868 ἡμῶν
1551 1795 1681 1868 ἀὴρ,
1712 1794 1814 1868 τὴν

229 1898 457 1973 πυρώδη
489 1894 586 1953 τοῦ
609 1894 770 1968 ἀέρος
799 1892 960 1964 φύσιν
990 1888 1339 1961 καταψύχων,
1361 1886 1623 1960 εὔκρατον
1650 1885 1815 1940 παντὶ

228 1991 310 2063 τῷ
355 1991 456 2062 βίῳ
500 1986 610 2043 τῶν
647 1986 805 2052 ζώων
845 1984 1154 2056 καθίστησι.
1189 1981 1262 2035 Τὸ
1291 1980 1349 2033 δὲ
1375 1980 1576 2053 θερμὸν
1619 1979 1682 2034 τὸ
1728 1979 1815 2033 ὲν-

226 2085 478 2158 υπάρχον
491 2080 572 2154 τῷ
599 2077 919 2152 σώματιτοῦ
946 2075 1235 2150 ἀνθρώπου
1262 2073 1361 2147 τὴν
1383 2072 1477 2127 τοῦ
1506 2072 1815 2143 φλέγματος

229 2178 458 2250 ἐκτήκει
504 2173 803 2247 ἀμετρίαν,
849 2171 1101 2242 καθάπερ
1147 2166 1555 2244 κρυσταλλῶδες
1601 2165 1816 2237 πίλημα

229 2271 445 2334 ὕδατος.
476 2269 544 2322 Δί
567 2268 625 2322 δέ
655 2264 852 2338 φλέϐες
875 2263 1050 2318 καὶτὸ
1071 2259 1214 2335 αἷμα
1245 2261 1306 2316 τὸ
1332 2262 1393 2315 ἐν
1421 2261 1616 2325 αὐταῖς
1654 2275 1817 2313 ποτα-

234 2364 354 2437 μῶν
387 2363 681 2434 μιμήματα
701 2356 1097 2422 ἀποσώζουσιν.
1128 2352 1382 2409 Τοιοῦτον
1408 2356 1438 2408 6
1467 2352 1600 2427 Θεὸς
1622 2368 1817 2423 τεκτη-

230 2459 466 2531 νάμενος
495 2456 586 2510 τὸν
630 2454 915 2527 ἄνθρωπον
966 2452 1032 2505 ἐκ
1068 2450 1168 2522 τῆς
1212 2448 1333 2519 γῆς,
1366 2447 1464 2502 καὶ
1505 2446 1631 2511 δοὺς
1664 2442 1816 2515 αὐτῷ

230 2547 456 2620 λογικὴν
503 2546 703 2618 ψυχὴν,
750 2543 846 2599 τοῦ
895 2540 1224 2615 παραδείσου
1268 2539 1369 2611 τῆς
1418 2538 1630 2611 τρυφῆς
1674 2539 1815 2593 ἀποο

229 2635 1812 2707 λαύειναύτὸνπαρ..................

231 2725 369 2784 Εἶτα
409 2727 509 2799 τῆς
551 2726 771 2798 ἐντολῆς
814 2722 1239 2797 παρακούσαντα
1274 2725 1357 2787 είς
1398 2721 1499 2793 τὴν
1524 2720 1630 2792 γῆν
1652 2719 1816 2776 αὐτὸν

228 2820 438 2891 ταύτην
490 2818 838 2890 μετέστησεν,
869 2814 1164 2887 ἐπίμοχθον
1212 2812 1362 2886 αὐτῷ
1404 2814 1496 2867 τὸν
1532 2812 1645 2885 βίον
1673 2811 1815 2884 ἔχειν

231 2915 319 2970 ἐπ’
343 2914 516 2985 αὐτῆς
546 2914 984 2985 ἀποφηνάμενος.

304 3005 587 3077 Γνωρίσας
625 3000 720 3060 οὖν
749 3004 849 3077 τὴν
880 3007 1114 3075 γυναῖκα
1154 3001 1321 3059 αὐτοῦ
1349 3000 1516 3068 Εῦαν,
1543 3001 1692 3064 υἱοὺς
1722 2998 1816 3054 δύο

1912 510 2033 554 rato
2060 496 2335 567 pulverem
2371 493 2566 563 injicit.

1984 671 2114 729 Post
2138 670 2328 726 mundi
2370 669 2534 741 hujus
2584 670 2848 726 fabricam
2880 670 3149 742 expletam
3171 710 3186 733 ,
3234 669 3487 725 ultimum

1914 764 2187 819 hominem
2218 760 2362 818 Deus
2391 762 2700 833 procreavit
2733 762 2775 794 "
2797 802 2813 828 ,
2856 762 2950 819 ubi
2983 761 3164 818 calido
3194 761 3492 834 frigiditate

1914 858 2107 922 fracta,
2127 854 2558 925 humiditateque
2572 855 2722 910 sicco
2744 855 3066 920 constricta,
3087 869 3188 910 nec
3203 869 3313 909 non
3329 854 3493 911 sicci-

1912 956 2025 1004 tate
2036 945 2262 1002 humido
2282 945 2574 1012 dissoluto,
2608 946 2761 1000 illum
2772 944 3226 1002 eﬂecit.omnibus
3247 945 3489 1003 universi

1914 1043 2162 1113 partibus
2179 1039 2510 1096 absolutum.
2526 1036 2994 1105 Quemadmodum
3033 1038 3180 1093 enim
3196 1045 3365 1106 terra,
3393 1039 3488 1094 lir-

1914 1149 2002 1188 ma
2020 1133 2341 1203 stabilisque
2357 1145 2482 1185 cum
2505 1129 3074 1197 sit,aerecircuml'uso
3090 1131 3487 1195 circumdatur,

1912 1234 1968 1282 et
1997 1225 2225 1281 vestitur
2253 1227 2621 1287 extrinsecus,
2636 1236 2730 1277 aer
2749 1219 2993 1276 ordinem
3012 1236 3270 1292 sequens,
3285 1221 3412 1294 igne
3433 1224 3491 1278 in

1915 1324 2087 1373 semet
2115 1322 2445 1379 sustentata,
2485 1323 2540 1370 et
2590 1328 2781 1370 rursus
2810 1328 2952 1385 aqua
2994 1314 3291 1385 irrequieto
3336 1314 3487 1370 illius

1915 1407 2216 1464 constricta
2231 1406 2489 1472 circuitu,
2514 1405 2595 1463 sic
2612 1414 2666 1463 et
2678 1406 2842 1461 homo
2854 1405 3019 1462 veluti
3033 1413 3178 1461 terra
3196 1394 3490 1463 ex‘ossium

1915 1500 2091 1557 solida
2149 1506 2380 1565 natura,
2427 1514 2701 1567 carneque
2747 1513 2870 1571 qua:
2917 1513 3041 1555 eum
3072 1498 3488 1571 complectitur,

1914 1593 2274 1665 compositus,
2297 1607 2395 1664 per
2421 1607 2584 1649 nares
2615 1592 2846 1648 ﬂabilem
2892 1592 3305 1662 respirationem
3331 1632 3349 1660 ,
3375 1593 3491 1649 vel-

1917 1691 1996 1746 uti
2046 1701 2249 1751 aerem,
2282 1701 2405 1758 quae
2456 1688 2700 1742 innatam
2738 1686 2887 1742 illius
2927 1685 3259 1741 caliditatcm
3290 1687 3493 1743 restin-

1918 1791 2047 1853 guat
2070 1787 2123 1837 et
2149 1779 2457 1853 refrigeret,
2490 1781 2720 1837 sortitus
2759 1788 2865 1835 cst.
2896 1772 3006 1835 Acr
3033 1778 3178 1835 enim
3213 1780 3373 1836 nobis
3396 1796 3490 1836 su-

1916 1889 2015 1945 per
2043 1879 2208 1944 caput
2234 1872 2443 1929 eﬂ'usus
2482 1873 2699 1944 igneam
2729 1874 2872 1929 aeris
2900 1882 3153 1927 naturam
3179 1912 3195 1937 ,
3248 1889 3346 1930 sua
3394 1871 3493 1927 fri-

1914 1965 2144 2037 giditate
2174 1964 2469 2021 inhibendo
2499 1963 2818 2019 animalium
2849 1965 2975 2021 vita;
3006 1966 3276 2022 universae
3295 2006 3311 2031 ,
3353 1974 3494 2021 tem-

1914 2067 2160 2131 peratam
2190 2057 2389 2114 reddit.
2423 2056 2674 2114 Calidum
2708 2057 2855 2128 quod
2904 2059 2958 2114 in
2992 2058 3234 2115 humano
3262 2074 3495 2134 corpore

1914 2160 2021 2217 est,
2059 2151 2406 2207 immodicam
2440 2150 2651 2220 pituitae
2689 2149 3081 2205 abundantiam
3114 2152 3378 2224 dissipat,
3415 2153 3494 2208 uti

1916 2258 2071 2316 aqua:
2103 2244 2525 2314 spissamentum
2552 2240 2972 2313 conglaciatum.
2999 2241 3162 2300 Venae
3184 2252 3239 2301 et
3269 2245 3497 2316 sanguis

1916 2337 1974 2392 in
2013 2336 2122 2392 illis
2150 2334 2438 2390 ﬂuviorum
2472 2333 2649 2388 instar
2676 2350 2736 2391 sc
2764 2334 2988 2390 habent.
3018 2333 3131 2391 lloc
3160 2345 3321 2407 pacto
3348 2335 3497 2393 Deus

1917 2429 2274 2483 homineme
2322 2433 2471 2482 terra
2521 2425 2864 2497 perfectum,
2922 2428 3212 2498 animaque
3261 2429 3500 2486 rationis

1916 2505 2167 2593 compote
2198 2518 2539 2591 insignitum,
2569 2517 2889 2575 deliciarum
2922 2519 3083 2576 horto
3109 2530 3171 2576 ut
3222 2519 3498 2578 frueretur

1915 2611 2211 2668 destinavit
2241 2612 2311 2669 “.
2356 2609 2558 2667 Verum
2590 2610 2680 2666 ubi
2716 2611 2946 2681 imperio
2990 2625 3098 2666 non
3157 2615 3382 2683 paruit,
3440 2613 3496 2669 in

1916 2711 2121 2759 terram
2148 2702 2291 2758 hanc
2315 2701 2397 2757 uti
2429 2699 2686 2755 colonum
2714 2716 2839 2756 eum
2875 2700 3162 2773 ablegavit,
3194 2700 3307 2756 vita
3341 2702 3418 2756 illi
3441 2702 3497 2756 in

1916 2810 1981 2857 ea
2004 2792 2483 2859 calamilosissima
2525 2794 2823 2849 constituta
2863 2792 2929 2845 ¹¹.

1985 2978 2066 3036 Re
2094 2978 2276 3050 itaque
2307 2991 2432 3033 cum
2464 2991 2635 3032 uxore
2681 2974 2792 3030 Eva
2834 2974 3046 3043 habita,
3073 2974 3214 3031 duos
3257 2976 3501 3047 suscepit

234 3065 498 3167 ἐγέννησε
515 3134 532 3159 ,
559 3065 651 3149 τὸν
679 3065 851 3163 Κάϊν,
879 3065 973 3149 καὶ
1004 3095 1099 3149 τὸν
1130 3092 1314 3147 Ἅϐελ.
1345 3091 1457 3148 Καὶ
1549 3091 1647 3164 μὲν
1677 3089 1817 3146 Κάῖν

1924 3072 2146 3137 liberos,
2181 3069 2318 3127 Cain
2354 3076 2410 3123 et
2439 3067 2574 3123 Abel
2602 3069 2669 3124 ".
2731 3065 2867 3123 Cain
2916 3068 3264 3140 agriculturae
3286 3105 3305 3134 ,
3362 3068 3500 3123 Abel

230 3184 302 3261 ἦν
348 3188 614 3263 γεωργὸς,
657 3191 688 3243 6
729 3189 787 3243 δὲ
818 3187 985 3242 Ἅϐελ
1014 3186 1240 3260 ποιμὴν,
1283 3186 1378 3242 καὶ
1426 3185 1521 3241 τοῦ
1568 3182 1817 3257 γεωργοῦ

231 3282 295 3339 οὐ
328 3280 521 3353 μετῄει
551 3280 649 3344 τὰς
679 3279 933 3352 ἀπαρχὰς
967 3279 1077 3334 τῶν
1108 3278 1357 3352 καρπῶν.
1385 3279 1763 3351 Προοήνεγκεν
1790 3277 1819 3329 6

238 3372 410 3427 Ἅϐελ
449 3372 531 3444 τῷ
573 3371 710 3443 Θεῷ·
743 3372 842 3427 καὶ
888 3373 924 3444 ή
968 3370 1132 3425 θυσία
1175 3368 1342 3426 αὑτοῦ
1394 3369 1609 3441 ἐδέχθη.
1657 3368 1715 3422 Ὀ
1762 3367 1820 3422 δὲ

234 3464 402 3528 Κάῖν,
437 3462 654 3533 πρῶτος
701 3463 868 3528 αὐτὸς
914 3461 1024 3517 τῶν
1060 3460 1414 3534 γεννωμένων
1455 3458 1820 3532 ἐμφορηθεὶς,

233 3556 413 3622 οὕτως
440 3557 727 3628 ἀνήνεγκεο
756 3556 850 3610 καὶ
881 3554 1106 3619 άδεκτος
1135 3551 1302 3609 αὐτοῦ
1328 3554 1362 3625 ἡ
1392 3550 1552 3607 θυσία
1582 3551 1817 3621 ἐγένετο.

236 3649 352 3703 Καὶ
388 3648 665 3720 ὀργισθεὶς
709 3649 804 3702 ἐπὶ
845 3646 1019 3717 τούτῳ
1045 3649 1074 3702 6
1104 3645 1279 3711 Κάῖν.,
1307 3644 1486 3701 ἀνεῖλε
1516 3643 1695 3714 φθόνῳ
1729 3642 1822 3697 τὸν

236 3742 470 3814 ἀδελφὸν
494 3741 680 3796 αὐτοῦ·
715 3741 810 3795 καὶ
842 3743 872 3795 6
918 3740 1050 3805 Θεὸς
1093 3740 1365 3812 ἐπάρατον
1393 3736 1556 3791 αὐτὸν
1595 3734 1823 3807 ποιησά-

241 3852 425 3908 μενος,
452 3837 549 3889 καὶ
578 3834 676 3907 τῆς
715 3833 820 3905 γῆς
852 3833 1067 3905 ἐκείνης
1099 3829 1372 3897 ἐξέϐαλεν.
1417 3830 1476 3883 '0
1502 3828 1580 3892 δὲ,
1622 3827 1821 3901 πολλὴν

238 3927 643 3999 περινοστήσας
670 3926 811 3991 ὁδὸν,
840 3927 922 3990 είς
963 3925 1129 3979 τόπον
1158 3922 1282 3979 τινὰ
1318 3923 1528 3976 Καῖνᾶν
1554 3918 1818 3993 ὀνομαζό-

244 4037 404 4093 μενον
422 4015 574 4092 ἦλθε,
601 4019 697 4074 καὶ
719 4020 900 4074 πᾶσαν
923 4018 1317 4091 ἀῤῥητοποιίαν
1345 4016 1665 4089 μετήρχετο,
1691 4015 1819 4079 τοὺς

239 4113 537 4185 παριόντας
560 4112 873 4183 ἐνεδρεύων,
901 4110 997 4165 καὶ
1023 4108 1262 4182 ἀναιρῶν
1279 4148 1295 4175 ,
1322 4109 1417 4162 καὶ
1443 4109 1510 4162 ἐκ
1547 4107 1656 4162 τῶν
1689 4107 1819 4162 σκύ-

238 4206 350 4260 λων
375 4205 673 4278 χρημάτων
703 4203 952 4273 συνάγων
980 4200 1183 4273 πλῆθος
1207 4199 1501 4273 ἀμύθητον.

1920 3164 2189 3237 pecuarim
2216 3161 2472 3219 studebat
2497 3160 2565 3225 “,
2598 3175 2702 3217 nec
2730 3161 2836 3216 ulla
2870 3175 2997 3216 cum
3034 3160 3170 3215 Cain
3218 3158 3502 3214 familiari-

1918 3265 2029 3313 tate
2055 3255 2410 3328 jungebatur.
2464 3253 2602 3308 Abel
2643 3251 2914 3323 primitias
2943 3251 3054 3308 Deo
3102 3252 3339 3319 obtulit,
3375 3267 3496 3324 qua:

1919 3352 1988 3407 ab
2031 3351 2125 3406 illo
2173 3347 2414 3421 gratiose
2462 3352 2698 3416 accepta:
2723 3353 2855 3401 sunt
2877 3347 2945 3399 ’⁸.
2978 3345 3112 3401 Cain
3149 3345 3386 3416 primum
3436 3359 3499 3400 se

1919 3448 2088 3505 rebus
2120 3444 2285 3502 editis
2326 3440 2543 3499 abunde
2581 3446 2933 3496 exsaturatus
2954 3478 2972 3502 ,
3024 3438 3234 3495 hostias
3266 3438 3516 3510 pmbim

1923 3539 1990 3596 ad
2024 3536 2353 3596 sacriﬁcium
2382 3574 2399 3601 ,
2461 3547 2586 3606 quae
2617 3531 2875 3588 'minlme
2923 3530 3184 3602 jucunda:
3231 3530 3385 3587 fuere
3446 3528 3513 3586 “.

1922 3631 2153 3703 Propter
2180 3631 2284 3687 hoc
2321 3630 2558 3702 graviter
2589 3623 2880 3689 exardens,
2916 3622 3218 3680 invidentia
3273 3621 3511 3677 fratrem

1923 3725 2141 3782 necavit
2186 3725 2260 3789 ’³,
2283 3730 2340 3779 et
2384 3721 2530 3779 Deus
2563 3717 2959 3777 exsecrandum
3010 3723 3066 3772 et
3124 3711 3512 3773 detestabilem

1923 3818 2181 3876 omnibus
2204 3817 2564 3881 declaratum,
2597 3830 2666 3871 ex
2696 3813 2789 3868 illa
2815 3819 2962 3868 terra
2994 3808 3155 3881 ejecit
3175 3848 3191 3875 ,
3227 3808 3322 3879 qui
3363 3808 3513 3860 mul-

1925 3913 1996 3969 tis
2039 3911 2362 3982 magnisque
2420 3908 2711 3965 itineribus
2754 3903 3164 3977 peregrinatus,
3209 3902 3265 3957 in
3318 3899 3510 3955 locum

1924 4002 2213 4075 quemdam
2273 4000 2483 4058 Cainan
2538 4002 2914 4077 nuncupatum
2981 3991 3221 4066 appulit,
3286 3990 3343 4045 in
3390 4004 3503 4060 quo

1925 4112 2088 4153 omne
2141 4094 2296 4153 nel‘as
2348 4093 2639 4165 scelusque
2677 4088 3033 4152 admittebat,
3090 4086 3328 4142 viatores
3363 4098 3505 4155 prac-

1850 4194 1897 4250 D
1925 4197 2206 4247 tereunles
2255 4189 2471 4246 insidiis
2513 4184 2927 4259 aggrediebatur
2955 4193 3160 4252 eosque
3201 4175 3506 4234 occidendo

240 4270 698 4368 ipse'latr-ociniis
721 4270 964 4352 intentus
990 4270 1202 4365 prmdas
1223 4270 1438 4363 agebat,
1483 4299 1539 4349 et
1585 4308 1652 4350 ex
1690 4297 1880 4367 εροιίίε
1929 4283 2270 4339 innumeram
2299 4281 2403 4339 sibi
2436 4278 2681 4353 pecuniae
2709 4273 3133 4339 multitudinem,
3157 4286 3281 4342 qua:
3321 4270 3505 4327 verbis

238 4390 432 4460 nequit
459 4388 743 4460 explicari,
772 4389 1004 4459 paravit.

311 4480 538 4554 Πρῶτος
582 4480 640 4534 δέ
672 4481 811 4535 Κάῖν
843 4480 1049 4551 μέτρα,
1076 4480 1174 4534 καὶ
1214 4476 1510 4549 σταθμοὺς,
1538 4476 1634 4531 καὶ
1662 4474 1821 4547 ὅρους

240 4573 346 4646 γῆς
377 4573 639 4645 ἐπενόησε
657 4612 674 4637 ,
710 4572 806 4627 καὶ
851 4570 1138 4643 οἰκοδομὴν
1181 4568 1410 4633 πόλεως,
1455 4568 1676 4622 πάντων
1710 4565 1822 4620 τῶν

241 4664 364 4719 κατ’
398 4666 576 4719 ἐκεῖνο
601 4662 795 4734 καιροῦ
822 4662 915 4717 τὸν
943 4663 1197 4735 ἀκέραιον
1230 4661 1324 4715 καὶ
1353 4658 1682 4732 ἀπράγμονα
1708 4656 1822 4729 βίον

240 4757 660 4829 ἀσπαζομένων.
698 4756 756 4811 '0
794 4755 853 4809 δὲ
898 4754 1088 4826 Ἀδάμ,
1114 4754 1289 4826 μένων
1318 4753 1377 4807 ἐν
1410 4745 1456 4821 ᾧ
1485 4750 1633 4822 τόπῳ
1666 4748 1826 4818 ἐτύγ-

238 4867 394 4921 χανε,
423 4848 653 4913 πολλοὺς
677 4848 875 4913 παῖδας
899 4848 996 4902 καὶ
1021 4847 1325 4917 θυγατέρας
1357 4844 1633 4916 ἐποίησεν,
1661 4842 1720 4897 ἐν
1741 4836 1824 4906 οἷς

241 4928 516 5014 ἐξαίρετός
555 4959 639 5006 τις
675 4942 917 5014 ὑπῆρχεν
942 4940 972 4992 6
1001 4940 1132 5014 Σὴθ,
1169 4942 1319 5004 ὅστις
1358 4940 1418 4994 ἐν
1448 4937 1633 5012 ἡλικίᾳ
1669 4937 1822 5005 γενό-

246 5048 407 5103 μενος
435 5031 637 5096 πολλάς
662 5032 866 5104 ἀρετὰς
905 5032 1215 5105 ἐπενόησεν,
1245 5025 1320 5086 ὧν
1351 5032 1446 5086 καὶ
1467 5031 1593 5094 τοὺς
1620 5029 1823 5098 ἀπογό-

243 5140 368 5187 νους
396 5123 561 5178 αὐτοῦ
585 5123 830 5196 ζηλωτὰς
852 5124 1258 5178 καταλέλοιπεν.
1289 5117 1457 5187 Οὗτος
1477 5122 1587 5195 γὰρ
1608 5121 1823 5192 πρῶτος

243 5216 610 5292 ἀστρονομίαν
642 5216 738 5271 καὶ
780 5217 962 5270 πᾶσαν
1006 5216 1104 5288 τὴν
1134 5214 1383 5287 οὐράνιον
1418 5211 1617 5284 ἐφεῦρε
1644 5211 1824 5266 διακό-

247 5327 470 5382 σμησιν,
494 5310 687 5379 ἥντινα
722 5309 851 5380 ἄχρι
892 5307 1001 5361 τῶν
1045 5306 1289 5378 ἐσχάτων
1315 5306 1520 5379 χρόνων
1551 5304 1823 5376 διαμεῖναι

241 5402 467 5456 τοιῶσδε
492 5404 521 5456 6
544 5401 715 5472 ’Δδὰμ
729 5401 805 5469 (1)
820 5399 1218 5472 παρεσκεύασε
1238 5399 1442 5469 μέλλων
1452 5397 1560 5472 γὰρ
1570 5396 1823 5468 τελευτᾷν

240 5494 273 5547 6
315 5494 488 5565 ’Δδάμ
514 5493 846 5567 προφητεύει
871 5493 986 5554 τοῖς
1020 5491 1179 5544 παισὶ
1205 5489 1417 5561 μέλλειν
1445 5489 1534 5543 τὸν
1565 5489 1698 5543 Θεὸν
1725 5489 1822 5560 τὴν

315 5627 360 5661 ¹⁹
395 5625 525 5685 Gen.
550 5626 698 5692 I,‘z7.
774 5628 822 5660 ’°
849 5627 978 5682 Gen.
1005 5627 1140 5694 “,8.
1217 5627 1260 5658 ²¹
1293 5622 1421 5684 Gen.
1457 5643 1539 5692 ιιι,
1562 5627 1656 5682 24.
1733 5628 1777 5659 ¹¹²
1810 5635 1817 5676 ι

1927 5666 1939 5681 .
1973 5639 2047 5688 ιν,
2078 5622 2128 5675 1.

250 5700 337 5757 ll.
416 5700 461 5732 "’
501 5699 636 5755 Gen.
684 5715 758 5767 Iv,
808 5699 898 5755 l7.
978 5699 1023 5731 ³⁸
1059 5698 1202 5754 Ibid.
1236 5697 1330 5752 ‘25.

1996 4467 2214 4523 Primus
2236 4465 2373 4522 Cain
2399 4476 2689 4521 mensuras
2725 4469 2781 4517 et
2824 4457 3089 4530 pondera,
3127 4463 3398 4528 terraeque
3438 4448 3508 4512 li-'

1929 4563 2090 4618 mites
2123 4560 2373 4626 invenit;
2407 4557 2803 4625 civitatumque
2851 4557 3159 4608 structuras
3182 4588 3199 4613 ,
3250 4550 3510 4630 omnibus

1928 4662 2060 4709 tunc
2090 4651 2352 4723 temporis
2384 4647 2685 4718 simplicem
2718 4644 3050 4714 minimeque
3095 4641 3372 4697 curiosam
3423 4639 3508 4695 vi-

1929 4756 2040 4802 tam
2075 4742 2530 4816 amplectentibus
2551 4740 2618 4794 "’.
2651 4736 2825 4792 Adam
2850 4751 2982 4792 vero
3013 4733 3206 4789 iisdem
3233 4732 3369 4788 locis
3398 4731 3505 4786 im—

1930 4846 2196 4901 moratus,
2230 4836 2412 4908 plures
2462 4831 2603 4888 (ilios
2651 4827 2903 4899 ﬁliasque
2938 4825 3167 4889 habuit,
3219 4824 3274 4878 in
3307 4823 3507 4894 quibus

1928 4931 2237 5002 praecipuus
2268 4934 2385 4984 erat
2417 4918 2551 4981 S'eth
2591 4922 2668 4987 ⁸³,
2707 4919 3001 4991 ηιιί,ωιιιιε
3031 4917 3276 4978 ineunte.
3304 4915 3510 4968 multas

1929 5025 2134 5095 reperit
2164 5022 2427 5082 virtutes,
2474 5028 2707 5087 quarum
2741 5011 3046 5066 imitatores
3079 5014 3330 5078 posteros
3382 5002 3512 5059 reli-

1930 5119 2067 5189 quit.
2103 5114 2203 5169 llic
2231 5112 2377 5169 enim
2418 5107 2629 5180 primus
2671 5109 2945 5159 astrorum
2992 5098 3277 5154 scientiam
3307 5103 3509 5151 totam-

1930 5187 2036 5283 que
2099 5220 2283 5263 rerum
2316 5199 2648 5259 -cmlestium
2709 5193 3043 5264 descriptam
3098 5187 3545 5245 distinctionemv

1930 5301 2294 5373 echgitavit;
2342 5311 2528 5369 quam,
2560 5310 2628 5349 ne
2654 5289 2916 5347 extremis
2941 5282 3284 5356 temporibus
3310 5296 3511 5373 evane-

1932 5370 2144 5457 sceret,
2193 5390 2286 5446 tali
2338 5386 2691 5444 meditatione
2742 5392 2986 5449 curaque
3023 5373 3280 5431 servavit.
3335 5370 3509 5427 Adam

1930 5487 2099 5550 enim,
2137 5481 2299 5538 morti
2330 5478 2566 5543 vicinus,
2597 5473 2769 5529 Deum
2800 5471 3111 5526 universam
3148 5464 3291 5519 hanc
3321 5460 3514 5517 mundi

2206 5618 2251 5650 "
2270 5613 2410 5671 Ibid.
2437 5614 2493 5668 2.
2570 5610 2618 5643 ⁸⁵
2642 5607 2783 5664 Ibid.
2811 5607 2863 5661 3.
2940 5602 2988 5635 ³⁸
3017 5600 3157 5657 Ibid.
3183 5600 3238 5657 5.
3316 5597 3511 5656 ¹⁶1ὁια.

323 5815 402 5891 (ι)
428 5815 606 5872 Voces
634 5816 663 5869 6
691 5816 882 5889 Ἀδάμ,
913 5812 1066 5889 lapsu
1099 5815 1494 5888 typographico
1517 5813 1627 5869 huc
1646 5810 1938 5881 irrepsisse
1961 5804 2235 5869 videntur,
2260 5815 2437 5872 neque
2453 5812 2547 5855 eas
2573 5796 2703 5868 legit
2738 5793 3029 5865 interpres.
3063 5790 3222 5847 Emr.
3255 5787 3431 5843 Pun.
