3840 6164
314 208 409 272 73’!

1183 213 1238 268 S.
1284 212 1727 295 EUSTATIIIUS
1763 209 2250 268 ANTIOCHENUS
2285 206 2684 265 EPISCOPUS.

3449 203 3554 258 752

316 344 564 390 naturam
594 340 648 389 et
676 332 800 405 igne
828 338 883 388 et
908 345 1048 403 aqua
1079 332 1589 399 exterminaturum,
1614 332 1741 388 ﬁliis
1773 332 1887 387 suis

1999 334 2045 384 ὲν
2096 331 2282 402 κόσμῳ
2329 328 2488 398 φύσιν
2542 323 2860 392 ἀπαλείφειν
2909 320 3040 392 πυρὶ
3098 319 3191 374 καὶ
3248 318 3421 375 ὕδατι·
3458 322 3554 375 καὶ

314 428 675 492 vaticinatur;
705 439 815 495 quo
852 424 1061 489 audito,
1095 425 1188 495 qui
1218 438 1329 479 una
1361 439 1485 479 cum
1519 421 1649 477 Seth
1686 430 1845 478 erant
1868 463 1883 487 ,

314 522 453 576 duas
477 525 774 575 erexerunt
802 517 1107 582 columnas,
1142 532 1304 572 unam
1342 516 1564 586 quidem
1593 531 1657 571 ex
1682 515 1884 586 lapide.

315 614 541 668 alteram
569 609 843 665 cassilibus
872 607 1154 665 laterculis
1184 615 1521 663 exstructam
1542 648 1557 673 ,
1599 614 1655 663 et
1712 608 1768 662 in
1802 607 1888 664 his

314 719 508 760 omnes
559 703 683 759 coeli
737 709 916 758 motus
974 700 1402 770 inscripserunt,
1467 715 1537 754 ne
1591 714 1780 754 eorum
1832 700 1889 754 in

317 804 590 852 astrorum
619 795 846 853 scientia
882 793 1291 849 observationes
1323 792 1651 862 inventaque
1705 792 1887 863 aliqua

315 888 635 943 obscuraret
679 880 900 942 oblivio.
955 882 1013 939 Si
1056 884 1200 940 enim
1230 898 1371 954 aqua
1423 884 1606 938 omnia
1636 885 1889 940 consumi

315 979 655 1051 contigisset,
683 977 896 1049 lapidea
920 977 1016 1031 illa
1045 976 1297 1030 columna
1340 984 1793 1043 conservaretur;
1842 976 1890 1032 si

318 1070 475 1141 igne,
520 1078 806 1148 testacea;s
835 1083 961 1123 cum
1002 1068 1187 1138 itaque
1245 1072 1398 1139 aquae
1439 1069 1637 1138 pluviae
1690 1078 1889 1123 terram

318 1162 696 1228 inundassent,
730 1161 940 1232 lapidea
968 1160 1287 1231 permansit,
1318 1176 1438 1231 quae
1471 1161 1539 1216 ad
1570 1162 1685 1218 haec
1718 1178 1891 1233 usque

317 1262 561 1324 tempora
596 1254 651 1308 in
686 1264 833 1309 terra
868 1251 1079 1307 Seiriad
1101 1258 1285 1308 erecta
1306 1253 1665 1324 conspicitur.

387 1346 588 1402 Genuit
617 1361 784 1417 porro
834 1345 971 1402 Cain
1021 1344 1227 1413 Enoch,
1259 1351 1315 1400 et
1352 1345 1540 1400 Enoch
1566 1345 1773 1401 Gaidad
1793 1388 1807 1412 ,
1837 1353 1893 1401 et

319 1438 529 1494 Gaidad
556 1438 818 1506 Maleleel,
847 1434 1184 1494 et‘Maleleel
1213 1438 1538 1505 Mathusala,
1579 1446 1633 1495 et
1673 1438 1761 1493 hic
1790 1437 1893 1492 La-

318 1529 499 1595 mech,
533 1532 629 1602 qui
671 1529 809 1586 duas
837 1530 993 1585 duxit
1040 1546 1238 1586 uxores
1279 1530 1436 1586 Adan
1469 1539 1523 1587 et
1576 1518 1775 1594 Selan,
1826 1546 1894 1587 ex

318 1623 519 1693 quibus
574 1633 686 1680 tres
747 1623 935 1678 habuit
978 1622 1136 1688 ﬁlios,
1170 1638 1238 1679 ex
1270 1624 1426 1679 Adan
1463 1613 1638 1691 Jobel,
1672 1626 1766 1696 qui
1794 1625 1892 1695 ju-

1987 422 2319 485 ἀκούσαντες
2364 422 2414 473 οί
2458 414 2587 489 περὶ
2625 415 2717 469 τὸν
2756 412 2863 486 Σὴθ
2904 405 2998 466 δύο
3040 411 3241 483 στήλας
3272 412 3553 482 ἐποίησαν,

1987 516 2087 587 τὴν
2130 514 2226 585 μὲν
2269 515 2334 567 ἐκ
2381 510 2565 573 λίθου,
2611 502 2712 579 τὴν
2751 504 2809 560 δὲ
2836 505 2895 569 ἐξ
2924 500 3095 575 ὀπτῆς
3124 503 3342 556 πλίνθου
3383 521 3555 556 κατα-

1990 603 2367 666 σκευάσαντες·
2386 600 2480 654 καὶ
2494 601 2551 652 ἐν
2565 597 2787 659 ταύταις
2806 597 2982 649 πᾶσαν
3002 592 3099 665 τὴν
3118 593 3178 646 οὐ
3188 594 3365 665 ράιιιον
3387 593 3558 665 φοράν

1990 693 2343 768 ἐνεχάραξαν,
2372 693 2510 764 πρὸς
2551 690 2613 744 τὸ
2658 689 2731 761 μὴ
2757 687 2986 759 ἄληστον
3027 686 3127 758 τὴν
3170 686 3270 756 τῆς
3303 686 3560 757 ἀστρονο-

1994 789 2122 861 μίας
2166 786 2343 841 αὐτῶν
2389 783 2640 852 γενέσθαι
2675 781 2911 853 εὕρεσιν
2953 780 3069 845 ἵνα,
3097 780 3146 831 εί
3184 777 3282 848 μὲν
3315 776 3466 830 ὕδατι
3492 777 3561 829 τὰ

1988 879 2165 932 πάντα
2195 876 2494 948 φθείρεται,
2540 875 2574 944 ἡ
2608 872 2807 936 λίθινος
2846 869 3011 942 στήλη
3043 869 3397 939 φυλάττηται,
3432 870 3479 922 εί
3501 868 3559 920 δὲ

1989 970 2143 1042 πυρὶ,
2178 971 2211 1041 ἡ
2242 966 2605 1040 ὀστρακώδης.
2634 966 2936 1035 Γενομένης
2965 958 3057 1015 οὖν
3080 964 3178 1032 τῆς
3201 961 3559 1033 κατομόρίας,

1990 1062 2023 1131 ὴ
2054 1058 2252 1121 λίθινος
2287 1057 2456 1127 στήλη
2486 1056 2772 1126 διέμεινεν,
2801 1055 2921 1125 ἥτις
2943 1054 3069 1126 ἄχρι
3099 1053 3197 1125 τῆς
3228 1051 3383 1124 δεῦρο
3412 1051 3562 1123 μένει

1988 1154 2047 1205 ἐν
2081 1154 2152 1224 γῇ
2186 1152 2252 1223 τῇ
2283 1147 2534 1220 Σηῖρειάδ
2557 1146 2925 1218 ἐστηλωμένη.

2072 1331 2358 1403 Ἐγέννησε
2384 1329 2442 1383 δε
2476 1331 2504 1382 6
2532 1330 2671 1384 Κάῖν
2707 1329 2797 1383 τὸν
2845 1328 3033 1400 Ἑνὼχ,
3076 1327 3170 1381 καὶ
3194 1329 3223 1381 6
3265 1324 3434 1397 Ἑνὼχ
3469 1324 3563 1380 τὸν

1988 1424 2204 1487 Γαῖδάδ,
2233 1423 2328 1477 καὶ
2355 1424 2384 1475 6
2419 1421 2614 1476 Γαϊδάδ
2638 1421 2726 1475 τὸν
2754 1420 3053 1491 Μαλελεήλ,
3096 1419 3189 1473 καὶ
3224 1421 3253 1473 6
3281 1418 3564 1490 Μαλελεὴλ

1989 1517 2081 1570 τὸν
2108 1514 2466 1581 Μαθουσάλα,
2494 1514 2589 1568 καὶ
2627 1508 2781 1576 οὗτος
2811 1511 2901 1567 τὸν
2931 1513 3144 1582 Λάμεχ.
3171 1511 3282 1565 Καὶ
3315 1511 3345 1563 6
3370 1509 3563 1580 Λάμεχ

1991 1608 2084 1662 δύο
2109 1609 2370 1677 γυναῖκας
2401 1605 2656 1675 ἠγάγετο,
2699 1603 2857 1658 Ἀδάν
2885 1604 2979 1656 καὶ
3008 1603 3194 1667 Σελάν,
3233 1601 3327 1654 καὶ
3368 1601 3426 1666 ἐξ
3465 1600 3568 1654 αύ-

322 1688 500 1769 menta
525 1730 626 1770 suo
654 1714 836 1772 studio
861 1716 1146 1780 educabat,
1169 1724 1222 1772 et
1249 1714 1409 1772 Jubal
1446 1716 1538 1790 qui
1571 1688 1889 1787 psalterium

1999 1697 2098 1752 τῶν
2139 1699 2289 1768 τρεῖς
2338 1695 2529 1758 παῖδας
2573 1694 2846 1765 ἐποίησεν,
2889 1693 2954 1746 ἐκ
2999 1693 3096 1762 μὲν
3125 1692 3224 1762 τῆς
3273 1688 3428 1743 ’Δδάν
3470 1688 3565 1741 τὸν

319 1807 693 1879 citharamque
716 1808 922 1863 invenit
944 1826 960 1874 ;
992 1824 1060 1863 ex
1078 1807 1240 1864 Selan
1260 1808 1486 1874 Thobel,
1506 1810 1597 1880 qui
1623 1809 1890 1866 malleolis

318 1918 394 1959 aes
423 1901 733 1972 ferrumque
763 1903 1006 1958 excussit
1037 1903 1102 1957 ".
1151 1902 1323 1957 Adam
1350 1912 1528 1959 autem
1566 1919 1690 1958 cum
1719 1903 1889 1959 vixis-

320 2004 404 2052 set
426 1995 585 2056 annis
612 1995 899 2051 duodecim
927 2006 979 2051 et
1008 1997 1318 2067 nongentis,
1344 1998 1455 2053 vita
1469 1996 1684 2055 functus
1712 2004 1798 2054 est
1821 1997 1886 2052 ⁸⁵.

380 2233 560 2308 Ἑιιοε,
590 2243 733 2300 ﬁlius
757 2242 886 2300 Seth
912 2284 929 2311 ,
977 2260 1175 2301 nomen
1220 2244 1434 2300 Domini
1469 2247 1706 2316 speravit
1737 2246 1894 2301 invo-

320 2343 450 2391 care
477 2335 520 2368 “
551 2353 565 2391 :
593 2336 687 2407 qui
716 2351 839 2391 cum
868 2336 1094 2392 vixisset
1109 2337 1266 2391 annis
1318 2351 1458 2401 ειν,
1513 2346 1762 2394 mortuus
1787 2348 1889 2407 est,

319 2435 372 2481 et
398 2425 540 2481 illius
564 2427 736 2497 ipsius
767 2426 976 2482 Cainan
1005 2428 1141 2482 vixit
1170 2429 1328 2484 annis
1378 2443 1540 2495 cunx,
1561 2436 1615 2483 et
1642 2438 1892 2486 mortuus

318 2522 438 2586 est;
469 2517 710 2574 Maleleel
746 2518 889 2575 ﬁlius
912 2520 1032 2590 ejus
1064 2520 1223 2576 annis
1263 2535 1530 2587 nccxcxv,
1562 2530 1615 2578 et
1644 2530 1893 2579 mortuus

318 2617 424 2668 est.
454 2610 629 2683 Hujus
683 2611 825 2667 ﬁlius
856 2610 1017 2668 Jared
1055 2614 1191 2667 vixit
1244 2615 1403 2669 annis
1477 2629 1614 2679 cxx,
1663 2622 1717 2671 et
1745 2629 1893 2669 mor-

318 2706 450 2760 tuus
477 2711 589 2771 eSt;
641 2702 784 2760 illius
808 2703 974 2759 σοι·εά
1006 2704 1215 2771 Enocb,
1242 2722 1366 2761 cum
1399 2706 1544 2777 apud
1573 2706 1739 2762 Deum
1773 2707 1895 2776 plu-

319 2794 519 2849 rimum
545 2794 715 2866 gratia
741 2796 1043 2865 potuisset,
1075 2797 1372 2853 translatus
1406 2804 1511 2860 est,
1542 2795 1700 2866 cujus
1751 2796 1894 2851 ﬁlius

321 2884 627 2941 Mathusala
662 2886 799 2941 vixit
872 2889 1031 2942 annis
1070 2902 1331 2953 ncccxrx,
1377 2895 1431 2944 et
1477 2894 1725 2943 mortuus
1770 2893 1891 2954 est;

318 2975 636 3033 etLamech
683 2978 827 3035 ﬁlius
892 2978 1236 3050 Mathusalaa,
1285 2994 1411 3036 cum
1485 2980 1644 3037 annis
1698 2994 1893 3035 nccuu

319 3070 568 3138 Vixisset,
597 3070 734 3125 Obiit
756 3064 834 3126 6".

387 3245 624 3305 Lamech
667 3248 813 3306 ﬁlius
840 3247 973 3314 Noe,
1008 3251 1099 3322 qui
1127 3250 1299 3308 rebus
1326 3251 1780 3307 administrandis
1809 3267 1896 3308 re-

318 3339 578 3410 gendisve
596 3342 1078 3408 'summa'virtdte,
1110 3349 1186 3407 et,
1214 3353 1274 3397 ut
1304 3358 1403 3415 par
1431 3351 1580 3407 erat,
1609 3359 1733 3398 cum
1762 3359 1897 3415 gau-

318 3430 432 3494 dio,
464 3431 719 3487 omnibus
750 3433 993 3487 omnium
1037 3448 1296 3504 generum
1336 3433 1661 3489 mortalibus
1685 3472 1701 3498 ,
1754 3441 1816 3487 ut
1863 3448 1895 3488 a

317 3522 465 3579 vitiis
490 3523 868 3589 abhorrerent,
900 3525 1156 3581 virtutem
1192 3525 1669 3594 amplecterentur,
1697 3526 1895 3581 suade-

318 3615 447 3682 bat;
486 3615 554 3671 ad
604 3616 892 3687 septimam
950 3616 1096 3672 enim
1149 3624 1365 3673 aetatem
1412 3632 1589 3687 usque
1646 3616 1895 3674 homines

320 3705 490 3762 Deum
521 3721 704 3763 rerum
734 3704 975 3761 omnium
1011 3707 1453 3764 Dominumsesse
1484 3708 1590 3764 sibi
1624 3708 1759 3779 ipsis
1786 3717 1895 3764 sta-

318 3797 565 3867 tuebant,
584 3798 965 3868 justitiamque
986 3799 1334 3869 expetebant.

391 3887 637 3945 Tandem
674 3890 994 3960 longinquo
1043 3892 1309 3960 temporis
1352 3906 1480 3956 usu,
1529 3892 1786 3947 omnibus
1833 3907 1894 3947 se

319 3979 471 4035 vitiis
499 3979 878 4049 inquinarunt,
905 3994 939 4047 ξ
964 3980 1162 4050 quibus
1189 3996 1286 4045 eqs
1314 3996 1440 4035 cum
1475 3979 1609 4046 Noe,
1635 3989 1695 4035 ut
1723 3982 1895 4037 absti-

320 4077 539 4134 nerent,
590 4085 702 4125 non
754 4078 940 4140 posset
984 4070 1266 4137 inducere,
1327 4086 1519 4127 eorum
1576 4073 1894 4128 societatem

320 4160 717 4228 stomachatus,
754 4162 813 4216 in
860 4162 998 4218 alios
1047 4177 1109 4219 se
1150 4170 1423 4219 terrarum
1471 4163 1613 4219 situs
1638 4164 1887 4218 contulit.

319 4253 459 4311 Huic
479 4254 623 4311 Deus
639 4254 937 4322 mandavit,
954 4262 1013 4309 ut
1039 4269 1220 4311 arcam
1249 4255 1540 4312 aediﬁcaret
1555 4257 1696 4323 “'“,
1711 4264 1888 4312 tecto-

2004 1788 2213 1861 Ἰωὸὴλ,
2244 1789 2393 1852 ὅστις
2416 1785 2782 1858 »κτηνοτρόφος
2810 1782 3057 1852 ἐγένετο,
3089 1783 3180 1835 καὶ
3205 1781 3295 1836 τὸν
3333 1778 3563 1841 Ἰουὸἀλ,

1990 1883 2050 1947 ὃς
2070 1881 2364 1953 ψαλτήριον
2385 1879 2479 1933 καὶ
2506 1878 2734 1951 κιθάραν
2763 1877 3000 1950 ἐξεῦρεν.
3046 1876 3139 1928 Ἐκ
3179 1875 3238 1928 δὲ
3275 1874 3374 1944 τῆς
3395 1872 3577 1927 Σελάν-

1991 1971 2083 2022 τὸν
2132 1967 2326 2032 Θόϐελ,
2372 1968 2520 2031 ὅστις
2566 1966 2905 2038 σφυροκόπος
2945 1963 3147 2037 χαλκοῦ
3201 1964 3295 2016 καὶ¹
3346 1962 3563 2034 σιδήρου

1992 2060 2228 2130 ἐγένετο.
2272 2060 2328 2114 '0
2355 2059 2412 2113 δὲ
2444 2060 2632 2131 Ἀδὰμ,
2667 2059 2838 2130 ζήσας
2865 2058 2958 2130 ἐτη
2988 2057 3270 2112 ἐννακόσια
3299 2056 3431 2110 δέκα
3448 2054 3564 2121 δύο,

1991 2152 2281 2209 ἀπέθανεν.

2076 2242 2239 2308 Ἐνὼς
2283 2243 2340 2297 δὲ
2389 2243 2503 2308 υίὸς
2547 2241 2641 2296 τοῦ
2683 2242 2790 2315 Σὴθ
2832 2241 3057 2315 ἤλπισεν
3087 2239 3461 2295 ἐπικαλεῖσθαι
3502 2236 3571 2293 τὸ

1992 2338 2164 2410 ὄνομα
2193 2336 2415 2408 Κυρίουδ
2462 2336 2631 2408 ζήσας
2672 2336 2729 2390 δὲ
2774 2336 2868 2409 ἐτη
2913 2336 3196 2390 ἐννακόσια
3226 2335 3389 2388 πέντε
3433 2334 3568 2388 ἁπέ-

1994 2431 2142 2485 θανε.
2176 2429 2287 2483 Καὶ
2312 2431 2341 2480 6
2363 2428 2477 2491 υίὸς
2508 2426 2674 2481 αὑτοῦ
2704 2427 2933 2492 Καϊνὰν,
2961 2426 3130 2499 ζήσας
3159 2426 3252 2498 ἔτη
3280 2426 3567 2479 ἐννακόσια

1992 2521 2144 2585 δέκα,
2172 2519 2522 2592 ἐτελεύτησε.
2573 2520 2681 2573 Καὶ
2722 2522 2751 2573 6
2784 2520 2900 2582 υίὸς
2924 2518 3229 2590 Μαλελεήλ,
3261 2517 3433 2589 ζήσας
3470 2517 3565 2590 ἔτη

1994 2614 2289 2668 ἑπτακόσια
2335 2613 2681 2684 ἐννενήκοντα
2712 2612 2868 2668 πέντε
2892 2653 2907 2677 ,
2951 2611 3239 2665 ἀπέθανεν.
3276 2613 3335 2665 ’0
3364 2611 3422 2665 δὲ
3448 2609 3573 2667 τού-

1993 2723 2088 2760 του
2112 2708 2225 2771 υἱὸς
2251 2705 2444 2778 Ἰάρεδ,
2471 2706 2564 2778 ἐτη
2601 2704 2805 2776 βιώσας
2829 2706 3112 2760 ἐννακόσια
3141 2694 3424 2776 ἐξήκοντα,
3453 2707 3569 2757 ἐτεὁ

1994 2800 2274 2871 λεύτησεν.
2306 2798 2412 2852 Τοῦ
2458 2797 2515 2852 δέ
2571 2797 2742 2868 Ἰάρεδ
2786 2798 2900 2860 υἱὸς
2956 2796 3145 2867 Ἑνὼχ,
3195 2797 3571 2868 εύαρεστήσας

1995 2883 2072 2955 τῷ
2116 2884 2262 2956 Θεῷ,
2313 2883 2595 2955 μετετέθη.
2635 2884 2693 2936 '0
2735 2883 2792 2937 δὲ
2841 2884 2955 2948 υἱὸς
2995 2884 3159 2938 αὐτοῦ
3202 2883 3568 2948 Μαθουσάλα,

1997 2974 2170 3047 ζήσας
2201 2975 2296 3047 ἐτη
2340 2976 2639 3031 ἑπτακόσια
2685 2976 2780 3029 καὶ
2824 2975 3084 3047 ἐξήκοντα
3116 2976 3271 3029 ἐννέα
3295 3017 3312 3043 ,
3359 2974 3570 3029 ἐτελεύ-

1995 3085 2147 3141 τησε.
2177 3069 2368 3140 Λάμεχ
2411 3069 2469 3122 δὲ
2493 3070 2523 3123 ὁ
2547 3067 2661 3132 υίὸς
2692 3067 3041 3132 Μαθουσάλα,
3074 3067 3245 3138 ζήσας
3278 3067 3371 3140 ἔτη
3406 3070 3575 3121 ἑπτα-ι

1996 3159 2153 3212 κόσια
2182 3160 2514 3228 πεντήκοντα
2538 3157 2684 3230 τρία,
2718 3157 3006 3212 ἀπέθανεν.

2065 3249 2251 3321 Τούτῳ
2282 3249 2359 3321 τῷ
2388 3249 2582 3321 Λάμεχ
2622 3249 2738 3313 υἱὸς
2775 3248 2898 3301 Νῶε
2935 3248 3151 3318 ἐγένετο
3174 3249 3401 3320 ἀρεταῖς
3433 3249 3572 3317 ἀγα-

1996 3341 2103 3394 θῶν
2143 3342 2393 3414 πράξεων
2446 3342 2734 3412 ἡδόμενος,
2784 3340 2844 3403 6;
2888 3339 3070 3393 ἔπειθε
3120 3340 3180 3393 τὸ
3233 3339 3569 3411 ἀνθρώπινον

1994 3435 2150 3505 γένος
2203 3431 2602 3504 μεταϐληθῆναι
2648 3431 2757 3485 ἀπὸ
2817 3430 2916 3502 τῆς
2970 3430 3166 3495 κακίας
3216 3433 3297 3495 εἰς
3344 3432 3581 3504 ἀρετήν’-

1994 3528 2121 3599 ἄχρι
2148 3525 2257 3598 γὰρ
2282 3525 2515 3597 ἑϐδόμης
2540 3525 2732 3593 γενεᾶς
2757 3523 2808 3576 οι
2851 3521 3123 3595 ἄνθρωποι
3155 3523 3421 3595 δεσπότην
3462 3524 3573 3577 τῶν

1997 3619 2249 3673 ἁπάντων
2298 3617 2411 3671 τὸν.
2451 3616 2583 3670 Θεὸν
2629 3614 3032 3687 ἐπεγράφοντο,
3080 3617 3175 3671 καὶ
3223 3614 3572 3686 δικαιοσύνης

1995 3707 2323 3782 ἐφρόντιζον.
2419 3710 2425 3717 ’

2067 3892 2330 3965 Ὕστερον
2361 3891 2418 3945 δὲ
2449 3889 2543 3944 τοῦ
2591 3890 2782 3963 χρόνου
2818 3890 3096 3961 προίόντος
3136 3889 3217 3951 εἰς
3251 3886 3432 3939 πᾶσαν
3459 3901 3571 3937 πα⁴

1995 3986 2258 4058 ρανομίαν
2301 3983 2610 4051 ἐξώκειλαν.
2656 3981 2741 4047 Ὠς
2781 3980 2874 4038 οὖν
2910 3985 2938 4036 6
2976 3981 3098 4035 Νῶε
3128 3980 3227 4034 οὐκ
3258 3976 3443 4031 ἔπειθε
3469 3975 3570 4044 τῆς

1993 4075 2192 4137 κακίας
2216 4060 2518 4145 ἀποστῆναι
2545 4073 2771 4137 αὐτοὺς,
2798 4072 2895 4142 τὴν
2927 4065 3212 4124 συνουσίαν
3244 4066 3424 4121 αὐτῶν
3456 4066 3574 4136 βδε-

1992 4165 2289 4237 λυξάμενος
2316 4166 2394 4228 είς
2415 4164 2584 4235 ἄλλην
2607 4164 2710 4235 γῆν
2738 4162 3073 4235 ἀνεχώρησε.
3103 4161 3214 4215 Καὶ
3242 4159 3571 4231 προστάττει

1995 4259 2145 4330 αὐτῷ
2192 4261 2222 4313 ὁ
2264 4258 2395 4322 Θεὸς
2441 4257 2850 4311 κατασκευάσαι
2899 4253 3128 4309 κιϐωτὸν
3174 4252 3568 4324 τετράστεγον,

317 4363 442 4404 rum
471 4354 734 4419 quatuor,
768 4347 1110 4418 longitudine
1139 4355 1510 4404 trecentorum
1554 4349 1890 4418 cubitorum,

1999 4351 2226 4425 ἔχουσαν
2252 4352 2314 4405 τὸ
2341 4351 2437 4422 μὲν
2473 4350 2643 4421 μῆκος
2665 4346 2990 4420 τριακοσίων
3015 4345 3226 4417 πηχῶν,
3256 4345 3320 4398 τὸ
3350 4344 3410 4397 δὲ
3434 4344 3572 4396 πλά-

319 4442 612 4498 latitudine
642 4441 1064 4513 quinquaginta,
1095 4436 1384 4496 altitudine
1418 4442 1664 4512 triginta,
1722 4449 1784 4495 ut
1816 4443 1888 4496 '-in

317 4550 383 4591 ea
407 4534 571 4591 simul
593 4534 891 4590 cum-omni
918 4533 1245 4604 cognatione
1273 4532 1553 4598 occlusus,
1585 4534 1887 4604 periculum

317 4625 466 4698 quod
497 4642 566 4681 ex
588 4625 945 4682 inundatione
966 4624 1305 4689 imminebat,
1333 4625 1762 4697 subterfugeret;
1785 4626 1890 4680 hoc

316 4719 461 4772 enim
491 4716 759 4788 supplicio
779 4714 922 4772 Deus
957 4717 1206 4773 homines
1227 4719 1320 4788 qui
1349 4715 1407 4772 id
1438 4715 1702 4786 temporis
1733 4717 1887 4771 vive-

316 4808 471 4872 bant,
502 4809 701 4878 punire
732 4808 1024 4880 delereque
1054 4810 1331 4880 cupiebat.
1369 4807 1569 4863 Verum
1620 4822 1745 4863 cum
1778 4815 1890 4862 ter-

315 4915 432 4953 ram
462 4899 823 4955 inundassent
842 4915 997 4971 aquae
1012 4901 1357 4956 summitates
1385 4900 1673 4963 montium,
1698 4914 1888 4953 earum

314 4991 465 5047 ﬂuxu
493 4991 690 5047 abditae
715 4992 1055 5062 occultatque
1114 5001 1243 5048 sunt
1295 4993 1364 5046 ³⁵.
1416 4991 1554 5046 Nam
1601 5001 1656 5047 et
1684 4990 1888 5046 nostris

316 5081 471 5137 hisce
498 5084 841 5154 temporibus
866 5084 923 5138 in
950 5084 1157 5140 vertice
1187 5084 1380 5139 Libani
1418 5083 1625 5155 lapides
1668 5081 1891 5153 quidam

315 5174 384 5229 ad
422 5174 805 5231 aediﬁcandum
863 5176 1204 5241 excidentes,
1260 5177 1599 5231 marinorum
1656 5175 1890 5245 piscium

292 5266 468 5321 .varia
517 5283 715 5341 genera
768 5268 1077 5334 inveniunt,
1123 5283 1263 5340 quos
1300 5277 1433 5323 tunc
1471 5270 1528 5322 in
1581 5268 1731 5323 cavis
1780 5266 1889 5322 illis

316 5360 586 5417 montium
617 5365 734 5419 luto
766 5362 976 5419 deﬁxos
996 5378 1353 5449 concrescere
1382 5362 1631 5434 contigit.

1993 4464 2084 4511 τος
2113 4445 2463 4517 πεντήκοντα,
2495 4442 2590 4497 καὶ⁵
2620 4442 2681 4496 τὸ
2724 4440 2886 4511 βάθος
2928 4439 3239 4511 τριάκοντα,
3274 4438 3444 4500 ὅπως,
3481 4436 3568 4488 ἐπ’

1995 4539 2162 4609 αὐτῆς
2194 4537 2308 4608 ἅμα
2339 4537 2404 4606 τῇ
2460 4532 2746 4603 συγγενείᾳ
2800 4529 2962 4584 αὑτοῦ
3013 4527 3305 4599 καθείρξας
3354 4524 3568 4587 ἐαυτὸν,

1995 4631 2208 4702 ἐκφύγῃ
2238 4630 2330 4683 τὸν
2362 4629 2427 4681 ἐκ
2453 4626 2549 4680 τοῦ
2574 4622 2960 4694 κατακλυσμοῦ
2990 4622 3251 4697 κίνδυνον.
3291 4618 3571 4673 Ἐϐούλετο

1994 4724 2103 4796 γὰρ
2129 4725 2159 4776 6
2189 4721 2322 4785 Θεὸς
2348 4718 2569 4790 τοιαύτῃ
2603 4716 2843 4788 τιμωρίᾳ
2882 4714 2981 4786 τὴν
3014 4714 3277 4784 πονηρίαν
3309 4711 3418 4765 τῶν
3445 4711 3568 4764 τότε

1995 4812 2337 4885 ἐξαφανίσαι.
2376 4807 2786 4880 Ἐπενεχθέντος
2815 4807 2873 4859 δέ
2904 4805 2998 4858 τοῦ
3027 4801 3415 4872 κατακλυσμοῦ
3437 4801 3569 4854 ἐκα-

1995 4906 2170 4978 λύφθη
2203 4906 2271 4959 τὰ
2319 4902 2497 4974 ὑψηλά
2541 4901 2651 4956 τῶν
2693 4902 2862 4974 ὀρέων
2903 4897 3009 4952 ὑπὸ
3053 4896 3147 4950 τοῦ
3199 4895 3413 4957 ὓδατος.
3448 4893 3572 4946 Ἔτι

1996 4997 2105 5069 γὰρ
2136 4997 2231 5051 καὶ¹
2262 4996 2356 5051 νῦν
2390 4994 2481 5048 ἐπὶ
2504 4993 2604 5065 τῆς
2630 4992 2944 5064 ἀκρωρείας
2987 4987 3081 5043 τοῦ
3124 4986 3355 5041 Λιϐάνου
3390 4984 3573 5047 λίθους

1992 5091 2072 5152 είς
2118 5087 2407 5158 οἰκοδομήν
2442 5101 2591 5148 τινες
2618 5081 2993 5153 ἐκτέμνοντες,
3027 5077 3327 5133 θαλαττίων
3372 5072 3572 5145 ίχθύων

1991 5180 2123 5252 γένη
2149 5180 2515 5252 εὑρίσκουσιν,
2544 5175 2637 5239 οὒς
2677 5174 2875 5245 συνέϐη
2896 5175 2979 5238 εἰς
3016 5172 3087 5226 τὰ
3122 5171 3438 5244 κοιλώματα
3466 5167 3585 5227 τῶν.

1992 5271 2163 5343 ὁρέων
2198 5268 2647 5339 συναποπαγῆναι
2674 5267 2741 5339 τῇ
2778 5264 2903 5318 ίλύῖ.

378 5566 423 5597 ⁸⁸
446 5563 575 5636 Gen.
605 5583 678 5629 ιτ,
700 5566 756 5636 7,
820 5566 908 5628 l9,
947 5566 1041 5621 22.
1116 5568 1160 5601 ³⁸
1193 5566 1320 5623 Gen.
1344 5583 1400 5634 ν,
1435 5567 1488 5622 5.
1563 5567 1602 5601 ὐ
1632 5565 1758 5621 Gen.
1795 5568 1908 5636 1v,i

2059 5568 2104 5601 υ
2138 5533 2266 5624 σει..
2298 5583 2349 5633 v,
2383 5563 2585 5632 11,14,
2627 5560 2958 5631 17.20.24,
2986 5560 3080 5628 a7,
3128 5560 3220 5617 ει.
3298 5554 3575 5617 "~qu

318 5648 394 5697 Vl,
450 5633 533 5687 14.
609 5637 654 5667 ³⁵
684 5634 810 5690 Gen.
843 5651 941 5700 vn,
969 5636 1055 5690 l9.
