3840 6164
229 341 338 410 753

1144 338 1414 396 SPURIA.
1458 369 1526 378 —
1563 335 1916 394 COMMENT.
1960 334 2026 390 IN
2066 332 2573 399 HEXAEMERON.

3367 335 3465 393 ’νει

314 460 376 512 Ἦ
423 458 481 512 δέ
508 458 768 522 κιϐωτὸς,
803 456 1143 527 ἀνυψωθεῖσα
1190 457 1293 510 ὑπὸ
1326 457 1418 511 τοῦ
1474 456 1682 522 ὓδατος,
1721 458 1777 510 sia

1975 453 2081 510 Sed
2111 469 2260 520 arca,
2296 455 2453 524 aquis
2490 453 2653 512 altius
2687 459 3013 518 sustentata,
3045 453 3100 507 in
3153 453 3467 528 summitate

227 550 404 620 ἄκραν
430 547 550 601 τινὰ
578 547 737 618 ὅρους
762 547 850 602 τοῦ
879 546 1020 600 κατά
1041 547 1141 620 τὴν
1181 547 1470 618 ’Δρμενίαν
1517 546 1670 618 ἔστη,
1709 547 1802 600 καὶ

227 638 574 709 λωφήσαντος
620 638 714 691 τοῦ
764 638 952 702 ὓδατος
972 680 986 706 ,
1035 640 1082 691 οἱ
1132 640 1189 692 ἐν
1235 641 1300 710 τῇ
1344 637 1560 710 κιϐωτῷ
1602 638 1802 701 πάντες

225 729 685 802 ἐξεπορεύθησαν.
720 729 830 783 Καὶ
873 731 964 783 τὸν
1003 730 1164 785 τόπον
1198 731 1278 784 ἔτι
1323 731 1417 784 καὶ
1463 729 1556 784 νῦν
1596 731 1799 784 ἐκεῖνον

239 820 629 891 Ἀτωϐατήριον
663 823 711 874 οἱ
745 820 1026 892 ἐπιχώριοι
1062 821 1558 892 προσαγορεύουσι,
1589 820 1684 874 καὶ
1730 819 1799 874 τά

224 911 450 980 λείψανα
475 912 572 982 τῆς
602 911 834 965 κιϐωτοῦ
860 913 1278 978 ἐπιδεικνύουσι,
1313 913 1406 966 καὶ
1432 915 1498 984 τῇ
1540 912 1799 984 ἀσφάλτῳ

223 1003 397 1074 αὑτῆς
424 1004 504 1066 είς
537 1004 1013 1075 ἀποτροπιασμοὺς
1047 1005 1360 1077 κέχρηνται.

310 1095 368 1148 Ὀ
406 1095 463 1148 δὲ
490 1095 612 1148 Νῶε
648 1096 996 1167 ἐτελεύτησεν
1040 1097 1134 1167 ἐτη
1179 1098 1348 1168 ζήσας
1393 1099 1676 1153 ἐννακόσια
1703 1102 1797 1155 καὶ

223 1189 583 1258 πεντήκοντα,
621 1189 718 1242 καὶ
750 1189 800 1241 οἱ
841 1189 952 1246 υἱοὶ
990 1190 1177 1257 αὑτοῦ,
1211 1191 1513 1255 δεδοικότας
1545 1194 1670 1256 τοὺς
1704 1193 1796 1247 ἀλ-

223 1283 352 1346 λους
378 1283 580 1345 πάντας
602 1282 708 1335 ἀπὸ
727 1281 818 1334 τοῦ
841 1281 998 1353 ὅρους
1015 1283 1430 1354 μεταναστῆναι,
1455 1284 1796 1354 (ὑπώπτευον

209 1376 335 1447 ’γὰρ
378 1375 570 1446 ἐτέρας
601 1371 754 1438 αὖθις
775 1375 1133 1446 πειρασθῆναι
1165 1376 1522 1448 ἐπομϐρίας·)
1550 1376 1794 1431 πείθουσι

222 1467 537 1529 κατελθεῖν,
569 1468 662 1520 καὶ
709 1467 807 1537 τὴν
837 1466 1165 1538 ήπλωμένην
1208 1467 1513 1520 κατοικίσαι
1549 1469 1792 1525 πεδιάδα.

222 1558 344 1610 Ἵνα
372 1557 428 1610 δέ
461 1556 534 1628 μὴ
564 1555 954 1628 πληθυνθέντες
983 1557 1168 1610 στάσιν
1213 1557 1328 1628 μετ’
1367 1556 1610 1627 ἀλλήλων
1642 1561 1796 1631 κινή-

221 1667 380 1713 σωσι,
413 1650 774 1721 προσέταττεν
806 1651 987 1714 αὑτοῖς
1033 1652 1061 1703 ὁ
1107 1650 1239 1713 Θεὸς
1280 1650 1534 1714 ἀποικίας
1567 1654 1794 1723 ποιήσα-

220 1736 369 1791 σθαι.
407 1739 469 1790 Οἱ
514 1737 570 1791 δέ
614 1739 711 1808 οὑχ
745 1740 1081 1810 ὑπήκουσαν,
1118 1739 1222 1810 γῆν
1269 1740 1436 1812 καλὴν
1481 1742 1791 1813 γεωργοῦν-

1903 546 2106 602 montis
2137 546 2425 616 cujusdam
2469 546 2562 617 qui
2611 545 2667 600 in
2712 545 2973 600 Armenia
2998 552 3102 609 est,
3127 545 3279 601 stetlt
3314 545 3380 609 ³⁸,
3413 555 3468 600 et

1903 654 2046 708 aqua
2081 654 2205 694 cum
2235 647 2530 704 cessasset,
2560 638 2653 709 qui
2680 639 2733 692 in
2762 653 2826 694 ea
2847 644 3024 702 erant,
3054 652 3245 692 omnes
3260 637 3465 706 egressi

1899 739 2028 785 sunt
2059 732 2125 799 ³⁷,
2172 739 2228 786 et
2260 732 2440 786 locum
2483 731 2636 786 illum
2680 730 2736 784 in
2779 729 3035 801 praesenti
3081 729 3466 798 Apobateriurn

1899 823 2092 878 incola:
2124 831 2464 896 nuncupant,
2490 839 2738 894 areasque
2767 824 3028 894 reliquias
3047 830 3377 887 monstrant,
3412 830 3468 882 et

1897 915 2018 986 ejus
2041 915 2308 971 bitumine
2334 915 2401 970 ad
2458 915 2867 971 averruncanda
2897 915 3040 970 mala
3063 923 3312 969 utuntur.

1966 1095 2080 1152 Noe
2110 1111 2238 1151 vero
2287 1111 2318 1151 e
2367 1095 2478 1150 vita
2510 1095 2766 1166 migravit
2795 1093 3092 1165 nongentis
3116 1101 3170 1150 et
3196 1095 3468 1164 quinqua-

1896 1177 2240 1262 ginta'annis
2269 1187 2480 1243 exactis
2509 1187 2574 1256 ³⁸,
2615 1196 2669 1242 et
2706 1186 2801 1241 lilii
2830 1186 2951 1255 ejus
2981 1186 3118 1241 alios
3163 1201 3354 1240 omnes
3397 1186 3465 1239 ti-

1895 1283 2072 1338 midos
2103 1289 2267 1353 atque
2316 1282 2564 1351 ignavos,
2617 1281 2778 1334 aliam
2821 1279 2968 1334 enim
3014 1277 3253 1332 futuram
3283 1286 3462 1332 terra-

1894 1391 2017 1428 rum
2051 1375 2465 1430 inundationem
2498 1373 2947 1444 suspicabantur,
2979 1381 3037 1425 ut
3073 1387 3102 1426 e
3134 1379 3318 1425 monte
3348 1369 3462 1424 dis-

1894 1467 2169 1530 cederent,
2208 1467 2637 1538 planissimaque
2666 1465 2910 1520 colerent
2933 1465 3074 1521 loca.
3107 1463 3458 1532 persuadent.

1895 1559 2037 1615 Deus
2083 1559 2151 1614 ad
2187 1560 2453 1616 sedandas
2496 1559 2814 1622 seditiones,
2860 1572 2982 1628 quae
3025 1565 3244 1627 propter
3269 1571 3460 1610 eorum

1893 1649 2301 1704 multitudinem
2347 1647 2572 1704 conﬂari
2631 1655 2878 1719 possent,
2926 1647 2981 1701 in
3030 1647 3166 1702 alias
3211 1645 3460 1715 regiones

1895 1743 2140 1798 colonias
2175 1741 2442 1798 deducere
2483 1740 2744 1811 jubebat;
2798 1747 2853 1796 at
2907 1740 2961 1794 hi
3008 1754 3118 1793 non
3171 1737 3461 1798 audit-runt

215 1845 333 1890 τες,
363 1828 458 1881 καὶ
484 1829 711 1900 καρπῶν
746 1831 1004 1900 ἀφθονίαν
1054 1833 1313 1905 μεγίστην
1361 1810 1777 1906 ἔχοντεςίΠάλιι

1891 1843 2182 1905 praecepta,
2211 1850 2335 1890 cum
2367 1833 2628 1904 optimam
2656 1841 2856 1887 terram
2891 1832 3155 1896 colerent,
3181 1837 3234 1885 et
3263 1829 3460 1892 uberes

213 1915 310 1972 οὖν
345 1923 597 1992 συμφορᾷ
626 1923 832 1993 χαλεπῇ
882 1924 1170 1978 ὑποϐάλλει
1210 1927 1405 1992 αὑτοὺς
1438 1928 1574 2000 πρὸς
1603 1929 1663 1983 τὸ
1691 1930 1789 2002 τὴν

215 2009 480 2063 ἀποικίαν
529 2011 854 2067 στείλασθαι.
912 2015 980 2068 0i
1021 2015 1078 2068 δὲ
1125 2017 1234 2070 οὐδ’
1283 2017 1454 2082 οὕτως
1498 2019 1645 2086 εἶξαν
1694 2023 1786 2077 τοῦ

212 2102 350 2155 Θεοῦ
384 2102 462 2169 τῷ
511 2102 827 2176 βουλήματι,
855 2107 953 2178 τὴν
999 2110 1257 2181 εὐφορίαν
1299 2112 1398 2182 τῆς
1425 2114 1528 2184 γῆς
1567 2115 1628 2168 ού
1667 2117 1784 2172 κατ’

213 2194 503 2264 εὐμένειαν
532 2194 626 2248 τοῦ
658 2196 813 2263 Θεοῦ,
850 2198 984 2252 ἀλλά
1023 2202 1141 2253 κατ’
1173 2201 1306 2254 ἰδίαν
1345 2205 1496 2273 ἰσχὺν
1522 2210 1787 2277 περιεῖναι

209 2284 397 2347 αὐτοῖς
442 2286 840 2358 ὑπελάμϐανον.
894 2289 1105 2361 Ταύτην
1155 2290 1210 2344 δὲ
1262 2293 1359 2362 τὴν
1416 2294 1591 2366 οἴησιν
1643 2297 1787 2368 ἔχειν

211 2373 412 2437 αὐτοὺς
458 2376 685 2449 Νεϐρὼο
729 2377 944 2432 ἔπειθεν
984 2381 1012 2432 ὀ
1050 2381 1230 2448 γίγας,
1269 2383 1537 2456 τολμηρός
1569 2403 1654 2451 τις
1689 2387 1782 2452 ὢν,

211 2465 308 2517 καὶ
338 2466 478 2520 κατά
508 2471 666 2539 χεῖρα
693 2475 952 2538 γενναῖος,
969 2471 1028 2536 ὃς
1057 2474 1173 2540 καὶ,
1197 2475 1288 2528 τοῦ
1313 2476 1446 2529 Θεοῦ
1474 2479 1788 2550 ἀποστήσας

207 2558 430 2623 αὐτοὺς,
465 2561 613 2632 αὐτῷ
634 2563 711 2633 τῷ
748 2564 908 2629 σέϐας
959 2569 1354 2638 περιποιεῖσθαι
1387 2572 1582 2637 αὐτοὺς
1619 2574 1787 2644 ήνάγ-

209 2664 370 2710 κασε,
404 2652 498 2704 καὶ
537 2652 600 2724 δὴ
639 2655 846 2726 πύργον
880 2658 1076 2724 αὐτοὺς
1113 2661 1393 2733 ἐπιτρέπει
1424 2665 1785 2737 τεκτήνασθαι

206 2740 287 2810 τῷ
315 2740 438 2810 ῦψει
464 2744 557 2798 τοῦ
593 2747 822 2818 ούρανοῦ
865 2750 1218 2821 ἐπιψαύοντα,
1253 2755 1491 2808 ἀπειλῶν
1526 2757 1615 2811 τὸν
1653 2758 1784 2813 Θεὸν

207 2834 644 2908 ἀνταμύνασθαι,
687 2843 737 2894 εί
775 2841 936 2895 πάλιν
968 2842 1046 2914 τῷ
1080 2843 1270 2916 κόσμῳ
1315 2847 1584 2920 ἐπενέγκῃ
1618 2867 1784 2904 κατα-

195 2925 474 2996 ’κλυσμόν.

279 3020 388 3073 Τοῦ
416 3021 546 3090 γοῦν
568 3008 806 3094 πλήθους
842 3027 1007 3098 πολλῇ
1044 3029 1245 3102 σπουδῇ
1277 3033 1343 3102 τῇ
1391 3033 1556 3105 μανίᾳ
1597 3051 1783 3107 συνερ-

204 3112 433 3178 γοῦντος
472 3113 638 3184 αύτῷ,
672 3117 764 3169 καὶ
806 3116 964 3185 λόγου
1005 3119 1195 3173 θᾶττον
1239 3122 1329 3174 τὸν
1374 3125 1583 3195 πύργον
1617 3143 1782 3179 κατα-

203 3201 584 3269 σκευάζοντος,
606 3206 633 3257 ό
655 3204 784 3267 Θεὸς
811 3205 908 3276 τὴν
936 3205 1210 3264 διάλεκτον
1235 3211 1412 3264 αὑτῶν
1440 3216 1778 3288 παραχρῆμα

206 3293 452 3363 συνέχεε,
490 3297 583 3348 καὶ
623 3297 726 3350 ὑπὸ
756 3298 853 3369 τῆς
875 3299 1363 3370 ἀνομοιογλωσσίας
1403 3304 1780 3382 διεσκεδάσθη-

204 3399 330 3446 σαν,
361 3384 470 3436 κάκ
493 3385 681 3439 τούτου
705 3388 735 3439 ό
763 3388 927 3452 τόπος
959 3389 1249 3446 Βαϐυλῶνα
1280 3395 1377 3464 τὴν
1411 3395 1600 3467 κλῆσιν
1631 3400 1780 3473 εἴλη-

204 3493 337 3543 φεν,
382 3475 492 3529 τῶν
533 3477 798 3548 Ἐϐραίων
839 3481 939 3552 τὴν
961 3483 1268 3553 σύγχυσιν
1289 3487 1544 3543 Βαϐυλὼν
1579 3490 1777 3563 ὀνομα-

202 3567 427 3632 ζὸντων.

274 3656 544 3721 Ἕκαστος
587 3659 716 3726 γοῦν
767 3659 864 3732 τὴν
911 3664 1418 3736 προστυγχάνουσαν
1480 3671 1584 3742 γῆν
1618 3690 1776 3727 κατε-

200 3745 481 3816 λάμϐανε,
533 3751 627 3803 καὶ
678 3751 944 3822 ἐπλήρουν
1003 3757 1180 3809 πᾶσαν
1237 3759 1500 3829 παράλιόν
1558 3779 1619 3814 τε
1681 3765 1776 3826 καὶ

198 3838 449 3910 ήπειρον,
490 3839 570 3894 ἔτι
619 3842 678 3894 δὲ
724 3844 818 3896 καὶ
867 3845 964 3909 τὰς
1014 3848 1231 3918 νήσουςο
1277 3850 1339 3902 τὸ
1382 3852 1489 3924 γάρ
1539 3854 1775 3924 πέλαγος

199 3928 406 3993 πλοίοις
431 3930 916 4005 διαπορθμεύοντες
947 3938 1171 4002 ταύταις
1193 3941 1681 4016 ἐγκαθωρμίζοντο.

273 4021 432 4074 Ἐνια
491 4023 620 4092 γοῦν
669 4025 774 4080 τῶν
826 4027 993 4082 ἐθνῶν
1049 4029 1208 4096 σώζει
1260 4032 1356 4097 τὰς
1405 4038 1773 4110 προσηγορίας

197 4109 306 4163 τῶν
331 4113 647 4179 κτισάντων,
686 4116 801 4171 ἔνια
833 4118 887 4172 δὲ
912 4121 1004 4174 καὶ
1044 4121 1325 4191 μετέϐαλε,
1364 4124 1470 4179 τῶν
1510 4109 1771 4200 Ἑλλήνων

201 4199 342 4268 μετά
372 4201 543 4255 ταῦτα
567 4207 980 4277 κρατησάντωλ,
1011 4210 1106 4262 καὶ
1134 4211 1280 4276 ίδίοις
1312 4213 1535 4284 ὀνόμασι
1567 4217 1771 4271 καλλω-

198 4292 473 4347 πισάντων
516 4295 584 4348 τὰ
634 4297 796 4370 ἔθνη,
843 4303 936 4354 καὶ
985 4303 1180 4375 νόμους
1223 4305 1280 4358 δὲ
1328 4307 1508 4372 αὑτοῖς
1538 4311 1769 4376 οἰκείους

194 4380 394 4435 ἔθεσαν
442 4386 577 4456 πρὸς
625 4389 722 4458 τὴν
770 4391 926 4455 δόξαν
957 4394 1056 4464 τῆς
1095 4394 1322 4459 κτίσεως
1352 4399 1766 4471 σφετερίσασθαι

193 4473 414 4537 αὐτοὺς,
447 4476 520 4540 ὼς
555 4480 822 4550 μηδεμίαν
852 4484 1102 4541 ὑπόνοιαν
1137 4490 1574 4562 προγενεστέρων
1602 4511 1768 4548 κατα-

193 4562 372 4617 λιπεῖν
403 4570 515 4630 τοῖς
549 4571 859 4639 μετέπειτα.

278 4657 555 4726 Ἐγένοντο
578 4659 668 4716 οὖν
696 4665 772 4736 τῷ
798 4667 920 4720 Νῶε
949 4670 1096 4742 τρεῖς
1123 4672 1246 4736 υἱοὶ,
1281 4673 1422 4745 Σὴμ,
1455 4675 1602 4746 Χάμ,
1655 4678 1760 4732 Ἰά-

192 4749 314 4818 φεθ·
348 4752 457 4805 ἀπὸ
493 4755 701 4827 Ταύρου
728 4759 821 4811 καὶ
866 4761 1142 4831 Ἀμμανοῦ
1175 4764 1280 4819 τῶν
1304 4765 1444 4837 ὀρῶν
1469 4768 1764 4840 ἀρξάμενοι

190 4842 436 4914 ᾤκησαν,
466 4846 560 4898 καὶ
592 4850 856 4919 προῆλθον
886 4854 978 4905 ἐπὶ
1025 4854 1121 4924 μὲν
1153 4855 1252 4925 τῆς
1295 4857 1473 4922 Ἀσίας
1509 4859 1635 4932 ἄχρι
1664 4879 1762 4916 πο-

189 4936 364 5006 ταμοῦ
395 4938 670 5005 Τανάϊδος,
706 4943 798 4994 ἐπὶ
825 4945 882 4998 δὲ
903 4945 1000 5016 τῆς
1029 4946 1295 5019 Εὐρώπης
1319 4950 1444 5021 ἄχρι
1474 4951 1760 5024 Γαδείρων.

260 5135 380 5188 Εἰσὶ
420 5136 476 5190 δὲ
518 5132 682 5193 οὗτοι·
721 5141 760 5192 Γ
763 5143 939 5213 αμὲρ,
985 5147 1134 5210 ὅστις
1174 5149 1466 5220 Γαμαρεῖς,
1499 5153 1623 5216 τοὺς
1660 5152 1756 5206 νῦν

188 5227 464 5293 Γαλάτας,
520 5234 866 5305 συνέστησεν·
927 5238 1095 5307 Ἀγὼδ
1143 5241 1455 5309 Μαγώδεις,
1496 5247 1620 5310 τοὺς
1660 5245 1756 5300 νῦν

187 5320 414 5386 Σκύθας·
459 5323 604 5378 Ἀδαῖ
649 5327 950 5393 Μαδαίους,
997 5334 1123 5397 τοὺς
1169 5334 1263 5388 νῦν
1314 5337 1562 5408 Μήδους*
1610 5339 1754 5394 Οὑάν

198 5412 400 5466 Ἰωνίαν
435 5453 450 5479 ,
517 5427 612 5470 και
664 5421 792 5483 τοὺς
835 5420 1134 5493 Ἕλληνας·
1205 5427 1356 5482 Ὸϐἐλ
1417 5429 1707 5496 Θεοϐἐλους
1733 5472 1750 5498 ,

182 5507 311 5568 τοὺς
353 5505 446 5558 νῦν
485 5509 743 5583 Ἰϐηραςο
793 5514 948 5585 Ὀσὸχ
998 5519 1389 5590 Μεσχηναίους,
1447 5524 1575 5592 ⁴τοὺς
1654 5524 1748 5578 νῦν

287 5684 487 5776 ξξηϐεη.
515 5693 768 5776 γιιιηέιτ,
793 5695 848 5776 ff
885 5696 1027 5776 _lb:'d.
1070 5701 1154 5757 l7.
1235 5703 1278 5745 ⁸⁸
1313 5703 1436 5760 Gen.
1470 5722 1543 5776 Ix,
1571 5706 1660 5763 29.
1744 5708 1777 5741 ³¹

1890 5726 1948 5764 κη.
1987 5727 2042 5776 x,
2077 5709 2128 5766 8.
2209 5709 2254 5743 "
2286 5709 2412 5770 Gen.
2451 5727 2522 5776 τι,
2549 5711 2601 5768 3.

187 5751 229 5800 δι
260 5753 386 5811 Gen.
421 5776 473 5825 ι,
512 5761 560 5816 l.
626 5751 683 5794 ’⁸³
723 5763 857 5818 (bid.
883 5767 935 5821 2.

1890 1927 2267 1996 maximosque
2305 1925 2646 1995 perciperent
2688 1923 2935 1990 fructus;
2970 1922 3128 1977 novis
3155 1922 3338 1992 itaque
3363 1935 3459 1975 eos

1889 2017 2290 2073 calamitatibus
2316 2025 2494 2081 vexat,
2526 2023 2586 2071 ut
2610 2016 2880 2071 coloniam
2900 2015 3210 2082 mitterent;
3240 2014 3334 2085 qui
3357 2027 3459 2067 nec

1888 2111 1971 2167 sic
1996 2112 2194 2166 divina:
2230 2111 2498 2165 voluntati
2526 2107 2807 2174 obediunt,
2859 2115 2914 2163 ct
2957 2123 3076 2163 eam
3105 2115 3265 2162 terrae
3294 2107 3457 2162 uber-

1889 2208 2052 2256 tatem
2090 2200 2533 2270 fertilitatemquc
2559 2215 2668 2254 non
2696 2198 2896 2254 divinis
2919 2199 3157 2268 placitis,
3181 2197 3277 2253 sed
3313 2198 3458 2254 suis-

1888 2304 1999 2350 met
2038 2294 2250 2349 viribus
2295 2291 2678 2362 industriaque
2720 2291 2903 2361 parari
2957 2290 3351 2358 opinabantur;
3399 2291 3455 2343 in

1886 2401 2117 2456 eamque
2156 2399 2252 2440 eos
2292 2383 2614 2439 sententiam
2648 2382 2977 2452 perducebat
3009 2379 3270 2445 Nebroth,
3302 2383 3456 2451 gigas

1887 2476 2211 2532 temerarius
2235 2483 2290 2530 et
2317 2474 2516 2538 audax,
2574 2473 2934 2543 maximisque
2989 2473 3199 2528 viribus
3242 2474 3454 2542 valens,

1886 2569 1979 2639 qui
2007 2584 2103 2623 eos
2129 2574 2188 2621 ut
2221 2566 2427 2621 cultum
2459 2567 2563 2622 sibi
2598 2565 2857 2621 oﬂ‘errent
2893 2580 2923 2617 a
2953 2563 3065 2620 Deo
3095 2580 3316 2621 aversos
3338 2583 3456 2622 coe-

1887 2657 1968 2726 git.
1991 2655 2058 2710 ³³.
2092 2654 2234 2722 Quin
2263 2663 2315 2710 et
2349 2655 2544 2708 turrim
2591 2655 2700 2710 illis
2738 2653 3181 2709 exmdiﬁcandam
3212 2657 3456 2711 commit-

1885 2745 1984 2814 t_it,_
2003 2760 2122 2815 qua:
2138 2746 2449 2801 summitate
2470 2742 2666 2798 cmlum
2699 2743 3006 2813 attingeret,
3031 2743 3249 2812 jactans
3277 2743 3450 2799 Deum

1884 2837 2148 2902 ulturum,
2195 2837 2242 2891 si
2280 2836 2476 2892 iterum
2523 2835 2727 2890 mundo
2778 2835 3193 2890 inundationem
3243 2844 3452 2892 tentas-

1886 2936 1970 2997 set
1999 2930 2064 2983 to.

1957 3019 2305 3079 Multitudine
2345 3018 2510 3090 igitur
2539 3033 2753 3074 summo
2788 3018 2970 3073 studio
3008 3032 3072 3073 ac
3105 3019 3452 3082 contentione

1884 3111 2032 3166 illius
2060 3111 2288 3166 insania:
2329 3125 2486 3180 Opem
2525 3108 2754 3175 ferente,
2788 3118 2842 3164 et
2876 3109 3022 3173 dicto
3055 3111 3219 3166 citius
3249 3113 3447 3166 turrim

1881 3211 2218 3268 exstruente,
2268 3200 2413 3256 Deus
2464 3201 2664 3272 linguae
2704 3217 2894 3258 eorum
2925 3204 3311 3276 proprietatem
3357 3221 3449 3260 re-

1880 3303 2040 3364 pente
2083 3293 2365 3360 confudit;
2413 3294 2699 3363 quare_ob
2759 3294 3071 3365 linguarum
3126 3295 3445 3350 varietatem

1879 3371 2114 3454 dispersi
2149 3392 2278 3440 sunt
2312 3385 2380 3453 δ’,
2435 3384 2668 3453 indeque
2724 3371 2878 3441 locus
2913 3401 3112 3441 nomen
3155 3385 3446 3459 Babylonis

1878 3477 2106 3546 adeptus
2141 3483 2226 3531 est
2275 3475 2342 3528 δ’.
2395 3474 2725 3546 Babylonem
2775 3476 2918 3530 enim
2949 3475 3308 3545 confusionem
3338 3475 3444 3532 He-

1876 3569 2010 3622 braei
2039 3567 2345 3622 nominant.

1948 3661 2341 3731 Unusquisque
2375 3659 2560 3730 itaque
2590 3667 2792 3716 terram
2823 3659 2928 3714 sibi
2955 3659 3173 3716 obviam
3205 3676 3444 3732 occupa-

1876 3753 1990 3816 bat,
2023 3753 2215 3822 sicque
2245 3751 2584 3807 continentia
2631 3753 2772 3814 loca,
2817 3761 2979 3820 atque
3007 3753 3304 3818 maritima,
3340 3769 3444 3809 nec

1876 3861 1986 3900 non
2015 3853 2069 3901 et
2100 3846 2310 3900 insulas
2356 3845 2686 3916 implebant;
2726 3844 2978 3906 navibus,
2991 3845 3137 3899 enim
3167 3861 3264 3917 per
3293 3862 3444 3903 mare

1875 3937 2088 4006 trajecti
2123 3937 2179 3991 in
2207 3952 2302 3992 eas
2335 3936 2763 3991 advehebantur.

1945 4029 2200 4084 Gentium
2222 4039 2401 4083 autem
2427 4029 2672 4099 quaedam
2695 4029 3038 4085 conditorum
3070 4031 3296 4087 nomina
3325 4048 3444 4089 ser-

1873 4129 2025 4186 vant,
2074 4121 2321 4192 quaedam
2356 4121 2448 4176 illa
2504 4129 2931 4187 commutarunt,
2981 4121 3294 4179 Graecorum
3347 4125 3445 4179 im-

1873 4215 2025 4284 perio
2058 4215 2372 4279 subsecuto,
2403 4213 2498 4285 qui
2545 4219 2660 4270 suis
2705 4215 3017 4272 nominibus
3064 4218 3316 4287 gentibus
3345 4232 3442 4272 or-

1861 4313 2189 4360 namentum
2213 4304 2562 4373 addiderunt,
2589 4307 2843 4378 legesque
2875 4307 2983 4363 illis
3012 4309 3262 4379 preprias
3292 4324 3443 4364 com-

1872 4399 2244 4464 municarunt,
2273 4406 2334 4453 ut
2379 4399 2607 4469 gloriam
2639 4401 2983 4456 conditorum
3014 4402 3117 4456 sibi
3149 4401 3442 4456 tribuendo

1872 4499 2175 4561 captarent,
2205 4506 2306 4552 nec
2336 4491 2502 4546 ullam
2537 4493 2774 4561 posteris
2801 4492 2869 4548 de
2910 4493 3212 4562 majoribus
3259 4494 3442 4564 suspi-

1873 4583 2050 4640 cionis
2079 4597 2272 4637 ansam
2302 4583 2695 4652 relinquerent.

1941 4672 2055 4727 Noe
2086 4673 2288 4727 liberos
2331 4673 2643 4743 procreavit
2693 4680 2830 4738 tres,
2889 4673 3037 4741 Sem,
3093 4673 3287 4738 Cham,
3345 4675 3440 4730 Ja-

1868 4763 2031 4834 pheth
2062 4765 2129 4828 ",
2160 4764 2251 4834 qni
2287 4779 2318 4817 a
2366 4761 2547 4819 Tauro
2589 4772 2643 4818 et
2671 4765 2938 4819 Ammano
2970 4767 3248 4821 montibus
3281 4767 3440 4822 initio

1865 4857 2033 4915 ducto
2065 4855 2404 4920 habitarunt,
2443 4865 2497 4912 et
2529 4857 2584 4911 in
2616 4857 2800 4912 Asiam
2833 4858 3109 4929 progressi
3159 4867 3288 4914 sunt
3337 4877 3436 4916 us-

1865 4964 1971 5018 que
2011 4948 2078 5004 ad
2106 4947 2316 5004 Tanain
2341 4948 2562 5014 ﬂumen,
2590 4955 2644 5004 et
2675 4949 2730 5004 in
2759 4949 2974 5021 Europa
2997 4966 3170 5021 usque
3213 4951 3280 5006 ad
3331 4949 3439 5008 Ga-

1864 5046 2002 5100 dira.
2137 5037 2140 5039 Δ

1933 5157 2178 5212 Fuerunt
2206 5165 2390 5212 autem
2420 5156 2477 5211 hi
2512 5155 2557 5188 “
2589 5176 2602 5210 :
2636 5156 2856 5224 Gamer,
2910 5161 3005 5230 qui
3051 5160 3432 5225 Gamerenses,

1861 5266 1998 5320 quos
2028 5266 2175 5306 nunc
2198 5251 2416 5306 Galatas
2447 5266 2732 5316 vocamus,
2763 5253 3049 5308 constituit
3085 5272 3100 5320 ;
3130 5253 3283 5325 Agod
3316 5255 3434 5310 Ma»

1859 5343 2152 5412 godenses,
2183 5359 2321 5414 quos
2366 5359 2512 5398 nunc
2541 5343 2806 5416 Scythas;
2838 5343 2973 5398 Adai
3003 5343 3258 5410 Madwos,
3292 5362 3434 5416 quos

1857 5451 2004 5490 nunc
2029 5435 2249 5504 Medos;
2275 5436 2446 5491 Javan
2478 5436 2704 5502 Ioniam,
2736 5446 2790 5492 et
2822 5435 3072 5504 Grmcos;
3104 5436 3431 5495 Obel'l‘heo-

1855 5527 2030 5595 belos,
2065 5545 2202 5600 quos
2233 5545 2375 5585 nunc
2405 5528 2611 5599 Iberos;
2647 5529 2828 5587 Osoch
2868 5529 3258 5598 Meschenaeos,
3289 5547 3433 5602 quos

2708 5713 2749 5744 “
2779 5709 2919 5765 Ibid.
2958 5710 3007 5766 7.
3119 5712 3162 5742 δ’
3195 5707 3331 5773 Ibid.-
3370 5708 3434 5781 δε
