3840 6164
215 253 318 312 757

1127 272 1400 330 SPURIA.
1431 307 1502 318 -—
1541 277 1892 335 COMMENT.
1937 279 2002 334 IN
2045 279 2538 341 IIEXAEMERON.

3347 291 3453 350 7'58

206 369 489 443 Φερεζαῖοι
532 372 735 446 ἀναμὶξ
773 380 885 442 τοῖς
925 379 1251 447 Χαναναίοις
1282 385 1382 457 τὴν
1421 386 1784 461 Παλαιστίνην

1895 393 2040 456 bant,
2075 403 2129 450 et
2157 396 2248 451 alii
2272 395 2561 468 Raphiam,
2595 412 2716 468 quae
2748 395 3121 470 Philadelphia
3147 406 3268 468 est;
3301 403 3382 459 sic
3401 413 3458 459 et

212 471 458 540 κατεῖχον
477 486 492 501 ·
521 471 570 524 oi
597 470 657 525 δὲ
695 472 924 543 Ῥαφίαν
946 475 1042 548 τὴν
1079 476 1431 550 Φιλαδελφίαν
1452 499 1464 512 ·
1526 483 1685 538 πάλιν
1723 483 1781 538 δὲ

209 563 258 613 οἱ
288 561 602 632 Γεργεσαϊοι
635 563 703 618 τά
738 565 973 638 Γάδαρα,
1014 569 1108 625 καὶ
1137 571 1403 644 Γέργισαν
1443 574 1620 636 πόλιν,
1686 576 1782 630 καὶ

207 651 310 722 τὴν
343 652 634 725 Τιϐεριάδα
661 650 807 726 εἶχον
852 657 1069 731 λίμνην,
1113 665 1207 716 καὶ
1248 664 1296 716 οι
1335 665 1649 723 Ἰεϐουσαῖοι
1681 667 1781 738 τὴν

208 743 305 797 νῦν
345 744 722 818 Ἰερουσαλήμ.

285 836 454 890 Πέντε
483 838 576 891 καὶ
601 839 720 909 Σὴμ
743 841 932 906 παῖδες
968 842 1233 912 ἐγένοντο,
1267 845 1462 912 οἵτινες
1489 847 1588 920 τὴν
1623 849 1782 921 μέχρι

206 926 302 980 τοῦ
335 929 452 982 κατ’
478 929 613 984 ἰδίαν
648 933 901 988 Ὠκεανοῦ
936 935 1119 990 Ἀσίαν
1151 937 1497 1011 κατῴκησαν,
1527 941 1644 1012 ἦτοι
1675 942 1786 996 ἀπὸ

205 1019 301 1073 τοῦ
336 1021 620 1093 Εὐφράτου
656 1025 756 1096 τήν
801 1026 979 1098 ἀρχὴν
1025 1029 1404 1102 ποιησάμενοι.
1447 1031 1570 1085 Εἰσὶ
1603 1032 1660 1086 δὲ
1695 1029 1785 1088 οὗ·

206 1130 289 1166 τοι
307 1131 320 1142 ·
349 1114 546 1200 ᾼίλάμ,
571 1117 664 1186 ἀφ’
685 1113 748 1170 οὗ
774 1119 1084 1191 Αίλαμαῖοι,
1111 1124 1160 1176 οἱ
1179 1124 1274 1178 νῦν
1300 1123 1529 1197 Πέρσαι·
1567 1126 1782 1200 Ἀσοὺρ,

205 1205 302 1274 ἀφ’
337 1199 398 1258 οὗ
439 1207 746 1280 Ἀσσύριοι·
795 1211 1089 1283 Ἀρφαξάδ,
1130 1215 1226 1285 ἀφ’
1255 1209 1318 1268 οὗ
1365 1217 1700 1290 Ἀρφαξαῖοι,
1732 1199 1785 1272 οἱ

204 1295 303 1350 νῦν
329 1296 612 1352 Χαλδαῖοι·
656 1299 863 1372 Ἀρὰμ,
895 1302 990 1372 ἀφ’
1018 1297 1080 1358 οὗ
1122 1305 1431 1376 Ἀραμαῖοι,
1461 1307 1512 1358 ot
1553 1304 1650 1361 νῦν
1680 1306 1784 1360 Σύη

206 1403 315 1458 ροι.
351 1390 630 1461 Κατέσχον
670 1392 729 1445 δὲ
765 1387 911 1447 οὗτοι
945 1394 1052 1447 ἀπὸ
1083 1396 1509 1468 Μεσοποταμίας
1540 1396 1645 1462 ἕως
1675 1397 1785 1452 τῶν

200 1480 378 1551 ὀρέων
417 1480 687 1554 Ἀραράτ,
732 1485 768 1539 ἃ
801 1487 918 1539 ἐστι
962 1488 1099 1560 πρὸς
1125 1487 1224 1559 τὴν
1275 1489 1588 1562 Ἀρμενίαν·
1624 1490 1782 1555 Λοὺδ,

204 1573 300 1641 ἀφ’
343 1567 403 1627 οὗ
432 1575 680 1642 Λυδαῖοι,
715 1580 762 1631 οἱ
796 1577 891 1633 νῦν
930 1581 1126 1634 Λυδοί·
1163 1583 1400 1647 Καϊνὰν,
1435 1583 1528 1654 ἀφ’
1566 1579 1626 1640 οὗ
1670 1586 1786 1638 Κα-

203 1667 390 1720 νᾶται.

1885 483 2155 557 Gergesmi
2182 486 2449 544 Gadaram
2474 487 2868 560 Gergisamque
2910 489 3121 555 urbem,
3168 489 3458 563 lacumque

1886 573 2194 634 Tiberiadis
2224 579 2562 644 obtinebant,
2601 587 2656 635 et
2687 577 2947 645 Jebusaei,
2989 595 3112 651 quae
3140 597 3289 638 nunc
3328 580 3458 638 llic-

1885 671 2122 726 rusalem
2151 677 2258 727 est.

1956 851 2082 909 Sem
2119 851 2360 924 quinque
2391 851 2487 906 lilii
2536 851 2777 917 fuerunt,
2825 851 2918 922 qui
2950 850 3136 908 Asiam
3175 865 3351 922 usque
3389 851 3457 904 ad

1885 943 2162 1003 Oceanum
2210 943 2549 1009 habitarunt,
2581 945 2666 1000 vel
2707 943 2777 1000 ab
2810 944 3084 1016 Euphrate
3125 944 3456 1016 principium

1885 1043 2187 1093 sumentes.
2218 1034 2357 1090 Sunt
2385 1043 2567 1092 autem
2607 1036 2683 1101 hi,
2721 1034 2924 1100 IElam,
2949 1052 3014 1092 ex
3045 1051 3156 1107 quo
3187 1035 3458 1101 .Elamai,

1885 1128 1981 1200 qui
2013 1144 2160 1184 nunc
2181 1127 2396 1194 Persae;
2428 1127 2592 1192 Asur,
2621 1143 2684 1184 ex
2711 1144 2821 1200 quo
2862 1129 3104 1201 Assyrii;
3137 1129 3458 1201 Arphaxad.

1885 1228 1970 1276 ex‘
2002 1237 2113 1292 quo
2147 1221 2472 1292 Arphaxzei,
2506 1220 2601 1292 qui
2651 1237 2799 1276 nunc
2845 1221 3122 1288 Chaldaei;
3156 1219 3344 1283 Aram,
3391 1237 3461 1277 ex

1884 1331 1996 1386 quo
2019 1314 2274 1378 Aramzei,
2297 1313 2391 1385 qui
2423 1329 2571 1368 nunc
2610 1311 2755 1392 Syri.
2795 1312 2861 1368 Hi
2902 1327 3033 1370 vero
3059 1321 3400 1384 occuparunt
3430 1330 3462 1368 a

1885 1406 2273 1478 Mesopotamia
2302 1421 2475 1476 usque
2503 1405 2570 1460 ad
2601 1415 2812 1462 montes
2858 1405 3076 1470 Ararat,
3099 1405 3192 1476 qui
3236 1412 3366 1460 sunt
3405 1405 3461 1461 in

1884 1497 2141 1552 Armenia
2170 1514 2184 1563 ;
2215 1494 2355 1559 Lud,
2387 1512 2453 1551 ex
2481 1509 2590 1565 quo
2612 1493 2815 1566 Lydazi,
2842 1497 2936 1567 qui
2966 1510 3111 1551 nunc
3131 1493 3266 1567 Lydi
3291 1513 3306 1563 ;
3335 1494 3460 1551 Cai-

1885 1607 2017 1656 nan,
2048 1607 2116 1648 ex
2151 1605 2260 1662 quo
2282 1589 2521 1646 Canatae.

278 1757 399 1810 Υἱοὶ
448 1758 505 1812 δὲ
544 1758 638 1814 τοῦ
699 1761 875 1833 Ἀράμ
917 1762 1180 1835 τέσσαρες
1211 1765 1607 1838 ἐγεννήθησαν·
1644 1766 1778 1833 Οὒζ,

1957 1766 2122 1820 Aram
2154 1763 2249 1820 ﬁlii
2295 1772 2533 1834 quatuor
2561 1762 2674 1818 nati
2721 1769 2889 1818 sunt:
2927 1759 3030 1826 Uz,
3075 1762 3169 1831 qui
3214 1759 3463 1816 condidit

199 1850 356 1912 ὅστις
387 1848 570 1905 ἔκτισε
613 1852 903 1924 Δαμασκὸν
948 1855 1042 1908 καὶ
1090 1854 1189 1927 τὴν
1254 1856 1619 1928 Τραχωνῖτιν,
1664 1860 1785 1930 ἥτις

202 1941 349 2012 μέση
371 1941 469 2013 τῆς
497 1943 860 2015 Παλαιστίνης
886 1946 980 2000 καὶ
1001 1947 1204 2018 Κοίλης
1223 1948 1425 2020 Συρίας
1449 1951 1596 2004 ὲστίν
1616 1969 1630 1984 ·
1654 1951 1782 2017 Οὒλ,

197 2031 297 2102 ἀφ’
330 2025 392 2086 οὗ
434 2033 721 2100 Λαζονεῖς·
761 2035 957 2110 Γαθὲρ,
1000 2037 1094 2108 ἀφ’
1128 2033 1190 2093 οὗ
1233 2039 1528 2112 Σταφηνοί·
1579 2043 1782 2114 Μεσὺχ,

197 2124 297 2194 ἀφ’
343 2120 403 2180 οὗ
438 2128 761 2199 Μασσήνιοι.

275 2217 398 2271 Υίοὶ
439 2219 976 2290 Ἀρφαξὰδ·Καῖνάν,
1012 2217 1202 2294 ἀφ’οὖ
1257 2224 1628 2294 Σογγοδιανοί·
1678 2226 1787 2282 ἀπὸ

196 2311 397 2366 τούτου
426 2313 482 2366 δὲ
513 2314 606 2367 καὶ
636 2315 668 2385 ή
701 2315 1033 2386 ἀστρονομία
1069 2316 1162 2369 καὶ
1192 2317 1475 2390 οἱωνισμοὶ
1497 2318 1789 2389 ἐπενοήθη-

201 2421 328 2458 σαν.

277 2498 408 2562 Υἱὸς
425 2498 482 2552 δὲ
521 2499 740 2568 ἐγένετο
774 2499 852 2572 τῷ
881 2499 1092 2563 Καϊνὰν
1121 2500 1286 2567 Σαλά,
1324 2503 1418 2572 ἀφ’
1467 2495 1528 2558 οὗ
1558 2503 1785 2556 Σουσια-

198 2590 306 2642 νοί.

276 2681 404 2746 Υἱὸς
427 2681 521 2735 τοῦ
554 2683 701 2738 Σαλά
732 2684 919 2756 Ἔϐερ,
952 2685 1046 2755 ἀφ’
1070 2678 1132 2739 οὗ
1173 2685 1437 2759 Ἑϐραῖοι,
1471 2687 1665 2750 οἵτινες
1690 2686 1788 2758 τὴν

197 2773 438 2845 ἀρχαίαν
465 2776 729 2848 κατέσχον
755 2778 854 2850 τὴν
889 2778 1143 2851 Ἐϐρατδα
1171 2779 1470 2843 διάλεκτον,
1500 2779 1595 2832 τοῦ
1621 2780 1788 2852 Ἔϐερ

200 2866 282 2937 μὴ
328 2869 882 2940 συμπαραγενομένου
935 2873 1013 2934 εἰς
1048 2870 1146 2942 τὴν
1200 2869 1297 2924 τοῦ
1339 2871 1548 2944 πύργου
1585 2871 1789 2925 οἰκοδο-

201 2958 338 3030 μὴν,
365 2959 456 3011 καὶ
486 2959 868 3026 ἀλλοιωθέντος
897 2962 994 3033 τὴν
1026 2962 1292 3032 γλῶτταν,

273 3049 400 3104 Υἱοὶ
431 3050 489 3105 δὲ
516 3051 608 3141 τοῦ
649 3054 816 3126 Ἔϐερ
842 3055 1039 3117 Φαλὲκ,
1076 3057 1170 3125 ἀφ’
1202 3049 1262 3109 οὗ
1304 3055 1605 3126 Ἀδιαϐηνοί
1625 3073 1638 3086 ·
1694 3057 1789 3109 Ίε-
1815 3081 1858 3141 C

1889 1859 2233 1918 Damascum.
2263 1864 2318 1913 et
2369 1853 2834 1919 Trachonitidem,
2892 1869 3014 1924 quae
3047 1853 3189 1908 inter
3217 1851 3464 1908 Palaesti-

1886 1967 2016 2009 nam
2060 1958 2112 2006 et
2151 1950 2511 2021 Coelosyriam
2553 1949 2732 2004 media
2761 1956 2878 2016 est;
2925 1945 3010 2009 Ui,
3045 1962 3112 2001 ex
3153 1962 3262 2016 quo
3289 1945 3462 2001 Lam-

1887 2057 2122 2109 nenses;
2161 2037 2384 2104 Gather,
2411 2053 2479 2094 ex
2511 2052 2622 2110 quo
2659 2035 2960 2107 Stapheni;
2990 2032 3233 2097 Mesoeh,
3262 2047 3329 2088 ex
3353 2046 3464 2103 quo

1888 2133 2166 2190 Massenii.

1957 2224 2082 2282 Filii
2131 2221 2462 2295 Arpbaxad:
2495 2220 2790 2286 Cainan",
2831 2235 2898 2277 ex
2953 2233 3062 2290 quo
3097 2215 3464 2291 Soggodiani;

1887 2318 1978 2374 hic
2005 2317 2186 2375 sidera
2209 2313 2542 2382 observavit,
2567 2323 2620 2369 et
2657 2312 2882 2382 auguria
2903 2310 3249 2381 excogitavit.

1957 2492 2166 2549 Cainan
2200 2491 2343 2548 ﬁlius
2376 2491 2474 2546 fuit
2514 2491 2674 2558 Salae,
2707 2507 2773 2548 ex
2796 2507 2904 2562 quo
2937 2488 3178 2545 Susiani.

1960 2667 2132 2723 Filius
2167 2667 2307 2723 Sabe
2357 2667 2536 2724 Heber
2557 2670 2626 2734 ⁸ο,
2667 2685 2734 2724 ex
2777 2683 2886 2739 quo
2924 2665 3162 2732 Hebraei,
3193 2665 3285 2735 qui
3318 2673 3466 2720 vete-

1890 2775 2006 2818 rem
2049 2761 2394 2817 retinuerunt
2436 2759 2634 2831 lingua:
2675 2761 3086 2833 proprietatem,
3123 2773 3247 2812 cum
3289 2754 3468 2815 Hebct‘

1891 2854 1947 2908 in
1976 2862 2306 2910 structuram
2339 2853 2510 2910 turris
2539 2854 2766 2910 minime
2808 2869 2934 2908 cum
2959 2852 3080 2908 aliis
3119 2849 3474 2913 convenerit,

1890 2949 2124 3018 ideoque
2161 2963 2261 3004 nec
2282 2949 2521 3020 linguam
2544 2949 2859 3006 mutaverit.

1965 3041 2086 3098 Filii
2117 3040 2315 3109 Iieber,
2344 3043 2545 3100 Phalec
2565 3044 2633 3110 ⁸¹,
2666 3059 2734 3100 ex
2765 3059 2875 3116 quo
2903 3043 3208 3113 Adiabeni;
3250 3041 3468 3108 Jectan,

197 3143 362 3209 κτάν,
409 3143 503 3213 ἀφ’
551 3140 613 3200 οὗ
681 3146 1010 3219 Ἐδραμαῖοι.
1069 3148 1126 3200 Ὀ
1171 3147 1228 3201 δὲ
1273 3147 1451 3202 Φαλὲκ
1497 3147 1585 3202 διά
1628 3146 1784 3202 τοῦτο

1895 3149 1961 3191 ex
1983 3149 2094 3204 quo
2119 3132 2442 3191 Hedrammi.
2471 3136 2708 3208 Ideoque
2752 3135 2952 3194 Phalec
2989 3137 3172 3192 dictus
3196 3145 3304 3201 est,
3341 3152 3464 3190 eum

196 3235 408 3307 ἐκλήθη
470 3237 668 3304 Φαλὲκ,
720 3239 906 3312 ἐπειδὴ
966 3240 1107 3294 κατά
1173 3240 1264 3294 τὸν
1327 3241 1623 3295 ἀπόστολον
1677 3241 1785 3295 τῶν

197 3331 474 3384 ἀποικιῶν
503 3332 716 3404 ἐτέχθη.
761 3333 936 3387 Φαλὲκ
963 3334 1070 3407 γὰρ
1109 3336 1157 3387 οί
1208 3334 1448 3406 Ἑϐραῖοι
1492 3334 1788 3404 μερισμὸν

196 3420 474 3488 λέγουσιν,
517 3422 603 3474 ἐπ’
632 3421 794 3477 αὐτοῦ
837 3424 1224 3496 ἐμερίσθησαν.
1259 3425 1368 3478 Καὶ
1393 3426 1422 3477 ό
1456 3426 1787 3498 ὑπονοούμε-

196 3529 292 3576 vo;
328 3512 438 3566 τῶν
465 3513 603 3568 ἑτῶν
643 3514 744 3586 τῆς
777 3515 868 3569 τοῦ
900 3515 1104 3587 κόσμου
1133 3517 1393 3589 διαμονῆς
1434 3517 1666 3590 ἀριθμὸς
1709 3519 1788 3581 εἰς

195 3605 295 3658 δύο
328 3605 552 3680 διῃρέθη
587 3608 836 3662 ἰσαίτατα
859 3626 872 3638 ·
919 3609 1194 3681 τρισχίλια
1222 3609 1330 3682 γὰρ
1358 3611 1449 3663 ἐπὶ
1480 3612 1545 3682 τῇ
1575 3609 1784 3679 γενέσει

195 3699 298 3769 τῆς
331 3699 494 3752 αὑτοῦ
518 3698 610 3753 τοῦ
633 3701 837 3772 κόσμου
871 3702 1154 3775 ὑπάρξεως
1185 3703 1278 3774 ἔτη
1308 3703 1648 3776 ἐπερατώθη.
1681 3704 1784 3757 Λο-

197 3790 470 3861 γιζόμεθα
497 3793 604 3864 γὰρ
628 3793 900 3865 διαμεῖναι
931 3794 1028 3866 τὴν
1081 3794 1259 3849 κτίσιν
1300 3795 1460 3867 ἄχρις
1493 3794 1657 3866 ἕκτης
1704 3812 1787 3866 χι-

195 3883 403 3948 λιάδος,
431 3886 553 3938 ἐπεὶ
582 3887 674 3939 καὶ
705 3887 762 3940 ἐν
786 3886 845 3952 ἒξ
874 3887 1108 3959 ἡμέραις
1136 3889 1164 3941 ό
1192 3887 1325 3951 Θεὸς
1351 3887 1452 3960 τὴν
1477 3887 1786 3942 συντέλειαν

195 3975 355 4029 τοῦδε
408 3975 502 4030 τοῦ
558 3979 760 4042 παντὸς
796 3980 1180 4052 συνεστήσατο.
1243 3979 1514 4046 Χιλιετεῖς
1573 3980 1630 4034 δὲ
1686 3979 1786 4044 τὰς

199 4069 418 4140 ἡμέρας
482 4070 790 4140 λογίζεσθαι
835 4072 897 4126 τὸ
941 4072 1094 4127 Θείον
1149 4069 1338 4143 οἶμαι·
1384 4076 1608 4143 Κυρίου
1651 4073 1781 4147 γὰρ,

197 4161 392 4236 φησὶν,
420 4163 610 4234 ἡμέρα
630 4166 710 4232 ὡς
731 4165 896 4236 χίλια
923 4164 1049 4235 ἔτη.

272 4339 489 4393 Γίνεται
518 4336 612 4394 οὖν
633 4340 741 4394 ἀπὺ
783 4339 956 4413 Ἀδὰμ
983 4341 1076 4395 ἐπὶ
1099 4341 1196 4414 τὴν
1215 4341 1470 4414 τελευτὴν
1485 4342 1662 4397 Φαλὲκ
1687 4343 1780 4415 ἔτη

1889 3235 2054 3282 natus
2084 3225 2155 3282 sit
2179 3227 2400 3298 quando
2431 3228 2663 3285 colonia
2685 3229 3058 3286 mittebantur.
3091 3229 3293 3284 Phalec
3317 3227 3475 3286 enim.

1889 3318 2242 3375 Hebrreorum
2289 3322 2472 3394 lingua
2505 3321 2693 3376 divisio
2721 3322 3082 3394 signiﬁcatur,
3117 3330 3172 3378 et
3221 3329 3476 3392 tempore.

1888 3414 2036 3471 illius
2061 3414 2221 3470 divisi
2251 3425 2400 3470 sunt.
2439 3413 2505 3469 Et
2532 3413 2626 3486 qui
2659 3414 2775 3484 jam
2809 3416 2976 3485 hujus
3005 3414 3194 3470 mundi
3217 3412 3466 3469 duratio-

1887 3508 1975 3562 nis
2006 3521 2270 3564 numerus
2291 3522 2414 3564 esse
2445 3508 2814 3570 existimatur,
2849 3508 2902 3562 in
2927 3507 3065 3564 duas
3095 3515 3279 3577 partes
3303 3520 3465 3576 pares

1885 3599 2233 3671 aequalesque
2278 3599 2490 3656 divisus
2512 3607 2597 3656 est
2622 3619 2637 3666 ;
2673 3600 2804 3655 anni
2841 3599 3042 3671 quippe
3070 3615 3136 3656 ex
3167 3613 3279 3671 quo
3304 3613 3466 3652 mun-

1886 3690 1991 3746 dus
2023 3691 2112 3746 hic
2145 3690 2404 3750 conditus
2437 3699 2544 3754 est,
2585 3690 2758 3762 elapsi
2788 3697 2919 3746 sunt
2947 3697 3031 3746 ter
3053 3689 3220 3745 mille.
3249 3687 3462 3744 Etenim

1885 3782 2150 3837 mundum
2208 3781 2356 3838 hunc
2405 3781 2474 3837 ad
2530 3789 2741 3838 sextam
2801 3780 3094 3838 chiliadem
3136 3780 3464 3836 duraturum

1885 3874 2194 3944 opinamur,
2222 3873 2446 3945 quando
2477 3882 2534 3930 et
2576 3891 2674 3931 sex
2705 3873 2900 3931 diebus
2937 3874 3083 3930 Deus
3141 3873 3472 3930 universum

1885 3965 1991 4021 hoc
2035 3966 2362 4039 perfectum,
2417 3967 2786 4039 omnibusque
2833 3967 2953 4024 suis
2994 3966 3248 4039 partibus
3295 3965 3466 4022 edidit

1884 4058 2229 4124 absolutum;
2271 4065 2325 4113 et
2360 4059 2505 4129 apud
2543 4059 2712 4115 Deum
2767 4074 2936 4115 unam
2975 4059 3119 4116 diem
3163 4074 3264 4131 pro
3314 4057 3468 4114 mille

1885 4152 2046 4208 annis
2093 4152 2401 4222 computari
2449 4152 2682 4221 opinor;
2714 4153 2791 4208 ait
2840 4155 3066 4226 quippe,
3113 4152 3329 4209 Domini
3355 4153 3465 4207 dies

1883 4246 2039 4317 quasi
2069 4245 2215 4300 mille
2257 4247 2386 4300 anni
2414 4247 2481 4299 ⁸².

1955 4340 2040 4397 Ab
2065 4340 2237 4396 Adam
2261 4341 2446 4412 itaque
2475 4356 2651 4411 usque
2675 4339 2746 4395 ad
2761 4340 2972 4396 obitum
3003 4338 3206 4396 Phalec
3221 4339 3352 4394 anni
3382 4345 3468 4394 ter

197 4430 495 4501 τρισχίλια.
550 4433 672 4486 Ἐπὶ
707 4433 762 4486 δὲ
805 4435 904 4504 τὴν
947 4431 1042 4487 τοῦ
1083 4435 1290 4507 Κυρίου
1341 4435 1640 4507 παρουσίαν
1691 4439 1784 4491 καὶ

1895 4435 2038 4490 mille
2075 4441 2533 4499 annumerantur,
2581 4442 2637 4490 et
2674 4434 2742 4490 ad
2806 4432 3022 4490 Domini
3071 4432 3364 4489 adventum
3413 4437 3471 4486 et

195 4524 499 4577 ἀνάστασιν
537 4523 632 4595 ἐτη
684 4526 1101 4598 πεντακισχίλια
1148 4527 1242 4582 καὶ
1284 4527 1619 4582 πεντακόσια
1669 4545 1786 4600 τρι-

195 4616 406 4674 άκοντα
441 4616 520 4680 ἓν,
560 4617 636 4679 ὡς
663 4615 870 4670 λείπειν
900 4619 1226 4690 τετρακόσια
1260 4621 1598 4692 πεντήκοντα
1627 4621 1784 4675 ἐννέα

195 4707 293 4779 ἐτη
321 4709 420 4776 τῆς
440 4708 604 4780 ἱκτης
625 4709 881 4780 χιλιάδος.
911 4710 1068 4763 Ἐστι
1091 4710 1149 4764 δὲ
1170 4711 1270 4781 τῆς
1293 4711 1384 4764 τοῦ
1419 4712 1626 4784 κόσμου
1656 4729 1781 4764 συν-

193 4799 412 4865 τελείας
474 4804 696 4872 σημετον
758 4801 818 4854 τὸ
875 4801 1174 4857 σάϐϐατον·
1249 4805 1342 4857 καὶ
1399 4805 1623 4868 εἰκότως
1691 4805 1778 4858 ἐπ’

195 4891 448 4961 ἐσχάτων
514 4892 620 4948 τῶν
677 4894 900 4978 ἡμερῶν
957 4896 988 4947 ό
1047 4896 1250 4972 Κύριος
1307 4898 1650 4970 ἐπιδημήσας
1700 4897 1780 4968 τῷ

195 4987 392 5058 κόσμῳ
441 4988 500 5042 ὲν
539 4990 860 5060 παρασκευῇ
909 4987 1198 5052 πέπονθεν,
1245 4988 1366 5059 ἥτις
1412 4990 1558 5044 ἐστὶν
1598 4988 1781 5062 ήμέρα

194 5080 357 5149 ἕκτη,
395 5079 491 5132 καὶ
525 5078 731 5144 ταύτης
769 5079 870 5150 τῆς
913 5080 1126 5152 ἡμέρας
1166 5080 1291 5150 ὥρα
1310 5077 1387 5152 ἦν
1416 5081 1559 5136 ὡσεὶ
1606 5080 1774 5150 ἕκτη,

193 5171 362 5241 ήνίκα
413 5168 730 5242 ἐσταυρώθη
753 5210 769 5234 ,
826 5170 922 5226 τοῦ
962 5172 1121 5242 λόγου
1168 5173 1524 5244 σημαίνοντος
1563 5171 1650 5227 διὰ
1684 5172 1777 5227 τοῦ

191 5263 297 5334 τῆς
317 5261 492 5336 ἕκτης
525 5263 758 5334 χιλιάδος
785 5265 846 5320 τὸ
871 5265 1076 5337 ἥμισυ·
1110 5267 1205 5321 καὶ
1234 5266 1323 5321 διὰ
1346 5266 1505 5321 τοῦτο
1534 5265 1778 5339 ὡρισμέ-

194 5371 304 5417 νως
343 5355 445 5408 οὐκ
486 5351 636 5411 εἶπεν
675 5355 796 5430 ὥρα
834 5357 990 5430 ἕκτη,
1024 5357 1454 5429 ύπεμφαίνοντος
1497 5359 1590 5414 τοῦ
1619 5358 1779 5428 λόγου

194 5446 363 5518 ῦλίγῳ
403 5448 573 5502 πλείω
608 5449 700 5503 τοῦ
738 5449 973 5522 ἀριθμοῦ
1011 5451 1358 5522 ὑπερπαίειν.
1403 5451 1536 5504 Ἀπὸ
1579 5451 1635 5506 δὲ
1683 5449 1778 5506 τοῦ

198 5536 432 5607 Χριστοῦ
479 5539 571 5591 ἐπὶ
623 5540 721 5612 τὴν
779 5540 1297 5613 τριακονταετηρίδα
1363 5540 1777 5596 Κωνσταντίνου

272 5709 316 5742 δ’
339 5711 441 5769 Gen
498 5731 552 5778 x,
577 5715 666 5772 ει.
742 5719 785 5750 ⁸ο
819 5716 956 5776 Ibid.
1037 5720 1077 5751 '“
1109 5716 1249 5774 Ibid.
1283 5719 1372 5776 25.
1434 5720 1478 5751 ⁸²
1505 5718 1654 5774 Psal.
1689 5732 1911 5786 Lxxxlx,
1948 5718 2000 5778 4.

1890 4526 2374 4592 resurrectionem,
2407 4528 2536 4582 anni
2572 4527 2820 4599 quinque
2863 4527 3013 4582 mille
3054 4526 3338 4597 quingenti
3370 4523 3469 4580 tri-

1889 4616 2038 4687 ginta
2070 4624 2126 4672 et
2147 4633 2312 4683 unus,
2341 4619 2414 4672 ita
2444 4627 2504 4673 ut
2525 4618 2592 4673 ad
2624 4628 2835 4674 sextam
2855 4617 3148 4673 chiliadem
3174 4616 3469 4672 absolven-

1887 4710 2015 4764 dam
2056 4717 2265 4766 tantum
2293 4710 2679 4784 quadringenti
2710 4711 3111 4784 quinquaginta
3150 4726 3347 4766 novem
3372 4711 3472 4766 de-

1887 4804 2221 4860 siderentur.
2259 4801 2488 4875 Signum
2522 4821 2654 4860 vero
2680 4806 2846 4876 hujus
2875 4803 3065 4859 mundi
3092 4803 3468 4874 consumptio-

1861 4882 1975 4952 'nis
2002 4896 2289 4952 sabbatum
2329 4904 2442 4965 est;
2497 4896 2730 4968 ideoque
2772 4914 2880 4954 non
2921 4899 3020 4955 abs
3052 4913 3111 4953 re
3142 4897 3338 4952 diebus
3368 4913 3469 4950 no-

1885 4981 2128 5039 vissimis
2189 4982 2454 5040 Dominus
2508 4986 2568 5040 in
2628 4986 2894 5042 mundum
2967 4985 3309 5050 adveniens,
3380 4985 3470 5040 die

1887 5071 2116 5132 Veneris
2165 5074 2385 5133 dolores
2438 5076 2722 5138 sustinuit.
2773 5094 2896 5151 qua:
2957 5087 3044 5136 est
3095 5077 3214 5136 dies
3273 5087 3426 5134 sexta
3451 5115 3467 5142 ,

1885 5167 2117 5238 ejusque
2152 5167 2260 5225 diei
2300 5169 2432 5224 hora
2464 5179 2582 5224 erat
2631 5172 2790 5238 quasi
2837 5179 2986 5231 sexta
3019 5171 3089 5238 ⁸⁸,
3133 5171 3263 5226 dum
3315 5173 3470 5226 cruci

1885 5257 2078 5316 aﬂixus
2110 5268 2216 5326 est,
2255 5276 2366 5332 quo
2399 5260 2562 5318 nobis
2583 5273 2751 5318 sextae
2781 5262 3050 5318 chiliados
3079 5259 3366 5317 dimidium
3393 5262 3472 5318 si-

1886 5350 2198 5421 gnificatur,
2247 5353 2480 5426 ideoque
2520 5355 2742 5412 deﬁnite
2785 5370 2892 5410 non
2934 5355 3072 5410 dixit
3115 5353 3250 5409 hora
3287 5362 3466 5417 sexta,

1886 5456 2080 5512 parum
2115 5458 2147 5496 a
2179 5459 2412 5501 numero
2453 5446 2732 5512 aberrare,
2769 5461 3022 5502 sermone
3067 5445 3171 5500 hoc
3200 5443 3362 5501 nobis
3386 5445 3470 5501 iri-

1887 5555 2080 5596 nuens.
2118 5538 2164 5593 A
2206 5541 2429 5596 Christo
2464 5541 2530 5597 ad
2566 5543 2907 5599 tricesimum
2957 5556 3158 5598 annum
3189 5539 3468 5601 Constan:

2112 5722 2156 5753 ³³
2183 5720 2347 5778 Joan.
2380 5737 2493 5786 xxx,
2523 5719 2606 5778 Ηιρ
