3840 6164
342 329 360 363 Ι

427 239 536 297 759

1315 234 1376 295 ει.
1417 233 1863 293 EUSTATHIUS
1895 236 2385 296 ANTIOCHENUS
2418 231 2813 291 EPISCOPIJS.

3562 227 3675 291 πω

426 360 533 415 lini
580 369 942 413 numerantur
996 353 1127 410 anni
1173 368 1393 423 ccum,
1436 363 1491 411 et
1538 356 1999 427 quemadmodum

2105 357 2195 430 Ετη
2230 356 2349 412 hercl.
2393 353 2524 419 σξθθ.
2558 353 2765 424 ’Ὥσπερ
2790 349 2848 404 δὲ
2876 351 2905 404 ὁ
2945 348 3129 412 Ἰωνᾶς
3157 348 3304 419 τρεῖς
3329 343 3543 418 ἡμέρας
3569 345 3674 398 καὶ

422 448 593 508 Jonas
630 448 809 503 tribus
840 446 1035 502 diebus
1089 451 1145 502 et
1182 445 1362 501 tribus
1405 448 1660 504 noctibus
1701 447 1759 503 in
1803 457 1994 504 ventre

2105 452 2242 523 τρεῖς
2263 447 2461 510 νύκτας
2486 446 2543 498 ὲν
2568 446 2634 515 τῇ
2658 442 2834 513 κοιλίᾳ
2861 438 2956 493 τοῦ
2979 440 3177 510 κήτους
3201 435 3483 508 διατρίψας
3507 434 3675 505 ὑγιὴς

424 541 533 597 ceti
565 547 960 605 commoratus,
996 538 1182 595 salvus
1220 538 1508 595 restitutus
1546 548 1653 604 est,
1689 539 1770 596 sic.
1804 547 1860 595 et
1892 554 1995 597 nos

423 648 620 691 omnes
642 632 821 689 tribus
851 632 1113 703 temporis
1155 632 1457 687 intervallis
1482 630 1539 685 in
1566 637 1710 697 terra
1739 646 1998 688 consum-

422 725 557 795 ptis,
589 735 961 793 resurgemus,
990 735 1222 790 quorum
1254 721 1497 792 symbola
1523 719 1775 776 Salvator
1809 730 1999 777 noster

424 813 696 883 expressit
727 810 905 878 tribus
929 808 1142 875 diebus,
1174 816 1230 875 et
1266 811 1445 869 tribus
1478 811 1734 874 noctibus
1760 812 1998 881 peractis

425 905 531 960 sub
564 912 729 969 terra,
765 900 902 966 satis
932 899 1170 965 dilucide
1216 901 1475 959 erudiens
1506 902 1780 973 praedictis
1825 902 1997 964 inter-

425 994 585 1051 vallis
608 993 870 1065 temporis
906 993 1215 1063 completis,
1258 995 1718 1051 resurrectionem
1745 1002 1995 1068 nostram

426 1086 756 1153 adfuturam,
787 1085 973 1152 saeculi
997 1086 1388 1158 consequentis
1408 1085 1757 1158 principium“.

492 1348 682 1416 Jectan
700 1350 747 1384 “
768 1349 969 1413 liberos
998 1349 1191 1424 habuit
1220 1347 1536 1419 Salmodad,
1572 1361 1640 1403 ex
1686 1361 1796 1419 quo
1834 1344 1951 1416 indi
1977 1366 1995 1417 ;

426 1441 652 1522 Saleph,
678 1459 745 1500 ex
774 1459 883 1531 quo
910 1441 1091 1497 Bactri
1117 1460 1132 1509 ;
1167 1439 1476 1513 Asarmoth,
1505 1455 1573 1495 ex
1613 1454 1724 1510 quo
1754 1440 1995 1531 Arabes;

424 1532 634 1598 laracli,
669 1550 738 1590 ex
775 1550 883 1605 quo
928 1533 1219 1601 Garmani;
1261 1531 1493 1597 Odorra,
1528 1546 1597 1604 ex
1639 1546 1749 1602 quo
1791 1530 1995 1605 Mardi;

424 1626 571 1691 lezil,
595 1642 661 1682 ex
692 1642 802 1697 quo
827 1626 1081 1692 Arriani;
1119 1624 1302 1689 Decla,
1330 1640 1400 1679 ex
1440 1638 1550 1693 quo
1577 1622 1859 1691 Cedrusii;
1889 1620 1997 1677 Ge-

2097 539 2356 611 ἀπεδόθη,
2414 535 2557 591 οὕτω
2602 535 2697 588 καὶ
2756 535 2919 604 ⁴ήμεῖς
2962 530 3183 594 πάντες,
3229 526 3327 592 τὰς
3373 528 3520 598 τρεῖς
3568 524 3672 578 τοῦ

2098 632 2291 695 αἰῶνος
2330 626 2639 701 διαστάσεις
2678 624 2999 695 ποιήσαντες
3036 621 3096 674 ὲν
3129 621 3195 690 τῇ
3228 620 3320 689 γῇ,
3366 616 3675 688 ἀναστησό-

2101 720 2260 794 μεθα.
2309 718 2449 790 Τρία
2488 716 2599 789 γάρ
2624 715 2717 770 τοῦ
2765 714 2957 787 χρόνου
2997 711 3115 766 ἐστὶ
3151 708 3410 764 καθολικὰ
3441 708 3673 779 διαστήα

2101 829 2266 885 ματα,
2297 808 2549 877 ἐνεστὼς,
2577 805 2938 882 πᾳριμχηκὼς,
2977 803 3204 876 μέλλων,
3231 794 3305 855 ὧν
3332 800 3399 854 τὰ
3423 799 3672 871 σύμϐολα

2098 905 2128 964 ὁ
2167 902 2356 975 Σωτὴρ
2389 902 2545 974 ἡμῶν
2577 900 2925 973 ᾠκονόμησε,
2959 898 3106 969 τρεῖς
3149 894 3362 967 ἡμέρας
3392 893 3487 946 καὶ
3519 895 3675 960 τρεῖς

2098 993 2298 1058 νύκτας
2331 994 2562 1063 ποιήσας
2594 993 2651 1044 ὲν
2679 993 2744 1062 τῇ
2775 992 2868 1061 γῇ,
2902 987 3163 1044 διδάσκων
3194 984 3397 1054 σαφῶς,
3426 984 3529 1048 ὅτι,
3556 982 3674 1035 τῶν

2099 1082 2513 1157 προειρημένων
2557 1077 2967 1151 περαιωθέντων
2997 1073 3376 1143 διαστημάτων
3405 1070 3498 1124 τοῦ
3535 1069 3672 1140 χρό-

2099 1193 2213 1242 νου,
2255 1174 2404 1228 ἔσται
2435 1171 2589 1245 ήμῶν
2620 1174 2653 1243 ή
2685 1170 3003 1237 ἀνάστασις,
3031 1164 3123 1225 τοῦ
3158 1163 3439 1237 μέλλοντος
3473 1161 3674 1223 αἰῶνος

2098 1266 2240 1340 άρχὴ
2276 1265 2614 1337 ὑπάρχουσα.

2170 1337 2291 1412 Υιοι
2322 1357 2380 1411 δὲ
2427 1356 2674 1425 ἐγένοντο
2712 1351 2791 1423 τῷ
2852 1348 3072 1415 ’Ῑεκτὰν,
3121 1346 3434 1418 Σαλμωδὰδ,
3479 1343 3574 1414 ἀφ’
3607 1337 3676 1397 οὗ

2111 1449 2293 1503 Ἰνδοί·
2326 1448 2526 1517 Σάλεφ,
2566 1448 2660 1516 ἀφ’
2690 1437 2752 1498 οὗ
2794 1442 3059 1514 Βάκτροι·
3122 1437 3424 1513 Ἀσαρμὼθ,
3481 1435 3576 1505 ἀφ’
3608 1428 3676 1489 οὗ

2102 1540 2367 1612 ’Ἄραβες
2422 1538 2627 1610 ’ῐαρὰχ,
2677 1537 2768 1605 ἀφ’
2819 1527 2880 1588 οὗ
2920 1531 3223 1604 Καρμᾳνοί·
3285 1528 3530 1601 Ὀδορρὰ,
3574 1526 3676 1595 ἀφ’

2099 1626 2161 1686 οὗ
2204 1631 2450 1704 Μάρδοι·
2512 1630 2717 1696 Ἰεζεὶλ,
2767 1629 2860 1698 ἀφ’
2906 1620 2967 1680 οὗ
3023 1620 3531 1698 ’ΔρριανοίοΔεκλὰ,
3573 1619 3675 1689 ἀφ’

423 1719 534 1784 bal,
558 1734 624 1786 ex
651 1734 760 1789 quo
779 1717 1026 1789 Scythae;
1053 1716 1320 1779 Ahimeel,
1352 1732 1425 1789 ex?
1445 1732 1554 1787 quo
1593 1715 1831 1786 Hyrcani
1848 1732 1871 1791 ί
1890 1714 1994 1769 Sa-

2105 1716 2154 1778 ›ἷ›
2212 1723 2560 1793 Κεδρούσιοι·
2614 1720 2809 1786 Γεϐὰλ,
2859 1720 2954 1789 ἀφ’
2987 1711 3048 1772 οὗ
3093 1716 3325 1783 Σκύθαι·
3383 1711 3673 1784 Ἀϐιμεὴλ,

425 1810 529 1875 ben
569 1825 636 1871 ex
663 1825 772 1879 quo
793 1809 999 1873 Arabes
1029 1807 1257 1879 Felices;
1283 1806 1475 1881 Uphir,
1495 1825 1563 1866 ex
1592 1824 1701 1879 quo
1726 1806 1992 1874 Armenii;

421 1900 626 1974 Evilat,
653 1915 717 1956 ex
748 1915 858 1977 quo
880 1899 1382 1973 Gymnosophistaa;
1406 1900 1463 1968 hi
1491 1914 1682 1971 omnes
1714 1898 1812 1953 ﬁlii
1845 1896 1993 1971 Seni.

494 2075 620 2132 Sala
661 2078 847 2149 genuit
887 2075 1098 2149 Ragau,
1132 2076 1321 2150 Ragau
1362 2077 1596 2143 Seruch,
1641 2075 1850 2133 Seruch
1887 2076 1993 2142 Na-

420 2169 558 2239 ehor
572 2171 639 2237 ⁸⁸,
669 2170 759 2226 cui
782 2168 1159 2245 Chaldaeorum
1194 2170 1528 2227 vaticinandi
1559 2177 1731 2231 artem
1755 2176 1809 2225 et
1849 2170 1996 2230 side-

420 2274 543 2315 rum
581 2260 699 2332 vias
734 2259 979 2314 tradidit.
1015 2258 1189 2329 Hujus
1233 2259 1575 2330 temporibus
1614 2258 1709 2314 lilii
1739 2257 1851 2314 Noe
1875 2258 1995 2319 ido-

420 2350 598 2405 lorum
623 2351 859 2406 cultibus
880 2366 941 2407 se
968 2351 1186 2417 dedere,
1212 2351 1452 2422 vitiaque
1484 2350 1669 2406 omnia
1713 2364 1989 2416 exercere,

419 2441 587 2496 urbes
629 2446 932 2512 exstruere,
970 2454 1126 2511 reges
1169 2454 1382 2511 creare,
1431 2438 1720 2512 obsidione
1750 2439 1990 2515 cingere,

418 2530 673 2601 praedari,
710 2530 1010 2601 captivare.

490 2699 708 2768 Nacbor
734 2702 919 2773 genuit
953 2699 1162 2755 Tharra
1173 2700 1241 2767 ",
1273 2699 1481 2756 Tharra
1498 2700 1791 2775 Abraham,
1816 2710 1871 2771 et
1885 2701 1994 2757 Na-

419 2791 575 2856 chor,
597 2799 651 2847 et
677 2791 862 2848 Aram.
882 2792 1068 2860 Aram,
1086 2791 1209 2858 Lot,
1234 2799 1287 2848 et
1310 2791 1554 2855 Sarram,
1575 2800 1629 2848 et
1658 2792 1987 2849 Melchan".

418 2884 583 2936 Aram
626 2883 683 2937 in
722 2883 858 2938 urbe
899 2882 1313 2961 Chaldaeorum,
1354 2899 1474 2954 quae
1514 2882 1642 2940 Urel
1684 2883 1990 2952 dicebatur,

418 2973 531 3028 vita
561 2973 806 3050 privatus
831 2974 995 3040 est",
1028 2974 1187 3043 cujus
1223 2982 1278 3028 et
1305 2975 1361 3029 in
1394 2975 1511 3030 haec
1543 2983 1788 3046 tempora
1817 2976 1993 3046 sepul-

2098 1815 2192 1887 ᾁφ’
2216 1808 2277 1869 οὗ
2320 1813 2599 1887 ’Υρκανοί’
2632 1812 2825 1879 Σαὸεὖ,
2850 1813 2942 1881 ἀφ’
2970 1804 3030 1864 οὗ
3060 1807 3294 1881 ’Ἄραϐες
3310 1804 3670 1876 Εὑδαίμονες·

2097 1908 2295 1979 Ούφὶρ,
2342 1906 2435 1974 ἀφ’
2463 1898 2524 1959 οὖ
2577 1904 2884 1976 Ἀρμένιοι·
2925 1901 3145 1967 Εύῖλὰτ,
3180 1902 3270 1969 ἀφ’
3299 1890 3359 1952 οὗ
3396 1914 3674 1975 γυμνοσο-

2097 2001 2306 2073 φιστοαί.
2347 1990 2506 2053 Οὗτοι
2536 1998 2736 2061 πάντες
2760 1997 2867 2065 υίοὶ
2899 1997 3036 2067 Σήμ.

2167 2092 2313 2148 Ζαλὰ
2339 2092 2395 2145 δὲ
2436 2091 2690 2162 ἐγέννησε
2727 2089 2817 2143 τὸν
2858 2086 3082 2157 Ῥαγαῦ’
3127 2084 3328 2155 Ῥαγαῦ
3356 2086 3414 2139 δὲ
3440 2084 3532 2138 τὸν
3569 2084 3674 2136 Σε-

2102 2183 2231 2256 ρρύχ
2250 2201 2263 2213 ·
2300 2183 2504 2254 Σεροὺχ
2527 2182 2585 2236 δὲ
2614 2182 2704 2236 τὸν
2739 2178 2958 2252 Ναχὼρ,
2992 2180 3083 2233 καὶ
3116 2177 3348 2245 ἐδίδαξεν
3375 2176 3539 2231 αὑτὸν
3570 2176 3675 2247 τὴν

2093 2276 2201 2332 τῶν
2246 2275 2528 2336 Χαλδαίων
2577 2273 2835 2343 μαντείαν
2907 2272 3002 2324 καὶ
3048 2269 3428 2340 ἀστρονομίαν.
3477 2267 3568 2325 Ἐν
3610 2268 3672 2323 δὲ

2092 2371 2205 2433 τοῖς
2246 2366 2459 2439 χρόνοις
2507 2365 2712 2437 Σεροὺχ
2742 2365 2791 2417 oi
2825 2364 2931 2415 υἱοὶ
2964 2361 3087 2414 Νῶε
3122 2360 3523 2431 είδωλολατρεῖν
3564 2361 3672 2431 ήρ-

2093 2454 2253 2527 ξαντο
2283 2456 2378 2510 καὶ
2404 2453 2602 2525 κακίαν
2634 2455 2811 2525 πᾷσαν
2841 2450 3218 2524 μετέρχεσθαι,
3253 2451 3347 2519 καὶ
3368 2450 3676 2521 οἰκοδομεῖν

2093 2546 2298 2610 πόλεις,
2332 2546 2425 2600 καὶ
2469 2543 2709 2615 βασιλεῖς
2739 2532 3047 2613 καθιστᾷν,’
3068 2541 3162 2594 καὶ
3207 2540 3544 2612 πολιορκεῖν,
3574 2539 3674 2593 καὶ

2094 2638 2380 2710 ἁρπάζειν,
2410 2637 2505 2695 καὶ
2538 2634 2977 2708 αίχμαλωτίζειν.

2162 2727 2365 2801 Ναχὼρ
2407 2728 2465 2781 δὲ
2520 2726 2780 2797 ἐγέννησε
2844 2725 2936 2779 τὸν
2973 2725 3183 2797 Θάῤῥα,
3246 2725 3439 2795 Θάρῤα
3481 2722 3540 2777 δὲ
3574 2719 3678 2777 τὸν

2105 2819 2373 2899 Ἀϐραὰμ,
2396 2819 2599 2874 καὶτὸν
2621 2816 2842 2890 Ναχὼρ,
2863 2817 3067 2871 καὶτὸν
3099 2811 3280 2888 Ἀράν.
3311 2816 3475 2887 Ἀρὰν
3501 2814 3559 2867 δὲ
3577 2813 3674 2867 τὸν

2092 2909 2237 2975 Λὼτ,
2297 2909 2392 2963 καὶ
2428 2910 2529 2980 τὴν
2573 2909 2812 2982 Σάρραν,
2846 2908 2941 2962 καὶ
2987 2906 3226 2979 Μελχάν.
3289 2909 3346 2961 Ὀ
3387 2907 3445 2959 δὲ
3503 2905 3672 2978 Ἀρὰν

2095 2999 2368 3069 άπέθανεν
2396 3001 2456 3053 ὲν
2499 2998 2648 3052 πόλει
2696 2997 2879 3070 Οὐρὴλ
2923 2996 3187 3069 λεγομένῃ
3216 2995 3325 3049 τῶν
3361 2995 3671 3067 Χαλδαίων,

419 3078 574 3119 crum
607 3063 677 3117 ah
706 3063 960 3120 omnibus
995 3064 1211 3140 visitur,
1245 3064 1592 3135 decessitque
1618 3065 1676 3120 in
1716 3066 1993 3133 incendio,

2105 3094 2154 3146 ὲν
2262 3092 2342 3146 ἔτι
2379 3092 2475 3151 καὶ
2506 3091 2601 3145 νῦν
2631 3058 2800 3161 τάφος
2846 3087 3009 3143 αὑτοῦ
3052 3088 3346 3159 δείκνυται.
3405 3087 3674 3155 Ἀπέθανε

420 3172 532 3229 quo
584 3157 788 3232 Abram
816 3157 961 3212 idola
994 3158 1166 3227 patris
1198 3156 1285 3213 sui
1308 3157 1684 3228 conﬂagravit,
1718 3158 1847 3212 dum
1884 3159 1993 3215 illis

419 3257 480 3304 ut
510 3249 825 3304 subveniret
853 3250 1073 3305 domum
1112 3258 1259 3306 esset
1308 3251 1629 3321 ingressus;
1678 3266 1994 3322 uxoresque

417 3341 625 3394 ducunt
640 3354 881 3403 sorores,
896 3339 1143 3396 Melchan
1159 3339 1410 3410 Nachor;
1434 3340 1657 3397 Sarram
1702 3341 1982 3398 Abraham

418 3429 487 3480 ".
528 3426 714 3499 Neque
752 3426 805 3482 id
829 3440 1023 3498 praeter
1050 3429 1143 3499 jus
1164 3415 1348 3503 agunt,
1381 3446 1506 3486 cum
1536 3432 1684 3487 nulla
1703 3439 1862 3488 antea
1883 3434 1994 3488 lata

416 3526 564 3574 esset
599 3518 685 3574 lex
730 3535 850 3589 quas
877 3520 983 3575 hoc
1028 3528 1258 3576 vetaret.
1308 3520 1521 3576 Etenim
1554 3521 1600 3577 si
1628 3522 1698 3578 ab
1747 3522 1993 3577 omnium

417 3610 693 3664 communi
736 3617 960 3679 parente
988 3611 1160 3666 Adam
1207 3612 1439 3682 ejusque
1461 3627 1634 3669 uxore
1669 3612 1849 3670 editos
1876 3621 1992 3668 tum

416 3714 621 3765 mares,
648 3709 769 3755 tum
816 3700 1072 3766 feminas,
1106 3702 1359 3772 quamvis
1402 3710 1590 3758 essent
1626 3708 1681 3759 et
1712 3701 1912 3758 fratres
1939 3715 1995 3759 et

416 3807 637 3848 sorores
667 3793 736 3848 ad
770 3793 1140 3865 procreandos
1184 3795 1388 3851 liberos
1418 3803 1616 3851 natura
1648 3796 1765 3865 ipsa
1792 3793 1994 3850 fratres

417 3885 723 3950 sororibus,
778 3893 841 3940 ut
894 3887 1394 3957 conjungerentur,
1451 3888 1894 3958 collocarentque
1935 3886 1995 3941 in

415 3976 788 4045 matrimonio,
830 3979 1160 4035 necessitate
1207 3978 1443 4049 quadam
1497 3980 1783 4051 compulit,
1831 3978 1918 4034 sic
1940 3985 1995 4034 et

417 4070 517 4137 qui-
543 4084 639 4126 eos
668 4071 844 4126 secuti
872 4080 1022 4138 sunt,
1051 4073 1181 4128 dum
1217 4074 1398 4130 adhuc
1429 4074 1484 4128 in
1518 4074 1695 4144 prima
1737 4073 1829 4128 illa
1863 4088 1993 4130 suc-

415 4153 668 4217 cessione
711 4163 848 4234 legis
884 4164 1130 4220 viverent
1168 4166 1442 4236 majorum
1479 4180 1662 4222 mores
1690 4173 1814 4237 apte
1859 4180 1999 4222 con-

415 4260 779 4337 grueuterque
808 4255 1294 4325 amplectebantur.

484 4341 658 4399 Porro
710 4338 922 4400 'l'barra
960 4346 1273 4403 Chaldaeam
1331 4348 1460 4404 odio
1507 4348 1716 4405 habens
1769 4355 1993 4420 propter

414 4438 675 4493 acerbum
695 4437 787 4492 ﬁlii
821 4439 1052 4504 luctum,
1075 4441 1133 4495 in
1166 4440 1619 4513 Mesopotamiam
1652 4455 1713 4496 se
1732 4443 1987 4507 contulit,

413 4528 598 4598 ibique
624 4544 748 4584 cum
777 4531 937 4589 annis
964 4530 1218 4589 ducentis
1236 4541 1291 4589 et
1312 4534 1556 4605 quinque
1578 4532 1830 4599 vixisset,
1847 4532 1992 4588 diem

413 4637 575 4677 suum
607 4622 747 4677 obiit
756 4624 821 4678 “.

484 4712 565 4766 Ες
616 4728 684 4769 eo
727 4715 877 4771 enim
904 4724 1150 4788 tempore
1197 4716 1311 4772 vita
1359 4717 1642 4773 hominum
1693 4717 1989 4773 contrahe-

410 4804 596 4869 batur,
625 4808 1142 4879 angustioribusque
1175 4809 1604 4864 concludebatur
1636 4808 1835 4864 linibus
1853 4848 1869 4874 ,
1895 4824 1990 4864 us-

412 4909 521 4964 que
566 4894 635 4948 ad
682 4894 887 4968 Moysis
929 4907 1130 4953 ortum.
1168 4897 1385 4953 Etenim
1420 4906 1545 4968 post
1581 4898 1822 4971 Moysem
1860 4900 1987 4954 vitae

413 4985 670 5042 humana:
698 4991 968 5045 terminus
990 4992 1328 5048 constitutus
1353 5000 1439 5047 est
1460 5006 1731 5046 annorum
1764 5001 1986 5047 centum

409 5086 467 5133 et
496 5079 709 5150 viginti,
747 5096 887 5150 quos
909 5096 1043 5139 cum
1062 5094 1117 5138 et
1151 5083 1271 5154 ipse
1309 5082 1524 5156 Moyses
1555 5085 1878 5155 peregisset,
1907 5085 1989 5139 vi-

410 5177 523 5223 tam
558 5186 689 5226 cum
714 5181 888 5229 morte
908 5178 1285 5231 commutavit.

484 5259 684 5317 Verum
750 5263 1023 5320 Abraham
1061 5277 1275 5337 'terque
1320 5274 1625 5338 quaterque
1669 5267 1884 5329 beatus,
1927 5266 1986 5321 in

411 5360 693 5406 astrorum
723 5355 953 5410 scientia
979 5367 1099 5413 erat
1125 5360 1400 5416 excellens
1420 5369 1477 5417 et
1512 5360 1831 5431 singularis,
1867 5372 1985 5413 ma-

408 5442 736 5519 joribusque
771 5464 937 5519 quam
968 5451 1061 5506 alii
1089 5452 1513 5523 cogitationibus
1538 5453 1729 5509 virtuti
1758 5468 1981 5524 operam

2092 3185 2150 3241 δὲ
2198 3188 2257 3255 ὲν
2319 3184 2395 3256 τῷ
2459 3184 2825 3256 ὲμπυρισμῷ,
2873 3176 2919 3252 ᾧ
2967 3181 3283 3255 ἐνεπύρισεν
3351 3179 3566 3256 Ἀϐρὰμ
3604 3181 3674 3247 τὰ

2093 3276 2286 3330 εἴδωλα
2313 3275 2406 3329 τοῦ
2455 3276 2659 3348 πατρὸς
2699 3274 2861 3345 αὐτοῦ
2895 3276 2955 3329 ἐν
2979 3275 3057 3347 τῷ
3083 3272 3341 3328 εἰσελθεῖν
3386 3271 3673 3339 ἐξελέσθαι

2093 3369 2255 3424 αὑτά.
2300 3368 2543 3441 Γαμοῦσι
2582 3368 2639 3421 δὲ
2682 3367 2783 3431 τὰς
2829 3365 3064 3435 ἀδελφὰς
3108 3364 3329 3436 Μελχὰν
3392 3365 3490 3435 μὲν
3554 3364 3674 3416 Να-

2094 3463 2231 3536 κὼρν
2289 3461 2504 3536 Σάρραν
2555 3459 2612 3514 δὲ
2660 3462 2689 3514 ὁ
2743 3460 3013 3533 Ἀϐραάμ.
3068 3458 3179 3513 Καὶ
3224 3446 3283 3511 οὗ
3334 3456 3674 3527 παρανόμως

2094 3553 2252 3607 τοῦτο
2309 3550 2583 3619 ποιοῦσιν,
2639 3549 2826 3622 ἐπειδὴ
2881 3550 3014 3621 μηδὲ
3060 3549 3223 3620 νόμος
3266 3543 3334 3619 ἦν
3375 3546 3601 3600 πώποτε
3644 3546 3674 3599 δ

2094 3645 2337 3701 κωλύων.
2384 3646 2447 3698 El
2478 3644 2586 3716 γὰρ
2620 3643 2746 3706 τοὺς
2785 3643 2893 3696 ἀπὸ
2934 3639 3028 3695 τοῦ
3073 3639 3252 3695 κοινοῦ
3300 3638 3520 3692 πάντων
3562 3655 3672 3690 πα-

2094 3738 2222 3811 τρὸς
2272 3737 2442 3808 Ἀδὰμ
2496 3736 2591 3791 καὶ
2627 3737 2727 3807 τῆς
2767 3736 2958 3788 τούτου
2997 3733 3253 3803 γυναικὸς
3313 3730 3674 3802 γεννηθέντας

2094 3824 2330 3897 ἄρρενας
2372 3824 2467 3878 καὶ
2511 3823 2751 3894 θηλείας,
2794 3822 3055 3892 ἀδελφοὺς
3094 3821 3253 3886 ὄντας
3283 3822 3378 3875 καὶ
3412 3818 3672 3887 ἀδελφὰς,

2094 3918 2129 3989 ή
2191 3917 2351 3986 φύσις
2396 3918 2488 3970 ἐπὶ
2542 3916 2885 3970 παιδοποιίαν
2920 3914 3355 3988 προκαλουμένη,
3408 3913 3672 3981 ἀδελφοὺς

2094 4010 2349 4079 ἀδελφαῖς
2388 4010 2600 4081 ἀνάγκῃ
2633 4010 2725 4063 ἐπὶ
2755 4010 2933 4081 γάμου
2982 4008 3265 4062 κοινωνίαν
3314 4007 3533 4079 ἐνῆγεν·
3568 4006 3670 4058 οὐκ

2094 4103 2320 4167 ἀπεικὸς
2379 4099 2472 4158 οὖν
2528 4092 2625 4156 καὶ
2668 4103 2794 4167 τοὺς
2859 4101 2996 4174 μετὰ
3065 4099 3240 4154 ταῦτα
3293 4099 3395 4170 τῆς
3449 4096 3674 4172 πρώτης

2093 4194 2456 4265 τυγχάνοντας
2492 4193 2745 4265 διαδοχῆς
2772 4192 2867 4247 τοῦ
2894 4193 3061 4265 νόμου
3094 4190 3203 4246 τῶν
3240 4176 3524 4263 προγόνων
3575 4208 3674 4243 κα-

2092 4285 2457 4341 τακολουθεῖν.

2177 4376 2235 4429 '0
2272 4375 2329 4430 δὲ
2369 4375 2577 4447 essent,
2614 4376 2852 4447 μισήσας
2881 4375 2979 4449 τὴν
3010 4373 3283 4437 Χαλδαίαν
3325 4373 3416 4427 διὰ
3457 4373 3518 4426 τὸ
3547 4374 3673 4427 πένο

2094 4464 2184 4529 θος
2216 4464 2309 4518 τοῦ
2341 4464 2480 4529 υἱοῦ,
2511 4467 2592 4529 είς
2619 4466 2718 4544 τὴν
2752 4465 3177 4535 Μεσοποταμίαν
3210 4463 3446 4535 μετῆλθε
3466 4503 3482 4528 ,
3509 4465 3673 4536 κάκεῖ

2091 4550 2429 4623 ἐτελεύτησε,
2465 4550 2668 4622 βιώσας
2695 4552 2790 4625 ἔτη
2826 4553 2988 4607 πέντε
3023 4553 3116 4607 καὶ
3147 4553 3419 4621 διακόσια.

2164 4728 2392 4781 Ἐκτοτε
2431 4728 2539 4801 γὰρ
2573 4728 2680 4782 τῶν
2709 4708 3010 4802 ἀνθρώπων
3041 4731 3100 4784 τὸ
3136 4729 3235 4802 ζῇν
3291 4731 3669 4803 συνετέμνετο,

2090 4815 2186 4869 καὶ
2230 4815 2561 4889 βραχύτερον
2609 4818 2852 4887 ἐγένετο,
2892 4821 3018 4893 ἄχρι
3054 4822 3153 4893 τῆς
3204 4823 3484 4887 Μωῦσέως
3520 4825 3669 4892 γενέ-

2092 4925 2249 4971 σεως.
2293 4908 2448 4963 Μετὰ
2471 4909 2581 4981 γάρ
2615 4911 2855 4965 Μωῦσέα
2879 4904 3003 4984 ὄρος
3038 4912 3131 4967 τοῦ
3172 4914 3269 4985 ζῇν
3315 4915 3538 4984 ἐγένετο
3574 4916 3665 4989 ἐτη

2095 5004 2198 5067 ρκ’,
2242 4997 2398 5053 ἆτινα
2428 5002 2523 5055 καὶ
2555 5001 2716 5065 αὐτὸς
2746 4997 2901 5067 οὗτος
2941 5004 3130 5074 ζήσας,
3179 5005 3272 5058 τὸν
3327 5005 3522 5078 θνητὸν
3556 5005 3667 5078 βίον

2098 5088 2451 5160 μετήλλαξεν.

2178 5263 2428 5335 Ἀϐραάμ
2458 5263 2514 5316 δὲ
2550 5266 2580 5318 ὁ
2629 5266 3031 5338 τρισμακάριος
3069 5266 3291 5340 ἄριστος
3335 5267 3663 5340 ἀστρονόμος

2090 5352 2377 5423 ἐτύγχανε,
2408 5354 2503 5407 καὶ
2539 5353 2708 5424 μείζω
2742 5353 2851 5407 τῶν
2896 5354 3069 5407 ἄλλων
3114 5352 3329 5426 φρονῶν
3369 5355 3430 5407 ὲν
3469 5356 3658 5427 ἀρετῇ·

2090 5450 2307 5504 πάντων
2329 5447 2436 5503 τῶν
2459 5448 2589 5502 υἱῶν
2612 5448 2733 5501 Νῶε
2757 5450 2837 5513 εἰς
2859 5448 3276 5521 δεισιδαιμονίαν
3304 5463 3665 5505 unum

484 5621 532 5666 ⁸⁸
562 5622 689 5687 (ἒϐη.
734 5628 900 5693 μεθ,
979 5632 1025 5664 ³⁸
1055 5631 1182 5687 Gen.
1219 5649 1297 5700 XI,
1332 5633 1423 5688 22.
1502 5634 1550 5667 ”
1577 5632 1839 5715 Ιῡὶάτῑι.
1914 5634 1958 5668 ⁸⁷
1992 5634 2010 5690 ε

2106 5674 2120 5690 .
2170 5648 2248 5701 ιι,
2300 5629 2391 5688 2‘2.
2469 5631 2516 5665 ⁸⁸
2551 5628 2692 5686 Ibid.
2719 5629 2809 5687 28.
2882 5630 2928 5662 ”
2961 5629 3225 5687 10111.29.
3305 5632 3351 5664 ⁶⁰
3385 5630 3619 5703 Hirtii:
