3840 6164
168 291 280 347 "Hii

1095 268 1369 335 SPURIA,
1405 296 1477 309 —
1516 261 1877 321 COMMENT.
1914 260 1985 314 ΙΝ
2026 257 2520 317 HEXAEMERON.

3319 257 3420 316 ’162

177 406 373 462 κάτων.
420 397 578 472 μόνος
622 386 777 457 οὗτος
807 393 881 462 Δη
891 386 1147 463 μιουργδν
1194 382 1301 438 τῶν
1350 380 1567 447 πάντων
1613 375 1745 472 Θεδν

1852 371 2028 429 dabat.
2049 371 2183 427 Cum
2202 384 2392 425 omnes
2416 368 2510 423 ﬁlii
2539 366 2652 423 Noe
2672 366 2728 421 in
2753 365 3193 437 superstitiosum
3219 366 3422 423 daemo-

176 468 494 564 άπεφήνατο
518 484 676 549 εἶναι,
709 487 774 538 ἐκ
803 482 909 536 τῶν
936 481 1065 552 περὶ
1094 478 1242 549 ἥλιον
1271 475 1365 529 καὶ
1394 472 1620 564 σελήνην

174 561 447 649 λοιὼσεων
484 580 580 635 καὶ
608 580 673 632 ὲκ
717 576 825 630 τῶν
874 574 1001 646 περὶ
1030 572 1155 642 γῆν,
1190 570 1284 623 καὶ
1333 566 1490 638 ἀέρα,
1520 562 1614 618 καὶ
1653 561 1748 616 θά-

175 678 378 732 λατταν
436 669 775 743 παθημάτων
829 664 1073 728 εἰκάσας.
1129 660 1230 716 Διά
1270 659 1325 713 τί
1375 658 1506 729 γὰρ,
1555 653 1743 726 φησὶν,

179 767 364 839 ίσχύος
389 763 556 834 ούσης
584 762 641 816 ὲν
672 759 853 821 αὐτοῖς
880 756 979 827 τῆς
1005 752 1213 809 ἑαυτῶν
1244 748 1497 814 εὐταξίας
1526 747 1588 801 οὐ

175 838 445 921 νοοῦνται,
476 853 593 908 ἀλλ’
615 848 964 923 ὑστεροῦνται
987 844 1226 913 ταύτης;
1266 844 1360 903 Ἐκ
1382 838 1512 910 γοῦν
1544 838 1747 893 τούτων

175 948 466 1020 γινώσκειν
495 945 721 1012 ἔξεστιν,
751 944 834 997 ὅτι
863 941 924 995 οὐ
958 939 1076 994 κατ’
1113 938 1251 1007 ίδίαν
1298 936 1450 1005 ζσχὺν
1483 931 1744 996 συντελεῖ,

175 1046 226 1105 εἰ
260 1042 356 1097 καὶ
385 1042 531 1095 δοκεῖ
559 1037 863 1110 εὐεργετεῖν
891 1034 1018 1097 τοὺς
1056 1028 1376 1102 ἀνθρώπους
1411 1027 1472 1081 οὐ
1512 1022 1745 1098 μικρῶς,

174 1135 313 1197 ἀλλά
343 1132 484 1189 κατὰ
512 1132 611 1204 τὴν
646 1128 896 1201 βούλησιν
919 1125 1011 1181 τοῦ
1052 1125 1396 1198 ποιήσαντος.

250 1316 396 1389 Πρὸς
440 1313 571 1384 γοῦν
620 1311 718 1383 τὴν
770 1308 929 1379 δόξαν
961 1306 1127 1365 αὐτοῦ
1176 1304 1378 1375 ταύτην
1409 1305 1458 1357 οἱ
1490 1301 1749 1356 Χαλδαῖοι

172 1409 273 1463 καὶ
302 1410 353 1461 oi
379 1407 476 1477 τὴν
519 1403 942 1475 Μεσοποταμίαν
975 1398 1249 1467 οἰκοῦντες
1279 1398 1615 1469 διεφέροντο,
1653 1393 1748 1447 καὶ

172 1500 419 1568 ἀντεῖχον
476 1494 647 1567 αὐτῷ.
688 1495 798 1548 Καὶ
848 1492 1084 1555 ἀναστὰς
1138 1489 1346 1545 ἐκεῖθεν
1398 1488 1541 1542 κατά
1580 1486 1749 1558 πρόσ-

170 1607 363 1660 ταγμα
393 1588 533 1647 Θεοῦ¹
560 1587 655 1658 τὴν
689 1586 793 1656 γῆν
824 1583 931 1638 τῶν
962 1583 1277 1637 Χαναναίων
1308 1578 1615 1651 κατῴκησε.
1654 1580 1749 1632 Λι-

175 1680 277 1752 μοῦ
308 1682 367 1734 δὲ
398 1680 792 1742 καταλαϐόντος
833 1677 1005 1731 δεινοῦ
1024 1716 1040 1741 ,
1070 1678 1151 1740 εἰς
1188 1676 1459 1744 Αἴγυπτον
1505 1672 1745 1743 παρεγέ-

1846 478 1976 519 num
2011 463 2217 517 cultum
2261 460 2628 525 corruissent,
2663 459 2814 514 solus
2864 458 2975 524 hic,
3018 455 3187 514 Deum
3235 474 3421 513 rerum

1845 556 2091 614 omnium
2118 568 2241 611 esse
2270 552 2588 609 Creatorem
2619 549 2832 606 deliniit
2890 564 2922 603 a
2978 549 3112 603 solis
3172 548 3420 618 lunasque

1847 645 2365 704 commutationibus
2418 643 2756 714 reliquisque
2809 657 2932 712 quae
2981 642 3037 695 in
3074 650 3242 703 terra,
3270 655 3416 707 aere,

1846 739 2095 809 marique
2126 738 2473 807 contingunt,
2509 734 2849 818 coniectans.
2893 732 3165 799 Quidnam
3186 773 3198 795 ,
3241 733 3336 796 ait,
3368 730 3417 786 si

1846 832 2107 895 facultas,
2146 830 2423 900 roburque
2455 828 2511 881 in
2562 826 2671 881 illis
2705 834 2810 889 est,
2839 826 3043 880 nullam
3089 823 3176 880 sui
3206 822 3417 877 ordinis

1846 922 2203 981 conservandi
2220 937 2410 977 curam
2441 929 2659 993 gerunt,
2690 918 2788 974 sed
2818 918 2911 971 illa
2938 916 3309 971 frustrantur?
3337 914 3415 970 Ex

1846 1017 1935 1075 bis
1965 1016 2148 1085 itaque
2177 1012 2457 1069 fatendum
2499 1020 2604 1078 est,
2634 1026 2697 1068 ea
2740 1026 2851 1066 non
2884 1009 3072 1066 innata
3108 1007 3185 1074 vi,
3217 1007 3321 1063 etsi
3348 1006 3417 1069 de

1846 1123 2044 1181 genere
2076 1108 2315 1162 humano
2342 1120 2507 1176 quam
2554 1105 2788 1159 maxime
2815 1103 2954 1157 bene
2998 1100 3197 1156 mereri
3228 1098 3425 1159 viden-

1845 1209 1956 1266 tur,
1990 1201 2085 1257 sed
2112 1199 2392 1255 Creatoris
2416 1199 2694 1255 voluntate
2729 1195 3010 1267 perﬁcere.

1914 1292 2118 1349 Contra
2143 1293 2284 1353 hanc
2302 1292 2629 1347 sententiam
2650 1291 2769 1359 ejus
2790 1287 3028 1344 Chaldaei
3044 1296 3097 1344 et
3113 1286 3423 1358 Mesopota-

1846 1388 1967 1442 mia:
1984 1388 2174 1442 incolae
2196 1388 2351 1458 plura
2376 1383 2749 1455 disputabant,
2769 1384 2901 1436 etab
2934 1397 2998 1436 eo
3013 1380 3418 1450 discrepabant,

1846 1466 1940 1551 qui
1976 1478 2232 1533 mandato
2276 1478 2371 1533 Dei
2412 1478 2538 1532 inde
2567 1491 2824 1545 egressus
2855 1474 2922 1537 “,
2954 1480 3154 1528 terram
3204 1470 3421 1526 Chana-

1846 1587 2087 1633 naeorum
2136 1571 2430 1635 habitavit;
2473 1567 2670 1623 deinde
2710 1582 2835 1621 cum
2875 1565 3045 1620 fames
3076 1564 3267 1635 ingens
3300 1577 3421 1618 eam

1845 1664 2122 1734 regionem
2147 1670 2388 1726 vexaret,
2420 1660 2717 1731 Egyptum
2747 1658 2967 1712 advenit
2983 1657 3050 1722 “,
3075 1664 3237 1725 atque
3254 1652 3422 1723 Egy-

172 1745 318 1837 νετο,
353 1774 447 1827 καὶ
492 1775 617 1837 τοὺς
663 1772 988 1841 Αἰγυπτίους
1026 1769 1273 1841 ἀλλήλοις
1315 1766 1741 1833 ἀντιδοξοῦντας,

1852 1757 1990 1827 ptios
2026 1755 2121 1826 qui
2168 1755 2317 1810 varia
2372 1754 2689 1815 sentientes,
2739 1752 2997 1823 legesque
3025 1745 3269 1817 proprias
3298 1758 3423 1814 pes-

171 1864 268 1919 καὶ
299 1865 370 1918 τά
412 1865 615 1935 νόμιμα
647 1862 852 1918 ἑαυτῶν
898 1861 1258 1924 διαπτύοντας
1289 1861 1383 1915 καὶ
1418 1859 1748 1931 ἀνατρέπον-

170 1973 272 2022 τας
299 1955 579 2023 ἀπέδειξεν
612 1957 856 2019 ἅπαντας
884 1956 1080 2019 αὐτοὺς
1112 1954 1275 2025 μηδὲν
1309 1951 1582 2021 ἀξιόλογον
1615 1951 1748 2024 μηδὲ

172 2050 542 2124 φρονοῦντας,
580 2049 713 2120 μηδὲ
746 2048 1117 2113 θεσπίζοντας.
1151 2047 1262 2101 Καὶ
1294 2044 1626 2115 θαυμασθεὶς
1656 2044 1748 2097 ἐπὶ

174 2142 389 2197 συνέσει
411 2142 505 2195 καὶ
532 2140 692 2212 σοφίᾳ
722 2139 909 2211 πολλῇ,
935 2138 1033 2210 τὴν
1058 2136 1423 2210 ἀριθμητικὴν
1449 2136 1629 2199 αὐτοῖς
1654 2136 1747 2189 καὶ

169 2234 271 2306 τὴν
304 2232 668 2304 ἀστρονομίαν
714 2230 1048 2303 παραδίδωσι
1071 2246 1084 2260 ⁸
1122 2228 1228 2300 πρὸ
1264 2228 1373 2299 γὰρ
1406 2228 1502 2299 τῆς
1540 2244 1746 2299 παρου-

175 2325 295 2388 σίας
325 2323 490 2378 αὑτοῦ
524 2324 737 2395 ἄπειροι
770 2320 974 2376 τούτων
1005 2320 1299 2391 ἐτύγχανον
1342 2322 1391 2373 oi
1427 2318 1742 2388 Αἰγύπτιοι·

176 2416 441 2486 μαθόντες
486 2415 545 2468 δὲ
600 2414 823 2486 ὕστερον
874 2416 984 2476 τοῖς
1020 2411 1258 2490 Ἕλλησι
1296 2410 1743 2482 μεταδεδώκασιν·

173 2507 575 2578 ὑποστρέψαντι
619 2507 676 2560 δὲ
708 2509 772 2560 ὲκ
802 2506 903 2577 τῆς
933 2505 1209 2575 Αἰγύπτου
1240 2504 1318 2575 τῷ
1360 2504 1609 2577 Ἀϐραὰμ
1636 2504 1747 2568 υἱὸς

183 2597 413 2668 ἰσμαὴλ
441 2596 655 2665 ἐγένετο
683 2598 746 2649 ἐκ
776 2596 878 2666 τῆς
922 2595 1214 2665 παιδίσκης
1259 2595 1456 2667 Ἀγαρ,
1491 2595 1551 2660 ἐξ
1589 2591 1657 2667 ἦς
1689 2596 1748 2650 τὸ

172 2689 327 2752 ἔθνος
385 2688 699 2761 Ἀγαρηνῶν
728 2705 791 2741 τε
818 2689 913 2741 καὶ
940 2686 1270 2762 Σαρακηνῶν
1308 2687 1533 2759 συνέστη
1556 2704 1569 2717 ·
1605 2688 1665 2741 τὸ
1691 2687 1749 2741 δὲ

170 2779 280 2832 τῶν
323 2779 676 2852 Ἰσμαηλιτῶν
711 2781 777 2833 ὲκ
800 2779 894 2833 τοῦ
937 2779 1179 2852 Ἰσμαήλ.

257 2874 317 2926 '0
351 2873 408 2926 δὲ
440 2873 564 2926 Λὼτ
595 2873 887 2945 χωρίζεται
932 2872 1026 2928 τοῦ
1079 2870 1346 2946 Ἁϐραάμ,
1381 2873 1475 2926 καὶ
1514 2872 1613 2943 τὴν
1646 2869 1751 2942 χὼ-

176 2985 277 3040 ραν
299 2968 402 3037 τὴν
424 2965 729 3039 Σοδομηνὴν
750 2964 986 3038 ᾤκησεν,
1011 2967 1131 3037 ἥτις
1156 2966 1389 3038 οὐρανίῳ
1414 2966 1748 3039 πυρπολήσει

173 3062 240 3123 δι’
273 3059 515 3131 ἄθεσμον
564 3060 906 3131 παρανομίαν
951 3058 1343 3130 κατεδικάσθη,
1393 3061 1489 3113 καὶ
1533 3059 1612 3112 ἔτι
1654 3058 1748 3112 καὶ

174 3154 269 3209 νῦν
317 3152 634 3225 κεκαυμένα
696 3153 867 3225 αὐτῆς
898 3151 967 3206 τὰ
1009 3151 1131 3223 ῐχνη
1176 3152 1456 3222 φαίνεται·
1489 3152 1599 3206 ἔστι
1641 3153 1748 3225 γὰρ
1774 3132 1817 3190 C

175 3249 305 3302 ίδεῖν
338 3248 502 3301 πέντε
535 3246 741 3300 πόλεων
774 3245 953 3310 σκιάς,
989 3248 1047 3299 ὲν
1075 3240 1163 3310 αἷς
1194 3245 1478 3316 βλαστάνει
1516 3246 1746 3317 καρπὸς,

171 3337 230 3403 ὃς
257 3338 512 3408 φαίνεται
543 3337 640 3409 μὲν
680 3336 875 3402 ἔξωθεν
902 3336 1283 3407 παραπλήσιος
1306 3338 1417 3399 τοῖς
1448 3335 1746 3406 ὲδωδίμοις,

171 3427 403 3500 ληφθεὶς
432 3427 489 3480 δὲ
529 3429 650 3491 ταῖς
678 3428 887 3500 χερσὶν,
920 3429 1000 3490 εἰς
1033 3427 1240 3496 τέφραν
1269 3426 1363 3480 καὶ
1391 3426 1595 3479 καπνὸν
1617 3429 1748 3482 ἀνα-

170 3520 382 3593 λύεται.
422 3520 636 3591 Γειτνιᾷ
678 3519 736 3573 δὲ
767 3518 939 3593 ταύτῃ
981 3521 1014 3590 ἡ
1076 3518 1419 3589 Ἀσφαλτῖτις
1464 3518 1652 3589 λίμνη,
1711 3518 1747 3589 ἡ

172 3615 441 3683 πρότερον
484 3611 582 3680 μὲν
621 3607 690 3682 ἦν
742 3610 926 3675 κοιλὰς
964 3611 1173 3682 φρέατα
1223 3610 1423 3682 ἔχουσα
1456 3610 1746 3680 ἀσφάλτου,

171 3702 566 3773 ἀφανισθείσης
597 3703 653 3755 δὲ
692 3704 788 3774 τῆς
834 3702 1038 3774 χώρας,
1072 3703 1238 3774 λίμνη
1277 3702 1585 3773 γεγένηται,
1627 3703 1750 3773 ἥτις

170 3799 264 3851 καὶ
305 3796 497 3869 Νεκρὰ
528 3795 774 3851 θάλασσα
811 3796 1294 3871 προσαγορεύεται.
1338 3797 1447 3850 Καὶ⁸
1492 3795 1605 3850 ἔστι
1650 3796 1751 3867 μὲν

170 3888 481 3959 πικροτάτη
530 3888 689 3959 φύσει
735 3890 831 3942 καὶ
876 3889 1098 3957 ἄγονος·
1148 3887 1349 3958 κοῦφον
1393 3887 1450 3940 δὲ
1494 3887 1556 3944 τὸ
1606 3885 1751 3959 ὕδωρ

172 3981 459 4052 κέκτηται,
494 3982 568 4045 ὡς
599 3982 706 4036 τῶν
741 3984 799 4036 ὲν
830 3984 970 4054 αὐτῇ
1021 3983 1362 4053 ριπτομένων
1403 3981 1634 4054 βαρέων,
1667 3981 1749 4035 λί-

172 4069 269 4127 θου
298 4074 333 4144 ἢ
374 4073 615 4146 σιδήρου,
648 4075 808 4149 τυχὸν
857 4075 931 4146 μὴ
964 4073 1277 4128 καταδύνειν
1313 4075 1391 4138 είς
1423 4073 1515 4128 τὸν
1569 4073 1747 4144 βυθὸν,

172 4161 289 4217 ἀλλ’
321 4160 477 4228 αὖθις
507 4164 696 4238 ὥσπερ
742 4166 847 4220 ὑπὸ
878 4167 1187 4237 πνεύματος
1224 4166 1620 4236 ἁναφυσᾶσθαι,
1656 4168 1751 4221 καὶ

174 4253 562 4310 ἑπιπολᾶσθαι.
604 4256 877 4325 Ῥιφέντες
904 4256 1013 4327 γὰρ
1040 4257 1125 4308 ἐπ’
1153 4256 1288 4327 αὐτῇ
1318 4253 1517 4319 ζῶντες
1544 4254 1752 4329 ἄνθρω-

175 4363 269 4399 ποι
333 4346 821 4401 άναϐλυστάνουσι·
877 4347 1061 4419 νεκροὶ
1113 4346 1169 4400 δὲ
1212 4346 1601 4401 καταδύνουσι⁸
1655 4347 1750 4401 καὶ

1849 1848 2189 1909 sumdantes,
2222 1846 2560 1907 evertebant,
2593 1842 2856 1905 instruxit
2884 1840 3022 1894 nihil
3070 1853 3163 1893 eos
3194 1836 3279 1891 vel
3303 1849 3422 1888 mo-

1847 1939 2037 2004 menti,
2084 1938 2170 1992 vel
2229 1935 2486 2008 ponderis
2548 1936 2810 2004 cogitare,
2868 1946 3045 2001 neque
3091 1930 3420 1993 decernere;

1847 2044 2017 2099 quare
2066 2036 2284 2100 propter
2331 2025 2677 2099 prudentiam
2728 2018 3179 2091 sapientiamque,
3210 2027 3423 2071 summa

1847 2134 1971 2174 cum
2005 2118 2367 2172 admiratione
2413 2115 2684 2176 laudatus,
2718 2110 3077 2169 arithmeticae
3108 2106 3216 2161 illis
3245 2114 3424 2159 astro-

1845 2226 2075 2283 rumque
2107 2217 2278 2263 artem
2310 2208 2516 2270 tradit;
2544 2214 2671 2260 ante
2719 2204 2868 2259 enim
2914 2202 3061 2255 illius
3113 2210 3419 2258 accessum,

1845 2301 2039 2357 harum
2065 2300 2420 2355 scientiarum
2447 2296 2687 2368 Egyptii
2722 2295 2886 2350 rudes
2909 2298 3084 2354 erant,
3101 2288 3301 2359 quibus
3322 2286 3422 2339 im-

1846 2394 1962 2450 buti
1984 2408 2077 2448 eas
2105 2401 2292 2463 postea
2320 2405 2443 2445 cum
2467 2388 2670 2444 Graecis
2698 2386 3206 2444 communicarunt;
3238 2391 3421 2432 rever-

1848 2498 2018 2553 soque
2040 2482 2315 2537 Abraham
2340 2497 2408 2536 ex
2437 2479 2751 2551 Aigypto“,
2786 2476 2931 2530 [ilius
2952 2472 3144 2529 lsmael
3175 2468 3423 2524 nascitur

1845 2595 1911 2634 ex
1948 2578 2143 2631 ancilla
2176 2575 2337 2648 Agar,
2364 2592 2486 2647 quae
2501 2574 2763 2647 Agarenis
2792 2570 3208 2639 Saracenisque,
3232 2579 3423 2638 quemq

1848 2670 2141 2726 admodum
2176 2667 2469 2725 lsmaelitis
2494 2668 2710 2733 lsmael,
2744 2665 2899 2737 origo
2928 2663 3051 2718 fuit.

1916 2888 2038 2955 Lot,
2071 2888 2350 2959 seiunctus
2372 2887 2440 2943 ab
2464 2884 2818 2952 Abraham“,
2846 2882 3122 2952 regionem
3160 2875 3421 2932 Sodomev

1846 2994 1975 3034 nam
1994 2978 2332 3036 domicilium
2355 2976 2565 3040 habuit,
2595 2991 2716 3047 quae
2744 2981 2967 3046 propter
3008 2969 3277 3026 nefarium
3301 2982 3421 3023 see-

1848 3070 1937 3127 lus
1955 3070 2165 3127 coelesti
2199 3070 2450 3126 incendio
2489 3066 2929 3138 conﬂagravit",
2957 3071 3012 3119 et
3047 3061 3254 3118 nostris
3283 3067 3422 3117 tem-

1849 3163 2077 3234 poribus
2106 3162 2229 3231 ejus
2261 3160 2502 3217 incendii
2524 3160 2769 3230 reliquiae
2792 3164 3117 3215 cernuntur.
3151 3154 3420 3211 Videntur

1848 3269 2085 3324 namque
2109 3254 2391 3309 civitatum
2427 3253 2670 3322 quinque
2697 3250 2948 3320 vestigia,
2978 3248 3037 3303 in
3071 3247 3273 3318 quibus
3303 3244 3419 3298 fru—

1847 3355 1970 3402 ctus
1994 3345 2255 3414 assurgit,
2281 3344 2374 3414 qui
2419 3343 2664 3399 exterius
2694 3340 2995 3398 esculentis
3024 3338 3221 3394 similis
3255 3350 3422 3406 appa-

1849 3443 1953 3502 ret,
1986 3443 2138 3492 tactu
2168 3451 2393 3507 pressus
2436 3433 2646 3489 fumum
2670 3432 2910 3497 exhalat,
2933 3437 2986 3485 et
3009 3428 3214 3483 fatiscit
3241 3426 3294 3480 in
3325 3443 3422 3480 va-

1848 3545 1976 3600 gum
1998 3529 2295 3599 pulverem.
2325 3526 2464 3582 Huic
2485 3526 2694 3596 regioni
2720 3523 3001 3594 proximus
3036 3527 3120 3576 est
3139 3518 3422 3589 Asphalti-

1848 3628 1933 3678 tes
1958 3620 2133 3686 lacus,
2162 3619 2255 3690 qui
2284 3619 2438 3689 prius
2459 3628 2575 3672 erat
2601 3615 2778 3679 vallis,
2809 3613 2991 3683 puteis
3017 3610 3283 3667 bitumine
3308 3608 3423 3677 ple-

1848 3713 1970 3778 nis;
1996 3728 2174 3768 mersa
2196 3713 2440 3783 regione,
2463 3711 2616 3765 lacus
2643 3708 2834 3774 crevit,
2859 3707 2954 3777 qui
2996 3711 3050 3760 et
3088 3719 3240 3759 mare
3278 3700 3414 3757 Mor-

1849 3810 2004 3856 tuum
2028 3809 2259 3857 vocatur
2296 3820 2311 3856 :
2345 3802 2500 3858 dirus
2543 3808 2773 3865 natura,
2805 3796 3139 3866 sterilisque,
3173 3803 3226 3850 et
3258 3791 3422 3853 undis

1848 3895 2081 3957 levibus,
2122 3894 2196 3948 ita
2228 3901 2289 3949 ut
2328 3894 2447 3950 sive
2488 3892 2722 3964 lapides,
2755 3891 2870 3946 sive
2915 3889 3144 3953 ferrum,
3173 3887 3288 3942 sive
3323 3886 3425 3939 ali—

1849 3984 1984 4055 quid
2032 3985 2184 4039 aliud
2222 3999 2390 4055 grave
2427 3984 2489 4039 in
2548 3983 2701 4037 illum
2750 3981 3126 4052 proiiciantur,
3159 3993 3269 4042 non
3313 3976 3422 4040 ima

1848 4088 2053 4148 petere,
2087 4076 2184 4133 sed
2206 4091 2403 4133 rursus
2424 4083 2683 4147 tanquam
2717 4089 2748 4128 a
2770 4082 2932 4129 vento
2953 4071 3163 4128 elliatur
3190 4071 3246 4125 in
3271 4086 3424 4133 sum-

1848 4186 2049 4242 moque
2078 4169 2281 4235 ﬂuitat,
2310 4169 2366 4224 in
2383 4183 2613 4239 eamque
2640 4167 2751 4222 vivi
2786 4166 3037 4221 homines
3081 4163 3269 4233 injecti
3299 4178 3424 4234 ege-

1849 4273 2067 4327 runtur,
2113 4262 2315 4318 mortui
2364 4267 2725 4332 merguntur;
2784 4259 3129 4327 lucernagque
3180 4269 3425 4313 accem

1851 4360 2226 4424 supernatant,
2257 4352 2546 4408 exstinctae
2590 4347 2920 4407 obruuntur.
2955 4348 3051 4404 Sal
3084 4362 3331 4401 amarum
3369 4352 3425 4406 et

170 4437 360 4509 λύχνοι
392 4438 450 4491 δὲ
491 4438 768 4509 καιόμενοι
800 4439 1173 4510 ἐπιφέρονται,
1217 4438 1534 4502 σϐεσθέντες
1563 4438 1621 4491 δὲ
1653 4456 1747 4492 κα-

1853 4446 2070 4500 alumen
2094 4445 2492 4516 bituminisque
2513 4445 2706 4516 globos
2741 4443 3078 4514 nigricantes
3100 4439 3273 4503 tauris
3300 4438 3425 4495 sine

173 4531 591 4586 ταποντοῦνται.
631 4531 918 4602 ’Δναφέρει
955 4531 1014 4585 δὲ
1053 4531 1186 4595 ἃλας
1233 4532 1446 4604 πικρὸν,
1494 4531 1590 4585 καὶ
1622 4549 1749 4585 στυ-

173 4623 439 4695 πτηρίαν,
492 4623 588 4678 καὶ
637 4622 736 4694 τῆς
779 4623 1055 4691 ἀσφάλτου
1113 4621 1363 4693 μελαίνας
1398 4621 1621 4693 βώλους,
1671 4621 1747 4684 ὡς

174 4714 415 4772 ἐοικέναι
441 4713 663 4779 τούτους
695 4714 913 4785 ταύροις
943 4714 1233 4784 ἀκεφάλοις
1260 4713 1321 4767 τὸ
1354 4713 1600 4784 μέγεθος.
1636 4714 1748 4767 Καὶ

172 4809 222 4875 οξ
267 4806 491 4871 ναῦται,
540 4806 638 4871 τὰς
674 4805 879 4878 βώλους
926 4806 1127 4871 ταύτας
1178 4806 1552 4878 δρασσόμενοι,
1608 4806 1746 4876 πλη-

176 4899 333 4972 ροῦσι
361 4898 434 4952 τὰ
462 4898 665 4970 σκάφη,
700 4900 792 4952 καὶ⁸
816 4899 1062 4953 ἕλκουσιν
1094 4898 1188 4952 ἐπὶ
1208 4897 1306 4969 τὴν
1327 4898 1538 4970 χέρσον.
1572 4898 1748 4969 Προσ-

175 4991 466 5062 πήγνυταιῖ
495 4989 551 5044 δὲ
590 4988 669 5062 τῷ
705 4988 847 5058 ξύλῳ
882 4989 977 5043 τοῦ
1023 4990 1208 5043 πλοίου
1250 4992 1283 5061 ὴ
1316 4988 1611 5059 ἄσφαλτος,
1652 4987 1748 5042 καὶ

174 5080 563 5149 ἀποξυλοῦται,
592 5081 667 5145 ὡς
698 5081 772 5153 μὴ
802 5081 1059 5137 δύνασθαι
1091 5080 1265 5145 ἄλλως
1288 5080 1742 5152 άποκολληθῆναι,

174 5177 225 5227 εί
254 5174 332 5245 μὴ
365 5174 617 5246 βρεχθείη
642 5174 823 5246 οὔροις
851 5176 947 5229 καὶ
974 5173 1301 5243 γυναικείοις
1324 5175 1605 5245 ἐμμήνοις·
1628 5172 1749 5225 τού-

174 5284 287 5331 τοις
324 5267 435 5337 γὰρ
468 5266 635 5320 εἴκειν
668 5267 849 5338 μόνοις
880 5266 1143 5338 πέφυκεν.
1187 5266 1489 5321 ’Δλλάττειν
1513 5266 1571 5320 δέ
1614 5283 1747 5336 φασι

1852 4538 2031 4606 capite
2057 4538 2264 4594 similes
2293 4537 2669 4608 magnitudine
2709 4537 2903 4607 gignit,
2926 4542 2980 4589 et
3026 4540 3205 4587 nautae
3235 4532 3425 4601 globos

1852 4626 2018 4683 hosce
2049 4627 2325 4698 abreptos,
2363 4628 2595 4683 navibus
2635 4627 2848 4687 onustis
2876 4627 2931 4679 in
2962 4625 3115 4679 littus
3145 4624 3427 4681 trahentes

1853 4720 2124 4780 deferunt.
2154 4718 2430 4785 Navicuize
2461 4736 2591 4775 vero
2620 4720 2780 4790 lignis
2807 4719 3053 4773 bitumen
3079 4727 3425 4789 compactum

1854 4812 2114 4875 adhaeret,
2143 4819 2197 4868 et
2226 4812 2392 4868 veluti
2438 4813 2645 4883 lignum
2696 4811 3036 4877 obdurescit,
3069 4811 3143 4863 ita
3168 4817 3227 4864 ut
3268 4810 3429 4864 evelli

1852 4903 2196 4974 discindique
2233 4910 2485 4974 nequeat,
2519 4910 2881 4974 praeterquam
2918 4903 3065 4957 lotiis
3094 4902 3427 4957 menstruis-

1848 5009 1958 5065 que
1982 4994 2272 5050 mulierum
2292 5010 2601 5065 aspersum.
2635 4992 2763 5049 Sola
2785 4993 2930 5050 eiiim
2959 4993 3063 5047 hac
3095 4994 3146 5048 vi
3179 4993 3428 5063 superari

1849 5095 2049 5158 potest.
2084 5085 2331 5141 Tradunt
2361 5102 2556 5157 aquam
2584 5087 2829 5155 quotidie
2851 5086 3028 5141 tribus
3055 5086 3273 5149 vicibus
3305 5103 3427 5141 mu-

1850 5188 1970 5234 tare
2002 5178 2239 5242 colores,
2268 5178 2572 5248 crebraque
2611 5178 2828 5233 illorum
2860 5177 3159 5232 mutatione
3194 5177 3263 5231 ad
3293 5178 3426 5235 solis

1853 5271 2039 5326 radios
2069 5270 2397 5325 illustratam
2436 5271 2572 5325 mire
2619 5270 2918 5326 videntium
2959 5270 3150 5325 oculos
3187 5269 3422 5327 allicere.

174 5359 275 5429 τῆς
319 5358 530 5429 ἡμέρας
583 5360 769 5433 χροιὰς
813 5365 961 5426 τρεῖς
1009 5362 1072 5416 τὸ
1121 5361 1286 5434 ὕδωρ,
1334 5362 1429 5416 καὶ
1474 5360 1745 5415 ποικιλίαν
1775 5360 1950 5432 ὅψεως
1987 5363 2291 5435 ἐκπέμπειν
2325 5354 2467 5434 πρὸς
2513 5363 2613 5436 τὴν
2640 5364 2834 5418 ἀκτῖνα
2893 5360 2987 5417 τοῦ
3038 5360 3191 5423 ἡλίου
3222 5361 3422 5415 ἀνταυς-

211 5470 273 5506 Ου
280 5469 398 5506 σαν.

211 5469 398 5506 ουσαν.

176 5469 210 5521 Υ
259 5547 320 5599 '0
355 5547 411 5601 δὲ
455 5548 726 5633 Ἀϐραάμ,
762 5548 1152 5621 ἑκατοντούτης
1182 5549 1488 5622 γενόμενος,
1532 5553 1750 5624 γνήσιον

1929 5548 2129 5605 Verum
2158 5547 2433 5603 Abraham
2488 5547 2665 5603 aetatis
2692 5563 2806 5605 suae
2837 5562 2981 5606 anno
3016 5545 3319 5605 centesimo
3340 5544 3422 5609 1Q-

250 5704 297 5758 9.’
326 5702 452 5762 Gen.
482 5721 583 5773 xit,
619 5706 669 5763 l.
745 5706 790 5740 ⁶¹
820 5702 963 5781 Ibid.
993 5706 1081 5781 ιο.
1158 5708 1203 5743 ⁸³
1235 5707 1363 5766 Gen.
1398 5725 1512 5778 xvi,
1545 5709 1597 5766 4.
1672 5711 1714 5776 ξι

1852 5732 1874 5766 ;.
1907 5723 2040 5785 xm,
2063 5707 2190 5786 ιο.
2228 5707 2283 5786 'j
2324 5706 2452 5779 (ira.
2484 5724 2596 5777 xix.
2631 5706 2726 5769 τι.
