3840 6164
421 271 524 325 ’765

1299 263 1356 317 S.
1402 257 1849 316 EUSTATIIIUS
1887 260 2384 319 ANTIOCHENUS
2422 262 2823 320 EPISCOPUS.

3588 267 3716 326 764

418 385 670 453 gitimum
695 385 862 440 ﬁlium
878 381 1028 440 Isaac
1043 399 1106 441 ev
1126 383 1289 440 Sarra
1305 384 1543 456 suscepit
1561 383 1684 453 “,et
1703 392 1825 456 post
1855 388 2008 433 octa-

2119 383 2273 436 παῖδα
2307 384 2372 436 ἐκ
2399 381 2501 452 τῆς
2523 380 2740 452 Σάρρας
2761 380 2854 433 τὸν
2890 379 3077 434 Ἰσαὰκ
3102 381 3360 452 ἐγέννησε
3381 401 3393 413 ·
3426 383 3520 437 καὶ
3553 388 3712 456 μετά

419 492 544 531 vum
568 476 712 531 diem
743 474 1170 538 circumcidit",
1201 472 1435 542 indeque
1452 487 1568 527 mos
1588 471 1677 527 hic
1714 473 2004 527 circumci-

417 568 582 622 dcndi
614 583 816 638 pueros
859 567 1002 638 apud
1032 564 1289 622 Hebraeos
1321 565 1572 620 invaluit.
1607 563 1742 620 Nam
1771 567 2000 629 Arabes.

420 661 511 732 qui
526 671 579 716 et
598 661 904 725 lsmaelitae,
928 660 1143 715 decimo
1164 659 1325 714 tertio
1345 658 1817 714 circumciduntur
1831 675 2000 725 anno,

422 772 545 811 cum
565 771 755 811 eorum
790 756 999 826 primus
1025 770 1224 826 parens
1258 753 1450 812 lsmael
1471 770 1536 811 eo
1569 763 1810 826 tempore.
1843 754 2006 810 luerit

421 849 786 904 circumcisus
802 847 869 903 ⁸⁸.

490 941 762 995 Abraham
833 941 908 994 ita
980 939 1246 996 suadente
1296 939 1495 1006 Sarra,
1558 939 1842 996 lsmaelem
1899 941 2006 996 alio

419 1032 707 1086 transtulit
729 1032 795 1096 ”,
826 1047 894 1086 ne
918 1048 983 1086 eo
1011 1031 1122 1086 vita
1159 1031 1347 1088 functo
1369 1031 1662 1104 ipsequasi
1683 1034 1896 1104 primus
1917 1047 2006 1104 ge-

419 1124 571 1178 nitus
601 1123 669 1178 de
703 1123 1064 1194 primogeniis
1094 1123 1315 1195 juribus
1344 1125 1704 1190 contendens,
1735 1124 1888 1180 Isaac
1911 1125 2006 1182 de-

417 1216 734 1272 trimentum
771 1217 1113 1287 importaret.
1147 1216 1392 1290 lsmaelis
1420 1217 1604 1289 itaque
1630 1234 2002 1284 successores,

417 1317 619 1364 terram
653 1325 775 1380 qua:
819 1311 888 1366 ab
932 1309 1207 1382 Euphrate
1243 1309 1298 1365 in
1337 1325 1485 1368 mare
1516 1310 1764 1368 Rubrum
1800 1312 2003 1368 diﬂ'un-

413 1403 584 1467 ditur,
611 1410 972 1474 occuparunt.

490 1494 599 1550 Nec
641 1497 813 1551 multo
843 1497 1028 1567 post"
1052 1495 1196 1552 Deus
1228 1505 1288 1551 ut
1326 1498 1432 1553 sibi
1471 1497 1539 1552 ad
1577 1508 1806 1554 mortem
1855 1496 2005 1554 Isaac

415 1585 727 1650 oll'erretur,
766 1589 1041 1658 praecepit,
1068 1595 1121 1644 ct
1141 1588 1414 1644 Abraham
1443 1604 1713 1644 summam
1744 1589 1849 1645 hoc
1881 1606 2004 1646 esse

416 1685 600 1732 notam
638 1678 857 1748 pietatis
898 1680 1246 1743 existimans,
1279 1682 1535 1737 maximis
1579 1683 1890 1748 conatibus,
1935 1683 2001 1738 ad

416 1769 788 1824 sununitatcm
818 1771 1112 1840 quamdam
1143 1774 1336 1841 pergit,
1357 1771 1631 1842 rebusque
1651 1771 1908 1827 omnibus
1939 1771 2007 1826 ad

417 1861 755 1916 sacriﬁcium
794 1870 919 1934 apte
946 1863 1397 1932 accommodatis,
1427 1865 1501 1918 ita
1560 1863 1730 1918 ﬁlium
1779 1863 2012 1937 alloqui-

419 1962 510 2009 ιυΓ
540 1973 556 2010 τ

492 2065 509 2097 ι
554 2045 754 2117 Longis
780 2046 1120 2117 inﬁnitisque
1135 2047 1413 2118 precibus,
1441 2055 1500 2103 ut
1523 2048 2004 2113 mihinascereris,

415 2159 451 2195 o
474 2139 569 2203 ﬁli,
603 2155 633 2193 a
675 2140 784 2195 Deo
828 2139 1152 2211 impetravi;
1186 2139 1242 2194 in
1275 2140 1453 2195 lucem
1481 2139 1630 2196 edito
1660 2141 1842 2195 omnia
1881 2155 2004 2212 qua:

419 2229 487 2283 ad
531 2239 680 2283 tuam
707 2229 1092 2285 educationem
1119 2229 1578 2302 disciplinamque
1598 2230 1908 2287 conducere
1932 2230 2010 2285 vi-

415 2321 706 2388 dehantur,
777 2321 1103 2379 ambitiosus
1162 2322 1469 2394 insumpsi;
1538 2324 1594 2380 in
1656 2340 1830 2396 eoque
1889 2325 2008 2381 solo

416 2427 690 2467 sttinmam
725 2413 858 2467 mihi
886 2413 1046 2469 rebar
1071 2413 1388 2470 felicitatem
1416 2415 1676 2488 positam,
1699 2417 1745 2474 si
1776 2425 1828 2473 te
1850 2418 2008 2472 adul-

415 2512 532 2556 ῑιιηι
564 2503 617 2557 in
653 2512 903 2560 extremo
932 2505 1058 2560 vitm
1091 2521 1227 2560 mea:
1258 2505 1368 2568 dic,
1397 2522 1582 2560 I‘CI‘lllll
1620 2523 1864 2562 mearum
1895 2518 2007 2563 sta-

417 2605 617 2666 tusque
661 2596 932 2651 hteredem
963 2613 1450 2669 successoremque
1479 2600 1863 2670 relinquerem.
1897 2599 2002 2656 Sed

416 2706 541 2741 cum
575 2689 669 2744 Dei
730 2690 999 2744 beneﬁcio
1045 2699 1210 2762 atque
1259 2707 1486 2746 munere
1517 2699 1670 2762 pater
1717 2700 1844 2748 tuus
1875 2692 1999 2755 sim,

419 2800 641 2838 rursum
673 2784 749 2837 illi
786 2783 1086 2853 postulanti
1129 2790 1184 2839 te
1223 2782 1416 2838 offero.
1451 2781 1673 2838 Sustine
1721 2783 1889 2853 igitur
1910 2799 2005 2852 ge-

419 2891 617 2930 nerose
679 2875 1024 2946 virilitcrque
1073 2875 1215 2930 hanc
1277 2874 1752 2930 consecrationem
1799 2895 1812 2930 :
1863 2875 2002 2930 cedo

417 2969 561 3021 enim
599 2977 652 3022 te
674 2967 805 3033 Deo,
842 2968 935 3038 qui
959 2967 1169 3022 honore
1196 2967 1302 3023 hoc
1335 2983 1365 3021 a
1403 2966 1562 3023 nobis
1583 2967 1698 3022 vult
1724 2967 1997 3031 decorari,

422 3067 648 3129 propter
670 3074 734 3114 ea
765 3075 888 3130 quae
928 3059 1060 3115 mihi
1108 3061 1374 3131 benignus
1407 3067 1706 3130 custosque
1726 3060 1995 3130 praestitit.

420 3150 524 3205 Abi
566 3151 734 3222 igitur
783 3168 894 3207 non
953 3151 1236 3206 Communi
1275 3153 1520 3207 omnium
1566 3166 1718 3206 more
1769 3160 1999 3207 mortem

417 3243 632 3308 obiens,
685 3244 781 3300 sed
829 3259 858 3297 a
903 3253 1060 3315 patre
1087 3245 1352 3315 .pr0prio,
1394 3259 1576 3300 rerum
1623 3245 1866 3298 omnium
1908 3259 2002 3314 pa-

418 3337 559 3392 renti
611 3337 741 3401 Deo,
775 3340 894 3394 vice
924 3337 1178 3394 sacriﬁcii
1223 3339 1562 3408 prwmissus,
1597 3337 1691 3408 qui
1739 3345 1914 3402 tuum,
1937 3351 2002 3392 ea

417 3438 503 3485 cst
537 3431 685 3488 illius
717 3431 1001 3502 majestas,
1037 3447 1216 3503 neque
1249 3431 1462 3496 morbo,
1494 3447 1673 3502 neque
1709 3431 1873 3496 bello,
1905 3446 2003 3486 ne-

417 3541 528 3595 que
557 3527 669 3580 ullo
713 3526 841 3590 alio,
873 3527 1075 3598 quibus
1113 3542 1287 3598 genus
1331 3526 1631 3580 humanum
1672 3524 1869 3579 conﬁci
1903 3539 2003 3578 na-

419 3626 536 3672 tum
567 3627 670 3683 est,
701 3617 796 3674 sed
819 3619 1077 3688 precibus
1104 3627 1158 3672 et
1195 3615 1468 3672 sacriﬁcio
1499 3615 1742 3670 animum
1778 3615 1998 3685 excipit.

421 3708 560 3764 Tum
601 3709 768 3765 Deum
802 3710 934 3764 mihi
971 3719 1226 3776 tutorem,
1261 3717 1604 3779 senectaeque
1647 3723 1779 3762 mea:
1816 3708 2004 3763 mode-

421 3811 683 3866 ratorem,
714 3801 833 3856 vice
866 3809 957 3856 tua
990 3801 1297 3872 praestabis.
1340 3819 1359 3851 ι

493 3896 706 3962 Quibus
730 3895 956 3961 auditis,
988 3896 1061 3949 ita
1091 3894 1288 3950 cﬁ‘atus
1327 3903 1413 3950 est
1442 3893 1591 3950 Isaac
1625 3915 1637 3948 :
1669 3913 1686 3946 ι
1711 3893 1855 3950 Sane
1888 3893 2004 3965 qui-

422 3991 545 4047 dcm
581 4007 758 4061 neque
785 3991 940 4045 initio
967 3991 1166 4061 dignus
1187 3989 1498 4060 iudicarer,
1522 3989 1616 4059 qui
1640 4004 1918 4054 nascerer,
1955 3989 2000 4044 si

425 4083 521 4139 Dei
554 4084 832 4154 patrisque
852 4083 1122 4153 judicium
1157 4082 1492 4154 probaturus
1525 4096 1635 4136 non
1659 4097 1860 4149 essem,
1886 4097 2006 4138 me-

429 4190 538 4246 que
573 4175 984 4245 promptissime
1028 4175 1316 4246 utriusque
1363 4174 1632 4230 voluntati
1677 4174 2004 4248 commissu—

425 4277 542 4318 rus.
592 4262 699 4317 Sed
729 4263 774 4318 si
807 4262 890 4317 vel
921 4270 1076 4332 pater
1130 4263 1283 4320 solus
1323 4263 1429 4320 hoc
1458 4271 1745 4330 tentasset,
1776 4264 2002 4334 impium

423 4362 569 4408 esset
599 4370 707 4408 non
738 4354 978 4410 obedire.
1023 4375 1040 4406 ι

2105 473 2204 542 τήν
2241 473 2434 547 ὀγδόην
2472 473 2684 546 ἡμέραν
2719 471 2882 526 αὐτὸν
2921 473 3266 544 περιέτεμεν,
3298 474 3357 540 ἐξ
3387 470 3448 530 οὗ
3477 478 3570 530 καὶ
3600 477 3710 530 νῦν

2103 567 2166 620 τὸ
2219 566 2339 631 ἔθος
2376 566 2534 621 τοῦτο
2582 568 2632 619 οἱ
2691 566 2931 637 Ἑϐραῖοι
2986 567 3333 635 φυλάττουσι,
3381 572 3448 641 τῇ
3509 572 3711 644 ήμέρα

2104 659 2278 731 ταύτῃ
2325 658 2794 732 περιτεμνόμενοι.
2841 658 3076 728 ’Δραϐες
3112 659 3222 732 γάρ
3267 661 3361 714 καὶ
3404 663 3454 715 οἱ
3504 663 3709 734 Ἰσμα-

2104 751 2284 823 ηλῖται
2317 753 2750 826 τρισκαιδεκάτῳ
2791 753 3211 825 περιτέμνονται
3254 753 3383 818 ἔτει,
3424 753 3519 807 τοῦ
3551 771 3708 828 προ-

2107 845 2342 916 πάτορος
2374 846 2553 900 αὐτῶν
2599 847 2822 919 Ἰσμαὴλ
2854 846 2996 900 οὕτω
3039 845 3492 919 περιτμηθέντος.

2175 937 2424 1001 Πεισθεὶς
2470 937 2528 991 δὲ
2577 938 2684 992 ὐπὸ
2734 940 2834 1010 τῆς
2887 939 3125 1011 Σάρρας,
3187 940 3216 991 6
3282 938 3533 1010 Ἀϐραὰμ
3595 937 3704 993 τὸν

2120 1030 2343 1102 Ἰσμαὴλ
2385 1031 2642 1103 ἀλλαχόσε
2686 1031 2992 1103 μετῴκησε,
3038 1032 3247 1102 μήποτε
3290 1031 3428 1100 μετά
3454 1030 3552 1102 τὴν
3589 1031 3703 1085 αὐ-

2106 1122 2198 1176 τοῦ
2241 1123 2561 1188 ἀποϐίωσιν,
2587 1123 2664 1187 ὡς
2701 1123 3046 1196 πρωτότοκος
3089 1123 3217 1194 περὶ
3243 1122 3351 1176 τῶν
3381 1122 3705 1193 πρεσϐείων

2107 1215 2461 1286 κακουργήσῃ
2491 1215 2580 1268 τὸν
2628 1215 2834 1268 Ἰσαάκ.
2867 1213 3146 1285 Κατέσχον
3176 1212 3307 1283 γοῦν
3332 1213 3426 1267 τοῦ
3464 1215 3705 1286 Ἰσμαὴλ

2105 1306 2158 1357 οἱ
2197 1307 2452 1375 ἀπόγονοι
2480 1307 2578 1378 τήν
2607 1308 2715 1361 ἀπὸ
2756 1306 3045 1380 Εὐφράτου
3082 1307 3426 1378 καθήκουσαν
3460 1307 3566 1378 γῆν
3599 1307 3703 1360 ἐπὶ

2105 1397 2206 1468 τὴν
2251 1397 2519 1469 Ἐρυθρὰν
2558 1398 2853 1454 θάλασσαν.

2177 1491 2332 1544 Μετά
2357 1491 2413 1545 δέ
2449 1492 2636 1562 χρόνον
2668 1494 2747 1556 εἰς
2773 1491 2966 1546 θυσίαν
2994 1495 3022 1545 6
3053 1491 3183 1555 Θεὸς
3212 1494 3304 1546 τὸν
3364 1491 3546 1548 Ἰσαὰκ
3605 1495 3706 1548 ἀν-

2107 1582 2386 1655 ενεχθῆναι
2439 1583 2588 1654 αὐτῷ
2633 1583 2995 1654 προσέταξενο
3032 1586 3127 1638 καὶ
3171 1587 3200 1638 6
3266 1584 3531 1656 Ἀϐραὰμ,
3590 1585 3704 1656 μέ-

2106 1692 2293 1745 γιστον
2341 1675 2432 1728 καὶ
2475 1675 2636 1728 τοῦτο
2685 1676 2971 1740 εὐσεϐείας
3012 1675 3279 1748 σύμϐολον
3321 1677 3700 1747 ἡγησάμενος.

2112 1772 2420 1840 ἀφικνεῖται
2453 1772 2548 1824 σύν
2579 1769 2745 1841 πολλῇ
2777 1770 3052 1844 προθυμίᾳ
3080 1772 3166 1824 ἐπ’
3191 1771 3498 1842 ἀκρωρείας
3523 1770 3700 1834 τινὸς,

2113 1863 2208 1916 καὶ
2249 1863 2426 1918 πάντα
2459 1863 2526 1916 τὰ
2560 1863 2695 1936 πρὸς
2739 1861 2838 1935 τὴν
2871 1862 3064 1917 θυσίαν
3091 1863 3438 1936 εὐτρεπίσας,
3489 1862 3703 1932 φάσκει

2115 1953 2250 2024 πρὸς
2277 1952 2369 2007 τὸν
2401 1952 2563 2006 παῖδα
2597 1951 2763 2006 αὐτοῦ
2784 1969 2796 1982 ·

2188 2064 2212 2095 ο
2264 2041 2334 2097 Ὦ
2385 2045 2518 2108 παῖ,
2573 2044 2796 2116 μυρίαις
2847 2043 3034 2114 εὐχαῖς
3082 2043 3448 2116 αἰτησάμενός
3495 2059 3553 2095 σε
3601 2058 3702 2111 γε-

2110 2136 2297 2191 νέσθαι
2339 2154 2430 2209 μοι
2469 2137 2621 2210 παρά
2661 2137 2818 2199 Θεοῦ,
2849 2139 2972 2192 ἐπεὶ
3001 2137 3278 2210 παρῆλθες
3317 2140 3398 2201 εἰς
3431 2136 3523 2190 τὸν
3550 2135 3696 2206 βίον,

2110 2232 2212 2285 οὐκ
2249 2229 2394 2284 ἐστιν
2419 2231 2448 2284 ὅ
2485 2248 2537 2283 τι
2573 2229 2648 2302 μή
2678 2231 2808 2302 περὶ
2839 2230 2938 2301 τὴν
2979 2230 3076 2303 σὴν
3112 2229 3422 2302 ἀνατροφὴν
3451 2228 3696 2299 ἐφιλοτι-

2112 2323 2394 2397 μησάμην,
2443 2323 2552 2378 οὐδ’
2593 2324 2678 2392 ἐφ’
2727 2316 2771 2391 ᾧ
2815 2323 3012 2395 μᾶλλον
3051 2323 3460 2394 εὐδαιμονήσειν
3504 2321 3692 2391 ᾤμην,

2107 2418 2183 2482 ὼς
2219 2417 2406 2488 ἐπειδή
2445 2415 2513 2488 μέ
2543 2433 2602 2469 σε
2634 2415 2978 2488 ἠνδρωμένον
3010 2416 3104 2469 καὶ
3142 2413 3406 2468 τελευτῶν
3444 2412 3695 2482 διάδοχον

2107 2511 2284 2582 ἀρχῆς
2315 2510 2414 2581 τῆς
2453 2507 2691 2579 ἐμαυτοῦ
2733 2509 3140 2580 καταλείποιμι.
3201 2507 3341 2560 Ἀλλ’
3387 2506 3509 2558 ἐπεὶ
3546 2503 3695 2558 Θεοῦ

2108 2602 2432 2673 βουλομένου
2478 2600 2569 2666 σὺς
2619 2601 2800 2674 πατὴρ
2837 2600 3126 2672 ἐγενόμην,
3171 2599 3332 2654 πάλιν
3379 2598 3552 2668 τούτῳ
3604 2599 3694 2651 αξ-

2102 2693 2282 2748 τοῦντι
2310 2694 2606 2765 ἀνατίθημί
2650 2711 2730 2747 σε.
2771 2693 2908 2766 Φέρε
2949 2689 3042 2748 οῦν
3071 2693 3334 2762 γενναίως
3361 2692 3460 2763 τὴν
3499 2689 3696 2744 καθιέ-

2107 2806 2300 2861 ρωσινο
2347 2789 2426 2860 τῷ
2467 2786 2587 2860 Θεῷ
2633 2787 2745 2859 γάρ
2792 2804 2851 2840 σε
2883 2784 3217 2858 παραχωρῶ,
3265 2783 3468 2853 ταύτης
3517 2780 3692 2848 ἀξιώ-

2103 2899 2258 2937 σαντι
2294 2882 2425 2954 παρ’
2472 2882 2628 2953 ήμῶν
2659 2881 2761 2951 τῆς
2809 2881 2997 2950 τιμῆς,
3028 2879 3146 2932 ἀνθ’
3191 2869 3266 2932 ὧν
3312 2875 3543 2948 εὐμενής
3593 2874 3692 2927 καὶ

2104 2975 2412 3046 προστάτης
2456 2992 2546 3046 μοι
2585 2973 2832 3044 γέγονεν.
2879 2969 3071 3025 Ἀπιθι
3106 2968 3201 3025 οῦν
3253 2971 3354 3024 οὐκ
3397 2967 3694 3022 ἀποθανὼν

2103 3067 2194 3120 τὸν
2228 3067 2408 3120 κοινὸν
2439 3066 2506 3119 ἐκ
2538 3065 2632 3120 τοῦ
2663 3064 2763 3136 ζῇν
2785 3065 3008 3136 τρόπον,
3031 3063 3144 3118 ἀλλ’
3186 3061 3291 3116 ὑπὸ
3317 3060 3520 3131 πατρὸς
3552 3059 3691 3114 ἰδίου

2102 3159 2222 3230 Θεῷ
2258 3156 2335 3229 τῷ
2366 3157 2584 3211 πάντων
2611 3157 2781 3228 πατρὶ
2804 3157 2953 3228 νόμῳ
2981 3156 3172 3218 θυσίας
3204 3151 3687 3225 προπεμπόμενος.

2106 3252 2288 3318 Ἄξιον
2335 3245 2488 3322 οἶμαί
2533 3267 2592 3303 σε
2624 3250 2912 3321 κρίναντος
2952 3246 3142 3313 αὐτοῦ,
3182 3248 3320 3318 μήτε
3351 3245 3512 3316 νόσῳ,
3549 3246 3692 3316 μήτε

2103 3343 2344 3414 πολέμῳ,
2391 3343 2531 3415 μήτε
2570 3341 2717 3413 ἄλλῳ
2753 3342 2861 3395 τινὶ
2898 3341 3006 3396 τῶν
3039 3340 3247 3404 παθῶν,
3277 3339 3314 3393 ἀ
3355 3338 3692 3409 συμπίπτειν

2102 3433 2414 3508 ἀνθρώποις
2461 3435 2692 3504 πέφυκε,
2741 3435 2856 3504 μετ’
2901 3421 3087 3503 εὐχῶν
3132 3432 3192 3486 δὲ
3242 3432 3336 3486 καὶ
3382 3432 3690 3503 ἱερουργίας

2102 3523 2314 3576 ἐκείνου
2342 3522 2439 3594 τὴν
2485 3522 2584 3594 σήν
2615 3521 2793 3594 ψυχήν
2833 3520 3293 3592 προσδεξαμένου.
3328 3522 3466 3592 Ἐσῃ
3494 3521 3549 3574 δέ
3598 3539 3689 3591 μοι

2103 3614 2184 3677 είς
2209 3613 2481 3685 κηδεμόνα
2505 3612 2600 3665 καὶ
2621 3629 2690 3683 γη
2699 3610 2933 3682 ροκόμον
2954 3609 3044 3663 τὸν
3071 3609 3202 3665 Θεόν
3227 3627 3317 3682 μοι
3344 3609 3464 3664 ἀντὶ
3489 3610 3686 3670 σαυτοῦ

2104 3724 2180 3760 πα
2187 3706 2538 3778 ρασχόμενος.
2579 3723 2597 3755 ι

2175 3883 2392 3936 Τούτων
2421 3878 2662 3943 ἀκούσας
2695 3880 2724 3932 6
2768 3875 2954 3930 Ἰσαὰκ
2977 3875 3080 3946 ἔφη
3120 3875 3257 3947 πρὸς
3280 3876 3440 3929 αὐτόν
3460 3893 3473 3906 ο
3509 3895 3529 3926 ι
3553 3874 3687 3930 Οὐδὲ

2102 3976 2202 4049 τήν
2240 3975 2416 4047 ἀρχήν
2464 3972 2749 4042 γεγονέναι
2781 3971 2991 4033 δίκαιος
3025 3971 3144 4040 εἵην
3182 3969 3270 4034 ἂν,
3317 3971 3366 4023 εί
3407 3968 3542 4022 Θεοῦ
3591 3969 3687 4024 καὶ

2104 4067 2311 4138 πατρὸς
2358 4065 2609 4137 μέλλοιμι
2652 4064 2838 4136 κρίσιν
2881 4063 3240 4126 ἀπωθεῖσθαι,
3273 4061 3470 4132 καὶμὴ
3514 4064 3684 4133 παρέ-

2104 4180 2220 4235 χειν
2267 4160 2500 4233 ἐμαυτὸν
2545 4161 2656 4223 τοῖς
2697 4159 3024 4232 ἀμφοτέρων
3053 4157 3388 4228 βουλήμασιν
3430 4155 3679 4225 ἑτοίμως.

2120 4253 2259 4307 Ἀλλ’
2297 4255 2345 4307 εἰ
2391 4253 2488 4306 καὶ
2535 4251 2692 4322 μόνος
2733 4249 2908 4304 ταῦτα
2953 4251 2983 4303 6
3027 4249 3208 4321 πατὴρ
3249 4249 3560 4320 προῃρεῖτο,
3610 4249 3683 4319 μὴ

2106 4343 2403 4400 ὑπακούειν
2434 4343 2619 4398 ἄδικον
2646 4337 2732 4414 ἦν.
2780 4361 2798 4394 ι

496 4445 632 4500 Dum
685 4446 788 4502 hoc
820 4446 1082 4517 loquitur,
1114 4448 1180 4503 ad
1225 4463 1378 4503 aram
1427 4446 1742 4518 caedemque
1773 4454 1999 4518 paratus

2178 4437 2287 4491 Καὶ
2327 4434 2502 4490 ταῦτα
2544 4435 2718 4503 λέγων
2759 4433 3018 4506 ὥρμησεν
3071 4435 3162 4487 ἐπὶ
3205 4433 3297 4486 τὸν
3347 4431 3548 4503 βωμὸν,
3592 4434 3684 4486 καὶ

424 4553 749 4612 progressus
763 4552 866 4596 est.
877 4540 980 4596 Sed
1000 4540 1452 4610 Deus,utriusque
1463 4547 1716 4611 prompto
1729 4538 2004 4610 alacrique

427 4631 610 4687 animo
635 4641 940 4703 perspecto,
973 4634 1111 4704 patri
1142 4633 1309 4687 ﬁlium
1331 4631 1556 4686 donavit
1583 4633 1652 4696 τί,
1680 4631 1852 4686 ariete
1879 4631 2003 4686 loco

427 4723 681 4779 sacriﬁcii
719 4725 815 4778 ﬁlii
842 4733 1291 4787 commonstrato,
1311 4738 1473 4794 quem
1507 4724 1691 4778 statim
1723 4737 1823 4794 pro
1853 4723 2005 4778 Isaac

427 4816 536 4870 ﬁlio
559 4833 661 4871 suo
687 4817 902 4873 obtulit.

493 4991 678 5048 Primo
703 4993 950 5048 omnium
991 4992 1223 5047 Abrahae
1276 4991 1373 5047 Dei
1408 4991 1669 5056 Verbum,
1716 4992 1769 5046 in
1831 4990 2002 5061 ﬁgura

425 5088 662 5142 humana
707 5102 976 5157 apparens
997 5087 1066 5149 τ’,
1100 5087 1343 5156 gentium
1374 5086 1718 5141 vocationem
1749 5084 2006 5138 vaticina-

427 5189 542 5235 tum
567 5187 672 5240 est,
703 5195 866 5250 quam
907 5179 1108 5235 nostris
1139 5179 1478 5248 temporibus
1509 5177 1565 5232 in
1603 5176 1867 5232 mundum
1905 5175 2003 5228 ad-

430 5275 678 5332 veniens.
709 5287 873 5341 opere
905 5271 1218 5342 complevit,
1241 5287 1339 5344 per
1368 5269 1738 5342 evangelicam
1766 5268 1915 5324 illius
1946 5267 2003 5321 in

429 5378 618 5421 omnes
638 5372 826 5435 gentes
851 5363 1178 5428 doctrinam.

502 5455 654 5509 lsaac
686 5455 1104 5526 quadragesimo
1127 5455 1302 5511 aetatis
1330 5457 1534 5511 anno'”I
1563 5453 1864 5512 Rebeccam
1902 5454 2006 5511 sibi

2107 4531 2206 4604 τὴν
2239 4530 2476 4601 σφαγήν.
2537 4528 2596 4581 '0
2628 4528 2686 4582 δέ
2727 4527 2881 4593 Θεὸς,
2929 4527 3029 4598 τὴν
3068 4527 3327 4598 ἐκατέρου
3377 4524 3683 4596 προθυμίαν

2107 4623 2526 4694 ἀποδεξάμενος,
2558 4621 2848 4694 ἐχαρίσατο
2877 4620 2956 4691 τῷ
2986 4620 3155 4691 πατρὶ
3183 4619 3275 4673 τὸν
3307 4619 3494 4682 παῖδα,
3534 4619 3682 4683 κριὸν

2108 4719 2228 4774 ἀντὶ
2260 4717 2360 4787 τῆς
2389 4716 2484 4769 τοῦ
2527 4716 2718 4778 παιδὸς
2756 4713 2936 4779 δείξας
2969 4711 3385 4776 ὁλοκαυτώσεως
3404 4728 3417 4742 ·
3463 4711 3557 4764 καὶ
3584 4729 3680 4763 πα-

2113 4812 2369 4884 ραχρῆμα
2417 4807 2605 4862 τοῦτον
2650 4809 2918 4880 ἀνήνεγκε
2959 4806 3081 4860 ἀντὶ
3134 4804 3321 4858 Ἰσαὰκ
3355 4803 3450 4856 τοῦ
3494 4803 3678 4865 παιδὸς

2109 4901 2295 4957 αὐτοῦ.
2817 4944 2831 4962 .

2181 4992 2390 5065 Πρώτῳ
2422 4991 2478 5046 δὲ
2517 4990 2597 5062 τῷ
2636 4989 2884 5062 Ἀϐραὰμ
2913 4992 2941 5042 6
2972 4987 3065 5042 τοῦ
3099 4985 3234 5041 Θεοῦ
3282 4985 3455 5054 Λόγος
3489 4988 3681 5052 ἐπιφα-

2108 5087 2218 5150 νεὶς
2250 5089 2306 5139 ἐν
2351 5086 2589 5156 σχήματι
2640 5081 2927 5156 ἀνθρώπου
2981 5081 3079 5154 τὴν
3129 5080 3239 5134 τῶν
3270 5079 3442 5132 ἐθνῶν
3496 5077 3683 5147 κλῆσιν

2109 5178 2414 5240 ἐθέσπισεν,
2453 5179 2519 5248 ἠν
2547 5175 2666 5230 καθ’
2700 5177 2848 5247 ἡμᾶς
2879 5175 3225 5247 ἐπιδημήσας
3253 5171 3332 5244 τῷ
3359 5171 3569 5243 κόσμῳ,
3592 5170 3680 5224 ἐπὶ

2110 5271 2282 5343 πέρας
2307 5270 2513 5341 ήγαγεν
2549 5267 2637 5321 διὰ
2671 5268 2769 5339 τῆς
2804 5269 2885 5331 εἰς
2919 5268 3096 5322 πάντα
3135 5267 3203 5320 τὰ
3241 5265 3369 5336 ἔθνη
3408 5264 3680 5333 εὐαγγελιο

2112 5362 2216 5432 κῆς
2242 5359 2584 5424 διδασκαλίας
2612 5359 2794 5413 αὐτοῦ.

2188 5456 2368 5523 ’Λγων
2391 5454 2447 5507 δέ
2470 5451 2906 5525 τεσσαρακοστὸν
2932 5451 3048 5514 ἔτος
3070 5451 3169 5521 τῆς
3199 5449 3415 5520 ἡλικίας
3435 5449 3463 5502 6
3505 5449 3680 5504 Ἰσαὰκ

514 5645 559 5676 ⁸⁸
587 5644 888 5724 (ξεθιῖκνιι,
913 5649 998 5724 l7.
1040 5649 1274 5724 _‘“7_Gen.
1302 5669 1412 5714 ut,
1436 5653 1490 5724 2.
1535 5653 1585 5709 ά.
1665 5655 1709 5686 θ’
1745 5653 1869 5709 Gen.
1905 5668 2016 5710 xvn

2119 5655 2159 5710 3.
2234 5652 2688 5723 ‘”Ccn.xx.1,l0.
2776 5653 2973 5714 "Gen.
3019 5671 3155 5722 χχιι,
3221 5655 3269 5708 1.
3346 5655 3391 5686 τί
3461 5650 3604 5711 Ibid.

454 5715 538 5776 i'a.
617 5717 662 5748 ’ί
697 5715 833 5769 Ibid.
875 5721 960 5773 l6.
1037 5720 1081 5751 ⁷³
1116 5719 1244 5774 Cen.
1273 5738 1398 5792 xxv,
1426 5723 1518 5780 20.
