3840 6164
145 260 253 317 765

1062 248 1334 307 SPURIA.
1374 280 1439 289 —
1476 243 1838 307 COMMENT.
1876 242 1943 298 IN
1983 236 2459 298 HEXAEMERON

3286 228 3391 287 766

138 377 241 448 τὴν
283 372 579 431 Ῥεϐέκκαν
626 372 764 445 πρὸς
808 371 984 442 γάμον
1025 370 1238 440 ἄγεται,
1274 369 1331 437 ἐξ
1358 364 1425 443 ἦς
1470 367 1564 422 δύο
1595 368 1720 421 παϊ-

1834 363 2174 420 matrimonlo
2187 358 2555 430 conjunxit",
2572 373 2636 412 ex
2661 371 2768 428 qua
2791 353 2931 410 duos
2957 350 3198 422 suscepit
3226 350 3390 414 ﬁlios,

140 467 240 532 δας
271 464 580 536 ἐγέννησεν,
628 463 798 518 Ἣσαῦ
833 463 931 517 κα)⁸
971 461 1184 518 Ἰακώϐ.

214 560 323 613 Καὶ
342 560 371 613 ὁ
409 556 679 628 Ἀϐραὰμ,
700 555 1097 627 τελευτησάσης
1109 555 1345 628 Σάρρας,
1362 555 1461 625 τὴν
1484 553 1718 608 Χεττοῢ-

144 669 247 724 ραν
277 652 465 721 γαμεῖ,
508 648 602 702 καὶ
634 650 776 701 ποιεῖ
802 646 861 714 ἒξ
882 647 1075 711 παῖδας
1117 645 1176 712 ἐξ
1207 645 1398 715 αὐτῆς,
1429 644 1678 719 Ζεμϐρὰν
1699 684 1714 711 ,

155 743 359 808 Ἰαζὰν,
387 740 578 812 Μαδὴν
597 781 613 805 ,
678 739 955 813 Μαδιανὴν
973 780 988 804 ,
1048 738 1425 794 Λουσουϐάκον
1444 777 1460 803 ,
1483 738 1667 792 Σοῦον.

213 835 446 889 Φύονται
468 833 526 888 δὲ
552 832 647 887 καὶ
669 833 736 887 ὲκ
756 830 964 887 τούτων
993 831 1201 897 παῖδες,
1225 830 1393 884 Σούου
1422 829 1521 901 μὲν
1546 829 1720 884 Σαϐα-

143 928 340 998 κάνης,
368 926 462 981 καὶ
502 924 771 997 Δαδάνης,
798 927 864 980 ὲκ
908 924 967 979 δὲ
1002 924 1192 980 τούτου
1232 923 1592 995 Λατούσιμος,
1624 920 1721 975 καὶ

147 1021 437 1092 ’Δσουρος,
464 1019 557 1073 καὶ
581 1018 837 1084 Λούοϐος
869 1018 1135 1090 Μαδάμου
1162 1017 1222 1071 δὲ
1260 1016 1395 1071 Ἦθὰ
1416 1055 1432 1081 ,
1461 1014 1718 1086 Θωφρῆς,

148 1115 439 1185 ’Δμωχος,
511 1111 762 1178 Ἐϐιδος,
827 1111 1036 1176 Ἔλδος.
1092 1110 1204 1164 Καὶ
1257 1110 1469 1174 τούτοις
1519 1108 1722 1163 ἅπασιν

156 1205 411 1278 Ἀϐραὰμ
434 1204 543 1258 ἀπὸ
564 1204 771 1268 κοιλίας
792 1202 1105 1274 ἐπενόησεν,
1131 1202 1326 1266 οἵτινες
1347 1201 1446 1273 τὴν
1468 1199 1721 1272 Τρογλω-

143 1298 336 1367 δύτην,
365 1298 458 1350 καὶ
505 1295 573 1351 τὰ
605 1296 746 1368 μέρη
785 1295 884 1366 τῆς
923 1293 1248 1365 Εὐδαίμονος
1308 1292 1588 1365 Ἀραϐίας,
1630 1294 1724 1348 καὶ

143 1390 271 1442 ὅσον
304 1388 399 1443 ἐπὶ
441 1387 538 1459 τὴν
584 1385 851 1459 Ἐρυθρὰν
895 1385 1126 1457 καθήκει
1168 1385 1460 1450 θάλασσαν,
1493 1385 1722 1440 κατέλα-

145 1480 262 1535 ϐον.
297 1480 409 1534 Καὶ
434 1481 540 1534 ἀπὸ
571 1480 668 1551 μὲν
708 1479 904 1551 Ἀσοὺρ
943 1479 1204 1551 Ἀσσυρία
1227 1478 1427 1551 ἐκλήθη
1449 1496 1462 1509 ⁸
1496 1477 1726 1549 Σωφρὴν

143 1572 222 1635 δὲ,
253 1574 351 1626 ἐπὶ
379 1571 585 1643 Λιϐύην
619 1571 975 1644 στρατεύσας,
1005 1571 1269 1643 κατέσχεν
1312 1570 1502 1642 αὐτὴν,
1539 1571 1633 1625 καὶ
1674 1571 1726 1623 οἱ

1816 458 1958 512 Esau
1989 463 2043 512 et
2063 452 2314 510 Iacob".

1889 549 1957 604 Et
1987 548 2282 609 Abraham,
2304 551 2519 600 mortua
2537 540 2724 605 Sarra,
2742 539 3059 596 Chettnram
3078 536 3234 591 duxit
3255 550 3394 590 uxoo

1816 640 2016 705 rem",
2042 647 2097 695 et
2121 655 2185 694 ex
2216 652 2281 693 ea
2310 650 2404 691 sex
2424 633 2615 689 habuit
2660 632 2861 687 liberos
2897 649 2909 686 :
2947 628 3238 695 Zembran,
3323 636 3392 676 a-

1819 747 1944 795 zan,
1985 729 2198 795 Maden,
2231 726 2516 781 Madianen
2540 765 2556 790 ,
2582 723 2951 788 Lusubacum,
2978 719 3171 776 Suum.

1888 821 1956 876 Et
1982 838 2050 877 ex
2080 822 2165 877 his
2182 820 2299 888 ﬁlii,
2334 817 2447 876 Suo
2478 816 2809 880 Sabacanes,
2832 800 2888 870 et
2916 811 3165 868 Dadanes
3195 829 3211 880 ;
3240 816 3294 864 et
3324 824 3392 870 ex

1820 915 1927 971 hoc
1985 914 2301 971 Latusimus
2346 920 2402 968 et
2448 911 2682 976 Asurus,
2716 917 2771 964 et
2822 905 3067 965 Luobns.
3120 902 3389 965 Madame,

1822 1008 2017 1072 Hetha,
2049 1006 2315 1078 Tophres,
2365 1003 2664 1066 Amochus,
2695 999 2924 1064 Ebidus,
2955 996 3147 1061 Eldus,
3194 994 3396 1071 quibus

1823 1099 2102 1162 omnibus,
2133 1096 2431 1160 Abraham,
2473 1103 2765 1164 antequam
2806 1095 3187 1154 nascerentur,
3218 1086 3396 1157 provi-

1823 1188 1923 1254 dit,
1955 1188 2157 1258 quique
2184 1183 2591 1256 Troglodytem,
2623 1190 2913 1252 partesque
2933 1177 3131 1234 Felicis
3157 1176 3394 1239 Arabiae,

1823 1296 2093 1350 omneque
2120 1277 2266 1350 quod
2300 1290 2474 1347 usque
2511 1275 2579 1329 ad
2622 1287 2773 1329 mare
2825 1270 3074 1326 Rubrum
3123 1267 3398 1340 protendi-

1825 1383 1933 1435 tur,
1967 1377 2278 1434 tenuerunt,
2313 1376 2367 1424 et
2393 1383 2458 1423 ex
2500 1366 2646 1421 Asur
2675 1364 2913 1436 Assyriae
2940 1377 3137 1419 nomen
3168 1368 3273 1416 est.
3303 1359 3401 1414 So-

1825 1461 1997 1533 phren
2030 1460 2084 1515 in
2128 1459 2378 1533 Libyam,
2411 1457 2584 1528 copiis
2610 1455 2812 1522 ductis,
2847 1468 2965 1510 eam
3012 1451 3319 1524 occupavit,
3343 1458 3399 1505 et

1826 1551 2028 1622 posteri
2061 1549 2209 1606 illius
2241 1558 2469 1620 nepotes
2510 1547 2723 1604 scilicet
2765 1545 2915 1601 illius
2942 1544 3296 1607 habitatores,
3330 1559 3398 1601 ex

143 1664 407 1733 ἀπόγονοι
455 1662 644 1729 αὑτοῦ,
697 1664 975 1718 τουτέστιν
1024 1665 1073 1717 οἱ
1123 1664 1306 1717 υἱωνοὶ
1349 1661 1726 1726 κατοικοῦντες

1834 1642 1947 1714 ejus
1968 1643 2188 1697 nomine
2211 1641 2553 1710 provinciam
2596 1640 2839 1695 Africam
2864 1654 3151 1695 vocavere.
3176 1637 3241 1693 Hi
3263 1638 3398 1694 Her-

144 1715 343 1829 αὑτήν,
369 1755 477 1810 ἀπὸ
502 1715 611 1810 τὸτ’
630 1715 1087 1827 news;
1116 1715 1213 1827 τὴν
1242 1715 1421 1827 ,δορὰν
1436 1715 1443 1717 ⁷
1460 1715 1724 1826 ’Δφρικὴν

1834 1734 1937 1788 culi
1968 1735 2243 1807 terrigeno
2285 1734 2475 1789 Antaeo
2512 1732 2715 1789 bellum
2754 1731 3011 1788 inferenti
3040 1732 3247 1787 auxilio
3273 1748 3401 1787 suc-

143 1849 653 1931 προσηγόρευσαν,⁷
667 1848 862 1913 οἵτινες
899 1847 1161 1920 Ἡρακλεῖ
1200 1847 1584 1921 συνεμάχησαν
1633 1847 1726 1901 ἐπὶ

157 1945 404 1997 Ἀνταῖον
434 1942 526 1996 τὸν
557 1942 762 2014 γηγενῆ
810 1940 1220 2014 στρατεύσαντι.
1262 1940 1369 1995 Τοῦ
1400 1941 1457 1995 δὲ
1495 1938 1724 2012 Ούαφρῆ

143 2034 427 2105 θυγατέρα
474 2034 668 2103 ἄγεται
704 2034 1007 2105 Ἡρακλῆς,
1050 2032 1114 2100 ἐξ
1158 2027 1227 2105 ἦς
1275 2032 1517 2105 Βόδωρον
1564 2033 1727 2088 παῖδα

143 2130 393 2201 ἐποίησε,
426 2129 573 2192 ὅστις
624 2126 914 2199 ἐγέννησεν
963 2127 1075 2181 υἱὸν
1126 2127 1371 2197 Σωφονὰ,
1404 2125 1465 2193 ἐξ
1495 2118 1556 2181 οὗ
1601 2126 1727 2192 τοὺς

146 2221 456 2295 βαρϐάρους
476 2219 736 2290 Σωφονὰς
755 2219 1022 2289 λέγουσιν.
1529 2252 1537 2261 ι

226 2314 288 2367 '0
338 2313 396 2368 δὲ
440 2311 724 2384 Ἀϐραὰμ,
765 2310 964 2383 βιώσας
1009 2310 1104 2383 ἐτη
1158 2315 1283 2383 ροεν,
1318 2309 1606 2366 ἀπέθανεν.
1625 2311 1726 2365 Ἰα-

146 2403 285 2471 κὼϐ,
322 2403 694 2477 παραρπάσας
736 2401 834 2475 τήν
866 2403 1116 2472 εὐλογίαν
1154 2401 1248 2456 τοῦ
1289 2402 1479 2468 Ἡσαῦ,
1510 2404 1590 2467 είς
1627 2402 1727 2475 τὴν

145 2495 570 2568 Μεσοποταμίαν
602 2494 931 2567 παρεγένετο
966 2495 1102 2566 πρὸς
1132 2495 1317 2549 Λάϐαν
1358 2494 1583 2565 ἀδελφὸν
1628 2495 1727 2566 τῆς

149 2586 360 2661 μητρὸς
402 2586 590 2651 αὑτοῦ,
636 2587 733 2641 καὶ
772 2586 1063 2650 δουλεύσας
1094 2585 1243 2658 αύτῷ
1273 2586 1369 2659 ἐτη
1402 2586 1463 2640 ιδ’
1496 2587 1593 2651 τὰς
1635 2586 1728 2640 δύο

146 2681 457 2753 θυγατέρας
485 2681 650 2736 αὐτοῦ
682 2684 897 2752 ἄγεται,
931 2680 1031 2751 τὴν
1062 2677 1227 2734 Λείαν
1257 2680 1353 2734 καὶ
1376 2677 1473 2750 τὴν
1504 2676 1727 2748 Ῥαχὴλ,

144 2769 213 2843 ἧς
245 2771 452 2844 μᾶλλον
483 2773 564 2836 εἰς
588 2770 882 2843 ἐπιθυμίαν
909 2766 1091 2842 ἦλθεν.
1109 2767 1451 2841 Ἐπεθύμησε
1478 2768 1535 2822 δὲ
1558 2768 1727 2840 αὐτὴν

147 2861 207 2915 ού
237 2861 324 2932 τῷ
356 2861 540 2916 κάλλει
572 2861 907 2933 ἡττώμενος,
945 2860 1156 2934 (ἐπειδὴ
1182 2860 1365 2926 καθὼς
1395 2860 1724 2934 γέγραπται,

148 2954 365 3026 δαχὴλ
411 2950 481 3025 ἦν
531 2953 671 3026 καλὴ
696 2953 775 3025 τῷ
812 2954 962 3020 εῖδει,
998 2953 1093 3008 καὶ
1138 2954 1317 3026 ὡραία
1348 2955 1414 3026 τῇ
1447 2953 1568 3025 ὕψει
1602 2953 1729 3023 σφό-

1826 1841 2068 1884 currere.
2132 1824 2364 1898 Vapbrae
2413 1825 2579 1882 ﬁliam
2630 1825 2736 1882 sibi
2782 1823 3133 1879 matrimonio
3180 1823 3401 1893 capulat

1828 1918 2193 1983 Hercules,ex
2210 1932 2317 1988 qua
2341 1916 2617 1973 Bodorum
2639 1915 2808 1971 ﬁlium
2841 1916 3101 1983 suscepit,
3119 1914 3211 1985 qui
3231 1908 3407 1968 ﬁlium

1825 2012 2012 2087 genuit
2047 2008 2358 2081 Sophonam
2378 2049 2395 2077 ,
2422 2025 2487 2066 ex
2537 2023 2647 2080 quo
2690 2008 2956 2065 barbaros
2988 2005 3275 2079 Sophonas
3302 2021 3402 2062 νος

1828 2118 1927 2158 can
1935 2112 1971 2159 ι.

1895 2283 2190 2348 Abraham,
2214 2297 2387 2338 cuxv
2420 2280 2581 2336 annis
2607 2278 2865 2351 peractis,
2893 2295 2924 2335 e
2948 2279 3058 2334 vita
3077 2277 3315 2334 decessit
3331 2279 3398 2330 τ’.

1822 2375 2162 2441 Jacob,Esau
2193 2373 2573 2431 benedictione
2603 2380 2870 2443 pmrepta
2900 2370 2968 2437 ⁷⁸,
2996 2371 3052 2426 in
3093 2368 3402 2442 Hesopota-

1825 2470 1990 2527 miam
2010 2468 2263 2541 migravit
2285 2468 2352 2523 ad
2381 2466 2567 2523 Laban
2606 2467 2799 2522 matris
2828 2482 2941 2522 suae
2966 2466 3190 2524 fratrem
3217 2468 3285 2532 ⁷⁸,
3313 2468 3403 2522 cui

1826 2577 1950 2618 cum
1987 2559 2401 2633 quatuordecim
2431 2558 2590 2615 annis
2629 2558 3028 2625 ministrasset,
3075 2558 3210 2615 duas
3257 2559 3409 2614 illius

1827 2657 1967 2713 ﬁlias
2030 2655 2207 2722 duxit,
2265 2654 2420 2711 Liam
2465 2665 2519 2713 et
2551 2654 2756 2710 Rachel
2787 2654 2856 2722 ⁸⁸,
2903 2668 3065 2726 quam
3114 2659 3170 2707 et
3207 2651 3405 2707 arden-

1827 2751 1952 2810 tiori
2002 2766 2187 2807 amore
2217 2757 2541 2821 prosecutus
2571 2756 2676 2805 est.
2726 2745 2877 2801 lllius
2910 2754 3092 2800 autem
3129 2743 3405 2801 desiderio

1833 2844 2061 2908 exarsit,
2089 2858 2197 2898 non
2223 2839 2614 2913 pulchritudini
2650 2838 3037 2901 succumbens,
3065 2836 3169 2892 etsi
3186 2835 3406 2893 Litteris

1828 2936 2103 3008 proditum
2133 2935 2204 2992 sit
2225 2933 2518 2990 Rachelem
2543 2932 2827 3004 pulchram
2856 2930 3037 3002 specie
3065 2937 3119 2984 et
3149 2928 3405 2984 decoram

147 3020 461 3119 δραδθλῗ
484 3047 587 3111 ὅτι,
620 3020 840 3118 πρώτην
870 3046 1039 3118 αὐτὴν
1085 3020 1228 3112 ἰδὼν,
1261 3046 1338 3111 ὡς
1474 3020 1539 3101 εκ
1579 3020 1726 3114 θείας

1834 3027 1971 3084 facie
2012 3026 2205 3093 fuisse,
2248 3026 2344 3082 sed
2373 3025 2519 3097 quod
2552 3025 2716 3081 simul
2751 3031 2913 3094 atque
2947 3023 3094 3077 illam
3128 3020 3404 3092 inspexit,

148 3140 465 3211 οἰκονομίας
491 3140 926 3211 συναντήσασαν,
960 3139 1244 3208 ἠσπάσατό
1271 3156 1351 3204 τε,
1386 3141 1480 3193 καὶ
1509 3141 1730 3213 ἠγάπη-

150 3249 261 3300 σεν,
293 3231 453 3297 εἰδὼς
497 3232 577 3286 ὅτι
621 3232 683 3285 τὸ
716 3230 902 3302 θαῦμα
930 3229 1104 3298 τοῦτο,
1143 3233 1236 3285 καὶ
1265 3232 1359 3284 ἐπὶ
1385 3232 1485 3303 τῆς
1527 3232 1731 3304 μητρὸς

150 3323 316 3377 αὐτοῦ
349 3324 641 3389 Ῥεϐέκκας
666 3323 979 3394 γεγένηται,
1009 3324 1120 3385 ὅτε,
1147 3324 1242 3377 τοῦ
1269 3324 1456 3390 παιδὸς
1482 3325 1731 3398 ’Λϐραὰμ

150 3413 470 3485 εὐξαμένου,
506 3415 838 3487 συνήντησεν
870 3413 1019 3487 αύτῷ
1065 3415 1132 3469 τὰ
1172 3418 1291 3469 κατ’
1323 3416 1508 3487 εὐχὰς,
1542 3418 1637 3472 καὶ
1662 3418 1732 3473 τὰ

152 3503 510 3576 προηργμένα
531 3505 678 3577 αὐτῷ
705 3506 771 3559 δι’
794 3505 971 3578 ἔργων
992 3505 1305 3581 ἐπληρώθη.

220 3595 509 3651 Τίκτονται
538 3596 595 3650 δὲ
636 3597 822 3662 παῖδες
853 3600 918 3653 ἐκ
949 3598 1051 3669 τῆς
1083 3598 1245 3663 Λείας
1268 3597 1327 3666 ἓξ
1357 3598 1506 3670 αὐτῷ
1531 3616 1545 3630 ο
1582 3600 1731 3654 Ῥου-

156 3690 276 3762 δὴν,
312 3690 561 3762 Συμεὼν,
601 3691 1279 3765 Δευὶ,’1ούδας,’ῐσσάχαρ,
1315 3692 1628 3747 Ζαϐουλὼν·
1666 3695 1731 3748 ἐκ

150 3782 246 3852 τῆς
286 3778 489 3851 Ῥαχὴλ
524 3779 581 3832 δὲ
626 3779 821 3851 Ἰωσὴφ
854 3780 947 3833 καὶ
979 3781 1266 3851 Βενιαμίν·
1293 3782 1355 3834 ὲκ
1406 3782 1462 3836 δὲ
1483 3782 1584 3853 τῆς
1604 3800 1731 3836 παι-

149 3868 342 3940 δίσκης
384 3867 586 3940 Ῥαχὴλ
615 3869 715 3939 τῆς
746 3868 976 3939 Βάλλης,
1012 3868 1118 3921 Δὰν
1161 3869 1254 3923 καὶ
1283 3868 1629 3937 Νεφθαλείμ·
1666 3871 1730 3923 ἐκ

149 3960 205 4013 δὲ
218 3962 322 4033 τῆς
338 3960 626 4033 παιδίσκης
642 3959 805 4025 Λείας
820 3960 1043 4032 ὀνόματι
1055 3960 1286 4031 Σελφὰς,
1302 3960 1408 4016 Γὰδ
1424 3961 1520 4017 καὶ
1539 3963 1726 4035 Ἀσήρ.

152 4052 224 4105 Τὸ
243 4052 304 4106 δὲ
329 4051 515 4125 Σύρων
539 4052 693 4121 γένος
721 4054 786 4106 ὲκ
814 4050 912 4106 τοῦ
957 4052 1127 4106 Ἡσαῦ
1162 4052 1509 4125 συνέστηκεν,
1549 4054 1598 4108 οἳ
1636 4055 1731 4110 καὶ

163 4142 448 4214 Ἰδουμαῖοι
480 4142 790 4208 ἐκαλοῦντο,
819 4142 912 4197 τοῦ
948 4145 1077 4216 πρὶν
1108 4145 1405 4217 Ἰδουμαίου
1438 4145 1532 4199 τοῦ
1559 4146 1729 4201 Ἡσαῦ

149 4235 557 4307 ἐπικληθέντος,
586 4235 675 4289 διὰ
704 4235 767 4288 τὸ
807 4234 1006 4306 ξανθῆς
1041 4237 1380 4309 ἐπιθυμῆσαι
1421 4239 1582 4293 αὐτὸν
1630 4257 1731 4309 φα-

151 4325 273 4395 κῆς
295 4325 511 4397 ἰδουμὰ
529 4324 639 4397 γὰρ
658 4326 707 4380 οἱ
744 4324 984 4397 Ἑϐραῖοι
1003 4326 1064 4379 τὸ
1088 4326 1279 4394 ξανθὸν
1299 4326 1732 4397 λέγουσι.Ὕστε-

1829 3119 1995 3174 veluti
2024 3118 2206 3174 divina
2233 3115 2595 3187 dispositione
2648 3114 2752 3171 sibi
2787 3113 3003 3168 obviam
3049 3111 3408 3183 prodeuntem

1829 3212 2064 3284 benigne
2092 3209 2414 3268 salutaverit
2452 3208 2496 3240 ⁸³
2552 3207 2962 3279 impensiusque
2990 3192 3277 3269 dilexerit;
3306 3202 3408 3256 mi-

1830 3321 1953 3361 rum
1969 3304 2093 3367 hoc,
2117 3310 2173 3359 et
2194 3300 2460 3357 Rebeccae
2478 3298 2641 3353 matri
2671 3314 2775 3354 usu
2799 3298 3018 3354 venisse
3041 3295 3405 3367 comperiens,

1831 3412 1954 3452 cum
1996 3409 2188 3451 servus
2215 3392 2482 3457 Abrahae,
2532 3390 2786 3461 precibus
2827 3389 3017 3446 eﬁusis
3047 3388 3094 3421 ⁸¹
3118 3429 3134 3455 ,
3168 3389 3226 3443 in
3263 3387 3409 3445 votis.

1831 3489 1910 3544 illi
1937 3488 2177 3544 occurrit
2206 3486 2372 3552 Deus,
2398 3484 2788 3558 propositaque
2825 3498 2991 3553 opere
3020 3481 3332 3553 complevit.

1899 3579 2215 3637 Nascuntur
2245 3596 2410 3653 porro
2448 3578 2619 3635 Jacob
2662 3593 2728 3633 ex
2749 3575 2845 3631 Lia
2878 3577 2972 3631 lilii
3007 3592 3138 3632 sex:
3176 3573 3367 3629 Ruben
3388 3614 3405 3639 ,

1833 3669 2076 3737 Simeon,
2105 3670 2275 3739 Levi,
2333 3668 2526 3733 Judas,
2561 3665 2836 3728 lssachar,
2871 3663 3150 3731 Zabulon;
3186 3678 3253 3718 ex
3299 3659 3411 3715 Ra-

1830 3764 2014 3828 chele,
2053 3761 2254 3835 Ioseph
2307 3770 2361 3817 et
2408 3761 2731 3832 Benjamin;
2783 3774 2850 3814 ex
2900 3756 3100 3811 famula
3150 3753 3415 3813 Rachelis

1831 3854 2001 3921 Balla,
2024 3855 2138 3909 Dan
2168 3861 2223 3911 et
2273 3851 2655 3924 Nephthalim;
2683 3867 2751 3907 ex
2780 3848 2984 3904 famula
3014 3846 3142 3911 Lim,
3172 3844 3370 3916 Zelpha
3390 3884 3408 3910 ,

1830 3948 1947 4005 Gad
1972 3959 2028 4005 et
2049 3949 2217 4004 Asser
2253 3946 2322 4003 ⁸³.
2350 3944 2613 4018 Syrorum
2635 3942 2876 3999 nationis
2893 3939 3038 3996 Esau
3063 3939 3166 3994 fuit
3195 3949 3411 4009 auctor,

1830 4043 1925 4116 qui
1953 4049 2009 4098 et
2054 4039 2274 4096 Idumaei
2315 4038 2643 4094 dicebantur
2683 4052 2808 4091 cum
2859 4035 3098 4107 primum
3129 4031 3275 4088 Esau
3308 4045 3409 4086 no-

1830 4151 1958 4191 men
2002 4132 2272 4189 ldumaeus
2307 4130 2522 4197 fuisset,
2551 4137 2842 4203 propterea
2872 4127 3022 4201 quod
3069 4125 3261 4182 ﬁavam
3291 4126 3412 4181 len-

1829 4237 1939 4284 tem
1968 4226 2328 4298 concupierit.
2365 4223 2557 4281 lduma
2595 4237 2830 4294 namque
2871 4224 3068 4293 ﬂavum
3102 4218 3273 4275 Judrei
3308 4232 3411 4273 no-

1830 4321 2060 4377 minant.
2119 4316 2474 4388 Tandemque
2526 4314 2789 4388 Syrorum
2829 4328 3032 4368 nomen
3085 4311 3408 4377 obtinuere,

152 4435 242 4489 ρον
274 4418 337 4472 es
368 4418 528 4493 Σύροι
563 4417 1078 4490 μετωνομάσθησαν,
1115 4419 1287 4494 Σύρου
1333 4420 1478 4486 τινος
1508 4420 1726 4492 ὀνόματι

1834 4418 2118 4483 postquam
2172 4409 2252 4465 illi
2298 4407 2507 4475 nationi
2545 4404 2716 4478 Syrus
2770 4404 2991 4476 quidam
3022 4401 3242 4457 nomine
3273 4415 3415 4471 prae.

150 4510 243 4566 τοῦ
274 4509 463 4574 ἔθνους
494 4509 672 4564 αὐτῶν
696 4511 1087 4582 κρατήσαντος.
1105 4512 1165 4565 ’0
1184 4512 1243 4565 δὲ
1265 4511 1435 4567 Ἥσαῦ
1468 4515 1731 4582 γυναῖκας

151 4607 297 4675 τρεῖς
345 4602 453 4657 ἀπὸ
497 4602 606 4657 τῶν
650 4602 967 4656 Χαναναίων
1000 4603 1136 4675 πρὸς
1166 4602 1344 4675 γάμον
1389 4603 1600 4673 ἄγεται,
1633 4602 1733 4675 τὴν

162 4696 321 4750 mea:
349 4694 626 4767 θυγατέρα
663 4694 842 4767 Ἐλὼμ
872 4696 966 4749 τοῦ
989 4696 1275 4761 Χετταίου,
1306 4698 1401 4751 καὶ
1449 4697 1547 4769 τὴν
1592 4697 1732 4751 Ἐλι-

152 4785 328 4859 ϐεμὰν
371 4786 645 4859 θυγατέρα
690 4789 849 4843 Ἐνὰν
895 4787 990 4842 τοῦ
1030 4788 1305 4863 Ἐϐραίου,
1339 4790 1434 4845 καὶ
1482 4790 1581 4862 τὴν
1626 4790 1733 4844 Βα-

155 4879 370 4954 σεμμὰθ
405 4879 680 4952 θυγατέρα
724 4879 967 4951 ’1σμαὴλ,
1000 4880 1231 4952 ἀδελφὴν
1263 4880 1321 4934 δὲ
1353 4878 1602 4938 Ναϐεώθ.
1621 4880 1732 4936 Καὶ

153 4973 215 5025 ἐκ
233 4974 331 5043 μὲν
347 4973 446 5044 τῆς
458 4973 536 5043 (1)
571 4973 754 5037 Ἀδδᾶς
769 4974 866 5045 τὴν
894 4972 1138 5043 Ἑλιφὰζ,
1160 4977 1224 5029 ὲκ
1240 4973 1298 5028 δὲ
1318 4973 1417 5046 τῆς
1430 4971 1729 5045 Βασεμμὰθ

153 5064 243 5115 τὸν
281 5064 541 5135 Ῥαγγὴλ,
581 5065 677 5117 καὶ
719 5067 782 5119 ὲκ
818 5065 917 5136 τῆς
963 5064 1250 5137 Ἐλιϐεμὰν
1294 5065 1385 5119 τὸν
1422 5064 1604 5129 ἰεοὺλ,
1635 5065 1731 5117 καὶ

155 5154 242 5207 τὸν
281 5154 513 5226 ’1εγλὸμ,
544 5155 637 5209 καὶ
670 5154 760 5209 τὸν
805 5156 951 5229 Κορὲ
997 5155 1273 5226 ἐγέννησε.
1307 5154 1541 5219 Τούτους
1573 5157 1631 5209 ἐν
1663 5157 1728 5227 τῇ

159 5244 258 5298 τῶν
290 5245 610 5300 Χαναναίων
645 5248 875 5319 ποιήσας
894 5251 988 5320 γῇ,
1023 5249 1103 5313 εἰς
1132 5248 1298 5320 Σηεὶρ
1328 5248 1451 5319 ὅρος
1485 5243 1731 5320 μετῴκη-

161 5351 239 5399 σε,
272 5336 359 5392 διὰ
391 5338 451 5391 τὸ
483 5337 558 5410 μὴ
585 5337 844 5392 δύνασθαι
875 5338 968 5392 τοῦ
1003 5338 1231 5410 ἀδελφοῦ
1255 5339 1417 5395 αύτοῦ
1453 5338 1645 5394 Ἰακὼϐ
1664 5340 1728 5393 ὲκ

223 5472 271 5504 ⁷⁸
297 5472 424 5530 Gen.
451 5491 603 5538 xxiv,
626 5473 714 5529 67.
790 5476 838 5510 ⁷⁵
863 5474 991 5535 Gen.
1027 5493 1155 5538 xxv,
1177 5477 1266 5533 25.
1341 5478 1387 5511 "
1417 5476 1556 5532 Ibid.
1583 5479 1633 5533 l.

1731 5482 1776 5513 τ’
1804 5478 1933 5537 Gen.
1958 5497 2087 5542 xxv.
2117 5479 2168 5542 7,
2194 5479 2248 5533 8.
2324 5478 2371 5511 ⁷⁸
2404 5475 2534 5533 Gen.
2561 5489 2733 5533 xxv".
2763 5471 2855 5529 2⁸7.

1831 4504 1954 4559 fuit.
1987 4503 2130 4559 Esau
2181 4517 2249 4559 ex
2280 4498 2607 4555 Chananzeis
2636 4507 2747 4553 tres
2775 4496 2932 4552 duxit
2965 4509 3167 4548 uxores
3204 4491 3271 4553 “,
3300 4490 3413 4543 Ad-

1831 4595 1901 4651 da
1952 4594 2107 4650 Elom
2150 4590 2399 4655 Cliettaei,
2425 4586 2705 4645 Elibeman
2759 4585 2910 4641 Euan
2946 4581 3178 4646 Hebraei,
3211 4588 3267 4635 et
3312 4577 3415 4632 Ba-e

1832 4687 2123 4750 semmath,
2154 4683 2398 4742 Ismaelis
2452 4682 2643 4749 ﬁliam,
2673 4693 3028 4749 sororemque
3056 4673 3327 4738 Nabeoth,
3358 4678 3415 4735 et

1834 4796 1899 4836 ex
1921 4778 2077 4835 Adda
2115 4775 2330 4849 Eliphat
2368 4775 2643 4839 ﬁliam,ex
2671 4769 3019 4827 Basemmath
3051 4766 3257 4838 Rangel
3285 4782 3302 4833 ;
3346 4779 3415 4824 ex

1838 4872 2122 4927 Eliheman
2182 4866 2341 4933 Jeul,
2401 4865 2608 4937 Jeglom
2659 4872 2824 4935 atque
2867 4860 3008 4917 Core
3058 4860 3267 4916 habuit.
3317 4856 3414 4913 His

1837 4965 1978 5036 apud
2004 4962 2342 5020 Chanameos
2369 4959 2595 5024 habitis,
2624 4957 2681 5012 in
2712 4957 2833 5012 Seir
2856 4962 3092 5012 montem
3123 4952 3405 5008 habitandi

1835 5073 2003 5117 causa
2042 5058 2294 5131 migravit
2331 5057 2412 5124 '5;
2446 5070 2624 5127 neque
2650 5053 2794 5111 enim
2822 5057 3033 5123 poterat
3059 5047 3262 5103 Jacobo
3302 5046 3413 5106 ira.

1838 5163 1940 5219 tre,
1970 5169 2035 5215 ex
2069 5151 2457 5223 Mesopotamia
2486 5162 2730 5211 reverso,
2756 5158 2864 5199 una
2895 5141 3144 5209 habitare
3189 5146 3414 5211 propter

1835 5261 2019 5303 rerum
2069 5260 2298 5316 quarum
2330 5241 2680 5315 potiebantur
2710 5234 3133 5296 multitudinem,
3167 5230 3255 5285 ubi
3284 5245 3410 5287 cum

1835 5340 2002 5395 alium
2030 5338 2198 5394 ﬁlium
2241 5340 2613 5409 procreasset,
2650 5347 2750 5388 sua
2801 5328 3190 5402 appellatione,
3238 5323 3411 5389 Edom

2955 5471 3000 5505 "
3035 5467 3162 5525 Gen.
3212 5478 3409 5535 anni,

160 5541 207 5599 5.
273 5546 318 5578 κο
359 5543 489 5610 Cm,
514 5534 664 5612 xxix.
705 5547 797 5612 εδ,
830 5546 923 5604 28.
978 5534 1043 5580 ίοι
1071 5534 1211 5604 Ibid.
1238 5549 1289 5606 9.
1365 5550 1411 5583 ε’
1447 5546 1573 5608 Gen.
1598 5567 1725 5623 μιν

1834 5534 2135 5623 δέη.
2156 5534 2320 5617 απαξ,
2352 5564 2483 5617 xxx.
2558 5545 2604 5579 ⁸⁸
2631 5544 2757 5601 Gen.
2790 5560 2975 5605 xxxvr.
3048 5539 3098 5573 "
3131 5534 3267 5610 (bid,

227 5685 303 5756 (l)
322 5683 472 5751 'LXX
514 5686 764 5755 scribunt
789 5686 899 5755 τόν.
