3866 6162
470 254 590 328 ’76⁸1
1365 276 1423 331 S.
1466 275 1910 332 EUSTATHIUS
1951 276 2446 336 ANTIOCHENUS
2484 278 2884 338 EPISCOPUS.

3670 284 3780 337 τδρ

487 390 789 461 insignivit.
840 390 966 446 Nati
1010 399 1139 449 sunt
1175 390 1237 448 'et
1285 391 1414 448 ﬁliis
1442 393 1588 449 illius
1618 393 1714 448 ﬁlii
1754 394 1979 465 legitimi
2003 396 2060 464 ⁸⁸,

2177 398 2277 470 τῆς
2321 398 2746 469 Μεσοποταμίας
2787 398 3181 464 ἐπανελθόντος
3222 401 3548 473 ὁμοσκηνεϊν
3581 402 3779 470 διὰτό

486 480 706 553 Elipbas
738 483 1001 553 qui-nque,
1036 482 1316 549 Theman,
1378 482 1616 555 H-ymar,
1660 482 1908 555 Sopbar,
1958 485 2068 542 Go-

485 574 658 640 moth,
683 573 899 643 Cenex,
954 575 1099 630 inter
1125 591 1264 646 quos
1314 582 1368 630 et
1415 575 1638 646 spurius
1674 587 2067 635 annumeratur

484 663 704 719 Amalec
727 703 742 729 ,
779 680 939 735 quem
992 681 1023 721 e
1056 667 1248 737 pellice
1290 665 1537 722 Thamna
1567 677 1885 740 susceperat
1912 688 1927 737 ;
1959 670 2070 725 Ra-

486 756 631 826 gueli
657 770 670 807 :
692 763 746 811 et
777 756 880 828 ipsi
923 767 1158 826 quatuor
1187 757 1281 812 ﬁlii
1315 760 1425 813 nati
1459 767 1588 815 sunt
1615 759 1833 827 Namin,
1863 761 2065 829 lares,

488 841 671 910 Some,
702 841 919 913 Rhozc;
953 844 1118 900 Edom
1154 848 1443 902 undecim:
1475 848 1762 917 Thamma,
1794 850 1948 918 Gola,
1980 849 2068 909 lo-

485 935 657 1001 thom,
700 936 1046 1005 Allibaeman,
1077 937 1249 1005 Jolas,
1282 939 1519 1006 Phinon,
1549 942 1757 1015 Cenyx,
1785 942 2057 1012 Theman,

484 1026 709 1093 Mazari,
744 1027 1006 1095 Maediel,
1045 1030 1378 1102 Zephonem.
1420 1033 1542 1090 Seir
1568 1035 1827 1092 Chorraeo
1852 1038 1897 1070 ⁸⁷
1923 1079 1937 1103 ,
1972 1039 2068 1110 qui

484 1118 761 1189 regionem
794 1118 985 1174 Lotam
1021 1121 1316 1190 habitavit,
1345 1124 1439 1180 ﬁlii
1468 1128 1712 1197 quinque
1740 1130 1852 1183 nati
1885 1138 2014 1186 sunt
2050 1150 2063 1186 :

481 1206 666 1263 Sobel.
694 1207 964 1283 Sebegon,
994 1212 1306 1279 Anadeson,
1337 1214 1494 1280 Aser,
1528 1216 1766 1286 Resom;
1817 1231 1870 1277 et
1894 1220 2069 1278 Lotan

484 1300 614 1367 duo,
644 1300 859 1369 Cborri,
888 1303 1113 1373 Emam;
1167 1307 1415 1364 Thamna
1448 1326 1577 1367 vero
1621 1327 1779 1367 soror
1808 1324 1927 1369 erat
1963 1312 2071 1367 Lo-

482 1400 599 1460 tan,
629 1410 750 1465 quae
782 1395 1042 1468 Eliphazo
1074 1399 1295 1456 Amalec
1324 1403 1532 1473 genuit.
1578 1403 1744 1461 Sobal
1768 1383 1921 1463 'ﬁlius
1949 1405 2069 1462 Seir

484 1485 724 1561 quinque
758 1487 898 1543 ﬁlios
926 1489 1135 1556 habuit,
1165 1489 1489 1559 Odomnam,
1520 1495 1765 1551 Nachath
1785 1539 1799 1560 .
1832 1496 2030 1553 Gebeel
2051 1541 2066 1566 ,

485 1577 656 1649 Soph,
690 1577 898 1635 Omnan
922 1599 936 1648 ;
958 1592 1012 1636 et
1038 1581 1323 1655 Osebcgon
1352 1587 1491 1641 duos
1514 1625 1529 1651 ,
1569 1586 1697 1643 IEdi
1743 1596 1797 1643 et
1840 1587 2020 1643 Euan
2051 1629 2065 1655 ,

484 1673 579 1743 qui
620 1672 674 1726 in
713 1671 892 1726 Jamin
936 1674 1185 1744 jumenta
1233 1678 1405 1748 patris
1448 1679 1530 1733 sui
1568 1677 1814 1750 Sebegou
1845 1696 2073 1750 pascen-

2170 488 2373 560 πλῆθος
2414 487 2521 541 τῶν
2550 488 2905 561 ὑπαρχόντων
2939 489 3139 553 αὐτοῖς.
3170 489 3407 561 Ποιήσας
3444 486 3538 544 οὖν
3578 493 3779 545 κὰγ-εἶ-

2169 582 2259 637 θεν
2291 582 2475 647 παῖδα,
2512 584 2577 635 ἐκ
2622 582 2723 653 τῆς
2773 580 2966 635 ἑαυτοῦ
3016 580 3330 652 ἐπωνυμίας
3370 581 3549 652 Ἐδὼμ
3595 583 3774 636 αὐτὸν

2169 673 2516 745 ἐπωνόμασε.
2535 673 2813 741 Ἐγένοντο
2843 671 2900 724 δὲ
2933 672 3027 726 καὶ
3051 675 3165 737 τοῖς
3199 673 3333 736 υἱοῖς
3363 672 3526 725 αὐτοῦ
3566 673 3772 737 παῖδες

2169 765 2401 835 γνήσιοι,
2429 763 2506 835 τῷ
2560 763 2657 835 μὲν
2696 762 2917 833 Ἐλιφὰς
2967 762 3148 827 πέντε,
3184 762 3612 837 Θεμὰν,”Υμὰρ,
3645 765 3769 817 Σω-

2168 856 2302 929 φὰρ,
2332 855 2533 927 Γομδθ,
2573 855 2765 922 Κενέξ,
2801 857 2859 909 ἐν
2891 850 2973 918 οἷς
2994 850 3061 927 ἦν
3093 854 3189 908 καὶ
3221 852 3391 919 νόθος,
3415 855 3635 927 τεχθεὶς
3655 858 3765 909 αὒ-

2166 949 2243 1021 τῷ
2292 948 2536 1020 Ἀμαλὴκ
2583 951 2648 1002 ἐκ
2697 947 3016 1012 παλλακίδος
3052 947 3271 1019 Θαμνᾶς
3294 947 3551 1025 ὀνόματι·
3590 948 3671 1019 τῷ
3699 949 3764 1002 δὲ

2179 1040 2444 1110 Ῥαγουὴλ
2472 1041 2573 1095 ’καὶ
2603 1040 2749 1111 αὐτῷ
2779 1041 3041 1112 τέσσαρες
3068 1040 3253 1104 παῖδες
3286 1039 3606 1109 ἐτέχθησαν,
3643 1040 3764 1093 Να-

2171 1134 2285 1204 μὶν,
2321 1133 2515 1205 Ζαρὲς,
2540 1133 2702 1203 Σομὲ,
2720 1132 2872 1198 Ῥοζέ
2897 1150 2911 1163 ο
2948 1133 3042 1186 καὶ
3073 1131 3251 1202 Ἐδὼμ
3279 1131 3489 1194 ἕνδεκα,
3515 1130 3761 1202 Θαμμὰ,

2166 1225 2560 1298 Γωλὰ,Ἰοθὸμ,
2595 1225 3160 1297 Αίλιὸαιμᾶιν,Ἰὴλας,
3195 1224 3386 1288 Φίνων,
3420 1223 3628 1290 Κενὺξ,
3663 1226 3764 1277 Θε-

2170 1318 2299 1391 μὰν,
2332 1319 2624 1390 Μαζαριεὶ,
2659 1316 2920 1388 Μαεδιὴλ,
2963 1316 3222 1387 Ζεφονήν.
3249 1314 3338 1385 Τῷ
3384 1314 3439 1367 δέ
3472 1314 3646 1387 Σηεὶρ
3674 1314 3760 1384 τῷ

2167 1413 2440 1485 Χωρῤαίῳ
2470 1412 2548 1482 τῷ
2591 1412 2686 1483 τὴν
2719 1411 2823 1482 γῆν
2859 1408 2951 1463 τοῦ
2988 1407 3178 1462 Λωτὰν
3208 1408 3600 1478 κατοικήσαντι
3649 1409 3762 1460 υἱοὶ

2167 1506 2329 1558 πέντε
2382 1504 2648 1574 ἐγένοντο,
2683 1502 2893 1567 Σὼδαλ,
2926 1499 3194 1570 Σεὸεγὼν,
3214 1497 3540 1571 Ἀναδησὼν,
3560 1499 3760 1571 Ἀσὴρ,

2178 1593 2418 1664 Ῥησὼν·
2473 1594 2565 1647 καὶ
2615 1592 2693 1664 τῷ
2747 1593 2938 1647 Λωτὰν
2980 1593 3093 1655 δύο,
3129 1591 3666 1665 Χωῤῥεὶ,Ἔμάν.Ἦ
3700 1591 3764 1642 δὲ

2167 1684 2359 1756 Θαμνὰ
2391 1684 2592 1756 ἀδελφὴ
2618 1683 2712 1737 τοῦ
2738 1682 2929 1736 Λωτὰν
2958 1682 3271 1753 ἐτύγχανεν,
3304 1682 3424 1752 ἥτις
3456 1681 3550 1733 τὸν
3585 1682 3763 1751 Ἀμαο

483 1773 592 1818 tem
628 1763 841 1821 incidit.
884 1764 1081 1825 Euam
1134 1782 1262 1822 vero
1312 1766 1511 1836 Deson,
1537 1779 1590 1825 et
1617 1770 1863 1826 Elibama
1898 1773 2060 1828 ﬁliam

2167 1776 2268 1847 λὴκ
2313 1774 2390 1846 τῷ
2428 1774 2649 1844 Ἐλιφὰζ
2702 1775 3008 1845 ἐγέννησεν.
3027 1774 3083 1827 '0
3116 1773 3172 1825 δὲ
3204 1771 3393 1826 Σωὸὰλ
3436 1773 3466 1824 6
3507 1771 3630 1835 υἱὸς
3662 1770 3760 1824 τοῦ

481 1853 688 1913 habuit.
717 1854 892 1912 Deson
934 1857 1211 1923 Amadan,
1257 1860 1481 1927 Asbam,
1512 1861 1750 1917 Gethran
1788 1871 1841 1919 et
1885 1865 2055 1920 Char-

482 1962 617 2018 ran;
650 1949 786 2004 Aser
808 1959 1041 2021 quartus
1090 1951 1209 2008 Seir
1240 1952 1384 2010 ﬁlius
1409 1966 1663 2025 quatuor,
1695 1955 1883 2021 Balan,
1916 1956 2058 2013 Zuc-

481 2054 608 2105 can,
637 2040 843 2114 Joycan
862 2084 876 2107 ,
924 2042 1125 2113 Ucam;
1160 2046 1386 2115 quintus
1419 2054 1599 2103 autem
1620 2047 1763 2105 ﬁlius
1788 2049 1908 2107 Seir
1928 2049 2062 2107 Ore-

483 2148 624 2197 som,
656 2133 918 2190 Ossaran.

2166 1871 2334 1942 Σηεὶρ
2366 1870 2529 1923 πέντε
2564 1869 2760 1932 παῖδας
2797 1867 3071 1939 ἐποίησεν,
3090 1863 3365 1935 ὐδομνάν,
3398 1862 3619 1932 Ναχὰθ,
3661 1862 3703 1913 Γ
3703 1879 3761 1913 ε-

2166 1960 2317 2032 δεὴλ,
2372 1959 2772 2030 Σὼφ,Ὠμνᾶν·
2809 1958 2903 2012 καὶ
2954 1955 3254 2026 Ὀσεδεγὼν
3309 1955 3423 2019 δύο,
3456 1955 3611 2008 Αἱδεὶ
3658 1952 3759 2006 καὶ

2166 2053 2353 2120 Αίνὰν,
2386 2053 2533 2116 ὅστις
2567 2046 2720 2124 εὗρεν
2747 2053 2804 2104 ἐν
2834 2054 2900 2122 τῇ
2933 2051 3124 2123 ἐρήμῳ
3156 2049 3245 2103 τὸν
3273 2048 3428 2120 Ἀμὶν
3449 2046 3521 2100 τὰ
3543 2044 3756 2109 ὑποζύ.

2136 2135 2142 2142 ’
2166 2160 2259 2213 για
2291 2143 2526 2214 νέμοντα
2554 2143 2648 2196 τοῦ
2681 2143 2887 2213 πατρὸς
2913 2142 3076 2196 αὑτοῦ
3096 2138 3361 2210 Σεὸεγών.
3385 2137 3551 2191 Αίνὰν
3574 2137 3635 2190 δὲ
3661 2137 3758 2189 τὸν

480 2223 670 2296 Δησὼν
722 2227 815 2279 καὶ
860 2226 1120 2298 Ἐλιδαμὰ
1167 2229 1443 2302 θυγατέρα
1471 2231 1754 2304 ἐγέννησεν
1777 2249 1790 2263 ·
1827 2235 1856 2286 6
1887 2232 1944 2286 δὲ
1971 2231 2157 2304 Δησὼν
2186 2233 2275 2287 τὸν
2318 2232 2577 2305 Ἀμαδὰν,
2608 2233 2704 2286 καὶ
2742 2232 2961 2296 Ἀσὸὰν,
3031 2232 3126 2285 καὶ
3172 2229 3397 2302 Γεθρὰν,
3458 2231 3555 2283 καὶ
3604 2230 3757 2300 Χαρσ

483 2321 681 2396 ῥάν.’0
711 2319 766 2373 δὲ
815 2321 980 2393 Ἀσὴρ
1018 2324 1046 2376 6
1076 2322 1331 2396 τέταρτος
1360 2325 1473 2389 υἱὸς
1518 2327 1610 2380 τοῦ
1660 2329 1844 2401 Σηεὶρ,
1872 2331 2142 2404 τέσσαρας
2196 2330 2392 2394 παῖδας
2450 2328 2760 2401 ἐγέννησεν,
2798 2327 3008 2400 Βαλὰμ,
3044 2326 3285 2398 Ζουκὰμ,
3355 2325 3602 2397 Ἰουκὰμ,
3658 2326 3753 2379 οὗ·

482 2409 598 2484 κάμ
621 2430 635 2445 ·
666 2416 694 2467 6
725 2412 780 2466 δὲ
809 2414 1059 2485 πέμπτος
1091 2418 1203 2482 υἱὸς
1236 2417 1328 2471 τοῦ
1356 2420 1522 2494 Σηεὶρ
1552 2423 1794 2495 Ὀρήαων
1823 2426 1913 2479 τὸν
1946 2425 2233 2499 Ὠσσαράν.
3174 2418 3181 2425 ’

553 2506 753 2561 Verum
784 2520 1073 2579 antequam
1118 2528 1275 2584 rcges
1303 2523 1624 2571 crearentur
1662 2518 1719 2572 in
1760 2517 1922 2575 Israel
1950 2561 1965 2585 ,
2001 2521 2057 2576 hi

479 2606 778 2669 regnarunt
808 2601 862 2654 in
889 2600 1059 2656 Edom
1086 2603 1132 2635 ⁸⁸
1163 2624 1176 2659 :
1220 2604 1381 2660 Balac
1409 2606 1552 2662 ﬁlius
1588 2608 1747 2675 Beor,
1772 2618 1827 2665 et
1862 2627 2058 2667 nomen

479 2690 628 2747 illius
656 2692 892 2750 civitatis
935 2695 1180 2763 Denaba;
1228 2697 1355 2753 huic
1398 2703 1665 2757 successit
1711 2703 1885 2759 Jobab
1916 2706 2059 2762 ﬁlius

483 2782 648 2838 Sura
679 2801 745 2840 ex
789 2784 1040 2858 Bossyra.
1077 2800 1365 2860 postquam
1392 2793 1555 2848 Asom
1586 2810 1653 2848 ex
1700 2794 2018 2854 Themanon
2040 2837 2056 2863 ,

484 2883 610 2947 post
642 2892 801 2946 quem
825 2877 976 2933 Adad
1009 2878 1151 2936 ﬁlius
1181 2880 1374 2948 Barad,
1410 2884 1503 2954 qui
1555 2886 1610 2939 in
1664 2901 1859 2957 campo
1902 2886 2060 2944 Moab

484 2970 685 3025 excidit
713 2968 966 3035 Madiam,
997 2981 1050 3027 et
1076 2988 1275 3039 nomen
1304 2976 1544 3063 civitatis
1596 2978 1744 3035 illius
1769 2979 2017 3036 Getthem
2040 3021 2057 3046 ,

480 3074 605 3135 post
648 3066 795 3124 hunc
838 3066 1089 3125 Samalac
1120 3087 1187 3126 ex
1236 3071 1518 3142 Masecca;
1570 3083 1695 3145 post
1723 3091 1884 3147 quem
1928 3076 2059 3133 Saul

2231 2522 2344 2593 Πρὸ
2396 2520 2453 2574 δὲ
2481 2519 2574 2573 τοῦ
2626 2516 2940 2590 βασιλεῦσαι
2999 2515 3252 2587 βασιλέας
3277 2519 3333 2570 ἐν
3368 2513 3612 2587 Ἰσραὴλ,
3651 2513 3755 2583 τῆς

2175 2613 2353 2685 Ἐδὼμ
2385 2603 2553 2666 ὀὗτοι
2598 2612 2646 2664 oi
2695 2609 2934 2681 βασιλεῖς
2966 2607 3344 2663 ἐϐασίλευσαν·
3401 2605 3589 2658 Βαλὰκ
3636 2604 3755 2667 υἱὸς

2163 2705 2318 2778 Βεὼρ
2374 2705 2466 2758 καὶ
2497 2704 2667 2775 ὄνομα
2692 2705 2757 2774 τῇ
2781 2701 2934 2755 πόλει
2960 2700 3122 2754 αὐτοῦ
3148 2699 3374 2763 Δενάδα,
3402 2697 3523 2770 μεθ’
3541 2697 3607 2751 δν
3634 2698 3754 2750 Ἰω-

2164 2799 2269 2852 6ὰ6
2293 2798 2406 2864 υἱὸς
2418 2797 2721 2871 Ζαρρὰδέκ
2744 2794 3044 2868 Βοσσύρας,
3073 2794 3188 2866 μεθ’
3210 2794 3267 2847 ὃν
3301 2792 3469 2865 Ἀζὸμ
3496 2795 3525 2847 6
3555 2795 3627 2846 ἐκ
3646 2793 3754 2864 γῆς

2163 2889 2446 2963 Θεμανὼν,
2498 2890 2618 2962 μεθ’
2651 2888 2710 2942 ὃν
2752 2888 2928 2951 Ἀδὰδ,
2965 2888 3080 2951 υίὸς
3125 2886 3322 2958 Βαρὰδ,
3361 2887 3512 2947 ὅστις
3561 2886 3624 2937 ὲν
3674 2884 3753 2954 τῷ

2166 2983 2333 3054 πεδίῳ
2363 2980 2538 3037 Μωὰὸ
2569 2980 2793 3051 ἐξέκοψε
2816 2979 2917 3052 τὴν
2955 2978 3199 3049 Μαδιάμ,
3233 2977 3325 3031 καὶ
3350 2976 3520 3045 ὄνομα
3551 2976 3624 3045 τῇ
3660 2975 3750 3027 πύ-

2163 3072 2245 3128 λει
2271 3073 2436 3128 αὐτοῦ
2464 3073 2673 3144 Γετθέμ
2689 3091 2702 3102 ·
2743 3073 2879 3144 μετὰ
2914 3071 2970 3125 δὲ
2995 3070 3182 3124 τοῦτον
3208 3069 3471 3141 Σαμαλὰκ
3491 3071 3520 3121 6
3542 3070 3611 3121 ἐκ
3631 3069 3749 3121 Μα-

480 3173 546 3211 οιι
575 3154 811 3225 Roboth,
840 3177 961 3232 quae
992 3170 1074 3218 est
1103 3179 1272 3235 prope
1313 3164 1513 3220 ﬁumen
1539 3184 1553 3234 ;
1598 3174 1723 3238 post
1764 3183 1925 3239 quem
1953 3168 2058 3222 Ba-

2167 3166 2386 3231 σέκκας,
2423 3165 2541 3238 μεθ’
2570 3165 2630 3219 δν
2675 3164 2847 3218 Σαοὺλ
2888 3165 2917 3217 6
2960 3158 3031 3217 ’ἐκ
3069 3161 3271 3216 Ῥοὸὼθ
3323 3161 3424 3231 τῆς
3472 3159 3631 3232 παρὰ
3659 3161 3749 3212 τὸν

480 3249 715 3310 laennon
748 3251 891 3309 Illius
923 3254 1193 3319 Abochor,
1228 3261 1317 3311 cui
1349 3264 1466 3312 erat
1498 3273 1637 3313 uxor
1675 3258 1895 3314 nomine
1946 3259 2060 3316 Me-

481 3342 657 3397 tcbeel
692 3343 802 3399 ﬁlia
833 3345 1071 3413 Matrad,
1129 3348 1223 3402 lilii
1270 3347 1552 3420 Mezooph,
1583 3351 1777 3406 horum
1818 3353 2062 3407 omnium

481 3436 607 3488 anni
647 3447 1032 3507 computantur
1067 3452 1297 3496 numero
1340 3457 1393 3497 ι).
1439 3440 1564 3496 Filii
1595 3458 1724 3498 vero
1753 3441 1922 3498 Jacob
1951 3443 2063 3497 fra-

478 3529 583 3592 tris
606 3526 806 3601 Joseph
832 3532 978 3587 laudi
1000 3534 1293 3605 gloniteque
1323 3535 1629 3591 invidentes
1657 3537 1703 3570 ⁸⁹
1722 3576 1739 3602 ,
1777 3552 1902 3591 eum
1931 3551 2064 3592 ven-

480 3621 619 3675 dunt
651 3621 962 3687 lsmaelitis,
994 3634 1049 3680 et
1087 3618 1281 3697 ipsi‘in
1317 3625 1555 3699 Egypto
1583 3627 1875 3699 Petephrin
1897 3667 1912 3692 ,
1968 3644 2064 3683 co—

481 3730 714 3785 quorum
743 3717 975 3788 principi
996 3718 1067 3771 9°.
1648 3738 1651 3741 λ

555 3808 756 3864 Eadem
785 3814 1106 3879 tempestate
1129 3808 1297 3866 Judas
1327 3811 1394 3866 ad
1425 3811 1567 3866 Iram
1585 3810 1873 3882 quemdam
1900 3811 2063 3868 Odol-

482 3901 724 3957 lamitem
751 3901 982 3967 accedit,
1016 3901 1202 3973 ibique
1246 3903 1528 3959 mulierem
1561 3903 1946 3969 Chananaeam,
1970 3905 2060 3959 cui

484 4008 683 4053 nomen
710 3999 829 4048 erat
860 3992 1001 4048 Saba
1028 4035 1043 4061 ,
1086 3995 1391 4065 inspeCtam
1438 3996 1596 4051 duxit
1635 4013 1883 4062 uxorem,
1911 4006 1964 4053 et
1992 4015 2060 4054 ex

485 4100 549 4144 ea
593 4090 829 4155 quatuor
877 4085 1115 4156 suscepit
1144 4086 1345 4142 liberos
1374 4106 1387 4142 :
1427 4087 1555 4157 Her,
1586 4089 1804 4155 Aunan,
1838 4088 2021 4145 Selom
2041 4133 2057 4158 ,

484 4172 720 4242 Phares;
755 4183 808 4230 et
836 4174 1007 4232 Judas
1038 4175 1145 4232 Her
1171 4192 1271 4233 suo
1300 4179 1665 4249 primogenito
1711 4182 2060 4237 matrimonio

484 4268 705 4337 copulat
726 4266 981 4337 Thamar,
1005 4269 1099 4339 qui
1150 4278 1371 4341 propter
1397 4286 1610 4326 morum
1646 4272 1899 4329 eximiam
1952 4275 2058 4329 im-

485 4356 831 4428 probitatem,
863 4357 982 4414 sine
1004 4358 1128 4415 ﬁliis
1151 4361 1369 4428 occidit,
1404 4359 1512 4416 Deo
1541 4362 1692 4415 illum
1726 4363 1795 4420 ad
1825 4372 2057 4420 mortem

484 4449 770 4518 trudente;
830 4457 884 4505 et
927 4449 1097 4509 Judas
1141 4452 1297 4507 Onan
1345 4453 1589 4508 secundo
1634 4453 1774 4519 ﬁlio,
1839 4464 1899 4510 ut
1947 4473 2057 4512 una

2167 3259 2429 3331 ποταμὸν,
2460 3257 2578 3330 μεθ’
2604 3256 2663 3310 ὃν
2691 3254 3004 3310 Βαλαεννὼν
3038 3256 3153 3320 υίὸς
3191 3252 3430 3325 Ἀδοχὼρ
3475 3252 3620 3322 ἔχων
3652 3269 3747 3320 γ’.)⁸

2163 3354 2326 3405 ναῖκα
2362 3350 2585 3420 ὀνόματι
2628 3347 2938 3419 Μετεϐεὴλ,
2990 3345 3269 3418 θυγατέρα
3320 3344 3573 3418 Ματρὰδ,
3628 3344 3744 3397 υἱοῦ

2162 3436 2417 3508 Μεζοὼφ,
2449 3438 2499 3491 οἳ
2540 3438 2742 3501 πάντες
2774 3433 2916 3509 ἦσαν
2949 3435 3043 3508 ἐτη
3075 3435 3305 3509 ἀριθμδν
3343 3442 3415 3506 φ’.
3453 3437 3518 3490 Oi
3549 3436 3612 3489 δὲ
3644 3437 3748 3489 υἱοὶ

2174 3528 2388 3593 Ἰακὼϐ,
2429 3531 2518 3583 τὸν
2552 3529 2777 3599 ἀδελφὺν
2827 3528 3005 3584 αὐτῶν
3038 3527 3232 3600 Ἰωσὴφ
3262 3526 3438 3597 φθόνῳ
3475 3530 3747 3598 μισήσαν-

2160 3640 2272 3687 τες,
2314 3625 2427 3686 τοίς
2465 3622 2834 3692 Ἰσμαηλίταις
2882 3622 3163 3676 ἀπέδοντο.
3198 3620 3291 3674 καὶ
3318 3620 3474 3673 αὐτοὶ
3523 3623 3608 3685 εις
3650 3622 3745 3674 Δί·-

2161 3731 2366 3783 γυπτον
2396 3711 2472 3783 τῷ
2501 3714 2752 3785 Πετεφρῇ
2785 3712 3273 3785 τῷἀρχιμαγείρῳ
3304 3711 3525 3785 Φαραώ.

2233 3806 2344 3859 Καὶ
2385 3807 2443 3861 ἐν
2474 3806 2550 3878 τῷ
2582 3804 2758 3878 χρόνῳ
2788 3806 2961 3878 τούτῳ
3007 3804 3205 3869 Ἰούδας
3245 3806 3552 3874 ἀφικνεῖται
3604 3805 3745 3876 πρὸς

2173 3897 2316 3970 Ἰράν
2341 3916 2460 3952 τινα
2498 3898 2878 3970 Ὀδολλαμίτην
2897 3914 2912 3929 ο
2940 3898 3034 3952 καὶ
3063 3897 3396 3969 θεασάμενος
3419 3899 3539 3950 ἐκεῖ
3555 3897 3743 3950 Χανα-

2162 3991 2317 4045 ναίαν
2348 3982 2585 4060 γυναῖκα
2617 3991 2794 4045 Σάϐαν
2845 3991 3090 4061 ὀνόματι,
3126 3990 3329 4060 ταύτην
3376 3988 3514 4060 πρὸς
3560 3988 3747 4058 γάμον

2160 4083 2371 4151 ἄγεται,
2412 4083 2507 4136 καὶ
2559 4084 2704 4137 ποιεῖ
2748 4083 2941 4146 παῖδας
2990 4081 3050 4149 ἐξ
3098 4082 3264 4152 αὐτῆς
3304 4080 3740 4153 τέσσαρας,Ἥρ,

2158 4174 2357 4239 Αὐνὰν,
2414 4163 2632 4246 Σηλὼμ,
2684 4175 2879 4247 Φαρές.
2936 4177 3047 4231 Καὶ
3108 4176 3304 4240 Ἰούδας
3344 4174 3617 4246 λαμϐάνει
3667 4176 3744 4248 τῷ

2130 4270 2133 4273 ’
2159 4266 2488 4337 πρωτοτόκῳ
2530 4266 2691 4321 αὐτοῦ
2734 4266 2834 4338 υἱῷ
2872 4268 2951 4340 τῷ
2977 4270 3083 4342 Ἤρ
3116 4269 3345 4338 γυναῖκα
3376 4264 3606 4340 ὀνόματι
3636 4269 3744 4323 Θά-

2162 4374 2295 4431 μαρ,
2333 4359 2425 4413 καὶ
2470 4358 2559 4413 διὰ
2608 4359 2873 4431 πονηρίαν
2918 4360 3120 4434 πολλὴν
3166 4360 3273 4414 τῶν
3317 4361 3539 4433 τρόπων
3572 4360 3739 4415 αὐτοῦ

2160 4451 2327 4515 ἄπαις
2378 4450 2730 4525 ἀποθνήσκει,
2777 4450 2874 4505 τοῦ
2926 4452 3060 4506 Θεοῦ
3100 4451 3262 4507 αὐτὸν
3303 4451 3739 4516 θανατώσαντος.

482 4557 610 4598 cum
642 4542 880 4598 Thamar
909 4546 1316 4610 concumberet,
1342 4546 1571 4616 imponit
1605 4546 1674 4601 ad
1732 4546 1920 4605 fratris
1972 4551 2058 4605 sui

2167 4545 2274 4598 Καὶ
2301 4544 2587 4617 ἐπιτρέπει
2613 4545 2642 4596 6
2681 4544 2877 4609 Ἰούδας
2906 4545 2984 4617 τῷ
3015 4545 3247 4617 δευτέρῳ
3270 4545 3433 4600 αὐτοῦ
3461 4545 3616 4599 παιδί
3641 4548 3740 4599 Δῦο

484 4651 673 4692 semen
745 4638 1114 4693 excitandum.
1191 4637 1299 4694 Sed
1350 4637 1506 4694 Onan
1561 4654 1687 4693 cum
1755 4640 2054 4696 liberorum

484 4731 915 4799 procreationem
943 4730 1008 4785 ad
1040 4747 1099 4786 se
1123 4746 1230 4785 non
1256 4731 1527 4801 pertinere
1558 4731 1929 4803 cognovisset,
1965 4734 2057 4789 ubi

479 4835 607 4876 enim
638 4822 863 4879 muliere
895 4838 984 4878 res
1016 4832 1132 4878 erat
1158 4823 1427 4889 habenda,
1455 4839 1641 4879 semen
1666 4840 1831 4894 super
1857 4834 2056 4881 terram

479 4914 830 4982 effundebat;
862 4930 1032 4986 quare
1081 4915 1224 4972 Deus
1257 4916 1526 4972 alienatus
1557 4922 1611 4971 et
1652 4916 1893 4973 oﬁensus
1930 4933 2055 4973 eum

481 5006 643 5061 morti
669 5006 911 5061 tradidit.
939 5006 1004 5060 Et
1038 5005 1210 5063 Judas
1232 5006 1470 5062 Thamar
1500 5008 1556 5062 in
1599 5009 1840 5078 paternis
1880 5002 2055 5069 domi-

485 5101 605 5163 bus,
630 5110 689 5154 ut
723 5100 885 5156 vidua
915 5102 1148 5164 sederet,
1180 5102 1355 5158 donec
1384 5096 1564 5158 Selom
1604 5112 1876 5158 cresceret
1914 5117 2056 5172 prae-

481 5195 637 5263 cipit,
665 5209 824 5264 quem
861 5203 1103 5257 auctum,
1135 5202 1189 5251 et
1222 5195 1466 5250 adultum
1492 5237 1508 5262 ,
1572 5195 1767 5250 timore
1824 5195 2053 5257 ductus.

484 5294 647 5355 atque
667 5286 1101 5356 suspicione,ne
1138 5297 1191 5342 et
1245 5288 1292 5344 is
1339 5286 1616 5351 interiret,
1670 5288 1879 5343 nullum
1929 5305 2054 5344 cum

484 5378 722 5432 Thamar
752 5379 1065 5449 conjunxit;
1098 5395 1219 5450 qua:
1250 5395 1392 5450 aegre
1445 5378 1548 5434 hoc
1588 5380 1924 5450 molesteque
1970 5379 2053 5436 fe-

481 5482 634 5535 rens,
664 5471 768 5525 hac
790 5470 1004 5527 ratione
1026 5469 1179 5527 Juda:
1207 5472 1379 5527 vicem
1402 5471 1668 5541 rependit.
1696 5470 1908 5528 Etenim
1929 5486 2053 5526 cum

485 5562 637 5617 Illum
672 5563 739 5618 ad
768 5579 898 5621 oves
931 5564 1236 5620 tondendas
1268 5562 1568 5634 profectum
1616 5578 1739 5619 esse
1785 5562 1928 5619 fama
1962 5578 2053 5617 ac-

2152 4638 2256 4693 ⁴νὰν
2280 4637 2702 4708 συνευνασθῆναι
2725 4639 2790 4709 τῇ
2825 4637 3041 4709 Θάμαρ,
3072 4635 3211 4690 ὥστε
3233 4635 3534 4706 ἀναστῆσαι
3571 4638 3739 4710 σπέρ-

2163 4747 2238 4800 μα
2265 4728 2341 4800 τῷ
2372 4727 2588 4799 ἀδελφῷ
2621 4727 2806 4783 αὑτοῦ.
2843 4729 2955 4781 Καὶ
2987 4731 3016 4781 6
3057 4726 3237 4781 Αύνὰν
3274 4728 3454 4796 γνοὺς,
3507 4728 3591 4781 ὅτι
3637 4729 3735 4780 οὐκ

2157 4821 2307 4892 αύτῷ
2339 4820 2637 4892 καθῆκενή
2668 4820 2775 4873 τῶν
2818 4818 3023 4874 τέκνων
3062 4818 3257 4891 σπορὰ,
3302 4821 3360 4873 ἐν
3408 4818 3488 4890 τῷ
3522 4819 3735 4890 μέλλειν

2160 4916 2394 4968 συνεῖναι
2426 4917 2492 4986 τῇ
2526 4913 2746 4982 γυναικὶ
2773 4913 2985 4985 ἐξέχεεν
3018 4913 3111 4966 ἐπὶ
3138 4912 3238 4981 τῆς
3268 4911 3373 4983 γῆς
3420 4912 3591 4966 αὑτοῦ
3638 4915 3733 4983 τὴν

2161 5007 2353 5076 γονήνο
2402 5005 2496 5059 καὶ
2546 5005 2867 5076 νεμεσηθεὶς
2897 5005 2989 5059 ἐπὶ
3034 5005 3190 5058 τοῦτο
3229 4996 3333 5058 ὕπὸ
3367 5004 3529 5068 Θεοῦ,
3558 5022 3733 5076 ’ττοιριι⁵

2158 5098 2346 5169 χρῆμα
2379 5096 2666 5154 ἀπέθανεν.
2695 5097 2806 5151 Καὶ¹
2841 5100 2870 5150 ὁ
2912 5097 3112 5161 Ἰούδας
3153 5096 3359 5151 κελεύει
3401 5097 3504 5167 τὴν
3535 5096 3729 5169 Θάμαρ

2157 5192 2215 5243 ἐν
2246 5193 2354 5253 τοῖς
2382 5190 2652 5263 πατρῴοις
2683 5191 2849 5254 οἴκοις
2873 5191 3046 5262 χήραν
3087 5189 3433 5255 καθέζεσθαι,
3458 5190 3569 5254 ἕως
3614 5185 3676 5269 οὗ
3700 5194 3729 5243 6

2158 5281 2359 5354 Σηλὼμ
2410 5281 2650 5347 αὔξεται.
2687 5281 3074 5353 Ἀνδρωθέντος
3120 5277 3212 5336 οὖν
3261 5281 3426 5335 αὐτοῦ
3482 5282 3724 5354 ἐφοϐήθη

2160 5356 2391 5447 συνάῷαι
2420 5377 2582 5431 αὑτὸν
2612 5380 2676 5449 τῇ
2711 5377 2928 5449 Θάμαρ,
2965 5378 3309 5447 ὑποτοπήσας
3336 5377 3410 5449 μὴ
3450 5378 3546 5430 καὶ
3573 5372 3725 5440 οὗτκ

2156 5470 2456 5526 ἀπολεῖται.
2475 5471 2537 5523 Ἡ
2558 5470 2616 5524 δὲ
2649 5471 2740 5525 ἐπὶ
2766 5471 2940 5542 τούτῳ
2965 5470 3190 5542 ἀχθεῖσα
3220 5468 3511 5541 ὀδυνηρῶς,
3539 5469 3723 5541 τοιῷδε

2152 5564 2336 5635 τρόπῳ
2378 5562 2468 5616 τὸν
2511 5562 2710 5617 Ἰούδαν
2729 5562 3033 5634 ἀμείϐεται.
3070 5560 3419 5634 Ἀφιχθέντος
3440 5556 3536 5617 οὖν
3560 5562 3733 5621 αὐταὶ

593 5722 637 5755 ⁸⁸
668 5720 793 5789 Gen.
829 5739 1011 5783 xxxvi.
1089 5724 1292 5780 "Ibid.
1369 5726 1412 5759 ⁸⁸
1444 5725 1569 5781 Cen.
1602 5740 1785 5781 xxxvr.
1860 5727 1903 5759 ⁸⁸
1926 5724 2052 5783 Gen.
2088 5741 2293 5785 xxxvn.
2371 5726 2416 5761 ⁸ο
2442 5723 2567 5780 Gen.
2600 5740 2783 5783 nux.
