3840 6164
157 207 264 263 769

1077 201 1347 259 SPURIA.
1391 235 1462 245 —
1497 203 1853 260 COMMENT.
1895 205 1964 261 IN
2004 206 2496 267 HEXAEMERON.

3304 211 3431 295 77o.

147 321 249 372 ἐπὶ
275 319 373 393 τὴν
397 315 600 388 κουρὰν
620 314 727 368 τῶν
748 314 1055 386 προϐάτιον,
1083 315 1361 369 ἀκούσασα
1389 317 1525 388 αὐτὴ
1547 319 1708 389 ἀπαμη

1838 322 2094 390 cepisset,
2127 331 2331 378 vestem
2375 322 2657 393 lugubrem
2700 330 2849 379 exuit
2894 323 3254 395 amiciturque
3292 318 3415 378 ma?

150 415 411 484 φίσκεται
443 412 541 484 μὲν
567 411 664 482 τὴν
692 409 892 481 ἐσθῆτα
924 409 1024 479 τὴν
1062 408 1341 480 πενθικὴν,
1372 410 1728 481 ἀμφιέννυται

143 507 209 562 δὲ
239 506 527 577 πολυτελῆ,
558 505 653 559 καὶ
679 503 815 575 πρὸς
839 504 960 565 ταῖς
989 501 1186 564 πύλαις
1206 502 1303 572 τῆς
1328 502 1540 567 πόλεως
1566 504 1729 558 Αίνάν

145 596 465 660 ἐκαθέζετο,
499 596 566 666 ἢν
591 597 619 648 6
663 593 866 657 Ἰούδας
897 592 1103 646 ἐκεῖθεν
1135 592 1345 665 παριὼν
1375 593 1726 665 θεασάμενος,

142 689 228 754 ὡς
262 689 484 762 ἑταίρας
521 686 734 759 ἠράσθη
768 686 954 757 αὐτῆς·
985 683 1046 738 τὸ
1078 685 1185 757 γὰρ
1232 685 1519 757 πρόσωπον
1560 682 1729 759 αὐτῆς

144 782 292 853 πρὸς
322 782 385 835 τὸ
412 781 489 853 μὴ
520 779 920 851 ἐπιγνωσθῆναι
949 780 1275 851 ἐπεκάλυψε,
1310 781 1403 834 καὶ
1427 782 1730 853 ὑποσχόμε-

139 890 240 937 va;
280 875 416 945 αὐτῇ
445 872 628 944 ἔριφον
658 871 990 934 ἀποστεῖλαι,
1015 868 1166 940 ἠξίου
1194 871 1534 941 συμμιγῆναι
1565 873 1723 944 αὐτῇ.

157 964 232 1018 Ἥ
262 964 319 1018 δὲ
354 965 415 1017 οὐ
446 964 711 1036 πρότερον
742 957 906 1028 εἶξεν,
931 963 980 1015 εί
1017 962 1093 1034 μὴ
1121 962 1373 1035 ἐνέχυρον
1401 962 1495 1016 τὸν
1526 963 1725 1017 δακτύ-

140 1057 284 1120 λιον,
319 1057 416 1112 καὶ
454 1057 545 1111 τὸν
585 1056 867 1129 ὁρμίσκον,
900 1055 995 1109 καὶ
1026 1054 1122 1127 τὴν
1163 1051 1459 1129 βακτηρίαν
1485 1057 1722 1129 είληφεν.

151 1149 249 1213 Ὠς
286 1149 347 1203 δὲ
389 1148 655 1220 συνεμίγη
691 1148 850 1218 αὐτῇ,
903 1146 1063 1210 αὐτὸς
1121 1148 1219 1218 μὲν
1262 1149 1341 1212 είς
1390 1148 1460 1202 τὰ
1500 1148 1725 1221 ποίμνια

136 1241 313 1295 αὑτοῦ
363 1243 617 1310 ἀφίκετοο
667 1244 699 1313 ἡ
733 1242 789 1295 δὲ
824 1238 1307 1313 μεταμφιεσαμένη
1346 1241 1504 1295 πάλιν
1536 1241 1602 1295 τά
1626 1243 1724 1314 τῆς

136 1334 321 1404 χήρας
371 1333 660 1404 ἐνδύματα,
695 1330 995 1406 ἐκρύπτετο
1042 1326 1501 1397 λανθάνουσα.⁹Ως
1523 1333 1566 1387 δ’
1591 1335 1726 1387 ἀπο-

136 1425 367 1487 στείλας
411 1427 439 1478 ό
480 1424 676 1490 Ἰούδας
710 1422 799 1478 τὸν
832 1424 1018 1496 ἔριφον
1053 1424 1309 1496 ἐπεζήτει
1342 1425 1433 1478 τὸν
1464 1425 1724 1497 ὁρμίσκον

132 1517 239 1570 καὶ
289 1517 359 1570 τά
402 1517 548 1589 ἐξῆς,
576 1519 670 1571 καὶ
717 1518 815 1589 οὐχ
865 1510 1041 1590 εὗρεν,
1078 1518 1170 1572 ἐπὶ
1201 1516 1279 1589 τῷ
1325 1512 1722 1591 παραλογισμῷ

130 1606 415 1680 διεπρίετο
463 1607 666 1679 μέντοι,
715 1606 1000 1683 ἐκαρτέρει
1048 1610 1105 1664 δὲ
1158 1610 1408 1682 φωρᾶσαι
1455 1609 1719 1675 παντοίως

1833 413 2064 483 gniﬁce,
2107 423 2160 469 et
2207 413 2531 485 Splendide,
2572 414 2819 485 seditque
2866 415 2932 468 ad
2977 413 3121 471 fores
3171 417 3409 473 civitatis

1831 503 2012 559 IEnan
2041 505 2113 571 ⁹¹,
2146 520 2309 576 quam
2331 502 2500 562 Iudas
2529 505 2653 560 inde
2683 507 3001 576 praeteriens
3033 516 3405 577 conspectam,

1831 595 1911 649 uti
1942 598 2277 651 meretricem
2303 597 2552 667 deperiit,
2579 598 2784 651 vultum
2807 598 2971 665 enim,
3002 614 3071 654 ne
3105 615 3408 669 cognosce-

1829 692 2001 751 retur,
2033 688 2366 753 obduxerat,
2400 705 2567 759 seque
2608 691 2822 744 haedum
2867 692 3161 746 missurum
3193 692 3406 761 pollici-

1830 786 1937 843 tus,
1967 794 2084 834 eam
2121 786 2180 833 ut
2216 779 2321 835 sibi
2342 779 2766 850 conjungeretur
2787 783 3280 850 percunctabatur;
3314 782 3406 836 illa

1828 870 2086 936 abnuere,
2116 869 2220 924 nisi
2252 871 2507 932 annulus,
2547 870 2739 925 catella
2803 870 3140 941 baculusque
3196 873 3395 943 pignus

1827 962 1897 1017 ab
1926 978 1990 1017 eo
2012 964 2116 1018 sibi
2142 963 2401 1028 daretur;
2449 970 2509 1016 ut
2541 977 2655 1017 rem
2689 962 2901 1028 habuit,
2940 964 3056 1034 ipse
3083 965 3301 1034 quidem
3335 964 3405 1018 ad

1827 1068 2019 1124 greges
2049 1054 2216 1119 abiit;
2250 1055 2340 1108 illa
2373 1054 2569 1110 iterum
2600 1056 2774 1111 vidua:
2808 1056 3149 1111 vestimentis
3180 1058 3401 1123 amicta,

1826 1146 1880 1199 in
1903 1146 2118 1200 occulto
2141 1146 2342 1201 latebat
2375 1147 2579 1202 abdita.
2613 1147 2682 1201 At
2713 1147 2881 1204 Judas
2915 1156 2974 1203 ut
3001 1149 3172 1205 misso
3211 1150 3401 1212 hadu,
3490 1139 3501 1149 ’

1825 1238 2072 1293 catellam
2106 1239 2421 1309 reliquaque
2460 1239 2688 1309 pignora
2730 1256 3020 1311 reposcens
3043 1281 3057 1306 ,
3109 1257 3218 1297 non
3251 1244 3405 1298 inve-

1824 1332 1926 1394 nit,
1976 1332 2142 1389 variis
2199 1332 2619 1402 cogitationibus
2673 1333 3054 1399 afﬂictabatur,
3091 1336 3401 1391 sustinebat

1825 1435 2003 1479 tamen
2060 1424 2313 1489 omnino,
2364 1422 2765 1479 fraudationem
2821 1425 3224 1495 deprehendere
3280 1434 3400 1483 stu-

1824 1518 1981 1574 dens.
2036 1515 2223 1588 Itaque
2263 1534 2374 1572 non
2440 1524 2561 1588 post
2613 1519 2843 1573 multum
2901 1526 3115 1590 tempus
3165 1519 3405 1575 Thamar

1824 1609 2049 1680 gravida
2072 1610 2428 1683 comperitur,
2455 1608 2735 1681 Judasque
2768 1626 2886 1667 eam
2923 1611 3244 1665 fornicatam
3275 1628 3403 1667 con-

130 1699 239 1768 τὴν
266 1700 482 1771 ἀπάτην
513 1701 848 1772 βουλόμενος.
884 1702 1089 1774 Χρόνου
1118 1698 1209 1756 οὖν
1251 1700 1607 1774 παρελθόντος
1636 1702 1708 1772 ἔγ·

1825 1702 2037 1772 cepisse
2070 1717 2192 1756 cum
2226 1702 2491 1767 audisset,
2520 1703 2698 1772 jubet,
2733 1710 2792 1758 ut
2821 1705 3011 1760 vivens
3042 1704 3398 1776 conﬂagrala,

131 1807 271 1858 γυος
325 1794 359 1864 ἡ
409 1793 606 1865 Θάμαρ
653 1793 881 1864 γίνεται,
914 1794 1009 1848 καὶ
1044 1794 1280 1859 ἀκούσας
1317 1797 1344 1848 6
1387 1794 1605 1859 Ἰούδας,
1633 1795 1715 1848 ὅτι

128 1886 200 1937 ἐκ
232 1885 491 1956 πορνείας
519 1886 822 1958 συνείληφε,
852 1887 1174 1960 προστάττει
1207 1888 1385 1952 ζῶσαν
1411 1889 1578 1959 αὐτὴν
1618 1906 1716 1941 κα-

127 1977 525 2051 ταφλεχθῆναι.
543 1981 608 2034 Ἡ
633 1981 690 2034 δὲ
712 1981 953 2053 ἀγομένη
980 1980 1294 2035 ἀποστέλλει
1319 1980 1396 2052 τῷ
1428 1978 1595 2053 Ἰούδα
1621 1981 1714 2035 τὸν

126 2069 424 2142 ὁρμίσκον,
451 2072 546 2126 καὶ
591 2074 680 2127 τὸν
728 2073 1031 2137 δακτύλιον,
1068 2075 1163 2128 καὶ
1205 2073 1304 2146 τὴν
1358 2073 1572 2146 ῥάϐδον,
1608 2078 1713 2144 φά-

131 2177 377 2216 σκουσα·
424 2164 519 2218 Ἐκ
549 2164 641 2218 τοῦ
665 2165 974 2237 ἀνθρώπου,
1005 2161 1209 2231 οὗτινος
1240 2166 1416 2221 ταῦτά
1443 2167 1581 2230 ἐστι,
1605 2160 1714 2235 ἐγὼ

130 2253 455 2324 συνείληφα.
475 2253 762 2324 Ἐπίγνωθι
791 2253 881 2311 οὖν
911 2256 1054 2321 τίνος
1079 2259 1107 2311 6
1129 2255 1429 2321 δακτύλιος,
1459 2258 1553 2309 καὶ
1576 2255 1603 2307 6
1625 2256 1715 2327 ὁρ-

131 2336 355 2414 μίσκος,
391 2340 485 2400 καὶ⁴
522 2350 554 2419 ἡ
590 2334 879 2418 ράϐδος.’0
920 2349 976 2402 δὲ
1022 2349 1246 2413 Ἰούδας,
1275 2347 1595 2419 σχετλιάσας
1625 2340 1716 2399 ἐπὶ

1822 1793 2074 1848 incendio
2108 1793 2388 1859 concidat;
2421 1809 2541 1864 quae
2557 1810 2680 1850 cum
2704 1796 3017 1862 duceretur,
3042 1796 3210 1853 Judaa.
3232 1798 3404 1852 catel-

1819 1883 1950 1952 lam,
1979 1883 2230 1938 baculum
2259 1886 2627 1955 annulutnque
2652 1887 2896 1953 remittit,
2927 1888 3117 1943 dicens
3144 1908 3156 1943 :
3192 1888 3270 1943 Ex
3300 1890 3398 1943 bo-

1818 1975 1964 2029 mine
1995 1975 2153 2043 cujus
2186 1975 2299 2029 haec
2330 1985 2474 2039 sunt,
2500 1991 2598 2045 ego
2628 1979 2874 2046 concepi,
2905 1979 3195 2047 cujusnam
3233 1979 3399 2050 igitur

1817 2066 2073 2130 annulus,
2105 2068 2299 2122 catella
2326 2068 2660 2137 baculusque
2707 2079 2854 2132 sunt,
2886 2084 3074 2124 nosce.
3104 2070 3198 2125 His
3224 2069 3397 2126 Judas

1819 2159 2002 2213 animo
2030 2159 2279 2226 indoluit,
2321 2159 2661 2231 Numineque
2688 2161 2917 2226 afﬂatus,
2954 2169 3124 2218 semet
3156 2164 3223 2217 de
3251 2163 3399 2231 inju-

1820 2253 1969 2306 stitia
2000 2252 2330 2316 accusando,
2363 2251 2477 2306 haec
2508 2254 2684 2308 aiebat
2717 2271 2730 2307 :
2760 2252 2969 2307 Justior
2992 2262 3077 2309 est
3106 2270 3192 2309 me
3221 2270 3234 2305 :
3268 2271 3398 2325 pro-

1821 2354 2005 2414 pterea
2034 2343 2177 2413 quod
2203 2359 2309 2397 non
2334 2344 2454 2398 dedi
2478 2359 2596 2398 eam
2625 2343 2806 2399 Selom
2838 2346 2947 2399 lilio
2980 2361 3121 2400 meo.

126 2439 211 2511 τῷ
262 2444 571 2521 πράγματι,
607 2445 700 2497 καὶ
742 2443 928 2508 ἔνθους
975 2445 1284 2514 γενόμενος,
1331 2445 1491 2508 αὐτὸς
1524 2436 1713 2496 ἐαυτὸν
1746 2440 1839 2494 ἐπὶ
1885 2441 1951 2511 τῇ
1984 2438 2165 2510 ἀδικίᾳ
2200 2439 2602 2510 κατεμέμφετο,
2636 2440 2841 2507 λέγωνδ
2887 2439 3238 2495 Δεδικαίωται
3289 2438 3409 2493 αὖ-.

124 2550 220 2605 τη,
253 2534 287 2606 ἦ
321 2533 453 2603 ἐγὼ,
475 2528 535 2588 οὗ
561 2535 746 2590 ’ένεκεν
767 2537 867 2590 οὐκ
898 2535 1071 2590 ἔδωκα
1098 2538 1265 2608 αὐτὴν
1292 2536 1491 2607 Σηλὼμ
1509 2535 1586 2606 τῷ
1609 2534 1710 2604 υἱῷ
1752 2550 1873 2604 μου.

197 2628 354 2698 Αὕτη
380 2629 459 2696 δὲ,
489 2628 752 2702 γενομένη
787 2628 992 2696 ἐπίτεξ,
1026 2629 1282 2700 διδύμους
1313 2630 1370 2682 ἐν
1409 2627 1485 2698 τῷ
1507 2628 1709 2682 τίκτειν

127 2722 527 2794 προσήνεγκεν.
559 2712 670 2773 Κοιὶ
694 2723 722 2774 ό
749 2719 849 2791 μὲν
875 2720 1095 2792 μείζων,
1137 2720 1412 2773 τουτέστιν
1436 2721 1464 2772 ὁ
1494 2717 1710 2790 πρῶτος

125 2813 224 2884 τὴν
257 2815 419 2884 χεῖρα
448 2812 610 2867 αὑτοῦ
646 2810 990 2884 προεξέϐαλε,
1027 2814 1180 2883 καὶὴ
1221 2814 1351 2882 μαῖα
1390 2810 1546 2880 λῶμα
1584 2809 1711 2863 κόκ-

1883 2618 1989 2678 Sed
2016 2623 2252 2679 Thamar
2296 2624 2411 2695 jam
2441 2625 2772 2697 parturiens,
2799 2625 2937 2683 duos
2965 2630 3020 2683 in
3062 2636 3220 2699 partu
3254 2645 3388 2700 pro-

1812 2717 2041 2783 tulit",
2090 2734 2323 2788 quorum
2382 2719 2587 2790 major,
2647 2720 2856 2790 primUS
2915 2722 3124 2777 scilicbt
3167 2738 3392 2779 manum

1810 2811 2012 2876 emisit,
2045 2811 2416 2882 ob‘stetrixque
2445 2827 2564 2866 eam
2593 2810 2805 2866 fimbria
2835 2825 3107 2882 purpurea
3136 2814 3387 2885 illigavit,

126 2923 278 2960 κινον
329 2908 395 2976 τῇ
446 2906 590 2978 χειρὶ
639 2898 799 2959 αὐτοῦ
846 2905 1166 2977 προσέδησε,
1192 2905 1509 2974 φάσκουσα*
1543 2898 1708 2967 Οὗτος

1812 2901 2032 2959 dicens:
2051 2902 2151 2958 Hic
2171 2903 2381 2973 primus
2403 2904 2702 2974 egreditur,
2721 2904 3010 2974 subitoque
3035 2920 3171 2975 puer
3194 2920 3390 2963 manus

129 2984 469 3064 ἐξελεύσεται
508 2997 749 3069 πρῶτος·
788 2990 883 3051 καὶ
914 2996 1116 3061 εὐθέως
1140 2996 1200 3049 τὸ
1229 2997 1438 3050 παιδίον
1469 2995 1566 3068 τὴν
1598 2999 1708 3067 χεῖ-

130 3107 198 3161 ρα
226 3089 377 3143 ἔνδον
414 3092 705 3161 συνήγαγε,
735 3089 829 3144 καὶ
858 3089 1046 3161 ἐξῆλθε
1075 3089 1288 3159 πρῶτος
1312 3092 1341 3142 6
1369 3088 1591 3157 ἀδελφὸς
1611 3088 1709 3141 αὑ-

123 3180 217 3233 τοῦ
249 3182 346 3235 καὶ
370 3180 573 3252 ἐκλήθη
601 3180 662 3233 τὸ
687 3179 857 3251 ὄνομα
877 3176 1041 3233 αὑτοῦ
1070 3179 1245 3251 Φαρές
1262 3196 1275 3209 ·
1307 3179 1402 3233 καὶ
1426 3177 1561 3248 μετά
1580 3176 1707 3231 τοῦ-

124 3289 216 3325 τον
264 3273 487 3344 ἐξῆλθεν
536 3273 564 3324 6
611 3272 860 3341 ἀδελφὸς,
897 3271 981 3341 ἐφ’
1012 3264 1055 3340 ᾧ
1081 3266 1148 3342 ἦν
1175 3268 1235 3325 τὸ
1274 3269 1523 3324 κόκκινον
1552 3272 1609 3322 ἐν
1637 3268 1704 3340 τῇ

125 3365 292 3436 χειρὶ,
328 3366 421 3419 καὶ
471 3365 829 3436 ἐπωνομάσθη
875 3364 1042 3436 Ζαρά.
1076 3362 1291 3417 Τούτων
1335 3361 1629 3432 ἐτύγχανεν
1679 3360 1708 3416 6

136 3448 337 3526 Ἰωσὴφ
368 3456 633 3525 ἀπόγονος
675 3458 704 3511 6
755 3457 1009 3527 μνήστωρ
1039 3457 1135 3526 τῆς
1166 3454 1433 3528 ἀχράντου
1468 3448 1703 3526 Μαρίας,

125 3547 184 3614 ἐξ
206 3543 275 3619 ἧς
305 3549 332 3600 6
359 3549 590 3620 Χριστὸς
616 3547 676 3601 τὸ
704 3547 926 3619 σαρκίον
952 3546 1262 3618 ἀνείληφεν.

192 3638 389 3708 Φαρὲς
414 3640 544 3708 γὰρ,
571 3636 645 3701 ὡς
675 3640 703 3691 6
728 3636 1120 3709 εὐαγγελιστὴς
1161 3635 1437 3699 Ματθαῖος
1480 3630 1700 3707 ἱστορεῖ,

121 3720 416 3800 ἐγέννησε
456 3728 565 3783 τὸν
609 3727 1103 3799 Ἐσρὼμ,Ἐσρὼμ
1152 3726 1219 3781 δὲ
1260 3726 1549 3797 ἐγέννησε
1598 3727 1704 3781 τὸν

134 3813 519 3893 Ἀρὰμ,”Αρὰμ
551 3821 618 3875 δὲ
649 3820 941 3892 ἐγέννησε
990 3821 1099 3874 τὸν
1134 3818 1464 3889 Ἀμιναδάϐ,
1483 3821 1704 3888 Ἀμινα-

123 3912 235 3968 δὰϐ
259 3914 329 3967 δὲ
357 3913 650 3983 ἐγέννησε
674 3913 781 3967 τὸν
794 3911 1116 3976 Ναασσὼν,
1134 3911 1436 3965 Ναασσὼν
1450 3910 1517 3964 δὲ
1539 3910 1702 3980 ἐγέν-

121 4023 274 4075 νησε
294 4006 403 4059 τὸν
425 4003 694 4075 Σαλμὼν,
715 4003 971 4073 Σαλμὼν
997 4003 1065 4056 δὲ
1090 4002 1381 4072 ἐγέννησε
1408 4002 1514 4055 τὸν
1535 4001 1695 4066 Βοόζζ

124 4090 281 4160 Βοὸξ
296 4097 364 4150 δέ
382 4092 669 4165 ἐγέννησε
696 4093 985 4163 τὸνὈϐὴδ
1004 4094 1071 4147 ἐκ
1092 4094 1201 4163 τῆς
1233 4094 1423 4158 Ῥοὺθ,
1451 4092 1697 4161 Ὁϐὴδδὲ

120 4190 412 4261 ἐγέννησε
424 4176 529 4243 ἑὸν
543 4189 779 4253 Ἰεσσαὶ,
797 4188 1006 4241 Ἰεσσαὶ
1023 4187 1090 4239 δὲ
1100 4186 1388 4256 ἐγέννησε
1400 4182 1697 4239 τὸνΔαυῒδ

1811 2993 1960 3048 intus
2010 2995 2313 3059 contraxit,
2352 2997 2667 3067 primusque
2712 2995 2881 3050 frater
2921 2999 3042 3067 ejus
3077 2997 3280 3062 exivit,
3334 3007 3390 3053 et

1806 3094 2032 3142 vocatus
2061 3097 2146 3143 est
2178 3086 2420 3155 Phares;
2454 3097 2575 3160 post
2605 3105 2765 3159 quem
2797 3090 2936 3144 alius
2976 3106 3232 3161 egressus
3263 3099 3384 3156 est,

1806 3176 1894 3231 cui
1924 3193 2120 3234 manus
2143 3194 2380 3249 purpura
2398 3188 2514 3234 erat
2535 3181 2756 3251 illigata,
2783 3189 2836 3237 et
2856 3185 3275 3252 cognominatus
3298 3192 3384 3240 est

1808 3268 1964 3325 Zara.
1995 3270 2077 3326 Ab
2105 3273 2191 3327 his
2244 3272 2405 3326 habet
2445 3280 2620 3326 ortum
2645 3268 2845 3343 Joseph
2869 3270 3130 3343 ‘sponsus
3176 3276 3367 3329 imma-

1806 3366 1999 3421 culata:
2034 3363 2294 3437 Virginis,
2327 3380 2391 3420 ex
2421 3379 2528 3435 qua
2560 3363 2811 3421 Christus
2853 3381 3073 3421 carnem
3118 3367 3382 3437 suscepit.

1876 3628 2075 3686 Phares
2101 3631 2274 3693 enim,
2320 3636 2381 3683 ut
2417 3629 2750 3700 evangelista
2792 3628 2958 3685 refert
2991 3629 3276 3688 Matthaeus
3302 3633 3373 3696 ”,'

1800 3724 1974 3794 genuit
2001 3721 2209 3785 Esrom,
2236 3718 2422 3776 Esrom
2449 3731 2624 3774 autem
2653 3722 2830 3790 genuit
2861 3722 3049 3790 Aram,
3082 3722 3247 3778 Aram
3282 3742 3380 3779 au-

1803 3824 1902 3869 tem
1935 3817 2109 3884 genuit
2139 3812 2460 3875 Aminadab,
2498 3811 2795 3866 Aminadab
2830 3824 3005 3867 autem
3047 3817 3225 3884 genuit
3266 3814 3384 3872 Na-

1800 3921 1977 3969 asson,
2009 3898 2259 3958 Naassun
2284 3913 2457 3958 autem
2478 3906 2654 3973 genuit
2684 3902 2928 3968 Salmon,
2957 3903 3177 3960 Salmon
3201 3917 3377 3962 autem

1799 3997 1974 4065 genuit
2003 3995 2167 4059 Booz,
2197 3995 2338 4049 Booz
2361 4006 2533 4050 autem
2566 3997 2742 4067 genuit
2777 3996 2920 4052 06rd
2948 4015 3012 4053 ea:
3037 3999 3192 4064 Ruth,
3235 4000 3380 4055 Obed

1799 4098 1974 4142 autem
2017 4088 2193 4158 genuit
2238 4084 2579 4155 lesse,Jesse
2628 4096 2803 4141 autem
2851 4096 3028 4157 genuit
3075 4090 3253 4144 David
3293 4109 3379 4146 re-

1799 4193 1935 4247 gem,
1974 4175 2140 4230 David
2161 4188 2336 4230 autem
2378 4192 2468 4253 rex
2489 4178 2662 4246 genuit
2698 4176 3055 4243 Salomonem,
3087 4197 3151 4234 ea:
3175 4198 3237 4236 ea
3262 4198 3380 4252 qua:

121 4280 227 4333 τὸν
249 4278 545 4344 ,ϐασιλέαο
597 4276 777 4331 Δαυῒδ
799 4274 867 4329 δέ
888 4278 920 4330 d
941 4275 1242 4341 ,ϐασιλεὺς
1282 4273 1569 4344 ἐγέννησε
1595 4274 1702 4328 τὸν

1812 4269 1906 4335 Γαίι
1946 4266 2105 4329 Uriw,
2157 4266 2411 4323 Saiomon
2470 4278 2645 4322 autem
2699 4271 2877 4340 genuit
2935 4269 3204 4338 Roboam,
3270 4271 3379 4325 Ro-

120 4367 443 4441 Σολομῶνα
466 4371 535 4424 ἐκ
557 4368 665 4440 τῆς
680 4369 786 4423 τοῦ
817 4368 1053 4437 Οὐρίου,
1071 4367 1348 4437 Σολομὼν
1374 4365 1442 4419 δὲ
1456 4365 1697 4436 ἐγέννη-

121 4481 192 4519 σε
234 4463 348 4519 τὸν
391 4460 922 4532 Ῥοϐοὰμ,Ῥοϐοὰμ
950 4459 1018 4513 δὲ
1052 4459 1346 4530 ἐγέννησε
1373 4458 1479 4513 τὸν
1523 4459 1692 4523 Ἁϐιὰ,

132 4554 285 4611 Ἀϐιά
323 4555 393 4609 δὲ
439 4546 730 4625 ἐγέννησε
778 4554 881 4608 τὸν
929 4552 1241 4617 Ἀσὰ,Ἀσὰ
1294 4551 1361 4605 δὲ
1405 4553 1695 4623 ἐγέννησε

119 4648 224 4701 τὸν
252 4646 557 4716 Ἰωσαφάτ·
577 4642 861 4715 Ἰωσαφὰτ
897 4643 965 4697 δὲ
997 4640 1287 4713 ἐγέννησε
1329 4645 1437 4697 τὸν
1471 4644 1689 4712 Ἰωρὰμ,

133 4739 331 4809 Ἰωρὰμ
353 4738 420 4792 δὲ
448 4732 737 4809 ἐγέννησε
769 4737 874 4791 τὸν
903 4735 1105 4800 Ὀζιαν,
1122 4734 1300 4802 Ὀᾷας
1316 4735 1383 4790 δὲ
1405 4736 1693 4805 ἐγέννησε

122 4831 225 4883 τὸν
239 4828 497 4899 Ἰωάθαμ,
514 4828 753 4898 ἰωιὶθαμ
768 4832 833 4886 δέ
843 4827 1131 4899 ἐγέννησε
1142 4828 1249 4880 τὸν
1263 4827 1536 4890 Ἐζεκίαν,
1555 4828 1607 4878 Ἐ
1612 4825 1693 4887 ζεέ

125 4923 254 4989 χίας
298 4921 368 4975 δέ
408 4922 700 4992 ἐγέννησε
740 4923 849 4976 τὸν
902 4917 1227 4987 Μανασσῆ,
1253 4917 1590 4987 Μανασσῆς
1624 4917 1692 4971 δέ

124 5008 411 5083 ἐγέννησε
450 5017 554 5069 τὸν
588 5012 1071 5085 Ἀμμι¹ον,Ἀμμὼν
1121 5011 1190 5065 δὲ
1256 5011 1547 5081 ἐγέννησε
1586 5011 1693 5065 τὸν

138 5106 381 5170 Ἰωσίαν,
398 5106 622 5172 Ἰωσίας
668 5105 735 5159 δὲ
782 5103 1074 5175 ἐγέννησε
1118 5102 1224 5157 τὸν
1264 5103 1545 5173 Ἰεχονίαν
1591 5102 1689 5156 καὶ

126 5200 260 5266 τοὺς
293 5192 592 5268 ἀδελφοὺς
621 5198 804 5252 αὑτοῦ
834 5196 931 5250 ἐπὶ
959 5196 1069 5265 τῆς
1092 5195 1473 5265 μετοικεσίας
1510 5195 1693 5248 Βαϐυ-

124 5289 341 5358 λῶνος·
363 5293 513 5361 μετὰ
553 5290 751 5359 δὲτὴν
776 5290 1155 5358 μετοικεσίαν
1183 5275 1559 5354 Βαϐυλῶνος,
1600 5288 1691 5342 Ἰεε-

127 5384 329 5449 κονίας
398 5381 687 5450 ἐγέννησε
732 5381 838 5435 τὸν
884 5379 1223 5446 Σαλαθιὴλ,
1272 5378 1578 5447 Σαλαθιήλ
1622 5379 1691 5431 δὲ

126 5468 411 5545 ἐγέννησε
443 5474 550 5528 τὸν
572 5472 921 5543 Ζοροϐάϐελ,
952 5472 1283 5542 Ζοροϐάϐελ
1314 5470 1382 5525 δὲ
1399 5470 1688 5543 ἐγέννησε

192 5648 235 5685 ⁶¹
261 5645 386 5708 Cen.
414 5668 597 5708 xxxvi.
670 5651 718 5685 θ’
747 5649 873 5706 Gen.
911 5657 1143 5710 xXvan.
1219 5650 1264 5683 ³³
1288 5646 1480 5702 Matth.
1517 5662 1554 5703 t.

1798 4362 1947 4414 boam
1962 4368 2133 4414 autem
2167 4360 2341 4429 genuit
2370 4359 2577 4421 Abiam,
2598 4359 2760 4415 Abias
2782 4371 2957 4416 autem
2992 4365 3167 4432 genuit
3187 4364 3373 4428 Asnm,

1795 4454 1906 4508 Asa
1958 4462 2133 4507 autem
2169 4453 2343 4522 genuit
2373 4450 2668 4520 Josaphat,
2700 4450 2958 4521 Jusaphat
3003 4462 3176 4508 autem
3198 4457 3377 4526 genuit

1793 4544 2002 4608 Jorant,
2032 4542 2220 4597 Jo‘ram
2281 4553 2455 4597 autem
2503 4544 2680 4613 genuit
2720 4542 2911 4598 Oxiam
2937 4584 2952 4608 ,
3004 4544 3168 4599 Ozias
3200 4558 3375 4601 autem

1793 4638 1971 4707 genuit
1997 4635 2274 4699 Joatham,
2302 4634 2555 4688 Joatham
2609 4645 2785 4689 autem
2827 4636 3002 4706 genuit
3052 4636 3372 4701 Ezechiam,

1794 4729 2049 4785 Ezechias
2103 4738 2278 4782 autem
2307 4727 2484 4798 genuit
2514 4726 2839 4792 Manassem,
2872 4728 3152 4784 Manasses
3198 4741 3372 4784 autem

1793 4823 1970 4893 genuit
1995 4821 2239 4882 Ammon,
2266 4819 2486 4871 Ammon
2523 4828 2697 4872 autem
2720 4820 2898 4889 genuit
2924 4818 3154 4885 Josiam,
3186 4821 3370 4874 Josius

1793 4922 1968 4966 autem
1986 4910 2498 4982 genuitlechoniam,
2523 4919 2570 4963 et
2590 4909 2779 4978 fratres
2796 4910 2907 4978 ejus
2932 4912 2985 4964 in
3023 4912 3372 4980 transmigra-

1793 5005 1932 5058 tione
1959 5003 2273 5073 Babylonis,
2307 5012 2354 5056 et
2375 5011 2492 5072 post
2515 5003 3034 5071 transmigrationem
3058 5001 3366 5071 Babylonis.

1791 5093 2070 5147 Jecltonias
2092 5094 2267 5163 genuit
2286 5091 2566 5154 Satathiel,
2590 5090 2849 5145 Salathiel
2872 5101 3045 5145 autem
3066 5092 3241 5162 genuit
3264 5091 3340 5147 Zo
3355 5121 3371 5133 -

1791 5185 2022 5249 robabel,
2050 5182 2339 5238 Zorobabel
2361 5194 2534 5236 autem
2559 5184 2736 5253 genuit
2761 5182 2953 5245 Abiud,
2984 5183 3157 5236 Abiud
3187 5194 3364 5237 autem

1790 5280 1967 5350 genuit
1996 5277 2281 5342 Eliachim,
2320 5275 2581 5330 Eliachim
2615 5285 2789 5329 autem
2817 5276 2995 5345 genuit
3023 5278 3184 5339 Azor,
3228 5276 3368 5332 Διοι-

1791 5380 1966 5422 autem
1993 5369 2166 5438 genuit
2182 5368 2373 5433 Sadoc,
2399 5366 2574 5420 Sadoc
2586 5376 2757 5419 autem
2775 5366 2950 5436 genuit
2969 5365 3366 5433 Acltim,.4claint

1791 5471 1964 5517 autem
1986 5463 2159 5533 genuit
2185 5458 2536 5530 Eliud,Etiud
2555 5468 2729 5515 autem
2753 5458 2926 5530 genuit
2946 5456 3073 5513 Elea
3085 5458 3367 5528 zar,Eleo-
