3840 6164
438 293 542 375 1:11

1330 284 1393 341 s.
1433 273 1882 339 EUSTATHIUS
1921 270 2414 332 ANTIOCIIENUS
2446 256 2861 327 EPISCOPUS.‘

3601 265 3714 318 779.

441 432 540 473 sar
550 423 721 468 autem
733 407 907 482 genuit
925 401 1444 469 HatthanJIatthan
1461 411 1633 455 autem
1645 394 2012 470 genuitlacob,
2044 399 2063 455 Α

2154 392 2225 446 ὸν
2257 384 2738 452 Ἀσιοὺδ,Ἄ6ιοὺδ
2782 385 2852 439 δὲ
2892 382 3182 455 ἐγέννησε
3228 380 3336 435 τὸν
3377 382 3709 450 Ἐλιακείμ,

439 507 608 562 Iacob
631 514 805 558 autem
833 497 1220 573 genuitloseplt
1241 496 1409 549 virum
1428 492 1717 557 Marianas
1732 507 1836 561 qua
1859 497 2014 543 natus

439 608 521 656 est
543 596 721 659 Iesus,
742 595 833 666 qui
867 592 1063 646 dicitur
1086 588 1349 645 Christus.
1384 584 1577 641 Omnes
1601 585 1777 655 itaque
1800 597 2017 653 genera-

444 693 609 746 tiones
638 687 703 743 ab
730 684 999 740 Abraham
1028 697 1188 752 usque
1209 678 1277 734 ad
1308 677 1473 732 David
1501 676 1858 748 generationes
1881 690 2015 744 qua—

444 780 755 842 tuordecim,
774 789 821 832 et
847 794 880 830 a
899 774 1066 830 David
1088 789 1249 844 usque
1277 771 1348 827 ad
1363 769 1884 841 transmigratianem
1908 765 2017 821 Ba-

445 875 650 947 bylonis
676 870 1030 945 generationes
1061 865 1478 939 quatuordecim,
1507 872 1556 916 et
1601 879 1634 915 α
1669 861 2025 929 transmigra-

446 971 586 1023 tione
637 964 927 1036 Babylonis
980 977 1142 1033 usque
1198 959 1267 1013 ad
1324 956 1629 1021 Christum,
1661 953 2021 1025 generationes

443 1059 859 1131 quatuordecim.

2135 481 2432 549 Ἐλιακείμ
2466 478 2535 533 δὲ
2575 477 2866 550 ἐγέννησε
2902 476 3007 530 τὸν
3045 473 3407 544 Ἆζῖορ,Ἆζὶὒρ
3431 474 3505 528 δὲ
3537 474 3713 544 ἐγέν-

2122 591 2276 646 νησε
2306 573 2414 628 τὸν
2436 571 2664 638 Σαδὼκ,
2694 569 2901 626 Σαδὼκ
2929 566 2998 622 δὲ
3028 566 3323 637 ἐγέννησε
3346 567 3454 621 τὸν
3486 565 3711 635 Ἀχείμ,

2134 669 2325 740 Ἀχείμ
2360 666 2430 721 δὲ
2454 665 2746 736 ἐγέννησε
2773 662 2880 717 τὸν
2914 660 3163 725 Ἐλιοὺδ,
3182 659 3410 715 Ἐλιοὺδ
3441 658 3515 713 δὲ
3539 657 3714 727 ἐγέν-

2126 778 2280 832 νησε
2300 760 2410 815 τὸν
2435 755 2724 825 Ἐλεάζαρ,
2742 752 3013 823 Ἐλεάζαρ
3031 753 3101 807 δὲ
3121 752 3411 823 ἐγέτθησε
3424 752 3538 807 τὸν
3559 755 3720 807 Ματ-

2128 856 2261 918 οὰν,
2286 851 2532 907 Mawth
2567 849 2636 903 δὲ
2680 846 2971 918 ἐγέννησε
3013 844 3120 900 τὸν
3160 843 3601 907 Ἱακὼό,Ἰακὼ6
3638 844 3713 897 δέ

2128 946 2418 1019 ἐγέννησε
2436 943 2543 998 τὸν
2554 940 2767 1011 Ἰωσὴφ
2786 938 2894 994 τὸν
2906 938 3095 1009 ἄνδρα
3106 938 3354 1008 Μαρίας,
3364 936 3436 1003 ἐξ
3451 932 3531 1009 ἧς
3542 937 3717 1007 ἐκτεν-

2105 1039 2260 1108 νήθη
2286 1035 2518 1107 Ἰησοῦς
2539 1037 2572 1088 ό
2603 1035 2926 1103 λεγόμενος
2957 1030 3229 1100 Χριστός.
3271 1027 3468 1084 Πᾶσαι
3497 1029 3621 1083 νῦν
3643 1029 3711 1080 αι

445 1118 641 1224 γενεαί
667 1150 788 1207 ἀπὸ
827 1147 1072 1217 Ἀϐραὰμ
1098 1146 1210 1212 ἕως
1235 1140 1416 1198 Δαυῒδ
1446 1137 1643 1211 γενεαί
1671 1136 2134 1202 δεκατέσσαρες,
2168 1129 2268 1185 καὶ
2294 1128 2414 1183 ἀπὸ
2444 1126 2625 1182 Δαυῒδ
2668 1124 2779 1191 ἕως
2815 1120 2923 1191 τῆς
2955 1122 3333 1193 μετοικεσίας
3349 1118 3717 1185 Βαϐυλῶνος

445 1214 643 1319 γενεαὶ
681 1214 1144 1311 δεκατέσσαρες,
1181 1238 1281 1291 καὶ
1312 1234 1431 1292 ἀπὸ
1481 1232 1589 1303 τῆς
1625 1230 2003 1302 μετοικεσίας
2032 1220 2399 1289 Βαϐυλῶνος
2433 1219 2544 1286 ἓως
2578 1216 2684 1272 τοῦ
2722 1215 2979 1286 Χριστοῦ
3020 1214 3216 1287 γενεαὶ
3243 1214 3711 1284 δεκατέσσαρες,

519 1338 909 1412 lnquirenduin
950 1341 1133 1390 autem
1166 1330 1327 1387 nobis
1370 1337 1486 1394 est,
1531 1339 1770 1398 quanam
1814 1322 2027 1377 ratione

453 1411 743 1490 Mattbmus
758 1438 815 1486 et
830 1427 1079 1483 Lucasin
1109 1421 1422 1497 genealogia
1439 1418 1638 1489 Ioseph
1656 1415 1918 1471 tradenda
1938 1411 2025 1467 di-

450 1531 733 1595 screpant;
749 1519 839 1575 hic
860 1519 1080 1591 quidem
1094 1517 1262 1571 ﬁlium
1278 1514 1428 1569 illum
1440 1511 1634 1574 Iacob,
1658 1508 1751 1564 ﬁlii
1782 1505 2026 1561 Matthan

451 1619 782 1692 perhibens,
814 1611 994 1668 Lucas
1023 1624 1153 1666 vero
1182 1608 1350 1663 ﬁlium
1378 1605 1496 1662 lleli
1516 1643 1533 1670 ,
1584 1602 1677 1657 ﬁlii
1712 1599 1907 1657 Melchi
1928 1639 1944 1664 ,
1975 1607 2029 1655 et

451 1710 729 1785 quomodo
759 1705 951 1762 Melchi
972 1744 988 1769 ,
1020 1710 1076 1760 et
1098 1700 1342 1757 Matthan
1364 1739 1380 1764 ,
1412 1713 1539 1753 cum
1565 1696 1679 1753 sint
1702 1693 1904 1752 diversi
1936 1707 2030 1765 ge-

453 1805 627 1869 neris,
653 1804 738 1858 avi
767 1799 990 1871 Iosephi
1013 1795 1447 1866 comperiuntur.

520 1898 601 1952 Ita
621 1893 893 1952 dubitatio
916 1891 1033 1946 haec
1063 1888 1321 1944 tollenda.
1355 1886 1574 1941 Primus
1606 1882 1752 1940 enim
1788 1879 2033 1935 Matthan

456 2008 487 2047 a
511 1989 803 2046 Salomone
820 1984 1109 2045 oriundus,
1136 1979 1339 2035 [Ethan
1369 1977 1559 2032 habuit
1586 1976 1643 2030 in
1664 1971 2031 2033 matrimonio,

455 2100 523 2140 ex
562 2083 665 2137 bac
695 2079 937 2152 gignitur
973 2072 1168 2134 Iacob,
1200 2080 1255 2126 et
1291 2068 1549 2132 moritur,
1596 2078 1827 2135 eamque
1881 2060 2036 2116 ducit

456 2170 653 2228 Melcbi
690 2150 772 2226 ex,
790 2183 991 2240 genere
1020 2162 1265 2218 Matthan
1291 2200 1307 2224 ,
1342 2158 1683 2229 suscipitque
1704 2170 1773 2211 ex
1802 2168 1865 2209 ea
1890 2150 2032 2207 lleli.

455 2263 645 2336 Itaque
692 2261 933 2317 Matthan
993 2265 1048 2313 et
1099 2253 1319 2318 Mclchi,
1381 2250 1572 2308 eadem
1620 2262 1793 2304 uxore
1834 2246 2034 2309 ducta,

457 2358 599 2412 duos
628 2369 695 2411 ex
746 2351 937 2407 eadem
969 2356 1178 2411 matre,
1238 2344 1438 2399 fratres
1491 2340 1631 2395 ﬁlios
1686 2338 2035 2402 habuerunt,

458 2463 632 2521 quare
665 2444 870 2515 duplici
901 2457 1099 2515 genere
1124 2437 1318 2503 Iacob,
1362 2443 1418 2492 et
1449 2431 1569 2490 Heli
1598 2429 1863 2488 oriundos
1887 2442 2039 2521 eom-

460 2519 725 2613 perimus.
777 2535 895 2593 Heli
924 2547 1091 2606 porro
1118 2545 1290 2587 uxore
1315 2528 1513 2590 ducta,
1561 2524 1683 2581 sine
1710 2521 1837 2576 ﬁliis
1867 2519 2036 2582 obiit,

460 2648 517 2692 et
545 2635 718 2691 frater
749 2632 871 2704 ejus
896 2624 1066 2685 Iacob
1092 2640 1212 2682 eam
1253 2622 1357 2680 sibi
1387 2618 1706 2690 conjunxit,
1754 2623 1816 2669 ut
1842 2628 2041 2670 secun-

460 2725 593 2782 dum
624 2726 797 2795 legent
827 2721 968 2777 ﬁlios
999 2718 1154 2773 fratri
1176 2715 1465 2778 excitaret,
1492 2710 1850 2779 nasciturque
1882 2721 1948 2762 ex
1978 2718 2042 2759 ea

464 2817 756 2889 Iosephus.
787 2815 866 2870 Ita
895 2822 957 2868 ut
981 2818 1180 2867 natura
1220 2806 1442 2880 quidem
1483 2802 1755 2874 Iosephus
1792 2797 1936 2854 ﬁlius
1972 2796 2044 2853 sit

463 2907 677 2973 Jacobi,
701 2906 821 2978 lege
850 2903 991 2960 lleli.

540 3161 714 3235 Digna
735 3168 883 3217 certe
908 3167 995 3218 est
1025 3175 1147 3232 quin
1180 3163 1536 3231 percurratur
1574 3155 1807 3212 historia
1830 3195 1845 3221 ,
1877 3169 2042 3225 quam

467 3254 706 3313 Iacobus
739 3254 961 3327 quidam
1002 3258 1255 3309 recenset
1295 3251 1363 3307 de
1411 3250 1571 3306 beata
1601 3246 1858 3320 Virgine,
1892 3247 2046 3303 hisce

469 3350 656 3408 verbis
682 3363 982 3416 enarrans;
1043 3347 1120 3402 ait
1145 3358 1383 3417 namque
1440 3343 1499 3399 in
1542 3343 1800 3398 tribubus
1842 3340 2044 3406 Israel,

469 3442 650 3499 virum
678 3439 848 3515 fuisse
886 3438 1207 3510 opulentum
1231 3435 1449 3491 nomine
1478 3432 1727 3490 Ioachim
1748 3471 1764 3497 ,
1796 3431 1892 3502 qui
1935 3429 2052 3487 die-

472 3532 580 3589 bus
610 3531 766 3588 festis
793 3544 1020 3586 munera
1053 3528 1163 3584 Deo
1186 3527 1353 3599 duplo
1377 3524 1587 3595 majora
1615 3522 1740 3579 aliis
1762 3521 2049 3585 oll‘erebat,

473 3631 537 3681 ut
568 3624 649 3681 sic
683 3623 883 3695 populo
911 3620 1097 3685 omni,
1134 3619 1348 3690 sibique
1396 3616 1646 3672 divinum
1687 3613 1900 3669 Numen
1933 3612 2053 3684 pla-

476 3713 654 3771 cando
706 3713 1001 3785 propitium
1060 3711 1332 3767 redderet.
1374 3707 1494 3763 Iam
1550 3704 1913 3763 celeberrimo
1963 3702 2054 3758 die

478 3804 621 3860 festo
655 3802 1150 3875 appropinquante,
1185 3798 1571 3869 omnibusque,
1604 3805 1665 3852 ut
1691 3794 1863 3851 moris
1896 3802 2015 3848 erat
2035 3831 2051 3857 ,

480 3910 769 3951 munerum
800 3891 1205 3964 magniﬁcentia
1234 3889 1599 3956 donantibus,
1630 3887 1846 3960 primus
1878 3885 1966 3940 hic
1995 3891 2054 3939 ut

480 3989 693 4061 primus
725 3983 989 4049 deferret,
1018 3972 1280 4038 accurrit.
1331 3979 1437 4036 Sed
1463 3979 1643 4036 Bubin
1678 3979 1902 4050 quidam
1929 3991 2055 4031 eum

483 4086 789 4137 remoratus
817 4086 922 4138 est.
945 4092 1054 4132 non
1079 4076 1242 4130 licere
1275 4073 1379 4144 ipsi
1418 4073 1654 4145 primum
1692 4070 1889 4127 ollerre
1914 4068 2057 4124 aﬂir-

2203 1313 2475 1387 Ζητητέον
2521 1312 2579 1366 δὲ
2629 1312 2765 1382 ἡμῖν
2820 1308 2961 1363 κατὰ
3008 1311 3159 1363 ποῖον
3191 1307 3344 1377 λόγον
3368 1310 3397 1361 6
3427 1307 3719 1372 Ματθαῖος

2132 1407 2228 1462 καὶ
2252 1409 2281 1461 6
2313 1405 2530 1470 Λουκᾶς
2557 1405 2616 1457 ὲν
2644 1405 2710 1475 τῇ
2742 1401 3063 1474 γενεαλογίᾳ
3106 1400 3431 1471 διαφωνοῦσι
3460 1400 3557 1455 τοῦ
3602 1402 3719 1454 Ἰω-

2135 1503 2278 1574 σήφ·
2305 1502 2334 1556 6
2382 1501 2480 1572 μὲν
2528 1498 2643 1555 υἱὸν
2680 1495 2874 1552 Ἰακὼϐ
2913 1495 3144 1569 γράφων
3177 1494 3336 1549 αὐτὸν
3377 1494 3498 1548 υίοῦ
3557 1494 3722 1548 Ματ-

2134 1593 2255 1658 θὰν,
2287 1594 2317 1646 6
2356 1592 2415 1647 δὲ
2447 1592 2659 1656 Λουκᾶς
2701 1588 2815 1643 υἱὸν
2853 1587 3003 1643 Ἡλεί¹
3043 1586 3139 1641 τοῦ
3183 1585 3413 1657 Μελχεί·
3454 1586 3553 1640 καὶ
3597 1585 3721 1648 πῶς

2132 1678 2299 1751 οὗτοι,
2325 1684 2593 1755 διαφόρων
2632 1681 2806 1751 γενῶν
2846 1674 3207 1751 ὖπάρχοντες,
3236 1678 3265 1730 ὃ
3289 1694 3348 1731 τε
3383 1675 3594 1747 Μελχεὶ
3623 1678 3722 1730 καὶ

2131 1780 2161 1832 ὁ
2191 1774 2439 1839 Ματοὰν,
2470 1775 2685 1829 πάπποι
2715 1772 2809 1827 τοῦ
2855 1773 3051 1842 Ἰωσὴφ
3077 1764 3484 1840 ἀναφαίνονται.

2207 1869 2394 1922 Ἔστιν
2425 1864 2518 1921 οὖν
2547 1865 2706 1920 τοῦτο
2728 1865 3171 1937 σαφηνιζόμενον.
3196 1860 3419 1933 Πρῶτος
3432 1861 3549 1931 γὰρ
3570 1861 3723 1916 Ματ-

2135 1960 2256 2018 Θὰν.
2290 1960 2320 2012 6
2357 1960 2422 2014 ὲκ
2447 1959 2638 2029 γένους
2665 1956 3028 2028 Σολομῶντος,
3060 1954 3252 2024 ἄγεται
3278 1955 3515 2022 γυναῖκα
3545 1954 3722 2006 Albin:

2118 2052 2381 2125 ρνὀματι,
2423 2052 2517 2105 καὶ
2556 2052 2621 2104 ὲκ
2644 2049 2849 2120 ταύτης
2883 2049 3049 2118 γεννᾷ
3070 2047 3161 2100 τὸν
3182 2044 3415 2107 find-:6,
3452 2046 3552 2099 καὶ
3580 2047 3719 2099 ἀπο-

2137 2144 2378 2216 θνήσκει.
2402 2143 2511 2199 Καὶ
2536 2145 2720 2212 ἄγεται
2747 2141 2915 2214 αὐτὴν
2943 2140 2972 2192 6
2992 2140 3192 2211 Μελχεὶ
3210 2140 3240 2192 ὁ
3269 2141 3334 2192 ὲκ
3353 2138 3544 2207 γένους
3567 2141 3723 2193 Ματ-

2137 2236 2258 2303 θὰν,
2289 2237 2500 2290 ἐκποιεῖ
2545 2234 2603 2301 ἐξ
2658 2234 2826 2305 αὐτῆς
2875 2233 2968 2287 τὸν
3008 2226 3181 2287 Ἦλεί.
3217 2233 3326 2287 Καὶ
3374 2232 3438 2303 δὴ
3485 2227 3583 2286 οὖν
3609 2232 3640 2285 ὃ
3664 2249 3721 2284 τε

2137 2326 2363 2384 Ματθὰν
2394 2327 2489 2381 καὶ
2511 2327 2540 2379 6
2570 2325 2794 2397 Μελχεὶ,
2819 2326 2921 2396 τὴν
2953 2324 3122 2395 αὐτὴν
3162 2323 3499 2394 ἀγαγόμενοι
3530 2326 3722 2392 γυναῖ-

2138 2437 2231 2483 κα,
2263 2418 2356 2472 δύο
2395 2417 2765 2490 ὁμομητρίους
2797 2416 3282 2487 ἐπαιδοποιήσαπο
3327 2413 3617 2484 ἀδελφοὺς,
3643 2414 3724 2468 διὸ

2139 2514 2234 2568 καὶ
2278 2516 2343 2568 ἐκ
2382 2510 2655 2584 διαφόρων
2683 2507 2776 2563 δύο
2800 2508 2973 2579 γενῶν
3021 2507 3350 2579 εὑρίσκομεν
3394 2506 3489 2560 τὸν
3523 2505 3724 2560 Ἰακὼϐ

2140 2607 2237 2663 καὶ
2261 2605 2353 2661 τὸν
2385 2602 2718 2659 Ἠλεί.Ἠλεὶ
2743 2602 2819 2668 δὲ,
2835 2600 3014 2656 λαϐὼν
3032 2603 3289 2670 γυναῖκα,
3318 2600 3489 2664 ἄπαις
3519 2598 3725 2653 ἐτελεύ-

2138 2715 2295 2772 τησε,
2334 2697 2427 2752 καὶ
2450 2697 2480 2749 6
2517 2694 2743 2766 ἀδελφὸς
2770 2693 2932 2748 αὑτοῦ
2963 2692 3156 2748 Ἰακὼϐ
3183 2691 3341 2746 ἔλαϐε
3362 2692 3462 2762 τὴν
3487 2693 3729 2759 γυναῖκα

2142 2789 2329 2855 αὐτοῦ,
2353 2790 2499 2852 ὅπως
2519 2787 2660 2843 κατὰ
2680 2786 2772 2841 τὸν
2793 2786 2955 2857 νόμον
2978 2781 3162 2857 ἐγείρῃ
3191 2783 3355 2837 τέκνα
3380 2780 3459 2853 τῷ
3483 2780 3719 2851 ἀδελφῷ,

2142 2883 2240 2939 καὶ
2265 2883 2431 2953 γεννᾷ
2462 2882 2521 2949 ἐξ
2559 2879 2731 2950 αὐτῆς
2762 2881 2853 2933 τὸν
2893 2878 3281 2949 Ἰωσήφ.’ὀστε
3316 2871 3411 2929 οὖν
3442 2873 3594 2929 κατὰ
3626 2872 3726 2944 φύ-

2147 2992 2232 3031 σιν
2263 2971 2362 3047 μὲν
2395 2969 2464 3047 ἦν
2489 2973 2604 3038 υίὸς
2633 2973 2729 3026 τοῦ
2775 2965 2968 3026 Ἰακὼϐ
2998 2973 3028 3025 6
3063 2970 3281 3042 Ἰωσὴφ,
3313 2968 3457 3023 κατὰ
3486 2965 3727 3039 νόμονᾶ

2067 3099 2113 3158 C
2145 3067 2239 3123 τοῦ
2285 3066 2451 3121 Ἠλεί.

2219 3158 2401 3225 Ἄξιον
2444 3157 2502 3211 δὲ
2558 3157 2653 3212 καὶ
2700 3156 2797 3230 τὴν
2834 3152 3095 3229 ἱστορίαν,
3128 3155 3196 3226 ἢν
3214 3150 3438 3220 διέξεισι
3471 3153 3608 3225 περὶ
3635 3153 3728 3222 τῆς

2147 3250 2309 3320 ἁγίας
2354 3247 2570 3324 Μαρίας
2610 3243 2866 3311 ’ῐάκωὸὄς
2911 3264 3017 3311 τις,
3052 3244 3318 3301 ἐπελθεῖν.
3347 3244 3555 3298 Φάσκει
3602 3246 3727 3314 γὰρ,

2148 3342 2207 3396 ὲν
2229 3344 2349 3406 ταῖς
2380 3341 2576 3413 φυλαῖς
2602 3340 2697 3394 τοῦ
2736 3338 2953 3412 Ἰσραὴλ
2990 3337 3156 3410 ἄνδρα
3185 3335 3439 3390 πλούσιον
3495 3336 3729 3405 γεγενῆ-

2151 3434 2276 3490 σθαι
2301 3434 2523 3506 ὀνόματι
2559 3433 2833 3502 ’Ῑιωακεὶμ,
2859 3430 2920 3495 ὃς
2951 3430 3071 3485 καθ’
3096 3428 3288 3502 ἑορτὴν
3313 3426 3602 3482 διπλάσιον
3629 3426 3732 3480 τῶν

2150 3528 2324 3585 ἄλλων
2357 3528 2506 3600 δῶρα
2542 3526 2619 3598 τῷ
2659 3525 2778 3597 Θεῷ
2804 3524 3220 3597 προσεκόμιςεν,
3247 3521 3392 3576 οὕτω
3418 3521 3632 3591 λέγων’
3664 3519 3733 3572 Τῦ

2152 3623 2251 3693 τῆς
2280 3621 2595 3694 περιουσίας
2625 3619 2684 3673 ὲν
2711 3620 2875 3674 παντὶ
2889 3618 2968 3690 τῷ
2994 3616 3128 3689 λαῷ,
3150 3618 3244 3671 καὶ
3263 3616 3325 3670 τὸ
3351 3615 3454 3686 τῆς
3484 3615 3734 3685 ἀφέσεως

2155 3717 2234 3779 είς
2264 3712 2493 3785 ἱλασμὸν
2525 3712 2648 3784 ἐμοὶ
2693 3710 2884 3785 Κυρίῳ
2918 3709 2996 3781 τῷ
3025 3708 3162 3780 Θεῷ.
3180 3706 3481 3777 Ἐνστάσης
3507 3701 3607 3760 οὖν
3641 3704 3737 3772 τῆς

2159 3807 2420 3879 μεγίστης
2466 3804 2560 3858 τοῦ
2611 3804 2817 3876 Κυρίου
2855 3802 3067 3875 ἑορτῆς,
3099 3802 3193 3856 καὶ
3225 3801 3444 3856 πάντων
3490 3799 3639 3854 κατὰ
3680 3796 3737 3851 τδ

2155 3892 2346 3962 εἰωθὸς
2358 3896 2425 3951 τὰ
2445 3896 2592 3970 δῶρα
2606 3896 2685 3967 τῷ
2699 3895 2818 3968 Θεῷ
2836 3894 3327 3967 προσκομιζόντων,
3347 3892 3737 3964 προσενεγκεῐν

2158 3996 2372 4067 πρῶτος
2403 3994 2564 4058 αὐτὸς
2596 3992 2873 4066 ὥρμησεν.
2909 3992 3018 4046 Καὶ
3054 3989 3265 4044 Ῥουείν
3302 4006 3387 4052 τις
3406 3985 3735 4041 διεκώλυσεν

2159 4080 2324 4139 αὐτον
2374 4085 2655 4156 προσοῖσαι
2703 4082 2938 4155 πρῶτον,
2966 4080 3160 4149 λέγων,
3194 4078 3269 4150 μὴ
3314 4077 3517 4142 ἐξεῖναι
3568 4074 3733 4143 αὐτῷ.

484 4189 662 4235 mans,
693 4172 786 4244 qui
821 4172 875 4226 in
899 4170 1067 4227 Israel
1100 4169 1282 4225 adhuc
1310 4169 1430 4225 sine
1451 4166 1606 4239 prole
1637 4165 1887 4238 degebat.
1919 4162 2060 4219 Hinc

2160 4176 2349 4231 καθότι
2377 4175 2597 4239 ἄτεκνος
2626 4178 2683 4229 ὲν
2711 4175 2790 4245 τῷ
2829 4171 3044 4244 Ἰσραὴλ
3071 4170 3398 4241 καθέστηκε.
3429 4167 3543 4222 Καὶ
3571 4168 3738 4238 λυπη-

485 4280 724 4321 mmrore
751 4264 1006 4326 obrutus,
1040 4261 1257 4319 deserta
1285 4260 1426 4332 petit
1445 4299 1461 4323 ,
1494 4257 1681 4329 ibique
1706 4256 2062 4312 tabernaculo

2161 4268 2274 4332 θεὶς
2306 4267 2400 4321 ἐπὶ
2436 4266 2613 4331 τοῦτο,
2641 4268 2722 4331 είς
2749 4264 2846 4335 τὴν
2871 4265 3073 4337 ἔρημον
3103 4261 3347 4332 ἀφίκετο,
3381 4261 3546 4315 κάκεῖ
3563 4261 3739 4331 πήξας

484 4364 770 4415 exstructo
795 4354 1135 4427 supplicibus
1154 4354 1297 4409 votis
1327 4353 1496 4408 Deum
1529 4350 1743 4414 orabat,
1768 4356 1826 4403 ut
1847 4357 1901 4404 et
1932 4346 2059 4410 sibi,

2164 4362 2367 4434 σκηνὴν
2403 4359 2611 4414 ἱκέτευε
2635 4358 2726 4412 τὸν
2754 4358 2886 4412 Θεὸν
2910 4358 3207 4429 παρασχεῖν
3239 4354 3334 4408 καὶ
3357 4351 3530 4424 αὐτῷ,
3553 4351 3739 4422 ὥσπερ

484 4448 947 4523 quemadmodum
967 4445 1221 4508 Abrahae,
1251 4445 1507 4516 legitima:
1534 4443 1704 4515 prolis
1736 4441 2063 4497 concederet

2161 4453 2239 4525 τῷ
2267 4451 2517 4527 Ἀϐραὰμ
2546 4449 2765 4520 γνησίου
2793 4448 2982 4511 παιδὸς
3004 4446 3239 4518 σποράν·
3271 4444 3430 4515 μόνον
3450 4443 3565 4514 γὰρ
3586 4441 3741 4513 ὲγνώ-

489 4542 917 4607 fecunditatem;
970 4537 1149 4595 solum
1202 4537 1350 4591 enim
1401 4535 1506 4590 hoc
1545 4550 1605 4590 se
1631 4534 1778 4589 dono
1807 4533 1862 4587 in
1899 4532 2062 4587 Israel

2163 4562 2248 4600 κει
2297 4543 2489 4598 ἑαυτὸν
2540 4542 2802 4614 ὑπάρχειν
2839 4541 2898 4594 ἐν
2942 4536 3020 4608 τῷ
3059 4536 3292 4608 Ἰσραήλ·
3326 4534 3488 4606 ἄχρις
3517 4533 3739 4607 ἡμερῶν

489 4648 683 4690 carere
708 4629 1110 4704 cognoscebat,
1160 4636 1217 4683 et
1250 4626 1333 4683 sic
1366 4627 1422 4682 in
1457 4625 1821 4698 quadraginta
1850 4625 2062 4680 dierum

2163 4636 2440 4709 νηστεύων
2493 4635 2899 4705 τεσσαράκοντα
2946 4630 3155 4685 ἱκέτευε
3203 4628 3294 4683 τὸν
3339 4627 3493 4682 Θεόν.
3512 4626 3740 4698 Ὁμοίως

487 4725 701 4797 jejunio
728 4723 899 4780 Deum
933 4722 1351 4795 deprecabatur.
1382 4718 1647 4776 Similiter
1672 4726 1728 4776 et
1753 4720 1873 4790 ejus
1905 4733 2063 4785 uxor,

493 4816 696 4872 vestitu
744 4813 988 4880 inculto,
1024 4822 1079 4869 et
1127 4812 1354 4869 horrido
1396 4817 1541 4868 tecta
1563 4850 1579 4876 ,
1639 4811 1845 4882 prolem
1880 4826 1910 4865 a
1959 4809 2095 4883 Deo,

495 4909 756 4979 precibus
797 4908 1080 4980 poscebat.
1129 4906 1237 4964 Sed
1281 4921 1408 4963 cum
1439 4920 1637 4976 magna
1687 4904 1806 4960 dies
1852 4903 2069 4959 Domini

497 5002 762 5066 venisset,
787 5010 939 5059 veste
968 5017 1028 5057 se
1056 5002 1297 5073 pretiosa
1320 4999 1566 5065 ornavit;
1599 4997 1754 5055 nefas
1774 4998 1918 5054 enim
1953 5005 2072 5053 erat

487 5094 598 5152 .illo
624 5094 715 5151 die
748 5095 1001 5152 luctuoso
1020 5094 1215 5149 habitu
1243 5092 1454 5149 vestiri.

568 5184 734 5240 Circa
766 5185 934 5257 igitur
977 5185 1170 5240 horam
1216 5184 1323 5241 diei
1372 5198 1573 5239 nonam
1623 5182 1726 5240 sub
1775 5182 1972 5237 arbore
2017 5180 2072 5235 in

502 5277 768 5333 viridario
802 5292 904 5332 suo
933 5276 1164 5344 sedens,
1192 5277 1278 5333 his
1309 5277 1491 5334 verbis
1511 5276 1682 5331 Deum
1705 5275 2031 5332 obsecrabat
2056 5291 2072 5329 :

511 5385 534 5419 ς
568 5367 715 5423 Deus
745 5377 960 5439 patrum
991 5378 1339 5435 nostrorum,
1381 5368 1615 5425 benedic
1639 5368 1774 5423 mihi
1800 5376 1855 5424 et
1878 5367 2077 5423 exaudi

507 5460 813 5515 orationem
868 5476 1082 5527 meam,
1126 5464 1270 5518 sicut
1302 5463 1627 5519 benedixisti
1659 5462 1835 5518 vulvae
1863 5459 2075 5525 Sarrae,

511 5555 570 5602 et
640 5550 841 5607 dedisti
890 5553 1061 5608 ﬁlium
1116 5555 1196 5609 illi
1250 5554 1421 5610 Isaac.
1483 5575 1503 5608 ι
1558 5554 1687 5610 Haac
1744 5570 1868 5610 cum
1933 5554 2080 5609 dice-

517 5644 635 5702 ret,
670 5638 726 5692 in
755 5643 1114 5714 propinquam
1147 5645 1398 5701 arborem
1437 5656 1718 5718 aspectum
1757 5643 2076 5709 referendo,

518 5728 733 5798 aspexit
784 5746 1058 5800 passerem
1119 5738 1282 5806 pullis
1340 5738 1457 5795 suis
1507 5739 1892 5805 incubantem;
1954 5736 2082 5794 hinc

2167 4730 2227 4784 δὲ
2262 4729 2358 4783 καὶ
2384 4731 2417 4801 ἡ
2445 4725 2713 4799 ὁμόζυγος
2737 4723 2925 4787 αὐτοῦ,
2948 4721 3281 4796 περιθεμένη
3304 4719 3510 4790 ἐσθῆτα
3527 4718 3739 4786 εὐτελῆ,

2169 4820 2345 4875 ἐδεῖτο
2373 4818 2468 4872 τοῦ
2499 4816 2633 4871 Θεοῦ
2665 4817 2848 4887 τυχεῖν
2879 4815 3064 4885 γονῆς.
3081 4812 3408 4881 Ἑπιστάσης
3435 4807 3494 4861 δὲ
3518 4808 3627 4879 τῆς
3656 4824 3741 4879 με-

2168 4912 2361 4983 γίστης
2384 4911 2593 4983 ἡμέρας
2624 4908 2718 4962 τοῦ
2750 4905 2905 4971 Θεοῦ,
2940 4903 3199 4976 λαμπρὰν
3231 4899 3420 4971 στολὴν
3450 4898 3742 4968 ἀμφιέννυ-

2169 5017 2286 5056 ται·
2318 5000 2378 5054 οὐ
2412 4999 2521 5070 γὰρ
2552 4993 2619 5069 ἦν
2652 4994 2869 5068 Θεμιτδν
2899 4996 2957 5047 ὲν
2994 4993 3166 5063 ταύτῃ
3190 4992 3258 5061 τῇ
3290 4989 3449 5061 ἑορτῇ
3486 4986 3744 5055 πένθιμον

2146 5116 2153 5128 υ
2171 5091 2472 5165 ἠμφιέσθαι
2501 5089 2713 5161 στολήν.

2242 5186 2317 5238 [Is
2326 5185 2377 5256 ρὶ
2400 5181 2532 5252 γοῦν
2552 5181 2650 5252 τὴν
2672 5180 2901 5252 ὲννάτην
2917 5178 3067 5251 ὤραν
3087 5175 3188 5247 τῆς
3212 5174 3420 5246 ἡμέρας
3438 5170 3545 5225 ὑπό
3578 5187 3637 5225 τι
3654 5165 3747 5221 δέν-

2172 5280 2298 5353 δρον
2320 5279 2378 5332 ὲν
2405 5277 2484 5349 τῷ
2512 5275 2827 5349 παραδείσῳ
2861 5274 3031 5343 αὐτῆς
3052 5268 3405 5324 καθεσθεῖσα.
3435 5263 3655 5317 ἱκέτευε
3678 5257 3747 5312 λέ-

2162 5350 2347 5441 .γουσα
2381 5369 2459 5441 τῷ
2484 5368 2632 5438 @an-
2670 5387 2688 5418 ι
2710 5367 2769 5420 '0
2800 5365 2932 5429 Θεὸς
2964 5362 3073 5417 τῶν
3108 5360 3362 5432 πατέρων
3391 5357 3574 5430 ἡμῶν,
3610 5350 3745 5408 εὐλό-

2177 5462 2344 5532 γησόν
2385 5477 2473 5533 με,
2518 5459 2614 5513 καὶ
2656 5457 2957 5512 ἐπάκουσον
2993 5456 3091 5527 τῆς
3139 5451 3376 5524 δεήσεώς
3421 5466 3548 5519 μου,
3580 5442 3746 5502 καθὼς

2150 5548 2153 5551 λ
2178 5553 2475 5624 εὐλόγησας
2505 5550 2602 5623 τὴν
2630 5551 2838 5621 μήτραν
2861 5550 3098 5620 Σάρρας,
3120 5545 3215 5600 καὶ
3239 5544 3446 5604 ἔδωκας
3478 5539 3621 5610 αὐτῇ
3651 5534 3745 5590 υίὺν

2179 5645 2269 5698 τὸν
2299 5643 2514 5721 ιἹσαάκ.
2550 5662 2568 5695 ι
2607 5642 2719 5695 Καὶ
2760 5640 2932 5695 ταῦτα
2962 5639 3192 5709 λέγουσα
3216 5636 3396 5707 ἀφορᾷ
3422 5634 3506 5696 εἰς
3546 5631 3614 5685 τὸ
3648 5629 3744 5682 δέν-

2181 5736 2323 5808 δρον,
2355 5735 2449 5791 καὶ
2476 5734 2788 5807 θεασαμένη
2813 5732 3070 5806 στρουθὸν
3097 5730 3168 5786 τὰ
3197 5727 3415 5784 νεοσσία
3440 5723 3641 5781 ἑαυτοῦ
3662 5734 3743 5772 πε·
