3840 6164
124 269 252 345 ,πε

1058 267 1329 325 SPURIA.
1370 299 1437 308 —-
1479 268 1837 326 COMMENT.
1883 267 1952 323 IN
1993 267 2490 325 HEXAEMERON.

3301 272 3408 328 πι

133 389 426 462 ριέποντα,
471 387 686 460 πικρῶς
731 387 1053 453 στενάξασα,
1081 389 1175 443 καὶ
1223 389 1519 443 κωκύσασα
1562 384 1684 442 εἷπε
1709 407 1721 419 ·

1838 401 2015 442 amare
2065 390 2295 459 repetito
2330 387 2572 460 suspirio
2593 428 2610 455 ,
2645 387 2968 460 ejulansque
2992 388 3130 444 dixit
3169 409 3182 445 :
3222 410 3239 441 ι
3267 389 3408 461 Heu,

137 477 250 534 (Ὢ
279 480 368 551 δὴ,
403 480 599 553 Κύριε,
623 480 705 534 ὅτι
734 480 855 534 οὐδὲ
881 484 993 546 τοῖς
1024 485 1289 547 πετεινοῖς
1317 482 1530 549 τούτοις
1556 483 1722 555 ὠμοί-

128 587 290 640 ωμαι
329 569 576 641 γονίμοις
615 570 949 642 ὑπάρχουσιί
983 591 1001 625 ι
1049 573 1159 626 Καὶ
1195 573 1367 628 ταῦτα
1397 574 1606 646 βοὼσης
1631 577 1728 628 αύ-

127 660 242 730 τῆς
276 661 413 732 πρὸς
459 659 552 713 τὸν
587 661 741 724 Θεὸν,
772 661 1003 730 ἄγγελος
1032 664 1237 736 Κυρίου
1268 665 1556 736 ἐπιφανεὶς
1587 666 1725 737 αὐτῇ

129 751 552 820 εὐαγγελίζεται
587 753 723 824 αὐτῇ
759 754 1121 810 παιδοποιίαν.
1141 757 1205 809 Ἡ
1241 757 1298 810 δὲ
1325 757 1604 812 ἀκούσασα
1637 758 1728 811 εὑ-

131 841 239 906 θὺς
274 843 339 894 τὸ
367 842 624 913 γεννηθὲν
657 844 935 898 ἀναθεῖναι
965 844 1044 916 τῷ
1073 844 1191 916 Θεῷ
1223 847 1600 919 ἐπηγγείλατο.

211 935 455 989 Τοιαῦτα
475 935 532 989 δὲ
570 936 666 991 καὶ
691 935 771 1008 τῷ
816 938 1070 1010 Ἰωακεὶμ
1108 939 1138 991 6
1177 939 1406 1009 ἄγγελος
1430 941 1488 994 ὲν
1509 940 1589 1011 τῷ
1613 940 1728 1013 ὄρει

127 1028 454 1099 διεσήμανε.
504 1029 615 1082 Καὶ
674 1028 918 1092 καταϐάς
956 1029 1209 1103 Ἰωακεὶμ
1258 1031 1367 1085 ἀπὸ
1406 1031 1501 1086 τοῦ
1547 1032 1727 1104 ὅρους,

127 1121 270 1174 δέκα
302 1120 558 1191 ἀμνάδων
581 1119 771 1175 θυσίαν
793 1121 872 1193 τῷ
902 1121 1093 1193 Κυρίῳ
1118 1125 1479 1196 προσήνεγκε,
1503 1125 1728 1188 καὶτοῖς

133 1211 350 1282 ἱερεῦσι
383 1212 616 1283 μόσχους
642 1213 887 1277 δεκαδύο,
917 1214 1013 1268 καὶ
1040 1216 1106 1287 τῇ
1141 1216 1403 1289 γερουσίᾳ
1433 1217 1530 1271 καὶ
1565 1218 1730 1272 παντὶ

129 1306 214 1376 τῷ
244 1305 364 1377 λαῷ
393 1307 586 1362 ἑκατὸν
612 1308 901 1379 χιμάρους.
925 1308 1036 1363 Kal.
1064 1310 1381 1375 ἐπιτελέσας
1410 1311 1508 1375 τάς
1541 1311 1729 1378 θυσίας

128 1401 345 1465 ταύτας
378 1402 436 1454 ὲν
465 1399 543 1473 τῷ
567 1401 681 1474 ναῷ
708 1401 803 1455 τοῦ
834 1401 992 1468 Θεοῦ,
1025 1404 1335 1473 ἀφικνεῖται
1366 1406 1446 1469 είς
1466 1405 1558 1459 τὸν
1582 1401 1729 1460 οἷκον

128 1493 309 1547 αὐτοῦ
331 1511 344 1522 ·
387 1493 481 1548 καὶ
505 1496 666 1564 γνοὺς
692 1493 789 1567 τὴν
815 1497 1048 1564 γυναῖκα
1072 1496 1264 1560 αὑτοῦ,
1297 1499 1439 1551 ποιεῖ
1467 1497 1524 1565 ἐξ
1552 1498 1724 1569 αὐτῆς

129 1586 439 1658 θυγατέρα,
463 1581 558 1640 κα)⁸
583 1584 836 1657 ὀνομάζει
857 1586 1031 1658 αὐτὴν
1052 1586 1306 1659 Μαριὰμ,
1329 1587 1521 1658 ἥντινα
1541 1589 1726 1662 τριετῆ

129 1679 444 1750 γενομένην
474 1678 552 1750 τῷ
591 1678 704 1750 ναῷ
737 1678 830 1732 τοῦ
863 1679 1000 1733 Θεοῦ
1038 1677 1372 1752 ἀφιέρωσαν.

1832 477 2090 543 Domine,
2140 480 2360 552 quando
2417 493 2519 534 nec
2575 478 2731 535 hisce
2775 479 3095 537 volucribus
3159 481 3406 539 fecundis

1829 565 2138 622 assimilor!
2170 587 2189 620 ι
2229 567 2292 622 Et
2319 569 2446 623 talia
2475 567 2708 636 dicenti,
2743 570 2968 641 angelus
2993 569 3206 626 Domini
3241 589 3411 645 appa-

1828 671 1958 713 rens
1980 697 1995 722 ,
2023 657 2321 714 liberorum
2354 660 2686 730 praenuntiat
2715 661 3119 730 susceptionem
3145 704 3160 726 ,
3204 666 3406 735 quibus

1829 749 2036 804 auditis
2095 750 2426 822 gignendum
2493 752 2642 807 illico
2700 751 2812 807 Deo
2877 752 3214 810 oﬂcreudum
3274 773 3405 828 pro-

1831 841 2000 896 misit.

1902 930 2025 986 Haec
2051 930 2240 987 eadem
2295 932 2349 986 in
2399 939 2585 988 monte
2624 931 2874 987 Joaehim
2924 933 3150 1004 angelus
3183 933 3387 990 manife

1839 1022 2033 1087 stavit;
2079 1036 2250 1091 quare
2297 1023 2511 1079 rediens
2553 1034 2737 1081 monte
2776 1027 2960 1081 decem
2991 1042 3158 1098 agnas
3184 1027 3418 1084 Domino

1839 1111 2039 1180 praabet
2087 1114 2152 1168 ad
2203 1115 2566 1181 sacriﬁcium,
2613 1127 2667 1171 et
2712 1118 3082 1175 sacerdotibus
3129 1121 3412 1176 duodecim

1838 1202 2059 1268 vitulos,
2092 1216 2146 1260 et
2175 1208 2549 1272 senatoribus,
2593 1219 2647 1263 et
2676 1208 2873 1277 pepulo
2909 1211 3164 1265 universo
3196 1223 3412 1266 centum

1829 1294 2032 1353 hircos.
2089 1295 2188 1353 His
2238 1295 2528 1353 sacrilieiis
2584 1295 2640 1351 in
2697 1297 2897 1363 templo
2941 1295 3154 1351 Domini
3201 1295 3404 1360 factis,

1827 1385 2052 1442 domum
2083 1404 2239 1444 suam
2291 1389 2608 1454 revertitur,
2657 1395 2712 1443 et
2746 1405 2804 1442 re
2831 1404 2954 1443 cum
2980 1403 3151 1443 uxore
3187 1388 3366 1442 habita
3389 1428 3404 1450 ,

1827 1480 2060 1549 suscipit
2085 1495 2150 1536 ex
2181 1495 2242 1535 ea
2279 1480 2465 1545 tiliam,
2497 1490 2768 1552 vocatque
2801 1480 3023 1533 Mariam
3045 1521 3060 1547 ,
3094 1495 3258 1552 quam
3285 1481 3406 1551 jam

1827 1569 2104 1626 trimulam
2125 1571 2179 1625 in
2208 1572 2412 1644 templo
2440 1571 2552 1627 Deo
2583 1579 2999 1628 consecrarunt.

207 1771 518 1844 Γενομένης
567 1771 623 1825 δὲ
676 1772 847 1842 αὐτῆς
893 1751 1278 1838 δωδεκαετοῦς,
1305 1775 1352 1826 οἱ
1391 1773 1555 1846 ἱερεῖς
1586 1790 1724 1845 συμ-

1897 1755 2102 1814 Verum
2155 1757 2248 1812 illa
2296 1757 2583 1814 duodecim
2634 1771 2811 1814 annos
2873 1769 3034 1825 nata,
3093 1759 3406 1814 sacerdotes

133 1865 354 1920 ϐούλιον
385 1866 732 1938 ἐποιήσαντο,
755 1861 864 1920 τῶν
886 1862 993 1920 τίνι
1026 1865 1196 1938 αὐτὴν
1231 1865 1367 1938 πρὸς
1399 1866 1576 1937 γάμον
1600 1884 1726 1920 συν-

132 1959 344 2030 άψωσι.
371 1959 483 2013 Καὶ
527 1959 882 2033 ἐπιτρέπουσι
920 1958 1014 2013 τὸν
1041 1958 1300 2032 ἀρχιερέα
1325 1959 1616 2031 Ζαχαρίαν,
1648 1961 1728 2024 είς

135 2053 207 2106 τὰ
235 2053 406 2120 Ἀγια
437 2051 546 2105 τῶν
579 2054 749 2121 ἁγίων
776 2048 1106 2114 εἰσελθόντα,
1133 2050 1458 2122 αἰτήσασθαι
1484 2051 1575 2104 τὸν
1596 2051 1730 2104 Θεὸν

134 2142 499 2213 ἀποκαλύψαι
528 2143 694 2212 αὐτῷ,
714 2143 776 2196 τὸ
795 2143 900 2197 τίνι
931 2144 1197 2214 προσήκει
1224 2139 1514 2212 ζευχθῆναι
1537 2142 1723 2213 αὐτήν.

134 2235 250 2287 Καὶ
283 2234 380 2286 τοῦ
413 2234 682 2304 Ζαχαρίου
713 2233 1027 2305 εύχομένου,
1062 2232 1292 2302 ἄγγελος
1325 2234 1609 2303 ἐπιφανεὶς
1635 2249 1729 2304 ση-

138 2326 327 2398 μαίνει
353 2327 562 2390 πάντας
588 2328 916 2396 συναγαγεῖν
935 2325 1031 2379 τοῦ
1061 2327 1192 2380 λαοῦ
1223 2327 1348 2389 τοὺς
1377 2325 1726 2397 χηρεύοντας,

134 2420 234 2473 καὶ⁵
275 2419 528 2490 κατέχειν
553 2418 782 2472 ἕκαστον
842 2419 1034 2491 ῥάϐδον
1055 2433 1068 2449 ⁶
1099 2417 1194 2472 καὶ
1296 2417 1362 2471 ἂν
1392 2421 1420 2472 6
1451 2418 1582 2482 Θεὸς
1611 2419 1730 2470 ἐπι-

132 2512 288 2584 δείξῃ
322 2513 566 2582 σημεῖον,
597 2510 772 2582 τούτῳ
802 2511 1034 2581 συνάψαι
1067 2510 1164 2582 τὴν
1192 2508 1479 2582 παρθένον.

221 2602 488 2669 Ἐξελθὼν
519 2603 576 2658 δὲ
604 2605 634 2658 6
659 2602 934 2675 Ζαχαρίας
969 2602 1225 2673 ἐποίησεν
1257 2595 1460 2665 οὕτως,
1479 2599 1661 2664 καθὼς
1701 2601 1730 2653 6

136 2695 374 2765 ἄγγελος
421 2694 569 2767 αὐτῷ
618 2693 938 2767 προσέταξε.
980 2693 1090 2750 Καὶ
1141 2689 1323 2747 λαϐὼν
1365 2692 1580 2746 πάντων
1631 2692 1730 2755 τὰς

139 2788 376 2859 ῥάϐδους
406 2787 608 2855 αὐτῶν,
639 2787 878 2859 ἀπῆλθεν
901 2789 959 2840 ὲν
988 2783 1067 2857 τῷ
1113 2783 1262 2857 ἱερῷ,
1295 2784 1391 2838 καὶ
1423 2781 1731 2854 προσηύξα-

137 2897 223 2945 το,
256 2881 354 2935 καὶ⁵
375 2879 604 2948 ἐξελθὼν
631 2881 846 2952 ἑκάστῳ
888 2880 988 2952 τὴν
1037 2879 1174 2934 ίδίαν
1218 2877 1414 2950 ῥάϐδον
1447 2875 1726 2946 ἀπένειμε.

139 2975 467 3029 τελευταῖον
519 2973 578 3028 δὲ
623 2973 894 3038 ἐπιδιδοὺς
927 2973 1025 3042 τὴν
1055 2971 1248 3045 ῥάϐδον
1270 2970 1349 3042 τῷ
1389 2968 1606 3040 Ἰωσὴφ,
1635 2985 1734 3038 ση-

143 3070 303 3139 μεῖον
352 3066 496 3138 μέγα
541 3066 777 3136 ἐγένετο.
797 3065 1030 3138 Ἀθρόως
1061 3064 1172 3136 γὰρ
1201 3064 1300 3136 τὴν
1337 3062 1532 3135 ῥάϐδον
1566 3059 1728 3154 αὑτοῦ
1757 3092 1802 3154 C

142 3159 300 3231 παρά
323 3159 420 3213 τοῦ
453 3160 643 3232 ἱερέως
663 3159 1049 3230 λαμϐάνοντος,
1071 3156 1366 3230 περιστερὰ
1399 3154 1596 3226 ἐξέπτη
1623 3151 1731 3206 ἀπὸ

138 3253 244 3322 τῆς
279 3251 500 3323 ῥάϐδου,
532 3252 626 3306 καὶ
654 3252 748 3304 ἐπὶ
772 3249 871 3322 τὴν
911 3248 1153 3320 κεφαλὴν
1185 3246 1457 3317 ὲκαθέσΟη
1491 3243 1582 3298 τοῦ
1622 3245 1732 3296 ἰω-

143 3343 258 3412 σήφ
276 3358 292 3372 θ
321 3342 414 3395 καὶ
438 3343 467 3394 6
491 3341 781 3413 ἀρχιερεὺς
822 3339 916 3393 καὶ
945 3338 1144 3402 πάντες
1175 3338 1223 3390 οἱ
1258 3336 1510 3399 συνόντες
1537 3335 1722 3405 ἱερεῖς,

143 3433 533 3506 θαυμάσαντες
579 3432 641 3487 τὸ
679 3432 920 3502 γεγονὸς,
951 3430 1114 3486 αὐτὸν
1164 3427 1416 3499 γενέσθαι
1449 3425 1731 3498 μνηστῆρα

139 3525 246 3599 τῆς
272 3526 443 3598 κόρης
471 3525 710 3597 ἔκριναν,
741 3524 807 3596 ῆν
835 3521 1018 3577 λαϐὼν
1039 3524 1069 3576 6
1095 3521 1290 3592 Ἰωσὴφ
1318 3518 1609 3591 ἐφύλασσε,
1637 3517 1731 3570 καὶ

144 3614 466 3670 καταλιπὼν
505 3617 564 3669 ὲν
593 3613 669 3685 τῷ
697 3613 832 3686 οἴκῳ
868 3613 1034 3668 αὑτοῦ
1071 3615 1378 3681 ἀφικνεῖται
1401 3610 1498 3675 τὰς
1530 3609 1732 3663 οἰκοδο-

145 3709 257 3781 μὰς
291 3707 617 3761 ὲκτελέσωνο
647 3703 716 3778 ἦν
744 3705 854 3779 γὰρ
880 3706 1087 3761 τέκτων
1111 3707 1178 3776 τῇ
1213 3704 1511 3776 ἐπιστήμῃ.

215 3798 358 3853 Κατ’
388 3799 591 3852 ἐκεῖνον
612 3797 670 3850 δὲ
699 3798 791 3851 τὸν
823 3798 1012 3870 καιρὸν
1037 3794 1184 3860 εδοξε
1203 3798 1316 3858 τοῖς
1349 3792 1549 3865 ἱερεῦσι
1569 3809 1733 3846 καταα

146 3889 521 3961 σκευασθῆναι
553 3889 658 3943 ὑπὸ
689 3889 870 3959 ἁγνῶν
899 3887 1181 3961 παρθένων
1207 3885 1286 3956 τῷ
1315 3884 1427 3955 ναῷ
1457 3883 1550 3937 τοῦ
1594 3883 1729 3937 Θεοῦ

145 3983 569 4054 καταπέτασμα,
597 3983 690 4036 καὶ
723 3981 1023 4052 εὑρέθησαν
1052 3981 1108 4032 ἐν
1133 3981 1199 4051 τῇ
1232 3978 1370 4049 φυλῇ
1407 3975 1571 4030 Ἰούδα
1600 3992 1734 4046 παρ-

145 4075 293 4130 θένοι
339 4075 499 4128 ἑπτά.
538 4075 648 4128 Καὶ
677 4073 777 4145 τῆς
807 4057 1114 4145 Μαρίας’δὲ
1149 4069 1405 4142 μνησθεὶς
1437 4068 1729 4139 Ζαχαρίας,

145 4167 404 4221 ἐκέλευσε
438 4167 533 4220 καὶ
569 4165 736 4237 αὐτὴν
765 4167 1022 4238 παρεῖναι
1048 4165 1128 4227 είς
1151 4162 1242 4217 τὸν
1271 4160 1568 4229 κατάλογον
1587 4176 1602 4190 ο
1638 4159 1733 4212 καὶ

147 4258 462 4328 εἰσαγαγὼν
495 4257 666 4322 αὐτάς
697 4260 777 4322 εἰς
803 4257 894 4310 τὸν
921 4247 1070 4311 οἷκον
1097 4255 1192 4308 τοῦ
1226 4253 1383 4319 Θεοῦ,
1412 4251 1612 4322 κλῆρον
1639 4249 1733 4320 βα-

145 4348 260 4404 λεῖν
293 4349 612 4421 προσέταξε,
639 4349 797 4402 ποίαν
823 4343 965 4402 οἶσαι
987 4346 1079 4400 τὸν
1102 4345 1302 4417 χρυσὸν
1335 4341 1512 4398 καὶτὸ
1535 4343 1732 4412 ἀμίαν-

1828 1850 2118 1908 consilium
2169 1851 2431 1922 capiunt,
2485 1852 2705 1906 cuinam
2756 1866 2877 1906 eam
2920 1852 3315 1923 coniungerent
3350 1853 3406 1906 in

1827 1943 2262 1999 matrimonium.
2295 1943 2681 2014 Zacharizeque
2713 1943 2973 2013 primario
3007 1942 3280 1998 sacerdoti
3313 1942 3407 1998 de-

1828 2035 2113 2099 mandant,
2139 2043 2197 2090 ut
2223 2037 2276 2090 in
2311 2035 2513 2089 Sancta
2545 2045 2866 2092 sanctorum
2899 2036 3202 2106 ingressus,
3233 2034 3402 2089 Deum

1829 2137 2178 2201 precaretur,
2216 2136 2274 2182 ut
2322 2129 2426 2184 sibi
2487 2128 2762 2183 revelaret'
2795 2127 3012 2182 cuinam
3053 2136 3200 2182 esset
3243 2127 3406 2180 collo-

1828 2224 2024 2288 canda,
2048 2230 2102 2277 et
2122 2220 2404 2275 Zachariae
2434 2221 2646 2284 oranti,
2686 2220 2909 2290 angelus
2941 2234 3211 2289 apparens
3237 2233 3405 2287 espo-

1829 2315 1912 2367 nit
1935 2352 1949 2376 ,
1979 2328 2169 2366 omnes
2201 2310 2383 2380 populi
2423 2309 2618 2364 viduos
2661 2311 2716 2363 in
2749 2325 2916 2362 unum
2950 2309 3399 2378 congregandos,

1828 2421 2060 2476 quorum
2083 2405 2319 2475 quisque
2346 2402 2554 2473 virgam
2583 2417 2746 2455 manu
2775 2408 3014 2465 teneret,
3043 2401 3229 2470 illique
3252 2400 3405 2470 virgo

1828 2496 2095 2559 nuberet,
2129 2510 2294 2564 quem
2325 2492 2468 2548 Deus
2498 2493 2654 2562 signo
2683 2490 3108 2545 manifestassct.

1901 2585 2168 2657 Egressus
2219 2583 2513 2639 Zacharias
2570 2582 2747 2654 angeli
2795 2581 3050 2636 mandata
3111 2586 3408 2636 exsecutus

1829 2686 1944 2744 est,
1981 2679 2336 2748 omniumque
2370 2677 2539 2748 virgis
2589 2675 2828 2746 acceptis
2854 2717 2867 2739 ,
2903 2674 3164 2743 templum
3194 2673 3405 2745 ingrcs-

1830 2787 1948 2835 sus,
1981 2773 2178 2836 oravit,
2219 2771 2549 2840 rediensque
2573 2768 2869 2838 unicuique
2898 2769 3104 2838 virgam
3127 2767 3405 2838 propriam

1829 2864 2100 2931 reddidit;
2152 2863 2484 2933 tandemque
2531 2861 2625 2916 ubi
2668 2861 2874 2931 virgam
2926 2858 3167 2929 Joseplio
3218 2860 3406 2914 consi-

1831 2963 2052 3028 gnasset
2093 2955 2293 3009 mirum
2337 2953 2470 3025 quid
2501 2952 2722 3008 accidit.
2783 2951 2957 3006 Simul
2991 2952 3136 3006 enim
3179 2959 3342 3020 atque
3376 2966 3406 3005 a

1833 3049 2118 3103 sacerdote
2159 3047 2365 3117 virgam
2401 3044 2644 3116 accepit,
2689 3058 2753 3100 ex
2808 3058 2871 3100 ea
2916 3044 3169 3098 columba
3215 3043 3406 3098 volans

1833 3137 1998 3208 capiti
2025 3135 2226 3206 Joseph
2251 3148 2254 3154 '
2284 3134 2518 3201 insedit;
2551 3149 2720 3205 quare
2746 3135 3001 3204 princeps
3031 3134 3404 3198 sacerdotum,

1832 3229 2260 3299 sacerdotesque
2289 3241 2480 3282 omnes
2511 3228 2604 3297 qui
2649 3234 3018 3281 convenerant
3061 3241 3178 3280 rem
3231 3227 3408 3280 admi-

1829 3323 1972 3388 rati,
2013 3321 2132 3393 pari
2164 3331 2293 3376 voto
2345 3319 2422 3373 illi
2473 3320 2708 3388 puellam
2746 3317 3188 3388 desponderunt,
3241 3326 3427 3386 quam

1829 3411 2031 3483 Joseph
2061 3418 2339 3482 acceptam
2375 3409 2758 3475 custodiebat,
2803 3415 2858 3463 et
2887 3423 2951 3461 ea
2982 3406 3130 3462 domi
3174 3408 3366 3461 relicta
3389 3445 3404 3469 ,

1831 3503 1900 3558 ad
1932 3502 2268 3561 exstruenda
2290 3502 2519 3558 aedilicia
2549 3500 2704 3568 abit;
2737 3507 2859 3555 erat
2891 3500 3094 3570 quippe
3145 3497 3408 3554 exercitio

1831 3596 2004 3652 faber.

1901 3770 2006 3828 Per
2032 3772 2154 3828 illos
2185 3770 2304 3826 dies
2345 3767 2722 3825 sacerdolibus
2766 3764 3243 3819 immaculatarum
3294 3779 3408 3819 νιτ-

1832 3866 2018 3937 ginum
2050 3861 2378 3926 ministerio,
2409 3860 2588 3915 velum
2623 3857 2808 3927 templi
2853 3855 2946 3911 Dei
2988 3856 3404 3912 accommodan-

1831 3959 1961 4013 dum
2013 3971 2134 4013 esse
2168 3957 2346 4011 visum
2394 3961 2498 4018 est,
2529 3962 2584 4008 et
2613 3952 2768 4006 lectae
2801 3958 2929 4007 sunt
2969 3951 3026 4003 in
3074 3950 3220 4004 tribu
3263 3949 3406 4006 Juda

1831 4050 2070 4122 virgines
2100 4056 2328 4114 septem.
2370 4044 2474 4101 Sed
2510 4059 2635 4099 cum
2672 4042 2857 4098 Maria:
2892 4041 3189 4096 Zacharias
3217 4042 3407 4096 memi-

1832 4144 2035 4207 nisset,
2090 4157 2200 4194 una
2227 4154 2352 4194 cum
2407 4137 2517 4192 illis
2574 4135 2926 4190 annumerari
2983 4135 3157 4204 ipsam
3207 4133 3405 4203 jussit,

1833 4234 2032 4304 quibus
2062 4231 2284 4286 domum
2316 4229 2410 4284 Dei
2440 4227 2793 4292 introductis,
2831 4237 3010 4282 sortes
3035 4227 3219 4296 jacere
3249 4241 3405 4279 mau-

1832 4329 1961 4392 dat,
2025 4339 2274 4396 quanam
2328 4321 2539 4378 scilicet
2592 4336 2827 4383 aurum,
2878 4326 2932 4373 et
2983 4319 3318 4380 amiantum,
3353 4323 3408 4370 ct

146 4460 260 4508 τον,
306 4408 401 4496 καὶ
427 4441 525 4514 τὴν
543 4408 774 4510 ⁷βύσσον,
807 4441 900 4494 καὶ
931 4439 992 4492 τὸ
1020 4408 1264 4510 σηρνιΠκὺν,
1295 4437 1389 4490 καὶ
1418 4435 1516 4506 τὴν
1555 4408 1726 4504 ἀληθῆ

1838 4420 2152 4490 byssum,et
2168 4418 2426 4479 sericum,
2455 4421 2510 4468 et
2532 4428 2712 4468 veram
2744 4426 3065 4482 purpuram,
3097 4418 3150 4462 et
3181 4408 3410 4480 hyacin-

146 4498 462 4607 πορφύραν,
482 4498 589 4587 ’καὶ
631 4531 725 4585 τὸν
762 4498 1052 4594 νύάκινθον,
1077 4498 1197 4583 ’.καὶ
1235 4498 1326 4581 τὸν
1373 4498 1600 4581 κόκκον·
1635 4498 1726 4578 καί

1838 4513 2011 4574 thum,
2039 4520 2093 4564 et
2113 4522 2338 4563 coccum
2364 4513 2736 4576 prwparatura
2763 4510 2952 4566 esset,
2984 4509 3038 4556 et
3067 4501 3199 4555 sorti
3226 4498 3410 4552 Mane

148 4626 436 4698 ἐκληρώθη
461 4624 650 4698 Μαρία
669 4625 767 4697 τὴν
793 4624 1076 4696 πορφύραν
1105 4623 1200 4676 καὶ
1226 4621 1316 4674 τὸν
1345 4620 1541 4674 κόκκον
1571 4617 1731 4690 ἐργά-

149 4721 360 4786 ζεσθαι.
392 4720 501 4774 Kal.
521 4721 586 4792 δὴ
608 4721 702 4774 ἐπὶ
729 4719 821 4774 τοῦ
843 4719 991 4772 οῖκου
1020 4714 1395 4788 ἐργαζομένης
1415 4711 1586 4780 αὐτῆς
1611 4711 1727 4764 ὲπι-

149 4816 344 4885 φανεὶς
392 4814 620 4883 ἅγγελος
651 4813 755 4866 τὸν
800 4809 1098 4883 παράδοξον
1125 4808 1281 4861 τόκον
1318 4801 1730 4874 εὐαγγελίζεται

149 4908 314 4978 αὐτῇ,
349 4905 530 4970 καθὼς
563 4906 764 4977 ἱστορεῖ
792 4903 862 4957 τά
895 4900 1221 4970 Εὑαγγέλια.

221 4999 300 5052 Τὸ
339 4997 471 5067 γοῦν
513 4996 728 5068 ὁρισθὲν
767 4994 904 5066 αὐτῇ
961 4993 1119 5064 ἔργον
1167 4987 1523 5050 ὲκτελέσασα,
1554 4983 1736 5037 δίδωσι

152 5090 230 5162 τῷ
277 5090 542 5162 ἀρχιερεῖ,
583 5089 678 5143 καὶ
724 5084 1078 5156 εύλογηθεῖσα
1135 5083 1264 5153 παρ’
1297 5076 1461 5133 αὐτοῦ
1511 5076 1733 5132 art-atat-

152 5186 249 5238 καὶ
283 5183 420 5254 μετὰ
452 5180 642 5254 χρόνον
667 5180 842 5234 τίκτει
866 5175 956 5232 τὸν
976 5172 1206 5249 Χριστὸν
1234 5173 1375 5225 κατὰ
1403 5170 1599 5242 σάρκα.
1628 5164 1738 5220 Kal.

153 5277 261 5330 τῶν
284 5277 472 5347 μάγων
489 5274 597 5328 ἀπὸ
625 5273 911 5343 ’Λνατολῆς
925 5269 999 5334 ὼς
1025 5266 1232 5339 βασιλεῖ
1244 5261 1732 5337 προσκυνησάντων

158 5368 295 5438 μετὰ
327 5367 516 5438 δώρων
549 5367 716 5436 αὐτῷ,
762 5366 790 5417 6
831 5361 1076 5435 Ἡρώδης
1115 5356 1410 5429 ἐταράχθη,
1444 5354 1538 5408 καὶ
1565 5351 1732 5404 διενο-

156 5463 265 5514 εῖτο
289 5459 500 5514 ἀνελεῖν
531 5458 870 5532 παραχρῆμα
899 5455 1080 5510 αὐτόν.
1098 5455 1156 5506 '0
1189 5453 1246 5506 δὲ
1279 5449 1385 5503 ὑπὸ
1417 5447 1610 5518 Ἰωσὴφ
1639 5444 1732 5532 καί

156 5552 256 5623 τῆς
297 5553 514 5626 Μαρίας
555 5530 635 5614 είς
677 5549 949 5618 Αἴγυπτον
993 5541 1361 5614 ἀπεκομίσθη,
1395 5536 1487 5590 καὶ
1533 5535 1623 5589 τὸν
1673 5530 1733 5598 ἐξ

1836 4617 2109 4677 purpura,
2151 4609 2205 4653 et
2248 4599 2400 4654 cocci
2455 4613 2593 4667 opus
2623 4597 2859 4652 obvenit.
2892 4595 3070 4663 Atque
3104 4607 3228 4646 cum
3261 4587 3410 4644 domi

1837 4699 1924 4754 his
1958 4696 2122 4752 rebus
2151 4691 2376 4763 agendis
2407 4704 2628 4760 operam
2653 4688 2826 4749 daret,
2855 4700 3126 4756 apparens
3156 4683 3406 4752 angelus,

1839 4787 2211 4845 admirabilem
2238 4783 2314 4837 illi
2334 4793 2572 4853 partum,
2597 4788 2656 4836 ut
2680 4782 2735 4834 in
2767 4775 3075 4849 Evangeliis
3099 4772 3410 4836 habetur”,

1834 4881 2184 4955 praznuntiat.

1901 4974 2088 5049 Itaque
2114 4988 2254 5045 opus
2300 4970 2403 5027 sibi
2451 4966 2767 5036 impositum
2808 4960 3114 5030 expletum,
3150 4952 3361 5049 Sacerd:

1833 5077 1949 5125 tum
1981 5043 2214 5138 principi
2249 5061 2489 5120 exhibet.
2513 5065 2568 5112 et
2596 5053 2977 5110 benedictione
3005 5054 3228 5118 accepta
3253 5043 3406 5108 abiit,

1835 5169 1886 5216 et
1905 5135 2066 5231 paulo
2091 5153 2507 5229 postChristum
2534 5145 2834 5204 secundum
2859 5157 3078 5197 carnem
3100 5135 3410 5194 enititur".

1837 5227 1974 5308 Eum
2007 5227 2131 5306 cum
2151 5247 2295 5318 magi
2331 5245 2398 5300 ab
2433 5242 2654 5297 Oriente
2688 5238 2762 5293 uti
2795 5251 2975 5308 regem
3003 5249 3128 5288 cum
3168 5227 3410 5284 muneri-

1838 5345 1942 5402 bus
1964 5342 2344 5398 adoravissent
2368 5337 2435 5404 ⁸⁸,
2466 5334 2708 5389 llerodes
2751 5330 3002 5383 turbatus
3042 5332 3156 5387 est,
3194 5335 3411 5376 secum-

1839 5453 1945 5508 que
1974 5436 2093 5506 ipsc
2137 5431 2444 5503 cogitabat,
2499 5426 2648 5482 illico
2692 5424 2846 5477 illum
2881 5419 3178 5491 perimere,
3231 5412 3324 5483 qui
3375 5425 3408 5466 ιι

1838 5529 2074 5600 Josepbo
2102 5533 2155 5582 et
2197 5521 2366 5578 Maria
2398 5523 2451 5576 in
2482 5517 2778 5588 [Egyptum
2805 5511 3020 5569 delatus
3057 5509 3100 5542 ⁸⁷
3124 5547 3139 5575 ,
3177 5523 3242 5562 me
3270 5516 3408 5567 rtem

231 5732 274 5763 “
293 5731 421 5789 Luc.
447 5747 485 5798 ι,
526 5728 619 5785 26.
694 5729 739 5761 ⁸⁸
763 5725 894 5786 Luc.
923 5741 986 5790 ιι,
1019 5723 1070 5778 7.
1146 5722 1190 5755 ⁸⁸
1216 5717 1410 5776 Matth.
1440 5732 1503 5785 It,
1538 5717 1589 5772 l.
1664 5715 1726 5784 ⁸⁷,

1838 5710 1992 5766 1.14.
