3840 6164
449 261 558 328 ’175

1310 272 1369 328 s.
1414 257 1864 327 EUSTATHIUS
1902 268 2397 329 ANTIOCHENUS
2452 271 2851 332 EPISCOPUS.

3601 276 3717 332 776

448 387 557 444 sibi
591 387 660 443 ab
694 385 905 443 llerode
938 386 1309 444 imminentem
1341 388 1566 459 depulit.
1615 387 1819 444 Verum
1854 387 2013 445 Hero-

2138 389 2376 462 Ἡρώδου
2409 390 2633 461 διέφυγε
2683 390 2931 446 θάνατον.
2961 392 3136 457 Αὐτὸς
3184 393 3263 459 δὲ,
3291 378 3714 466 ἀγνοήσαςτὴν

450 477 570 541 des,
600 478 847 549 ignorata
906 478 1031 550 fuga
1058 520 1072 544 ,
1140 495 1341 550 pueros
1390 495 1582 537 omnes
1629 481 1725 550 qui
1773 488 1932 535 erant
1966 481 2022 534 in

451 571 796 636 Bethlehem,
852 580 1024 627 morte
1084 572 1220 627 allici
1251 573 1407 641 jubet
1434 573 1517 633 ”.
1568 573 1712 628 inter
1742 588 1915 643 quos,
1966 580 2025 629 et

446 662 713 718 Joannem
738 662 916 718 adhuc
950 664 1212 719 infantem
1246 665 1312 719 de
1352 665 1532 721 medio
1578 666 1770 720 tollere
1812 665 2022 721 niteba-

451 762 558 807 tur.
597 752 703 809 Sed
734 753 1009 809 Elisabeth
1037 795 1050 819 ,
1076 771 1141 810 eo
1165 756 1408 827 abrepto,
1445 756 1501 812 in
1530 757 1879 812 solitudinem
1931 772 2023 811 au-

448 844 606 916 fugit,
630 858 683 901 et
707 848 960 917 precibus
985 846 1317 912 fusis,mons
1338 850 1392 903 in
1418 850 1556 904 duas
1577 859 1759 921 partes
1783 849 2016 914 divisus,

445 954 564 992 cam
596 956 704 993 una
735 957 857 994 cum
890 957 1061 1011 puero
1098 944 1333 1014 excepit,
1368 951 1422 999 et
1452 958 1546 1000 eas
1571 944 1797 1015 angelus
1828 943 2019 1000 defen-

444 1030 623 1087 dendo
656 1032 991 1102 protegebat.

516 1122 677 1178 Mittit
738 1124 921 1193 itaque
967 1124 1033 1179 ad
1089 1123 1407 1179 Zachariam
1464 1124 1708 1181 Herodes
1742 1138 1756 1178 :
1790 1124 2017 1181 Tradito

442 1216 576 1270 mihi
609 1215 777 1270 ﬁlium
802 1224 975 1284 tuum,
1006 1218 1097 1272 ubi
1123 1219 1373 1273 occultus
1401 1218 1550 1281 latet,
1579 1219 1831 1274 nuntiato
1856 1218 2011 1273 mihi.

441 1303 738 1363 Zacharias
773 1311 852 1365 sic
895 1311 1238 1379 percontanti
1298 1310 1592 1380 respondet
1632 1327 1644 1362 :
1678 1309 1789 1381 Ego
1837 1309 1904 1364 ad
1934 1310 2014 1362 al-

440 1407 556 1454 tare
589 1402 852 1455 co‘ntimm
903 1402 1211 1464 assistens,
1256 1402 1388 1472 quid
1423 1411 1603 1456 actum
1660 1403 1733 1458 sit
1777 1402 1845 1458 de
1903 1402 2014 1457 filio

441 1504 583 1557 meo,
620 1502 728 1548 non
758 1495 908 1549 novi.
950 1494 1048 1550 His
1078 1496 1348 1566 ingentem
1389 1496 1525 1549 iram
1555 1496 1805 1567 concepit
1846 1494 2013 1551 Hero-

386 1640 395 1646 ,
438 1587 535 1641 des
555 1628 569 1649 ,
603 1603 931 1659 rursumque
954 1588 1020 1642 ad
1045 1606 1167 1644 eum
1196 1591 1382 1644 scribit
1410 1606 1423 1641 :
1456 1589 1662 1645 Exliibe
1678 1591 1808 1645 mihi
1840 1590 2010 1645 lilium

440 1684 619 1745 tuum;
651 1694 833 1733 nonne
861 1688 1198 1749 compertum
1233 1680 1327 1733 tibi
1357 1688 1461 1743 est,
1487 1680 1628 1748 apud
1657 1696 1743 1735 me
1773 1681 1851 1734 tui
1882 1696 2009 1736 san-

2123 482 2323 555 φυγὴν,
2358 484 2534 538 πάντα
2556 485 2626 537 τὰ
2649 485 2707 538 ὲν
2737 488 2802 556 τῇ
2838 485 3087 557 Βηθλεὲμ
3128 487 3314 542 παιδία
3348 487 3712 558 ἀναιρεθῆναι

2123 577 2456 647 προσέταξεν
2476 595 2490 610 ο
2527 581 2585 633 ὲν
2611 575 2691 643 οἷς
2724 580 2817 632 καὶ
2840 579 2931 632 τὸν
2966 580 3220 651 Ἰωάννην
3251 581 3330 635 ἔτι
3359 583 3553 652 νήπιον
3572 581 3710 634 ὄντα

2122 667 2330 723 ἀνελεῖν
2368 668 2799 735 ὲσπούδαξεν.Ἥ
2842 670 2899 724 δὲ
2945 668 3246 737 Ἐλισάόετ,
3285 673 3583 745 ἁρπάσασα
3610 672 3711 726 αὐ-

2118 761 2232 825 τὸν,
2268 762 2349 825 είς
2392 761 2492 833 τὴν
2538 761 2743 833 ἔρημον
2787 762 2988 830 ἐφυγε’
3025 762 3119 816 καὶ
3151 761 3457 834 εὐξαμένης
3503 763 3705 832 αὐτ-ῆς,

2118 850 2398 922 διεσχίσθη
2428 852 2488 905 τὸ
2519 853 2661 925 ὅρος,
2696 855 2791 908 καὶ
2826 854 2963 926 μετὰ
3000 855 3096 908 τοῦ
3139 856 3351 910 παιδίου
3396 856 3569 926 αὐτὴν
3592 854 3705 908 ἐδέ-

2122 942 2268 1009 ξατο,
2299 944 2393 998 καὶ
2420 944 2650 1014 ἄγγελος
2683 946 2776 1000 τοῦ
2809 946 2946 1003 Θεοῦ
2975 947 3326 1018 διεφύλαττεν
3353 947 3569 1015 αὐτούς.

2188 1127 2405 1198 Πέμπει
2446 1128 2575 1197 γοῦν
2626 1129 2763 1200 πρὸς
2807 1131 3080 1200 Ζαχαρίαν
3103 1132 3131 1184 6
3165 1128 3444 1201 Ἦμὶιδηςδ
3475 1128 3576 1192 Δδς
3601 1128 3701 1181 τὸν

2115 1216 2228 1270 υἱόν
2261 1234 2353 1271 σου
2373 1230 2387 1248 ⁵
2418 1218 2521 1272 ποῦ
2559 1215 2805 1291 ἔκρυψας
2837 1218 3019 1286 αὐτὸν,
3059 1221 3388 1290 ἀπάγγειλόν
3425 1221 3612 1291 μοι.’0
3639 1221 3700 1273 δὲ

2114 1311 2391 1384 Ζαχαρίας
2423 1312 2825 1367 ἀντεπιστέλλει
2859 1314 3081 1384 φάσκων
3115 1312 3262 1384 αὐτῷ
3281 1330 3294 1343 ·
3333 1312 3474 1382 Ἐγὼ
3500 1311 3580 1384 τῷ
3610 1313 3703 1364 om

2116 1402 2414 1475 σιαστηρίῳ
2448 1404 2823 1475 προσεδρεύων
2875 1406 2985 1470 ἀεὶ,
3020 1405 3073 1458 τί
3107 1405 3324 1472 ἐγένετο
3364 1408 3391 1458 6
3426 1404 3542 1469 υίός
3587 1421 3697 1475 μου

2110 1492 2212 1546 οὐκ
2243 1494 2563 1565 ἐπίσταμαι.
2597 1496 2707 1548 Καὶ
2736 1495 3009 1566 ὀργισθεὶς
3038 1498 3067 1549 6
3099 1493 3345 1567 Ἡρώδης
3375 1494 3540 1547 πάλιν
3563 1494 3699 1546 επέ-

2112 1586 2329 1640 στελλεν
2377 1586 2545 1658 αὐτῷ.
2590 1588 2689 1652 Δὸς
2739 1588 2863 1656 ἔξω,
2892 1589 3087 1658 ὶέγων,
3113 1589 3204 1644 τὸν
3251 1588 3366 1641 υἱόν
3422 1604 3540 1646 σου.
3574 1589 3698 1641 υὺκ

2109 1671 2274 1743 οἶδας,
2309 1678 2390 1731 ὅτι
2421 1680 2482 1733 τὸ
2510 1674 2647 1751 αἷμά
2676 1697 2769 1733 σου
2802 1680 2906 1734 ὑπὸ
2931 1680 3029 1753 τὴν
3060 1681 3217 1751 χεῖρά
3246 1679 3346 1750 μού
3371 1682 3552 1743 tactv;
3579 1678 3696 1732 Καὶ

437 1772 619 1842 guinis
661 1771 973 1828 eﬂ'undendi
1020 1788 1141 1827 esse
1173 1773 1537 1843 potestatem?
1583 1771 1875 1828 Zacharias
1925 1789 2012 1829 re-

2111 1770 2139 1823 6
2167 1770 2442 1842 Ζαχαρίας
2472 1770 2574 1842 ἔφη
2599 1788 2611 1801 ’
2644 1772 2871 1844 Μάρτυς
2901 1774 3015 1843 είμὶ
3047 1772 3139 1826 τοῦ
3166 1772 3321 1826 Θεοῦ.
3356 1773 3428 1825 Σὺ
3465 1773 3567 1843 μὲν
3592 1772 3691 1843 ἔχε

439 1865 661 1934 scripsit
692 1884 703 1918 :
733 1864 914 1921 Testis
941 1880 1060 1919 sum
1087 1862 1203 1920 Dei.
1237 1860 1317 1918 Tu
1349 1881 1527 1920 meum
1564 1866 1881 1935 sanguinem
1903 1906 1917 1926 ,
1953 1872 2009 1919 at

437 1953 690 2022 spiritum
720 1971 899 2010 meum
934 1955 1073 2010 Deus
1100 1955 1402 2025 possideat,
1436 1959 1521 2010 fac
1556 1968 1616 2010 ut
1647 1958 1815 2011 lubet.
1844 1955 2009 2011 Illud-

434 2063 543 2118 que
599 2056 650 2101 te
699 2064 811 2102 non
864 2047 1077 2119 fugiat,
1140 2050 1463 2118 sanguinem
1530 2048 1878 2103 innocentem
1951 2050 2005 2103 in

433 2139 721 2196 vestibulis
746 2142 931 2211 templi
973 2140 1191 2196 Domini
1217 2151 1269 2196 te
1298 2140 1617 2196 eﬂ‘usurum.
1651 2141 1891 2197 Herodes
1918 2140 2005 2195 his

432 2233 608 2304 magis
637 2249 701 2288 ac
744 2235 915 2304 magis
947 2246 1303 2304 exasperatus
1324 2274 1338 2298 ,
1369 2236 1429 2288 ut
1460 2234 1603 2289 inter
1639 2235 1811 2288 altare
1842 2248 2004 2287 neca-

430 2332 586 2379 retur
614 2333 903 2395 antequam
936 2324 1052 2381 dies
1100 2326 1443 2381 illucescere‘t
1466 2365 1481 2390 ,
1515 2326 1771 2390 mandat,
1803 2341 1869 2379 ne
1903 2339 2002 2395 po-

429 2416 594 2486 pulus
673 2414 943 2471 obstando
1031 2416 1314 2487 impediret
1399 2415 1694 2488 quominus
1776 2415 1993 2471 occide-

429 2516 601 2561 τειυν.

500 2594 683 2650 Primo
709 2603 890 2650 autem
913 2594 1155 2650 diluculo
1189 2593 1502 2651 sacerdotes
1530 2594 1586 2649 in
1615 2593 1874 2664 templum
1903 2608 2000 2649 ve-

431 2689 646 2743 nientes
675 2688 1169 2758 obstupes‘cebant,
1201 2689 1346 2759 quod
1379 2689 1487 2743 illis
1507 2726 1522 2752 ,
1557 2695 1616 2741 ut
1647 2687 1817 2741 moris
1843 2692 1996 2750 erat,

427 2795 540 2834 non
570 2779 787 2835 obviam
835 2780 1077 2851 prodiret
1135 2780 1344 2851 primus
1386 2778 1686 2844 sacerdos,
1754 2785 1809 2833 et
1864 2777 1999 2833 foris

426 2874 836 2943 exspectabant.
884 2871 1071 2944 Itaque
1101 2872 1237 2926 hora
1288 2872 1596 2937 dilabente,
1642 2884 1785 2926 unus
1816 2886 1880 2926 cx
1910 2870 1998 2927 his

427 2964 637 3036 ingredi
673 2981 839 3022 ausus
865 2973 982 3029 est,
1025 2966 1117 3036 qui
1143 2965 1209 3019 ad
1235 2965 1406 3019 altare
1434 2972 1748 3020 concretum
1784 2967 2013 3035 sangui--

425 3073 549 3113 nem
574 3058 859 3128 conspicit,
884 3058 1349 3128 auditque-vocem
1372 3057 1639 3112 dicentem
1664 3075 1676 3111 :
1701 3056 1995 3113 Zacharias

2114 1879 2213 1933 μου
2252 1862 2312 1914 τὸ
2343 1857 2501 1934 αἷμα,
2528 1864 2587 1917 τὸ
2612 1864 2672 1917 δὲ
2705 1864 2924 1936 πνεῦμά
2948 1883 3046 1937 μου
3073 1869 3102 1919 6
3126 1864 3278 1930 Θεὸς.
3304 1865 3461 1930 Δέξαι
3488 1866 3546 1919 δὲ
3589 1866 3693 1919 καὶ

2108 1951 2364 2021 γίνωσκε,
2398 1953 2479 2007 ὅτι
2509 1952 2684 2007 ἀθῶον
2717 1952 2857 2026 αἷμα
2892 1956 3099 2027 ὲκχέεις
3120 1958 3201 2021 είς
3226 1956 3294 2009 τὰ
3323 1957 3572 2026 πρόθυρα
3590 1955 3689 2009 τοῦ

2108 2044 2235 2097 ναοῦ
2268 2045 2492 2117 Κυρίου.
2527 2046 2635 2099 Καὶ
2668 2048 2696 2099 6
2733 2045 2995 2119 Ἡρώδης,
3030 2048 3124 2100 ἐπὶ
3151 2046 3357 2111 τούτοις
3387 2046 3688 2118 ὀργισθεὶς,
3724 2078 3733 2089 ι

2110 2136 2310 2207 μεταξὺ
2341 2136 2431 2191 τοῦ
2468 2136 2852 2211 θυσιαστηρίου
2884 2138 3235 2210 ἀναιρεθῆναι
3262 2138 3422 2192 αὐτὸν
3456 2137 3564 2209 πρὸ
3589 2137 3689 2191 τοῦ

2104 2227 2396 2296 δωφαῦσαι
2431 2228 2776 2301 προσέταξεν,
2802 2229 2937 2301 πρὸς
2967 2230 3027 2284 τὸ
3054 2230 3130 2302 μὴ
3166 2230 3271 2283 ὑπὸ
3300 2228 3394 2283 τοῦ
3415 2228 3548 2283 λαοῦ
3573 2247 3689 2283 κω-

2105 2320 2330 2391 λυθῆναι
2362 2321 2524 2375 αὑτοῦ
2562 2321 2660 2394 τὴν
2695 2321 2975 2391 ἀναίρεσιν

2178 2610 2417 2683 ’Ὀρθρου
2449 2610 2583 2664 6150!
2637 2612 2806 2684 ίερεῖς
2836 2611 3264 2685 παραγενόμενοι
3299 2613 3378 2677 είς
3403 2612 3495 2666 τὸν
3529 2612 3682 2679 ναὸν,

2102 2702 2419 2769 ἐξενίζοντο,
2456 2703 2595 2757 κατὰ
2625 2704 2686 2757 τὸ
2718 2703 2908 2768 εἰωθὸς
2941 2704 3015 2776 μὴ
3049 2705 3456 2777 ὑπαντήσαντος
3497 2705 3685 2770 αὐτοῖς

2100 2793 2194 2847 τοῦ
2225 2793 2547 2865 ἀρχιερέως,
2590 2795 2684 2847 καὶ
2716 2796 2977 2865 ἐπέμενον
3021 2792 3324 2867 ἐξω.¹⁷Ωρας
3354 2792 3446 2849 οὖν
3476 2796 3685 2867 παρελο

2100 2884 2323 2954 κούσης,
2360 2880 2439 2947 εἷς
2469 2901 2552 2947 τις
2579 2884 2637 2951 ἐξ
2668 2884 2844 2939 αὐτῶν
2891 2883 3151 2938 είσελθεῖν
3200 2884 3601 2955 ἀπετόλμησεν.
3620 2886 3681 2938 '0

2098 2975 2156 3028 δὲ
2189 2974 2384 3049 θεωρεῖ
2410 2969 2546 3046 αἷμα
2576 2974 2823 3047 πεπηγὸς
2846 2976 2996 3048 παρὰ
3040 2974 3102 3029 τὸ
3146 2974 3546 3048 θυσιαστήριον,
3582 2977 3682 3030 καὶ

2101 3067 2287 3121 ἀκούει
2336 3067 2519 3137 φωνῆς
2561 3068 2851 3139 λεγούσης·
2884 3066 3158 3142 Ζαχαρίας
3196 3067 3541 3136 πεφόνευται,
3578 3068 3681 3121 καὶ

424 3148 645 3204 occisus
696 3155 821 3216 est,
877 3163 978 3203 nec
1025 3149 1145 3218 ejus
1196 3148 1423 3219 sanguis
1473 3148 1765 3213 delchitur,
1820 3148 1994 3205 donec

2105 3159 2199 3213 οὐκ
2241 3158 2683 3231 ἐξαλειφθήσεται
2730 3159 2791 3213 τὸ
2834 3155 2973 3230 αἷμα
3019 3158 3206 3223 αὐτοῦ,
3249 3159 3355 3223 ἓως
3385 3159 3450 3213 ἂν
3484 3159 3617 3232 ἔλθῃ
3645 3160 3677 3213 6

424 3242 605 3295 veniat
640 3241 818 3309 ultor;
870 3240 957 3297 his
987 3241 1214 3297 vocibus
1264 3242 1450 3295 animo
1502 3240 1746 3308 fractus,
1806 3257 1994 3313 egres-

422 3346 627 3401 susque
668 3332 1045 3387 sacerdotibus
1099 3332 1343 3395 nuntiat,
1374 3332 1466 3402 qui
1497 3332 1834 3388 introeuntes
1866 3348 1993 3386 cor-

417 3437 523 3493 pus
554 3438 665 3477 non
704 3424 925 3490 vident,
960 3424 1054 3479 sed
1091 3424 1268 3479 solum
1296 3426 1617 3494 sanguinem
1644 3464 1659 3490 ,
1693 3422 1993 3493 scissisque

415 3515 800 3581 vestimentis,
847 3523 1076 3572 mortem
1133 3516 1281 3571 illius
1339 3516 1627 3587 lugebant,
1683 3516 1993 3586 populoque

414 3606 778 3670 nuntiarunt,
809 3614 863 3662 et
889 3607 1063 3662 tribus
1096 3606 1321 3673 diebus,
1358 3616 1412 3662 et
1434 3607 1611 3662 tribus
1655 3607 1907 3661 noctibus
1935 3608 1992 3660 in

416 3696 567 3753 luctu
614 3697 856 3753 fuerunt.
916 3697 1182 3770 Deinceps
1231 3696 1541 3753 Simeonem
1573 3705 1719 3753 sorte
1765 3698 1820 3753 in
1869 3698 1991 3769 ejus

415 3788 595 3844 locum
626 3798 956 3859 posuerunt,
1008 3792 1101 3862 qui
1134 3805 1163 3843 a
1211 3790 1416 3859 Spiritu
1454 3793 1644 3845 sancto
1678 3789 1989 3847 admonitUs

416 3887 733 3950 acceperat,
781 3895 839 3936 se
879 3896 987 3935 non
1039 3881 1191 3951 prius
1223 3882 1470 3937 visurum
1518 3888 1747 3938 mortem
1776 3923 1791 3949 ,
1824 3898 1989 3955 quam

413 3966 694 4024 Christum
724 3969 939 4026 Domini
975 3971 1169 4028 fuisset
1193 3973 1426 4028 intuitus
1448 3974 1515 4031 ".

482 4060 752 4115 Narratur
784 4072 839 4117 et
870 4064 975 4117 alia
1016 4066 1259 4134 quazdam
1294 4065 1361 4120 de
1409 4064 1675 4122 Zacharia
1720 4066 1983 4122 historia:

413 4151 584 4208 fuisse
617 4153 675 4207 in
706 4154 909 4224 templo
941 4156 1119 4212 locum
1151 4157 1204 4212 in
1248 4174 1411 4228 quem
1448 4167 1659 4213 tantum
1681 4159 1986 4229 virginibus

412 4246 699 4317 ingressis,
755 4245 923 4303 Deum
968 4250 1218 4316 adorare,
1253 4266 1361 4306 non
1391 4259 1571 4306 autem
1613 4254 1799 4323 nuptis
1822 4293 1837 4318 ,
1869 4253 1986 4323 lege

412 4339 682 4394 sancitum
737 4355 801 4394 ac
852 4356 1176 4398 concessum
1235 4352 1371 4401 erat.
1408 4342 1578 4399 Maria
1635 4345 1800 4416 igitur
1861 4352 1985 4416 post

2096 3252 2324 3316 ἔκδικος.
2344 3253 2576 3306 Ἀκούων
2623 3252 2753 3323 γοῦν
2792 3252 2964 3306 ταῦτα
3015 3252 3253 3325 ἔμφοὸος
3298 3252 3535 3320 ἐγένετο,
3576 3251 3677 3305 καὶ

2094 3342 2325 3411 ἐξελθὼν
2350 3346 2460 3407 τοῖς
2480 3345 2718 3416 ἱερεῦσιν
2744 3344 3093 3417 ἀπήγγειλεν.
3126 3347 3188 3398 Ol
3215 3345 3293 3410 δὲ,
3317 3343 3673 3409 εἰσελθόντες,

2092 3438 2155 3491 τὸ
2188 3438 2287 3508 μὲν
2319 3438 2477 3509 σῶμα
2510 3439 2611 3492 οὐκ
2639 3434 2798 3503 εἶδον,
2828 3439 2878 3491 εί
2921 3438 2994 3510 μὴ
3024 3438 3086 3492 τὸ
3114 3436 3273 3509 αἷμα,
3310 3438 3531 3501 καὶτὰς
3559 3453 3699 3490 στου

2091 3528 2188 3594 λὰς
2212 3529 2418 3583 ἑαυτῶν
2432 3529 2842 3602 διαρρήξαντες,
2864 3530 3146 3599 ἐκόψαντο,
3161 3531 3254 3583 καὶ
3270 3529 3349 3600 τῷ
3370 3528 3485 3599 λαῷ
3504 3530 3674 3599 άνήγυ

2091 3619 2296 3691 γειλαν,
2324 3622 2419 3675 καὶ
2449 3622 2576 3692 τρία
2600 3620 2914 3694 νυχθήμερα
2952 3624 3039 3674 ἐπ’
3073 3621 3222 3692 αὐτῷ
3259 3620 3457 3692 θρῆνον
3482 3620 3697 3690 ἐποίηι

2093 3732 2211 3769 σαν.
2246 3716 2354 3769 Καὶ
2390 3715 2525 3788 μετὰ
2557 3714 2728 3769 ταῦτα
2766 3717 3026 3785 Συμεῶνα
3072 3716 3152 3778 είς
3195 3714 3294 3786 τὴν
3321 3712 3476 3779 τάξιν
3504 3710 3693 3766 αὐτοῦ.

2090 3807 2276 3879 κλήρῳ
2309 3809 2666 3878 κατέστησαν,
2696 3808 2755 3871 ὃς
2782 3809 3023 3880 ὑπῆρχεν
3055 3806 3159 3860 ὑπὸ
3188 3805 3280 3859 τοῦ
3308 3804 3462 3874 ἁγίου
3494 3803 3667 3857 Πνεύ-

2093 3917 2261 3969 ματος
2294 3899 2685 3972 χρηματισθεὶς
2717 3900 2791 3971 μὴ
2818 3900 2942 3953 ίδεῐν
2966 3899 3214 3963 θάνατον,
3242 3898 3348 3961 ἕως
3378 3897 3445 3951 ἂν
3473 3896 3553 3967 ἴδῃ
3576 3896 3693 3949 τὸν.

2088 3992 2320 4063 Χριστὸν
2345 3993 2572 4063 Κυρίου.

2162 4083 2329 4155 Ἀλλη
2363 4062 2536 4147 δέίτις
2583 4062 2801 4156 ίστορίᾶ
2844 4082 2973 4155 περὶ¹
3003 4082 3097 4137 τοῦ
3131 4083 3401 4155 Ζαχαρίου
3434 4083 3691 4155 ἐμφέρεω

2086 4192 2206 4230 ταιο
2256 4176 2331 4240 ὠς
2356 4177 2463 4248 ἄρα
2484 4172 2552 4247 ῆν
2579 4194 2661 4241 τις
2697 4177 2825 4249 περὶ
2854 4175 2946 4229 τὸν
2970 4175 3096 4229 ναὸν
3127 4175 3312 4238 τόπος,
3340 4174 3472 4227 ἔνθα
3502 4176 3666 4245 μόνας

2084 4267 2183 4332 τὰς
2218 4267 2517 4340 παρθένους
2561 4267 2694 4336 ἐξῆν.
2733 4267 3006 4329 εἰσιούσας
3052 4267 3375 4337 προσκυνεῖν
3404 4264 3482 4335 τῷ
3514 4264 3663 4334 Θεῷ·

2084 4358 2183 4423 τάς
2214 4359 2270 4413 δὲ
2299 4359 2639 4430 γαμηθείσας
2676 4359 2750 4430 μὴ
2790 4357 2929 4412 εἶναι
2968 4357 3215 4429 νόμιμον.
3235 4357 3296 4410 Ἠ
3331 4352 3425 4410 οὖν
3452 4357 3664 4427 Μαρία,

412 4431 749 4487 Salvatorem
781 4435 1025 4506 genitum
1057 4436 1226 4500 stetit,
1264 4437 1320 4491 in
1350 4438 1468 4492 loco
1500 4438 1624 4500 hoc,
1658 4453 1819 4508 quam
1851 4455 1976 4494 cum
2010 4456 2013 4507 ς

2105 4452 2393 4521 Γεννήσασα
2441 4450 2530 4503 τὸν
2583 4450 2832 4521 Σωτῆρα,
2868 4448 3119 4513 ἐλθοῦσα,
3148 4449 3277 4521 ἔστη
3310 4449 3370 4502 ὲν
3401 4448 3479 4519 τῷ
3516 4449 3665 4519 τόπῳ

409 4522 776 4595 impedirent,
835 4526 930 4595 qui
988 4542 1108 4581 eam
1166 4527 1280 4597 jam
1348 4530 1627 4600 peperisse
1679 4538 1977 4597 noverant,

409 4612 704 4672 Zacharias
754 4615 1055 4684 fatebatur,
1087 4636 1206 4675 eam
1242 4619 1460 4691 dignam
1506 4638 1662 4688 esse,
1705 4638 1826 4693 qua:
1872 4639 1981 4679 una

406 4720 533 4761 cum
573 4708 883 4779 virginibus
913 4718 1367 4767 commoraretur.
1419 4712 1607 4783 Itaque
1642 4730 1766 4769 eum
1813 4716 1980 4770 veluti

401 4796 611 4867 jurium
640 4800 957 4857 violatorem
978 4842 993 4866 ,
1035 4810 1089 4857 et
1130 4803 1183 4857 in
1215 4804 1395 4857 locum
1431 4804 1701 4875 virginum
1732 4805 1976 4877 iniquum

406 4889 551 4945 inter
600 4892 774 4947 altare
818 4894 1183 4951 trucidavere.
1229 4893 1296 4949 Et
1337 4896 1454 4951 haec
1495 4913 1593 4967 per
1623 4906 1978 4955 transennam

405 4984 691 5054 obiterque
721 4983 863 5040 dicta
886 4997 1035 5044 sunt.

476 5074 648 5131 Porro
673 5073 873 5145 Ioseph
899 5092 927 5131 a
963 5077 1225 5135 fratribus
1246 5080 1301 5134 in
1329 5079 1563 5153 Egypto
1606 5083 1863 5151 traditus,
1895 5084 1979 5139 di-

404 5165 534 5221 vino
564 5166 777 5222 afﬂatus
797 5165 1048 5232 Numine,
1081 5168 1384 5228 Pharaonis
1402 5175 1630 5231 somniis
1652 5177 1977 5247 interpreta-

405 5255 552 5311 tione
584 5259 869 5327 explicatis
907 5261 947 5326 ³,
971 5262 1140 5318 totius
1174 5262 1392 5337 :Egypti
1434 5266 1687 5339 princeps
1727 5268 1979 5324 nomina-

404 5355 496 5404 tus
528 5358 635 5414 est,
669 5360 721 5405 et
745 5352 887 5407 fame
937 5362 1111 5409 totum
1145 5365 1414 5411 terrarum
1449 5359 1637 5414 orbem
1686 5359 1973 5431 aﬂligenle,

406 5436 604 5494 fratres
644 5441 699 5493 in
732 5441 1025 5514 Egyptum
1073 5462 1133 5502 se
1164 5448 1473 5515 conferunt,
1522 5449 1875 5518 frumentum,
1922 5458 1978 5507 et

405 5526 508 5597 ipsi
540 5537 598 5582 ut
626 5530 755 5583 fami
788 5534 1135 5590 mederentur
1154 5542 1390 5608 empturi
1413 5541 1567 5607 ',eta
1590 5540 1854 5600 fratribus
1884 5559 1974 5600 re-

458 5703 526 5783 ."
550 5702 814 5764 Ibid..16.
891 5712 936 5743 θ’
959 5712 1087 5770 Luc.
1115 5730 1175 5781 ιι,
1207 5716 1296 5773 14.
1360 5720 1395 5793 ,⁸
1421 5717 1551 5777 Gen.
1578 5735 1690 5777 xu.
1716 5724 1787 5796 --³
1827 5719 1972 5778 Ibid.

2080 4544 2274 4615 τούτῳ.
2312 4544 2644 4597 κωλυόντων
2694 4540 2786 4597 οὖν
2827 4545 2994 4616 αὐτὴν
3020 4543 3128 4597 τῶν
3166 4543 3383 4596 εἰδότων
3405 4558 3665 4612 γεγεννη-

2081 4639 2241 4690 κυῖαν
2267 4636 2455 4707 αὐτὴν,
2473 4636 2502 4687 6
2522 4637 2794 4709 Ζαχαρίας
2820 4638 3003 4707 ἔλεγεν
3026 4637 3183 4702 ἀξίαν
3214 4636 3383 4707 αὐτὴν
3410 4632 3550 4691 εἶναι
3568 4635 3661 4690 τοῦ

2078 4729 2245 4783 τόπου
2267 4729 2373 4782 τῶν
2402 4729 2704 4802 παρθένων.
2722 4730 2810 4794 Ὠς
2837 4726 2929 4784 οὖν
2949 4727 3365 4801 παρανομοῦντα
3393 4728 3555 4781 αὑτὸν
3583 4730 3663 4790 εἰς

2077 4820 2170 4874 τὸν
2214 4821 2377 4875 τόπον
2409 4821 2516 4875 τῶν
2556 4821 2843 4893 παρθένων
2887 4821 3086 4892 μεταξὺ
3130 4820 3225 4874 τοῦ
3272 4820 3660 4892 θυσιαστηρίου

2079 4912 2423 4967 ἀπέκτειναν.
2459 4914 2571 4967 Καὶ
2601 4912 2774 4967 ταῦτα
2800 4912 2898 4984 μὲν
2931 4912 3006 4977 ὡς
3030 4916 3087 4966 ὲν
3111 4913 3329 4985 παρόδῳ
3352 4912 3577 4985 ἐλέχθη..

2160 5091 2356 5164 Ἰωσὴφ
2397 5091 2473 5156 δὲ,
2508 5091 2791 5157 ἀποδοθεὶς
2827 5093 2885 5144 ἐν
2933 5093 3193 5165 Αἰγύπτῳ
3231 5094 3337 5148 ὑπὸ
3369 5095 3478 5149 τῶν
3508 5094 3659 5149 ἀδελ-

2079 5181 2215 5253 φῶν,
2235 5182 2354 5255 θείᾳ
2376 5184 2588 5257 ἐπινοίᾳ
2611 5183 2690 5255 τῷ
2719 5183 2916 5256 Φαραὼ
2935 5185 3211 5257 διακρίνας
3227 5186 3503 5258 ὀνείρατα,
3532 5188 3659 5257 ἡγει-

2081 5273 2196 5345 μὼν
2242 5276 2422 5347 πάσης
2471 5276 2570 5349 τῆς
2616 5276 2889 5346 Αἰγύπτου
2931 5276 3275 5334 καθίσταται.
3337 5280 3462 5332 Καὶ·
3500 5278 3654 5349 λιμοῦ

2077 5367 2257 5421 πᾶσαν
2290 5366 2566 5433 πιέζοντος
2586 5368 2685 5440 τὴν
2710 5371 2831 5440 γῆν,
2861 5372 2909 5423 οἱ
2941 5369 3159 5439 ἀδελφοὶ
3190 5369 3356 5424 αὑτοῦ
3390 5369 3655 5441 κατῆλθον

2077 5460 2156 5522 είς
2185 5459 2476 5529 Αἴγυπτον,
2520 5465 2665 5515 σῖτον
2694 5463 2789 5515 καὶ
2825 5464 2979 5517 αὐτοὶ
3018 5464 3108 5518 διὰ
3151 5463 3243 5517 τὸν
3268 5462 3426 5534 λιμὸν
3454 5463 3657 5534 ὠνησό-

2079 5567 2259 5621 μενοιο
2310 5554 2403 5608 καὶ
2444 5554 2873 5627 άναγνωρισθεὶς
2913 5556 3095 5621 αὐτοῖς
3144 5554 3342 5628 Ἰωσὴφ
3362 5595 3379 5623 ,
3428 5554 3657 5629 paetum;
