3840 6164
188 253 300 308 777

1113 242 1386 304 seuera.
1428 275 1498 286 —
1532 237 1892 300 COMMENT.
1933 234 2000 296 IN
2035 191 2532 300 nummarios.

3327 241 3428 302 778

179 373 378 435 αὐτοὺς
414 371 530 440 ἅμα
553 367 632 439 τῷ
663 368 829 432 πατρὶ
861 365 1050 421 Ἰακὼϐ
1073 369 1152 432 είς
1180 366 1276 438 τὴν
1308 366 1582 434 Αἴγυπτον
1615 384 1758 437 παγ-

1860 362 2131 433 cognitus,
2167 359 2330 420 simul
2389 374 2513 420 cum
2571 367 2744 430 patre.
2800 375 2896 420 eos
2931 367 2986 418 et
3015 362 3288 419 universis
3333 379 3431 424 eo-

175 464 335 534 γενῆ.
362 461 452 532 Τῷ
482 463 579 531 μὲν
613 460 720 530 γὰρ
759 458 967 512 Ῥουδὶν
995 459 1256 528 τέσσαρες
1283 459 1468 520 παῖδες
1493 458 1758 526 ἐγένοντο,

189 553 382 623 Ἑνὼχ,
409 551 595 614 φαλὲς,
640 549 882 621 “Mam,
922 547 1167 620 χαρμει·
1202 547 1281 618 τῷ
1319 547 1374 600 δὲ
1417 546 1641 618 Συμεὼν
1679 547 1758 613 ἓξ,

188 646 446 716 Ἰεῦουὴλ,
491 641 689 713 Ἰαὸὴν,
731 641 882 706 ’Δὼδ,
929 641 1103 712 ’Δχιὴ,
1133 639 1294 710 Σαδὴ,
1325 639 1526 692 Σαούλ·
1562 640 1656 692 καὶ
1684 639 1762 709 τῷ

175 736 310 790 Aeni
361 737 526 806 τρεῖς,
581 730 810 796 Γεδσὼν,
885 730 1057 794 Βωὰδ,
1113 730 1206 782 καὶ
1258 728 1532 800 Μεναρείο
1583 729 1660 800 τῷ
1703 729 1760 783 δὲ

187 828 364 882 Ἰούδα
388 828 568 889 πέντε,
590 825 717 896 Ἤρ,
742 822 946 887 Δὺνὼν,
967 823 1180 886 οἵτινες,
1204 821 1383 885 καθὼς
1412 823 1758 894 προεγράφη,

175 915 470 980 ἀπέθανον,
513 913 730 985 Σηλὼμ,
761 914 955 982 Φαρὲς,
989 911 1170 983 Ζαρά·
1208 911 1286 982 τῷ
1329 913 1386 965 δὲ
1428 914 1602 984 Φαρὲς
1645 913 1757 980 δύο,

188 1007 445 1078 Ἀῥρὼμ,
503 1007 595 1060 καὶ
644 1005 886 1075 Ἰεμοήλο
935 1004 1013 1075 τῷ
1057 1005 1116 1058 δὲ
1166 1003 1418 1076 Ἰσσάχαρ
1475 1006 1756 1075 τέσσαρες,

179 1096 532 1160 Θαλὰ,Φονὰ,
577 1097 812 1163 Ἰασοὺφ,
867 1095 1106 1166 Ζαδράν’
1138 1093 1216 1164 τῷ
1257 1094 1537 1149 Σαδουλὼν
1587 1097 1757 1168 τρεῖς,

178 1189 402 1261 Σερδὲρ,
451 1187 666 1249 mam,
716 1187 882 1258 Δίήλ·
921 1188 968 1240 οἱ
1010 1187 1210 1250 πάντες
1249 1188 1541 1258 τριάκοντα
1588 1191 1756 1259 τρεῖς,

173 1284 240 1336 ὲκ
277 1282 379 1352 τῆς
421 1281 582 1344 Λείας
615 1281 674 1334 τδ
702 1281 854 1350 γένος
895 1279 1125 1350 ἔχοντες,
1165 1281 1258 1333 καὶ⁸
1307 1280 1578 1351 θυγατέρα
1611 1281 1756 1334 Δίνα.

183 1373 464 1442 Ἐγένοντο
485 1370 541 1424 δὲ
574 1371 667 1424 καὶ
700 1370 777 1442 τῷ
805 1369 909 1422 Γὰδ
941 1370 1047 1422 υίοὶ
1075 1369 1233 1432 ἑπτὰ,
1267 1368 1480 1437 Σαφὼν,
1515 1369 1755 1436 ’Δγγεις,

174 1466 409 1530 Σαῦνις,
459 1464 730 1526 eamea,
788 1463 999 1534 Ἀήδις,
1053 1462 1339 1532 Ἀνοήδης,
1385 1461 1631 1534 Ἀρίληςο
1680 1459 1758 1530 τῷ

172 1561 230 1614 δὲ
274 1559 443 1630 Ἀσὴρ
473 1557 756 1629 τέσσαρες,
795 1555 991 1625 Ἰεμνὰ,
1038 1554 1193 1618 Ἰοὺλ,
1245 1554 1445 1625 Μερία,
1483 1554 1576 1607 καὶ
1617 1551 1760 1624 Σερὰ

173 1651 456 1723 θυγάτηρο
522 1651 587 1704 ὲκ
635 1648 691 1702 δὲ
731 1647 825 1701 τοῦ
872 1645 1036 1717 Βερία
1093 1647 1459 1718 ἐγεννήθησαν
1525 1643 1754 1715 Χοὸὼρ,

172 1745 268 1800 καὶ
292 1742 552 1814 Μελχιήλ·
597 1734 742 1795 οὗτοι
774 1739 973 1803 πάντες
1007 1739 1066 1806 ἓξ
1110 1738 1206 1792 καὶ
1234 1738 1364 1792 δέκα
1404 1737 1510 1790 ulo‘t
1548 1737 1760 1806 Ζελφᾶς

169 1838 273 1907 τῆς
306 1835 590 1905 παιδίσκης
628 1833 811 1896 Λείας,
849 1833 971 1902 ἥτις
1026 1835 1104 1896 εἰς
1153 1832 1323 1902 ὄνομα
1361 1831 1462 1900 τῆς
1488 1830 1651 1894 Λείας
1682 1829 1761 1899 τῷ

181 1929 382 1984 Ἰακὼὸ
432 1929 626 1991 αὐτοὺς
681 1926 986 1996 ἐγέννησεν.
1043 1924 1367 1996 Ἐτέχθησαν
1419 1921 1477 1976 δὲ
1537 1921 1630 1976 καὶ
1680 1921 1760 1992 τῷ

184 2021 387 2092 Ἰωσὴφ
439 2021 498 2073 ὲν
555 2018 816 2087 Αἰγύπτῳ
871 2016 1058 2079 παῖδες
1111 2016 1241 2079 δύο,
1309 2014 1608 2084 Μανασσῆς
1665 2012 1758 2066 καὶ¹

181 2113 446 2186 Ἐφραὶμ,
493 2111 589 2176 οὓς
629 2112 814 2165 ἔτεκεν
860 2111 1007 2181 αὐτῷ
1045 2108 1252 2162 Ἀσινὲο
1307 2108 1552 2178 θυγάτηρ
1591 2107 1759 2160 Πετε-

174 2208 288 2278 φρῆ
319 2205 522 2259 Ἠλιοῦ.
554 2206 664 2257 Καὶ
693 2205 756 2257 ὲκ
801 2203 898 2274 μὲν
931 2201 1025 2255 τοῦ
1055 2199 1319 2269 Μανασσῆ
1347 2198 1606 2270 ἐγεννήθη
1639 2199 1760 2252 Μα-

173 2300 296 2368 χεὶρ
327 2299 392 2351 ὲκ
423 2297 671 2367 παλακῆς
700 2296 898 2367 Συρίας
919 2293 995 2365 τῷ
1019 2293 1196 2362 γένει’
1229 2296 1257 2346 ὁ
1283 2292 1340 2348 δὲ
1369 2292 1584 2364 Μαχεὶρ
1608 2291 1759 2359 ὲγένο

172 2409 306 2463 νησε
352 2390 442 2444 τὸν
479 2389 718 2444 Γαλαάδο
765 2391 830 2442 ὲκ
874 2389 931 2441 δὲ
963 2387 1057 2440 τοῦ
1113 2386 1349 2458 Ἐφραῒμ
1392 2385 1758 2458 ἐγεννήθησαν

175 2482 283 2534 υίοὶ
317 2480 621 2550 Σουταλὰμ,
649 2479 774 2543 Bis,
809 2479 954 2548 Δάμ.
992 2479 1083 2531 Ἐκ
1102 2478 1158 2532 δὲ
1179 2476 1270 2532 τοῦ
1295 2476 1579 2548 Σουταλὰμ
1608 2478 1761 2545 ἐγενε-

171 2573 310 2645 νήθη
349 2573 513 2626 Ἐδέν.
553 2571 645 2642 Τῷ
684 2571 740 2624 δὲ
786 2570 1043 2642 Βενιαμὶν
1091 2572 1184 2624 καί
1233 2569 1380 2639 αὐτῷ
1427 2569 1520 2623 δύο
1571 2569 1758 2633 παῖδες

172 2667 443 2736 ιγένοντο,
476 2664 832 2737 Βαλλαχοϐὼρ
882 2666 975 2718 καὶ
1011 2666 1279 2735 Ἀσσαήρ·
1313 2665 1376 2716 ἐκ
1409 2663 1464 2716 δὲ
1494 2661 1584 2716 τοῦ
1620 2663 1758 2716 Βαλ-

173 2757 428 2830 λαχοὸὼρ
447 2759 648 2830 Γηρὰν,
670 2758 764 2812 καὶ
788 2759 1014 2829 Νοεμὶν,
1038 2758 1130 2811 καὶ
1150 2758 1353 2827 Λάχης,
1385 2757 1478 2810 καὶ
1519 2755 1756 2827 Ἐσρὼμ,

174 2853 266 2904 καί
289 2851 510 2922 Μαμφί.
553 2851 752 2921 May.th
778 2850 835 2904 δὲ
860 2850 1117 2919 ἐγέννησε
1141 2849 1231 2901 τὸν
1271 2848 1432 2918 ’Δράδ
1451 2865 1463 2878 ’
1488 2843 1629 2902 οὗτοι
1655 2848 1760 2900 υἱοὶ

185 2944 389 3015 Ῥαχὴλ
418 2947 466 2998 0i
499 2945 696 3007 πάντες
725 2943 1117 2998 ὀκτωκαίδεκα.
1159 2942 1284 3005 Υἱὸς
1323 2943 1380 2995 δὲ
1423 2943 1638 3010 ἐγένετο
1681 2939 1760 3011 τῷ

172 3035 308 3091 Δάδο
355 3034 450 3088 τοῦ
501 3035 558 3088 δὲ
608 3035 922 3105 Νεφθαλεὶμ
967 3033 1182 3105 Ἀσιὴλ,
1233 3032 1329 3086 καὶ
1374 3033 1612 3102 Γοῦμὶν,
1665 3031 1759 3086 καὶ

184 3129 394 3199 Ἰσαὰρ,
415 3129 508 3182 καὶ
530 3127 712 3198 Συλὴμ
732 3145 743 3156 ·
772 3122 916 3180 οὗτοι
941 3127 1046 3178 tio).
1077 3125 1286 3190 Βάλλας
1315 3123 1601 3194 παιδίσκης
1634 3122 1758 3176 Ῥα-

173 3219 276 3291 χὴλ
309 3221 360 3271 οι
391 3220 587 3282 πάντες
622 3218 778 3272 ἑπτά.
813 3219 872 3270 ὐ
917 3217 974 3270 δὲ
1018 3215 1286 3287 μακάριος
1325 3213 1516 3268 Ἰακὼϐ
1558 3213 1652 3285 ἔτη
1695 3212 1762 3266 τὰ

175 3313 356 3366 πάντα
395 3309 596 3382 βιώσας
641 3310 784 3382 ρμξ,
814 3311 872 3362 ὲν
917 3308 1176 3378 Αἰγύπτῳ
1201 3307 1439 3361 ἀπέθανε
1458 3345 1473 3370 ,
1501 3306 1762 3377 πρότερον

174 3405 408 3460 ἰκαστον
435 3404 543 3456 τῶν
573 3403 704 3456 υἱῶν
737 3401 900 3456 αὑτοῦ
939 3401 1209 3473 διαφόροις
1238 3400 1507 3468 εὐλογίαις
1539 3398 1762 3469 εὐλογή-

177 3514 298 3563 σας.
332 3496 442 3550 Καὶ
469 3496 566 3567 τὴν
606 3496 702 3566 μὲν
734 3495 980 3563 εὐλογίαν
1024 3494 1129 3547 τῶν
1172 3492 1529 3567 πρωτοτόκων
1568 3489 1760 3560 Ἰωσὴφ

177 3588 504 3661 παρέσχετο,
527 3590 621 3642 καὶ
651 3588 772 3658 οὐχὶ
806 3587 1042 3640 Ῥουϐίνο
1069 3587 1200 3640 διότι
1240 3587 1268 3638 ό
1318 3585 1416 3657 μὲν
1453 3583 1648 3654 Ἰωσὴφ
1687 3583 1760 3654 μὴ

172 3681 327 3748 εἷξας
357 3681 514 3751 ἡδονῇ
550 3680 648 3751 τῆς
682 3678 983 3746 Αἰγυπτίας
1023 3676 1331 3748 ἐδικαιώθη,
1377 3678 1406 3728 ό
1451 3675 1506 3729 δὲ
1552 3676 1760 3728 Ῥουὸἱν

172 3772 430 3843 ἡττηθεὶς
454 3772 724 3842 ἥμαρτεν·
768 3770 940 3833 ἄλλως
974 3787 1030 3823 τε
1055 3771 1136 3823 ὄτι
1186 3770 1281 3822 καὶ
1328 3771 1392 3822 ὲκ
1423 3769 1524 3838 τῆς
1561 3767 1760 3839 Ῥαχὴλ

176 3867 521 3938 πρωτότοκος
549 3866 780 3936 ὑπῆρχε,
816 3864 909 3917 καὶ
938 3866 1004 3934 τῇ
1037 3863 1204 3916 Ἰούδα
1235 3863 1372 3934 φυλῇ
1402 3862 1760 3934 ἀπεκλήρωσε

174 3957 274 4026 τὴν
320 3954 609 4024 βασιλείαν,
651 3955 745 4008 καὶ
790 3955 850 4006 οὐ
901 3955 967 4024 τῇ
1014 3952 1107 4005 τοῦ
1147 3953 1382 4005 Ῥουϐίν·
1415 3952 1547 4005 διότι
1593 3955 1620 4006 ό
1662 3954 1760 4023 μὲν

186 4044 390 4108 Ἰούδας
419 4049 476 4098 ἐν
509 4045 726 4113 γυναικὶ
751 4043 1059 4113 ὡνειδίσθη,
1084 4044 1112 4094 ὁ
1139 4043 1194 4095 δὲ
1235 4042 1546 4114 ἐδικαιώθη,
1571 4043 1761 4114 ὁμολο-

175 4138 356 4206 γήσας
411 4136 765 4206 εὐγνωμόνως
824 4135 1013 4188 ἑαυτὸν
1059 4135 1343 4203 τυγχάνειν
1394 4137 1458 4205 τῇ
1519 4134 1760 4205 ἁμαρτίᾳ

177 4225 498 4291 ὑπεύθυνον,
529 4229 621 4279 καὶ
649 4227 708 4280 ού
729 4227 825 4298 τὴν
850 4227 1099 4294 γυναῖκα.
1136 4225 1296 4278 Ἀλλὰ
1325 4227 1420 4280 καὶ
1443 4227 1579 4279 κατὰ
1605 4226 1762 4278 τοῦτο

178 4317 484 4388 βασιλεύειν
525 4317 746 4387 ἐτάχθη,
800 4315 987 4386 ἐπειδὴ
1034 4315 1166 4385 μόνη
1210 4315 1318 4368 τῶν
1359 4315 1530 4369 ἄλλων
1581 4314 1761 4383 φυλῶν

1863 469 1984 508 rum
2014 451 2237 509 familiis
2287 452 2344 508 in
2381 450 2674 523 Egyptum
2708 461 3006 514 commutat
3057 454 3098 509 ³.
3133 452 3312 510 Rubin
3343 463 3428 510 ets

1860 544 2006 604 enim
2033 552 2267 614 quatuor
2279 543 2372 598 ﬁlii
2385 554 2538 600 erant
2560 544 2709 599 nati:
2739 543 2948 608 Enocb,
2965 543 3184 609 Phales,
3207 547 3426 613 Arrom,

1859 636 2115 702 Charmi;
2147 635 2401 708 Symeoni
2431 651 2548 700 sex,
2587 635 2797 701 Jebuel,
2839 635 3032 702 Jaben,
3062 637 3200 705 Aod,
3235 638 3428 706 Achic,

1863 729 2026 796 Sade,
2063 729 2224 796 Saul;
2254 727 2384 785 Levi
2421 739 2554 792 tres,
2610 728 2846 795 Gedson,
2881 729 3058 785 Boach
3088 739 3144 786 et
3183 729 3422 798 Menari;

1857 821 2011 876 ludas
2037 822 2275 892 quinque
2301 837 2315 873 :
2343 821 2468 886 Her,
2507 821 2725 886 Annon,
2761 822 2877 892 qui,
2910 830 2968 877 ut
2997 823 3251 894 superius
3283 823 3425 878 scrie

1861 920 2012 982 ptum
2039 923 2146 977 est,
2177 913 2533 969 decesserunt
2558 931 2573 980 ;
2604 912 2806 981 Sebon,
2831 912 3058 978 Phares,
3087 915 3257 982 Zara;
3289 913 3434 969 Pha-

1860 1021 1950 1062 res
2010 1005 2142 1068 duo,
2199 1006 2412 1070 Arron,
2466 1014 2519 1060 et
2564 1005 2796 1074 Jemuel;
2853 1005 3103 1063 lssachar
3153 1019 3426 1079 quatuor,

1860 1093 2054 1159 Thala,
2115 1094 2326 1158 Phona,
2375 1094 2606 1166 Jasuph,
2673 1096 2921 1166 Zabran;
2979 1097 3223 1156 Zabulon
3290 1108 3428 1164 tres.

1861 1183 2083 1252 Serder,
2118 1186 2318 1252 Aldon,
2348 1186 2466 1249 Ael,
2493 1188 2584 1257 qui
2609 1203 2800 1244 omnes
2834 1189 3058 1259 triginta
3086 1198 3199 1246 tres
3231 1206 3298 1246 ex
3332 1189 3428 1246 Lia

1859 1277 2122 1347 originem
2157 1279 2403 1342 trahunt,
2437 1288 2490 1334 et
2536 1279 2645 1332 ﬁlia
2676 1279 2833 1336 Dina.
2884 1281 3006 1337 Nati
3053 1291 3183 1338 sunt
3222 1291 3276 1341 et
3307 1280 3426 1340 Gad

1859 1379 2088 1440 septem,
2118 1368 2362 1439 Saphon,
2384 1371 2573 1440 Angis,
2611 1369 2832 1436 Saunis,
2867 1371 3203 1439 Thasohath,
3233 1377 3422 1443 Aedis,

1857 1462 2117 1525 Anoedis,
2148 1463 2362 1528 Ariles;
2402 1463 2567 1518 Asser
2599 1471 2854 1534 quatuor,
2905 1463 3100 1531 Jenna,
3135 1467 3278 1534 Jeul,
3316 1469 3430 1526 Me-

1857 1554 1960 1621 ria,
1998 1564 2053 1610 et
2105 1554 2241 1626 Syra
2301 1556 2446 1624 ﬁlia;
2478 1556 2664 1619 Beriaa,
2705 1556 2921 1613 Chebor
2961 1565 3016 1613 et
3049 1557 3317 1616 Melchiel.
3360 1559 3428 1616 Hi

1857 1661 2047 1702 omnes
2097 1646 2370 1701 sexdecim
2405 1648 2520 1712 ﬁlii,
2585 1647 2838 1717 Zelphas,
2887 1651 3100 1706 ancilla:
3145 1650 3276 1717 Lite,
3308 1665 3429 1723 qua

1789 1719 1832 1775 Β
1861 1739 2081 1798 nomine
2109 1738 2216 1794 Lis:
2234 1756 2331 1795 eos
2363 1739 2566 1796 Iacobo
2581 1749 2952 1812 generaverat.
2977 1742 3068 1798 Sic
3087 1752 3142 1800 et
3172 1746 3229 1800 in
3259 1719 3428 1818 Egy-

1858 1839 1953 1902 pto
2001 1830 2237 1902 Josepho
2299 1835 2415 1888 nati
2481 1843 2612 1889 sunt
2677 1836 2773 1890 ﬁlii
2835 1837 2966 1903 duo,
3028 1837 3310 1895 Manasses
3371 1845 3426 1895 et

1858 1923 2136 1993 Ephraim,
2172 1941 2310 1995 quos
2337 1929 2540 1998 peperit
2569 1930 2645 1983 illi
2675 1928 2927 1994 Asineth,
2984 1929 3092 1985 ﬁlia
3123 1930 3427 2003 Petephra,

1858 2015 1951 2070 ﬁlii
1979 2017 2166 2081 Heliae,
2197 2027 2252 2074 et
2277 2036 2342 2075 ex
2368 2020 2616 2078 Manasse
2639 2030 2793 2079 Ortus
2823 2032 2907 2079 est
2934 2025 3141 2080 Machir
3168 2041 3199 2080 e
3228 2027 3427 2096 pellice

1858 2105 1995 2178 Syra
2053 2124 2271 2179 genere.
2311 2111 2518 2166 Machir
2570 2114 2757 2182 genuit
2795 2112 2987 2170 Galad.
3047 2114 3126 2169 Ex
3169 2112 3426 2184 Ephraim

1855 2201 1968 2252 nati
2007 2209 2137 2256 sunt
2172 2202 2288 2268 ﬁlii,
2323 2200 2590 2268 Sutalam,
2646 2205 2776 2267 Bad,
2829 2204 2992 2272 Lam;
3053 2221 3120 2261 ex
3151 2205 3426 2274 Sutulam,

1855 2289 2042 2345 Edem.
2079 2291 2357 2362 Benjamin
2384 2295 2510 2349 item
2561 2294 2670 2351 duo
2712 2296 2830 2360 ﬁlii,
2867 2296 3227 2352 Ballachobor
3246 2307 3299 2350 et
3320 2298 3428 2353 AI-

1855 2396 1962 2436 ser.
1991 2381 2067 2436 Ex
2102 2382 2478 2447 Ballachobor,
2509 2384 2726 2453 Geram,
2749 2397 2801 2442 et
2833 2386 3081 2451 Noemin,
3105 2395 3160 2443 ct
3194 2387 3425 2456 Laches,

1857 2481 1910 2529 et
1935 2473 2148 2538 Esrom,
2183 2484 2240 2530 et
2267 2475 2521 2546 Mamphi.
2551 2477 2781 2548 Memphi
2803 2480 2991 2549 genuit
3017 2479 3196 2548 Arad;
3223 2481 3276 2535 hi
3306 2496 3426 2535 om-

1857 2583 1956 2623 nes
1979 2567 2182 2623 Rachel
2231 2568 2326 2622 ﬁlii
2359 2583 2590 2622 numero
2635 2570 2823 2624 decem
2871 2578 2926 2626 et
2963 2578 3110 2626 octo.
3139 2571 3252 2626 Dad
3280 2572 3426 2629 ﬁlius

1857 2657 1957 2712 fuit
1990 2655 2728 2730 Nephthalim,Nephthalim
2762 2661 2926 2727 Asicl,
2971 2669 3025 2717 et
3077 2661 3334 2735 Goymin,
3372 2673 3430 2720 et

1857 2747 2027 2814 lsaar,
2061 2761 2116 2804 et
2145 2747 2363 2820 Sylem;
2396 2751 2450 2805 hi
2485 2751 2579 2804 ﬁlii
2629 2751 2810 2806 Ballas
2839 2753 3048 2807 ancilla:
3081 2751 3286 2810 Rachel
3323 2770 3430 2810 nu-

1858 2855 2008 2895 mero
2041 2852 2267 2912 septem.
2305 2839 2408 2895 Sed
2429 2843 2618 2897 beatus
2643 2840 2831 2907 Jacob,
2854 2845 3012 2900 annis
3046 2854 3265 2900 centum
3295 2861 3433 2916 qua-

1859 2931 2108 3002 draginta
2140 2941 2343 3002 septem
2387 2935 2644 3004 peractis,
2676 2950 2708 2990 e
2737 2936 2846 2989 vita
2867 2937 3136 3007 migravit.
3155 2937 3432 2994 Primum-

1785 3065 1828 3123 Ο
1862 3037 1967 3092 que
1996 3039 2324 3094 unoquoque
2355 3023 2465 3079 ﬁlio
2499 3041 2759 3096 prcepera
2789 3027 3105 3094 ominando,
3167 3031 3320 3084 varia
3347 3031 3432 3086 di-

1860 3129 2126 3183 versaque
2177 3115 2552 3171 benedictione
2610 3116 2918 3182 benedixit,
2970 3126 3023 3172 et
3087 3118 3433 3190 primogenit't

1859 3206 2293 3262 benedictionem
2321 3209 2582 3277 elargitus
2608 3216 2694 3262 est
2723 3207 2960 3280 Josepho
2985 3218 3038 3264 et
3067 3226 3176 3265 non
3210 3210 3388 3267 Rubin
3411 3226 3432 3281 ι

1858 3300 2004 3369 quod
2033 3298 2232 3370 Joseph
2263 3298 2517 3371 Egyptian
2548 3300 2825 3370 voluptate
2880 3303 3104 3358 minime
3149 3304 3430 3371 deﬁnitus,

1854 3393 2038 3461 justus
2059 3393 2278 3446 habitus
2306 3404 2408 3447 est.
2436 3392 2650 3446 Rubin‘
2679 3395 2748 3446 ab
2774 3408 2836 3446 ea
2859 3402 3148 3463 superatus
3165 3398 3428 3466 peccavit,

1862 3483 2160 3553 praesertim
2184 3499 2306 3537 cum
2326 3499 2391 3538 ex
2426 3481 2632 3536 Rachel
2679 3483 3074 3552 priinogenitus
3102 3495 3268 3539 esset.
3302 3485 3429 3539 Tri-

1861 3575 1951 3629 bui
1981 3573 2133 3630 Iudae
2161 3583 2215 3630 et
2247 3590 2353 3629 non
2375 3573 2555 3628 Rubin
2585 3573 2947 3644 principatum
2993 3577 3261 3641 attribuit,
3285 3577 3432 3646 quod

1858 3664 2011 3720 Iuda:
2039 3682 2138 3735 pro
2171 3665 2397 3719 muliere
2426 3665 2688 3734 probrum
2741 3664 3014 3733 objectum
3062 3674 3179 3728 est;
3213 3668 3302 3722 hic
3333 3683 3435 3723 auo

1857 3764 1965 3812 tem
1991 3757 2175 3826 justus
2233 3757 2471 3820 habitus,
2503 3771 2628 3809 cum
2655 3755 2888 3812 candide
2938 3756 3120 3812 fassus
3173 3767 3321 3815 esset
3351 3775 3434 3829 se,

1861 3866 1968 3903 non
1997 3850 2302 3911 Inuherem,
2327 3859 2549 3917 peccato
2579 3848 2897 3903 obnoxium.
2931 3848 3072 3916 Quin
3104 3859 3159 3905 et
3181 3861 3435 3922 pr0ptero

1859 3956 1924 3994 ea
1957 3941 2031 3994 illi
2078 3940 2338 4010 regnandi
2384 3941 2665 4010 provincia
2736 3941 2914 3996 delata
2953 3953 3056 4008 est,
3113 3945 3243 4014 quia
3303 3945 3433 4002 relic

1860 4033 1984 4101 quis
2009 4031 2261 4086 tribubus
2312 4032 2428 4086 sola
2458 4031 2572 4086 haec
2621 4041 2942 4088 constanter
2979 4037 3153 4106 magis
3230 4037 3434 4108 magis.

1859 4139 1965 4193 que
1990 4139 2176 4178 severe
2206 4131 2265 4178 ut
2293 4123 2403 4178 Deo
2431 4124 2660 4193 injurias
2712 4126 2890 4183 illatas
2946 4128 3318 4194 ulcisceretur,
3350 4131 3435 4186 la-

1859 4215 2124 4283 borabat;
2156 4224 2487 4287 quapropter
2545 4225 2598 4272 et
2629 4217 2909 4275 Christum
2959 4222 3263 4277 secundum
3309 4237 3434 4278 caro

1862 4321 2022 4370 nem,
2063 4321 2128 4361 ex
2184 4321 2248 4361 ea
2299 4307 2592 4362 oriundum
2645 4309 3001 4375 vaticinatur,
3053 4317 3107 4364 et
3161 4325 3256 4379 per
3307 4325 3435 4365 eum

180 4409 496 4480 ίταμωτέρα
518 4410 651 4480 πρὸς
672 4408 829 4478 ζῆλον
857 4409 948 4459 καὶ
971 4407 1245 4477 ἐκδίκησιν
1277 4405 1409 4458 Θεοῦ
1441 4406 1752 4476 ἐτύγχανενο

1861 4398 2202 4452 vocationem
2259 4398 2500 4467 gentium
2561 4397 2820 4452 futuram.
2861 4397 2990 4454 Levi
3035 4415 3308 4454 summum
3343 4415 3436 4456 sa-

175 4501 256 4556 διὸ
284 4501 380 4553 καὶ
407 4501 464 4566 ἐξ
502 4499 664 4553 αὐτοῦ
693 4500 853 4567 φῦναι
877 4499 1206 4569 προφητεύει
1235 4498 1323 4550 τὸν
1354 4495 1585 4568 Χριστὸν
1615 4495 1755 4550 κατὰ

182 4592 384 4662 σάρκα,
412 4591 504 4643 καὶ
529 4591 626 4662 τὴν
663 4591 852 4660 κλῆσιν
887 4589 952 4642 δι’
983 4589 1145 4642 αὑτοῦ
1184 4589 1290 4640 τῶν
1320 4589 1506 4642 ἐθνῶν.
1538 4590 1647 4642 Καὶ
1679 4587 1756 4658 τῷ

181 4683 314 4737 Λευῖ
345 4683 402 4736 δὲ
431 4683 530 4753 τὴν
557 4682 962 4754 ἀρχιερωσύνην
1009 4682 1151 4752 μόνῳ
1191 4683 1469 4750 ἀπένειμε,
1501 4680 1690 4734 καθότι
1726 4683 1756 4735 ό

197 4773 418 4847 Ἀμρὰμ
459 4773 515 4840 ἐξ
549 4775 711 4827 αὑτοῦ
754 4779 876 4844 φὺς,
917 4772 978 4826 τὸ
1021 4775 1195 4844 δόγμα
1242 4774 1336 4826 τοῦ
1379 4773 1578 4844 Φαραὼ
1619 4791 1758 4844 παρ·

183 4867 500 4938 εκρούσατο,
534 4869 742 4920 καὶτὸν
788 4868 900 4920 υἱὸν
944 4867 1134 4920 ἑαυτοῦ
1183 4864 1274 4919 τὸν
1310 4867 1552 4936 Μωῦσῆν
1595 4863 1760 4929 ὲζωοο

183 4959 399 5028 ποίησε.
454 4959 626 5011 Μόνον
686 4959 743 5011 δὲ
796 4959 886 5012 τδν
931 4958 1140 5011 Ῥουδὶν
1198 4957 1361 5010 πολὺν
1411 4957 1486 5028 τῷ
1543 4955 1762 5028 ἀριθμῷ

183 5051 429 5119 ἐποίησε,
476 5049 563 5103 διὰ
603 5049 663 5102 τὸ
711 5049 784 5120 μὴ
839 5049 1140 5102 συναινέσαι
1188 5051 1279 5102 ἐπὶ
1297 5051 1362 5119 τῇ
1404 5047 1599 5119 Ἰωσὴφ
1646 5049 1763 5098 tma-

183 5139 369 5211 ϐουλῇ.
403 5141 832 5213 Τελευτήσαντος
873 5140 1002 5210 γοῦν
1033 5140 1126 5193 τοῦ
1167 5139 1358 5192 Ἰακὼὸ
1389 5140 1445 5192 ὲν
1483 5138 1760 5208 Αἰγύπτῳ,

184 5233 264 5294 είς
305 5233 401 5304 τὴν
445 5234 756 5285 Χαναναίαν
796 5233 898 5302 γῆν
939 5233 1252 5304 κηδεύουσιν
1297 5231 1757 5302 (Ξιιτοκομίσαντες⁶

183 5323 386 5390 ὁμοίως
419 5324 476 5377 δὲ
520 5325 614 5377 καὶ
658 5325 783 5387 τοὺς
818 5325 964 5386 υἱοὺς
1009 5323 1170 5376 αὑτοῦ
1202 5324 1448 5387 πάντας.·
1473 5323 1594 5376 Ἐπὶ
1622 5323 1763 5376 τέλει

183 5413 240 5466 δὲ
291 5416 385 5466 καὶ
415 5416 506 5467 τὸν
549 5416 768 5486 Ἰωσὴφ,
814 5416 914 5485 τῆς
959 5415 1231 5483 Αἰγύπτου
1285 5415 1762 5485 ἀποχωρήσαντες,

188 5505 499 5576 κηδεύουσιν
529 5507 653 5560 ἔνθα
693 5509 722 5560 ό
757 5507 1057 5582 προπάτωρ
1087 5506 1264 5558 αὐτῶν
1294 5505 1538 5577 Ἀϐραὰμ
1570 5521 1768 5577 προκε-

1860 4488 2162 4544 cerdotium
2197 4489 2363 4550 dedit,
2385 4489 2529 4560 quod
2561 4490 2781 4545 Amram
2810 4506 2874 4546 ex
2899 4506 2964 4546 eo
2987 4499 3159 4554 ortus,
3195 4491 3437 4547 Pharao-

1862 4582 1950 4636 nis
2005 4582 2200 4654 dogma
2247 4582 2549 4638 refellendo
2601 4585 2892 4653 coarguit,
2943 4584 3220 4652 ﬁliumque
3272 4598 3436 4641 suum

1864 4672 2104 4745 lloysem
2136 4675 2260 4729 vitae
2283 4675 2538 4729 servavit.
2572 4673 2808 4728 Tantum
2865 4674 3045 4730 Rubin
3096 4677 3434 4746 lrequentem

1866 4766 2195 4836 uberemque
2238 4783 2466 4822 numero
2497 4767 2816 4831 declaravit,
2849 4767 2994 4837 quod
3046 4768 3112 4822 ad
3139 4768 3438 4838 Josephum

1866 4858 2201 4928 perdendum
2227 4875 2335 4914 non
2366 4860 2667 4915 consensit.
2723 4859 2908 4929 Itaque
2949 4870 3166 4916 mortuo
3191 4861 3360 4917 Jacob
3381 4862 3437 4917 in

1868 4949 2128 5021 Egypto,
2182 4951 2236 5005 in
2276 4953 2710 5007 Chananacorum
2760 4953 3035 5022 regionem
3067 4955 3318 5008 translati
3351 4952 3440 5008 fu-

1868 5045 2018 5098 neris
2033 5044 2323 5113 exsequias
2349 5045 2621 5113 prosecuti
2639 5055 2766 5099 sunt
2793 5044 2833 5111 ',
2852 5045 3103 5100 similiter
3122 5051 3176 5100 et
3203 5045 3438 5100 ﬁliorum

1867 5134 1988 5204 ejus
2020 5137 2284 5192 omnium.
2331 5135 2574 5190 Tandem
2603 5145 2656 5192 ct
2682 5134 2883 5205 Ioseph
2910 5152 2972 5192 ex
3009 5135 3251 5207 Egypto
3288 5151 3442 5192 sece-

1869 5226 2089 5291 dentes,
2154 5229 2422 5297 sepeliunt
2478 5231 2533 5292 ⁸,
2593 5229 2685 5283 ubi
2716 5244 2908 5284 eorum
2964 5230 3183 5300 generis
3239 5236 3439 5286 auctor

1871 5321 2145 5375 Abraham
2170 5322 2323 5390 prius
2351 5323 2608 5377 humatus
2635 5322 2809 5376 fuerat
2833 5339 2847 5388 ;
2874 5337 2940 5378 eo
2973 5323 3026 5376 in
3050 5323 3170 5378 loco
3200 5322 3442 5378 terebins

1874 5413 2001 5468 thus
2030 5413 2202 5468 inerat
2231 5413 2335 5468 sub
2355 5429 2460 5482 qua
2491 5412 2662 5468 Jacob
2688 5413 2873 5469 Lahan
2897 5415 3040 5469 idola
3069 5413 3358 5470 abscondit
3394 5410 3441 5478 τ,

1872 5519 2034 5575 quam
2067 5503 2133 5558 ad
2167 5504 2280 5560 haec
2308 5513 2553 5575 tempora
2584 5505 2640 5559 in
2671 5507 2934 5577 majorem
2965 5507 3250 5572 honorem,
3277 5505 3445 5564 vicini

292 5661 313 5693 ⁸
335 5661 462 5718 Gen.
490 5677 637 5717 vat.
716 5664 737 5694 ⁵
763 5661 892 5722 Gen.
912 5677 1034 5718 xu:
1058 5664 1274 5727 passim.
1349 5662 1369 5696 ⁸
1394 5661 1520 5718 Cen.
1545 5678 1596 5717 ι.
1674 5662 1694 5693 ⁸
1717 5659 1895 5717 Exod.
1917 5677 2012 5734 sui
2033 5677 2046 5727 ;
2067 5658 2184 5716 los.
2227 5673 2380 5720 xxiv.
2463 5661 2482 5696 '
2510 5659 2639 5716 Gen.
2664 5665 2845 5738 una:

503 5757 777 5819 Parnon.
811 5757 928 5820 Gn.
970 5759 1196 5820 XVIII.

3163 5758 3244 5824 23
