3840 6164
442 249 543 309 779

1302 253 1360 310 S.
1403 251 1843 310 EUSTATHIUS
1879 250 2369 312 ANTIOCHENUS
2405 253 2803 311 EPISCOPUS.

3566 256 3672 310 780

429 371 553 439 ejus
581 370 770 425 incola
799 383 1010 424 summa
1041 369 1303 440 religione
1325 376 1655 424 venerantur
1675 387 1691 434 ;
1711 383 1804 422 ara
1835 369 1996 439 quip-

2098 372 2354 442 κήδευτοο
2408 374 2465 424 ὲν
2507 365 2551 438 ᾧ
2583 370 2731 440 τόπῳ
2768 369 2978 440 ὑπῆρχε
3023 368 3117 422 καὶ
3143 370 3177 439 ή
3221 367 3549 440 τερέϐινθος,
3579 371 3681 438 ὑφ’

433 463 676 532 peetiam
715 478 862 516 nunc
879 477 945 516 ex
971 463 1091 530 ejus
1139 461 1322 532 stipite
1375 468 1692 514 constructa
1726 462 1992 524 cernitur,

431 569 599 624 super
650 569 814 625 quam
861 554 1176 609 holocausta
1221 553 1680 620 beeatombasque
1723 551 1992 618 oﬂ'erunt;

432 647 764 716 traduntque
808 661 929 702 eam
960 645 1214 699 baculum
1259 644 1430 700 fuisse
1462 645 1626 700 unius
1680 644 1996 715 angeli,qui

432 737 504 793 ah
529 736 802 792 Abraham
863 736 1098 806 hospitio
1143 736 1355 806 excepti
1416 737 1656 798 fuerunt,
1711 753 1871 807 quem
1903 737 1996 790 illo

431 828 553 882 loco
603 830 916 898 praeteriens
972 827 1269 896 plantavit;
1319 842 1382 881 ex
1415 827 1519 881 hac
1547 828 1730 880 multa:
1758 826 1996 880 admira-

430 921 598 976 tionis
644 920 983 976 terebinthus
1013 927 1216 981 manat,
1258 919 1382 988 igne
1412 918 1559 972 enim
1610 917 1852 981 admoto,
1880 924 1996 972 tota

431 1012 488 1065 in
538 1013 713 1082 ignem
764 1010 1105 1077 accenditur,
1157 1010 1522 1079 omnibusque
1583 1025 1652 1064 ex
1695 1009 1908 1062 ﬂamma
1939 1009 1994 1063 in

431 1105 704 1172 pulverem
734 1101 956 1157 dissolvi
983 1101 1216 1167 videtur;
1251 1116 1436 1154 verum
1463 1100 1551 1154 ubi
1577 1101 1848 1155 exstincta
1880 1100 1995 1154 fue-

431 1196 523 1258 rit,
555 1194 841 1247 incolumis
862 1200 994 1255 tota,
1021 1193 1384 1262 omnibusque
1435 1191 1554 1247 suis
1583 1191 1832 1262 partibus
1862 1207 1996 1247 con-

431 1293 584 1341 stans
606 1285 1048 1356 deprehenditur.

495 1461 626 1518 Post
655 1463 864 1518 obitum
889 1460 1115 1532 Ioseph,
1167 1458 1409 1531 Egyptii
1453 1460 1843 1515 beneﬁciorum
1894 1460 1997 1514 im-

429 1570 717 1616 memores,
744 1563 799 1610 et
827 1554 1030 1609 invidia
1057 1555 1508 1621 aamulationeque
1557 1553 1796 1616 accensi,
1829 1553 1996 1608 variis

429 1647 799 1701 calamitatum
830 1646 1119 1715 generibus
1172 1642 1445 1698 lsraelitas
1487 1643 1794 1713 aﬂligebant
1823 1644 1865 1698 '.
1901 1643 1995 1698 Et—

429 1740 574 1793 enim
608 1739 861 1793 Israelita:
890 1736 956 1789 ad
988 1737 1198 1791 labores
1248 1733 1628 1804 suscipiendos
1670 1734 1864 1805 integri
1905 1750 1996 1788 ro-
2023 1749 2067 1806 Β

433 1830 688 1899 hostique
729 1827 1019 1883 virtutibus
1040 1866 1057 1891 ,
1115 1835 1170 1880 et
1195 1826 1400 1880 divitiis
1452 1823 1736 1894 Aigyptios
1767 1841 1996 1894 supera-

429 1930 580 1988 runt,
605 1924 730 1976 vino
752 1921 979 1976 obrutos
1006 1927 1061 1972 et
1081 1920 1213 1982 otio,
1246 1926 1300 1972 et
1327 1918 1540 1988 ignavia
1579 1917 1839 1972 continua
1868 1917 1990 1974 eﬂe-

430 2017 684 2070 minatos.
714 2013 910 2068 Verum
933 2027 1075 2066 unus
1090 2027 1156 2066 ex
1174 2011 1346 2066 sacris
1368 2009 1748 2081 Egyptiorum
1772 2012 1992 2076 scribis,

428 2105 699 2162 Pharaoni
723 2103 1006 2174 quemdam
1038 2103 1178 2172 apud
1209 2101 1483 2158 lsraclitas
1529 2103 1768 2156 futurum
1801 2103 1997 2172 praedi-

428 2201 525 2265 cit,
557 2201 651 2270 qui
690 2201 946 2253 universa
1000 2194 1235 2266 Egypto
1285 2195 1482 2248 mirum
1540 2195 1596 2249 in
1642 2194 1860 2250 modum
1899 2196 1994 2249 de-

426 2307 648 2363 pressa,
715 2289 922 2344 nationi
984 2289 1216 2358 propria:
1294 2285 1547 2342 maximis
1611 2286 1994 2357 progressibus

427 2381 729 2453 potentiam
788 2379 972 2440 addet,
1019 2377 1192 2446 gloria
1246 2376 1372 2440 sibi,
1403 2391 1567 2446 quam
1598 2377 1746 2430 nulla
1793 2377 1993 2432 delebit

424 2474 651 2535 oblivio,
706 2479 1042 2540 comparata.
1089 2467 1431 2538 Quapropter
1483 2465 1695 2521 Pharao
1735 2465 1991 2522 Hebrzeos

426 2565 604 2618 modis
628 2563 883 2618 omnibus
943 2560 1170 2630 perdere
1212 2569 1492 2630 appetens,
1541 2559 1833 2629 animoque
1869 2575 1993 2613 ver-

425 2669 556 2709 sans
593 2654 896 2707 laboriosas
928 2666 1124 2720 operas
1171 2649 1404 2720 delegat,
1440 2656 1498 2703 ut
1531 2665 1721 2704 omnes
1771 2649 1990 2720 Egypti

422 2748 674 2804 civitates
731 2745 1004 2800 manibus
1061 2743 1250 2809 ejectis
1298 2743 1600 2812 cingerent,
1645 2749 1706 2795 ut
1750 2739 1991 2796 ﬂuminis

425 2840 690 2909 impetum
721 2837 890 2891 variis
928 2835 1096 2889 alveis
1158 2832 1372 2888 eﬂossis
1411 2840 1679 2895 arcerent,
1738 2848 1992 2903 aggeres-

422 2945 532 3000 qne
551 2936 915 2991 exstruerem,
960 2937 1018 2980 ut
1041 2925 1309 2994 ejusdem,
1360 2923 1452 2978 ubi
1495 2923 1711 2994 evagari
1748 2925 1994 2992 increpe-

424 3022 522 3084 rit,
581 3021 762 3075 aditus
818 3016 1274 3085 inconnuodaque
1325 3014 1706 3084 prohiberent;
1751 3014 1820 3068 ad
1873 3015 1989 3068 haec

423 3113 492 3170 ad
525 3112 834 3184 pyramidas
865 3109 1173 3180 erigendas,
1220 3123 1548 3178 puerosque,
1579 3109 1672 3178 qui
1723 3109 1864 3178 apud
1893 3123 1988 3164 eos
2015 3091 2058 3148 (ἶ

423 3211 797 3265 nascerentur,
854 3204 910 3257 in
936 3201 1136 3257 ﬂumen
1166 3197 1587 3272 praecipitandos
1632 3198 1856 3253 decreto
1903 3198 1988 3252 in-

425 3296 688 3366 terposito
707 3294 1048 3364 compulerit,
1066 3293 1390 3350 existimans
1405 3305 1531 3346 eum
1544 3306 1707 3363 quem
1731 3300 1882 3345 vates
1919 3289 1989 3343 ad

425 3385 716 3457 Egyptum
747 3385 1070 3439 abolendam
1110 3383 1351 3438 futurum
1397 3381 1631 3446 dixerat,
1659 3381 1824 3437 simul
1864 3397 1989 3436 cum

423 3474 546 3530 aliis
578 3475 631 3528 in
663 3473 882 3529 ﬂumine
902 3473 1275 3543 mergendum.

494 3567 624 3622 Erat
643 3568 826 3636 itaque
867 3567 1085 3637 quidam
1119 3582 1185 3621 ex
1230 3565 1378 3619 tribu
1434 3562 1584 3629 Levi,
1614 3563 1832 3618 nomine
1859 3563 1991 3616 Am-

420 3675 536 3716 ram
565 3663 608 3725 ’,
639 3662 730 3731 qui
759 3658 1059 3715 Jochabeth
1091 3659 1276 3722 ducta,
1301 3675 1367 3714 ex
1390 3675 1452 3714 ea
1473 3659 1714 3713 divinum
1749 3657 1989 3726 Moysem

419 3761 754 3822 susceperat,
784 3762 837 3807 et
857 3751 924 3806 ad
950 3761 1168 3822 tempus
1197 3767 1320 3807 eum
1351 3751 1654 3807 studiosius
1683 3749 1991 3806 absconde-

419 3846 530 3901 bat.
561 3843 665 3900 Sed
729 3845 822 3899 ubi
871 3845 1074 3915 regiam
1128 3845 1298 3914 legem
1326 3844 1490 3898 nimis
1520 3843 1710 3898 acerbe
1744 3841 1989 3910 dureque

420 3936 631 4007 impleri
659 3936 812 4000 vidit,
845 3945 988 3989 metu
1018 3953 1086 3990 ne
1116 3934 1631 4005 deprehenderetur,
1666 3934 1803 3988 cista
1857 3947 1990 4002 pue-

421 4027 600 4080 rulum
631 4024 1103 4079 accommodatum
1137 4025 1203 4078 ad
1239 4024 1388 4093 ripas
1426 4024 1667 4079 ﬂuminis
1705 4024 1984 4092 exposuit,

419 4125 477 4172 et
503 4119 608 4172 lilia
630 4116 930 4173 Pharaonis
953 4118 1164 4174 lavandi
1191 4135 1250 4174 se
1273 4133 1440 4172 causa
1474 4120 1720 4182 veniens,
1755 4131 1989 4184 conspe-

419 4218 563 4264 ctam
593 4212 784 4265 cistam
808 4212 1003 4280 aperit,
1051 4212 1313 4281 puerique
1333 4211 1737 4281 pulchritudine
1753 4209 1990 4264 delecta-

419 4313 496 4368 ta,
525 4319 649 4357 cum
674 4313 886 4358 careret
916 4303 1061 4366 (iliis,
1110 4319 1236 4358 eum
1277 4303 1381 4357 sibi
1436 4302 1736 4371 adoptavit,
1769 4309 1824 4355 et
1866 4300 1988 4370 plu-

416 4395 572 4450 rimis
601 4393 975 4465 )Egyptiorum
1010 4395 1316 4450 nutricibus
1343 4394 1659 4449 convocatis
1707 4393 1775 4446 ad
1834 4395 1984 4448 alen-
2019 4435 2062 4492 Β

416 4487 545 4542 dum
577 4485 1102 4556 puerum,perdehat
1131 4500 1578 4555 operam,earum
1593 4487 1794 4555 quippe
1820 4485 1988 4540 ubera

414 4576 783 4641 abhorrebat;
823 4575 1038 4629 tandem
1071 4583 1245 4629 mater
1276 4576 1416 4628 clam
1467 4575 1730 4637 admissa,
1787 4575 1989 4645 reginae

411 4666 569 4736 jussu
604 4667 858 4731 lactabat,
892 4674 1101 4721 tantum
1133 4669 1276 4722 enim
1312 4667 1461 4722 illius
1495 4667 1663 4722 ubera
1709 4669 1936 4738 sugebat
1966 4683 1980 4719 :

413 4759 484 4812 ab
513 4759 670 4828 ipsis,
725 4769 784 4812 ut
833 4759 1050 4828 Opinor,
1102 4759 1450 4813 incunabulis
1489 4759 1770 4829 proprium
1808 4775 1986 4830 genus

411 4850 755 4914 admittebat,
787 4859 1179 4920 externumque
1213 4851 1591 4906 aversabatur.
1624 4850 1810 4921 Itaque
1839 4852 1985 4905 hunc

413 4942 659 4995 adultum
719 4941 1069 4996 Thermuthis
1107 4941 1211 5012 (sic
1234 4942 1378 4997 enim
1431 4943 1618 5013 regina
1672 4942 1984 5013 appellaba-

413 5036 534 5105 tur)
585 5033 847 5107 Iloysem,
875 5035 1022 5105 quod
1059 5051 1123 5090 ex
1163 5037 1322 5105 aquis
1351 5045 1598 5091 servatus
1630 5044 1768 5100 erat,
1809 5037 1986 5092 nomi-

415 5130 584 5182 navit.
609 5127 851 5198 Egyptii
880 5143 1115 5197 namque
1138 5143 1335 5198 aquam
1397 5144 1537 5197 may,
1572 5135 1627 5183 et
1657 5129 1866 5183 servari
1900 5144 1983 5183 res

413 5218 706 5289 appellant.
737 5219 831 5273 sed
863 5217 1014 5271 illum
1044 5217 1278 5286 primum
1301 5229 1555 5287 parentes
1588 5216 1814 5272 Melchis
1843 5233 1986 5272 nun-

413 5308 708 5378 cupabant.
758 5306 888 5362 Erat
917 5317 1099 5363 autem
1148 5316 1374 5379 aspectu
1429 5309 1661 5364 festivus
1689 5309 1879 5374 nimis,
1910 5310 1985 5363 ita

416 5413 471 5454 ut
496 5401 811 5471 quicunque
839 5400 916 5454 illi
947 5401 1004 5455 in
1033 5401 1120 5454 via
1169 5408 1510 5463 occurreret,
1567 5400 1984 5470 obstupefactus

413 5489 738 5553 discederet,
769 5491 1114 5561 maximeque
1137 5505 1257 5546 eam
1314 5489 1774 5561 pulchritudinem
1810 5490 1988 5543 admi-

413 5589 647 5633 raretur.
672 5579 838 5648 Igitur
867 5581 1013 5636 hunc
1040 5589 1201 5637 aetate
1240 5589 1462 5638 auctum
1518 5580 1870 5639 Thermuthis
1891 5582 1986 5638 de-

487 5713 511 5744 ⁸
531 5711 703 5766 Exod.
729 5727 767 5766 ι.
841 5715 861 5746 ⁸
879 5713 1050 5770 Exod.
1085 5731 1144 5771 ll.

2094 457 2128 536 ᾗ
2176 463 2410 533 ἔκρυψεν
2454 460 2646 515 Ἰακὼϐ
2687 463 2786 532 τῆς
2826 461 3010 515 Λάϐαν
3057 461 3125 514 τὰ
3181 461 3391 525 εῖὸωλα,
3435 463 3558 531 ἥτις
3590 463 3672 515 ἔτι

2091 556 2187 608 καὶ
2219 555 2314 607 νῦν
2336 557 2416 618 είς
2451 554 2615 625 τιμὴν
2654 553 2762 606 τῶν
2801 553 3078 624 προγόνων
3108 553 3215 606 ὑπὸ
3244 553 3352 606 τῶν
3383 553 3671 623 πλησιοχό-

2095 665 2204 719 ρων
2231 646 2625 718 θρησκεύεται·
2654 646 2767 700 ἐστι
2803 645 2913 717 γὰρ
2936 645 3062 715 ἄχρι
3092 644 3186 698 τοῦ
3215 643 3374 716 δεῦρο
3403 644 3557 715 παρά
3583 643 3673 699 ’ὼν

2092 739 2333 811 πρέμνον
2375 739 2546 808 αὐτῆς
2575 737 2774 809 βωμὸς,
2813 738 2897 806 ἐφ’
2924 736 2984 789 ὃν
3022 736 3091 789 τά
3124 752 3183 788 τε
3221 735 3668 806 ὁλοκαυτώματα,

2093 833 2188 885 καὶ
2227 831 2326 896 τάς
2355 831 2663 900 ἑκατόμϐας
2691 829 2984 900 ἀνέφερον·
3027 823 3164 880 εἷναί
3207 844 3266 880 τε
3310 829 3445 896 φασὶ
3477 828 3673 899 ῥάϐδον

2093 922 2260 994 αὐτὴν
2286 922 2403 985 ένδς
2428 921 2536 974 τῶν
2567 920 2996 988 ὲπιξενωθέντων
3025 919 3269 988 ἀγγέλων
3287 919 3365 990 τῷ
3394 919 3667 990 Ἀϐρααμ.

2092 1017 2268 1086 ἥνπερ
2293 1014 2371 1084 τῷ
2400 1015 2548 1083 τόπῳ
2573 1015 2693 1068 τότε
2718 1013 2903 1082 παρὼν
2923 1011 3265 1080 ὲνεφύτευσε,
3293 1011 3385 1065 καὶ
3419 1011 3481 1078 ἐξ
3503 1012 3670 1082 αὐτῆς

2095 1107 2474 1178 ήάξιάγαστος
2510 1105 2707 1176 ἐνεφύη
2748 1104 2813 1176 [Ῑ.
2838 1103 2953 1176 ἀν-]
2976 1103 3303 1173 τερέϐινθος.
3325 1099 3674 1170 ’Υπαςίρθιῖσα

2092 1199 2200 1268 γὰρ
2245 1198 2341 1267 δλη
2368 1197 2476 1269 πῦρ
2514 1198 2742 1264 γίνεται,
2777 1197 2870 1250 καί
2918 1193 3196 1265 νομίζεται
3240 1197 3353 1256 τοῖς
3395 1196 3564 1246 πᾶσιν
3598 1197 3671 1256 είς

2094 1291 2241 1344 κόνιν
2280 1293 2343 1343 ὲκ
2395 1290 2493 1360 τῆς
2530 1289 2724 1358 φλογὸς
2773 1287 3135 1349 ἀναλύεσθαι,
3177 1287 3352 1339 καίτοι
3388 1287 3675 1340 σϐεσθεῖσα

2097 1381 2276 1452 μέντοι
2308 1381 2499 1452 ἀσινὴς
2526 1381 2645 1451 ὅλη,
2678 1381 2771 1433 καὶ
2792 1379 3045 1450 ἀκέραιος
3074 1378 3363 1431 δείκνυται.

2166 1473 2320 1527 Μετά
2369 1473 2426 1526 δὲ
2456 1449 2569 1544 ’τὴν
2610 1449 2866 1542 τελευτὴν
2898 1449 3003 1525 τοῦ
3049 1471 3386 1541 Ἰωσὴφ,τῆς
3427 1449 3674 1529 εύπδιίας

2095 1565 2606 1636 ἀμνημονεύσαντες
2644 1565 2694 1618 οἱ
2723 1564 3030 1632 Αἰγύπτιοι,
3064 1561 3333 1624 ποικίλαις
3368 1563 3674 1632 συμφοραῖς

2094 1659 2156 1711 τὸ
2187 1659 2340 1726 γένος
2375 1657 2477 1710 τῶν
2518 1656 2862 1728 Ἰσραηλιτῶν
2890 1638 3178 1716 ὑπέϐαλον,
3204 1653 3381 1723 φθόνῳ
3408 1654 3506 1706 καὶ
3531 1653 3679 1723 ζήλῳ

2096 1749 2231 1820 πρὸς
2280 1749 2475 1811 αὐτοὺς
2519 1747 2867 1817 διακείμενοι.
2918 1749 2982 1800 Oi
3026 1747 3137 1817 γὰρ
3171 1744 3494 1814 Ἰσραηλῖται
3542 1743 3676 1814 πρὸς

2097 1841 2288 1903 πόνους
2320 1840 2470 1902 ὄντες
2502 1840 2777 1910 καρτεροὶ,
2801 1839 2965 1909 ἀρετῇ
2999 1839 3092 1891 καὶ
3119 1837 3329 1906 πλούτῳ
3358 1837 3485 1896 τοὺς
3511 1837 3674 1902 Δίγυ-

2096 1932 2286 1994 πτίους
2332 1931 2619 2002 διήνεγκαν
2638 1969 2654 1994 ,
2683 1931 2903 1982 ἐκείνων
2935 1931 3013 1992 είς
3040 1928 3208 1999 μέθην
3248 1925 3680 1996 κεχαυνωμένων

2095 2023 2188 2074 καὶ
2225 2022 2440 2092 ἀργίαν,
2476 2021 2570 2074 καὶ
2604 2020 2845 2091 ῥαθυμίᾳ
2886 2019 3273 2090 πεπεδημένων
3319 2016 3424 2070 ἀεί.
3478 2014 3577 2079 Εἷς
3621 2015 3674 2068 δέ

2093 2129 2176 2176 τις
2211 2112 2315 2165 τῶν
2346 2113 2474 2183 παρ’
2502 2112 2816 2179 Αἰγυπτίοις
2849 2109 3332 2182 ἱερογραμματέων
3362 2108 3673 2180 προσημαί-

2093 2221 2173 2258 νει
2213 2203 2288 2274 τῷ
2329 2202 2528 2274 Φαραὼ
2566 2203 2924 2275 τεχθήσεσθαι
2972 2203 3124 2274 παρά
3163 2205 3273 2265 τοῖς
3318 2199 3677 2272 Ἰσραηλίταις

2092 2296 2232 2360 τινὰ,
2262 2295 2320 2358 ὃς
2352 2297 2531 2348 πᾶσαν
2555 2295 2652 2365 μὲν
2677 2294 2998 2348 ταπεινώσει
3035 2295 3129 2365 τὴν
3171 2296 3468 2362 Αἴγυπτον,
3507 2291 3674 2362 αὐξή-

2095 2405 2176 2440 σει
2199 2387 2255 2440 δὲ
2281 2388 2372 2439 ἐπὶ
2405 2387 2545 2457 μέγα
2579 2387 2862 2457 προκοπῆς
2904 2388 2966 2440 τὸ
3002 2389 3197 2440 οἰκεῖον
3235 2384 3407 2447 ἔθνος,
3447 2387 3673 2454 ἀειμνη-

2094 2479 2352 2549 μόνευτον
2378 2477 2534 2544 δόξαν
2565 2478 2926 2548 κτησάμενος.
2963 2479 3074 2530 Καὶ
3101 2477 3190 2531 διὰ
3215 2476 3377 2529 τοῦτο
3405 2475 3673 2539 παντοίως

2090 2572 2215 2634 τοὺς
2257 2570 2540 2642 Ἐϐραίους
2585 2573 2614 2624 ὀ
2656 2570 2854 2644 Φαραὼ
2891 2569 3150 2624 ἀπολέσαι
3205 2569 3487 2623 διενοεῖτο·
3541 2568 3678 2640 ἔργα

2094 2663 2192 2733 μὲν
2238 2663 2418 2725 αὐτοῖς
2455 2663 2806 2732 προστάττων
2851 2661 3265 2732 ὲπιμοχθεύειν,
3309 2660 3568 2731 τειχίζειν
3622 2659 3680 2713 δὲ

2091 2753 2270 2815 πάσας
2296 2752 2396 2822 τῆς
2431 2752 2704 2820 Αἰγύπτου
2729 2752 2826 2816 τὰς
2849 2753 3047 2816 πόλεις,
3082 2753 3175 2805 καὶ
3200 2753 3289 2805 τὸν
3322 2752 3566 2822 ποταμὸν
3601 2752 3679 2814 είς

2091 2844 2292 2908 πολλὰς
2331 2845 2637 2917 διατέμνειν
2663 2846 2966 2919 διωρυγάςο
3015 2847 3110 2900 καὶ
3156 2846 3386 2918 χώματα
3416 2847 3675 2916 ἐγείρειν,

2091 2937 2347 3004 κελεύων,
2387 2939 2534 3001 ὅπως
2592 2939 2731 2992 κατά
2771 2939 2936 3010 μηδὲν
2983 2938 3080 3009 τὴν
3125 2938 3276 2993 πόλιν
3323 2937 3678 3008 ὲπιλιμνίζων

2089 3027 2448 3099 λυμαίνηται·
2479 3029 2613 3101 πρὸς
2646 3029 2702 3082 δὲ
2737 3029 2944 3092 τούτοις
2976 3030 3069 3082 καὶ
3094 3030 3404 3101 πυραμίδας
3423 3030 3681 3100 ἐγείρειν,

2092 3121 2186 3174 καὶ
2213 3120 2281 3174 τὰ
2317 3121 2447 3192 παρ’
2479 3121 2661 3184 αὐτοῖς
2688 3121 2980 3191 τικτόμενα
3009 3121 3181 3192 βρέφη
3213 3121 3682 3192 κατακρημνίζειν

2091 3213 2184 3265 ἐπὶ
2206 3213 2299 3266 τοῦ
2334 3213 2574 3283 ποταμοῦ
2605 3215 2940 3283 ἀπεφήνατο,
2966 3215 3211 3284 οἰόμενος
3239 3215 3333 3266 καὶ
3369 3213 3461 3266 τὸν
3495 3213 3683 3267 θεσπι-

2092 3303 2287 3358 σθέντα
2320 3303 2619 3357 καταλῦσαι
2652 3303 2750 3374 τήν
2789 3303 3061 3371 Αἴγυπτον
3086 3305 3409 3376 ἀραιρήσειν
3437 3303 3508 3376 [Ῑ.
3546 3303 3682 3357 καθ-

2090 3395 2364 3469 αιρήσειν]
2398 3397 2490 3450 ἐπὶ
2527 3396 2620 3450 τοῦ
2659 3395 2929 3466 ποταμοῦ.

2172 3573 2442 3644 ’Υπῆρχεν
2484 3568 2577 3626 οῦν
2615 3591 2698 3636 τις
2728 3573 2792 3626 ὲκ
2823 3573 2921 3643 τῆς
2948 3572 3118 3641 φυλῆς
3149 3570 3242 3624 τοῦ
3283 3569 3414 3624 [leui
3456 3570 3681 3641 Ἀμρὲμ

2089 3665 2333 3734 ὀνόματι,
2380 3665 2440 3728 ὃς
2481 3667 2708 3732 γυναῖκα
2757 3663 2854 3734 τὴν
2889 3661 3142 3733 ἰωχαϐὲθ
3190 3661 3574 3732 κτησάμενος,
3621 3658 3683 3726 ιξ

2088 3755 2260 3824 αὐτῆς
2278 3755 2368 3806 τὸν
2391 3754 2674 3807 θεσπέσιον
2703 3754 2942 3824 Μωῦσῆν
2975 3753 3256 3822 ἐγέννησε,
3276 3752 3371 3804 καὶ
3402 3751 3681 3821 ἔκρυπτεν

2088 3846 2248 3899 αὐτὸν
2303 3847 2398 3898 ἐπὶ
2449 3847 2639 3918 χρόνον
2686 3845 2827 3900 τινά.
2877 3845 2962 3908 Ὧς
3007 3844 3061 3896 δὲ
3097 3842 3202 3896 εἶδε
3240 3843 3332 3896 τὸν
3374 3843 3542 3913 νόμον
3584 3841 3680 3898 τοῦ

2090 3936 2351 4006 βασιλέως
2397 3938 2797 4009 ἐπικρατοῦντα
2839 3935 3228 4008 σφοδρότερον,
3280 3935 3541 3998 δεδοικὼς
3604 3935 3678 4006 μὴ

2088 4031 2411 4100 κατάφωρος
2440 4031 2684 4101 γένηται,
2722 4033 2802 4093 είς
2835 4029 3006 4100 θήκην
3047 4026 3298 4098 ἐμϐαλὼν
3335 4027 3396 4079 τὸ
3440 4027 3678 4093 παιδίον,

2090 4122 2240 4192 παρά
2272 4123 2367 4186 τὰς
2391 4121 2553 4192 ὄχθας
2575 4121 2673 4174 τοῦ
2708 4121 2952 4192 ποταμοῦ
2984 4120 3270 4173 ἐκτίθεται.
3304 4120 3410 4172 Καὶ
3443 4120 3477 4188 ἡ
3509 4117 3684 4186 θυγά-

2087 4230 2192 4284 τηρ
2224 4214 2318 4267 τοῦ
2345 4213 2564 4284 Φαραὼ,
2617 4213 2842 4284 λουτροῦ
2895 4213 3052 4284 χάριν
3107 4209 3435 4280 ἀφικομένη,
3465 4209 3679 4281 θεωρή-

2090 4321 2228 4358 σασα
2259 4305 2354 4376 τὴν
2383 4305 2558 4376 θήκην
2589 4304 2816 4373 ἀνοίγει,
2852 4305 2944 4357 καὶ
2975 4303 3110 4373 πρὸς
3134 4300 3408 4364 τὸ-κάλλος
3433 4299 3530 4353 τοῦ
3563 4319 3682 4353 παι-

2089 4397 2201 4450 δίου
2252 4397 2478 4468 ἡσθεῖσα
2536 4398 2916 4468 εἰσεποιήσατο
2965 4394 3246 4466 ἀποροῦσα
3300 4392 3524 4456 παιδόςο
3586 4394 3680 4446 καὶ

2089 4489 2289 4553 πολλὰς
2333 4490 2564 4562 τροφοὺς
2609 4489 2985 4558 συγκαλέσασα
3032 4486 3140 4539 τῶν
3177 4484 3528 4553 Αἰγυπτίων,
3579 4486 3680 4539 οὐκ

2088 4574 2232 4649 εἶχεν
2263 4581 2410 4644 ὅπως
2446 4579 2506 4632 τὸ
2536 4580 2742 4632 παιδίον
2777 4578 3089 4650 ὲκθρέψειεν
3112 4593 3125 4606 ·
3157 4576 3410 4646 οὐδεμιᾶς
3444 4577 3558 4647 γὰρ
3585 4576 3681 4628 aﬂ-

2086 4670 2195 4723 τῶν
2222 4669 2390 4740 μαζὸν
2421 4670 2692 4741 προσίετο.
2730 4670 2851 4723 Ἐπὶ
2873 4670 3013 4722 τέλει
3039 4667 3169 4737 γοῦν
3193 4669 3224 4738 ἡ
3255 4669 3458 4738 μήτηρ,
3485 4669 3681 4720 ἀνεῖσα

2087 4763 2324 4834 κρύϐδην
2357 4764 2423 4833 τῇ
2461 4762 2767 4832 βασιλίσσῃ,
2815 4759 3100 4830 γαλουχεῖν
3152 4757 3534 4830 προσετάχθη·
3579 4758 3675 4827 μό-

2084 4873 2184 4925 νης
2225 4854 2334 4924 γὰρ
2380 4855 2548 4925 αὐτῆς
2600 4854 2690 4906 τὸν
2737 4851 2904 4923 μαζὸν
2959 4849 3334 4921 προσεδέξατο,
3375 4847 3435 4913 ἐξ
3470 4848 3675 4912 αὐτῶν,

2085 4943 2256 5016 οἶμαι,
2292 4945 2618 5015 σπαργάνων
2646 4943 2706 4998 τὸ
2742 4945 2839 5014 μὲν
2875 4944 3073 4995 οἰκεῖον
3101 4940 3255 5010 γένος
3293 4940 3674 5011 προσιέμενον,

2085 5039 2149 5092 τὸ
2174 5039 2229 5092 δὲ
2254 5037 2530 5109 ἀλλότριον
2562 5035 2983 5108 μυσαττόμενον.
3013 5032 3374 5104 Ἀνδρωθέντα
3405 5031 3542 5101 γοῦν
3575 5032 3673 5085 αύ-

2085 5132 2200 5198 τὸν,
2230 5132 2469 5200 Μωῦσῆν
2511 5133 2804 5202 προσεῖπεν
2837 5127 3182 5199 ήΘέρμουθις
3235 5124 3426 5197 (τοῦτο
3465 5125 3577 5198 γὰρ
3608 5127 3672 5195 τῇ

2087 5223 2374 5295 βασιλίσσῃ
2423 5222 2636 5292 ὄνομα),
2684 5220 2870 5292 amat;
2919 5218 3150 5291 διεσώθη
3189 5221 3253 5272 ἐκ
3307 5218 3402 5272 τοῦ
3437 5217 3671 5281 ὓδατοςο

2086 5313 2376 5386 Αἰγύπτιοι
2409 5314 2520 5386 γὰρ
2554 5315 2614 5368 τὸ
2659 5313 2803 5385 ὕδωρ
2826 5312 2979 5383 μῶῦ,
3021 5313 3116 5366 καὶ
3162 5311 3223 5366 τὺ
3261 5311 3385 5380 σὴς
3431 5311 3674 5383 σωθῆναι

2087 5407 2601 5481 προσαγορεύουσιν.
2640 5406 2898 5460 Ἐκάλουν
2934 5405 2990 5458 δὲ
3028 5405 3089 5458 τὸ
3123 5405 3251 5475 πρὶν
3284 5401 3449 5456 αὑτὸν
3488 5404 3538 5457 οἱ
3581 5418 3672 5472 γο-

2087 5505 2198 5564 νεῖς
2218 5494 2496 5562 Μελχείς.
2519 5495 2626 5552 Ἦν
2668 5497 2725 5551 δὲ
2772 5497 2982 5561 ἀστεῖος
3025 5498 3162 5566 ἄγαν
3197 5498 3264 5566 τῇ
3303 5495 3446 5564 ὕψει,
3472 5494 3550 5558 ὡς
3587 5491 3674 5546 τὸν

2089 5592 2208 5647 καθ’
2232 5592 2350 5647 ὁδὸν
2387 5590 2708 5647 ἀπαντῶντα
2752 5589 2900 5662 αὐτῷ
2943 5587 3268 5660 ἀφίστασθαι
3302 5586 3665 5660 ἐκπληττόμε-
