3840 6164
159 272 281 341 78Γ

1078 272 1359 338 SPURIA.
1383 311 1455 322 —
1492 271 1854 338 COMMENT.
1897 278 1966 335 1N
2004 270 2503 339 HEXAEMERON.

3306 272 3411 337 782

154 408 266 464 νυν,
294 392 387 451 καὶ
413 395 904 470 ὑπερθαυμάζοντα
939 397 1002 451 τδ
1042 397 1257 462 κάλλος.
1286 397 1560 468 Προσάγει
1585 399 1746 453 αὐτὸν

1864 398 1954 454 ’ert
1981 398 2050 453 ad
2073 407 2302 470 patrem,
2334 408 2395 455 ιιι
2417 399 2570 454 illum
2599 398 2753 471 regni
2786 398 2875 455 sui
2898 386 3164 455 scriberet
3186 412 3413 455 success

154 484 248 544 οὖν
278 488 576 560 αὐξηθέντα
616 491 651 561 ή
673 489 974 562 Θέρμουθις
1007 488 1088 561 τῷ
1122 490 1288 562 πατρὶ
1304 490 1495 562 αὐτῆς,
1519 489 1743 554 ἀξιοῦσα

156 581 381 652 ποιῆσαι
415 581 578 635 αὐτὸν
616 582 715 652 τῆς
760 572 1036 651 βασιλείας
1060 580 1224 635 αὐτοῦ
1252 580 1512 655 διάδοχον,
1540 583 1636 637 καὶ
1658 583 1743 637 τί-

157 673 317 746 θησιν
350 673 513 728 αὑτὸν
550 674 610 727 ἐν
645 676 766 738 ταῖς
791 673 979 745 χερσὶν
1021 672 1207 727 αὐτοῦ.
1248 676 1306 729 '0
1328 675 1387 728 δὲ
1413 674 1614 740 λαϐὼν,
1647 675 1745 729 καὶ

157 768 701 839 προστερνισάμενος,
760 764 1078 834 κατεφίλει·
1126 765 1596 839 χαριεντιζόμενός
1642 779 1741 832 τε,

157 858 426 932 περιελὼν
453 859 551 930 τῆς
574 858 765 912 ἐαυτοῦ
808 858 1047 931 κεφαλῆς
1081 858 1145 912 τὺ
1186 858 1442 929 διάδημα,
1470 858 1744 929 ἐπιτίθησι

156 954 223 1025 τῇ
247 954 456 1006 ἐκείνου
480 951 710 1023 κεφαλῇ.
740 951 797 1004 Ὃ
822 951 880 1005 δὲ
906 951 1167 1021 Μωῦσῆς,
1193 950 1503 1023 ἀπορρίψας
1530 951 1623 1005 ἐπὶ
1643 951 1746 1022 τῆς

157 1042 262 1111 γῆς
285 1041 347 1094 τὸ
370 1040 624 1112 διάδημα,
656 1040 972 1094 κατεπάτει.
1003 1034 1113 1094 Kal
1137 1040 1166 1092 6
1192 1041 1571 1112 γραμματεὺς,
1596 1043 1626 1093 6
1646 1040 1746 1112 τὴν

158 1134 374 1203 γένεσιν
441 1132 607 1186 αὐτοῦ
674 1131 984 1204 προειπὼν,
1028 1132 1361 1203 θεασάμενος
1419 1133 1515 1186 καὶ
1569 1134 1746 1197 συνεὶς

159 1227 367 1279 ἐκεῖνον
391 1220 532 1279 εἶναι
556 1224 648 1278 τὸν
679 1225 1066 1297 θεσπιζόμενον
1098 1227 1199 1298 τῆς
1228 1226 1539 1295 Αἰγυπτίων
1572 1225 1748 1297 ἀρχῆς

160 1317 440 1389 πολέμιον,
465 1314 691 1388 ὥρμησε
737 1316 837 1387 μὲν
885 1318 1223 1383 ἀποκτεῖναι,
1250 1318 1344 1371 καὶ
1384 1319 1485 1371 οὐκ
1521 1315 1706 1388 ἴσχυσε
1728 1327 1747 1346 ⁸

163 1407 368 1480 βοήσας
393 1404 451 1460 δὲ
484 1406 587 1479 ἔφη
621 1406 698 1477 τῷ
730 1407 974 1478 βασιλεῖ’

236 1520 257 1554 ι
301 1494 469 1565 Οὗτος
492 1499 699 1564 ἐκεῖνός
726 1503 865 1566 ἐστι,
894 1500 1134 1572 βασιλεῦ,
1163 1503 1330 1575 όνπερ
1350 1504 1482 1574 ἡμῖν
1509 1503 1752 1574 ἀναφυῆιι

160 1610 248 1647 ναι
286 1596 353 1647 ἐκ
383 1592 494 1647 τῶν
532 1592 799 1665 Ἐϐραίων
825 1593 889 1647 τὸ
915 1594 1187 1666 δαιμόνιον
1218 1595 1415 1669 ἔχρησε
1456 1596 1558 1667 τῆς
1600 1595 1751 1666 βασι-

161 1685 312 1750 λείας
349 1686 658 1755 Αἰγυπτίων
707 1685 1020 1740 ἐπίϐουλονο
1050 1688 1181 1757 ὅσγε
1219 1689 1314 1743 καὶ
1353 1687 1449 1742 νῦν
1486 1688 1749 1759 σύμϐολον

161 1778 253 1833 τοῦ
283 1778 568 1850 μέλλοντος
599 1779 660 1832 ού
694 1779 889 1851 μικρὸν
923 1780 1255 1846 ἐπεδείξατο,
1279 1781 1411 1834 αὐτὸ
1432 1780 1494 1853 δὴ
1518 1782 1617 1851 τῆς
1652 1781 1751 1852 βα-

164 1870 369 1936 σιλείας
390 1871 450 1925 τὸ
467 1870 713 1943 σύνθημα
738 1872 920 1944 ῥίψας,
944 1873 1039 1927 καὶ
1062 1874 1455 1946 καταπατήσας
1475 1875 1553 1938 εἰς
1572 1874 1754 1928 τοῦδα-

165 1980 279 2034 φος.
302 1963 502 2018 Τοῦτον
526 1964 655 2034 γοῦν
678 1964 901 2032 ἀνελὼν,
925 1966 1253 2034 Αἰγυπτίους
1282 1965 1379 2037 μὲν
1408 1965 1517 2020 τῶν
1535 1967 1755 2038 προσδο-

164 2055 428 2127 κωμένων
444 2058 725 2129 στερήσεις
749 2056 954 2122 κακῶν,
972 2057 1254 2130 Ἐϐραίους
1275 2057 1333 2112 δὲ
1362 2058 1629 2130 σφαλῆναι
1652 2052 1754 2130 τῆς

163 2146 378 2211 ἐλπίδος
404 2148 503 2220 τῆς
537 2149 624 2201 ἐπ’
647 2148 796 2220 αύτῷ
820 2151 1206 2221 καταστήσεις.
1257 2166 1276 2202 ι

233 2235 421 2289 Ταῦτα
449 2235 692 2300 εἰπόντος
732 2237 918 2302 αὐτοῦ,
956 2239 984 2291 6
1038 2238 1135 2309 μὲν
1160 2238 1417 2309 βασιλεὺς
1444 2239 1591 2294 κατὰ
1616 2239 1752 2313 πρό-

166 2343 312 2382 νοιαν
361 2327 497 2382 Θεοῦ
545 2329 777 2401 ὀκνηρὸς
822 2330 959 2401 πρὸς
999 2326 1092 2384 τὸν
1143 2324 1303 2402 φόνον
1332 2332 1585 2402 ἐγένετοο
1620 2335 1653 2405 ή
1695 2335 1753 2389 δὲ

165 2421 488 2494 Θέρμουθις,
513 2421 622 2476 τῶν
673 2422 872 2494 χειρῶν
918 2423 1013 2477 τοῦ
1067 2423 1332 2495 βασιλέως
1377 2426 1466 2481 τὸν
1514 2427 1754 2499 Μωῦσῆν

168 2512 545 2586 ἐξαρπάσασα,
575 2513 872 2586 ἐφύλαττεν
899 2516 1174 2587 ἀσφαλῶς.

234 2608 495 2672 Αἰθίοπες
525 2608 603 2674 δὲ,
648 2608 931 2681 πρόσοικοι
957 2611 1072 2673 τοῖς
1109 2603 1428 2679 Αἰγυπτίοις
1463 2612 1757 2684 τυγχάνον-

166 2708 276 2765 τες,
321 2701 476 2771 ἄφνω
525 2698 859 2765 ἐπελθόντες,
904 2701 1256 2773 ἐπολιόρκουν
1307 2702 1406 2775 τὴν
1456 2702 1753 2772 Αἴγυπτον,

169 2792 260 2845 καί⁷
304 2790 915 2864 ἀντιπαραταξαμένους
952 2793 1079 2857 τοὺς
1110 2792 1438 2862 Αἰγυπτίους
1467 2797 1756 2867 τροπωσά-

174 2896 342 2952 μενοι,
374 2882 682 2953 προέϐησαν
713 2881 842 2956 ἄχρι
874 2882 1153 2954 Μέμφεως
1185 2885 1279 2938 καὶ
1318 2886 1418 2957 τῆς
1459 2882 1753 2959 θαλάσσης,

171 2972 276 3044 ὅσῳ
320 2972 611 3042 Αἰγύπτιοι
675 2973 817 3027 κατὰ
882 2975 1128 3045 χρησμὸν
1189 2976 1474 3049 σύμμαχον
1521 2978 1583 3032 τὸ
1645 2980 1756 3034 τῶν

1845 503 2023 544 sorem
2087 504 2346 555 exorans,
2374 489 2747 560 infantemque
2777 489 2835 545 in
2880 491 3048 561 patris
3082 505 3278 546 manus
3314 493 3413 545 ἱιιμ

1844 582 2043 653 posuit,
2074 583 2164 652 qui
2190 582 2280 638 ubi
2305 598 2428 638 eum
2455 583 2664 655 accepit
2697 584 2865 648 ulnis,
2900 584 3106 655 pectori
3126 584 3413 639 astrictum

1843 674 2221 741 osculabatur,
2251 682 2308 731 et
2331 676 2487 747 pueri
2532 677 2801 733 suavitate
2853 676 3120 732 bilaratus
3160 674 3414 730 diadema

1843 767 2010 837 capiti
2036 782 2136 822 suo
2158 767 2460 838 demptum,
2484 768 2633 824 illius
2657 768 2823 839 capiti
2852 767 3117 839 imponit;
3145 766 3241 823 sed
3266 765 3415 837 Moy-

1847 873 1935 914 ses
1958 858 2121 927 illud,
2156 860 2214 913 in
2261 866 2463 915 terram
2503 861 2831 931 projectum,
2884 860 3113 933 pedibus
3144 859 3411 924 calcabat,

1845 963 1955 1019 quo
1981 949 2102 1006 viso
2162 950 2364 1016 scriba,
2396 951 2490 1020 qui
2518 949 2638 1020 ejus
2682 958 2862 1005 ortum
2893 950 3237 1021 praedixerat,
3287 962 3414 1003 eum

1845 1052 1988 1106 esse,
2018 1043 2135 1113 qui,
2162 1050 2226 1097 ut
2257 1042 2495 1098 oraculis
2513 1050 2818 1112 acceperat,
2841 1041 3220 1113 Egyptiorum
3246 1054 3415 1110 regna

1845 1138 2106 1203 tanquam
2161 1133 2338 1189 bostis
2378 1142 2525 1190 esset
2578 1135 2870 1191 invasurus
2931 1148 3287 1205 cognoscens,
3343 1130 3415 1184 ad

1845 1239 1972 1279 eum
2000 1224 2363 1280 occidendum
2421 1240 2714 1297 aggressus
2748 1233 2853 1291 est,
2889 1225 2985 1282 sed
3011 1226 3223 1282 viribus
3253 1222 3417 1279 fessis

1849 1315 2135 1385 abstinuit,
2165 1323 2221 1372 et
2255 1316 2499 1373 clamore
2525 1317 2672 1372 edito
2705 1317 2844 1373 dixit
2869 1318 2983 1389 regi
3013 1336 3027 1372 ι

1926 1493 2067 1549 «Hic
2100 1494 2217 1565 ipse
2246 1500 2351 1558 est,
2397 1507 2430 1548 ο
2470 1509 2590 1560 rex,
2647 1507 2808 1563 quem
2856 1491 3016 1548 nobis
3049 1506 3117 1546 ex
3173 1478 3419 1548 Hebraeis

1851 1586 2141 1642 oriundum
2169 1585 2412 1641 divinum
2462 1601 2664 1640 numen
2694 1583 3035 1655 praedixerat,
3059 1584 3210 1655 regni
3253 1582 3422 1653 Egy‘

1851 1678 2092 1750 ptiorum
2146 1678 2548 1743 insidiatorem,
2579 1678 2671 1747 qui
2714 1685 2768 1731 et
2820 1689 2966 1730 nunc
2998 1690 3183 1730 rerum
3213 1676 3424 1730 futurae

1853 1784 1976 1823 rum
2006 1784 2119 1824 non
2142 1769 2261 1826 leve
2285 1769 2517 1841 praebuit
2545 1773 2947 1838 argumentum,
2981 1767 3200 1838 quando
3243 1766 3423 1837 ipsum

1853 1860 2008 1932 regni
2067 1860 2281 1932 insigne
2336 1861 2393 1916 in
2460 1868 2665 1916 terram
2731 1860 3001 1931 dejectum
3060 1859 3418 1915 conculcavit.

1853 1951 2011 2007 Hunc
2032 1953 2078 2007 si
2103 1954 2223 2008 neci
2253 1953 2566 2018 tradideris,
2600 1952 2887 2025 [Egyptios
2917 1953 2986 2008 ab
3007 1951 3423 2007 imminentibus

1855 2044 2114 2115 periculis
2145 2045 2429 2111 liberabis,
2461 2045 2809 2116 Hebraeisque
2842 2060 3018 2115 spem,
3050 2052 3106 2100 et
3145 2043 3421 2107 ﬁduciam,

1853 2150 2018 2206 quam
2050 2136 2105 2189 iu
2133 2150 2200 2191 eo
2229 2144 2545 2206 posuerant,
2574 2136 2800 2191 adimes.
2840 2156 2861 2189 ι

1928 2224 2056 2282 llaec
2076 2241 2200 2281 cum
2239 2226 2331 2281 ille
2380 2226 2602 2289 diceret,
2638 2240 2753 2288 rex,
2799 2224 2875 2278 ita
2924 2224 3244 2295 providente
3288 2225 3421 2290 Deo,

1854 2318 2140 2375 remissior
2165 2319 2223 2374 in
2249 2334 2316 2375 eo
2337 2318 2639 2375 occidendo
2653 2317 2773 2372 fuit.
2799 2316 2866 2370 Et
2885 2316 3260 2383 Thermuthis,
3285 2333 3315 2374 e
3335 2334 3425 2373 res

1856 2412 1939 2483 gis
1984 2410 2243 2468 manibus
2299 2410 2541 2483 Moysem
2568 2411 2867 2474 sublatum,
2908 2424 3102 2467 secure
3157 2410 3423 2466 custodiet

1855 2503 1968 2559 bat.

1929 2593 2104 2651 Porro
2158 2594 2447 2666 Ethiopes
2488 2594 2765 2667 Egyptiis
2816 2594 3072 2660 ﬁnitimi,
3121 2594 3423 2665 improviso

1855 2683 2062 2757 impetu
2094 2683 2259 2751 facto,
2310 2686 2635 2741 obsidebant
2664 2685 2978 2757 Egyptum,
3031 2686 3427 2757 Egyptiosque

1856 2792 1926 2832 ex
1959 2777 2193 2832 adverso
2216 2778 2538 2843 instructos,
2564 2779 2620 2832 in
2643 2777 2828 2850 fugam
2857 2785 3132 2836 vertentes
3160 2793 3333 2848 usque
3357 2779 3428 2833 ad

1858 2869 2149 2939 Memphim
2172 2877 2227 2925 et
2258 2884 2409 2924 mare
2453 2871 2728 2941 progressi
2759 2878 2917 2938 sunt;
2949 2874 3026 2926 ita
3072 2875 3133 2925 ut
3183 2868 3425 2941 Egyptii

1857 2962 2067 3016 oraculi
2099 2961 2307 3016 monitu
2334 2960 2684 3017 Hebraeorum
2718 2961 3022 3017 auxiliariis
3065 2959 3239 3030 copiis
3258 2959 3314 3013 in
3330 2966 3428 3014 eos

182 3064 448 3138 Ἐϐραίων
489 3062 646 3135 γένος
683 3061 939 3130 λαϐόντες
987 3066 1247 3139 ἐπῄεσαν.
1297 3071 1407 3123 Καὶ
1450 3071 1480 3123 6
1535 3071 1753 3143 Φαραὼ,

1864 3051 2158 3109 irruerent.
2191 3052 2258 3107 Et
2274 3052 2490 3107 Pharao
2550 3060 2768 3124 tempus
2794 3052 2849 3108 id
2882 3060 3249 3123 opportunum
3278 3063 3426 3115 esse,

173 3162 364 3233 καιρδν
389 3160 691 3232 ἐπιτήδειον
712 3160 1005 3230 εὑρηκέναι
1031 3160 1265 3232 νομίζων
1290 3161 1426 3235 πρὸς
1464 3161 1562 3234 τὴν
1599 3165 1763 3218 Μωῦ-

176 3254 310 3319 σέως
353 3253 651 3326 ἀναίρεσιν,
696 3252 796 3324 τὴν
837 3249 1175 3325 Θερμούθιδα
1215 3253 1415 3325 ήξίωσε
1463 3250 1763 3328 παρασχεῖν

176 3347 324 3418 αὑτῷ
387 3352 480 3401 τὸν
537 3345 778 3420 Μωῢσῆν
799 3389 816 3415 ,
866 3348 1016 3411 ὅπως
1075 3344 1238 3402 αὑτὸν
1300 3337 1603 3419 στρατηγὸν
1651 3347 1762 3402 τῶν

188 3438 456 3511 Ἑϐραίων
498 3441 793 3512 ποιήσειεν,
834 3433 1209 3512 ἐπομνύμενος
1251 3431 1415 3510 μηδὲν
1458 3440 1765 3512 κακουργή-

179 3541 290 3586 σειν
335 3532 518 3597 αὑτὸν,
555 3532 690 3587 ἀλλὰ
734 3533 1027 3605 ταξίαρχον
1075 3530 1234 3605 μόνον
1281 3530 1618 3603 καταστῆσαι
1653 3531 1762 3586 τῶν

188 3615 484 3697 Ἑϐραίων,
511 3625 908 3697 ὑπολαμϐάνων
937 3625 1132 3698 ῥᾳδίως
1154 3622 1314 3679 αὐτὸν
1337 3621 1441 3679 ὑπὸ
1465 3624 1574 3679 τῶν
1604 3624 1764 3678 πολε-

184 3717 319 3787 μίων
351 3717 741 3790 φθαρήσεσθαι,
766 3712 842 3784 ὡς
869 3716 1050 3791 μάχης
1074 3718 1385 3790 ὑπάρχοντα
1410 3718 1657 3790 ἄπειρον.

271 3809 338 3862 Ἦ
394 3808 451 3862 δέ
507 3809 676 3863 πολλὰ
734 3810 997 3882 πρότερον
1054 3810 1146 3863 τὸν
1204 3800 1418 3883 πατέρα
1476 3803 1572 3863 καὶ
1633 3809 1763 3873 τοὺς

182 3901 527 3970 γραμματεῖς
551 3894 879 3967 ὀνειδίσαᾱα,
912 3902 995 3956 ὅτι
1031 3895 1198 3970 ὅνπερ
1230 3899 1306 3964 ὡς
1339 3896 1597 3972 πολέμιον
1630 3901 1764 3953 ἀπο-

183 3992 388 4043 κτετναι
430 3989 728 4055 ἐϐούλοντο,
767 3984 862 4046 νῦν
925 3989 999 4055 ὡς
1031 3990 1317 4063 ἐπίκουρον
1360 3989 1758 4061 παρακαλοῦσι,

181 4079 395 4135 δίδωσιν
453 4082 635 4146 αὐτοῖς
692 4077 783 4136 τὸν
847 4078 1111 4152 Μωύσῆν.
1181 4081 1240 4136 Ὃ
1300 4081 1357 4136 δὲ
1412 4081 1508 4136 τοῦ
1559 4082 1760 4136 οἰκείου

185 4167 369 4239 ῑθνους
397 4167 700 4246 στρατηγὸς
727 4170 1040 4247 προαχθεὶς,
1075 4173 1247 4246 λάθρα
1274 4174 1381 4226 τῶν
1393 4167 1663 4228 Αἰθιόπων
1692 4174 1760 4227 δι’

185 4264 377 4339 ἐτέρας
408 4266 530 4321 ὁδοῦ
563 4268 684 4338 ἄγει
713 4266 1112 4340 τήν.στρατιὰν,
1143 4266 1240 4338 τῆς
1266 4265 1466 4319 ἀϐάτου
1523 4266 1619 4320 καὶ
1667 4265 1762 4337 θη-

188 4360 430 4431 ριοτόκου
491 4359 693 4432 (πᾶσαν
750 4360 858 4433 γὰρ
922 4358 1125 4432 θηρίων
1176 4358 1427 4430 ἐκτρέφει
1473 4358 1655 4430 φύσιν,
1686 4352 1761 4423 ὡς

1862 3160 1972 3214 quo
2002 3144 2216 3216 Moyses
2245 3152 2422 3201 morte
2446 3145 2814 3209 occumberet,
2861 3145 3137 3213 opinatus,
3163 3141 3430 3197 Thermus

1860 3237 1981 3291 thin
2007 3238 2237 3308 rogavit,
2271 3244 2331 3291 ut
2378 3238 2483 3293 sibi
2516 3236 2754 3309 Moysem
2786 3237 3087 3301 exhiberet,
3146 3236 3228 3292 sic
3280 3233 3429 3289 enim

1861 3340 1986 3383 eum
2025 3327 2219 3381 ducem
2274 3325 2626 3382 Hebraeorum
2685 3326 2928 3396 eligeret,
2962 3332 3020 3381 et
3066 3323 3428 3394 jurejurando

1860 3418 2254 3488 comprobavit,
2286 3434 2347 3474 se
2394 3418 2470 3472 illi
2519 3417 2721 3469 malum
2754 3415 2962 3469 nullum
3002 3414 3300 3477 illaturum,
3333 3409 3431 3468 sed

1860 3514 2076 3563 tantum
2119 3509 2400 3579 copiarum
2457 3506 2847 3562 Hebraicarum
2908 3504 3189 3559 ductorem
3222 3502 3433 3557 constit

1861 3614 2143 3662 tuturum:
2172 3601 2465 3657 meditatus
2515 3615 2643 3656 eum
2702 3597 2962 3654 facillimo
3006 3596 3244 3667 negotio,
3268 3594 3432 3667 quasi

1861 3693 2070 3749 militia
2096 3692 2289 3747 rudem
2308 3692 2378 3746 ab
2401 3691 2650 3746 hostibus
2676 3687 3008 3743 trucidatum
3042 3687 3131 3741 iri.

1933 3781 2284 3838 Thermuthis
2335 3782 2499 3852 patri,
2529 3779 2830 3850 scribisque
2871 3776 3230 3847 exprobrans,
3286 3765 3433 3846 quod

1860 3889 2024 3945 quem
2074 3874 2244 3930 veluti
2299 3873 2511 3929 hostem
2558 3869 2864 3926 interﬁcere
2907 3869 3255 3940 satagebant,
3283 3878 3433 3922 nunc

1859 3966 2026 4022 veluti
2095 3964 2399 4035 adjutorem
2444 3963 2852 4030 desiderarent,
2895 3960 3062 4016 tradit
3135 3960 3244 4016 illis
3280 3957 3433 4032 Mor

1858 4072 1996 4122 sem,
2023 4057 2118 4128 qui
2179 4057 2412 4128 propria:
2465 4053 2702 4111 nationis
2757 4052 2871 4108 dux
2929 4053 3158 4117 electus,
3214 4050 3432 4107 Ethio-

1858 4148 2020 4219 pibus
2049 4147 2261 4212 insciis,
2293 4147 2478 4217 copias
2534 4145 2683 4201 ducit
2745 4159 2843 4215 per
2879 4142 3042 4197 aliam
3072 4142 3214 4197 viam
3236 4182 3251 4207 ,
3280 4140 3436 4196 inac‘

1859 4255 2073 4297 cessam
2127 4240 2371 4308 scilicet,
2423 4239 2724 4309 bestiisque
2774 4234 3074 4300 infamem,
3135 4234 3231 4288 alit
3286 4233 3435 4289 enim

1859 4334 2159 4390 bestiarum
2188 4348 2349 4388 omne
2369 4347 2560 4403 genus,
2586 4330 2660 4384 ita
2691 4336 2749 4383 ut
2768 4326 3016 4399 quaedam
3050 4341 3117 4381 ex
3155 4325 3242 4380 bis
3266 4325 3436 4380 etiam

186 4416 322 4506 εἷναί
363 4416 509 4507 τιναὶ
533 4453 591 4507 ἐν
620 4416 774 4524 αὐτῇ.
794 4416 887 4505 καὶ
917 4416 1230 4523 πετόμενα),
1266 4416 1363 4506 ξωιὶ
1389 4416 1525 4522 πρές
1573 4416 1654 4504 τὸ,
1683 4416 1753 4521 μή

1864 4425 2078 4491 volent;
2110 4439 2180 4478 ne
2214 4424 2339 4493 quis
2368 4430 2547 4477 autem
2580 4435 2611 4474 a
2634 4420 2824 4475 bestiis
2865 4416 3184 4481 caederetur,
3235 4429 3438 4485 capsun

187 4543 515 4617 πλήττεσθαι
546 4536 650 4597 ὑπὸ
668 4536 777 4598 τῶν
803 4536 1008 4616 θηρίων
1040 4543 1183 4608 τινὰ,
1217 4543 1482 4607 κιϐωτοὺς
1523 4542 1761 4605 πλεκτὰς

188 4618 511 4700 προστάττει
542 4627 770 4689 ἕκαστον
802 4626 1158 4705 ἐπιφέρεσθαι
1191 4629 1350 4688 ἴϐεων
1396 4630 1761 4706 πεπληρωμέ-

187 4740 300 4789 νας·
334 4724 449 4778 ἐστι
503 4725 612 4798 γὰρ
659 4718 816 4780 τοῦτο
846 4720 907 4778 τδ
945 4723 1082 4791 ζῶον
1115 4717 1236 4787 ταῖς
1266 4716 1457 4778 ἀσπίσι
1485 4720 1758 4795 πολέμιον.

198 4815 283 4881 Ὧς
317 4811 411 4870 οὖν
441 4816 533 4871 τδν
582 4811 746 4871 τόπον
787 4813 991 4870 ἐκεῖνον
1020 4814 1289 4879 διώδευον,
1336 4814 1435 4877 τὰς
1463 4811 1612 4875 ίϐεας
1650 4815 1762 4877 τοῖς

189 4903 397 4979 θηρίοις
456 4906 765 4980 ἐπαφῆκαν,
803 4900 1028 4963 κάκεῖνα
1076 4906 1174 4978 τὴν
1205 4905 1390 4976 ἔφοδον
1433 4896 1636 4958 τούτων
1687 4904 1762 4975 μὴ

191 4996 574 5071 ὑπομείναντα,
624 4992 1005 5073 διεφθείροντο·
1036 5000 1130 5054 καὶ
1180 4987 1368 5052 τοῦτον
1423 4991 1515 5050 τὸν
1562 4996 1762 5068 τρόπον

189 5084 464 5154 διοδεύσας
515 5091 667 5160 ἄφνω
714 5089 1048 5162 προσπίπτει
1080 5087 1191 5153 τοῖς
1218 5086 1453 5157 Αἰθίοψι,
1488 5085 1582 5140 καὶ
1625 5086 1760 5139 πολὺ

190 5179 391 5252 πλῆθος
422 5174 600 5237 αὐτῶν
631 5180 1001 5252 κατασφάξας,
1042 5181 1168 5246 τοὺς
1205 5178 1424 5244 λοιποὺς
1454 5177 1534 5242 εἰς
1585 5177 1762 5250 φυγήν

190 5268 433 5343 ἔτρεψεν.

256 5363 320 5415 Ol
343 5358 400 5416 δὲ
428 5354 702 5427 Αἰθίοπες,
727 5355 878 5434 μόλις
904 5358 1063 5433 φόνον
1085 5364 1153 5434 τῇ
1183 5356 1329 5433 φυγῇ
1352 5348 1759 5430 διαδράσαντες,

190 5448 285 5522 τὴν
314 5444 469 5505 πόλιν
515 5450 664 5507 Σαϐὰ
706 5447 1232 5524 καταλαμϐάνουσιν.
1282 5447 1390 5503 Ἦν
1428 5449 1537 5521 γὰρ
1584 5446 1761 5501 αὐτῶν

191 5534 324 5614 αῦτη
392 5541 682 5613 βασίλειος,
739 5542 1075 5617 ὠχυρωμένη
1129 5538 1297 5614 τείχει
1353 5540 1605 5614 κρατερῷ
1666 5536 1762 5594 καὶ

192 5628 454 5700 χώμασιν,
488 5634 833 5705 ἀπρόσϐατος
857 5634 944 5688 διὰ
974 5633 1065 5688 τὸν
1095 5630 1284 5686 Νεῖλον
1322 5625 1533 5704 (ἐπειδὴ
1580 5630 1760 5683 πᾶσαν

193 5716 354 5775 αὐτὴν
382 5722 735 5796 περιτειχίζει
759 5722 837 5794 τῷ
872 5719 1149 5797 ῥεύματιγ
1176 5722 1364 5793 διόπερ
1397 5718 1489 5777 καὶ
1509 5717 1759 5774 δυσπολι-

1865 4517 1948 4572 las
1980 4516 2210 4586 plicatas
2242 4514 2419 4568 ibibus
2453 4513 2659 4582 plenas,
2692 4517 2753 4563 ut
2791 4508 3023 4579 quisque
3076 4520 3261 4561 secum
3312 4504 3436 4560 ades

1864 4616 1973 4673 rat,
1996 4608 2172 4679 jubet.
2203 4604 2300 4661 Est
2341 4605 2487 4660 enim
2538 4603 2643 4658 hoc
2674 4602 2875 4656 animal
2916 4599 3092 4669 aspidi
3137 4597 3433 4653 infensum.

1865 4700 2095 4768 Quando
2125 4699 2294 4771 igitur
2336 4712 2434 4768 per
2474 4695 2594 4751 loca
2641 4693 2734 4749 illa
2780 4688 3283 4762 proﬁciscebantur,
3317 4688 3437 4745 ibes

1867 4795 1925 4849 in
1977 4792 2181 4848 bestias
2231 4790 2577 4852 dimiserunt,
2618 4799 2738 4856 quae
2770 4799 2894 4839 cum
2944 4796 3132 4838 eorum
3175 4781 3436 4850 impetum

1866 4885 2012 4939 ferre
2040 4899 2151 4939 non
2181 4889 2424 4953 possent,
2470 4877 3041 4937 comsummabantur',
3093 4880 3148 4930 et
3188 4874 3291 4928 hac
3346 4887 3439 4928 τα·-

1865 4976 2013 5032 tione
2024 4984 2437 5046 pratergressus
2453 4973 2852 5042 inexspectatus
2868 4968 3152 5038 EthiOpes
3171 4966 3436 5036 adoritur,

1866 5068 2086 5139 illisque
2133 5081 2330 5139 magna
2383 5064 2537 5120 clade
2582 5063 2733 5118 illata
2782 5063 3022 5133 reliquos
3071 5076 3294 5118 aversos
3350 5061 3440 5117 fu-

1865 5163 2028 5234 gavit,

1940 5342 2245 5413 Ethiopes,
2286 5339 2413 5412 ftiga
2456 5338 2549 5394 vix
2596 5340 2770 5393 morte
2802 5335 3041 5407 repulsa,
3073 5333 3130 5389 in
3159 5332 3437 5389 civitatem

1868 5436 2009 5493 Saba
2040 5435 2391 5507 confugiunt;
2414 5433 2529 5487 hac
2555 5431 2700 5487 enim
2730 5436 2848 5485 erat
2868 5443 3055 5484 eorum
3077 5427 3225 5499 regia
3250 5426 3442 5484 maeni-

1865 5531 1969 5586 bus
2026 5526 2379 5583 validissimis
2428 5523 2825 5595 aggeribusque
2865 5526 3052 5590 septa,
3107 5526 3164 5574 et
3218 5527 3441 5590 propter

1865 5622 2045 5678 Nilum
2070 5621 2372 5684 inaccessa,
2407 5617 2627 5689 quando
2650 5628 2775 5671 eam
2804 5612 3166 5684 undequaque
3188 5612 3443 5667 circum-

1866 5716 2062 5785 ﬂuens,
2096 5728 2251 5787 seque
2294 5725 2360 5769 ac
2416 5722 2607 5767 murus
2635 5705 2936 5778 concludit,
2962 5719 3132 5777 quare
3170 5709 3230 5762 st
3268 5701 3441 5774 £314
